4170 6452
716 382 822 442 435

1967 385 2342 448 ΒΥΜΕΟΝΙΒ
2372 387 2516 448 JUN
2533 387 2736 448 [Ol-US

3870 389 3974 457 436

719 503 965 557 ‹·οιὶ5ἰὶἱὶδ
1003 503 1217 559 obviam
1256 507 1332 562 ire
1364 524 1430 562 ne
1465 509 1784 565 desinamus
1809 551 1824 575 ,
1860 509 1954 564 sed
2006 524 2106 580 pro
2149 504 2283 561 virili

2401 515 2575 572 tuum,
2609 518 2663 564 et
2696 511 3114 565 commissarum
3141 510 3236 565 tibi
3279 511 3460 566 ovium
3493 550 3507 575 ,
3545 512 3626 566 vel
3663 511 3848 581 potius
3880 527 3981 581 pa-

719 607 902 648 nostra
935 600 1178 667 appetitu
1213 603 1408 655 rationi
1445 604 1590 659 baud
1623 613 1998 659 consentanea
2029 617 2126 658 eos
2161 616 2289 670 pro-

717 687 905 742 bibere
924 703 1009 745 sm
1024 692 1271 759 deamus,
1291 705 1344 750 ut
1367 706 1418 753 et
1441 699 1584 766 ipsos
1607 698 1955 754 damnatione
1975 697 2288 762 liberemus,

715 789 769 834 et
808 798 910 838 nos
943 788 1108 841 vitam
1143 791 1479 846 securiorem
1511 791 1803 862 agitemus.

788 873 964 932 Porro
994 881 1085 951 qui
1121 883 1173 935 in
1201 892 1375 938 semet
1421 884 1713 955 diligenter
1761 887 2045 954 inquirens
2070 924 2085 949 ,
2137 883 2287 937 omni

713 969 900 1037 glorise
928 973 1204 1027 desiderio
1235 978 1498 1040 solutum,
1533 993 1632 1033 nec
1669 978 1834 1032 ullutu
1866 978 1920 1030 in
1954 992 2015 1031 se
2038 977 2289 1046 volupta-

713 1060 808 1125 ιῖε,
848 1072 940 1115 aut
1002 1079 1280 1134 corporea:
1329 1070 1644 1136 cuiriditatis
1689 1070 1979 1140 vestigium
2034 1069 2240 1124 invenit
2270 1106 2287 1131 ,

714 1154 1076 1224 avaritiaque,
1118 1167 1171 1212 ct
1222 1161 1603 1216 malevolentia
1650 1163 1719 1216 ob
1767 1162 1970 1216 illatam
2030 1160 2286 1229 injuriatn

710 1254 1027 1316 purgatum,
1059 1248 1300 1318 perfecte
1333 1262 1703 1316 mansuetum,
1738 1260 1789 1305 et
1815 1251 1976 1304 irasci
2011 1250 2284 1314 nescium,

710 1345 768 1386 ut
798 1338 913 1412 sola
947 1340 1252 1397 auditione
1285 1344 1525 1398 nominis
1559 1342 1765 1397 Christi
1816 1341 1934 1410 cjus
1982 1357 2171 1396 amore
2224 1354 2286 1393 ac

708 1429 990 1488 desiderio
1024 1434 1360 1488 accendatur
1388 1476 1401 1500 ,
1436 1442 1489 1489 et
1543 1434 1830 1504 oppleatur
1877 1435 2135 1505 lacrymis
2163 1473 2178 1496 ,
2233 1439 2288 1485 et

708 1524 935 1592 insuper
969 1524 1345 1592 proximorum
1387 1525 1502 1577 vice
1526 1523 1729 1592 lugeat,
1765 1522 2051 1591 alienaque
2084 1521 2285 1576 delicta

707 1630 806 1669 sua
840 1606 1073 1670 aestimet
1103 1657 1116 1680 ,
1152 1631 1215 1670 ac
1246 1631 1304 1669 se
1340 1616 1601 1684 majorem
1658 1614 1914 1669 omnibus
1944 1620 2286 1682 peccatorem

706 1725 772 1761 cx
809 1709 993 1761 animo
1036 1717 1269 1778 reputet,
1303 1725 1365 1761 ac
1397 1715 1694 1776 postremo,
1727 1708 1772 1762 si
1831 1707 2056 1761 uberem
2110 1705 2284 1762 sancti

709 1801 946 1870 Spiritus
979 1802 1232 1871 gratiam,
1269 1802 1401 1856 solis
1434 1801 1610 1854 instar
1654 1799 1708 1852 in
1757 1814 1816 1853 se
1857 1799 2152 1853 micantem
2185 1838 2201 1863 ,
2232 1805 2289 1853 et

2400 610 2546 658 trum
2587 611 2641 658 et
2673 603 2900 659 fratrum
2932 613 3150 660 tuorum
3198 606 3511 675 perspicere
3550 607 3755 675 poteris
3781 644 3796 667 .
3837 607 3981 660 bene

2400 696 2522 752 illos
2553 698 2965 760 internoscens,
3001 712 3063 752 ac
3114 712 3212 768 pro
3245 712 3311 752 eo
3343 707 3400 752 ιιι
3432 697 3590 751 decet
3637 696 3979 766 gubernans.

2400 787 2646 844 Ecclesia
2681 791 2851 857 enim,
2887 805 2981 844 seu
3012 799 3321 844 conventus
3355 799 3408 844 et
3451 790 3801 858 congregatio
3857 803 3978 843 mo-

2399 883 2701 937 nachorum
2729 898 2929 954 corpus
2949 883 3219 950 quoddam
3241 891 3347 948 est,
3375 892 3431 938 ut
3452 883 3610 937 audis
3637 897 3702 935 ex
3725 880 3896 935 Paulo
3915 882 3986 912 ³⁵⁶

2400 975 2466 1029 de
2498 975 2942 1031 Christianorum
2982 975 3226 1030 Ecclesia
3262 1016 3278 1040 ,
3313 985 3367 1030 et
3396 975 3514 1044 ejus
3540 983 3706 1043 caput
3768 989 3986 1043 praepo-

2398 1066 2562 1121 situs.
2602 1064 2721 1120 1am
2747 1066 3210 1136 quemadmodum
3245 1077 3442 1122 caetera
3469 1067 3714 1132 corporis
3736 1066 3984 1119 membra

2397 1160 2612 1230 singula
2638 1175 2888 1214 seorsum
2911 1175 3065 1214 suam
3089 1159 3366 1231 propriam
3392 1158 3728 1212 functionem
3757 1157 3982 1222 habent,

2397 1259 2456 1304 ut
2494 1267 2588 1321 pes
2621 1250 2970 1317 ambulandi,
3029 1265 3230 1305 manus
3283 1249 3504 1306 tenendi
3560 1256 3614 1304 et
3660 1249 3926 1315 operandi
3963 1287 3980 1311 ,

2396 1352 2559 1412 caput
2591 1353 2770 1398 autem
2803 1343 2974 1399 totius
3010 1344 3185 1397 instar
3213 1351 3318 1408 est,
3346 1349 3536 1412 utpote
3565 1341 3621 1396 in
3659 1355 3768 1408 quo
3787 1355 3984 1393 omnes

2394 1450 2614 1502 sensus,
2645 1446 2698 1490 et
2726 1452 2901 1500 mens,
2926 1445 2980 1489 et
3011 1435 3152 1489 ratio
3179 1434 3430 1488 habitant
3455 1451 3470 1500 ;
3505 1435 3588 1488 sic
3616 1442 3671 1487 et
3701 1433 3754 1485 in
3787 1446 3983 1484 mona-

2395 1527 2564 1582 sterio
2596 1527 2793 1581 fratres
2824 1541 2930 1581 non
2983 1541 3184 1581 omnes
3217 1526 3402 1580 omnia
3428 1565 3444 1590 ,
3495 1525 3591 1580 sed
3647 1525 3789 1578 alius
3837 1522 3983 1575 aliud

2393 1619 2654 1689 quiddam
2697 1618 2932 1685 efficere,
2961 1628 3013 1674 et
3041 1618 3097 1673 in
3131 1619 3235 1673 hoc
3262 1618 3348 1673 vel
3381 1619 3475 1673 illo
3506 1617 3828 1671 ministrare
3849 1629 3987 1666 eon-

2396 1711 2595 1766 suevit.
2626 1709 2782 1766 Unde
2814 1713 2866 1764 in
2896 1722 3040 1766 emtu
3075 1712 3179 1766 sub
3211 1709 3376 1764 unius
3423 1707 3736 1762 obedientia
3773 1705 3985 1771 degen-

2396 1804 2528 1858 tium
2554 1804 2642 1857 vix
2669 1819 2854 1868 unam,
2880 1813 2974 1858 aut
3004 1803 3144 1860 duas
3161 1804 3393 1858 virtutes
3416 1801 3468 1854 in
3489 1803 3683 1855 eodem
3707 1797 3983 1852 invenias.

709 1896 968 1948 mteriora
1013 1892 1199 1949 cordis
1248 1894 1367 1962 ejus
1412 1893 1785 1961 perticientem
1851 1892 2033 1957 viJet,
2087 1900 2142 1948 et
2193 1891 2286 1946 ubi
2322 1867 2364 1923 Β
2396 1888 2506 1944 Nec
2573 1891 2817 1957 mirum,
2883 1893 3128 1947 membra
3186 1892 3331 1946 enim
3384 1888 3750 1960 particulatim
3802 1894 3982 1949 sunt;

707 1986 1035 2040 miraculum
1075 1987 1126 2039 in
1158 2001 1216 2040 se
1241 1985 1531 2039 manifeste
1549 1985 1852 2054 perpetrari
1877 1983 2284 2046 animadvertit,

705 2089 764 2132 ut
794 2078 982 2132 ardeat
1017 2077 1239 2147 quidem
1289 2077 1343 2130 in
1399 2093 1465 2132 eo
1494 2119 1508 2144 ,
1563 2075 1708 2147 quod
1755 2077 1863 2146 igni
1916 2076 2284 2131 iuaccessibili

706 2172 948 2237 uniatur,
981 2185 1087 2225 non
1117 2179 1299 2225 autem
1330 2170 1721 2235 eom‘auratur,
1754 2170 1809 2223 in
1838 2184 1901 2223 eo
1934 2207 1951 2233 ,
1980 2168 2126 2240 quod
2164 2169 2284 2238 ejus

703 2265 883 2317 anima
913 2263 1060 2317 onmi
1097 2263 1313 2317 turbido
1350 2272 1500 2316 motu
1534 2271 1687 2315 vacet
1727 2279 1740 2315 :
1769 2271 2028 2331 praeterea
2058 2301 2075 2328 ,
2123 2262 2168 2316 si
2203 2262 2283 2315 sic

706 2355 1049 2422 muniliatur,
1089 2362 1149 2409 ut
1178 2370 1236 2409 se
1266 2354 1412 2408 haud
1447 2354 1727 2419 idoneum,
1753 2362 1808 2407 et
1839 2353 2145 2424 indignum,
2181 2352 2282 2405 hu-

705 2459 879 2498 man-.c
916 2453 1130 2498 naturae
1157 2445 1528 2497 infirmitatem
1555 2443 1739 2498 sciens
1769 2481 1783 2504 ,
1810 2441 2130 2505 arbitretur,
2166 2439 2285 2494 fidit

703 2555 831 2593 vero
862 2553 1113 2606 superna:
1149 2536 1357 2603 gratiae,
1397 2547 1449 2590 et
1479 2536 1797 2607 aptitudini,
1829 2549 1994 2603 quam
2047 2535 2139 2588 illa
2174 2535 2284 2589 lar-

704 2633 891 2699 gitur,
933 2639 981 2684 et
1042 2630 1229 2684 eadem
1280 2633 1352 2682 ita
1409 2628 1723 2697 postulante
1775 2642 1973 2682 munus
2025 2626 2283 2680 alacriter

703 2723 960 2790 capessit,
991 2737 1205 2777 omnem
1238 2721 1532 2775 humanam
1588 2718 2061 2773 ratiocinationem
2091 2718 2279 2786 repel-

705 2815 844 2878 lens,
878 2814 1226 2881 animamque
1252 2815 1425 2880 ipsam
1461 2819 1682 2881 propter
1708 2810 1881 2864 solum
1916 2809 2007 2863 Dei
2049 2809 2281 2862 manda-

705 2905 1305 2972 tum,charitatemque
1351 2904 1584 2972 proximi
1637 2918 1734 2973 pro
1794 2903 2058 2956 fratribus
2115 2900 2279 2955 morti

704 2997 942 3066 objectat
972 3015 985 3052 :
1019 2997 1065 3050 si
1101 2997 1328 3066 insuper
1361 3003 1596 3051 mentem
1634 3011 1779 3050 omni
1814 2995 2090 3048 mundana
2126 2993 2280 3063 cogi-

704 3091 909 3143 tatione
943 3089 1241 3142 immunem
1274 3088 1475 3153 habet,
1510 3098 1561 3141 et
1598 3088 1779 3143 lucida
1831 3088 2156 3142 humilitatis
2191 3095 2279 3140 tu—

705 3181 825 3232 nica
862 3188 1152 3248 coopertus
1194 3189 1316 3244 est,
1372 3188 1430 3232 ut
1477 3194 1607 3247 erga
1654 3181 1934 3250 adjutores
1993 3196 2124 3236 suos
2175 3194 2275 3233 nec

705 3273 918 3326 modice
954 3272 1212 3326 afficiatur
1238 3311 1254 3334 ,
1285 3272 1376 3326 sed
1415 3273 1528 3342 pari
1568 3274 1811 3328 bonitate
1839 3315 1854 3337 ,
1900 3273 2140 3328 candore
2163 3314 2179 3340 ,
2225 3283 2279 3329 et

706 3366 1016 3418 innocentia
1049 3365 1234 3419 cordis
1267 3365 1352 3420 sui
1385 3366 1438 3418 in
1461 3381 1653 3421 omnes
1678 3375 1798 3434 est;
1821 3377 2040 3421 netunc
2064 3369 2284 3437 quidem

703 3457 841 3511 citra
879 3459 1051 3526 patris
1091 3458 1176 3513 sui
1210 3459 1497 3513 consilium
1545 3475 1608 3513 ac
1665 3461 2005 3514 voluntatem
2055 3462 2284 3530 provin-

703 3549 843 3602 ciam
879 3550 1162 3618 suscipere
1197 3551 1395 3604 audeat
1432 3570 1443 3603 :
1484 3552 1578 3605 sed
1604 3551 1852 3605 humiliet
1879 3569 1960 3614 se,
1979 3561 2031 3606 et
2053 3567 2122 3606 eo
2147 3554 2285 3606 bene

705 3648 964 3707 precante
988 3640 1324 3710 juheuteque
1356 3642 1410 3696 id
1442 3641 1632 3706 faciat,
1672 3642 2176 3714 pttefecturamque
2212 3645 2284 3698 ob

704 3735 876 3786 solam
909 3734 1140 3786 fratrum
1173 3733 1408 3787 salutem
1447 3736 1704 3804 accipiat.
1740 3733 1939 3789 Verum
1974 3737 2018 3789 si
2071 3746 2284 3805 patrem

705 3842 861 3877 suum
897 3826 1239 3892 spiritttalem
1283 3824 1530 3891 ejusdem
1564 3827 1791 3896 spiritus
1825 3827 2147 3896 participem
2177 3868 2194 3892 ,
2229 3835 2285 3882 et

705 3917 896 3970 eadem
929 3917 1243 3985 cOgnitione
1275 3932 1339 3970 ac
1371 3918 1515 3972 dono
1543 3917 1825 3987 dignatum
1859 3919 2048 3984 novit,
2084 3929 2142 3972 ut
2175 3934 2284 3975 non

706 4009 905 4062 divina:
932 4008 1200 4063 voluntati
1233 4011 1514 4064 contraria
1541 4050 1556 4075 ,
1608 4011 1703 4064 sed
1754 4010 2055 4065 secundum
2102 4013 2283 4081 ipsum

707 4102 909 4154 donum
941 4109 994 4154 et
1025 4116 1343 4156 mensuram
1378 4103 1634 4172 loquatur
1660 4102 1731 4168 ei,
1757 4119 1879 4173 quae
1903 4102 2016 4158 Deo
2046 4106 2282 4173 placent,

707 4202 759 4245 ct
784 4193 902 4262 ejus
936 4194 1133 4247 animat
1166 4194 1497 4257 conducant,
1527 4210 1637 4264 quo
1665 4211 1774 4250 non
1800 4196 1931 4262 Deo,
1953 4197 2047 4252 sed
2073 4197 2283 4250 homini

709 4284 971 4338 obediens
1003 4285 1334 4350 inveniatur,
1373 4293 1426 4338 et
1454 4285 1624 4355 gloria
1668 4286 1978 4356 collatoque
2008 4286 2111 4341 sibi
2137 4288 2286 4341 done

707 4384 955 4430 eruatur.
994 4375 1050 4430 Si
1077 4377 1220 4430 enim
1253 4378 1558 4445 adjutoretn
1602 4380 1835 4443 bonum,
1857 4389 1910 4432 et
1939 4380 2284 4448 spiritualem

708 4466 1079 4520 consiliarium
1118 4467 1410 4530 invenerit,
1453 4467 1623 4520 tutius
1674 4468 1814 4520 istuc
1865 4484 2066 4521 munus
2102 4470 2284 4537 auspi-

2395 1998 2602 2054 praases
2649 1996 2829 2040 autem
2868 2025 2884 2050 ,
2944 1987 3061 2041 sive
3113 1984 3443 2056 praepositus
3508 1996 3700 2037 omnes
3748 1979 3984 2033 virtutes

2393 2078 2676 2149 poscitur;
2719 2093 2818 2133 nec
2850 2079 3024 2133 solum
3055 2079 3179 2133 illas
3207 2094 3332 2148 qua:
3361 2080 3416 2131 in
3448 2075 3653 2137 anima,
3685 2073 3777 2128 sed
3812 2072 3982 2126 etiam

2393 2185 2516 2240 qua:
2547 2171 2601 2225 in
2631 2185 2862 2242 corpore
2895 2170 3268 2242 subjiciuntur
3295 2187 3310 2222 :
3352 2179 3406 2224 et
3435 2172 3660 2236 insuper
3692 2181 3817 2220 cum
3867 2164 3986 2216 vir-

2392 2262 2603 2317 tutibus
2627 2264 2745 2333 ipsa
2781 2263 3034 2332 mystica,
3066 2275 3373 2330 magnaque
3420 2259 3771 2314 charismata.
3823 2255 3983 2310 Sicut

2393 2368 2630 2423 namque
2662 2354 2769 2410 viri
2804 2362 2991 2424 caput,
3030 2353 3099 2408 ab
3133 2362 3357 2408 externa
3389 2349 3829 2406 conformatione
3859 2387 3872 2410 ,
3927 2357 3984 2402 et

2391 2446 2588 2502 decora
2646 2447 2830 2516 specie
2879 2446 3176 2510 eximiam,
3228 2445 3437 2498 honore
3489 2442 3708 2512 dignam
3758 2439 3984 2508 praefert

2389 2539 2714 2608 elegantiam
2747 2554 2760 2590 :
2798 2548 3174 2592 verumtamen
3205 2537 3309 2592 nisi
3346 2550 3499 2590 tuens
3534 2534 3588 2588 in
3637 2548 3702 2588 eo
3747 2533 3927 2601 vigeat
3965 2570 3980 2593 ,

2390 2649 2699 2702 sensusque
2760 2632 2984 2696 salvos,
3058 2643 3112 2684 et
3161 2632 3403 2700 integros
3483 2630 3726 2692 habeat,
3782 2625 3982 2678 inutile

2385 2727 2687 2795 judicatur,
2720 2724 3108 2794 sperniturque
3143 2723 3212 2776 ab
3258 2720 3570 2775 omnibus:
3624 2720 3698 2773 ita
3745 2730 3878 2771 sane
3928 2723 3984 2768 et

2391 2818 2704 2889 praefectus.
2740 2815 2860 2870 Non
2900 2815 3046 2870 enim
3085 2811 3462 2868 tantummodo
3511 2813 3579 2864 ab
3625 2808 3822 2862 anima
3927 2813 3983 2857 et

2388 2910 2639 2979 corporis
2671 2908 2893 2962 dotibus
2923 2905 3108 2960 ornari
3193 2913 3249 2958 et
3298 2903 3505 2971 fulgere
3533 2938 3548 2966 ,
3587 2912 3774 2953 verum
3809 2897 3979 2950 etiam

2389 3016 2418 3054 a
2446 2999 2797 3056 ebarismatis
2831 2996 3217 3068 spiritualibus
3254 2993 3379 3064 plus
3419 2990 3698 3046 honestari
3754 2987 3921 3041 debet
3963 3003 3978 3039 :

2389 3091 2660 3161 siquidem
2723 3088 2871 3143 aliud
2935 3095 3022 3143 est
3077 3086 3301 3148 virtus,
3353 3093 3406 3138 et
3472 3081 3620 3136 aliud
3674 3079 3980 3135 charisma.

2391 3182 2698 3238 Virtutibus
2733 3181 2878 3234 enim
2910 3178 3095 3234 studio
3146 3191 3211 3231 ac
3266 3176 3542 3243 diligentia
3587 3185 3774 3228 nostra
3832 3180 3984 3224 recte

2395 3276 2673 3343 fungimur
2699 3319 2710 3339 ,
2738 3281 2792 3325 ct
2824 3271 3032 3325 nostris
3063 3283 3141 3323 ea:
3193 3268 3476 3321 laboribus
3533 3273 3934 3333 comparantur
3967 3278 3981 3315 :

2389 3367 2695 3437 spiritualia
2727 3380 2857 3418 vero
2893 3363 3226 3418 charismata
3266 3363 3406 3413 dona
3458 3367 3625 3420 sunt,
3676 3372 3801 3426 quae
3857 3369 3984 3408 ecr-

2389 3459 2634 3512 tantibus
2661 3472 2690 3509 a
2737 3454 2846 3510 Deo
2885 3454 3108 3508 dantur.
3146 3449 3307 3505 Verbi
3338 3465 3531 3513 causa,
3560 3449 3831 3516 jejunium
3874 3487 3889 3506 ,
3927 3454 3983 3499 et

2387 3553 2620 3606 castitas
2673 3551 2901 3603 virtutes
2948 3558 3069 3602 sunt
3101 3587 3116 3606 .
3179 3544 3452 3599 marcidas
3504 3541 3706 3596 etenim
3741 3539 3985 3593 reddunt

2387 3644 2718 3711 voluptates,
2752 3650 2805 3694 et
2831 3642 3084 3709 corporis
3126 3637 3382 3692 incendia
3416 3639 3770 3702 compescunt
3804 3647 3818 3684 :
3859 3645 3980 3697 quas

2387 3731 2609 3804 quidem
2644 3742 2845 3786 nostra:
2877 3729 3172 3784 voluntatis
3220 3733 3274 3783 et
3337 3723 3550 3780 arbitrii
3607 3736 3774 3791 opera
3827 3729 3982 3774 sunt.

2389 3827 2456 3880 At
2489 3841 2617 3880 vero
2651 3827 2770 3879 sine
2811 3823 3129 3886 afﬂictione,
3163 3837 3224 3874 ac
3280 3819 3469 3874 labore
3526 3817 3625 3870 has
3669 3829 3936 3870 exercere
3961 3853 3976 3878 ,

2386 3929 2441 3976 et
2469 3919 2534 3972 ad
2566 3918 2972 3979 castimoniam,
3023 3916 3448 3980 absolutamque
3493 3908 3978 3979 perturbationum

2387 4012 2717 4067 vacuitatem
2749 4010 3058 4080 pervenire,
3094 4008 3197 4060 hoc
3221 4007 3425 4060 donum
3461 4003 3575 4068 Dei,
3606 4013 3658 4057 et
3690 4000 3976 4056 charisma

2389 4115 2662 4157 summum
2705 4110 2812 4159 est.
2841 4099 3100 4164 Rursum,
3137 4098 3250 4161 iraa,
3284 4105 3337 4151 et
3362 4093 3842 4150 excandescentia
3866 4092 3977 4145 im—

2389 4212 2602 4267 perare,
2631 4195 2812 4265 magni
2844 4192 3169 4248 certaminis
3193 4201 3276 4244 est
3302 4230 3316 4252 ,
3353 4187 3666 4256 laborisque
3716 4202 3826 4240 non
3861 4202 3980 4240 me-

2388 4287 2616 4343 diocris.
2661 4286 2737 4340 Eo
2767 4296 2948 4340 autem
2983 4285 3189 4347 venire,
3223 4295 3280 4337 ιιι
3311 4286 3378 4337 ab
3403 4284 3487 4336 his
3517 4288 3724 4335 motum
3755 4280 3970 4332 nullum

2390 4380 2596 4436 sentias
2622 4417 2637 4443 ,
2662 4387 2716 4430 et
2779 4375 2962 4429 cordis
3019 4372 3470 4441 tranquillitatem
3494 4407 3509 4431 ,
3561 4365 3980 4436 perfectamque

2390 4470 2872 4525 mansuetudinem
2930 4465 3257 4536 possideas,
3308 4462 3484 4516 solius
3538 4459 3633 4512 Dei
3684 4472 3869 4526 opus,
3925 4462 3979 4509 et

706 4556 1013 4618 cabitur,et
1039 4554 1300 4607 humilius
1322 4554 1389 4608 de
1412 4569 1468 4608 se
1491 4555 1711 4610 sentiet.
1736 4553 1862 4608 Haec
1887 4555 2073 4624 itaque
2096 4555 2281 4608 omnia
2313 4556 2358 4612 D
2390 4565 2540 4618 illius
2569 4563 2775 4616 dextra:
2818 4560 3049 4613 mutatio
3076 4568 3158 4611 est
3199 4557 3266 4610 ³⁸.
3326 4552 3566 4606 Rursum
3596 4592 3610 4615 ,
3660 4550 3981 4618 dispergere

707 4663 756 4700 et
788 4648 872 4702 bis
907 4648 1058 4715 plura
1096 4648 1142 4700 si
1177 4646 1368 4700 videns
1399 4646 1620 4713 viderit,
1668 4662 1795 4700 vere
1824 4648 2083 4709 inveniet,
2107 4654 2162 4700 et
2188 4661 2284 4715 per

707 4741 948 4809 seipsum
988 4747 1301 4806 cognoscet,
1328 4738 1438 4792 imo
1471 4753 1600 4792 vero
1626 4753 1654 4790 a
1687 4736 1813 4792 Sole
1831 4739 2059 4807 iustitiae
2079 4739 2279 4803 discet,

705 4837 748 4884 si
789 4838 924 4884 Ione
953 4833 1114 4884 etiam
1146 4830 1198 4882 in
1233 4831 1401 4884 solem
1436 4830 1729 4900 aliquando
1767 4829 1962 4886 oculos
2019 4831 2278 4886 intendit.

706 4925 860 4990 Quod
889 4926 933 4979 si
985 4941 1105 4994 quae
1155 4932 1530 4993 praetexuntur
1578 4926 1708 4979 talia
1756 4935 1812 4978 et
1875 4933 1987 4977 tam
2038 4923 2282 4978 difﬁcilia

704 5028 855 5081 sunt,
891 5033 990 5071 nec
1025 5017 1184 5072 facile
1212 5027 1297 5072 est
1328 5017 1651 5086 intelligere,
1677 5016 1958 5086 quomodo
1975 5016 2280 5072 secundum

704 5111 874 5164 Deum
914 5110 1067 5175 fiant,
1102 5119 1305 5178 quanto
1326 5108 1545 5162 tandem
1567 5109 1850 5177 operosior
1878 5109 1982 5161 erit
2003 5109 2080 5162 rei
2107 5109 2281 5178 ipsius

705 5203 1006 5273 aggressio,
1043 5214 1096 5256 et
1123 5202 1550 5266 administratio,
1573 5211 1627 5256 et
1657 5202 1724 5255 ad
1752 5202 2085 5257 tentationes
2113 5200 2282 5257 suffe-

705 5296 900 5348 rendas
931 5293 1210 5361 patientia,
1230 5295 1358 5348 etin
1386 5293 1543 5349 bellis
1561 5294 1871 5349 istiusmodi
1910 5294 2281 5350 subtilissima

705 5387 1052 5455 dijudicalio.

776 5481 980 5546 Quare,
1019 5490 1173 5550 pater
1211 5481 1515 5551 spiritualis
1549 5481 1716 5534 etiam
1757 5489 1923 5549 atque
1969 5482 2135 5533 etiam
2188 5496 2283 5535 cor

706 5582 858 5626 tuum
886 5574 1154 5642 inspecta,
1176 5576 1394 5628 oculum
1418 5575 1581 5629 animi
1608 5575 1686 5627 tui
1711 5575 1883 5644 magis
1906 5589 2120 5642 semper
2143 5575 2283 5634 lava,

714 5683 1016 5738 puramque
1052 5675 1105 5720 et
1133 5670 1394 5722 mundum
1424 5683 1688 5722 conserva
1717 5708 1728 5729 ,
1762 5683 1858 5736 per
1906 5684 2069 5736 quem
2103 5675 2156 5720 et
2194 5682 2287 5720 cor

801 5850 863 5882 ’δ’
915 5848 1072 5904 Rom.
1141 5867 1238 5908 xu.
1281 5851 1308 5905 -i
1343 5867 1498 5912 sequ.
1576 5851 1617 5881 ³⁸
1656 5848 1798 5904 Psal.
1839 5863 2017 5912 Luxt,
2059 5849 2134 5902 ll.

2394 4671 2456 4710 ac
2483 4655 2815 4710 distribuere
2846 4652 3136 4706 facultates
3169 4662 3361 4703 omnes
3415 4644 3754 4715 pauperibus
3779 4684 3794 4708 ,
3829 4657 3982 4696 men-

2393 4751 2686 4818 dieumque
2717 4747 2854 4808 fieri,
2887 4755 2941 4799 et
2976 4746 3172 4812 stipem
3222 4755 3416 4811 cogere
3444 4778 3460 4802 ,
3486 4737 3660 4791 nostri
3713 4747 3799 4790 est
3853 4749 3982 4802 pro~

2394 4844 2555 4913 positi
2624 4851 2789 4910 atque
2829 4837 3067 4892 consilii.
3104 4834 3212 4889 Sed
3247 4832 3382 4887 nihil
3402 4829 3818 4898 concupiscere,
3847 4828 3978 4892 quin

2392 4952 2516 4991 cum
2570 4933 2772 5002 gaudio
2827 4939 2881 4984 et
2939 4929 3220 4997 voluptate
3266 4923 3639 4978 mendicitatis
3679 4919 3979 4973 durissima

2392 5025 2632 5098 perferre
2670 5021 3033 5083 incommoda,
3065 5018 3292 5087 mystica
3336 5013 3584 5085 quaedam
3619 5051 3635 5074 ,
3688 5019 3744 5065 et
3791 5011 3977 5063 divina

2391 5118 2636 5187 operatio
2660 5123 2763 5170 est.
2806 5112 2896 5166 Sic
2926 5111 3180 5181 qurelibet
3213 5107 3358 5162 actio
3406 5107 3549 5160 bona
3597 5109 3652 5157 et
3705 5103 3935 5156 honesta
3962 5139 3978 5163 ,

2393 5210 2697 5266 secundum
2735 5207 2826 5262 Dei
2863 5206 3034 5274 legem
3071 5210 3352 5271 suscepta,
3391 5198 3566 5251 virtus
3609 5194 3838 5249 dicitur.
3871 5192 3980 5246 Ta-

2394 5319 2517 5358 men
2585 5303 2730 5358 sicut
2777 5298 3018 5368 agricola
3077 5295 3254 5350 solum
3304 5291 3534 5355 arando,
3566 5286 3869 5347 fodiendo.
3923 5295 3978 5340 et

2395 5394 2602 5448 semina
2640 5392 2809 5445 humo
2840 5387 3125 5444 obruendo
3160 5384 3394 5446 laborat,
3425 5381 3520 5436 Dei
3560 5389 3744 5432 autem
3777 5389 3978 5429 munus

2393 5494 2499 5550 est,
2534 5494 2592 5537 ut
2621 5483 2809 5537 eadem
2842 5481 3050 5536 semina
3079 5473 3588 5547 comprehendant,
3636 5478 3690 5522 et
3733 5467 3975 5521 fructum

2394 5574 2572 5628 ferant
2607 5572 2936 5626 matutinum
2965 5583 3029 5622 ac
3061 5566 3412 5621 serotinum;
3479 5561 3553 5613 ita
3615 5570 3667 5608 ct
3719 5557 3772 5608 in
3824 5557 3978 5624 spui-

2395 5666 2634 5720 tua'tibus
2664 5664 2884 5717 omnino
2915 5659 3212 5715 usuvenire
3242 5652 3570 5725 comperies.
3603 5647 3868 5704 Nostrum
3898 5654 3978 5698 est
