4170 6452
225 409 330 471 437

1530 402 1821 466 ORATIO
1860 402 2068 466 XXIV.

3372 404 3482 471 438

226 523 436 577 nullam
474 519 754 576 actionem
774 518 1186 590 subterfugere,
1235 527 1289 575 et
1341 535 1464 574 cum
1504 520 1689 574 labore
1747 533 1809 569 at:
1841 516 1884 573 Α
1916 521 2189 588 perfectos
2229 521 2482 586 reddens,
2516 524 2718 579 uemiui
2755 525 2806 578 iu
2843 524 2950 578 ullo
2994 524 3251 578 cedentes
3286 566 3297 583 .
3340 537 3481 584 totos

226 617 433 671 sudore
467 616 731 668 virtutum
769 624 1068 670 sementem
1108 614 1288 670 facere
1319 632 1331 668 :
1380 614 1473 668 Dei
1497 614 1670 669 solius
1710 613 1810 666 do-

227 723 361 762 num
395 718 452 763 et
488 709 858 764 misericordia
893 717 951 762 ut
979 709 1151 764 imber
1185 723 1402 779 quoque
1455 707 1809 777 benignitatis

224 802 371 868 ejus,
405 810 460 854 et
488 802 674 868 gratia:
705 811 905 856 terram
942 802 1192 856 cordium
1221 810 1533 856 nostrorum
1593 800 1804 869 irriget,

224 900 277 945 et
312 907 384 945 ex
430 893 600 948 sterili
663 894 980 962 frugiferam
1047 893 1288 949 efficiat:
1343 903 1401 947 ιιι
1465 893 1509 948 si
1577 906 1805 961 granum

224 986 524 1044 sermonis,
553 987 696 1054 quod
730 987 781 1039 in
812 986 1023 1040 animas
1055 994 1272 1040 nostras
1318 984 1555 1047 cecidit,
1607 984 1807 1037 divinae

223 1075 533 1129 clementiae
593 1078 879 1132 humorem
947 1081 1260 1150 acceperit,
1321 1079 1579 1141 oriatur,
1643 1088 1806 1147 atque

224 1179 511 1231 augescat,
549 1178 602 1221 et
650 1169 704 1222 in
742 1171 993 1225 arborem
1052 1187 1334 1241 proceram
1385 1177 1698 1232 excrescat,
1751 1170 1802 1224 in

218 1258 437 1311 virilem
507 1260 762 1315 videlicet
810 1261 1204 1331 perfectionem
1280 1279 1551 1319 mensura:
1624 1263 1803 1318 aetatis

219 1352 581 1419 plenitudinis
612 1353 823 1410 Christi
864 1357 931 1410 ³⁷.

289 1442 370 1495 Te
405 1445 572 1512 igitur
606 1459 884 1515 pastorem
914 1450 1098 1504 ovium
1141 1449 1346 1506 Christi
1392 1451 1541 1505 omni
1575 1452 1801 1517 virtute,

217 1545 274 1589 ut
308 1537 574 1599 diximus,
607 1556 712 1609 qua
736 1542 985 1610 spiritus,
1017 1559 1125 1613 qua
1157 1546 1406 1614 corporis
1440 1545 1800 1614 conspicuum

218 1646 344 1685 csse
401 1641 662 1700 oportet,
722 1644 779 1687 ut
840 1645 1003 1704 caput
1061 1637 1258 1704 reliqui
1324 1639 1620 1708 corporis;
1683 1638 1802 1708 ejus

214 1737 416 1790 nempe
450 1740 570 1790 quae
603 1725 701 1777 tibi
733 1727 928 1780 subest
963 1726 1282 1783 Israelitica:
1319 1729 1583 1786 Ecclesiae
1615 1748 1627 1784 :
1692 1745 1803 1799 quo

214 1817 418 1869 fratres
458 1826 716 1888 tauquam
748 1820 801 1872 in
836 1821 1198 1892 archetypum
1229 1824 1491 1878 bonitatis
1529 1825 1582 1880 in
1632 1835 1683 1879 te
1721 1825 1803 1877 in-

215 1912 462 1967 tuentes,
497 1908 599 1974 ipsi
629 1923 850 1978 quoque
879 1910 1076 1974 bonos,
1111 1927 1173 1965 ac
1207 1914 1418 1984 regales
1449 1915 1800 1970 characteres

209 2012 379 2065 quam
421 2001 654 2053 maxime
686 2002 907 2057 sibimet
967 2004 1304 2072 insculpant.
1358 2005 1434 2062 Ne
1485 2023 1616 2078 ergo
1666 2009 1799 2063 tuba

209 2107 477 2147 resonare
510 2095 561 2147 in
599 2105 651 2149 te
687 2113 929 2164 unquam
961 2098 1182 2152 desinat
1222 2116 1237 2154 :
1289 2101 1382 2154 sed
1425 2101 1546 2155 aliis
1578 2103 1795 2172 quidem

208 2197 501 2238 venturam
541 2203 707 2254 super
747 2189 1148 2258 inobedientes,
1184 2203 1235 2248 et
1261 2194 1581 2263 prmfractos
1610 2197 1798 2251 rhom-

207 2280 423 2346 pbeam
468 2285 770 2347 praenuntia
818 2301 830 2336 :
877 2286 1008 2340 utsi
1054 2288 1148 2340 tibi
1200 2305 1308 2343 non
1353 2289 1797 2360 obtemperetur,

210 2382 363 2423 tuam
402 2372 597 2424 saltem
641 2387 669 2427 a
721 2374 955 2429 terribili
1006 2375 1088 2430 ira
1144 2377 1235 2432 Dei
1290 2395 1476 2436 serves
1530 2383 1795 2439 animam.

207 2461 365 2515 Alios
395 2471 578 2517 autem
607 2466 862 2532 admone,
894 2468 1053 2533 doce,
1089 2485 1241 2539 roga.
1280 2471 1334 2524 Si
1376 2475 1469 2540 qui
1519 2474 1793 2531 interdum

207 2556 742 2623 reprehensionibus
808 2568 863 2615 et
894 2561 1376 2630 objurgationibus
1404 2577 1624 2632 egeant,
1652 2569 1795 2624 insta

205 2657 521 2715 opportune
550 2690 568 2714 ,
612 2651 928 2718 importune
956 2695 970 2718 ,
1015 2669 1184 2724 argue
1207 2696 1222 2719 ,
1265 2658 1486 2725 increpa
1517 2700 1531 2722 ,
1563 2671 1797 2718 conatus

204 2757 401 2796 eorum
435 2744 500 2796 ad
534 2745 735 2797 malum
773 2749 1096 2815 comprime,
1127 2757 1184 2803 ut
1210 2750 1303 2804 tibi
1329 2755 1547 2805 mandat
1575 2754 1796 2810 divinus

207 2835 514 2902 Apostolus
553 2837 618 2891 ³⁸.
647 2836 868 2891 Viscera
921 2848 1014 2894 tua
1060 2842 1322 2898 omnibus
1376 2845 1640 2900 fratribus
1687 2849 1794 2902 tuis

201 2928 499 2993 aequaliter
529 2929 701 2996 aperi,
733 2938 1020 3000 totumque
1048 2933 1338 3002 collegium
1368 2935 1532 3003 dilige
1557 2977 1571 2998 ,
1604 2947 1658 2990 et
1691 2937 1794 2990 hov-

205 3036 398 3072 norem
435 3023 639 3089 cuique
671 3037 770 3090 pro
806 3021 1075 3092 dignitate
1110 3025 1398 3094 (quantum
1437 3028 1650 3081 scilicet
1675 3028 1794 3096 ejus

202 3118 385 3169 virtus
415 3118 680 3180 meretur)
721 3117 924 3182 tribue,
957 3119 1228 3187 Spiriluali
1288 3135 1350 3173 ac
1393 3120 1596 3174 virtute
1654 3138 1794 3189 pra:-

1912 625 2118 679 castos,
2158 625 2211 671 et
2240 631 2268 670 a
2301 617 2536 673 sordidis
2591 619 2850 687 operibus
2893 634 3059 686 puros
3116 617 3336 672 Christo
3389 630 3480 671 tuo

1913 710 2189 776 offerens;
2223 719 2379 778 teque
2411 713 2587 776 ipsum
2642 713 2854 781 magnis
2901 721 2952 765 et
3018 711 3335 766 cmlestibus
3397 729 3482 766 re-

1912 803 2384 857 mttnerationibus
2413 804 2637 872 dignum
2684 803 2969 871 prmstahis
2998 843 3013 866 ,
3065 804 3481 858 contubernalis

1911 896 2283 964 apostolorum
2318 905 2372 948 et
2418 905 2695 962 pastorum
2743 896 2943 949 Christi
2997 895 3172 949 factus
3208 937 3220 960 ,
3266 905 3318 949 ct
3373 912 3479 946 una

1909 1003 2035 1043 cum
2069 989 2188 1055 ipso
2217 988 2309 1043 Dei
2353 987 2492 1042 Filio
2532 990 2585 1043 in
2621 991 2833 1044 infinita
2877 989 3072 1043 srecula
3127 1002 3480 1057 regnaturus.

1982 1081 2107 1136 Vita
2157 1089 2248 1134 tua
2312 1082 2635 1149 inculpata,
2703 1091 2756 1136 et
2802 1092 2950 1136 recta
3009 1084 3060 1135 in
3140 1082 3320 1135 medio
3375 1082 3484 1133 [ηις

1908 1183 2095 1240 trum,
2157 1189 2220 1228 ac
2277 1185 2490 1243 patrum
2561 1182 2780 1228 tuorum
2839 1188 2939 1243 pro
2998 1189 3208 1228 canone
3261 1191 3357 1230 seu
3391 1191 3481 1227 re-

1908 1269 2032 1339 gula
2092 1276 2210 1322 esto
2261 1268 2539 1337 proposita
2578 1308 2593 1334 ,
2660 1268 2728 1322 ad
2805 1284 2966 1337 quam
3040 1268 3273 1322 aliorum
3342 1269 3479 1321 obli-

1905 1361 2188 1430 quitates,
2252 1359 2742 1430 tortuositatesque
2787 1360 3118 1429 dirigantur.
3177 1359 3255 1414 Ne
3321 1361 3480 1414 vaui-

1909 1460 2080 1506 tatum
2115 1452 2301 1505 mundi
2331 1453 2406 1507 sis
2436 1465 2628 1505 amans
2660 1492 2673 1511 ,
2705 1466 2773 1505 ne
2800 1451 2984 1520 gloriae
3008 1492 3022 1513 ,
3049 1467 3117 1506 ne
3149 1451 3334 1521 volupt
3356 1453 3442 1505 :tis
3462 1494 3477 1516 ,

1907 1561 1976 1599 ne
2006 1560 2345 1608 mensarum,
2381 1560 2450 1599 ne
2476 1545 2609 1598 viui.
2641 1543 2720 1598 Ne
2755 1545 2832 1600 sis
2864 1555 3118 1613 nugator,
3151 1553 3245 1599 aut
3269 1547 3481 1600 scurri-

1908 1643 1997 1704 lis,
2032 1651 2127 1695 aut
2155 1656 2353 1694 avarus
2387 1659 2401 1695 :
2447 1655 2514 1694 ue
2543 1641 2838 1695 iracundus
2862 1681 2875 1704 ,
2937 1655 3005 1693 ne
3057 1641 3241 1694 inanis
3294 1642 3480 1708 gloria:

1906 1735 2161 1803 cupidus,
2193 1750 2262 1790 ne
2287 1733 2718 1789 contumeliosus
2749 1774 2762 1796 ,
2795 1748 2865 1788 ne
2897 1732 3110 1802 injuriae
3140 1746 3351 1786 memor
3379 1773 3393 1796 ,
3428 1743 3480 1787 et

1908 1830 2108 1882 malum
2153 1844 2248 1897 pro
2282 1829 2424 1882 maio
2463 1827 2809 1895 rependens:
2849 1828 2943 1881 sed
2986 1836 3104 1882 esto
3135 1828 3315 1895 potius
3347 1843 3468 1896 pau-

1833 1898 1875 1954 Β
1907 1937 2021 1992 per,
2065 1921 2314 1991 gloriam,
2353 1936 2682 1990 omnemque
2731 1920 2856 1974 vitae
2904 1920 3069 1990 hujus
3119 1921 3478 1990 voluptatem,

1904 2026 1960 2072 et
1988 2020 2170 2072 carnis
2203 2016 2428 2072 delicias
2460 2017 2584 2070 odio
2613 2017 2840 2081 habens,
2869 2016 3106 2070 demisso
3128 2017 3335 2081 animo,
3367 2015 3483 2069 fru-

1905 2111 2065 2182 galis,
2103 2110 2168 2164 ad
2211 2110 2694 2180 compunctionem
2749 2108 2948 2172 facilis,
3003 2107 3277 2176 placidus,
3324 2121 3482 2160 man-

1903 2215 2119 2271 suetus,
2143 2219 2340 2273 expers
2365 2203 2481 2267 irae,
2511 2220 2617 2257 non
2641 2218 2861 2263 avarus.
2881 2202 3212 2262 incuriosus,
3236 2201 3483 2270 quietus,

1901 2295 2160 2350 decenter
2191 2293 2446 2352 vestitus,
2485 2295 2718 2362 patiens,
2770 2293 2968 2356 fidelis,
3013 2294 3322 2352 continens,
3363 2291 3482 2345 sine

1903 2387 2298 2451 sollicitudine,
2350 2387 2602 2457 vigilans,
2660 2385 2922 2453 diligens,
2973 2386 3277 2448 :rmulator,
3330 2399 3482 2438 com-

1901 2481 2280 2537 mendatarum
2316 2480 2412 2534 tibi
2450 2480 2781 2542 animarum,
2817 2494 2924 2532 nou
2959 2493 3117 2532 secus
3157 2493 3319 2548 quam
3359 2490 3483 2532 tuo-

1901 2590 2022 2629 rum
2061 2575 2234 2643 ipsius
2279 2574 2648 2628 membrorum
2688 2589 2876 2628 curam
2912 2589 3141 2644 gerens;
3179 2583 3251 2638 et,
3302 2573 3346 2629 si
3395 2590 3481 2629 res

1902 2670 2160 2738 postulet,
2206 2685 2303 2738 pro
2345 2685 2670 2739 unaquaque
2709 2670 2926 2724 illarum
2963 2671 3125 2724 etiam
3175 2683 3320 2725 tuam
3366 2673 3483 2726 aui-

1900 2777 2042 2815 mam
2083 2778 2309 2830 ponens,
2346 2762 2480 2815 nihil
2515 2762 2795 2830 quidpiam
2834 2761 3176 2816 mundanum
3219 2764 3476 2817 charitati

1898 2869 2024 2923 erga
2073 2853 2197 2908 illos
2253 2854 2573 2924 prtefereus.
2629 2855 2842 2909 Etenim
2892 2864 3177 2925 postquam
3222 2857 3364 2921 aliis,
3413 2857 3477 2910 ad

1898 2962 2114 3016 gregem
2152 2945 2366 2999 Domini
2411 2961 2473 3000 ac
2510 2946 2600 3000 Dei
2644 2947 2722 3001 tui
2769 2948 2999 3002 rationis
3043 2959 3348 3016 compotem
3387 2965 3480 3019 pa-

1897 3040 2182 3100 scendum,
2241 3040 2653 3110 regendumque
2704 3041 2965 3110 praalatus
3014 3057 3096 3103 es,
3154 3049 3373 3111 oportet
3428 3051 3479 3096 te

1893 3129 2046 3198 juxta
2074 3131 2301 3185 verbum
2334 3132 2478 3201 ejus,
2509 3133 2704 3202 spiritu
2739 3143 2793 3189 et
2825 3133 3135 3189 humilitate
3163 3146 3251 3189 tua
3283 3151 3478 3191 secun-

200 3211 317 3262 dito
354 3226 422 3261 ne
453 3209 602 3262 illum
635 3211 853 3278 quidem
871 3222 1231 3281 anteponens,
1259 3229 1418 3282 quem
1450 3215 1504 3266 in
1541 3216 1788 3269 minisle-
1821 3242 1864 3302 ο
1900 3223 2028 3276 dttnt
2079 3222 2268 3287 Deum,
2326 3225 2576 3278 ultimum
2627 3242 2750 3280 esse
2791 3228 3057 3290 omnium,
3107 3237 3168 3282 ut
3218 3237 3476 3297 tauquam

201 3301 298 3352 riis
328 3300 510 3368 gregis
542 3301 619 3354 tui
674 3303 976 3371 principem
1033 3303 1220 3358 habes.
1275 3302 1379 3369 Qui
1431 3305 1576 3359 enim
1627 3305 1790 3360 mitti-

201 3399 409 3454 strant,
443 3402 652 3461 septem
689 3393 1076 3457 diaconorum,
1115 3395 1179 3448 de
1213 3397 1416 3464 quibus
1448 3407 1531 3451 est
1561 3397 1613 3449 in
1641 3396 1791 3453 Actis

200 3485 527 3550 apostolicis
558 3485 624 3547 ³⁸,
669 3487 986 3548 dignitatem
1036 3487 1385 3556 officiumque
1425 3490 1787 3558 adumbrant;

200 3578 292 3644 qui
329 3577 493 3628 etiam
535 3577 679 3630 velut
724 3577 962 3646 Spiritus
1017 3581 1473 3636 administratorii
1525 3591 1694 3647 sunt,
1736 3587 1789 3640 in

201 3671 578 3722 ministerium
614 3671 787 3734 missi,
822 3679 876 3725 et
911 3673 1148 3737 sincere,
1178 3683 1237 3728 ut
1276 3676 1376 3741 illi,
1419 3677 1788 3748 fideliterque,

199 3779 263 3816 ac
302 3763 513 3817 nullius
551 3766 729 3832 turpis
758 3764 896 3820 lucri
926 3768 1100 3836 gratia
1135 3768 1538 3832 ministrantes,
1577 3788 1790 3827 merce-

199 3857 321 3910 dem
359 3858 557 3909 merito
591 3867 642 3911 et
677 3874 932 3928 magnam
969 3869 1084 3913 tttnt
1155 3861 1244 3915 hic
1276 3903 1291 3927 ,
1326 3871 1441 3916 ttun
1477 3865 1587 3918 illic
1642 3865 1789 3920 reci-

201 3950 381 4013 piunt.
416 3949 686 4003 Cteterum
720 3953 812 4020 qui
849 3953 1112 4018 orationi,
1145 3956 1314 4023 quieti
1392 3963 1447 4010 et
1479 3956 1790 4013 ministerio

201 4041 352 4094 verbi
391 4041 638 4106 instant,
698 4041 752 4095 itt
803 4043 1064 4110 patientia
1116 4046 1534 4102 exercitationis
1559 4063 1787 4118 operum

200 4133 817 4200 prtestantissimorum,
853 4135 1096 4203 ipsorum
1128 4138 1500 4206 apostolorum
1535 4148 1589 4194 et
1633 4155 1789 4211 θοι-δ·-

201 4224 484 4287 phaeorum
522 4225 900 4278 excellentiam
939 4235 1119 4281 tecum
1177 4238 1606 4297 repraesentant;
1649 4247 1788 4301 quos

201 4324 253 4368 et
283 4316 336 4369 in
374 4315 667 4384 Evangelia
699 4319 1000 4385 spiritualis
1041 4320 1304 4374 doctrinm
1339 4328 1447 4376 tute
1492 4324 1788 4380 auxiliares

201 4405 456 4467 habebis,
493 4405 723 4459 fratrum
753 4423 919 4462 onera
953 4411 1320 4478 suscipientes
1343 4453 1357 4476 ,
1401 4423 1454 4467 et
1504 4414 1788 4473 laboribus

203 4502 255 4548 te
289 4496 558 4555 levantes,
591 4495 643 4548 iu
681 4497 860 4550 medio
889 4499 1144 4553 videlicet
1193 4502 1529 4571 reliquorum
1559 4547 1572 4570 ,
1615 4514 1674 4560 ttt
1705 4507 1786 4560 la-

1896 3315 2111 3372 validus
2142 3317 2493 3372 infirmitates
2520 3319 2884 3373 invalidorum
2917 3330 3228 3385 sustentes;
3269 3329 3327 3374 ut
3362 3336 3476 3377 me-

1895 3409 2056 3463 dicus
2087 3422 2265 3463 autem
2300 3412 2603 3465 secundum
2639 3412 2876 3466 animum
2917 3415 3296 3483 aegrotantium
3332 3431 3478 3469 mor-

1897 3501 2018 3566 bos,
2052 3510 2105 3556 et
2136 3501 2455 3558 affectiones
2489 3519 2686 3571 cures;
2728 3514 2784 3557 ttt
2819 3515 3027 3574 pastor,
3062 3508 3204 3574 quod
3236 3515 3386 3560 errat
3423 3509 3476 3561 iu

1892 3594 2036 3647 viam
2080 3594 2336 3655 reducas,
2383 3605 2438 3651 et
2485 3596 2630 3665 quod
2676 3597 2814 3650 bene
2863 3599 3025 3662 valet,
3072 3600 3367 3653 virtutibus
3403 3599 3480 3653 fe-

1895 3686 2136 3741 cundum
2186 3687 2405 3750 reddas,
2459 3689 2642 3743 scabie
2682 3705 2812 3744 vero
2852 3699 3124 3759 opertum,
3162 3699 3217 3744 et
3251 3691 3476 3745 incura-

1895 3777 2028 3844 bile,
2059 3793 2088 3832 a
2121 3795 2283 3850 grege
2316 3789 2411 3834 tuo
2444 3781 2759 3850 abscindas,
2794 3798 2859 3837 ne
2891 3783 3054 3837 etiam
3092 3785 3243 3838 sanis
3281 3785 3476 3838 cvibus

1895 3873 2003 3928 tuis
2037 3873 2180 3926 luctu
2216 3872 2450 3926 aﬂ'ricet.
2498 3873 2710 3929 Domini
2765 3877 2842 3930 ιιιί
2889 3893 3106 3948 gregem
3151 3894 3348 3947 augere
3394 3881 3474 3933 la-

1893 3967 2049 4022 bora.
2108 3965 2185 4021 Ne
2225 3967 2290 4020 ad
2339 3968 2719 4033 remissiones,
2766 3980 2860 4024 aut
2891 3973 3190 4027 suavitates
3222 3975 3472 4041 corporis

1893 4059 2177 4123 deﬂectas,
2231 4076 2408 4129 neque
2453 4061 2656 4126 lauant,
2695 4071 2749 4117 et
2787 4065 3002 4133 adipem
3045 4066 3227 4119 ovium
3262 4066 3470 4123 Christi

1893 4166 2176 4222 perperam
2207 4167 2522 4212 consumas.
2550 4155 2641 4208 tibi
2677 4155 2849 4224 magis
2873 4171 3034 4225 quam
3067 4155 3330 4213 fratribus
3363 4161 3474 4214 tuis

1892 4246 2210 4300 monasterii
2266 4262 2399 4312 opes
2446 4247 2510 4300 ad
2565 4250 2870 4316 voluptates
2902 4258 3025 4302 tuas
3063 4251 3115 4303 iu
3150 4249 3468 4305 thesaurum

1893 4337 2218 4391 recondens.
2250 4336 2326 4391 Ne
2358 4347 2579 4406 propter
2607 4339 2885 4393 hominum
2914 4340 3142 4410 gloriam
3171 4343 3469 4412 quidquam

1892 4443 2074 4481 rerum
2129 4429 2195 4482 ad
2251 4429 2644 4483 monasterium
2702 4442 2854 4485 tuum
2902 4432 3290 4501 pertinentium
3343 4451 3471 4504 agas

1892 4527 1986 4572 aut
2037 4520 2306 4588 corrigas.
2356 4519 2434 4572 Ne
2483 4536 2633 4574 ames
2690 4523 2882 4577 crebro
2937 4524 3154 4592 prodire
3203 4527 3254 4579 in
3310 4526 3472 4582 mulis

206 4588 362 4654 pides
396 4588 672 4656 pretiosos
693 4601 998 4647 versantes.
1030 4591 1086 4645 In
1124 4595 1226 4647 hoc
1254 4610 1479 4651 munere
1506 4599 1653 4652 nulla
1689 4601 1786 4656 tibi
1818 4584 1866 4644 Ῑ)
1896 4584 2486 4681 εριθηάῇᾱεῖηειηιίε,
2525 4629 2649 4668 cum
2701 4631 2894 4685 magno
2925 4618 3347 4685 ρτωοράεηιῑηιη
3382 4635 3468 4674 se.

202 4681 427 4746 requies
460 4683 732 4749 corporis,
770 4684 917 4737 nulla
952 4684 1270 4740 oblectatio.
1304 4686 1505 4745 Noctes
1562 4693 1788 4761 perinde

203 4785 260 4826 ut
296 4775 417 4828 dies
478 4777 530 4828 iu
582 4793 771 4830 curam
826 4781 1267 4835 courredilarum
1316 4785 1413 4838 tibi
1474 4787 1782 4843 animarum

203 4866 509 4934 impendes,
546 4884 611 4920 ne
646 4884 750 4933 qua
782 4885 847 4922 ex
885 4871 1019 4938 ipsis
1053 4887 1079 4922 a
1113 4873 1286 4927 bestia
1320 4876 1664 4947 excipiatur;
1689 4891 1783 4936 aut

202 4958 266 5009 ab
302 4974 438 5011 urso
474 4964 941 5029 concupiscentia:
973 4964 1232 5019 devorata
1260 5007 1275 5030 ,
1311 4979 1404 5022 aut
1453 4985 1483 5023 a
1539 4973 1778 5029 dracone

199 5050 504 5105 iracundiae
550 5053 830 5118 absorpta,
868 5065 962 5108 aut
999 5073 1028 5110 a
1067 5059 1366 5128 gryphibus
1397 5064 1769 5131 superbarum

198 5143 592 5212 cogitationum
613 5145 908 5213 discerpta,
935 5157 989 5202 et
1023 5165 1129 5203 una
1163 5153 1324 5206 unius
1365 5153 1779 5215 diversitatihus

199 5237 589 5305 hujuscemodi
627 5241 890 5297 distracta
922 5258 986 5298 ac
1042 5245 1307 5315 dissipata
1339 5289 1354 5312 ,
1415 5250 1582 5303 multa
1639 5251 1731 5306 flat
1765 5268 1777 5305 :

201 5332 290 5385 sed
325 5341 384 5383 ιιι
414 5348 627 5402 gregem
662 5345 814 5388 tuum
852 5337 1202 5401 incolumem,
1243 5341 1568 5409 fecundum,
1600 5352 1777 5399 totum

199 5424 499 5478 virtutibus
534 5429 722 5483 multis
774 5432 1178 5498 fructuarium,
1231 5435 1416 5490 divina
1468 5440 1780 5508 cognitione

200 5514 556 5580 illustratum,
600 5537 706 5574 non
751 5525 1083 5593 scabiosum,
1107 5543 1214 5580 non
1243 5538 1490 5585 truncum
1525 5534 1776 5600 auribus,

201 5616 289 5659 aut
331 5611 492 5675 plane
527 5612 780 5667 claudum
815 5618 1047 5686 principi
1086 5629 1367 5688 pastorum
1401 5622 1445 5654 ⁸ο
1465 5639 1775 5682 conserves.

203 5699 291 5754 Sic
321 5704 469 5757 enim
503 5715 556 5759 et
587 5707 790 5764 multos
823 5711 1093 5775 servabis,
1121 5712 1174 5766 in
1204 5715 1466 5784 operibus
1522 5718 1776 5786 perfectis

272 5884 316 5914 "
345 5882 545 5951 Piphes.
585 5903 655 5952 tv,
693 5887 775 5944 15.
855 5891 895 5922 ³⁸
928 5889 969 5945 Il
1001 5890 1142 5948 Tim.
1180 5909 1252 5962 tv,
1287 5895 1304 5950 l
1352 5912 1506 5967 seqq.

1586 5901 1629 5933 ³⁷
1670 5901 1790 5956 Act.
1823 5917 1898 5968 Vl,
1932 5903 1948 5958 Ι
1983 5921 2134 5974 seqq.

1894 4705 2290 4774 quentiumque
2340 4706 2670 4761 famulorum
2725 4711 3010 4763 comitatu.
3071 4710 3320 4766 Sufficiat
3373 4714 3468 4768 tibi

1891 4797 1978 4854 vel
2015 4798 2182 4853 semel
2218 4800 2269 4853 in
2305 4814 2490 4853 mense
2525 4799 2668 4854 foras
2698 4801 2870 4862 exire,
2906 4812 2958 4856 et
2987 4805 3167 4873 gregis
3201 4805 3278 4858 tui
3306 4821 3468 4875 nego-

1891 4890 1966 4944 tia
2010 4891 2236 4959 majoris
2287 4893 2549 4946 momenti
2585 4893 2764 4948 obire.
2803 4894 3010 4949 Caetera
3056 4897 3328 4951 curabunt
3373 4899 3463 4966 qui

1890 4983 2219 5048 ministrant,
2252 4987 2344 5054 qui
2392 4986 2489 5041 abs
2531 4995 2583 5040 te
2618 4989 2922 5043 ministerio
2955 4991 3128 5054 verbi,
3161 5001 3216 5046 et
3267 5007 3464 5060 procu-

1887 5076 2087 5129 rationi
2132 5076 2385 5139 fratrum,
2433 5092 2557 5132 cum
2613 5081 2868 5149 precibus
2907 5083 3139 5145 intento,
3179 5101 3460 5154 nunquam

1887 5168 2288 5224 distrahuntur.
2360 5170 2437 5225 Ne
2498 5173 2593 5224 tibi
2652 5173 2845 5241 epulas
2902 5186 3279 5245 sumptuosas,
3339 5162 3464 5232 filiis

1888 5261 2153 5329 abjectas,
2189 5262 2452 5330 plebeias,
2489 5271 2542 5317 et
2590 5264 2902 5322 inconditas
2942 5284 3074 5338 para
3109 5288 3121 5324 :
3168 5271 3262 5325 sed
3307 5287 3461 5325 com-

1887 5353 2070 5408 munis
2099 5369 2308 5416 meusa,
2349 5357 2466 5410 sine
2500 5357 2684 5427 aliquo
2721 5361 2892 5413 morbi
2927 5363 3193 5430 periculo,
3232 5373 3285 5419 et
3319 5365 3460 5418 invi-

1887 5443 2092 5499 tatione
2117 5445 2441 5509 amicorum,
2469 5446 2565 5500 tibi
2599 5464 2722 5501 cum
2754 5450 2879 5503 ﬁliis
2907 5453 3016 5506 tuis
3053 5461 3192 5517 esto,
3224 5470 3459 5523 quorum

1888 5535 2029 5590 idem
2067 5543 2246 5589 tecum
2282 5553 2501 5600 sensus,
2547 5539 2685 5594 idem
2733 5541 3038 5598 institutum
3081 5547 3222 5609 vitm,
3252 5546 3456 5601 siveet

1887 5628 2060 5681 coctis
2088 5629 2350 5694 oleribus,
2381 5639 2433 5683 et
2468 5632 2856 5699 leguminibus,
2887 5636 3000 5691 sive
3025 5651 3089 5690 ex
3115 5637 3266 5706 pisce
3289 5639 3458 5690 semel

1886 5735 1981 5789 per
2024 5719 2439 5783 hebdomadi-ut,
2493 5721 2780 5778 Dominico
2821 5727 2925 5794 die,
2979 5737 3030 5782 et
3084 5729 3220 5786 festo
3258 5729 3448 5801 ἀθέρα

2217 5905 2558 5973 ‘°1Pctr.v,
2589 5909 2638 5962 4.
