4170 6452
696 354 805 422 439
1941 364 2322 423 SYMEOVIS

2368 362 2740 424 Jllt‘llORlS
3868 373 3972 435 NO

704 474 813 528 tleo
842 475 967 546 (hoc
1006 483 1109 537 est,
1148 474 1570 529 Solemniorilms
1607 475 1818 529 Domini
1861 474 2015 530 fustis
2053 493 2148 544 per
2179 493 2279 530 au-
2306 472 2357 532 Α
2386 475 2530 541 piam
2556 475 2749 529 affixus
2774 489 2857 540 es,
2889 483 2943 531 et
2974 476 3182 532 ideirco
3216 476 3546 535 horrendum
3578 483 3665 537 Dei
3690 484 3966 552 judicium

703 568 856 631 num)
885 584 912 622 a
945 570 1170 623 cellario
1204 573 1569 623 communiter
1605 576 1848 637 paretur.
1884 567 1984 623 Ubi
2014 569 2150 622 nihil
2182 585 2279 623 ει·
2389 580 2495 619 non
2538 565 2789 637 effugias.
2837 565 2992 622 Scito
3034 567 3180 623 enim
3225 569 3523 638 unicuique
3562 571 3754 626 talium
3791 573 3858 627 ab
3899 575 3969 627 iis

697 660 872 723 sistit,
902 660 1048 730 quod
1083 660 1280 714 animae
1317 660 1621 730 periculum
1666 660 1882 728 aﬂ‘erat,
1916 661 2137 716 cavebis
2176 662 2276 726 ira,

2386 658 2478 727 qui
2546 667 2911 727 spectatores,
2964 668 3020 714 et
3072 660 3328 730 discipuli
3381 664 3651 717 sermonis
3718 663 3969 729 fuerunt,

699 759 752 804 et
780 751 1020 806 clamore
1052 763 1246 807 contra
1276 752 1472 808 fratres
1538 768 1599 809 ac
1635 754 1777 809 lilios
1799 762 1925 808 tuos
1956 759 2276 824 insurgere;
2385 749 2564 803 locum
2598 752 3017 807 convenientem
3049 752 3150 823 (9).
3192 768 3255 807 ac
3289 752 3415 823 iure
3450 755 3784 810 destinatum
3817 772 3969 818 es”.

702 844 798 899 ςρά
828 846 942 899 miti
974 862 1227 901 sermone
1256 858 1303 899 el
1342 846 1579 916 alloquio
1605 846 1831 902 docebis
1857 863 1975 911 eos,
2000 847 2279 917 quomodo
2384 858 2622 913 quorum
2671 845 3006 908 canonibus,
3061 846 3662 918 constitutionibusque
3719 848 3972 919 legendis

699 953 1148 1009 unumquemque
1213 940 1517 1003 ambulare,
1575 949 1628 994 et
1694 942 1747 993 in
1803 941 1983 994 medio
2045 940 2277 995 fratrum
2386 935 2707 992 inemnbere
2761 938 3079 992 necessario
3129 938 3297 992 debes
3340 950 3393 993 ut
3443 955 3508 992 ne
3554 941 3795 1009 ignores,
3846 956 3968 1009 quae

697 1031 1016 1084 conversari
1050 1031 1264 1085 deceat.
1300 1030 1580 1096 Juniores,
1617 1041 1671 1085 et
1705 1033 1948 1086 nondum
1980 1033 2278 1087 eonfirma-
2384 1026 2727 1080 credentium
2770 1026 2822 1079 in
2863 1026 3141 1081 Christum
3174 1027 3501 1081 abSCtmdita
3538 1030 3648 1082 Sint
3681 1033 3967 1099 mysteria.

697 1132 783 1175 tos
828 1122 1071 1178 manebis
1106 1140 1331 1193 parcere
1366 1126 1469 1181 sibi
1518 1126 1678 1197 ipsis,
1726 1133 1779 1179 et
1816 1125 1941 1179 aliis
1989 1125 2276 1191 fratribus,
2382 1128 2436 1172 et
2472 1133 2537 1172 ne
2580 1133 2800 1188 pecces,
2845 1118 2973 1172 dum
3012 1120 3197 1188 pietati
3231 1135 3356 1185 erga
3390 1120 3558 1173 Deum
3596 1135 3788 1188 parum
3824 1137 3965 1175 con-

697 1227 769 1268 ne
814 1216 1211 1285 aspicientibus
1261 1218 1503 1285 incessu,
1553 1219 1932 1288 moribusque,
1973 1232 2037 1271 ac
2079 1218 2279 1273 studiis
2382 1217 2646 1262 89"”"93
2698 1210 2863 1281 εθτίιο
2919 1207 3250 1279 Spiritum?tl
3296 1210 3437 1265 “"03
3491 1220 3614 1265 ίυοδ
3654 1212 3963 1267 secundum

696 1309 1078 1377 incompositis
1102 1310 1433 1368 oﬂ'endiculo
1459 1314 1591 1369 sint.
1625 1313 1727 1380 Qui
1763 1314 1816 1367 in
1850 1323 1994 1369 statu
2023 1315 2278 1385 religioso

2386 1301 2705 1369 Seripturas
2738 1302 3027 1373 religiosos
3065 1303 3252 1367 redde,
3296 1318 3503 1373 eosque
3534 1319 3561 1356 a
3590 1305 3765 1359 sacris
3796 1317 3851 1359 et
3878 1309 3966 1358 di-

698 1393 909 1456 diutins
949 1402 1225 1469 vixerunt,
1268 1422 1363 1458 eos
1403 1406 1654 1476 prudenti
1686 1405 1934 1459 oratione
1964 1406 2029 1460 ad
2065 1407 2275 1477 patien-

2382 1394 2523 1449 vinis
2556 1394 2713 1458 locis,
2754 1396 2919 1450 simul
2963 1406 3022 1451 et
3052 1398 3200 1453 vasis
3229 1398 3437 1468 templi.
3477 1397 3573 1452 Dei
3611 1400 3965 1463 sanetitieati,

697 1493 828 1547 tiam
861 1497 1223 1551 tentationum
1266 1499 1334 1552 ab
1362 1499 1590 1552 inimico
1618 1501 2143 1569 supervenientium,
2176 1500 2280 1554 hu-

2381 1495 2435 1540 et
2462 1486 2748 1541 ministerii
2771 1487 2893 1558 ejus
2924 1487 3205 1545 abstinere
3230 1489 3368 1543 doce
3396 1489 3664 1560 siquidem
3692 1491 3962 1560 scriptum

699 1584 1005 1651 militatem,
1064 1590 1453 1644 contritionem
1517 1592 1723 1657 cordis,
1774 1594 2275 1661 compunctionem,

2381 1587 2463 1632 est
2489 1597 2500 1632 :
2528 1578 2724 1633 Beatus
2757 1580 2934 1647 homo,
2965 1582 3055 1651 qui
3084 1597 3287 1649 semper
3328 1591 3406 1637 est
3439 1584 3661 1652 pavidus
3685 1584 3753 1647 ",
3792 1600 3964 1653 quan-

696 1674 987 1747 laerymas,
1016 1680 1376 1749 diligentiam,
1412 1684 1841 1751 persolutiouem
1875 1684 2276 1753 preeationum,

2382 1669 2674 1737 doquidem
2707 1672 2841 1727 solis
2869 1675 3230 1741 consecratis,
3261 1682 3317 1729 et
3349 1675 3441 1745 qui
3471 1690 3533 1729 ex
3564 1676 3964 1729 certaminibus

694 1770 915 1825 beatum
972 1772 1213 1839 metum,
1272 1789 1325 1831 ρι
1386 1777 1450 1829 ad
1509 1776 1676 1829 verba
1734 1792 2009 1848 opemque
2068 1778 2279 1834 caeteris
2311 1813 2356 1873 Β
2384 1762 2807 1873 aelpmnitentia
2953 1764 3232 1869 .laerymas
3259 1768 3459 1868 multas
3494 1768 3737 1869 purgati,
3772 1769 3968 1821 imma-

696 1866 1161 1921 commodandum
1198 1869 1434 1923 erudics.
1470 1867 1797 1925 Sacerdotes
1830 1871 2081 1940 pietatem
2113 1870 2273 1925 doce—
2311 1854 2343 1873 ⁸

2320 1854 2356 1873 ν
2382 1854 2812 1923 culatorumque
2836 1854 3043 1911 Christi
3073 1858 3456 1928 mysteriorum
3488 1859 3783 1928 participes
3809 1868 3967 1925 sunt,

698 1950 810 2016 bis,
859 1955 1122 2024 quietem,
1167 1958 1916 2030 divinarumScripturarum
1953 1962 2273 2017 meditatio-

2379 1947 2770 2014 sanctilleatis,
2809 1960 2863 2003 et
2892 1950 3327 2019 religiosissimis
3359 1954 3755 2007 monachorum
3798 1953 3966 2006 mini-

691 2057 841 2106 nem,
896 2057 1211 2101 accuratam
1268 2050 1694 2119 apostolicorum
1749 2066 2045 2117 canonum,
2097 2052 2272 2107 tradi-

2376 2044 2604 2095 sterium
2635 2042 2846 2108 talium,
2877 2050 2933 2098 et
2961 2044 3325 2098 eoutreetatio
3352 2059 3384 2097 a
3412 2044 3684 2109 Patribus,
3744 2053 3798 2099 et
3840 2062 3967 2114 apo-

692 2135 1016 2208 tionumque
1093 2140 1403 2206 scientiam,
1472 2143 1788 2213 dogmatum
1874 2145 2271 2209 sinceritatem,
2372 2134 2531 2191 stolis
2568 2135 2746 2190 dicata
2783 2144 2888 2192 est.
2928 2135 3049 2190 Non
3095 2138 3376 2202 omnibus.
3400 2148 3455 2192 et
3503 2139 3704 2207 cuique
3745 2141 3956 2193 volenti

693 2228 880 2282 cordis
935 2231 1258 2299 puritatem,
1324 2235 1378 2288 in
1435 2236 1691 2306 precibus
1774 2240 2140 2292 constantiam
2220 2246 2275 2291 ei,
2379 2229 2688 2298 ingressum
2742 2229 2910 2285 divini
2971 2230 3335 2292 tabernaculi,
3395 2229 3490 2285 sed
3538 2234 3774 2284 sacratis
3821 2232 3965 2285 dun-

691 2326 1204 2393 compunctionem,
1247 2329 1301 2382 in
1346 2330 1545 2385 timore
1575 2339 1628 2385 et
1662 2339 1898 2385 tremore
1938 2330 2003 2384 ad
2049 2329 2141 2383 Dei
2184 2346 2273 2385 so-
2377 2330 2549 2385 taxat,
2585 2333 2643 2376 ut
2672 2323 2878 2378 dictum
2914 2332 3020 2387 est,
3069 2332 3124 2377 et
3164 2323 3544 2386 sanetifieatis,
3597 2322 3960 2391 religiosissi-

695 2415 826 2469 limn
861 2420 1254 2487 assistentium,
1292 2422 1547 2478 sacrificii
1591 2424 1930 2494 mysterium,
1982 2422 2274 2477 revelatio-
2378 2416 2595 2485 misque
2639 2416 2925 2477 fratribus.
2966 2424 3019 2469 et
3056 2416 3309 2485 patribus
3352 2415 3463 2469 tuis
3498 2415 3819 2485 permittito.
3860 2413 3966 2468 lie-

694 2523 818 2562 nem
854 2512 1241 2581 mysteriorum
1287 2516 1400 2581 Dei,
1436 2517 1695 2586 quoniam
1728 2518 2031 2571 secundum
2062 2516 2273 2571 Domini
2378 2507 2569 2577 liquis,
2610 2516 2665 2561 et
2711 2507 3026 2561 inordinate
3060 2506 3479 2561 διιιδυιθηιίδυε
3511 2507 3655 2578 ("itle
3690 2504 3822 2574 ‘lt'id
3862 2504 3965 2559 "bi

696 2613 885 2653 vocem
908 2602 973 2665 “,
1019 2603 1155 2671 ipsis
1204 2605 1389 2660 datum
1438 2617 1523 2660 est
1561 2622 1723 2661 nosse
1760 2607 2085 2678 mysterium
2122 2606 2275 2677 regni

2380 2597 2621 2669 dicatur)
2656 2600 2837 2669 ipsum
2867 2599 3114 2654 claudes.
3155 2597 3306 2653 Multi
3344 2599 3567 2668 quippe,
3604 2598 3735 2651 mihi
3770 2598 3962 2662 crede,

695 2690 812 2758 Dei,
847 2704 905 2748 ut
938 2697 1033 2749 toti
1070 2697 1299 2751 fratrum
1349 2699 1715 2763 multitudini,
1745 2708 1798 2755 et
1828 2700 2107 2754 extraneis
2137 2700 2275 2754 divi-
2378 2702 2605 2762 propter
2634 2700 3013 2762 contemptum
3046 2692 3362 2747 istiusmodi
3399 2706 3580 2746 rerum
3618 2707 3648 2745 e
3676 2691 3786 2744 vita
3821 2706 3965 2759 pra:-

694 2803 824 2839 num
858 2788 962 2850 sal,
996 2800 1045 2842 et
1079 2790 1286 2853 lumen.
1321 2793 1547 2847 verbum
1592 2793 1719 2847 vitae
1764 2795 1819 2848 in
1868 2795 2066 2863 seipsis
2098 2792 2277 2848 conti-
2379 2786 2520 2840 senti
2547 2786 2835 2841 tolluntur.
2874 2786 2937 2840 Et
2987 2784 3169 2856 plane,
3215 2786 3265 2841 si
3309 2785 3413 2840 hoc
3462 2795 3797 2856 praeceptum
3836 2784 3970 2837 vili-

694 2887 887 2934 nentes
919 2880 1070 2937 fiant.
1107 2882 1261 2948 Quod
1298 2884 1341 2937 si
1375 2886 1539 2939 etiam
1574 2895 1765 2940 contra
1805 2886 2176 2951 turbulentos,
2222 2893 2276 2941 et

2378 2877 2658 2946 penderis,
2690 2878 2916 2948 sanguis
2939 2881 3008 2933 de
3037 2879 3140 2933 hac
3168 2878 3281 2933 vita
3318 2876 3665 2932 sublatorum
3690 2876 3758 2929 de
3788 2876 3967 2930 inani-

691 2974 1038 3029 inordinatos
1087 2976 1387 3046 aliquando
1440 2988 1491 3031 te
1535 2979 1587 3031 in
1628 2979 1772 3048 virga
1823 2986 1876 3032 et
1913 2978 2108 3031 baculo
2149 2990 2275 3031 cum
2381 2972 2483 3026 bus
2514 2972 2626 3025 tuis
2656 2972 2967 3041 requiretur
2989 2971 3085 3026 ⁸³⁸.

694 3068 908 3120 ratione
935 3069 1097 3122 irasci
1124 3079 1359 3138 oportet,
1387 3081 1447 3125 ut
1474 3072 1676 3125 malum
1705 3071 1923 3141 aliquod
1954 3071 2271 3141 prohibeas,
2450 3064 2577 3119 "acc
2609 3074 2761 3128 sunt.
2796 3075 2850 3120 et
2888 3067 3043 3134 Plura
3080 3066 3188 3130 his.
3222 3081 3257 3119 0
3287 3074 3476 3135 P3510?
3513 3066 3698 3120 ονῖυπι
3730 3063 3968 3131 (Ἇιΐῖειίο

693 3169 747 3212 et
784 3160 1094 3228 pestiferam
1134 3163 1275 3215 inter
1324 3178 1418 3218 eos
1457 3164 1633 3217 labem
1687 3164 1981 3234 reprimas,
2029 3180 2095 3218 ne
2135 3178 2274 3233 Opus
2304 3154 2347 3212 C
2381 3173 2503 3227 quae
2532 3158 2597 3211 ad
2630 3158 2811 3228 gregis
2836 3160 2915 3211 tui
2941 3159 3250 3213 custodiam
3281 3158 3523 3227 perfecte
3552 3158 3716 3219 scire,
3751 3165 3806 3211 et
3844 3166 3967 3211 stu-

700 3253 924 3314 malum,
986 3264 1040 3306 et
1093 3254 1323 3309 affectus
1380 3256 1607 3312 vitiosus
1665 3258 1718 3311 in
1769 3257 2011 3312 deterius
2062 3266 2270 3326 serpat,
2380 3252 2535 3306 diose
2570 3252 2750 3307 facere
2789 3252 2982 3309 debes.
3020 3252 3258 3306 Proinde
3289 3254 3332 3307 si
3367 3254 3535 3313 nosti,
3566 3262 3618 3307 te
3647 3253 3713 3306 ad
3756 3261 3965 3306 tantam

699 3360 875 3413 neque
908 3346 1049 3399 istuc
1081 3349 1403 3415 apostolicis
1433 3346 1958 3413 Conslitutionibus,
1993 3360 2047 3404 et
2073 3350 2275 3405 divinis
2378 3341 2764 3397 StImCientiam
2798 3357 3173 3412 progressum.
3216 3350 3483 3412 tantaque
3516 3341 3848 3396 Charismata
3885 3340 3970 3396 ΓΘ·

697 3435 951 3490 l’atribus
977 3435 1536 3507 alienumjudicatur.
1564 3440 1759 3494 Omnis
1784 3440 2054 3511 siquidem
2082 3440 2272 3506 motio,
2380 3432 2557 3487 “Citel'
2613 3434 2895 3503 adeptum.
2947 3448 3013 3487 ει
3066 3432 3186 3488 50'0
3234 3432 3485 3487 ειυεθηιε
3538 3447 3601 3486 εκ
3655 3440 3708 3486 ιε
3757 3431 3969 3487 lumine

694 3535 750 3579 et
793 3529 940 3581 actio
978 3540 1187 3591 nostra,
1233 3546 1352 3597 qum
1403 3532 1807 3601 improbitatem
1843 3535 2167 3604 compescit,
2211 3550 2274 3589 ac

2379 3522 2647 3577 bonorum
2685 3538 2939 3593 operum,
2981 3532 3035 3577 et
3074 3522 3275 3576 divina:
3311 3522 3598 3590 sapientia:
3636 3536 3702 3574 ac
3738 3522 3968 3583 notitiae,

697 3619 1068 3689 persequitur.
1094 3619 1323 3688 iustitiae
1349 3630 1528 3674 autem
1570 3637 1632 3676 ac
1658 3623 1843 3677 virtuti
1876 3624 2270 3692 patrocinatur,

2380 3614 2447 3668 ad
2495 3615 2917 3670 illuminandum
2958 3628 3151 3668 omnes
3194 3614 3536 3668 familiariter
3586 3612 3855 3667 adeuntes
3902 3615 3964 3668 ad

696 3712 987 3767 laudabilis
1031 3719 1138 3776 est,
1189 3720 1243 3768 et
1294 3712 1403 3767 Deo
1440 3713 1644 3780 placet,
1691 3715 1971 3784 justisque
2015 3717 2273 3772 omnibus

2380 3713 2434 3760 te
2467 3716 2611 3769 tuos,
2672 3705 2991 3775 alienosque
3055 3712 3107 3757 et
3156 3719 3280 3774 rege
3326 3704 3555 3765 fidenter
3600 3717 3733 3756 oves
3762 3702 3963 3757 Christi

696 3806 959 3873 probatur
1009 3807 1265 3860 maxime.
1311 3805 1492 3861 Testis
1538 3806 1722 3869 Jcsus,
1776 3810 1869 3879 qui
1918 3820 2272 3866 contumaces

2380 3796 2576 3854 scienti
2614 3811 2869 3851 sermone
2899 3796 3115 3850 collata:
3144 3796 3243 3849 tibi
3280 3796 3492 3866 gratiae,
3528 3803 3584 3849 et
3611 3796 3829 3849 actione
3856 3794 3964 3849 vir-

694 3893 913 3949 Jmlzcos
962 3911 1028 3950 ex
1075 3896 1239 3951 domo
1286 3899 1554 3952 orationis
1603 3900 1824 3952 domum
1882 3901 2273 3970 negotiationis

2380 3891 2516 3944 tutis
2558 3888 2858 3945 secundum
2898 3889 3121 3941 modum
3156 3896 3211 3941 et
3238 3887 3412 3957 legent
3449 3886 3544 3940 tibi
3593 3887 3748 3955 prius
3782 3885 3966 3938 datam

699 3985 987 4048 facientes,
1022 3986 1238 4056 flagello
1279 3989 1574 4057 percussit,
1610 3998 1665 4043 et
1699 4005 1916 4044 mensas
1956 3992 2271 4045 nummula-
2379 3984 2647 4052 desuper;
2684 3991 2740 4037 et
2774 3996 2935 4051 pasce
2969 3995 3139 4049 agnos
3169 3978 3291 4049 ejus
3325 3981 3378 4033 in
3411 3979 3630 4047 pascuis
3663 3977 3967 4033 salutiferis

694 4079 901 4133 riorum
942 4080 1229 4136 evertit“.
1272 4081 1350 4137 Ne
1398 4084 1566 4153 igitur
1604 4094 1907 4153 prmlcxcns
1951 4096 2273 4140 mansuem-
2379 4075 2764 4130 mandatorum
2798 4073 2968 4135 illius,
3004 4073 3180 4127 donec
3225 4082 3503 4133 crescant,
3536 4080 3590 4125 et
3632 4072 3683 4125 in
3737 4087 3967 4126 mensu-

693 4173 902 4236 dinem,
946 4186 1168 4243 propter
1207 4176 1379 4229 solam
1411 4177 1627 4230 laudem
1662 4178 1956 4232 humanam
2001 4178 2272 4232 modicum

2378 4182 2492 4221 ram
2521 4168 2698 4221 aetatis
2732 4163 3090 4234 plenitudinis
3117 4162 3322 4217 Christi
3339 4169 3637 4216 occurrant
3662 4160 3729 4226 “,
3752 4171 3808 4217 et
3839 4162 3965 4215 inde

693 4263 969 4333 quidpiam
1004 4275 1202 4333 praeter
1231 4266 1325 4320 Dei
1358 4267 1675 4321 mandatum
1711 4269 2011 4324 admissum
2044 4273 2108 4323 a-l
2138 4270 2274 4325 sub-

2377 4259 2661 4330 praemium
2689 4271 3053 4326 consequere,
3083 4254 3306 4325 quando
3334 4268 3458 4309 cum
3487 4252 3760 4321 apostolis
3782 4252 3968 4305 consi-

696 4358 1006 4411 versionem
1044 4360 1474 4427 apostolicorum
1507 4374 1804 4425 canonum,
1840 4372 1893 4417 et
1926 4363 2275 4417 constitutio-
2377 4354 2532 4409 dehis
2590 4362 2644 4408 et
2683 4351 2981 4405 Itabitabis.
3013 4348 3107 4403 Sin
3144 4349 3347 4409 minus,
3391 4345 3532 4416 apud
3567 4353 3619 4398 te
3652 4345 3834 4414 ipsum
3868 4359 3965 4415 pa-

693 4466 846 4511 num,
893 4450 1398 4521 eontumeliamque
1444 4453 1568 4505 vita:
1600 4454 1952 4525 evangelicae,
2002 4465 2055 4509 et
2098 4465 2274 4511 status
2303 4445 2511 4525 “Vita.
2557 4444 2602 4499 εί
2649 4443 2782 4514 (ΙυῖίΙ
2836 4442 2970 4496 mihi
3016 4440 3196 4495 credis
3238 4440 3305 4493 de
3340 4438 3516 4493 “huc
3552 4447 3644 4491 “'3
3677 4437 3963 4491 δοίιίθίίοτ

898 4496 1397 4521 "qn-
1454 4496 1568 4505 ..-νυ
1600 4496 1952 4525 ...ευδνηνυη
2003 4496 2055 4509 ν.
2098 4496 2274 4511 sum...

694 4542 982 4596 monastiei
1044 4544 1387 4613 neglexeris;
1451 4545 1546 4599 sed
1604 4543 1790 4600 .lesum
1852 4562 1915 4601 ac
1980 4496 2341 4602 Dominumn

2320 4497 2657 4609 Dsiquidem
2725 4535 2872 4591 Deus
2934 4541 3122 4588 noster
3184 4532 3325 4603 ignis
3387 4544 3725 4585 consumens
3792 4537 3878 4585 est
3900 4528 3967 4593 “,

694 4640 850 4686 tuum
895 4634 1163 4699 imitatus,
1210 4634 1527 4699 iufremens,
1570 4651 1632 4691 ac
1659 4639 1892 4707 teipsum
1926 4640 2046 4693 sine
2079 4640 2271 4694 turba-

2382 4646 2545 4703 quem
2597 4630 2755 4685 decet
2807 4627 2986 4683 omnis
3037 4626 3233 4697 gloria,
3277 4626 3457 4677 honor
3532 4631 3586 4677 et
3630 4622 3881 4677 adoratio
3913 4622 3964 4675 in

696 4726 843 4779 tione
891 4728 1148 4790 turbans,
1200 4727 1453 4780 mandata
1501 4727 1619 4792 Dei,
1672 4736 1726 4781 et
1767 4744 2003 4783 canones
2042 4732 2109 4783 ab
2152 4729 2274 4799 ejus
2383 4723 2604 4780 secula.
2646 4721 2839 4776 Διηυηο

695 4819 958 4887 apostolis
996 4819 1345 4888 prazscriptos
1382 4821 1667 4876 ulciscere.
1707 4820 1842 4876 Cum
1874 4822 2129 4876 omnibus
2155 4824 2273 4880 istis
2897 4807 3205 4868 ORATIO
3262 4806 3453 4862 xxv~

694 4916 860 4965 etiam
910 4913 1183 4982 cujusque
1234 4912 1597 4983 cogitationes
1642 4916 1937 4985 diligenter
1983 4917 2274 4986 investiga,
2976 4916 3364 4958 Αιιῧυκεδτυε·

696 5014 755 5059 ιιι
788 5007 960 5071 n0ris,
993 5007 1084 5076 qui
1122 5022 1185 5061 ex
1227 5006 1364 5076 ipsis
1397 5007 1463 5060 ad
1500 5011 1990 5076 comprecantium,
2024 5019 2075 5063 ct
2107 5026 2275 5064 eom-
2386 5001 2465 5055 De
2501 5000 2811 5084 ῃνίηιοτάὲἕδ
2843 5001 2978 5082 ,Ρίηε
3020 4992 3967 5084 Qd"'_94f‘__'"ff_‘f?j[“if.“£399fo

698 5101 1100 5154 municantium
1128 5110 1331 5154 emtum
1364 5101 1710 5167 adtnittendi,
1741 5110 1795 5157 et
1823 5104 2025 5171 quibus
2054 5120 2276 5159 exeom-
2464 5064 3538 5171 fifﬁi'hﬁfﬂ,"‘,Aq“j,,f:p‘fn,3'::§fﬂ;

2462 5134 2844 5197 renuntiuntes.
2895 5134 2980 5192 ατί
3017 5138 3179 5190 vitam
3237 5135 3537 5186 solitariam
3592 5134 3968 5200 confugerunt,

700 5193 1071 5245 municatione
1090 5206 1153 5246 ac
1183 5192 1504 5260 pmnitentia
1536 5208 1661 5246 eum
1697 5194 1979 5264 lacrymis,
2012 5196 2277 5250 statione-

2461 5192 2905 5268 iiiib’c‘iunshd
2943 5219 3179 5279 tyrones,
3219 5221 3310 5258 seu
3350 5203 3572 5257 novitios
3605 5192 3967 5272 tortae-utilis;

692 5301 801 5353 que
833 5286 1217 5353 paenitentiam
1254 5301 1393 5355 Opus
1425 5286 1517 5351 sit,
1553 5302 1619 5340 ne
1652 5285 1952 5341 Ecelesiam
1995 5304 2093 5357 pro
2137 5297 2275 5342 tem-
2459 5287 2617 5338 sima.

692 5379 784 5448 plo
831 5387 1027 5432 saneto
1078 5379 1395 5447 speluncam
1446 5379 1744 5445 latronum,
1783 5390 1879 5434 aut
1923 5380 2155 5450 lupanar
2191 5381 2273 5435 vel
2460 5377 2809 5445 Quicunque,
2852 5371 3071 5437 fratres,
3103 5367 3308 5423 mundo
3340 5376 3394 5421 et
3430 5366 3498 5421 iis
3524 5379 3646 5435 qum
3671 5364 3726 5419 in
3760 5366 3968 5419 mundo

695 5474 839 5529 scias
877 5476 959 5527 vcl
994 5472 1234 5527 insciens
1292 5472 1523 5539 faciens,
1561 5474 1691 5528 dum
1725 5491 1824 5544 per
1866 5473 2119 5529 allectum
2148 5476 2271 5528 cui-
2389 5482 2519 5527 sunt
2556 5468 2829 5523 universis
2864 5480 3057 5519 recens
3092 5460 3452 5523 renuntiavit,
3493 5474 3663 5528 seque
3695 5458 3763 5511 ad
3801 5460 3969 5512 vitam

693 5688 717 5718 .
766 5615 971 5738 Ἑιυο,
1010 5614 1245 5737 multo.
1325 5614 1369 5644 δ’
1398 5613 1555 5668 tuan.
1589 5632 1648 5682 ιι,
1690 5617 1707 5669 l
1757 5631 1912 5686 seqq.
2016 5613 2060 5645 "
2086 5612 2251 5668 Prov.
2311 5629 2478 5668 xxvm
2507 5654 2520 5677 ,
2566 5612 2646 5665 14.
2694 5608 2760 5641 ⁸³⁸
2798 5607 2995 5662 Ezech.
3056 5622 3153 5669 III,
3195 5605 3280 5659 18.
3383 5602 3427 5631 “
3471 5598 3671 5667 prcs.
3737 5618 3816 5662 Iv,
3878 5604 3963 5658 13.

722 5690 738 5717 ⁵
820 5698 929 5738 cut.
964 5704 1038 5738 l\'.
1082 5690 1115 5737 ‘2

722 5696 738 5717 ³
773 5696 929 5740 Deut.
964 5704 1038 5750 tv,
1082 5696 1101 5737 *ί

767 5806 845 5876 {9)
886 5806 959 5860 De
999 5807 1117 5859 loco
1150 5806 1536 5876 pmnitentium
1573 5806 1696 5860 vide
1734 5808 1893 5875 epist.
1936 5806 1991 5859 5.
2022 5804 2268 5875 Gregorii
2379 5805 2475 5857 cit.
2526 5808 2654 5859 Ant.
2708 5800 3075 5873 Augustinum
3124 5795 3177 5851 in
3224 5798 3367 5852 n0tis
3402 5795 3469 5851 ad
3500 5794 3756 5850 eumdem
3797 5806 3964 5848 cane-

699 5878 1093 5949 Tltaumaturgi
1118 5894 1240 5934 Call.
1274 5894 1351 5933 χι.
1379 5876 1492 5932 Bal.
1525 5876 1683 5933 Sunt.
1713 5876 1765 5932 in
1799 5879 2022 5934 scholiis
2045 5876 2113 5931 ad
2142 5891 2268 5932 can.
2380 5890 2525 5930 netu.
