4170 6452
188 397 284 460 ,ιη
1517 406 1803 470 ORATIO
1835 405 2013 472 XXV.

3358 410 3462 475 449.

187 525 242 570 et
277 515 518 570 stadium
555 514 954 570 monachorum
983 517 1240 584 contulit,
1273 518 1318 575 si
1389 519 1609 588 quidem
1647 535 1770 588 pro-
1798 520 1848 580 A
1875 522 1972 578 tibi
1995 530 2048 578 et
2074 521 2215 577 hanc
2251 523 2448 595 legem,
2478 538 2547 579 ne
2583 533 2710 579 ante
2740 521 2988 578 ultimam
3017 524 3387 592 precationem
3429 542 3460 580 e

184 620 308 683 pter
347 612 521 667 Deum
572 613 625 667 id
674 611 821 678 fecit,
849 624 902 668 et
921 614 1061 668 hanc
1103 623 1276 670 artem
1318 617 1519 671 artium
1562 617 1774 672 discere

183 706 499 768 constituit,
543 721 813 777 suumque
848 721 878 762 e
919 706 1124 762 mundo
1159 707 1463 764 discessum
1501 724 1608 764 non
1649 710 1772 764 ina-

184 812 307 851 nem
339 812 461 851 es~e
497 798 799 862 desiderat,
842 800 911 854 ab
951 799 1072 869 ipso
1111 801 1292 855 statim
1326 801 1482 855 initio
1514 802 1770 872 impiger-

184 889 347 948 rime,
392 897 447 941 et
497 890 892 945 ardentissima
949 906 1072 946 cum
1121 893 1423 954 voluntate,
1465 895 1773 963 proposito-

185 997 292 1050 que
343 983 412 1036 ad
451 983 676 1038 virtutis
721 999 887 1052 opera
932 984 1253 1039 incumbere
1286 986 1468 1041 debet.
1505 989 1682 1053 Atque
1714 995 1774 1041 ut

182 1071 458 1126 elementa
495 1081 548 1126 et
583 1075 854 1143 principia
887 1077 1128 1130 scientia:
1161 1077 1541 1141 scientiarum,
1572 1080 1769 1144 nostri,

184 1163 436 1233 inquam,
500 1167 741 1235 religiosi
791 1168 1030 1223 instituti
1086 1178 1140 1224 et
1190 1172 1482 1241 ἀσκήσεως
1537 1171 1621 1226 Itis
1675 1173 1769 1241 qui

183 1269 414 1324 nupere
442 1259 648 1312 mundo
672 1260 737 1314 ad
769 1275 888 1314 eam
924 1269 1183 1330 tanquam
1217 1261 1283 1315 ad
1314 1265 1558 1318 scholam
1591 1279 1773 1332 quan-

183 1346 308 1401 dam
362 1361 742 1415 accesserunt,
802 1352 1214 1410 iutroductioue
1260 1357 1498 1424 quadam
1546 1358 1772 1426 scriptis

185 1440 496 1504 tradamus,
532 1445 709 1513 primo
748 1446 868 1498 loco
908 1446 1066 1512 ipsis,
1101 1457 1155 1500 et
1188 1449 1280 1517 qui
1318 1464 1416 1502 eos
1451 1462 1769 1519 sequentur,

187 1535 298 1586 hree
326 1535 526 1590 rndius
553 1540 984 1606 summatimque
1013 1540 1384 1608 praecipimus.
1421 1541 1576 1598 Scire
1608 1544 1772 1613 igitur

185 1624 332 1686 licet,
380 1627 476 1695 qui
521 1627 636 1696 jam
679 1638 959 1684 terrenum
1011 1632 1288 1686 hominem
1326 1649 1450 1688 cum
1481 1634 1772 1704 prudentia

183 1733 277 1771 sua
317 1732 417 1785 per
455 1733 517 1773 ea
553 1735 672 1789 quae
713 1732 982 1791 apparent
1013 1727 1186 1788 exuit,
1219 1728 1611 1796 cmlestemque
1642 1744 1767 1782 cum

183 1811 371 1864 habitu
408 1814 714 1868 monastico
743 1815 940 1880 induit,
973 1829 1134 1874 nocte
1167 1820 1368 1884 media,
1400 1829 1526 1876 ante
1547 1821 1767 1876 dilucu~

183 1903 293 1955 lum
319 1918 552 1974 surgere
581 1905 804 1969 debere,
840 1924 1059 1978 precem
1103 1912 1478 1979 prescriptam
1514 1911 1767 1977 fundere,

179 2006 342 2066 atque
395 1997 472 2051 ita
535 1998 755 2052 demum
809 2015 934 2054 cum
988 2003 1250 2061 omnibus
1303 2005 1368 2058 ad
1420 2005 1768 2076 doxologiam

178 2091 531 2160 congregari.
572 2107 745 2161 eaque
788 2095 1155 2158 considerate,
1216 2105 1270 2149 et
1315 2097 1605 2166 vigilanter
1642 2113 1770 2167 pcr-

177 2177 354 2248 fungi,
416 2191 477 2234 ut
529 2180 596 2234 ad
663 2184 994 2254 principium
1047 2185 1356 2257 hymnodiae
1404 2198 1649 2243 attentus
1698 2189 1772 2243 sit

177 2271 556 2338 vehementer,
597 2277 712 2329 sive
748 2275 813 2329 ad
850 2277 1290 2347 hexapsalmum,
1335 2280 1402 2334 ad
1433 2281 1766 2345 versiculos,

178 2364 244 2415 ad
270 2364 588 2428 lectionem,
612 2368 749 2422 citra
773 2383 994 2424 omnem
1022 2372 1336 2440 pigritiam;
1362 2387 1472 2426 non
1499 2372 1770 2428 discincto

177 2472 432 2528 corpore,
474 2473 528 2514 et
565 2460 757 2528 pedem
789 2470 914 2516 ante
950 2464 1141 2532 pedem
1174 2465 1476 2527 collocaris,
1519 2474 1614 2518 aut
1650 2481 1772 2520 mu-

178 2555 280 2613 ris,
335 2554 682 2608 columnisve
729 2569 791 2609 se
844 2556 1148 2610 acclinans.
1204 2555 1402 2609 Manus
1453 2569 1772 2612 constanter

175 2645 424 2713 junctas,
461 2647 626 2715 pedes
653 2648 940 2714 aequaliter
976 2648 1030 2701 in
1072 2657 1216 2702 terra
1247 2649 1494 2704 ﬁrmatos
1524 2649 1758 2714 habere,

179 2748 346 2805 caput
390 2751 499 2790 non
557 2739 660 2792 hac
715 2737 839 2792 illac
890 2739 1122 2806 agitare,
1163 2747 1218 2792 et
1262 2748 1580 2794 antrorsum
1634 2737 1768 2794 illud

180 2829 487 2891 inflectere,
521 2839 703 2884 mente
735 2846 845 2884 non
878 2829 1084 2894 efferri,
1118 2847 1222 2885 nec
1253 2833 1472 2886 curiosa
1502 2833 1768 2901 cogitare,

183 2930 278 2975 aut
311 2936 438 2976 cum
476 2923 992 2992 negligentiorihus,
1023 2933 1077 2977 et
1122 2923 1265 2978 inter
1299 2940 1359 2980 se
1393 2924 1768 2982 fabulantibus

180 3027 243 3065 ac
274 3014 700 3067 susurrantibus
725 3029 754 3068 a
787 3015 987 3082 emptis
1016 3016 1212 3069 abduci
1240 3034 1255 3070 :
1289 3018 1420 3086 quin
1448 3019 1633 3088 potius
1669 3032 1768 3073 nec

181 3104 394 3164 oculos.
442 3119 546 3158 nec
601 3106 846 3159 animum
903 3106 960 3160 in
1005 3107 1241 3162 sublime
1292 3109 1503 3172 tollere,
1553 3109 1768 3177 solique

180 3196 522 3262 psalmodiae,
554 3205 608 3252 et
651 3198 901 3261 lectloni,
945 3208 998 3254 et
1027 3200 1217 3254 virtuti
1252 3216 1442 3254 eorum
1473 3215 1596 3270 qua:
1624 3202 1770 3269 psal-

183 3288 394 3352 luntur,
431 3299 602 3357 atque
629 3306 659 3344 e
688 3291 890 3346 divinis
940 3291 1241 3361 Scripturis
1275 3293 1552 3363 leguntur,
1587 3294 1768 3362 quoad

182 3382 300 3448 ejus
345 3381 465 3434 fieri
510 3391 710 3451 potest,
743 3391 1013 3437 attentum
1045 3399 1105 3440 se
1137 3387 1404 3454 przehere,
1449 3397 1507 3440 ut
1541 3403 1609 3441 ne
1637 3387 1770 3454 quid

183 3485 307 3523 eum
363 3484 477 3524 non
527 3472 1016 3528 adnimadversum
1073 3483 1359 3544 praetereat
1410 3493 1425 3529 :
1473 3492 1660 3532 verum
1703 3495 1767 3533 ex

183 3563 446 3617 omnibus
483 3563 847 3632 pinguescens
881 3564 1001 3634 ejus
1044 3566 1250 3627 anima.
1284 3568 1351 3620 ad
1384 3571 1771 3637 compunctio-

185 3669 330 3718 nem,
377 3655 749 3710 humilitatem
829 3664 887 3711 et
925 3656 1385 3712 illuminatiunem
1432 3663 1610 3714 sancti
1647 3660 1771 3730 Spi-

187 3745 322 3800 ritus
351 3747 652 3817 pertingat.

255 3837 531 3904 Quocirca
569 3854 666 3895 vos
698 3840 988 3897 universos
1027 3851 1287 3910 tanquam
1321 3858 1516 3908 unum,
1553 3843 1768 3907 Patres,

185 3927 406 3991 fratres,
424 3941 480 3984 et
507 3931 600 3984 lilii
639 3932 768 3997 mei,
807 3933 1062 3996 obsecro,
1099 3943 1154 3988 et
1182 3933 1286 3988 hoc
1318 3944 1378 3988 ut
1409 3935 1578 4004 legem
1615 3935 1766 3989 salu-

187 4031 354 4076 tarem
385 4023 576 4091 jubeo,
610 4035 670 4077 ut
710 4027 1097 4096 unusquisque
1123 4035 1367 4081 vestrum
1407 4027 1515 4082 tale
1546 4027 1764 4082 initium

188 4113 252 4165 ad
293 4130 436 4183 opus
469 4116 713 4180 virtutis,
754 4119 865 4172 imo
909 4135 1039 4173 vero
1076 4121 1141 4172 ad
1169 4134 1308 4188 opus
1341 4121 1431 4175 Dei
1464 4120 1626 4174 faciat
1655 4121 1774 4188 (per

187 4208 329 4274 quod
381 4215 437 4260 et
485 4211 795 4264 mercedem
844 4212 1128 4265 laboribus
1171 4214 1378 4267 nostris
1424 4212 1772 4282 responden-

190 4307 315 4362 tem,
353 4314 454 4354 ceu
503 4302 573 4354 ab
617 4316 683 4354 eo
717 4302 808 4371 qui
853 4303 1031 4357 bonos
1073 4313 1218 4357 amet
1255 4304 1582 4372 accipimus)
1619 4312 1677 4356 ut
1726 4303 1773 4357 si

191 4373 300 4443 ﬁeri
339 4403 532 4456 queat,
570 4409 733 4447 nemo
774 4403 1022 4448 nostrum
1073 4396 1192 4450 sine
1239 4395 1498 4466 lacrymis
1548 4395 1616 4449 ad
1659 4395 1776 4450 olli-

187 4484 328 4535 cium
387 4493 442 4538 et
472 4486 764 4540 lectionem
795 4489 1044 4542 accedat.
1077 4488 1134 4542 Si
1167 4489 1338 4551 enim,
1373 4489 1444 4542 mi
1477 4487 1669 4553 frater,
1696 4490 1772 4544 ita

1878 614 2079 686 synasi
2129 617 2248 669 sine
2303 629 2498 684 magna
2543 617 2896 679 necessitate,
2945 625 3038 669 aut
3087 617 3335 685 corporis
3384 616 3463 671 le-

1875 711 2039 764 vandi
2074 723 2314 778 unquam
2347 723 2512 764 exeas
2550 725 2564 762 :
2602 708 2696 762 sed
2731 708 2785 762 in
2828 707 3070 763 statione
3103 714 3220 769 tua,
3256 715 3314 760 ut
3346 708 3462 762 dic-

1875 813 1990 857 tum
2030 812 2137 864 est,
2183 816 2474 872 persevera
2524 818 2538 855 :
2597 800 2868 870 siquidem
2920 800 3012 868 qui
3057 801 3460 865 petseverat'ert't

1876 913 2041 966 usque
2062 898 2113 950 in
2136 897 2314 965 ﬁnem.
2341 894 2442 957 hic,
2469 901 2528 947 ut
2551 892 2817 959 scriptum
2842 899 3047 954 exstat,
3077 891 3254 944 saluus
3279 891 3459 945 erit“.

1875 990 1993 1048 Non
2051 992 2154 1044 hoc
2204 999 2453 1047 tantum;
2499 988 2592 1041 sed
2645 987 2884 1056 primum
2928 985 3146 1051 quidem
3191 984 3456 1036 auxilium

1874 1082 2106 1144 occulte,
2142 1089 2200 1134 ut
2248 1094 2356 1133 non
2408 1078 2608 1132 sentiat
2640 1096 2653 1132 :
2690 1075 2891 1131 deinde
2921 1075 3084 1128 etiam
3139 1082 3198 1128 ut
3232 1075 3457 1138 sentiat,

1875 1176 2148 1248 pauloque
2198 1181 2325 1245 post
2385 1174 2438 1226 in
2500 1171 2907 1224 illuminatione
2965 1169 3033 1222 ab
3091 1167 3460 1238 omnipotenti

1877 1271 1986 1324 Deo
2019 1269 2264 1335 accipiet.
2307 1266 2572 1320 Absoluta
2607 1264 2877 1317 matutina
2912 1260 3223 1329 duxologia,
3268 1260 3455 1313 statim

1873 1363 2163 1429 egrediens
2208 1377 2274 1415 ne
2314 1361 2382 1413 ah
2425 1358 2610 1427 hujus,
2656 1365 2752 1410 aut
2794 1357 2940 1410 illius
2971 1370 3066 1410 ore
3107 1355 3372 1424 pendere.
3406 1361 3462 1407 et

1873 1457 2050 1512 otiosa
2083 1453 2320 1521 colloqui
2355 1450 2614 1520 incipias.
2649 1447 2849 1502 Verum
2882 1458 3170 1517 postquam
3205 1460 3459 1500 seorsum

1875 1548 1930 1603 in
1974 1548 2109 1600 cella
2155 1554 2506 1604 Consuetam,
2557 1550 2612 1597 et
2657 1542 2880 1611 longam
2919 1539 3296 1607 precationem
3331 1553 3460 1592 cum

1876 1639 2153 1710 lacrymis,
2184 1647 2236 1693 et
2269 1636 2594 1692 adoratione
2633 1634 2800 1687 multa
2837 1631 3193 1703 persolveris,
3225 1631 3290 1684 ad
3320 1645 3461 1700 opus

1875 1731 2096 1801 aliquod
2144 1743 2466 1798 corporeum
2518 1724 2841 1796 aggredere,
2898 1725 3197 1793 statimque
3249 1737 3316 1776 eo
3366 1721 3462 1776 tle-

1875 1839 2059 1888 curre,
2111 1822 2227 1877 sive
2271 1821 2639 1875 ministerium
2684 1825 2772 1872 est
2804 1817 2870 1870 ad
2903 1815 3299 1878 ministerium,
3345 1813 3464 1868 sive

1873 1932 2013 1987 opus
2062 1929 2325 1968 manuum
2381 1913 2448 1966 ad
2489 1925 2628 1980 opus
2674 1923 2962 1972 manuum,
3025 1908 3143 1962 sive
3187 1906 3351 1962 lectio
3395 1905 3462 1959 ad

1875 2009 2192 2064 lectionem.
2236 2003 2312 2058 Ne
2345 2017 2514 2073 porro
2553 2000 2770 2055 otiosus
2797 2000 3025 2054 omnino
3057 1999 3110 2051 in
3146 1998 3282 2069 cella
3313 1996 3464 2051 desi-

1874 2103 2005 2157 dere
2043 2101 2199 2160 velis,
2233 2114 2326 2163 ne,
2357 2095 2503 2167 quod
2531 2096 2680 2149 dictu
2718 2091 2913 2148 nefas:
2952 2090 3212 2146 Otiositas
3251 2098 3298 2142 te
3328 2089 3464 2142 mul-

1875 2205 1984 2248 tam
2037 2193 2304 2245 malitiam
2348 2192 2533 2241 doceat
2557 2187 2624 2240 ⁸⁷.
2671 2185 2779 2240 Sed
2832 2199 3008 2253 neque
3059 2182 3458 2236 monasterium

1874 2287 2194 2346 ohambula,
2227 2283 2676 2350 laborantesque,
2707 2285 2802 2331 aut
2837 2277 3216 2331 ministrantes
3241 2273 3464 2328 curiose

1872 2381 2126 2434 observa.
2159 2374 2387 2431 Custodi
2418 2381 2600 2426 autem
2643 2370 2943 2432 silentium,
2972 2377 3025 2422 et
3056 2367 3274 2421 abstine
3309 2374 3363 2420 te
3393 2367 3463 2419 ab

1872 2472 2118 2528 omnium
2169 2467 2545 2522 familiaritate
2629 2471 2681 2517 et
2730 2461 3150 2526 consuetudine,
3203 2474 3327 2528 qua
3378 2465 3464 2513 est

1872 2579 2003 2619 vera
2059 2562 2444 2633 peregrinitas.
2504 2557 2624 2611 'l‘ibi
2683 2556 2810 2617 soli,
2871 2565 2924 2616 et
2982 2552 3133 2623 Operi
3197 2565 3460 2606 manuum

1872 2658 2258 2728 qualecunque
2300 2661 2408 2716 est,
2456 2649 2697 2706 attende.
2743 2648 2978 2701 Alterius
3019 2645 3236 2709 cellam,
3285 2643 3388 2698 nisi
3426 2657 3455 2696 a

1873 2759 2031 2822 patre
2086 2758 2182 2802 tuo
2233 2744 2533 2813 spirituali,
2586 2750 2680 2794 aut
2748 2754 2775 2791 a
2830 2738 3151 2791 monasterii
3199 2743 3456 2790 curatore

1873 2843 2077 2896 missus
2110 2840 2187 2894 sis
2231 2835 2368 2905 (l0).
2415 2849 2482 2889 ne
2526 2831 2860 2902 ingrediare.
2899 2829 3018 2896 Quo
3059 2843 3183 2882 cum
3218 2828 3459 2890 veneris,

1873 2950 2004 2990 cave
2053 2947 2189 2986 neve
2231 2930 2410 2994 dicas,
2457 2943 2593 2982 neve
2643 2925 2838 2980 audias
2883 2923 3167 2993 quidpiam
3207 2931 3362 2974 extra
3406 2921 3462 2974 id

1872 3025 2015 3094 quod
2051 3038 2141 3078 res
2169 3021 2428 3092 postulat,
2459 3018 2617 3087 cujus
2649 3033 2778 3087 ergo
2805 3017 3010 3070 missus
3038 3029 3098 3069 es
3129 3030 3144 3066 :
3179 3013 3272 3068 sed
3331 3027 3458 3065 cum

1874 3116 2113 3170 breviter
2140 3111 2519 3182 responderis,
2549 3121 2838 3165 revertere.
2875 3106 3029 3174 Quod
3059 3106 3103 3160 si
3135 3108 3185 3158 in
3223 3105 3456 3158 transitu

1795 3218 1840 3275 (ζ
1875 3210 2098 3264 fratrem
2133 3207 2333 3270 solum,
2363 3216 2455 3258 aut
2491 3218 2610 3257 cum
2642 3203 2812 3256 altero
2840 3200 3146 3263 sedentem,
3172 3207 3226 3251 et
3256 3197 3459 3250 intem-

1877 3301 2090 3370 pestive
2115 3298 2444 3368 garrientem
2476 3293 2783 3362 aspexeris,
2821 3292 3000 3359 capite
3032 3288 3358 3357 profundius
3381 3289 3466 3339 in-

1877 3391 2083 3445 clinato
2118 3388 2320 3441 tacitus
2352 3384 2585 3455 praeteri.
2623 3381 2746 3436 Noli
2779 3383 3058 3444 accedere,
3097 3392 3150 3434 et
3180 3394 3285 3432 una
3321 3392 3464 3430 con-

1877 3479 2079 3540 sidere,
2122 3492 2334 3531 memor
2384 3476 2530 3530 illius
2573 3490 2642 3528 ex
2683 3472 2900 3528 Psalmo
2939 3492 2952 3528 :
2998 3471 3192 3526 Beatus
3226 3471 3328 3532 vir,
3371 3469 3464 3538 qui

1874 3591 1982 3630 non
2004 3573 2137 3626 abiit
2169 3574 2222 3624 in
2254 3570 2474 3625 consilio
2505 3569 2814 3637 impiorum,
2845 3579 2894 3621 et
2926 3569 2980 3620 in
3010 3568 3092 3620 uia
3121 3574 3462 3634 peccatorum

1877 3681 1980 3718 non
2025 3666 2190 3726 stetit,
2237 3671 2284 3716 et
2330 3663 2384 3714 in
2432 3659 2690 3713 cathedra
2735 3659 3052 3725 pestilentia:
3091 3674 3196 3710 non
3239 3657 3372 3708 sedit
3394 3654 3460 3708 ⁸⁸.

1877 3755 2207 3811 Pestilentes
2243 3767 2482 3821 namque
2521 3759 2650 3805 sunt
2682 3748 3022 3819 lmjusmodi,
3057 3748 3201 3805 sicut
3233 3754 3288 3799 et
3319 3744 3462 3797 Pau-

1875 3848 1960 3902 lus
1984 3849 2062 3901 ait
2085 3865 2098 3900 :
2135 3844 2491 3912 Corrumpunt
2527 3845 2688 3896 bonos
2720 3857 2892 3894 mores
2915 3839 3179 3908 colloquia
3207 3853 3374 3906 prava
3395 3837 3462 3891 δ’.

1874 3939 1993 3994 Jam
2027 3941 2071 3994 si
2107 3939 2238 4009 quid
2270 3937 2439 4008 pestis
2469 3945 2575 4000 est,
2596 3935 2736 3991 idem
2762 3944 2846 3990 est
2875 3943 2926 3989 et
2953 3932 3257 4001 corruptio.
3282 3929 3467 3995 Quare

1877 4049 2000 4087 cum
2033 4031 2215 4086 otiosa
2255 4029 2654 4091 fabulantibus,
2699 4027 2923 4089 dilecte,
2963 4040 3033 4079 ne
3068 4023 3310 4086 sederis;
3361 4037 3466 4075 nec

1876 4123 2031 4177 dicas
2057 4141 2072 4176 :
2104 4121 2335 4175 Audiam
2364 4127 2418 4173 et
2445 4133 2545 4189 ego
2571 4117 2701 4187 quid
2729 4115 3064 4186 loquamini;
3093 4115 3188 4168 sed
3221 4120 3280 4166 ut
3303 4112 3465 4166 modo

1877 4214 2111 4278 aiebam,
2146 4213 2248 4268 sub
2277 4212 2450 4265 misso
2476 4218 2791 4265 reverenter
2819 4207 3018 4276 capite,
3052 4204 3288 4274 praeteri.

1954 4305 2243 4360 Silentium
2317 4312 2372 4358 et
2413 4314 2617 4359 statum
2660 4301 3150 4368 conditionemque
3188 4296 3467 4367 peregrini

1878 4413 2055 4454 serva.
2121 4397 2450 4454 Silentium.
2513 4396 2642 4448 dmn
2703 4392 3028 4461 tibimetipsi
3091 4401 3284 4445 tacens
3354 4391 3465 4452 ais,

1879 4489 2143 4559 quidnam
2173 4503 2275 4560 ego
2304 4489 2434 4542 boni
2465 4503 2690 4557 possum
2729 4486 3002 4556 proloqui.
3034 4484 3126 4554 qui
3165 4491 3314 4537 totus
3339 4496 3462 4536 sum

188 4581 237 4628 te
262 4575 329 4629 ad
356 4590 501 4646 Oplts
533 4577 638 4633 hoc
664 4578 1051 4644 assuefeceris,
1086 4579 1238 4634 brevi
1267 4588 1514 4649 tempore
1545 4595 1772 4650 proces-
1803 4554 1852 4613 D
1881 4554 2081 4646 lutum,
2120 4591 2175 4636 et
2211 4554 2444 4636 fatuus?
2466 4554 2592 4634 imo
2624 4554 2792 4634 etiam
2828 4554 3053 4648 hospes,
3093 4586 3148 4630 et
3178 4576 3464 4644 indignus,

188 4681 278 4719 sus
324 4669 552 4734 eﬂicies,
596 4679 648 4724 et
687 4672 742 4724 in
774 4673 951 4724 virum
994 4671 1322 4740 perfectum,
1358 4672 1412 4724 in
1455 4687 1769 4726 mensuram

188 4762 361 4816 aetatis
411 4761 770 4830 plenitudinis
809 4763 1016 4818 Christi
1055 4779 1338 4819 occurres.
1370 4765 1591 4821 lnstans
1623 4768 1767 4822 enim

192 4853 281 4907 tibi
315 4855 445 4924 ipsi,
478 4871 549 4909 ne
580 4855 716 4909 citra
752 4855 1026 4927 lacrymas
1060 4858 1441 4928 prtescriptnm
1489 4859 1768 4924 Ecclesiae,

190 4961 278 5000 seu
338 4949 788 5018 congregationis
846 4949 1095 5004 officium
1162 4951 1449 5013 decurras,
1519 4952 1770 5007 habitum

193 5036 314 5090 boni
359 5039 527 5104 hujus
573 5039 922 5108 adipisceris,
967 5051 1132 5111 atque
1167 5042 1221 5095 in
1267 5044 1384 5109 ipsa
1419 5044 1769 5114 sticlmlogia,

189 5140 237 5181 et
267 5133 531 5200 trepariis
558 5147 681 5201 qua
722 5133 932 5200 psallis,
980 5135 1146 5188 alitur
1191 5136 1411 5190 animus
1457 5145 1605 5198 tuus,
1640 5137 1770 5192 dum

189 5222 403 5277 divinos
436 5239 630 5278 eorum
660 5240 882 5289 sensus,
919 5227 973 5278 in
1007 5241 1064 5280 se
1094 5227 1308 5296 recipit,
1345 5236 1398 5281 et
1431 5243 1525 5296 per
1559 5243 1620 5282 ea
1651 5245 1771 5298 quae

190 5316 468 5378 dicuntur,
516 5315 583 5370 ad
615 5331 678 5370 ea
716 5333 834 5385 qua:
879 5317 1281 5387 intelliguntur,
1325 5333 1479 5372 mens
1511 5321 1766 5388 provehi-

191 5416 296 5471 tur,
349 5410 613 5478 dulcique
652 5409 780 5464 lletu
813 5409 1052 5474 stillans,
1099 5411 1170 5463 ita
1214 5411 1270 5463 in
1311 5421 1460 5465 coetu
1507 5414 1764 5476 fratrum,

192 5510 247 5554 ut
281 5505 330 5556 in
369 5505 513 5557 caelo
557 5518 684 5557 cum
725 5503 902 5558 beatis
947 5504 1224 5559 mentibus
1260 5503 1421 5558 vit-is.
1467 5503 1566 5558 Fer
1599 5505 1767 5574 igitur

260 5711 306 5742 “
358 5711 554 5765 .‘tlatth.
610 5727 663 5771 ι,
703 5709 792 5764 29..
876 5710 917 5741 “
969 5708 1144 5762 Eccli.
1200 5723 1397 5769 xxxm,
1466 5707 1560 5761 9.9.

1637 5707 1684 5740 “
1723 5705 1870 5762 Psal.
1897 5721 1936 5770 I,
1975 5705 2028 5758 Ι.

1879 4677 1975 4748 qui
2019 4675 2234 4744 loquar,
2274 4685 2368 4728 aut
2396 4674 2631 4737 audiam,
2669 4680 2763 4726 aut
2806 4673 2952 4726 inter
2983 4669 3236 4724 homines
3275 4681 3468 4721 nume-

1882 4785 1988 4824 rer.
2021 4767 2468 4836 Peregrlnitatem
2506 4780 2658 4829 vero,
2698 4765 2996 4834 fugamque
3027 4762 3208 4817 omnis
3231 4775 3465 4815 consoro

1883 4861 1965 4921 tii,
2012 4860 2141 4913 dum
2199 4858 2315 4911 haec
2351 4856 2584 4927 cogitas,
2630 4864 2681 4909 et
2724 4855 2941 4908 tibimet
2978 4851 3210 4914 occinis,
3257 4847 3468 4902 consti-

1882 4963 2042 5008 tuens
2070 4952 2168 5006 tibi
2203 4958 2427 5020 peccata
2457 4958 2548 5002 tua
2590 4956 2718 5001 ante
2751 4945 2962 5005 oculos,
2997 4958 3096 4998 nec
3127 4941 3475 5011 primoribus

1880 5046 2145 5101 duntaxat
2171 5043 2364 5106 labris,
2389 5041 2483 5095 sed
2509 5056 2574 5094 ex
2607 5037 2926 5109 praecordiis
2959 5037 3097 5090 dicis
3130 5054 3143 5088 :
3172 5034 3309 5098 Quis
3343 5049 3470 5088 sum

1882 5154 1983 5210 ego
2031 5137 2282 5206 ahjectus
2334 5143 2388 5189 et
2438 5132 2586 5194 vilis,
2634 5129 2894 5199 ignobilis
2940 5134 2995 5181 ct
3044 5125 3352 5185 mendicus,
3409 5132 3468 5177 ut

1881 5229 2072 5283 cellam
2135 5225 2365 5279 alterius
2427 5219 2694 5278 subeam?
2745 5233 2931 5272 nonne
2986 5225 3043 5270 ut
3101 5229 3185 5267 me
3244 5213 3467 5276 viderit,

1877 5320 2036 5392 quasi
2091 5326 2396 5371 monstrum
2452 5312 2844 5368 aversabitur?
2895 5323 3078 5363 nonne
3120 5307 3287 5367 dicet,
3332 5303 3468 5374 quid

1878 5411 2254 5469 exsecrandus
2288 5412 2394 5464 iste
2437 5410 2504 5462 ad
2552 5421 2641 5462 me
2684 5405 2855 5467 venit,
2892 5411 2953 5456 ut
2985 5400 3237 5456 cellulam
3284 5411 3467 5451 meam

1880 5502 2150 5558 incestet‘l
2189 5499 2253 5554 Et
2294 5511 2613 5569 quanquam
2666 5509 2696 5548 a
2747 5490 3016 5565 principio
3059 5488 3176 5544 hac
3227 5483 3372 5555 apud
3411 5492 3473 5539 te

2105 5704 2152 5738 δ’
2183 5702 2200 5756 Ι
2231 5703 2359 5756 Cor.
2388 5718 2473 5766 xv,
2517 5701 2609 5756 35.

262 5910 372 5982 (10)
407 5913 550 5982 Περὶ
590 5911 682 5964 τοῦ
712 5911 1020 5965 διακονιτοῦ
1044 5911 1140 5979 τῆς
1169 5910 1336 5979 μονῆς
1368 5909 1488 5966 vide
1515 5907 1769 5963 Cassiau.

1874 5907 2009 5962 illat.
2046 5921 2154 5969 xxi,
2193 5921 2314 5968 cap.
2354 5904 2374 5955 l
2411 5913 2459 5956 et
2499 5903 2554 5956 ε.
