4170 6452
688 384 796 449 443

1930 388 2314 451 SYMEONIS
2354 386 2742 451 JUNIORIS.

3850 373 3956 435 ιιι

693 502 877 554 dicere
921 513 1031 554 non
1080 498 1331 570 potuisti,
1381 506 1561 554 tamen
1604 498 1806 555 sensim
1838 500 2002 554 etiam
2038 500 2103 553 ad
2143 501 2265 562 hoc,
2299 500 2344 557 Α
2374 497 2683 566 quempiam
2706 492 2902 549 sedere
2924 487 3301 563 conspiceris;
3337 488 3566 560 perinde
3589 502 3652 544 ac
3685 488 3729 545 si
3761 498 3956 544 omnes

693 592 866 662 gratia
909 592 1008 646 tibi
1042 601 1374 660 cooperante
1409 594 1716 661 ,.cri'enies.
1747 593 1982 646 Tantum
2014 592 2139 644 audi
2185 606 2271 644 me

696 684 996 750 humilem;
1032 693 1244 738 tantum
1281 684 1365 738 fac
1398 685 1596 738 borum
1641 685 1881 747 initium,
1923 683 2109 748 frater,
2143 692 2271 737 tan-

696 786 813 831 tum
852 776 966 830 haec
994 777 1196 842 facere,
1227 785 1280 830 et
1313 792 1495 845 agere,
1530 786 1583 831 et
1616 777 1764 846 loqui
1800 777 2006 838 ordire,
2042 787 2095 830 et
2128 775 2271 830 Deus

693 878 750 923 te
777 862 1136 922 non'deseret
1163 892 1176 923 :
1213 871 1349 921 mire
1377 870 1520 922 enim
1554 879 1607 922 te
1637 879 1809 934 amat,
1843 878 2003 938 teque
2032 869 2097 922 ad
2128 869 2273 937 agni-

697 960 900 1014 tionem
929 961 1176 1014 veritatis
1203 962 1390 1013 venire
1407 961 1474 1025 '°,
1506 969 1558 1016 et
1586 963 1784 1015 salvari
1810 962 2105 1016 desiderat.
2135 962 2270 1015 Cum

702 1059 916 1118 tempus
962 1066 1132 1115 usque
1181 1052 1245 1103 ad
1304 1051 1490 1103 horam
1541 1052 1795 1122 liturgiir,
1844 1069 1940 1106 seu
1983 1054 2160 1106 missa:
2193 1053 2274 1107 sic

697 1144 1052 1205 transegeris.
1088 1144 1284 1197 iterum
1322 1161 1520 1214 magno
1551 1145 1759 1208 studio,
1799 1155 1851 1198 et
1884 1148 2168 1200 alacritate
2204 1145 2272 1199 ad

707 1239 940 1304 synaxin
977 1237 1144 1289 'vatle.
1200 1233 1292 1289 Sta
1345 1252 1406 1290 ea
1451 1236 1645 1300 forma,
1690 1254 1851 1304 quant
1905 1239 1957 1292 in
2003 1241 2271 1294 matutina

698 1325 989 1393 (loxologia
1022 1327 1119 1380 tibi
1159 1329 1621 1396 praeseripsimus,
1655 1341 1706 1383 et
1743 1332 1920 1384 luctus
1951 1334 2270 1400 neutiquam

699 1418 1044 1473 obliviscere.
1083 1422 1214 1473 Asta
1261 1437 1383 1473 cum
1423 1433 1682 1486 tremore,
1728 1433 1912 1491 ntpote
1951 1423 2147 1476 Filium
2180 1424 2271 1478 Dei

697 1520 921 1579 propter
949 1521 1000 1565 te
1034 1514 1334 1566 sacriﬁcari
1366 1516 1736 1584 conspiciens,
1774 1527 1827 1569 et
1868 1517 1910 1569 si
1958 1517 2155 1584 dignus
2187 1531 2271 1579 es,

696 1610 864 1672 atque
898 1605 962 1655 ad
1008 1605 1107 1657 boc
1140 1607 1417 1674 expiatus,
1451 1608 1501 1660 in
1547 1609 1741 1662 timore
1767 1617 1817 1662 et
1850 1612 2048 1678 gaudio
2074 1609 2273 1664 accede

699 1694 1208 1749 communicaturus
1253 1697 1408 1750 bonis
1456 1699 1935 1753 inenarrabilibus.
1991 1700 2122 1756 Post
2179 1718 2274 1756 ex-

700 1796 903 1838 tremas
949 1803 1136 1854 preces
1177 1804 1455 1857 egressus,
1505 1807 1626 1845 eum
1669 1793 1925 1846 omnibus
1961 1794 2271 1847 accubitum

700 1876 800 1939 ito,
845 1891 943 1932 nec
973 1888 1022 1931 te
1055 1894 1084 1932 a
1117 1878 1376 1935 fratribus
1404 1882 1508 1936 tuis
1536 1897 1748 1948 separa.
1785 1885 1846 1937 Et
1875 1885 2140 1952 siquidem
2174 1886 2278 1938 mi-

703 1969 941 2024 nistrare.
970 1971 1272 2037 jnbeberis,
1309 1984 1425 2028 asta
1455 1989 1508 2029 ut
1539 1975 1782 2041 Christo,
1817 1993 1922 2029 non
1959 1986 2016 2030 ιιι
2048 1977 2278 2030 Ιιοηιίιιί-

703 2063 826 2121 bus.
872 2064 1090 2118 sincero
1134 2067 1348 2130 aﬁ‘eetu,
1393 2077 1446 2121 et
1483 2085 1548 2123 ex
1582 2070 1871 2132 charitate,
1903 2071 2180 2132 omnibus,
2219 2083 2275 2124 nt

702 2157 934 2219 sanctis,
960 2159 1039 2208 vel
1074 2161 1278 2227 potius,
1307 2163 1451 2214 sicut
1473 2162 1816 2228 dicebamus,
1849 2171 1907 2216 ut
1933 2164 2029 2229 ipsi
2056 2164 2274 2218 Cltrislo

703 2248 1120 2304 ministratnrus
1154 2270 1166 2304 :
1199 2254 1386 2306 animo
1413 2254 1657 2323 singulos
1696 2255 1862 2308 veluti
1896 2256 2273 2323 complexans,

697 2348 757 2393 et
793 2341 1028 2407 teipsum
1067 2343 1370 2397 intentione
1400 2359 1463 2398 ac
1492 2344 1774 2400 voluntate
1809 2355 1978 2400 totum
2015 2364 2109 2418 per
2139 2349 2272 2409 cha-

697 2433 917 2485 ritatem
959 2434 1040 2487 eis
1072 2436 1415 2502 impendens,
1463 2445 1517 2491 et
1553 2446 1604 2490 te
1633 2453 1696 2491 ex
1735 2440 2040 2494 ministerio
2074 2441 2178 2495 isto
2206 2440 2273 2495 ad

698 2527 1047 2579 sanctimonii
1118 2525 1360 2581 fructum
1430 2531 1844 2600 percipiendum
1915 2534 2270 2588 conﬁrmans.

698 2614 856 2680 Quod
885 2618 928 2668 si
962 2633 1162 2672 mensa;
1190 2637 1312 2672 cum
1348 2625 1559 2676 caeteris
1586 2634 1642 2675 tu
1675 2640 1894 2693 quoque
1926 2627 2274 2691 accubueris,

696 2721 765 2758 en
800 2709 929 2775 qttid
966 2710 1084 2773 tibi,
1125 2719 1182 2762 ιιι
1209 2711 1408 2766 dilecto
1453 2716 1616 2781 patri,
1666 2731 1728 2769 ac
1779 2716 1930 2770 fratri
1974 2734 2094 2772 meo
2124 2735 2276 2773 inan-

698 2796 844 2850 dem.
896 2798 974 2850 Ad
1008 2805 1290 2866 appositas
1329 2804 1519 2870 epulas
1552 2819 1618 2857 ne
1665 2805 1897 2860 festinus
1937 2822 2000 2860 ac
2035 2825 2276 2878 prreceps

700 2903 920 2940 manum
961 2892 1244 2954 extendas.
1285 2905 1576 2963 antequam
1616 2899 1863 2952 seniores
1906 2899 1972 2953 de
2014 2900 2275 2956 fratribus

699 2980 984 3035 comedere
1006 2982 1356 3052 incipiant,et
1377 2996 1667 3056 antequam
1689 3005 1924 3058 superne
1942 3007 1970 3043 a
1991 2993 2276 3047 sacerdote

700 3072 926 3126 recitata
976 3073 1045 3127 sit
1089 3076 1418 3132 benedictio.
1452 3080 1699 3146 Cumque
1735 3083 1896 3136 simul
1929 3098 2054 3136 cum
2090 3084 2274 3139 fratri-

2375 590 2453 644 illi
2500 589 2696 643 divites
2735 587 2846 642 sint
2885 584 3205 648 virtutibus,
3247 593 3304 637 tu
3336 591 3516 637 autem
3553 581 3863 647 mendicus,
3899 592 3957 635 et

2359 680 2578 744 nudus,
2612 688 2664 734 et
2706 678 2798 747 qui
2833 679 2975 731 inter
3007 691 3103 731 eos
3132 689 3376 743 versere,
3418 689 3722 744 eorumque
3766 674 3956 728 vultus

2376 776 2632 846 aspicias,
2666 772 3106 840 indignissimus.

2445 870 2717 924 Caeterum
2748 866 2929 919 cibum
2972 871 3240 929 tacturus,
3286 878 3507 917 rursum
3560 861 3664 917 ista
3700 870 3956 930 peccato-

2376 980 2497 1018 rum
2563 971 2781 1015 tuorum
2849 959 3172 1012 recordatus
3227 957 3535 1026 cogitabis:
3589 955 3669 1010 An
3729 970 3835 1007 non
3902 953 3956 1006 in

2369 1053 2637 1124 judicium
2699 1059 2753 1104 et
2788 1049 3308 1104 condemnationem
3347 1049 3458 1109 ﬁat,
3508 1047 3553 1101 si
3583 1046 3712 1116 quid
3747 1061 3811 1098 ex
3861 1059 3952 1114 ap-

2375 1146 2571 1217 positis
2599 1143 2936 1213 contigerni
2978 1141 3087 1196 Deo
3131 1144 3273 1196 enim
3310 1140 3402 1210 qui
3457 1139 3570 1194 haec
3621 1137 3952 1206 procreavit,

2377 1239 2643 1306 nobisque
2695 1237 2964 1291 vescenda
3026 1236 3254 1306 largitus
3310 1244 3416 1299 est,
3471 1247 3572 1303 ego
3619 1231 3688 1286 ab
3721 1229 3956 1283 infantia

2376 1347 2492 1385 mea
2524 1330 2847 1383 inubediens
2902 1328 3002 1392 fni,
3032 1337 3086 1382 et
3121 1333 3342 1382 sanctas
3380 1325 3524 1394 leges
3561 1322 3683 1389 ejus
3713 1335 3822 1374 non
3856 1334 3960 1372 cu-

2376 1422 2598 1477 stodivi.
2634 1420 2697 1473 Et
2730 1420 3004 1489 quomodo
3035 1419 3194 1473 bonis
3225 1419 3399 1488 ipsius
3427 1414 3656 1484 proinde
3687 1423 3744 1467 ut
3775 1413 3957 1468 sancti

2375 1516 2565 1570 Patres
2598 1515 2688 1568 isti
2723 1531 2823 1581 ego
2855 1528 3070 1582 quoque
3121 1512 3378 1578 indignus
3418 1519 3472 1562 et
3505 1525 3630 1561 rcus
3660 1507 3914 1577 perfruar
3936 1504 3963 1556 ?

2375 1607 2493 1674 Quo
2524 1607 2674 1660 vultu
2712 1615 2838 1660 ante
2871 1605 3061 1659 oculos
3098 1603 3310 1658 Domini
3345 1603 3447 1655 mei
3485 1615 3584 1661 ego
3610 1615 3843 1668 nequam
3905 1605 3962 1651 et

2377 1699 2660 1766 improbus
2724 1706 2779 1750 et
2835 1699 3083 1766 ingratus
3135 1710 3345 1759 servus,
3396 1695 3716 1762 priusquam
3761 1705 3962 1759 pecea-

2379 1797 2557 1842 tornm
2637 1803 2721 1841 me
2797 1787 3138 1855 pmnituerit,
3177 1793 3232 1838 et
3294 1784 3362 1837 ab
3414 1783 3556 1836 illius
3626 1780 3962 1846 benignitate

2379 1879 2593 1933 veniam
2634 1876 2870 1946 perfecte
2904 1874 3232 1942 acceperim,
3265 1874 3398 1926 sicut
3428 1872 3521 1941 qui
3555 1887 3660 1925 non
3695 1885 3963 1940 peccave-

2381 1977 2529 2036 runt,
2554 1978 2646 2022 aut
2671 1985 2795 2022 cum
2829 1975 3172 2037 peccassent,
3203 1981 3299 2034 per
3327 1964 3708 2033 pcenitentiam
3741 1963 3961 2014 veniam

2380 2062 2761 2128 impetrarunt,
2801 2059 2916 2126 ipse
2974 2058 3183 2128 pariter
3235 2057 3546 2117 comedam,
3577 2063 3630 2108 et
3663 2053 3844 2107 bibam
3905 2062 3964 2107 et

2379 2167 2502 2204 cum
2545 2152 2751 2204 sanctis
2777 2150 3084 2218 gaudeam?
3136 2149 3294 2202 Nullo
3326 2147 3507 2212 modo,
3565 2146 3654 2201 sed
3711 2147 3834 2199 cibo
3909 2155 3966 2198 et

2379 2243 2601 2312 potione
2637 2243 2813 2297 solum
2857 2250 2998 2308 utar,
3051 2257 3119 2296 ne
3150 2242 3256 2294 vita
3289 2240 3561 2303 deﬁciam,
3597 2249 3651 2292 et
3688 2239 3962 2304 meipsutn

2379 2335 2690 2398 macerabo,
2720 2336 2979 2390 cruciabo
3039 2343 3092 2388 et
3122 2333 3419 2394 daninabo,
3453 2339 3512 2384 ut
3546 2331 3689 2384 Dens
3717 2329 3961 2399 desuper

2381 2429 2709 2498 respiciens,
2750 2438 2805 2483 et
2844 2428 3129 2498 angustias
3177 2427 3654 2496 voluntariamque
3708 2424 3962 2478 afﬂictio-

2377 2537 2503 2576 nem
2541 2536 2716 2575 meam
2779 2521 3021 2586 intuens,
3090 2520 3440 2582 misereatur,
3497 2526 3552 2573 et
3601 2519 3771 2572 multa
3823 2517 3957 2572 mihi

2378 2620 2599 2680 peccata
2639 2624 2756 2662 mea
2806 2610 3074 2678 ignoscat.
3113 2607 3239 2660 llaec
3292 2608 3460 2675 igitur
3509 2607 3711 2674 cogita,
3761 2606 3962 2659 borum

2379 2701 2679 2753 identidem
2733 2711 3027 2754 memento.
3071 2700 3274 2754 Adliaac
3307 2701 3511 2767 impera
3565 2700 3661 2752 tibi
3698 2706 3775 2751 tot
3804 2697 3965 2753 bolos

2377 2793 2564 2855 edere,
2599 2802 2657 2845 ιιι
2694 2794 2955 2845 saturitas
2986 2808 3094 2844 non
3132 2799 3420 2859 sequatur,
3453 2790 3625 2843 multo
3661 2788 3958 2858 pauciores

2379 2889 2590 2956 utique,
2623 2904 2786 2956 quam
2820 2903 2916 2956 pro
2944 2886 3292 2948 neceSsitate,
3331 2895 3385 2937 et
3420 2899 3583 2953 quam
3615 2897 3965 2946 concoquere

2379 2996 2591 3050 posses.
2625 2980 2758 3034 Item
2795 2996 2986 3044 ttuttm,
3022 2986 3115 3031 aut
3147 2977 3256 3030 duo
3291 2980 3511 3046 poeula,
3535 2984 3589 3030 et
3627 2975 3677 3029 id
3699 2990 3804 3029 una
3827 2976 3965 3029 liora

2381 3075 2483 3128 diei
2519 3074 2821 3126 constituta
2861 3086 3099 3125 sumere.
3142 3069 3279 3123 Cum
3328 3068 3595 3131 comedis,
3651 3083 3718 3120 ne
3751 3068 3964 3132 cogita-

702 3166 804 3220 btts
837 3182 900 3220 ac
945 3170 1194 3235 patribus
1222 3173 1329 3225 tuis
1365 3187 1566 3240 corpus
1605 3174 1726 3227 cibo
1763 3175 1987 3228 reﬁcere
2017 3179 2272 3245 crepet-is,

2382 3169 2512 3221 tiuni
2547 3166 2802 3220 subeunti
2835 3164 3020 3225 cedas.
3048 3172 3106 3216 ιιι
3133 3161 3338 3231 aliquid
3365 3162 3429 3214 de
3460 3161 3730 3230 appositis
3763 3161 3964 3229 eligas,
3996 3155 3998 3158 ’

699 3260 921 3314 attende
962 3262 1078 3324 tibi,
1129 3279 1290 3330 quam
1337 3267 1823 3334 compositissime,
1867 3279 1920 3322 et
1963 3270 2158 3324 tacitus
2189 3286 2274 3326 se-

698 3352 855 3415 dens,
899 3369 1021 3406 cum
1072 3356 1218 3408 nullo
1252 3357 1470 3424 penitus
1505 3359 1732 3426 loquens
1760 3401 1774 3422 ,
1818 3360 1870 3413 in
1915 3362 2148 3415 lectione
2183 3365 2277 3418 de-

703 3447 864 3506 fixus,
903 3455 954 3498 et
991 3455 1048 3498 nt
1078 3461 1298 3516 corpus.
1331 3448 1412 3502 sic
1445 3449 1687 3502 animum
1715 3467 1933 3520 quoque
1965 3471 2034 3508 ex
2075 3456 2276 3509 divinis

702 3540 878 3593 sancti
935 3538 1171 3605 Spiritus
1221 3542 1459 3594 oraculis
1513 3542 1681 3597 alens.
1726 3545 1948 3611 Oportet
2002 3548 2146 3600 enim
2201 3557 2274 3612 te,

701 3646 826 3682 cum
871 3630 1119 3696 geminus
1160 3631 1260 3696 sis,
1297 3648 1360 3685 ex
1407 3649 1614 3698 antmo,
1668 3636 1914 3704 inquam,
1954 3648 2007 3690 et
2047 3654 2278 3706 corpore

701 3731 984 3785 constans,
1031 3725 1424 3778 convenienter
1450 3728 1668 3793 gemino
1703 3730 1964 3782 alimento
2002 3745 2064 3784 ac
2089 3746 2276 3785 mensa

709 3813 806 3864 uti.
852 3813 917 3866 Et
949 3829 1073 3866 cum
1111 3830 1316 3882 corpus
1358 3817 1454 3872 tibi
1496 3818 1568 3870 sit
1609 3829 1890 3886 terrestre,
1929 3822 2073 3889 quod
2108 3838 2276 3877 sensu

705 3905 1028 3972 percipitur,
1078 3906 1295 3961 animus
1347 3923 1498 3974 vero,
1549 3911 1642 3978 qui
1695 3913 1809 3965 sola
1865 3915 2079 3968 ratione
2121 3929 2276 3968 com-

705 3995 1082 4063 prehenditur,
1123 4013 1184 4050 ac
1205 3998 1425 4052 divintts
1465 4010 1571 4062 est,
1616 4000 1748 4054 illud
1789 4003 1953 4056 etiam
2007 4005 2281 4060 sensibili-

706 4087 832 4149 bns,
882 4097 934 4140 et
982 4103 1012 4141 e
1058 4098 1200 4141 terra
1245 4093 1600 4144 nascentibus
1636 4092 1857 4155 eduliis,
1894 4095 2035 4148 hunc
2063 4096 2280 4150 intelle-

703 4180 1323 4250 ctualibns,divinisque
1347 4181 1764 4250 Scripturarum
1789 4184 2022 4252 dapibus
2047 4189 2276 4246 nutrire.

701 4270 885 4337 Itaque
917 4283 1099 4338 partes
1133 4274 1185 4325 in
1227 4289 1412 4326 tnensa
1440 4275 1739 4341 appositas,
1772 4291 1896 4344 qua:
1934 4278 2074 4331 forte
2104 4279 2280 4347 major

701 4375 790 4415 aut
829 4363 1007 4416 minor
1039 4363 1110 4418 sit
1152 4365 1370 4418 curiose
1417 4380 1484 4418 ne
1531 4365 1790 4434 inspicias
1824 4386 1837 4421 :
1882 4367 1978 4422 sed
2015 4385 2136 4435 quae
2178 4371 2278 4425 tibi

703 4456 928 4525 praebita
969 4454 1154 4521 fuerit,
1203 4472 1321 4509 eam
1365 4473 1490 4511 cum
1539 4461 1689 4512 omni
1725 4461 2026 4529 gratiarum
2064 4464 2279 4516 aetione

2379 3258 2520 3326 quod
2556 3259 2855 3310 absumas:
2895 3255 2990 3309 sed
3025 3270 3157 3309 cave
3194 3269 3260 3307 ne
3297 3253 3428 3321 quid
3484 3253 3764 3315 comedas,
3813 3251 3966 3320 quod

2380 3352 2478 3404 tibi
2519 3349 2765 3418 sapidum
2799 3351 2914 3402 fore
2942 3349 3121 3401 visum
3156 3359 3279 3401 est:
3329 3346 3444 3400 sola
3496 3360 3629 3398 vero
3663 3360 3784 3413 qua:
3835 3354 3967 3399 ante

2381 3452 2433 3497 te
2468 3454 2615 3504 sunt,
2653 3441 2898 3495 comede.
2955 3441 3096 3504 Quin
3135 3440 3298 3492 etiam
3341 3439 3386 3494 si
3419 3438 3559 3492 forte
3599 3438 3833 3500 fructus,
3870 3445 3968 3488 aut

2382 3535 2488 3587 alia
2542 3534 2790 3603 quzedatn
2842 3533 3066 3584 bellaria
3122 3530 3347 3596 fuerint,
3383 3541 3432 3583 et
3474 3546 3643 3583 unum
3697 3530 3965 3592 quiddam

2384 3627 2477 3682 tibi
2507 3627 2776 3688 arristvrit,
2801 3625 3110 3692 dixeritque.
3139 3626 3305 3676 tacita
3327 3623 3622 3690 cogitatio:
3667 3620 3967 3674 Pulchrum

2380 3729 2462 3772 est
2491 3718 2641 3780 illud,
2671 3719 2854 3785 accipe
2905 3728 2956 3769 et
2988 3716 3235 3778 comede,
3268 3715 3334 3768 da
3367 3729 3588 3782 operam
3619 3730 3686 3768 ne
3718 3715 3964 3773 vincare.

2382 3827 2517 3865 neve
2553 3820 2745 3878 tangas
2784 3810 2913 3863 illud
2944 3827 2958 3872 ;
2992 3811 3213 3878 quando
3249 3823 3345 3878 per
3369 3806 3515 3860 aliud
3551 3807 3686 3860 nihil
3720 3805 3968 3858 Adamns

2381 3918 2411 3958 e
2455 3903 2712 3973 paradiso
2777 3903 3179 3957 exterminatus
3219 3909 3326 3963 est,
3394 3900 3498 3954 nisi
3555 3900 3682 3967 quia
3748 3898 3970 3952 arboris

2382 3997 2596 4052 fructus
2632 3995 2859 4065 pnlclter
2883 3997 2956 4054 ei.
2985 4001 3040 4048 et
3072 3994 3246 4047 bonus
3281 3993 3349 4047 ad
3402 3992 3732 4047 vescendum
3791 4006 3966 4060 appa—

2381 4089 2512 4149 ruit,
2546 4093 2598 4136 et
2633 4082 2870 4138 comedit
2906 4097 2971 4135 ex
3002 4083 3141 4146 ipso,
3172 4081 3403 4149 ideoque
3431 4081 3642 4147 ejectus
3675 4086 3729 4132 et
3763 4079 3968 4147 expul-

2384 4195 2502 4246 sus,
2552 4186 2838 4246 morteque
2917 4183 2971 4228 et
3004 4173 3362 4239 corruptione
3391 4172 3688 4225 damnatus
3721 4182 3826 4225 est.
3856 4168 3967 4234 Qui

2381 4286 2513 4338 ergo
2549 4271 2601 4322 in
2662 4267 3185 4338 paradisumillnm,
3242 4264 3324 4316 vel
3387 4265 3568 4333 potius
3620 4266 3673 4316 in
3737 4277 3969 4332 regnum

2383 4365 2651 4419 ctelorttm
2707 4362 2905 4416 reverti
2959 4362 3169 4422 volunt,
3221 4358 3622 4412 continentiam
3679 4356 3800 4409 sine
3859 4354 3968 4406 ulla

2385 4455 2832 4526 transgressione
2859 4454 3022 4507 etiam
3054 4450 3118 4503 ad
3149 4451 3264 4504 lucc
3287 4465 3460 4518 usque
3488 4463 3708 4503 servare
3729 4447 3924 4500 debent
3951 4487 3968 4511 ,

705 4561 1016 4617 susceptam
1061 4550 1307 4612 comede,
1365 4550 1530 4619 idque
1567 4560 1960 4621 temperanter,
2009 4556 2062 4608 in
2098 4558 2278 4610 omni.
2311 4540 2357 4596 D
2385 4564 2453 4602 ne
2486 4547 2746 4616 paulatim
2786 4547 2837 4597 in
2887 4543 3150 4610 majores,
3185 4551 3239 4594 et
3272 4543 3465 4595 noxias
3499 4540 3830 4609 cupiditates
3883 4539 3971 4592 in-

702 4642 804 4695 bus
860 4642 1206 4695 saturitatem
1275 4641 1523 4712 fugiens;
1583 4644 1866 4715 indignum
1919 4647 2173 4700 videlicet
2226 4655 2279 4703 te

703 4732 929 4785 fratrum
967 4750 1153 4788 mensa
1185 4744 1465 4802 reputans,
1500 4737 1738 4805 taliaque
1781 4747 1958 4791 tecum
2005 4742 2229 4793 volvens
2261 4756 2273 4791 :

701 4825 836 4889 Quis
879 4841 999 4877 sum
1046 4841 1144 4894 ego
1177 4826 1425 4893 abjectus
1456 4835 1510 4880 et
1544 4829 1750 4882 nullius
1794 4830 1975 4896 pretii.
2015 4839 2073 4882 ιιι
2125 4831 2276 4885 bisce

701 4918 909 4969 sanctis
939 4917 1230 4981 assideant,
1259 4930 1311 4972 et
1340 4921 1528 4973 cibum
1559 4937 1664 4973 una
1697 4923 1948 4990 capiam?
1976 4921 2065 4976 Sic
2097 4931 2273 4976 tecum

701 5005 952 5074 loquens,
990 5017 1106 5060 toto
1155 5010 1319 5063 corde
1360 5022 1412 5063 te
1452 5012 1631 5064 solum
1680 5023 2023 5081 peccatorem
2065 5015 2274 5069 ducito.

701 5097 1174 5163 Quemadmodum
1223 5102 1508 5158 mendicus
1548 5104 1770 5170 aliquis,
1813 5115 1866 5159 et.
1902 5106 2097 5174 pannis
2124 5107 2273 5161 obsi-

702 5197 814 5249 tus,
853 5189 897 5241 si
931 5190 983 5240 in
1021 5191 1260 5244 medium
1298 5193 1605 5262 principum
1640 5212 1704 5249 ac
1733 5197 1962 5250 divitum
1993 5198 2277 5265 splendide

702 5290 1138 5348 sumptuoseque
1176 5285 1506 5338 vestitorum
1558 5287 1839 5349 inciderit,
1875 5288 2171 5352 erubescit,
2214 5303 2279 5342 ac

704 5372 898 5424 timore
940 5371 1218 5438 perfusus.
1264 5391 1335 5430 ne
1386 5381 1833 5448 apprOpinquare
1889 5379 2130 5448 quidem,
2181 5389 2276 5451 aut

702 5462 928 5516 liberius
965 5468 1228 5518 accedere
1256 5468 1323 5521 ad
1368 5485 1700 5538 quemquam
1736 5485 1924 5524 eorum
1965 5474 2150 5524 audet.
2191 5471 2274 5525 Si-

707 5554 912 5607 militer
947 5566 998 5606 ιιι
1047 5573 1174 5625 erga
1209 5573 1401 5614 omnes
1433 5571 1483 5615 te
1523 5578 1670 5632 gere,
1713 5563 1890 5616 locum
1938 5572 2272 5631 postremum

711 5660 928 5716 semper
954 5649 1182 5718 eligens,
1210 5661 1263 5705 ct
1285 5668 1347 5708 os
1380 5654 1584 5723 pudore
1617 5656 1961 5723 suﬂuttdens,
1993 5672 2116 5711 cum
2151 5664 2276 5710 ante

780 5823 828 5855 ”
863 5823 883 5860 ¹
924 5823 1065 5881 Tim.
1102 5843 1161 5897 tt,
1200 5828 1253 5884 4.

2379 4648 2627 4694 currant.
2664 4638 2720 4692 Si
2760 4645 2813 4691 te
2847 4637 3044 4690 fratres
3080 4635 3243 4687 simul
3302 4632 3698 4687 accumbentes
3740 4633 3973 4685 hortau.

2379 4739 2492 4794 tur,
2527 4739 2585 4783 ut
2619 4729 2854 4798 amplius
2895 4729 3176 4788 comedas.
3235 4739 3329 4779 aut
3377 4726 3557 4784 bibas.
3616 4723 3756 4777 nibil
3819 4723 3971 4777 aliud

2379 4822 2764 4894 respondebis,
2802 4821 2902 4874 nisi
2960 4818 3105 4888 quod
3157 4817 3367 4886 junctis
3421 4816 3676 4869 manibns
3732 4801 3968 4885 paulum

2381 4931 2701 4984 assurgens,
2753 4913 3019 4967 inclinato
3069 4910 3269 4979 capite,
3333 4922 3399 4960 ac
3449 4923 3580 4961 voce
3631 4908 3740 4959 leni
3770 4907 3969 4961 dices:

2380 5009 2623 5078 Ignosce.
2658 5005 2746 5059 Sic
2797 5019 3016 5070 semper
3051 5002 3104 5054 in
3137 4999 3399 5054 omnibus
3451 4999 3804 5068 respondeto.
3861 4997 3971 5051 Nec

2378 5114 2712 5170 quemquam
2748 5097 2815 5151 de
2846 5098 2957 5149 tuis
3007 5094 3262 5162 reliquiis
3300 5093 3531 5155 honora,
3586 5106 3684 5144 nec
3740 5091 3808 5142 ab
3837 5093 3965 5144 aliis

2379 5195 2678 5266 quidquam
2735 5191 2948 5259 accipe.
2993 5188 3049 5241 Si
3092 5188 3282 5240 vinum
3341 5201 3448 5239 non
3490 5186 3658 5243 bibis,
3714 5185 3848 5237 illud
3906 5201 3971 5238 ne

2380 5301 2609 5357 poscas;
2637 5282 2734 5339 sed
2769 5298 2870 5336 nec
2899 5282 3054 5334 alteri
3101 5280 3345 5347 cuipiam
3378 5293 3443 5330 ex
3487 5277 3757 5329 fratribus
3788 5277 3970 5342 porri-

2383 5393 2504 5447 gas,
2549 5376 2654 5431 nisi
2698 5375 2837 5428 forte
2887 5373 3214 5440 peregrinus
3276 5379 3383 5432 ρει,
3440 5377 3492 5421 et
3534 5383 3669 5421 usus
3731 5368 3972 5435 alicujus

2385 5471 2560 5539 gratia
2591 5469 2655 5521 ad
2693 5477 2745 5520 te
2788 5467 2954 5526 venit,
2992 5463 3110 5516 Noli
3148 5477 3387 5529 unquam
3438 5476 3561 5512 cum
3617 5459 3801 5528 aliquo
3839 5470 3968 5512 ante

2385 5570 2601 5629 tempus
2629 5570 2870 5623 gustare,
2908 5572 3008 5610 nec
3041 5555 3256 5624 vesperi
3284 5553 3590 5613 comedere,
3622 5561 3713 5603 aut
3751 5552 3968 5610 bibere.

2386 5665 2478 5708 aut
2511 5667 2730 5709 cenare
2760 5651 2992 5714 iterum;
3046 5647 3172 5702 hinc
3219 5647 3363 5701 enim
3397 5644 3538 5698 tnala
3577 5644 3760 5698 omnia
3804 5643 3972 5712 proti-
