4170 6452
182 379 290 440 445

1498 377 1786 441 ORATIO
1821 377 1996 444 XXV.

3345 381 3451 445 446

185 496 492 546 riscuntur.
556 491 733 561 Atque
781 490 866 543 ha:
914 498 1042 545 sunt
1092 489 1324 556 insidi:c,
1375 501 1427 546 et
1478 491 1772 546 tcndiculzn
1803 488 1846 542 A
1877 504 2062 547 coram
2100 494 2230 559 Deo,
2269 495 2510 567 psallens
2546 495 2620 560 ei,
2653 504 2710 552 et
2749 496 3042 560 confitens,
3077 496 3328 567 nihilque
3361 511 3452 564 pe-

186 585 427 644 diaboli,
483 599 604 650 qua:
653 599 778 636 cum
814 584 1054 652 speciem
1099 584 1226 638 boni
1279 585 1536 650 habeant,
1589 596 1771 641 tamen

187 691 460 729 Venenum
495 685 684 744 tegunt
745 676 1112 737 mortiferum,
1149 693 1307 745 quas,
1342 679 1434 747 qui
1469 681 1644 733 credit
1679 696 1775 734 no-

188 771 299 834 bis,
339 771 532 840 fugiet,
569 778 622 824 et
675 771 768 838 qui
805 781 959 839 paret
1012 772 1194 827 verbis
1251 773 1410 838 meis,
1479 773 1776 842 adiuvante

189 861 321 920 Deo.
364 873 418 914 et
449 861 689 929 Spiritus
735 863 911 915 sancti
950 863 1147 930 gratia,
1183 864 1395 917 nullum
1432 865 1502 917 ab
1538 866 1618 919 eis
1653 866 1775 916 vul-

187 970 293 1009 nus
327 955 792 1010 detrimentumvc
821 958 1140 1024 rcportabit.
1187 957 1383 1011 Cinteri
1417 959 1580 1012 vitam
1613 975 1776 1012 mun-

185 1046 389 1098 danam
419 1047 524 1101 sub
555 1046 744 1101 habitu
776 1049 1032 1102 monachi
1066 1066 1125 1103 se
1154 1053 1464 1105 consectari
1496 1052 1774 1117 nesciunt,

187 1153 287 1191 nec
324 1154 384 1192 se
439 1141 491 1192 in
543 1138 803 1194 baratlira
890 1149 947 1196 et
1002 1143 1304 1213 praacipitia
1363 1143 1606 1199 incidere
1651 1159 1777 1198 sen-

188 1232 360 1287 tiunt.

257 1323 342 1377 Τιι
380 1326 567 1395 igitur,
601 1327 772 1382 frater
801 1330 1202 1394 amantissime,
1236 1329 1350 1385 haec
1372 1347 1591 1386 servare
1619 1332 1776 1398 velis,

187 1415 413 1470 etiamsi
475 1420 573 1472 tibi
636 1421 984 1475 moriendum
1036 1425 1150 1487 sit;
1214 1426 1418 1493 alioqui
1475 1425 1774 1479 dmmonem

186 1511 609 1580 gastrimargize,
671 1529 766 1568 seu
820 1517 959 1583 gula:
1004 1514 1244 1586 effugere
1290 1532 1398 1569 non
1438 1519 1665 1586 poteris.
1719 1518 1775 1572 Si

187 1602 528 1668 Servaveris,
580 1604 717 1658 scito
745 1605 1024 1659 diabolum
1060 1617 1414 1678 conspectum
1469 1621 1619 1663 tuum
1670 1627 1775 1663 non

187 1689 484 1751 ferentem.
545 1709 738 1749 omnes
792 1704 984 1752 contra
1042 1708 1094 1752 te
1156 1701 1380 1769 ignavos
1444 1717 1506 1756 ac
1561 1703 1778 1758 desides

1877 587 2027 640 nitus
2093 587 2400 657 negligens.
2463 588 2792 659 Vespertino
2847 591 3025 646 oflicio
3055 592 3347 659 completo,
3403 591 3452 648 si

1875 687 2030 748 potes
2064 693 2091 731 a
2127 680 2252 732 cibo
2282 690 2336 734 et
2398 689 2526 751 potu
2583 681 2862 736 abstinere
2908 682 3152 745 omnino,
3201 681 3456 737 decreve-

1876 771 2060 842 risque
2088 776 2257 833 semel
2284 776 2336 829 in
2357 775 2445 828 die
2474 777 2656 830 cibum
2688 791 2928 835 sumere.
2963 792 3068 830 non
3094 777 3370 844 vulgarem
3398 778 3452 832 in

1876 867 2239 936 persolvendo
2274 869 2582 934 vespertino
2615 867 2795 921 officio
2843 876 2962 928 tuo,
2996 877 3052 920 et
3092 870 3144 920 in
3180 878 3454 922 nocturna

1877 961 2214 1028 precatione,
2249 960 2543 1030 vigiliaque
2581 961 2874 1014 utilitatem
2915 961 3187 1013 invenies.
3225 960 3318 1013 Sin
3354 976 3452 1011 au-

1877 1061 2005 1116 tem,
2045 1069 2157 1107 uno
2183 1053 2480 1122 paximatio
2510 1070 2603 1108 seu
2643 1070 2798 1121 pane,
2828 1063 2884 1107 et
2914 1068 3021 1107 uno
3045 1067 3195 1116 aqua!
3235 1053 3454 1119 poenio,

1875 1156 2031 1200 extra
2061 1146 2114 1199 in
2150 1147 2507 1201 valitudinem
2539 1148 2775 1213 aliquam
2806 1156 2858 1200 et
2910 1148 3220 1215 languorem
3254 1155 3458 1198 stoma-

1877 1236 1990 1298 chi,
2031 1245 2328 1290 contentus
2407 1244 2550 1292 esto.
2611 1236 2714 1290 Ubi
2768 1251 2892 1289 cum
2948 1233 3215 1287 fratribus
3268 1247 3456 1300 preces

1879 1331 2225 1398 vespertinas
2283 1329 2392 1382 Deo
2443 1328 2775 1389 reddideris,
2842 1330 2906 1380 ad
2959 1326 3127 1394 pedes
3179 1325 3455 1395 praepositi

1879 1420 2106 1491 perinde
2146 1427 2202 1470 ut
2239 1419 2304 1472 ad
2340 1421 2489 1487 ipsos
2541 1419 2751 1473 Christi
2805 1420 2972 1489 pedes
3021 1421 3351 1488 procumbes
3405 1426 3458 1471 et

1879 1515 2261 1569 benedictione
2317 1513 2386 1565 ab
2425 1528 2491 1567 eo
2525 1522 2800 1582 percepta,
2849 1513 3212 1580 salutatisque
3247 1510 3457 1566 sanctis

1884 1606 2164 1670 fratribus,
2195 1606 2417 1669 tacitus,
2446 1606 2649 1659 nemini
2679 1606 2907 1659 verbum
2940 1605 3151 1658 faciens
3181 1605 3234 1656 in
3265 1604 3458 1657 cellam

1883 1708 2031 1752 tuam
2065 1698 2286 1763 recede,
2342 1697 2710 1765 obseratoque
2765 1698 2931 1762 ostio,
2966 1698 3183 1765 corripe
3216 1697 3457 1765 primum

185 1781 582 1844 excitaturum.
609 1786 702 1855 qui
730 1797 781 1842 te
800 1789 1015 1857 probris
1038 1793 1420 1854 conscindent,
1441 1793 1774 1860 irridebunt,
1809 1826 1854 1888 Β
1881 1791 2153 1850 codicem,
2180 1798 2234 1843 et
2265 1789 2476 1858 paginis
2501 1789 2723 1844 circiter
2753 1789 2932 1842 tribus
2951 1796 3157 1842 attente
3179 1786 3460 1855 perlectis,

187 1874 538 1940 invidebuut,
577 1878 832 1943 illudenl,
861 1882 1253 1953 vexabuntque
1287 1885 1505 1951 millies,
1559 1897 1614 1939 ut
1654 1897 1706 1941 te
1744 1903 1773 1941 a

185 1963 338 2018 bono
374 1967 636 2033 consilio,
689 1977 746 2024 et
798 1972 1114 2028 actionibus
1158 1973 1463 2030 salutiferis
1497 1986 1771 2031 avocent:

183 2069 311 2121 quae
367 2057 413 2110 si
451 2072 608 2127 aequo
664 2061 850 2115 animo
898 2065 1120 2129 toleres,
1175 2082 1433 2135 magnum
1488 2086 1518 2125 a
1561 2071 1671 2125 Deo
1722 2079 1778 2126 et

187 2144 484 2203 Salvatore
536 2161 734 2206 nostro
782 2156 1076 2222 auxilium,
1148 2159 1514 2227 solatiumque
1583 2177 1778 2217 conse-

183 2253 380 2306 quere.
435 2240 671 2296 Proinde
724 2251 779 2299 et
812 2245 938 2301 aliis
1003 2249 1056 2301 in
1116 2263 1274 2304 caena
1335 2253 1659 2308 sedentibus
1714 2269 1777 2310 ac

187 2331 567 2396 vescentibus,
598 2341 652 2388 te
701 2345 888 2391 autem
919 2354 1050 2401 non,
1101 2342 1198 2396 sed
1248 2343 1366 2398 sive
1400 2346 1774 2413 ministrante,

186 2423 305 2476 sive
335 2425 485 2478 aliud
521 2436 740 2496 agente,
791 2445 858 2485 ne
906 2433 1260 2500 obliviscare,
1301 2437 1468 2492 etiam
1506 2439 1620 2494 haec
1651 2441 1779 2497 tibi.

187 2527 301 2569 met
331 2519 531 2573 tacitus
567 2529 828 2576 cantare:
866 2521 922 2577 Si
955 2527 1092 2581 satis
1134 2537 1292 2584 etme
1322 2533 1693 2600 pmnituisset,
1723 2541 1780 2590 et

187 2609 324 2662 mihi
356 2627 573 2680 quoque
602 2623 822 2681 peccata
876 2632 993 2672 mea
1025 2621 1255 2676 remissa
1307 2634 1517 2688 essent,
1572 2628 1778 2694 gaude-

189 2716 307 2753 rem
342 2711 398 2754 et
455 2719 574 2773 ego,
636 2714 689 2759 et
738 2722 861 2760 cum
900 2710 1161 2764 fratribus
1197 2714 1333 2767 meis
1371 2717 1776 2774 aeemuberem.

187 2791 466 2858 Quoniam
494 2808 674 2851 autent
713 2815 810 2868 per
846 2802 990 2856 foeda
1041 2804 1285 2860 facinora
1333 2823 1451 2862 ntea
1489 2810 1775 2881 indignum

188 2902 280 2936 me
309 2887 519 2940 reddidi
565 2892 751 2953 miser,
788 2891 874 2947 hic
917 2896 1223 2950 secundum
1258 2912 1426 2967 opera
1483 2916 1599 2954 mea
1635 2900 1779 2955 reci-

189 2980 306 3044 pio.
371 2977 497 3031 Hzec
560 2980 652 3033 tibi
719 2981 910 3047 dicito,
964 2994 1017 3040 et
1059 2987 1267 3058 impera
1298 2990 1474 3044 ventri
1507 3001 1777 3061 quantum

188 3077 372 3136 potes.
412 3069 624 3124 Primos
670 3075 959 3130 accubitus
995 3093 1279 3149 nunquam
1332 3081 1626 3146 desidera;
1683 3085 1779 3140 sed

1881 1891 1964 1936 sta
2005 1882 2072 1935 ad
2101 1881 2392 1942 orandum,
2436 1883 2628 1950 psalle.
2669 1889 2722 1934 et
2751 1880 2920 1934 adora
2951 1881 3123 1934 Deum
3157 1877 3366 1947 quiete,
3399 1888 3460 1929 ut

1882 1989 1911 2028 a
1950 1973 2110 2027 nullo
2138 1973 2410 2026 audiaris.
2452 1970 2550 2026 Sta
2587 1983 2771 2026 autem
2809 1972 3067 2031 honeste,
3101 1984 3200 2023 nec
3249 1967 3464 2037 cogita-

1879 2068 2062 2122 tiones
2094 2067 2222 2121 alibi
2284 2076 2492 2120 temere
2548 2065 2735 2135 vagari
2797 2064 2939 2125 sine,
2979 2063 3073 2118 sed
3108 2078 3204 2116 eas
3239 2063 3458 2130 collige.

1876 2159 2168 2228 Conjunge
2217 2174 2437 2221 manus,
2491 2157 2764 2226 coniunge
2814 2156 2982 2226 pedes
3039 2157 3344 2222 :equaliter,
3407 2161 3463 2207 et

1880 2252 2252 2317 intmobiliter,
2293 2251 2407 2319 pari
2439 2251 2693 2318 vestigio.
2727 2247 2931 2304 Oculos
2960 2247 3174 2311 claude,
3219 2261 3288 2299 ne
3313 2245 3463 2298 aliud

1880 2343 2173 2414 aSpiciant,
2211 2351 2562 2413 mentemque
2614 2341 2951 2396 distrahant.
3007 2339 3242 2393 Mentem
3298 2353 3463 2406 porro

1881 2441 2079 2508 ipsam,
2135 2445 2422 2505 totumque
2471 2450 2566 2489 cor
2595 2443 2746 2488 tuum
2803 2433 2857 2486 in
2915 2432 3117 2488 cadum
3170 2430 3238 2484 ad
3291 2429 3460 2484 Deum

1890 2532 2060 2591 eleva,
2099 2531 2235 2584 inde
2264 2543 2390 2583 cum
2431 2527 2726 2597 gemitibus
2771 2534 2825 2580 et
2854 2525 3110 2596 lacrymis
3147 2523 3467 2578 miscricor-

1881 2622 2027 2677 diam
2058 2623 2382 2691 implorans.
2418 2619 2665 2674 Psalmos
2692 2634 2720 2673 a
2749 2618 2910 2672 Patre
2937 2627 3033 2672 tuo
3058 2617 3328 2686 spirituali
3363 2617 3463 2670 tibi

1880 2716 2218 2770 constitutos
2251 2713 2413 2774 habe,
2450 2711 2544 2779 qui
2596 2711 2860 2764 nimirum
2894 2709 3060 2761 verba
3126 2707 3465 2776 pmnitentia:

1881 2817 1937 2864 et
1970 2807 2422 2876 compunctionis
2473 2804 2785 2865 continent,
2821 2811 2875 2857 et
2927 2809 3194 2871 quotquot
3227 2800 3463 2861 viribus,

1881 2900 2266 2969 voluntatique
2314 2897 2616 2954 sofliciunt.
2649 2894 2887 2950 Necesse
2923 2903 3008 2948 est
3054 2895 3197 2948 enim
3233 2903 3284 2946 te
3318 2893 3463 2962 psal-

1885 3009 2099 3048 morum
2135 2990 2513 3061 hymuodiam,
2565 2997 2619 3042 et
2663 2988 3013 3042 crebritatem
3041 2985 3462 3056 genuflexionis,

1885 3093 2103 3153 tempus
2133 3081 2395 3137 stationis
2436 3081 2503 3132 ad
2538 3079 2708 3138 vires.
2745 3087 2800 3132 et
2836 3079 3005 3131 robur
3040 3087 3188 3130 tuum
3223 3078 3464 3145 exigere,

186 3161 277 3211 odi
312 3177 379 3214 ex
431 3165 638 3227 animo,
692 3178 747 3220 ut
784 3172 1057 3236 superbiae
1112 3177 1418 3231 materiam.
1479 3176 1772 3235 Humilitas
1800 3169 1844 3226 ϐ
1880 3192 1947 3229 ne
1986 3184 2038 3229 te
2076 3172 2414 3228 conscientia
2452 3181 2544 3224 tua
2593 3170 3001 3241 reprehendens
3037 3170 3225 3224 dicat:
3272 3169 3466 3223 Adhuc

188 3254 337 3305 enim
374 3263 464 3306 tua
495 3258 760 3311 exaltabit
809 3269 903 3316 te:
941 3271 996 3316 et
1047 3263 1296 3318 infimum
1327 3281 1452 3321 esse
1506 3271 1776 3333 omnium,

188 3342 432 3410 primum
466 3353 515 3396 te
549 3345 785 3414 efficiet;
849 3351 977 3418 quia
1019 3354 1289 3423 scriptum
1319 3367 1429 3412 est:
1471 3357 1656 3413 Omnis
1689 3365 1779 3429 qui

186 3438 421 3502 seipsum
452 3440 659 3492 exallat
691 3441 1091 3508 famniliabilur,
1127 3458 1176 3500 et
1217 3449 1310 3519 qui
1339 3453 1568 3516 seipsum
1599 3454 1774 3508 Immi-

187 3529 640 3584 iiateIaItabilur
663 3533 733 3587 ⁸¹.
795 3532 896 3589 Ubi
933 3551 1061 3590 vero
1089 3553 1215 3592 cum
1254 3540 1521 3597 fratribus
1557 3548 1780 3600 univer-

186 3621 264 3673 sis
299 3621 369 3673 de
416 3637 604 3675 mensa
661 3630 993 3692 surrexeris,
1063 3629 1281 3700 Deoque
1316 3635 1522 3702 gratias
1578 3638 1776 3704 egeris,

184 3722 354 3780 atque
385 3729 412 3764 a
455 3714 744 3769 sacerdote
775 3717 1037 3774 dimissus
1069 3720 1262 3787 fueris,
1296 3739 1420 3778 cum
1473 3727 1695 3782 silentio
1724 3729 1776 3783 in

185 3805 384 3856 cellam
413 3813 563 3859 tuam
589 3806 810 3874 festina,
845 3812 1146 3882 clausoque
1166 3815 1310 3870 ostio
1339 3816 1539 3870 librum
1568 3821 1774 3888 arripe,

186 3905 237 3947 et
271 3904 404 3964 post
435 3897 655 3952 brevem
714 3901 1030 3969 lectionem,
1069 3906 1114 3959 si
1170 3908 1391 3976 quidem
1431 3909 1552 3964 dies
1602 3912 1776 3965 aestivi

188 3998 342 4047 sunt,
375 4005 544 4060 super
575 3995 870 4048 storeolam
903 4004 1051 4051 tuam
1097 4000 1393 4062 recubans.
1431 4001 1774 4058 breviculum

189 4096 453 4133 somnum
525 4097 711 4153 carpe.
788 4084 1002 4141 Etenim
1057 4090 1408 4145 saturitatem
1468 4094 1670 4159 vitans,
1723 4105 1778 4149 et

187 4184 411 4228 tenuem
480 4176 753 4233 adhibens
801 4181 1146 4246 alimoniam,
1221 4201 1416 4254 panem
1459 4188 1671 4244 scilicet
1722 4199 1778 4244 et

187 4283 386 4335 aquam
422 4285 545 4323 cum
584 4287 862 4340 mensura,
900 4285 954 4328 et
987 4276 1161 4341 olera,
1195 4287 1290 4332 aut
1342 4281 1640 4350 legumina,
1675 4284 1779 4337 mi-

189 4377 293 4414 nus
330 4362 601 4428 dormies,
640 4376 695 4419 et
725 4368 890 4421 citius
918 4385 1209 4441 exsurges.
1265 4372 1322 4427 Si
1361 4375 1539 4429 hiems
1589 4378 1773 4444 fuerit,

1886 3275 2056 3332 stare,
2091 3267 2322 3336 hymnos
2360 3278 2636 3334 promere,
2685 3277 2749 3316 ac
2782 3261 2890 3314 Deo
2921 3260 3170 3314 confiteri
3220 3269 3463 3329 poteras.

1884 3360 2086 3414 Adhaec
2122 3359 2234 3413 sint
2261 3358 2356 3412 tibi
2391 3357 2555 3411 etiam
2588 3370 2781 3426 preces
2817 3355 2951 3422 ipsa:
2987 3353 3247 3416 definitae,
3282 3361 3465 3406 matu-

1883 3454 2054 3506 tinam
2086 3460 2140 3504 et
2167 3449 2540 3519 vespertinam
2576 3448 2642 3502 ad
2683 3446 2850 3501 Deum
2883 3444 3295 3500 confessionem
3327 3460 3467 3500 con-ﬁ

1880 3547 2147 3600 tinentes.
2223 3541 2528 3596 Defunctus
2595 3541 2890 3610 precibus,
2949 3539 3131 3592 denuo
3185 3536 3470 3606 paulisper

1883 3636 2022 3704 lege.
2057 3633 2263 3687 Deinde
2314 3646 2456 3700 opus
2497 3646 2760 3684 manuum
2791 3646 3043 3698 capesse,
3081 3639 3134 3684 et
3189 3644 3366 3698 usque
3399 3628 3467 3680 ad

1882 3727 2115 3796 primam
2148 3726 2388 3795 vigiliam
2433 3725 2662 3786 finitam,
2705 3723 2756 3776 id
2798 3733 2904 3784 est,
2939 3737 3116 3788 usque
3148 3720 3214 3774 ad
3248 3719 3464 3774 tertiam

1881 3823 2074 3877 horam
2107 3821 2283 3874 noctis
2313 3820 2419 3874 hoc
2453 3834 2569 3887 age.
2604 3816 2740 3871 Cum
2775 3816 2854 3869 sic
2878 3813 3203 3878 surrexeris,
3237 3823 3288 3866 et
3320 3812 3466 3865 fece-

1883 3919 1960 3971 ris
2007 3916 2102 3968 τὸν
2135 3914 2384 3983 ἄμαμον,
2440 3909 2799 3981 (psalmodiaa
2856 3924 3028 3979 genus
3079 3907 3198 3975 est)
3251 3906 3467 3974 signato

1881 4021 2118 4077 corpore
2160 4013 2276 4060 toto
2306 4019 2475 4072 super
2506 4011 2747 4055 stoream
2807 4013 2955 4054 tuam
2990 4000 3154 4062 cuba,
3207 4007 3260 4050 et
3292 4011 3466 4065 usque

1881 4101 1948 4156 ad
1987 4110 2204 4155 noctem
2241 4098 2477 4151 mediam
2515 4110 2710 4149 somno
2742 4103 2926 4161 capto,
2955 4092 3215 4158 deinceps
3267 4088 3372 4149 fac,
3409 4095 3466 4139 ut

1878 4194 1979 4248 tibi
2019 4208 2048 4246 a
2086 4189 2359 4259 principio
2397 4187 2632 4241 formam
2671 4184 3006 4238 tradidimus
3041 4181 3177 4253 (12).

1951 4284 2217 4338 Praeterea
2286 4281 2522 4349 cogitata
2554 4276 2744 4333 cordis
2806 4276 2882 4329 tui
2922 4275 3069 4327 Patri
3107 4285 3199 4325 tuo
3235 4273 3466 4341 spiritu-

1881 4381 1953 4437 ali
1993 4381 2047 4433 in
2090 4383 2277 4442 horas,
2312 4375 2356 4430 si
2383 4381 2584 4444 potest,
2613 4371 2817 4430 indica,
2850 4369 2934 4423 sin
2970 4369 3176 4426 minus,
3214 4381 3278 4419 ne
3301 4377 3464 4419 unam

188 4465 484 4522 postquam
524 4473 694 4525 pauca
731 4461 951 4529 legeris,
987 4466 1142 4531 operi
1170 4481 1431 4520 uianuum
1461 4470 1775 4540 accingere,
1813 4502 1856 4557 υ
1884 4487 2190 4542 vesperam,
2247 4469 2465 4532 dilecte,
2545 4476 2859 4534 praetereas,
2918 4460 3010 4514 sed
3074 4467 3192 4526 post
3246 4457 3464 4510 matuti-

190 4555 244 4597 cl.
279 4549 332 4598 iu
369 4563 437 4600 eo
475 4564 792 4617 persevera,
831 4556 1012 4622 quoad
1044 4557 1252 4627 lignum
1302 4561 1367 4614 ad
1402 4564 1772 4631 vespertinam

190 4641 546 4708 hymnodiam
608 4659 706 4698 vos
763 4651 1321 4722 convocaveritﬂl).
1378 4652 1516 4707 Tum
1577 4671 1774 4713 rursus

189 4734 425 4801 synaxin
462 4735 776 4806 ingressus,
806 4749 888 4795 sta
924 4756 1049 4796 cum
1105 4744 1303 4801 timore
1354 4755 1409 4801 et
1469 4752 1774 4806 attentione

259 4925 301 4955 "
348 4923 544 4977 Matth.
587 4939 745 4992 χχιιι,
779 4925 869 4979 l2.

257 5130 371 5195 (ll)
415 5129 584 5200 Ἵιξιιις-
608 5144 670 5180 το
717 5127 873 5200 ξύλον
915 5126 1016 5200 τὴν
1057 5127 1332 5199 ὑμνῳδίαν
1406 5130 1627 5200 σημεῖιῃ
1683 5130 1776 5183 τοῦ

189 5199 494 5268 λυχνεσκοῦ
552 5196 686 5267 Syn.
717 5199 783 5254 7:
827 5208 934 5252 act.
970 5199 1002 5252 ιι
1047 5196 1199 5252 sacra
1262 5200 1408 5266 ligna
1461 5196 1775 5268 pulsantes;

193 5286 367 5339 neque
399 5271 544 5323 enim
571 5269 697 5322 olim
731 5270 786 5321 in
819 5269 1135 5322 huncusmn
1159 5281 1319 5322 erant
1342 5286 1473 5332 aera,
1509 5280 1563 5322 nt
1588 5273 1768 5323 hodie.

258 5341 373 5407 (I2)
420 5340 824 5408 Pracipiebant
883 5339 996 5392 hate
1064 5348 1117 5393 et
1178 5340 1381 5393 similia
1441 5351 1658 5396 veteres
1692 5341 1766 5394 illi

190 5414 510 5464 monasticae
568 5412 693 5463 vitae
741 5409 1013 5477 magistri,
1055 5420 1167 5461 tum
1226 5413 1546 5464 reverentize
1601 5427 1768 5465 causa

189 5497 311 5550 erga
345 5481 703 5548 superiores;
755 5487 870 5532 tum
900 5487 958 5532 ut
993 5480 1242 5533 subditos
1268 5494 1296 5531 a
1334 5482 1644 5534 temerariis
1681 5483 1771 5545 ju-

191 5548 346 5604 diciis
375 5562 666 5603 arcerent:
733 5566 761 5603 a
805 5551 1004 5618 quibus
1057 5565 1215 5602 nemo
1273 5554 1535 5605 remotius
1567 5551 1755 5613 dismt,

191 5638 348 5682 quam
398 5622 487 5674 ille
521 5623 612 5686 qui
653 5636 719 5674 ne
749 5622 816 5674 de
861 5619 1169 5674 manifestis
1221 5621 1440 5688 quidem
1487 5623 1754 5688 judicium

193 5696 330 5744 terre
367 5692 532 5746 solet.
569 5689 676 5744 Nec
712 5692 935 5753 mirum,
986 5690 1109 5744 talia
1169 5702 1434 5758 praecepta
1489 5692 1758 5759 religiosa:

199 5763 310 5813 sine
341 5762 748 5826 professoribus
782 5761 951 5813 fuisse
981 5760 1129 5820 data,
1164 5761 1383 5827 quando
1408 5771 1459 5811 ct
1485 5763 1760 5815 Constan-

197 5843 324 5888 tium
358 5832 610 5892 Magnum
663 5831 1044 5889 iiuncratorem
1100 5832 1278 5886 simile
1316 5832 1441 5886 uuid
1479 5832 1756 5888 factitasse

1886 4581 2038 4625 num.
2075 4561 2342 4618 discussis
2389 4559 2643 4612 omnibus
2694 4571 2814 4626 quae
2863 4555 2956 4608 tibi
3001 4553 3373 4620 contigerunt,
3417 4547 3464 4600 ci

1885 4670 2116 4725 expone,
2150 4664 2203 4706 et
2230 4651 2392 4706 fidem
2426 4650 2790 4703 indubitatam
2841 4661 2973 4711 erga
3010 4644 3161 4697 illum
3211 4641 3375 4699 habe,
3409 4644 3468 4691 et

1884 4749 1930 4806 si
1965 4758 2110 4804 totus
2141 4745 2382 4801 mundus
2413 4745 2463 4799 ei
2496 4741 2829 4797 conviiietur
2865 4747 3027 4807 atque
3067 4736 3354 4798 obtrectet,
3404 4740 3470 4786 et.

1884 5130 2241 5198 accepimus:
2287 5126 2349 5199 In
2400 5124 3024 5199 Scripturis__nar_ratur
3069 5117 3469 5199 (ξοιιειαειιὶηιιο

1884 5187 2174 5265 imperator
2207 5198 2409 5250 dixisse
2441 5214 2458 5250 :
2508 5187 2684 5261 inquit
2720 5192 2980 5248 Nicolaus
3013 5191 3225 5257 primus
3272 5187 3464 5242 Ponti-

1883 5272 1995 5331 fex,
2036 5272 2088 5323 in
2137 5270 2300 5334 epist.
2343 5267 2407 5319 ad
2445 5266 2782 5340 Ludovicum
2826 5271 3237 5340 imperatorem,
3273 5268 3331 5340 ent.
3379 5274 3461 5338 re-

1880 5329 2056 5394 fert-ur
2084 5356 2111 5391 τι
2142 5329 2404 5392 Gratiano
2438 5337 2507 5411 d.
2533 5337 2600 5411 9_6
2629 5353 2641 5388 :
2689 5335 2819 5411 Vere
2853 5329 3163 5400 si'propriis
3192 5329 3357 5411 oculis
3386 5329 3464 5380 ui-

1875 5412 2069 5463 dissent
2105 5411 2435 5462 sacerdotem
2474 5406 2589 5466 Dei,
2627 5419 2715 5458 aut
2747 5407 2973 5471 aliquem
3006 5415 3185 5454 eorum
3212 5406 3301 5467 qui
3337 5413 3452 5450 mo-

1874 5481 2092 5534 nachico
2157 5480 2345 5531 habitu
2407 5479 2605 5530 cirrum
2641 5476 2856 5549 _amicli
2915 5483 3057 5530 sunt,
3131 5479 3467 5549 peccantem,

1872 5551 2203 5619 chlamydem
2267 5565 2435 5601 meam
2467 5546 2838 5620 exspo_f_mrem_,
2865 5554 2923 5620 et
2967 5546 3453 5620 cooperirem‘e‘um,

1871 5639 1932 5674 ne
1961 5623 2024 5672 ab
2051 5607 2241 5687 aliqua
2279 5607 2570 5673 videretur:
2619 5616 2743 5670 llaec
2767 5617 2861 5687 Ade
2888 5611 3252 5687 Constantino
3287 5607 3455 5687 ιξιιςο.

1869 5692 1991 5745 laus
2025 5678 2300 5754 Pouiifex,
2330 5699 2383 5745 et
2428 5695 2552 5742 ante
2603 5703 2725 5740 cum
2766 5685 2996 5738 llutinus
3035 5689 3088 5735 et
3130 5678 3454 5733 Theodore-

1868 5771 1978 5818 lus.
