4170 6452
747 366 847 423 ΜΠ

1995 371 2378 433 SYMEONIS
2421 371 2790 434 JUNIORIS

3899 386 4016 447 “8

746 477 988 547 quamvis
1022 486 1077 533 tu
1108 480 1226 550 ipse
1259 484 1432 540 oculis
1464 484 1571 540 tuis
1605 487 1968 544 fornicantem
2005 490 2223 552 videas,
2250 500 2316 540 ne
2346 489 2392 546 Δ
2423 487 2587 539 ritum
2619 491 2902 555 veniemus,
2926 498 2976 544 et
3001 495 3327 549 mansionem
3357 498 3499 563 apud
3525 514 3640 550 eum
3664 501 3919 566 faciemus
3941 503 4014 556 ‘°.

746 569 1158 636 scandalizeris,
1211 589 1309 629 nec
1345 575 1504 631 fidem
1566 588 1711 634 '.:am
1765 581 1821 634 in
1857 583 2036 650 ipsum
2075 583 2315 643 minuas.

744 659 1130 731 obtemperans
1164 664 1368 722 dicenti
1395 685 1408 723 :
1459 670 1636 726 Nolite
1653 673 1923 742 judicare,
1952 684 2003 729 et
2034 693 2136 729 non
2167 675 2319 743 judi-

743 753 999 808 cabimini
1029 759 1096 810 ".
1134 757 1227 813 Sic
1261 769 1312 816 te
1349 764 1604 827 faciente,
1657 775 1715 821 et
1739 777 1990 823 certante
2041 772 2312 839 quotidie,

745 859 850 897 non
883 851 1353 914 procrastitinabit
1402 856 1546 911 Deus
1584 867 1634 912 te
1669 859 1893 918 visitare
1923 863 2181 934 desuper,
2222 865 2316 920 sed

742 937 1006 1029 auxilium
1043 943 1109 995 de
1141 955 1330 1000 sancto
1365 947 1676 1007 habitaculo
1708 971 1811 1009 suo
1842 958 2038 1023 mittet,
2064 969 2116 1014 et
2141 963 2315 1029 gratia

742 1027 1074 1130 sanctissimi
1112 1033 1346 1101 Spiritus
1373 1041 1492 1108 ejus
1521 1044 1873 1100 ohumbrabit
1905 1049 2022 1111 tibi,
2053 1027 2316 1121 brevique

743 1133 796 1168 in
855 1130 1106 1177 Instituto
1160 1135 1256 1180 tuo
1309 1147 1655 1202 progressus,
1704 1140 2041 1208 spiritualem
2096 1154 2312 1200 aetatem

742 1213 969 1278 augebis
991 1231 1012 1290 ἐ
1037 1216 1104 1269 Et
1139 1221 1193 1272 in
1222 1224 1387 1277 virum
1407 1229 1693 1295 perfectum
1721 1251 1987 1299 occurres.
2008 1239 2063 1291 iu
2103 1256 2315 1294 mensu-

740 1316 853 1353 ram
876 1309 1049 1361 tetatis
1083 1312 1424 1378 plenitudinis
1475 1319 2140 1392 Christi”,illuminatus,
2160 1341 2212 1386 et
2236 1335 2316 1386 lu-

739 1392 885 1450 mine
918 1402 1251 1469 cognitionis
1282 1423 1475 1466 omnes
1506 1422 1684 1468 tecum
1719 1417 2064 1477 familiariter
2091 1442 2314 1481 versan-

736 1493 843 1549 tes,
877 1495 1169 1564 tecumque
1205 1513 1513 1558 sermonem
1569 1509 1940 1576 conferentes,
1978 1515 2151 1570 instar
2180 1521 2314 1576 solis

736 1577 1078 1676 illuminans,
1137 1605 1200 1646 ac
1237 1594 1429 1663 Deum,
1482 1600 1575 1668 qui
1624 1604 1827 1658 donum
1867 1609 2038 1663 sancti
2080 1613 2186 1676 sui,
2247 1631 2312 1670 ac

738 1671 937 1764 vivifici
989 1677 1223 1746 Spiritus
1279 1688 1600 1758 impertivit,
1662 1700 1905 1756 moribus
1960 1714 2013 1756 et
2063 1671 2313 1764 oratione

736 1761 1080 1866 glpriﬁcans;
1137 1790 1300 1844 quem
1338 1781 1496 1839 decet
1546 1789 1728 1845 omnis
1783 1793 1982 1862 gloria,
2019 1799 2214 1866 honor,
2256 1813 2310 1856 et

737 1856 988 1917 adoratio
1041 1882 1188 1924 nunc
1220 1885 1273 1927 et
1302 1891 1539 1946 semper,
1594 1892 1648 1937 et
1685 1884 1740 1939 in
1792 1891 2037 1946 omnium
2078 1856 2311 1952 saeculo-

737 1959 858 1997 rum
891 1955 1272 2016 mternitatcm.
1303 1963 1495 2023 Amen.

1258 2051 1512 2111 ORATIO
1583 2060 1787 2121 XXVI.

1327 2147 1718 2211 Ancuusnrvu.

733 2215 1193 2327 Πεηπὶίξξίίῗιέι-ἱιξςέ
1209 2246 1258 2288 et
1307 2241 1566 2327 principio
1599 2249 1720 2327 vita:
1743 2252 2050 2327 _solitaria:,
2098 2269 2149 2312 et
2180 2278 2312 2327 quo-

808 2299 1112 2398 :t’orlghquis
1147 2304 1328 2398 viaLet
1373 2299 1559 2393 ordine
1592 2318 1661 2368 ad
1705 2322 1949 2377 virtutem
1985 2299 2308 2398 ἷὲοὲἓάέἶιῖ,

802 2368 1173 2486 mqtidalorum
1206 2379 1562 2438 observatione
1609 2368 2309 2470 perfectionemremigii/oud:

807 2503 910 2569 Qui
943 2511 1126 2564 omnia
1158 2518 1334 2574 oculis
1363 2523 1634 2592 subjecta.
1687 2541 1742 2585 et
1794 2535 2020 2606 insuper
2067 2544 2308 2601 animam

733 2607 888 2705 sua-in
929 2609 1285 2675 contempsit,
1347 2621 1404 2666 ut
1457 2631 1641 2673 veram
1679 2637 1744 2678 ac
1783 2625 2085 2696 legitimam
2136 2641 2313 2705 paeni-

733 2691 960 2798 tentiam
993 2699 1294 2792 secundum
1339 2703 1430 2761 Dei
1475 2713 1796 2771 mandatum
1833 2691 2094 2790 prastare
2121 2691 2308 2798 queat,

731 2783 975 2880 et.opus
1010 2782 1153 2838 istuc
1203 2789 1419 2860 incepit,
1452 2813 1561 2853 non
1597 2818 1625 2854 a
1674 2782 1855 2878 seipso
1907 2812 1962 2865 id
2014 2782 2307 2876 diceitduni

730 2875 1049 2978 existimat:
1091 2879 1184 2978 sed
1220 2883 1310 2937 ubi
1346 2901 1406 2941 se
1437 2890 1502 2943 ad
1536 2875 1799 2953 artificem
1846 2906 2191 2978 peritumque
2226 2875 2306 2968 vi;

731 2973 852 3012 rum
882 2966 1195 3068 applicarit,
1251 2992 1376 3032 cum
1415 2983 1612 3041 timore
1665 3006 1730 3045 ac
1761 2966 1995 3054 tremore
2026 2966 2218 3070 multo,
2256 2966 2310 3063 et

731 3058 1008 3162 contentis
1052 3066 1332 3131 precibus,
1365 3073 1542 3130 eidem
1576 3094 1637 3135 se
1669 3084 1995 3155 subjiciens,
2046 3058 2309 3162 spiritvua;

2429 577 2536 632 Et:
2582 578 2641 632 Si
2675 598 2783 647 vos,
2833 600 2950 637 cum
2979 587 3096 639 sitis
3128 587 3277 651 mali,
3309 591 3476 644 nostis
3511 591 3648 644 bona
3698 594 3828 645 data
3875 596 4012 646 dare

2426 674 2555 742 ﬁliis
2583 679 2789 742 vestris,
2823 688 3018 746 quanto
3054 684 3220 750 magis
3265 685 3429 737 Pater
3461 697 3628 739 vester
3657 687 3873 740 ra’lcstis
3905 688 4011 739 da-

2427 767 2501 819 bit
2536 769 2781 831 spiritum
2833 770 3022 824 bonum
3058 775 3350 837 petentibus
3401 793 3456 830 se
3492 778 3572 845 "’1’
3632 779 3690 832 lu
3743 779 3829 833 his
3871 796 4011 846 ergo

2427 860 2940 928 pollicitatibnibus.
2990 874 3046 918 ct
3071 867 3364 933 promissis
3396 869 3515 933 Dei,
3557 869 3661 923 title
3695 887 3804 924 non
3837 864 4026 922 dubia

2426 963 2680 1018 sperans,
2721 961 2780 1004 ut
2829 953 3097 1015 diximus,
3136 958 3306 1011 multa
3342 961 3649 1028 alacritate,
3699 964 4010 1032 cupidissi-

2425 1057 2623 1111 meque
2681 1045 2865 1098 omnia
2918 1048 3039 1117 ejus
3113 1054 3364 1106 mandata
3419 1055 3648 1126 impigre
3704 1057 4005 1120 observat;

2424 1156 2658 1210 quorum
2694 1144 2930 1211 primum
2971 1146 3073 1200 hoc
3108 1156 3232 1202 est:
3289 1147 3665 1203 Paenitentiam
3715 1153 3874 1218 agile,
3908 1167 4008 1218 ap-

2422 1236 2801 1303 propinquavit
2841 1239 2980 1292 enim
3016 1256 3230 1309 regnum
3253 1241 3504 1294 ctelorum
3535 1241 3600 1294 ⁶¹.
3636 1241 3701 1294 Et
3731 1258 3953 1294 rursum
3988 1260 4001 1292 :

2423 1331 2668 1395 Pulsate,
2703 1340 2754 1385 et
2794 1343 3064 1399 aperietur
3099 1333 3265 1386 vobis.
3329 1333 3515 1388 Omnis
3570 1336 3709 1388 enim
3744 1335 3834 1401 qui
3871 1335 4006 1400 petit

2424 1422 2638 1489 accipit,
2698 1431 2748 1476 et
2781 1424 2871 1492 qui
2900 1425 3087 1492 qua’rit
3129 1423 3345 1484 invenit,
3407 1436 3454 1476 et
3506 1423 3742 1489 pulsanti
3795 1427 4004 1491 aperie-

2423 1522 2511 1564 tur
2540 1514 2606 1569 ⁸³.
2644 1515 2773 1568 Post
2809 1515 2923 1568 hac
2957 1514 3154 1567 docere
3183 1530 3284 1568 nos
3317 1516 3502 1569 volens
3534 1514 3699 1580 Deus,
3727 1518 4003 1584 quemad-

2423 1605 2670 1667 modum,
2715 1617 2768 1659 et
2801 1607 3064 1674 qualibus
3100 1607 3311 1672 veri-is,
3366 1616 3461 1660 aut
3500 1608 3764 1675 operibus
3814 1619 4004 1676 petere

2421 1707 2688 1767 oporteat,
2743 1698 2964 1764 inquit:
3013 1699 3120 1764 Qui
3153 1701 3258 1751 uult
3302 1699 3438 1752 inter
3476 1716 3566 1752 vos
3603 1716 3713 1752 esse
3771 1700 4001 1767 primus,

2421 1793 2489 1845 sit
2522 1791 2755 1844 omnium
2799 1791 3045 1854 ultimus,
3083 1801 3132 1844 et
3163 1792 3398 1844 omnium
3441 1809 3646 1855 servus,
3679 1803 3725 1846 et
3761 1793 4001 1844 omnium

2419 1885 2653 1938 minister
2679 1884 2744 1938 "‘.
2809 1885 2910 1948 Qui
2967 1884 3105 1938 enim
3153 1886 3380 1952 seipsum
3428 1886 3632 1939 exultat
3688 1887 4005 1940 liuntiliabi-

2419 1985 2543 2028 tur:
2588 1976 2679 2044 qui
2727 1992 2842 2029 vero
2873 1978 3099 2042 seipsum
3149 1978 3414 2042 liumiliat,
3445 1978 3773 2032 exaltabitur
3805 1979 3872 2032 ".

2494 2064 2617 2119 11ωο
2647 2067 2855 2131 omnia,
2896 2076 2950 2120 et
2991 2068 3074 2122 liis
3130 2068 3360 2127 similia,
3417 2070 3506 2137 qui
3560 2069 3770 2136 jugitur
3814 2071 4002 2125 animo

2417 2165 2625 2221 verSat,
2667 2167 2722 2211 et
2779 2157 2832 2210 iu
2864 2157 2998 2226 ipsis
3033 2159 3174 2222 dies,
3212 2170 3513 2228 noctesque
3561 2170 3638 2215 est
3671 2173 4000 2231 occupatus,

2416 2252 2839 2323 intelligensque
2884 2261 2938 2307 et
2969 2257 3210 2309 sentiens
3247 2271 3310 2309 ea
3356 2267 3594 2325 reputat,
3651 2269 3703 2310 et
3751 2260 4004 2311 studiose

2417 2344 2566 2409 facit,
2604 2347 2865 2414 paulatim
2899 2347 3246 2403 obliviscitur
3282 2349 3495 2412 mundi,
3547 2364 3730 2402 rerum
3781 2351 4000 2411 mundi,

2416 2455 2598 2493 rerum
2654 2439 2822 2510 hujus
2861 2441 3008 2505 vitae,
3077 2452 3460 2511 cognatorum,
3521 2458 3702 2496 rermn
3760 2444 4005 2512 denique

2413 2549 2665 2597 suarum,
2695 2545 2750 2588 et
2786 2534 3247 2590 consuetudinem
3305 2535 3675 2601 spiritualium
3730 2551 3831 2604 pro
3877 2551 4004 2603 por-

2414 2629 2563 2683 tione
2603 2628 2774 2696 capit.
2826 2625 2917 2682 Sic
2975 2637 3157 2682 autem
3203 2628 3257 2682 in
3311 2627 3430 2682 dies
3483 2628 3798 2697 proﬁciens.
3862 2644 4003 2697 quo-

2412 2723 2577 2776 modo
2635 2723 2998 2792 cogitationes
3057 2722 3453 2792 pristinarum,
3507 2737 3602 2776 seu
3668 2723 4001 2791 anticipata-

2413 2829 2532 2867 rum
2589 2815 2908 2883 Opinionum
2978 2816 3184 2870 sensim
3248 2817 3526 2878 recedant,
3589 2817 3876 2884 experitur
3941 2832 4004 2870 ac

2411 2907 2604 2963 sensit.
2656 2905 2858 2962 Deinde
2879 2923 2990 2975 quo
3051 2917 3210 2977 pacto
3267 2909 3395 2978 ipsa:
3445 2908 3551 2962 illa:
3598 2911 3888 2978 Opiniones
3939 2926 4002 2964 ac

2410 2998 2693 3054 sententiae
2757 2999 3094 3061 minuantur,
3163 3007 3215 3052 et
3271 2999 3569 3053 emollitum
3603 3000 4002 3052 corhumilita—

2411 3094 2517 3140 tem
2585 3087 2980 3154 amplectatur:
3041 3097 3094 3141 et
3125 3089 3399 3158 quomodo
3453 3099 3642 3157 postea
3683 3091 3864 3158 ipsum
3909 3105 4002 3144 cor

1223 3157 1234 3168 ,
1772 3140 1790 3155 .
2046 3140 2308 3162 -.νη-...η-
2677 3140 2690 3154 .
2743 3140 2755 3142 -
2807 3140 2810 3141 ν
2918 3140 2978 3143 --
3055 3140 3062 3141 κ
3336 3140 3389 3143 --
3454 3140 3640 3157 τ--ην

733 3140 866 3254 list".
1021 3165 1086 3205 eo
1132 3165 1406 3216 actionum
1471 3183 1594 3224 cum
1633 3176 1833 3234 virtute
1886 3185 2304 3254 conjunctamm
2337 3187 2379 3244 ε
2414 3179 2776 3247 cogitationes
2832 3180 3218 3243 humilitatem,
3294 3184 3678 3251 ingenerantes
3705 3184 3994 3249 producat.

772 3237 780 3245 .
839 3238 866 3267 ι.
939 3243 947 3250 ,
1410 3260 1418 3270 ἱ
1508 3264 1518 3274 .
1812 3233 1823 3234 κ
1895 3233 2301 3254 ----,--.ν-........

731 3233 1103 3348 dispiplliiiaiii,
1153 3261 1206 3348 et
1239 3269 1712 3334 exercuattouem,
1743 3288 1978 3345 quaeque
2015 3286 2301 3348 pmnnemi

729 3324 977 3386 facienda
998 3336 1127 3402 sint,
1161 3344 1389 3402 docetur
1415 3367 1478 3407 ac
1511 3324 2064 3430 percipit:Timorein
2095 3324 2276 3433 autem

730 3428 784 3528 et
817 3430 1109 3486 tremorem
1165 3452 1289 3492 eum
1327 3449 1545 3512 postulo
1597 3420 1850 3525 inielligi,
1885 3477 1952 3515 ne
2009 3468 2099 3520 tali
2161 3420 2306 3528 bibit-tut;

732 3511 1048 3619 frustretur,
1079 3535 1133 3579 et
1165 3540 1222 3584 ut
1254 3539 1524 3603 reprobus
1572 3549 1959 3607 mandatorum
2000 3557 2101 3612 Dei
2147 3511 2307 3619 esse:

729 3615 908 3672 cutor,
945 3614 1009 3666 ad
1046 3615 1222 3686 ignem
1257 3631 1656 3699 sempiternum
1692 3645 2109 3705 condemnetur.
2171 3654 2301 3709 Nam

727 3713 1016 3805 sermones
1062 3713 1182 3779 ejus
1217 3722 1374 3787 quasi
1423 3740 1488 3779 ex
1531 3745 1628 3784 ore
1678 3730 1771 3788 Dei
1820 3743 2121 3805 procedere
2157 3748 2304 3802 arbi-

730 3798 928 3910 t‘ratizr,
964 3811 1026 3905 et.
1049 3810 1209 3872 quasi
1244 3812 1296 3865 in
1332 3816 1528 3873 iisdem
1560 3798 1964 3897 custodiendis,
1991 3845 2086 3889 aut
2117 3798 2307 3910 despi-

729 3889 941 3944 ciendis
979 3895 1086 3950 vita
1125 3907 1327 3960 zeterna
1364 3920 1692 3982 verteretur,
1749 3935 2012 3979 accurate
2045 3943 2142 3984 eos
2180 3889 2304 3986 serr-

733 3985 1100 4090 :'iif:.AiqtlE
1148 3993 1225 4090 ita
1282 4013 1408 4054 cum
1447 4002 1551 4059 ﬁde
1612 4005 1917 4069 indubitata
1967 4023 2306 4090 cmperit,a

726 4078 1016 4176 promissis
1066 4081 1159 4176 Dei
1195 4090 1457 4159 pendens,
1499 4102 1746 4168 quotidie
1793 4078 2098 4166 secundum
2137 4078 2303 4170 Deum

725 4163 964 4266 prolicit,
1011 4181 1064 4223 et
1100 4174 1183 4228 via
1219 4163 1602 4252 progrediens,
1659 4201 1819 4248 aetate
1853 4163 2165 4266 spirituali—

725 4258 858 4360 scit,
904 4261 1099 4360 virque
1159 4270 1438 4338 perlectus
1490 4280 1544 4332 in
1602 4283 1825 4341 Christo
1859 4258 1966 4345 Deo
2005 4258 2304 4352 evaditivA

724 4350 932 4458 quibus
957 4355 1122 4424 igitur
1154 4367 1486 4458 promissis?
1514 4372 1656 4428 Audi
1688 4378 2081 4452 intelligenter,
2114 4350 2302 4458 qualia

728 4438 997 4544 Dominus
1029 4461 1217 4507 noster
1246 4455 1411 4515 Jesus
1441 4463 1694 4523 Christus
1743 4438 1905 4530 nobis
1939 4438 2300 4544 polliceatur:

725 4534 894 4590 Amen
923 4556 1076 4593 amen
1108 4545 1226 4598 dico
1272 4551 1434 4609 vobis.
1470 4558 1595 4623 quia
1645 4565 1900 4629 gaudium
1939 4534 2048 4623 .erit
2079 4534 2305 4631 incielo

725 4644 882 4694 super
914 4651 1015 4728 uno
1044 4652 1319 4704 peccatore
1353 4653 1722 4713 paenitentiam
1758 4671 1946 4728 agente
1972 4665 2040 4718 “.
2103 4667 2165 4721 Et
2199 4671 2305 4725 ite-

725 4737 847 4775 rum
880 4742 912 4829 ε.
932 4726 1036 4793 Qui
1060 4736 1198 4787 venit
1233 4739 1302 4789 ad
1331 4758 1411 4794 me
1456 4743 1592 4813 (tali
1624 4726 1877 4809 videlicet
1927 4757 2158 4831 itinere)
2183 4781 2305 4818 eum

721 4829 828 4916 non
861 4819 1077 4885 ejiciam
1111 4827 1255 4892 foras
1291 4833 1356 4887 ⁸⁸.
1402 4835 1466 4888 Et
1498 4853 1717 4894 rursum
1747 4860 1760 4897 :
1804 4847 1907 4910 Qui
1939 4851 2072 4916 sitit,
2130 4819 2304 4910 ueniat

719 4907 793 5014 ad
819 4926 916 4976 me,
951 4924 1004 4966 et
1032 4915 1175 4970 bibat
1205 4921 1270 4974 ⁵⁸.
1299 4923 1396 4977 Ει;
1438 4928 1543 4991 Qui
1564 4934 1732 4987 credit
1767 4907 1838 4989 in-
1853 4956 1953 5005 me,
1983 4907 2086 4997 non
2116 4907 2302 5014 gusta-

723 4997 798 5050 bit
860 5016 1077 5059 mortem
1123 5011 1175 5062 in
1221 5024 1483 5071 internum
1510 5021 1576 5074 ⁸⁷.
1610 5021 1676 5078 Et
1710 5028 1877 5082 alibi:
1923 4997 2304 5095 C'onveriim—ini

723 5094 795 5145 ad
837 5112 938 5164 me,
973 5110 1022 5152 et
1070 5116 1347 5162 conrertar
1390 5113 1458 5164 ad
1489 5130 1576 5168 vos
1619 5117 1684 5171 ⁵⁸.
1740 5120 1845 5174 Et:
1905 5122 2084 5180 Venite
2122 5131 2190 5181 ad
2224 5094 2304 5186 me

724 5200 902 5288 omnes
931 5193 1022 5256 qui
1056 5193 1333 5264 laboratis,
1375 5215 1424 5256 et
1451 5210 1658 5261 onerati
1685 5214 1831 5273 estis,
1865 5227 1911 5268 et
1938 5233 2032 5285 ego
2066 5222 2302 5288 reﬁciam

725 5293 815 5330 vos
844 5282 910 5335 ".
954 5283 1018 5337 Et
1052 5287 1160 5341 alio
1199 5292 1363 5348 loco:
1408 5297 1513 5362 Qui
1564 5299 1718 5355 habet
1769 5282 2028 5363 mandata
2062 5282 2196 5379 mea,
2250 5326 2301 5368 et

726 5382 1015 5472 servatuea,
1065 5378 1153 5432 ille
1182 5390 1261 5472 est
1307 5387 1397 5452 qui
1426 5389 1602 5458 diligit
1639 5409 1738 5447 me.
1778 5395 1884 5460 Qui
1918 5411 2094 5454 autem
2124 5378 2298 5472 diligit

725 5469 828 5517 me,
862 5456 1108 5527 diligitur
1149 5483 1181 5516 α
1217 5465 1382 5523 Patre
1413 5456 1548 5540 meo,
1575 5487 1622 5530 et
1646 5493 1737 5547 ego
1773 5456 1821 5534 et
1861 5483 2024 5538 Pater
2055 5503 2147 5555 per
2177 5456 2298 5558 Siti-

721 5667 772 5738 s:
800 5666 990 5738 tribuli.
1043 5690 1138 5738 vti,
1176 5675 1225 5728 1·

725 5737 775 5768 ⁸⁸
804 5736 966 5796 chit.
997 5760 1033 5800 l.
1076 5747 1128 5798 3.

729 5823 828 5878 vn,
855 5811 909 5867 8.

1211 5749 1255 5779 ⁵³
1287 5749 1477 5804 Matth.
1516 5770 1592 5809 XI.
1618 5758 1706 5809 :28.

988 5814 1219 5874 “Marc.
1264 5834 1340 5887 lx,
1393 5823 1483 5878 δι.
1562 5826 1823 5885 “Matth.
1859 5814 2133 5899 nix-linis.

2419 3273 2543 3329 llaec
2589 3283 2772 3328 autem
2808 3274 2880 3327 ita
2912 3275 3223 3343 experiens,
3255 3276 3342 3328 vix
3379 3276 3445 3329 ad
3489 3276 3998 3344 compunctiouem,

2416 3377 2468 3418 et
2499 3365 2682 3420 fletum
2720 3366 3040 3432 adducitur,
3076 3366 3172 3421 sed
3217 3377 3397 3420 tamen
3450 3368 3750 3420 adducitur
3805 3368 3996 3421 multis

2417 3457 2895 3518 tribulationibus,
2928 3468 2981 3509 et
3011 3459 3133 3524 plus
3159 3458 3531 3521 humiliatum,
3571 3459 3809 3526 amplius
3841 3473 3994 3511 com-

2416 3547 2700 3615 pungitur.
2761 3546 2895 3600 Nam
2952 3548 3236 3602 humilitas
3292 3549 3499 3602 luctum
3557 3550 3750 3617 gignit,
3817 3551 3996 3604 luctus

2417 3640 2735 3709 genitricem
2769 3655 2922 3693 suam
2954 3641 3070 3704 alit,
3094 3651 3148 3695 et
3180 3656 3433 3695 crescere
3474 3640 3542 3693 fat
3565 3641 3624 3693 it.
3660 3640 3780 3709 Ipsa
3816 3654 3995 3695 autem

2416 3732 2805 3785 mandatorum
2844 3749 2938 3801 per
2991 3732 3360 3786 humilitatem
3396 3733 3706 3785 observatio
3771 3734 3826 3799 (υ
3887 3749 3996 3787 rem

2416 3820 2818 3887 admirandam)
2861 3819 3052 3874 sordes
3084 3836 3275 3875 oumes
3306 3837 3370 3874 ex
3405 3821 3585 3873 anima
3618 3821 3777 3874 eluit.
3819 3819 3995 3875 Etiam

2415 3925 2631 3966 omnem
2665 3910 3008 3966 aﬂ‘ectionem
3062 3910 3261 3964 rationi
3302 3912 3711 3974 adversantem,
3771 3921 3827 3962 et
3863 3927 3997 3963 con-

2415 4003 2809 4071 cupiscentiam
2840 4004 3061 4066 malam,
3117 4018 3459 4072 corpoream,
3521 4004 3768 4072 inquam,
3823 4016 3879 4058 ct
3932 4005 3995 4057 ad

2414 4097 2581 4149 vitam
2639 4097 2798 4149 istam
2877 4097 3240 4164 pertinentem
3294 4094 3536 4163 expellit.
3605 4095 3722 4159 Qua
3784 4100 3996 4149 ratione

2415 4187 2581 4244 homo
2617 4187 2918 4242 secundum
2951 4187 3191 4239 animam
3233 4185 3300 4240 ab
3336 4187 3484 4239 omni
3526 4196 3743 4239 terrena
3778 4186 3995 4253 cupidi-

2415 4291 2527 4338 tate
2558 4282 2824 4336 asseritur
2879 4296 2941 4334 ac
2973 4280 3278 4346 liberatur;
3337 4296 3442 4333 non
3479 4279 3654 4334 solum
3693 4294 3720 4329 a
3759 4279 3995 4333 vinculis

2412 4376 2728 4444 corporeis,
2786 4372 2879 4428 sed
2918 4373 3165 4427 similiter
3221 4386 3284 4426 ac
3331 4373 3375 4424 si
3435 4372 3559 4440 quis
3613 4383 3778 4425 exuta
3842 4384 3995 4428 veste

2414 4479 2562 4525 totus
2595 4469 2772 4522 nudus
2815 4467 2926 4521 ﬁat.
2961 4465 3026 4518 Et
3053 4466 3174 4533 jure
3201 4465 3442 4533 quidem.
3491 4466 3812 4518 Al.solvitur
3847 4470 3987 4520 enim

2336 4542 2382 4598 D
2415 4561 2652 4631 primum
2692 4561 2872 4613 anima
2907 4573 2936 4612 a
2972 4568 3220 4628 stupore,
3278 4573 3442 4626 quem
3495 4558 3795 4625 Apostolus
3847 4559 3989 4612 vela-

2412 4670 2532 4708 men
2562 4654 2800 4723 appellat
2825 4653 2889 4718 ",
2919 4652 3012 4721 qui
3041 4651 3350 4706 Judzeorum
3383 4651 3794 4704 incredulorum
3826 4651 3989 4704 corda

2409 4756 2664 4815 occupat.
2697 4745 2809 4798 Imo
2839 4753 2896 4798 et
2945 4759 3092 4798 nunc
3126 4742 3330 4805 omnis,
3385 4743 3479 4810 qui
3525 4742 3797 4795 mamlatis
3844 4758 3989 4794 nova:

2407 4839 2596 4909 gratiae
2635 4854 2741 4891 non
2780 4846 3046 4905 quantum
3099 4844 3275 4903 potest
3324 4849 3388 4887 ac
3445 4834 3608 4895 valet,
3665 4843 3720 4885 et
3760 4833 3986 4887 ferventi

2409 4933 2592 4985 animo
2627 4937 2802 4998 paret,
2837 4927 2939 4980 hoc
2976 4925 3220 4978 velamen
3258 4924 3397 4989 parti
3429 4923 3756 4989 iutelligenti
3791 4925 3986 4976 anima:

2411 5038 2525 5078 sum
2553 5021 2961 5090 superpositum
2999 5018 3182 5082 habet,
3213 5027 3266 5070 cl
3297 5016 3363 5068 ad
3398 5016 3792 5069 sublimitatem
3842 5017 3988 5086 agni-

2413 5117 2578 5170 tionis
2615 5114 2707 5168 lilii
2739 5112 2829 5166 Dei
2862 5111 3096 5165 subvehi
3146 5109 3360 5178 nequit.
3417 5106 3572 5161 Sicut
3623 5109 3851 5176 insuper
3905 5109 3985 5176 qui

2411 5209 2710 5265 secundum
2746 5221 2945 5273 corpus
2985 5212 3184 5258 exutus
3219 5212 3324 5266 est,
3375 5201 3601 5255 vulnera
3655 5203 3708 5252 in
3760 5215 3988 5270 corpore

2413 5319 2513 5359 suo
2547 5303 2740 5354 videt:
2787 5299 2861 5350 ita
2903 5297 3006 5351 istc
3035 5295 3265 5349 vitiosos
3319 5292 3552 5346 affectus
3596 5293 3836 5344 animam
3877 5293 3988 5358 ejus

2410 5395 2720 5451 obtinentes
2753 5400 2886 5445 tunc
2919 5389 3125 5459 liquido
3169 5385 3432 5457 perspicit
3488 5384 3747 5453 (exempli
3800 5401 3984 5443 causa,

2410 5502 2658 5543 amorem
2689 5485 2896 5554 gloriae,
2933 5481 3244 5545 avaritiam,
3284 5478 3611 5544 iniuriarum
3644 5478 3984 5539 memoriam,

1301 5680 1346 5759 ξ’
1377 5681 1579 5759 Εἰώθε-
1618 5701 1690 5759 1".
1721 5689 1805 5741 15-
1883 5692 1929 5723 ⁸⁵
1958 5693 2088 5748 Luc.
2128 5712 2214 5757 xv,
2245 5696 2296 5748 7.
2374 5697 2418 5729 ⁸³
2447 5695 2605 5750 Joan.
2643 5711 2721 5759 Vl,
2751 5695 2840 5749 '57.
2921 5694 2963 5724 ⁵⁸
2999 5690 3158 5746 Joan.
3183 5706 3280 5751 vn,
3324 5689 3413 5742 3'7.
3490 5687 3534 5717 "’
3565 5685 3868 5759 Joan.vu_i,
3902 5684 3983 5759 :32.

1786 5762 1831 5790 “
1866 5762 1880 5815 I
1919 5762 2077 5817 Joau.
2115 5781 2222 5824 xw,
2258 5767 2452 5821 21-25.
2531 5769 2570 5797 ⁶¹
2605 5766 2686 5818 Ma

1789 5850 1823 5885 l.
1859 5850 2011 5893 xxm.
2050 5835 2133 5890 1‘2.
2212 5837 2255 5869 ⁵⁸
2282 5837 2320 5891 ll
2348 5839 2474 5893 Cor.
2513 5854 2592 5893 ιιι.
2626 5837 2686 5891 15

2247 5853 2320 5891 "ll
2348 5853 2474 5894 Lor.
2513 5854 2592 5904 Ill,
2626 5853 2710 5891 ιο.

2531 5769 2570 5797 ⁶¹
2605 5757 2799 5821 Matth.
2839 5781 2953 5829 vui,
2987 5765 3068 5818 ll.
3145 5763 3187 5793 °'
3229 5759 3420 5816 Matth.
3459 5776 3540 5822 ιιι,
3584 5760 3631 5814 l.
3714 5758 3759 5787 ⁸³
3798 5757 3982 5810 Matth.
