4170 6452
156 406 272 467 449

1473 411 1764 474 ORATIO
1794 412 2012 477 XXVI.

3319 423 3434 490 450

156 527 353 577 odium
389 523 712 592 fraternum,
750 523 1034 590 invidtam,
1080 524 1278 592 zelum,
1309 527 1740 590 contentionem,
1772 530 1817 587 Α
1846 544 1963 582 runt
2015 539 2189 583 autem
2224 544 2326 584 non
2354 531 2581 586 audiunt
2608 531 2654 564 “
2677 571 2691 586 .
2740 529 3002 606 Reliquos
3050 537 3292 592 omnium
3330 542 3429 592 bo-

153 613 630 669 existimationem
649 614 966 683 praeclaram
991 614 1098 679 sui,
1119 623 1174 670 et
1196 615 1438 686 reliquos
1459 616 1742 686 deinceps)

157 706 424 759 mandata
476 712 535 759 ut
568 707 893 772 medicinas,
944 710 1280 765 tentationes
1336 716 1403 764 ut
1435 717 1740 770 cauterem.

153 814 255 853 seu
289 798 494 852 ferrum
528 800 901 870 chirurgicum
940 803 1023 856 his
1054 803 1361 872 imponens,
1396 802 1744 857 humiliatus-

156 907 268 960 que
328 906 392 944 ac
429 891 654 960 lugens,
689 900 745 946 et
788 908 945 963 opem
982 894 1224 949 divinam
1258 895 1515 949 ardenter
1542 895 1742 964 exqui-

159 998 319 1044 rens,
382 984 615 1052 gratiam
672 986 848 1040 sancti
901 985 1143 1056 Spiritus
1215 987 1623 1053 advenientem,
1681 1000 1745 1041 ac

157 1075 411 1144 singulos
449 1077 775 1132 evellentem
830 1079 1300 1150 perimentemque
1351 1081 1518 1142 videt,
1572 1078 1745 1134 donec

157 1169 404 1222 animam
461 1171 580 1239 ejus
631 1172 699 1225 ab
733 1172 988 1227 omnibus
1060 1174 1182 1228 istis
1234 1173 1454 1227 tandem
1508 1173 1745 1242 perfecte

158 1258 398 1312 liberam
428 1260 640 1314 reddat.
670 1259 786 1316 Non
821 1263 965 1316 enim
1000 1261 1151 1317 illam
1182 1278 1248 1316 ex
1286 1272 1462 1333 parte,
1494 1265 1590 1319 sed
1625 1278 1745 1318 om-

161 1351 296 1404 nino
335 1367 399 1406 ac
449 1369 585 1426 pure
640 1354 960 1410 Paracletus
1017 1371 1262 1426 praesens
1309 1356 1365 1412 in
1435 1359 1742 1414 libertatem

158 1445 452 1499 vindicare
483 1447 619 1503 vult.
658 1446 794 1501 Cum
847 1450 1148 1506 nominatis
1177 1453 1321 1506 enim
1360 1451 1743 1509 affectionibus

156 1536 430 1607 quidquid
467 1548 551 1594 est
581 1540 1003 1608 mmstitudinis,
1054 1544 1320 1614 quidquid
1380 1546 1742 1616 negligentiae,

160 1628 439 1696 quidquid
491 1629 737 1693 desidiae,
792 1631 1136 1702 ignorantiae,
1186 1635 1505 1700 oblivionis,
1543 1638 1745 1708 gastri-

163 1722 410 1789 tnargiae,
444 1721 613 1775 studii
649 1722 1011 1792 voluptuarii,
1069 1727 1209 1791 haec,
1259 1726 1509 1795 inquam,
1558 1729 1742 1784 omnia

163 1810 334 1879 fugat,
399 1813 650 1883 adeoque
700 1815 981 1871 hominem
1047 1826 1300 1884 renovat,
1362 1828 1418 1875 et
1469 1820 1744 1876 instaurat

64 1981 66 1984 ν
161 1905 341 1958 anima
370 1906 534 1959 simul
559 1916 610 1959 et
641 1922 893 1975 corpore,
920 1917 1114 1964 utnon
1142 1911 1386 1966 interitui
1415 1912 1739 1978 obnoxium,

163 2006 214 2051 et
249 1997 619 2066 ponderosum
673 2009 835 2070 atque
863 2015 1136 2067 crassum,
1191 2005 1286 2059 sed
1349 2005 1655 2074 spirituale,
1688 2014 1742 2062 et

163 2106 361 2159 expers
402 2092 664 2157 materiae,
699 2099 755 2146 et
779 2094 893 2160 jam
933 2094 1215 2161 idoneum,
1268 2099 1413 2166 quod
1457 2099 1512 2153 in
1540 2100 1739 2154 caelum

165 2184 433 2254 rapiatur,
472 2199 674 2254 corpus
704 2193 922 2254 gestare
954 2186 1223 2243 videatur.
1257 2187 1365 2245 Nec
1395 2191 1540 2246 istud
1563 2191 1739 2246 solum

163 2277 332 2345 gratia
367 2274 606 2345 Spiritus
667 2278 722 2331 in
779 2293 842 2332 eo
900 2290 1200 2349 operatur:
1266 2283 1360 2336 sed
1392 2297 1495 2336 nec
1541 2282 1739 2338 intueri

164 2366 441 2436 quidpiam
507 2368 853 2423 sensibilium
914 2371 965 2424 ei
1034 2371 1346 2441 permittit:
1406 2373 1489 2426 vel
1555 2373 1739 2443 petius

161 2461 318 2526 quasi
348 2475 458 2512 non
485 2459 812 2524 intueretur,
847 2461 921 2514 ita
947 2477 1072 2516 eum
1105 2463 1205 2518 has
1230 2477 1320 2517 res
1352 2463 1552 2519 intueri
1583 2464 1734 2519 facit.

163 2548 292 2604 Nam
331 2567 456 2606 cum
498 2567 650 2607 mens
682 2551 750 2606 iis
771 2566 891 2622 qua:
936 2553 1333 2624 intelliguntur,
1362 2571 1422 2611 se
1445 2556 1738 2621 dediderit,

164 2642 232 2698 ab
269 2643 352 2696 his
385 2660 506 2712 qua:
555 2645 611 2698 in
649 2661 876 2700 sensum
925 2646 1130 2699 cadunt
1181 2654 1295 2700 tota
1330 2645 1584 2713 discedit,
1633 2649 1737 2703 etsi

166 2750 228 2788 ea
259 2737 448 2790 videre
505 2746 558 2790 et
589 2738 1028 2793 animadvertere
1059 2747 1302 2808 putetur.
1353 2738 1448 2794 Sic
1488 2740 1655 2810 igitur
1683 2740 1736 2794 in

166 2830 272 2893 his,
311 2844 512 2898 nempe
558 2845 681 2899 quae
739 2831 1103 2898 intelligentia
1138 2832 1255 2886 sola
1305 2833 1735 2903 perspiciuntur,

164 2924 488 2988 immorans,
543 2924 847 2978 secundum
901 2934 1175 2988 sanctum,
1241 2926 1403 2995 cujus
1456 2927 1549 2980 illa
1589 2943 1733 2982 vox:

168 3014 368 3067 Nostra
402 3027 575 3069 autem
615 3018 945 3071 conversatio
978 3018 1032 3070 in
1064 3019 1207 3072 cali:
1234 3028 1335 3084 est,
1367 3035 1471 3072 non
1499 3029 1738 3074 contem-

161 3109 427 3175 plantibus
458 3110 608 3163 nobis
640 3127 757 3180 qua:
804 3111 1064 3174 videntur,
1113 3109 1206 3164 sed
1238 3128 1356 3181 quw
1401 3128 1504 3165 non
1558 3113 1737 3167 viden-

1849 619 2054 673 minntn
2100 636 2382 677 sermones
2435 626 2582 677 audit
2630 624 2718 678 illa
2772 627 2989 693 quidem
3021 670 3036 694 ,
3084 645 3192 685 non
3249 641 3435 688 tamen

1849 710 2125 775 admittit,
2172 728 2272 768 nec
2318 714 2384 768 ad
2437 729 2496 768 se
2548 727 2838 782 penetrare
2896 722 3135 788 patitur;
3185 725 3277 777 sed
3335 743 3430 782 eos

1854 812 2130 866 aversata,
2163 820 2366 861 vacuos
2393 806 2638 862 dimittit.
2681 811 2987 881 Aliquando
3020 830 3118 868 nec
3141 817 3426 886 allapsum,

1853 901 1948 948 aut
1981 897 2198 964 pulsum
2242 913 2427 952 eorum
2458 900 2687 970 percipit
2729 919 2745 955 :
2785 904 2877 957 sed
2910 920 3217 974 quanquam
3254 909 3427 976 audit,

1847 989 2012 1043 veluti
2046 991 2247 1045 surdus
2266 1008 2371 1044 non
2392 995 2618 1049 audiens
2643 995 2938 1068 ",sicerga
2968 1015 3061 1053 eos
3094 1015 3214 1055 sese
3243 1003 3427 1058 habet.

1847 1076 2082 1133 Proinde
2127 1095 2250 1134 cum
2286 1081 2410 1135 talis
2441 1084 2697 1148 evaserit,
2734 1086 2931 1144 statim.
2952 1086 3092 1143 Deus
3121 1105 3240 1144 eam
3275 1091 3433 1144 inha-

1846 1169 2017 1236 bitat,
2060 1174 2305 1243 tiuntquc
2357 1175 2410 1229 in
2450 1190 2514 1229 ea
2552 1192 2890 1247 quacunque
2933 1181 3232 1248 cupiverit,
3264 1184 3427 1237 etiam

1845 1276 2010 1332 supra
2069 1280 2230 1334 quam
2289 1267 2578 1337 cupiverit.
2632 1269 2774 1323 Deus
2813 1269 2957 1324 enim
2991 1287 3112 1324 cunt
3166 1273 3238 1327 sit
3268 1289 3430 1328 omne

1846 1353 2049 1409 bonum
2077 1396 2092 1420 ,
2128 1357 2409 1422 animam,
2467 1360 2516 1412 in
2567 1376 2672 1428 qua
2725 1362 2906 1416 sedem
2958 1365 3242 1432 posuerit.
3279 1367 3425 1419 etnui

1848 1447 1991 1502 bono
2025 1449 2212 1518 implet
2242 1489 2256 1513 ,
2291 1461 2554 1520 quantum
2587 1455 2728 1522 potis
2761 1463 2844 1508 est
2879 1465 3067 1508 natura
3101 1468 3289 1512 nostra
3323 1458 3430 1511 itn-

1845 1539 2016 1610 pleri;
2052 1539 2194 1594 Deus
2240 1543 2442 1612 quippe
2481 1559 2507 1595 a
2559 1545 2707 1599 nulla
2753 1560 2813 1599 re
2844 1547 3058 1599 condita
3088 1549 3303 1617 capitur
3365 1563 3429 1602 ac

1846 1635 2170 1688 sustinetur.
2216 1633 2364 1688 Bona
2419 1645 2598 1688 autem
2642 1637 2732 1689 illa
2765 1638 3051 1707 intelligo:
3086 1638 3216 1704 Quae
3243 1642 3427 1695 oculus

1845 1742 1946 1778 non
1972 1726 2132 1789 vidit,
2169 1736 2219 1780 et
2251 1729 2397 1781 auris
2430 1745 2532 1782 non
2580 1729 2816 1794 audivit,
2863 1747 2954 1784 nec
2995 1732 3050 1786 in
3082 1749 3172 1786 cor
3200 1736 3428 1787 hominis

1847 1816 2198 1871 ascenderunt
2227 1819 2274 1850 '°
2315 1861 2328 1884 ,
2358 1820 2475 1889 ejus
2512 1830 2639 1889 puta
2665 1859 2680 1884 ,
2715 1821 2806 1890 qui
2838 1823 2960 1876 talis
2986 1824 3226 1877 nondum
3255 1826 3428 1879 exsti-

1849 1911 1935 1965 tit.
1988 1911 2167 1976 Quare
2201 1911 2365 1966 etiam
2406 1912 2564 1968 docet
2598 1913 2908 1982 hujusmodi
2953 1913 3226 1968 hominem
3268 1915 3425 1970 habi-

1847 2010 1969 2057 tans
2001 2004 2055 2058 in
2089 2018 2155 2059 eo
2191 2004 2332 2058 Deus
2364 2043 2380 2069 ,
2417 2003 2484 2059 de
2519 2005 2753 2070 futuris,
2788 2014 2843 2061 ct
2885 2006 3284 2074 praesentibus;
3323 2023 3426 2062 nec

1845 2097 2029 2158 verbo
2060 2096 2152 2150 sed
2180 2111 2367 2166 opere,
2399 2097 2760 2167 experientia,
2791 2105 2844 2152 et
2871 2101 3048 2167 reipsa
3080 2098 3425 2154 intellectua-

1844 2186 1923 2242 les
1953 2187 2074 2256 ejus
2109 2189 2297 2243 oculos
2330 2190 2582 2244 revelans
2611 2229 2626 2254 ,
2666 2204 3004 2261 quaecunque
3039 2190 3152 2243 vult
3175 2230 3189 2253 ,
3222 2201 3275 2244 et
3305 2205 3426 2259 qum

1843 2281 1890 2336 ei
1925 2283 2241 2336 conducunt
2271 2323 2284 2346 ,
2321 2281 2684 2336 demonstrat.
2714 2283 2918 2338 Ca’tera
2947 2300 3054 2337 non
3089 2282 3424 2352 indaganda.

1843 2378 1945 2418 nec
1986 2365 2276 2434 quaerenda
2307 2405 2322 2430 ,
2356 2381 2457 2420 nec
2511 2367 2727 2421 curiose
2777 2367 3074 2422 scrutanda
3104 2367 3299 2422 suadet
3326 2368 3369 2398 “
3406 2385 3422 2432 ;

1841 2457 2279 2527 quandoquidem
2311 2473 2413 2513 nec
2445 2471 2566 2528 quae
2592 2457 2738 2512 Deus
2767 2457 2868 2527 ipsi
2902 2457 3108 2514 revelat
3147 2471 3201 2514 et
3230 2468 3421 2514 osten-

1843 2549 1964 2614 dit,
2011 2549 2130 2604 sine
2177 2550 2524 2612 reverentia,
2563 2565 2629 2605 ac
2679 2549 2852 2606 libere
2901 2561 3078 2621 petest
3108 2554 3423 2623 perspicere

1841 2651 2003 2712 atque
2040 2642 2240 2696 intueri
2277 2661 2290 2696 :
2330 2642 2425 2697 sed
2458 2643 2613 2713 quasi
2655 2657 2752 2712 per
2807 2652 3159 2699 transennam
3196 2645 3423 2713 profun-

1839 2734 2063 2789 ditatem
2110 2735 2424 2789 divitiarum
2477 2735 2802 2805 sapientiaz,
2831 2748 2884 2791 et
2942 2738 3275 2808 cognitionis
3323 2740 3420 2794 Dei

1840 2826 2159 2896 inspiciens,
2193 2842 2320 2880 mox
2348 2834 2546 2880 aestuat
2569 2866 2583 2890 ,
2626 2837 2679 2882 et
2713 2829 3048 2896 percellitur,
3083 2839 3254 2885 semet
3278 2832 3427 2900 aspi-

1838 2918 1989 2972 ciens
2014 2957 2031 2980 ,
2071 2927 2126 2972 et
2153 2917 2399 2989 cogitans
2428 2919 2552 2987 quis
2580 2918 2652 2972 sit
2677 2957 2692 2982 ,
2733 2928 2786 2972 et
2816 2920 3075 2990 qualibus
3107 2923 3422 2990 spectandis

1840 3007 2094 3077 dignatus
2125 3009 2215 3065 sit.
2269 3009 2695 3079 Magnitudinem
2727 3012 2870 3066 enim
2931 3013 3280 3082 benignitatis
3320 3014 3418 3070 Dei

1839 3101 2229 3163 considerans,
2270 3110 2324 3156 et
2350 3101 2780 3171 obstupescens.
2812 3118 2979 3173 seque
3025 3106 3214 3159 talium
3251 3106 3424 3161 bono-

167 3214 252 3253 tur
285 3205 351 3266 ⁸⁷,
383 3202 454 3256 ibi
479 3203 774 3267 detinetur,
805 3203 1169 3270 illuminatur,
1202 3204 1426 3260 assiduo
1458 3204 1730 3276 spirituali

1844 3208 1957 3247 rum
2007 3193 2324 3263 spectaculo
2377 3203 2494 3249 toto
2519 3205 2739 3263 pectore
2790 3195 3072 3266 indignum
3129 3207 3421 3262 statuens,

163 3304 322 3349 aetate
353 3309 682 3364 augescens,
734 3303 788 3349 et
845 3294 1087 3349 infantia:
1131 3297 1388 3351 sensibus
1429 3297 1732 3363 evacuatis,

164 3387 217 3440 in
275 3387 489 3440 virilem
540 3384 937 3455 perfectionem
993 3386 1313 3455 proficiens.
1388 3387 1736 3457 Quapropter

158 3478 312 3545 juxta
350 3489 662 3531 mensuram
715 3487 932 3543 quoque
963 3473 1138 3529 aetatis
1173 3473 1338 3542 hujus
1375 3489 1507 3540 suae,
1538 3489 1738 3530 secun-

165 3571 290 3624 dum
329 3569 473 3622 vires
509 3575 561 3620 et
588 3565 900 3621 functiones
949 3566 1147 3619 animae
1181 3565 1527 3631 immutatur,
1559 3575 1614 3620 et
1667 3567 1735 3620 ad

167 3659 421 3712 mandata
477 3658 568 3712 Dei
621 3655 919 3710 factitanda
971 3655 1169 3709 fortior
1217 3670 1280 3710 ac
1319 3658 1593 3726 potentior
1651 3657 1731 3711 fit.

164 3752 292 3816 Quae
319 3747 569 3820 quotidie
625 3747 880 3814 implens,
932 3761 1030 3815 pro
1062 3747 1314 3816 portione
1367 3748 1736 3802 exsecutiouis

166 3855 354 3895 eorum
383 3837 584 3891 adhuc
631 3845 919 3906 purgatur,
956 3834 1316 3906 splendescit,
1355 3837 1734 3904 collustratur,

167 3942 487 3999 magnorum
565 3926 954 3996 mysteriorum
1031 3924 1395 3980 revelationes
1462 3936 1734 3996 meretur,

163 4035 395 4091 quorum
426 4017 860 4087 profunditatem
895 4030 1058 4071 nemo
1107 4016 1324 4072 illorum
1370 4017 1464 4086 qui
1493 4019 1546 4072 in
1585 4033 1738 4075 eam-

163 4114 281 4168 dem
317 4110 611 4180 puritatem
645 4117 705 4161 ut
733 4107 1119 4173 eveherentur,
1176 4122 1283 4162 non
1311 4109 1736 4176 contenderunt,

166 4213 256 4260 aut
283 4203 426 4257 vidit
458 4215 722 4271 unquam,
758 4206 850 4252 aut
881 4197 1066 4253 videre
1099 4209 1297 4269 potest.

230 4293 488 4366 Mysteria
548 4304 723 4347 autem
788 4291 932 4355 dico,
987 4306 1110 4360 quae
1168 4307 1292 4346 cum
1353 4293 1422 4350 ab
1482 4293 1738 4350 omnibus

163 4389 472 4449 videantur,
508 4401 616 4439 non
660 4394 843 4438 tamen
905 4384 1467 4453 comprehunduntur.
1525 4383 1736 4441 Etenim

172 4493 324 4534 mens
361 4493 390 4530 a
424 4477 630 4546 Spiritu
665 4475 987 4530 innovatore
1018 4475 1317 4531 illutninata
1348 4514 1362 4540 ,
1401 4476 1566 4531 etiam
1605 4491 1740 4531 ocu-

167 4573 241 4627 los
268 4584 447 4625 novos
468 4611 482 4633 ,
513 4583 672 4621 aures
705 4567 832 4622 item
868 4581 1038 4621 novas
1073 4565 1341 4636 acquirit,
1373 4575 1426 4620 et
1451 4567 1518 4621 de
1543 4575 1741 4622 ca‘tero

169 4681 269 4718 non
299 4670 360 4716 ut
395 4661 560 4715 homo
590 4659 868 4714 sensibilia
898 4658 1250 4721 sensibiliter,
1281 4658 1375 4712 sed
1422 4667 1479 4712 ut
1522 4659 1742 4715 homine

167 4756 272 4822 jam
319 4753 595 4821 superior,
631 4750 905 4805 sensibilia
950 4759 1003 4804 et
1058 4764 1319 4818 corporea
1361 4751 1736 4816 spiritualiter,

169 4859 216 4903 et
244 4859 511 4917 tanquam
544 4844 931 4900 similitudines
994 4843 1492 4912 inaspectabilium,
1521 4859 1740 4898 eorum-

171 4961 270 5010 que
337 4941 546 4995 formas
612 4939 759 4992 velut
813 4935 1077 4991 informes
1138 4950 1202 4988 ac
1252 4935 1432 5004 specie
1499 4946 1749 4993 carentes

173 5038 440 5095 intuetur,
469 5030 726 5100 auditque
757 5068 772 5093 ,
804 5045 912 5082 non
962 5037 1021 5082 ut
1071 5027 1342 5098 quispiam
1382 5027 1582 5083 dixerit
1609 5065 1624 5091 ,
1657 5043 1751 5082 vo-

172 5141 282 5179 rem
312 5165 326 5187 ,
361 5133 454 5176 aut
503 5135 664 5175 voces
697 5119 1023 5185 hominum;
1058 5120 1152 5173 sed
1184 5118 1354 5174 solius
1380 5158 1394 5182 ,
1428 5127 1482 5172 et
1515 5118 1749 5175 viventis

172 5212 334 5269 Verbi
366 5253 382 5278 ,
423 5210 646 5281 quando
680 5224 774 5280 per
810 5209 1102 5262 humanam
1136 5222 1324 5262 vocem
1364 5221 1422 5261 se
1452 5209 1744 5262 exeruerit.

174 5305 280 5361 Iloc
330 5305 500 5367 enim,
537 5310 590 5356 et
628 5303 827 5366 solum,
858 5308 1115 5369 tanquam
1149 5309 1331 5353 notntn
1362 5299 1487 5362 sibi,
1519 5308 1573 5353 et
1603 5301 1741 5353 ami-

172 5413 290 5451 cum
332 5411 429 5465 per
460 5409 620 5447 aures
647 5395 825 5447 anima
853 5394 1120 5463 suscipit,
1151 5393 1311 5461 eique
1355 5392 1563 5446 aditum
1607 5407 1741 5447 con-

173 5489 355 5551 cedit,
389 5495 442 5541 et
498 5493 774 5554 receptum
828 5485 1002 5540 libens
1053 5483 1396 5553 amplectitur
1436 5483 1622 5539 :sicnt
1670 5481 1744 5535 ait

177 5580 436 5636 Dominus
469 5595 482 5631 :
519 5577 650 5633 Oves
684 5593 810 5630 ineas
844 5591 1014 5630 vocent
1046 5590 1216 5629 meam
1251 5575 1510 5641 audiunt,
1543 5573 1746 5628 alieno-

237 5786 287 5820 ⁸⁷
314 5787 549 5854 Philipp.
595 5803 653 5852 ll,
684 5789 788 5850 ξ).ος
821 5789 864 5844 ΙΙ
898 5790 1022 5846 Cor.
1046 5806 1117 5853 tv,
1152 5790 1238 5845 i8.

178 5854 266 5912 33.
337 5858 383 5890 ’³
414 5858 457 5913 ll
489 5857 624 5920 lien.
676 5876 770 5921 τη.
812 5863 898 5918 i8.
976 5862 1020 5895 ⁷³
1053 5863 1222 5916 Et'cli.
1259 5877 1338 5924 Ill,
1364 5861 1453 5918 2'2.

1349 5791 1573 5848 “Joan.
1610 5806 1666 5858 ι,
1707 5788 1794 5846 16.
1871 5787 1915 5822 ⁸³
1942 5785 2078 5842 Psal.
2123 5797 2326 5850 xxxvtt,
2373 5781 2458 5838 η.

1836 3300 1938 3340 nec
1964 3286 2028 3339 ad
2056 3300 2120 3340 ea
2147 3294 2334 3355 aperte
2364 3286 2661 3356 respicere,
2696 3301 2795 3341 nec
2828 3302 2890 3340 ea
2916 3303 3240 3358 pernoscere
3265 3291 3378 3346 vult
3403 3309 3417 3345 :

1838 3378 1933 3434 sed
1966 3379 2162 3434 timore
2207 3387 2263 3433 et
2313 3385 2590 3443 tremore,
2643 3393 2706 3433 ac
2744 3381 3051 3436 reverentia
3108 3391 3421 3438 coarctatae

1839 3470 2109 3525 exclamat
2138 3488 2154 3524 :
2210 3468 2342 3535 Quis
2379 3485 2500 3524 sum
2527 3476 2622 3540 ego
2643 3507 2658 3534 ,
2698 3469 2958 3540 Dominej,
2997 3482 3046 3528 et
3077 3490 3196 3543 quia
3231 3475 3419 3529 domus

1838 3563 2006 3631 patris
2055 3562 2159 3614 mei
2211 3562 2259 3594 "
2307 3601 2322 3625 ,
2370 3563 2628 3629 quoniam
2689 3563 2814 3617 talia
2877 3565 3137 3635 mysteria
3193 3565 3420 3636 indigno

1840 3655 2180 3709 committere
2211 3668 2318 3706 non
2349 3653 2614 3708 dubitasti
2641 3694 2656 3718 ,
2706 3669 2904 3725 meque
2933 3665 3207 3712 tantorum
3245 3660 3420 3713 bono-

1841 3763 1961 3800 rum
1991 3753 2209 3800 tuorum
2243 3761 2350 3800 non
2383 3746 2546 3800 modo
2586 3748 3100 3816 contemplatorem,
3134 3750 3227 3806 sed
3253 3751 3417 3805 etiam

1842 3839 2158 3908 participem
2225 3847 2281 3893 et
2364 3847 2675 3893 consortem
2743 3840 3143 3895 admirabiliter
3200 3841 3422 3898 feci-sti?

1841 3930 1988 3985 Talis
2047 3931 2233 3999 itaque
2269 3929 2361 3999 qui
2389 3929 2501 3998 jam
2539 3945 2703 4000 super
2743 3945 2961 3987 omnem
3009 3941 3313 3988 creaturam
3358 3949 3418 3988 se

1841 4021 2074 4085 extulit,
2106 4031 2256 4077 retro
2291 4021 2471 4076 redire
2494 4060 2511 4088 ,
2546 4029 2600 4078 et
2624 4037 2745 4090 quae
2770 4030 3037 4078 creaturae
3070 4033 3197 4078 sunt
3219 4065 3233 4088 ,
3269 4025 3323 4080 in
3349 4026 3417 4079 iis

1841 4114 2059 4167 curiose
2084 4112 2424 4181 inquirendis
2458 4114 2663 4168 versari
2701 4113 2923 4170 minime
2961 4114 3094 4168 vult.
3124 4114 3260 4169 Nam
3291 4130 3414 4169 cum

1841 4203 2158 4274 angelorum
2211 4201 2499 4257 Dominum
2543 4201 2798 4272 possides
2845 4240 2861 4267 ,
2911 4205 3207 4259 essentiam
3241 4204 3294 4258 et
3323 4219 3420 4259 na-

1842 4299 2023 4347 turam
2076 4291 2505 4347 ministrantium
2563 4294 2612 4347 ei
2663 4293 2978 4362 angelorum
3047 4295 3418 4364 pervestigare

1845 4384 2101 4439 abhorret
2125 4424 2139 4447 ,
2176 4398 2297 4438 cum
2331 4383 2502 4450 sciat,
2560 4382 2670 4439 Deo
2716 4399 2824 4439 non
2861 4385 3108 4454 placere,
3140 4384 3416 4440 hominem

1846 4491 1966 4547 quae
1993 4489 2157 4545 supra
2201 4475 2475 4530 hominem
2508 4483 2674 4541 sunt,
2719 4490 2817 4544 per
2855 4477 3227 4532 curiositatem
3263 4476 3418 4530 inda-

1847 4584 1995 4639 gare.
2035 4567 2090 4622 Si
2123 4567 2267 4623 enim
2304 4567 2444 4639 jussi
2482 4582 2671 4624 sumus
2701 4567 2916 4623 divinas
2949 4566 3264 4637 Scripturas
3303 4581 3415 4620 non

1848 4661 2066 4717 euriose
2112 4659 2389 4714 discutere
2427 4658 2473 4690 ⁷³
2521 4696 2536 4720 ,
2568 4659 2742 4712 multo
2774 4659 2945 4728 magis
2991 4673 3155 4726 supra
3203 4673 3266 4712 ea
3297 4672 3418 4724 qua:

1847 4751 2046 4818 scripta
2121 4757 2287 4812 sunt,
2346 4762 2448 4801 nos
2515 4747 2762 4800 curiosos
2815 4761 2938 4800 esse
2986 4745 3211 4798 omnino
3273 4743 3416 4796 haud

1848 4850 2082 4911 oportet.
2118 4840 2266 4894 Talis
2307 4837 2475 4892 Deum
2525 4839 2702 4899 videt,
2734 4843 2998 4905 quantum
3041 4833 3156 4888 ﬁeri
3197 4843 3415 4903 potest,

1847 4943 1900 4988 et
1939 4939 2203 5002 quantum
2248 4931 2352 4998 ipsi
2386 4927 2497 4982 Deo
2528 4927 2656 4981 libet
2681 4967 2694 4991 ,
2728 4935 2782 4981 et
2819 4940 3034 4995 semper
3073 4940 3196 4980 eum
3232 4923 3418 4978 videre

1847 5026 2065 5088 studet,
2100 5033 2264 5093 atque
2292 5030 2352 5076 ut
2385 5029 2510 5092 post
2550 5020 2759 5075 obitum
2788 5019 3007 5080 videat,
3043 5025 3303 5087 perpetuo
3329 5031 3419 5071 ro-

1847 5127 1974 5189 gat,
2004 5129 2056 5171 et
2083 5117 2195 5172 sola
2230 5116 2348 5186 ejus
2373 5115 2584 5168 visione
2605 5120 2897 5166 contentus
2930 5149 2946 5176 ,
2981 5109 3114 5163 nihil
3152 5117 3415 5178 praeterea

1846 5210 2094 5280 requirit.
2152 5206 2302 5261 Unde
2349 5220 2450 5260 nec
2495 5203 2660 5258 Deum
2708 5217 2771 5256 ac
2820 5201 3108 5256 Dominum
3144 5214 3348 5262 suum,
3386 5213 3416 5249 a

1847 5318 1956 5372 quo
2007 5302 2241 5369 repletur
2280 5299 2481 5351 lumine
2510 5335 2526 5359 ,
2582 5304 2637 5350 et
2692 5310 2722 5348 a
2772 5309 2881 5363 quo
2908 5294 3028 5346 vita:
3071 5292 3332 5352 sincerae,
3366 5298 3420 5343 et

1847 5397 2180 5462 incorruptae
2220 5389 2549 5458 voluptatem
2607 5385 2810 5450 habet,
2855 5383 3162 5450 relinquere
3192 5418 3208 5444 ,
3241 5388 3296 5433 et
3351 5379 3418 5431 ad

1850 5501 1948 5544 sua
1977 5484 2192 5539 vincula
2223 5481 2495 5551 respicere
2523 5479 2692 5550 cupit.
2723 5477 2869 5532 Talis
2901 5476 3073 5539 visus,
3107 5473 3220 5528 sive
3251 5471 3420 5527 desu-

1855 5594 1950 5640 per
1989 5592 2021 5632 a
2060 5575 2170 5631 Deo
2216 5574 2518 5630 illustratus
2542 5611 2558 5638 ,
2589 5581 2642 5627 et
2695 5571 2813 5641 ipse
2854 5569 3246 5640 praacelleutem
3296 5566 3420 5634 ejus

2556 5781 2601 5816 ⁷⁸
2631 5782 2652 5840 Ι
2682 5781 2811 5838 Cor.
2852 5793 2910 5844 tt,
2941 5773 2994 5830 9.
3092 5775 3134 5806 '“
3164 5773 3324 5834 Rom.
3341 5790 3419 5848 ιι,
