  <div class='ocr_page' id='page_1' title='image "/cluster/home/n/w/nwhite01/storage/ocr_20150623/120/nnc1.0046979972/225.png"; bbox 0 0 4170 6452; ppageno 0'>
   <div class='ocr_carea' id='block_1_1' title="bbox 725 365 825 430">
    <p class='ocr_par' dir='ltr' id='par_1_1' title="bbox 725 365 825 430">
     <span class='ocr_line' id='line_1_1' title="bbox 725 365 825 430; baseline 0.06 -6"><span class='ocrx_word' id='word_1_1' title='bbox 725 365 825 430; x_wconf 73' lang='grc'><strong>451</strong></span> 
     </span>
    </p>
   </div>
   <div class='ocr_carea' id='block_1_2' title="bbox 1972 362 2747 430">
    <p class='ocr_par' dir='ltr' id='par_1_2' title="bbox 1972 362 2747 430">
     <span class='ocr_line' id='line_1_2' title="bbox 1972 362 2747 430; baseline 0.008 -6"><span class='ocrx_word' id='word_1_2' title='bbox 1972 362 2353 424; x_wconf 77' lang='lat' dir='ltr'><strong>SYMEONIS</strong></span> <span class='ocrx_word' id='word_1_3' title='bbox 2381 365 2747 430; x_wconf 83' lang='lat' dir='ltr'><strong>JUNiORlS</strong></span> 
     </span>
    </p>
   </div>
   <div class='ocr_carea' id='block_1_3' title="bbox 3906 363 4015 436">
    <p class='ocr_par' dir='ltr' id='par_1_3' title="bbox 3906 363 4015 436">
     <span class='ocr_line' id='line_1_3' title="bbox 3906 363 4015 436; baseline -0.055 -8"><span class='ocrx_word' id='word_1_4' title='bbox 3906 363 4015 436; x_wconf 66' lang='lat'><strong>45?</strong></span> 
     </span>
    </p>
   </div>
   <div class='ocr_carea' id='block_1_4' title="bbox 729 478 4012 556">
    <p class='ocr_par' dir='ltr' id='par_1_4' title="bbox 729 478 4012 556">
     <span class='ocr_line' id='line_1_4' title="bbox 729 478 4012 556; baseline 0.001 -20"><span class='ocrx_word' id='word_1_5' title='bbox 729 482 958 556; x_wconf 85' lang='lat' dir='ltr'><strong>gloriam</strong></span> <span class='ocrx_word' id='word_1_6' title='bbox 1011 481 1234 545; x_wconf 84' lang='lat' dir='ltr'><strong>videns,</strong></span> <span class='ocrx_word' id='word_1_7' title='bbox 1262 490 1318 536; x_wconf 89' lang='lat' dir='ltr'><strong>ut</strong></span> <span class='ocrx_word' id='word_1_8' title='bbox 1381 481 1442 535; x_wconf 81' lang='lat' dir='ltr'><strong>at</strong></span> <span class='ocrx_word' id='word_1_9' title='bbox 1503 480 1624 535; x_wconf 84' lang='lat' dir='ltr'><strong>aliis</strong></span> <span class='ocrx_word' id='word_1_10' title='bbox 1654 478 1879 551; x_wconf 81' lang='lat' dir='ltr'><strong>qualis,</strong></span> <span class='ocrx_word' id='word_1_11' title='bbox 1909 479 2052 533; x_wconf 90' lang='lat' dir='ltr'><strong>etin</strong></span> <span class='ocrx_word' id='word_1_12' title='bbox 2102 486 2307 548; x_wconf 88' lang='lat' dir='ltr'><strong>quanta</strong></span> <span class='ocrx_word' id='word_1_13' title='bbox 2337 479 2531 537; x_wconf 77' lang='lat' dir='ltr'><strong>Aortu</strong></span> <span class='ocrx_word' id='word_1_14' title='bbox 2584 481 2764 540; x_wconf 89' lang='lat' dir='ltr'><strong>insitis</strong></span> <span class='ocrx_word' id='word_1_15' title='bbox 2816 485 3164 550; x_wconf 91' lang='lat' dir='ltr'><strong>obsidentur,</strong></span> <span class='ocrx_word' id='word_1_16' title='bbox 3213 483 3358 540; x_wconf 90' lang='lat' dir='ltr'><strong>etin</strong></span> <span class='ocrx_word' id='word_1_17' title='bbox 3405 483 3591 540; x_wconf 88' lang='lat' dir='ltr'><strong>lumen</strong></span> <span class='ocrx_word' id='word_1_18' title='bbox 3629 485 3777 555; x_wconf 88' lang='lat' dir='ltr'><strong>quod</strong></span> <span class='ocrx_word' id='word_1_19' title='bbox 3829 488 4012 539; x_wconf 86' lang='lat' dir='ltr'><strong>animo</strong></span> 
     </span>
    </p>
   </div>
   <div class='ocr_carea' id='block_1_5' title="bbox 728 571 2311 646">
    <p class='ocr_par' dir='ltr' id='par_1_5' title="bbox 728 571 2311 646">
     <span class='ocr_line' id='line_1_5' title="bbox 728 571 2311 646; baseline -0.004 -18"><span class='ocrx_word' id='word_1_20' title='bbox 728 574 900 646; x_wconf 79' lang='lat' dir='ltr'><strong>gloria</strong></span> <span class='ocrx_word' id='word_1_21' title='bbox 953 575 1025 629; x_wconf 89' lang='lat' dir='ltr'><strong>sit</strong></span> <span class='ocrx_word' id='word_1_22' title='bbox 1074 575 1356 634; x_wconf 87' lang='lat' dir='ltr'><strong>videatur.</strong></span> <span class='ocrx_word' id='word_1_23' title='bbox 1414 574 1514 627; x_wconf 90' lang='lat' dir='ltr'><strong>hoc</strong></span> <span class='ocrx_word' id='word_1_24' title='bbox 1569 571 1642 625; x_wconf 88' lang='lat' dir='ltr'><strong>illi</strong></span> <span class='ocrx_word' id='word_1_25' title='bbox 1710 573 1763 625; x_wconf 93' lang='lat' dir='ltr'><strong>in</strong></span> <span class='ocrx_word' id='word_1_26' title='bbox 1822 578 2058 625; x_wconf 86' lang='lat' dir='ltr'><strong>mentem</strong></span> <span class='ocrx_word' id='word_1_27' title='bbox 2124 571 2311 624; x_wconf 90' lang='lat' dir='ltr'><strong>venire</strong></span> 
     </span>
    </p>
   </div>
   <div class='ocr_carea' id='block_1_6' title="bbox 726 661 2310 735">
    <p class='ocr_par' dir='ltr' id='par_1_6' title="bbox 726 661 2310 735">
     <span class='ocr_line' id='line_1_6' title="bbox 726 661 2310 735; baseline -0.003 -14"><span class='ocrx_word' id='word_1_28' title='bbox 726 681 1009 735; x_wconf 85' lang='lat' dir='ltr'><strong>nunquam</strong></span> <span class='ocrx_word' id='word_1_29' title='bbox 1063 673 1265 735; x_wconf 87' lang='lat' dir='ltr'><strong>potest.</strong></span> <span class='ocrx_word' id='word_1_30' title='bbox 1327 663 1593 729; x_wconf 70' lang='lat' dir='ltr'><strong>Quaelibet</strong></span> <span class='ocrx_word' id='word_1_31' title='bbox 1644 663 1788 717; x_wconf 91' lang='lat' dir='ltr'><strong>enim</strong></span> <span class='ocrx_word' id='word_1_32' title='bbox 1873 670 2063 717; x_wconf 85' lang='lat' dir='ltr'><strong>sancta</strong></span> <span class='ocrx_word' id='word_1_33' title='bbox 2131 661 2310 716; x_wconf 85' lang='lat' dir='ltr'><strong>anima</strong></span> 
     </span>
    </p>
   </div>
   <div class='ocr_carea' id='block_1_7' title="bbox 725 751 2313 826">
    <p class='ocr_par' dir='ltr' id='par_1_7' title="bbox 725 751 2313 826">
     <span class='ocr_line' id='line_1_7' title="bbox 725 751 2313 826; baseline -0.004 -14"><span class='ocrx_word' id='word_1_34' title='bbox 725 756 878 813; x_wconf 88' lang='lat' dir='ltr'><strong>omni</strong></span> <span class='ocrx_word' id='word_1_35' title='bbox 921 757 1221 826; x_wconf 81' lang='lat' dir='ltr'><strong>cupiditate</strong></span> <span class='ocrx_word' id='word_1_36' title='bbox 1254 754 1442 824; x_wconf 70' lang='lat' dir='ltr'><strong>gloriae</strong></span> <span class='ocrx_word' id='word_1_37' title='bbox 1479 761 1636 807; x_wconf 77' lang='lat' dir='ltr'><strong>vacat</strong></span> <span class='ocrx_word' id='word_1_38' title='bbox 1669 768 1684 806; x_wconf 90' lang='lat'><strong>:</strong></span> <span class='ocrx_word' id='word_1_39' title='bbox 1718 751 1990 821; x_wconf 78' lang='lat' dir='ltr'><strong>siquidem</strong></span> <span class='ocrx_word' id='word_1_40' title='bbox 2033 752 2178 820; x_wconf 87' lang='lat' dir='ltr'><strong>regia</strong></span> <span class='ocrx_word' id='word_1_41' title='bbox 2211 791 2227 818; x_wconf 97' lang='lat'><strong>,</strong></span> <span class='ocrx_word' id='word_1_42' title='bbox 2259 761 2313 806; x_wconf 91' lang='lat' dir='ltr'><strong>et</strong></span> 
     </span>
    </p>
   </div>
   <div class='ocr_carea' id='block_1_8' title="bbox 725 829 2311 917">
    <p class='ocr_par' dir='ltr' id='par_1_8' title="bbox 725 829 2311 917">
     <span class='ocr_line' id='line_1_8' title="bbox 725 829 2311 917; baseline -0.004 -13"><span class='ocrx_word' id='word_1_43' title='bbox 725 829 1073 904; x_wconf 85' lang='lat' dir='ltr'><strong>lucidissima</strong></span> <span class='ocrx_word' id='word_1_44' title='bbox 1135 847 1362 917; x_wconf 80' lang='lat' dir='ltr'><strong>spiritus</strong></span> <span class='ocrx_word' id='word_1_45' title='bbox 1420 845 1604 900; x_wconf 89' lang='lat' dir='ltr'><strong>tunica</strong></span> <span class='ocrx_word' id='word_1_46' title='bbox 1653 854 1846 900; x_wconf 82' lang='lat' dir='ltr'><strong>ornata</strong></span> <span class='ocrx_word' id='word_1_47' title='bbox 1880 885 1894 907; x_wconf 93' lang='lat'><strong>,</strong></span> <span class='ocrx_word' id='word_1_48' title='bbox 1926 854 1979 899; x_wconf 90' lang='lat' dir='ltr'><strong>et</strong></span> <span class='ocrx_word' id='word_1_49' title='bbox 2045 844 2311 899; x_wconf 86' lang='lat' dir='ltr'><strong>immensa</strong></span> 
     </span>
    </p>
   </div>
   <div class='ocr_carea' id='block_1_9' title="bbox 725 935 2309 1012">
    <p class='ocr_par' dir='ltr' id='par_1_9' title="bbox 725 935 2309 1012">
     <span class='ocr_line' id='line_1_9' title="bbox 725 935 2309 1012; baseline -0.006 -17"><span class='ocrx_word' id='word_1_50' title='bbox 725 940 822 995; x_wconf 88' lang='lat' dir='ltr'><strong>Dei</strong></span> <span class='ocrx_word' id='word_1_51' title='bbox 863 942 1036 1012; x_wconf 77' lang='lat' dir='ltr'><strong>gloria</strong></span> <span class='ocrx_word' id='word_1_52' title='bbox 1084 939 1323 1009; x_wconf 87' lang='lat' dir='ltr'><strong>repleta,</strong></span> <span class='ocrx_word' id='word_1_53' title='bbox 1368 952 1474 991; x_wconf 89' lang='lat' dir='ltr'><strong>non</strong></span> <span class='ocrx_word' id='word_1_54' title='bbox 1509 937 1686 991; x_wconf 90' lang='lat' dir='ltr'><strong>solum</strong></span> <span class='ocrx_word' id='word_1_55' title='bbox 1744 935 2035 990; x_wconf 84' lang='lat' dir='ltr'><strong>humanam</strong></span> <span class='ocrx_word' id='word_1_56' title='bbox 2081 936 2309 1004; x_wconf 77' lang='lat' dir='ltr'><strong>gloriam</strong></span> 
     </span>
    </p>
   </div>
   <div class='ocr_carea' id='block_1_10' title="bbox 724 1027 2308 1104">
    <p class='ocr_par' dir='ltr' id='par_1_10' title="bbox 724 1027 2308 1104">
     <span class='ocr_line' id='line_1_10' title="bbox 724 1027 2308 1104; baseline -0.004 -17"><span class='ocrx_word' id='word_1_57' title='bbox 724 1049 827 1104; x_wconf 91' lang='lat' dir='ltr'><strong>pro</strong></span> <span class='ocrx_word' id='word_1_58' title='bbox 862 1034 1034 1088; x_wconf 84' lang='lat' dir='ltr'><strong>nihilo</strong></span> <span class='ocrx_word' id='word_1_59' title='bbox 1062 1040 1255 1102; x_wconf 90' lang='lat' dir='ltr'><strong>putat,</strong></span> <span class='ocrx_word' id='word_1_60' title='bbox 1294 1032 1386 1085; x_wconf 90' lang='lat' dir='ltr'><strong>sed</strong></span> <span class='ocrx_word' id='word_1_61' title='bbox 1416 1029 1642 1084; x_wconf 84' lang='lat' dir='ltr'><strong>omnino</strong></span> <span class='ocrx_word' id='word_1_62' title='bbox 1675 1044 1779 1084; x_wconf 92' lang='lat' dir='ltr'><strong>nec</strong></span> <span class='ocrx_word' id='word_1_63' title='bbox 1826 1028 1894 1082; x_wconf 88' lang='lat' dir='ltr'><strong>ad</strong></span> <span class='ocrx_word' id='word_1_64' title='bbox 1928 1027 2166 1081; x_wconf 87' lang='lat' dir='ltr'><strong>oblatam</strong></span> <span class='ocrx_word' id='word_1_65' title='bbox 2205 1027 2308 1082; x_wconf 88' lang='lat' dir='ltr'><strong>sibi</strong></span> 
     </span>
    </p>
   </div>
   <div class='ocr_carea' id='block_1_11' title="bbox 724 1117 2308 1190">
    <p class='ocr_par' dir='ltr' id='par_1_11' title="bbox 724 1117 2308 1190">
     <span class='ocr_line' id='line_1_11' title="bbox 724 1117 2308 1190; baseline -0.007 -10"><span class='ocrx_word' id='word_1_66' title='bbox 724 1139 847 1179; x_wconf 86' lang='lat' dir='ltr'><strong>sese</strong></span> <span class='ocrx_word' id='word_1_67' title='bbox 876 1124 1168 1177; x_wconf 81' lang='lat' dir='ltr'><strong>convertit.</strong></span> <span class='ocrx_word' id='word_1_68' title='bbox 1199 1123 1245 1176; x_wconf 83' lang='lat' dir='ltr'><strong>A</strong></span> <span class='ocrx_word' id='word_1_69' title='bbox 1281 1120 1388 1176; x_wconf 88' lang='lat' dir='ltr'><strong>Deo</strong></span> <span class='ocrx_word' id='word_1_70' title='bbox 1416 1121 1619 1190; x_wconf 83' lang='lat' dir='ltr'><strong>quippe</strong></span> <span class='ocrx_word' id='word_1_71' title='bbox 1648 1121 1763 1174; x_wconf 88' lang='lat' dir='ltr'><strong>visa</strong></span> <span class='ocrx_word' id='word_1_72' title='bbox 1784 1159 1799 1183; x_wconf 95' lang='lat'><strong>,</strong></span> <span class='ocrx_word' id='word_1_73' title='bbox 1836 1128 1890 1171; x_wconf 90' lang='lat' dir='ltr'><strong>et</strong></span> <span class='ocrx_word' id='word_1_74' title='bbox 1915 1119 2035 1188; x_wconf 89' lang='lat' dir='ltr'><strong>ipsa</strong></span> <span class='ocrx_word' id='word_1_75' title='bbox 2062 1117 2308 1172; x_wconf 79' lang='lat' dir='ltr'><strong>vicissim</strong></span> 
     </span>
    </p>
   </div>
   <div class='ocr_carea' id='block_1_12' title="bbox 721 1210 2310 1284">
    <p class='ocr_par' dir='ltr' id='par_1_12' title="bbox 721 1210 2310 1284">
     <span class='ocr_line' id='line_1_12' title="bbox 721 1210 2310 1284; baseline -0.004 -14"><span class='ocrx_word' id='word_1_76' title='bbox 721 1232 846 1272; x_wconf 90' lang='lat' dir='ltr'><strong>eum</strong></span> <span class='ocrx_word' id='word_1_77' title='bbox 882 1216 1070 1274; x_wconf 78' lang='lat' dir='ltr'><strong>videns</strong></span> <span class='ocrx_word' id='word_1_78' title='bbox 1096 1255 1112 1279; x_wconf 88' lang='lat'><strong>,</strong></span> <span class='ocrx_word' id='word_1_79' title='bbox 1140 1217 1305 1269; x_wconf 88' lang='lat' dir='ltr'><strong>alium</strong></span> <span class='ocrx_word' id='word_1_80' title='bbox 1351 1215 1591 1284; x_wconf 87' lang='lat' dir='ltr'><strong>aliquem</strong></span> <span class='ocrx_word' id='word_1_81' title='bbox 1637 1213 1917 1268; x_wconf 84' lang='lat' dir='ltr'><strong>hominem</strong></span> <span class='ocrx_word' id='word_1_82' title='bbox 1952 1210 2138 1267; x_wconf 87' lang='lat' dir='ltr'><strong>videre</strong></span> <span class='ocrx_word' id='word_1_83' title='bbox 2165 1252 2181 1278; x_wconf 95' lang='lat'><strong>,</strong></span> <span class='ocrx_word' id='word_1_84' title='bbox 2215 1217 2310 1265; x_wconf 92' lang='lat' dir='ltr'><strong>aut</strong></span> 
     </span>
    </p>
   </div>
   <div class='ocr_carea' id='block_1_13' title="bbox 721 1305 1849 1376">
    <p class='ocr_par' dir='ltr' id='par_1_13' title="bbox 721 1305 1849 1376">
     <span class='ocr_line' id='line_1_13' title="bbox 721 1305 1849 1376; baseline -0.003 -16"><span class='ocrx_word' id='word_1_85' title='bbox 721 1307 792 1364; x_wconf 88' lang='lat' dir='ltr'><strong>ab</strong></span> <span class='ocrx_word' id='word_1_86' title='bbox 818 1307 928 1362; x_wconf 89' lang='lat' dir='ltr'><strong>alio</strong></span> <span class='ocrx_word' id='word_1_87' title='bbox 955 1308 1128 1362; x_wconf 89' lang='lat' dir='ltr'><strong>videri</strong></span> <span class='ocrx_word' id='word_1_88' title='bbox 1164 1321 1451 1376; x_wconf 82' lang='lat' dir='ltr'><strong>nunquam</strong></span> <span class='ocrx_word' id='word_1_89' title='bbox 1491 1305 1849 1362; x_wconf 79' lang='lat' dir='ltr'><strong>desiderabit.</strong></span> 
     </span>
    </p>
   </div>
   <div class='ocr_carea' id='block_1_14' title="bbox 792 1393 2308 1464">
    <p class='ocr_par' dir='ltr' id='par_1_14' title="bbox 792 1393 2308 1464">
     <span class='ocr_line' id='line_1_14' title="bbox 792 1393 2308 1464; baseline -0.003 -12"><span class='ocrx_word' id='word_1_90' title='bbox 792 1398 1164 1464; x_wconf 78' lang='lat' dir='ltr'><strong>Quamobrem</strong></span> <span class='ocrx_word' id='word_1_91' title='bbox 1197 1398 1429 1452; x_wconf 90' lang='lat' dir='ltr'><strong>obsecro</strong></span> <span class='ocrx_word' id='word_1_92' title='bbox 1455 1412 1552 1451; x_wconf 89' lang='lat' dir='ltr'><strong>vos</strong></span> <span class='ocrx_word' id='word_1_93' title='bbox 1577 1436 1592 1459; x_wconf 92' lang='lat'><strong>,</strong></span> <span class='ocrx_word' id='word_1_94' title='bbox 1625 1395 1824 1449; x_wconf 88' lang='lat' dir='ltr'><strong>fratres</strong></span> <span class='ocrx_word' id='word_1_95' title='bbox 1861 1395 1916 1448; x_wconf 90' lang='lat' dir='ltr'><strong>in</strong></span> <span class='ocrx_word' id='word_1_96' title='bbox 1956 1393 2199 1455; x_wconf 87' lang='lat' dir='ltr'><strong>Christo.</strong></span> <span class='ocrx_word' id='word_1_97' title='bbox 2240 1408 2308 1448; x_wconf 89' lang='lat' dir='ltr'><strong>ne</strong></span> 
     </span>
    </p>
   </div>
   <div class='ocr_carea' id='block_1_15' title="bbox 719 1485 2307 1566">
    <p class='ocr_par' dir='ltr' id='par_1_15' title="bbox 719 1485 2307 1566">
     <span class='ocr_line' id='line_1_15' title="bbox 719 1485 2307 1566; baseline -0.003 -23"><span class='ocrx_word' id='word_1_98' title='bbox 719 1491 1199 1566; x_wconf 81' lang='lat' dir='ltr'><strong>verbisduntaxat</strong></span> <span class='ocrx_word' id='word_1_99' title='bbox 1227 1488 1522 1544; x_wconf 79' lang='lat' dir='ltr'><strong>ineffabilia</strong></span> <span class='ocrx_word' id='word_1_100' title='bbox 1550 1488 1764 1542; x_wconf 80' lang='lat' dir='ltr'><strong>discere</strong></span> <span class='ocrx_word' id='word_1_101' title='bbox 1789 1487 2021 1541; x_wconf 86' lang='lat' dir='ltr'><strong>velimus</strong></span> <span class='ocrx_word' id='word_1_102' title='bbox 2039 1526 2053 1549; x_wconf 91' lang='lat'><strong>,</strong></span> <span class='ocrx_word' id='word_1_103' title='bbox 2080 1485 2225 1556; x_wconf 91' lang='lat' dir='ltr'><strong>quod</strong></span> <span class='ocrx_word' id='word_1_104' title='bbox 2251 1492 2307 1539; x_wconf 91' lang='lat' dir='ltr'><strong>et</strong></span> 
     </span>
    </p>
   </div>
   <div class='ocr_carea' id='block_1_16' title="bbox 716 1576 2303 1649">
    <p class='ocr_par' dir='ltr' id='par_1_16' title="bbox 716 1576 2303 1649">
     <span class='ocr_line' id='line_1_16' title="bbox 716 1576 2303 1649; baseline -0.001 -16"><span class='ocrx_word' id='word_1_105' title='bbox 716 1582 1038 1636; x_wconf 88' lang='lat' dir='ltr'><strong>docentibus</strong></span> <span class='ocrx_word' id='word_1_106' title='bbox 1092 1590 1146 1636; x_wconf 84' lang='lat' dir='ltr'><strong>et</strong></span> <span class='ocrx_word' id='word_1_107' title='bbox 1196 1580 1547 1634; x_wconf 87' lang='lat' dir='ltr'><strong>audientibus</strong></span> <span class='ocrx_word' id='word_1_108' title='bbox 1618 1595 1774 1649; x_wconf 60' lang='lat' dir='ltr'><strong>atque</strong></span> <span class='ocrx_word' id='word_1_109' title='bbox 1814 1589 1901 1634; x_wconf 88' lang='lat' dir='ltr'><strong>est</strong></span> <span class='ocrx_word' id='word_1_110' title='bbox 1943 1576 2303 1647; x_wconf 83' lang='lat' dir='ltr'><strong>impossibile.</strong></span> 
     </span>
    </p>
   </div>
   <div class='ocr_carea' id='block_1_17' title="bbox 715 1672 2295 1742">
    <p class='ocr_par' dir='ltr' id='par_1_17' title="bbox 715 1672 2295 1742">
     <span class='ocr_line' id='line_1_17' title="bbox 715 1672 2295 1742; baseline -0.001 -16"><span class='ocrx_word' id='word_1_111' title='bbox 715 1672 904 1742; x_wconf 87' lang='lat' dir='ltr'><strong>Neque</strong></span> <span class='ocrx_word' id='word_1_112' title='bbox 948 1673 1095 1727; x_wconf 92' lang='lat' dir='ltr'><strong>enim</strong></span> <span class='ocrx_word' id='word_1_113' title='bbox 1125 1673 1223 1742; x_wconf 85' lang='lat' dir='ltr'><strong>qui</strong></span> <span class='ocrx_word' id='word_1_114' title='bbox 1255 1687 1379 1742; x_wconf 70' lang='lat' dir='ltr'><strong>quae</strong></span> <span class='ocrx_word' id='word_1_115' title='bbox 1427 1672 1548 1728; x_wconf 81' lang='lat' dir='ltr'><strong>solo</strong></span> <span class='ocrx_word' id='word_1_116' title='bbox 1585 1672 1861 1726; x_wconf 89' lang='lat' dir='ltr'><strong>intellectu</strong></span> <span class='ocrx_word' id='word_1_117' title='bbox 1891 1672 2295 1740; x_wconf 87' lang='lat' dir='ltr'><strong>percipiuntur,</strong></span> 
     </span>
    </p>
   </div>
   <div class='ocr_carea' id='block_1_18' title="bbox 713 1761 2303 1832">
    <p class='ocr_par' dir='ltr' id='par_1_18' title="bbox 713 1761 2303 1832">
     <span class='ocr_line' id='line_1_18' title="bbox 713 1761 2303 1832; baseline -0.002 -12"><span class='ocrx_word' id='word_1_118' title='bbox 713 1777 767 1820; x_wconf 90' lang='lat' dir='ltr'><strong>et</strong></span> <span class='ocrx_word' id='word_1_119' title='bbox 791 1765 977 1819; x_wconf 90' lang='lat' dir='ltr'><strong>divina</strong></span> <span class='ocrx_word' id='word_1_120' title='bbox 1005 1772 1131 1818; x_wconf 91' lang='lat' dir='ltr'><strong>sunt</strong></span> <span class='ocrx_word' id='word_1_121' title='bbox 1156 1765 1392 1828; x_wconf 87' lang='lat' dir='ltr'><strong>docent,</strong></span> <span class='ocrx_word' id='word_1_122' title='bbox 1426 1777 1488 1817; x_wconf 89' lang='lat' dir='ltr'><strong>ea</strong></span> <span class='ocrx_word' id='word_1_123' title='bbox 1521 1761 1829 1817; x_wconf 78' lang='lat' dir='ltr'><strong>manifestis</strong></span> <span class='ocrx_word' id='word_1_124' title='bbox 1881 1763 2146 1832; x_wconf 83' lang='lat' dir='ltr'><strong>exemplis</strong></span> <span class='ocrx_word' id='word_1_125' title='bbox 2181 1778 2303 1832; x_wconf 86' lang='lat' dir='ltr'><strong>pcr-</strong></span> 
     </span>
    </p>
   </div>
   <div class='ocr_carea' id='block_1_19' title="bbox 715 1854 2302 1924">
    <p class='ocr_par' dir='ltr' id='par_1_19' title="bbox 715 1854 2302 1924">
     <span class='ocr_line' id='line_1_19' title="bbox 715 1854 2302 1924; baseline 0 -14"><span class='ocrx_word' id='word_1_126' title='bbox 715 1856 907 1924; x_wconf 90' lang='lat' dir='ltr'><strong>spicue</strong></span> <span class='ocrx_word' id='word_1_127' title='bbox 961 1856 1344 1910; x_wconf 91' lang='lat' dir='ltr'><strong>demonstrare</strong></span> <span class='ocrx_word' id='word_1_128' title='bbox 1367 1893 1383 1918; x_wconf 93' lang='lat'><strong>,</strong></span> <span class='ocrx_word' id='word_1_129' title='bbox 1419 1869 1721 1923; x_wconf 89' lang='lat' dir='ltr'><strong>eorumque</strong></span> <span class='ocrx_word' id='word_1_130' title='bbox 1779 1854 2066 1908; x_wconf 82' lang='lat' dir='ltr'><strong>veritatem</strong></span> <span class='ocrx_word' id='word_1_131' title='bbox 2097 1892 2113 1918; x_wconf 94' lang='lat'><strong>,</strong></span> <span class='ocrx_word' id='word_1_132' title='bbox 2155 1862 2214 1908; x_wconf 93' lang='lat' dir='ltr'><strong>ut</strong></span> <span class='ocrx_word' id='word_1_133' title='bbox 2247 1857 2302 1910; x_wconf 91' lang='lat' dir='ltr'><strong>in</strong></span> 
     </span>
    </p>
   </div>
   <div class='ocr_carea' id='block_1_20' title="bbox 715 1944 2301 2018">
    <p class='ocr_par' dir='ltr' id='par_1_20' title="bbox 715 1944 2301 2018">
     <span class='ocr_line' id='line_1_20' title="bbox 715 1944 2301 2018; baseline -0.001 -17"><span class='ocrx_word' id='word_1_134' title='bbox 715 1947 933 2018; x_wconf 86' lang='lat' dir='ltr'><strong>negotio</strong></span> <span class='ocrx_word' id='word_1_135' title='bbox 987 1946 1171 2014; x_wconf 90' lang='lat' dir='ltr'><strong>aliquo</strong></span> <span class='ocrx_word' id='word_1_136' title='bbox 1239 1944 1468 2000; x_wconf 87' lang='lat' dir='ltr'><strong>solertes</strong></span> <span class='ocrx_word' id='word_1_137' title='bbox 1500 1984 1515 2009; x_wconf 93' lang='lat'><strong>,</strong></span> <span class='ocrx_word' id='word_1_138' title='bbox 1572 1959 1636 1998; x_wconf 91' lang='lat' dir='ltr'><strong>ac</strong></span> <span class='ocrx_word' id='word_1_139' title='bbox 1693 1945 1805 1997; x_wconf 89' lang='lat' dir='ltr'><strong>triti</strong></span> <span class='ocrx_word' id='word_1_140' title='bbox 1862 1952 2301 2011; x_wconf 59' lang='lat' dir='ltr'><strong>repraesentare:</strong></span> 
     </span>
    </p>
   </div>
   <div class='ocr_carea' id='block_1_21' title="bbox 717 2036 2304 2109">
    <p class='ocr_par' dir='ltr' id='par_1_21' title="bbox 717 2036 2304 2109">
     <span class='ocr_line' id='line_1_21' title="bbox 717 2036 2304 2109; baseline -0.003 -15"><span class='ocrx_word' id='word_1_141' title='bbox 717 2054 822 2095; x_wconf 90' lang='lat' dir='ltr'><strong>nec</strong></span> <span class='ocrx_word' id='word_1_142' title='bbox 870 2041 961 2109; x_wconf 92' lang='lat' dir='ltr'><strong>qui</strong></span> <span class='ocrx_word' id='word_1_143' title='bbox 991 2039 1283 2104; x_wconf 84' lang='lat' dir='ltr'><strong>docentur,</strong></span> <span class='ocrx_word' id='word_1_144' title='bbox 1315 2053 1380 2092; x_wconf 89' lang='lat' dir='ltr'><strong>ex</strong></span> <span class='ocrx_word' id='word_1_145' title='bbox 1432 2037 1612 2105; x_wconf 73' lang='lat' dir='ltr'><strong>verbis</strong></span> <span class='ocrx_word' id='word_1_146' title='bbox 1665 2038 1797 2093; x_wconf 92' lang='lat' dir='ltr'><strong>solis</strong></span> <span class='ocrx_word' id='word_1_147' title='bbox 1830 2052 2019 2092; x_wconf 89' lang='lat' dir='ltr'><strong>eorum</strong></span> <span class='ocrx_word' id='word_1_148' title='bbox 2049 2051 2172 2105; x_wconf 70' lang='lat' dir='ltr'><strong>qua:</strong></span> <span class='ocrx_word' id='word_1_149' title='bbox 2215 2036 2304 2091; x_wconf 87' lang='lat' dir='ltr'><strong>di-</strong></span> 
     </span>
    </p>
   </div>
   <div class='ocr_carea' id='block_1_22' title="bbox 725 2129 2300 2197">
    <p class='ocr_par' dir='ltr' id='par_1_22' title="bbox 725 2129 2300 2197">
     <span class='ocr_line' id='line_1_22' title="bbox 725 2129 2300 2197; baseline -0.002 -11"><span class='ocrx_word' id='word_1_150' title='bbox 725 2142 925 2186; x_wconf 90' lang='lat' dir='ltr'><strong>cuntur</strong></span> <span class='ocrx_word' id='word_1_151' title='bbox 966 2130 1296 2185; x_wconf 80' lang='lat' dir='ltr'><strong>evidentiam</strong></span> <span class='ocrx_word' id='word_1_152' title='bbox 1344 2129 1559 2192; x_wconf 85' lang='lat' dir='ltr'><strong>discere</strong></span> <span class='ocrx_word' id='word_1_153' title='bbox 1591 2136 1822 2197; x_wconf 88' lang='lat' dir='ltr'><strong>possunt</strong></span> <span class='ocrx_word' id='word_1_154' title='bbox 1869 2129 2007 2183; x_wconf 87' lang='lat' dir='ltr'><strong>:sed</strong></span> <span class='ocrx_word' id='word_1_155' title='bbox 2051 2129 2300 2192; x_wconf 90' lang='lat' dir='ltr'><strong>actione,</strong></span> 
     </span>
    </p>
   </div>
   <div class='ocr_carea' id='block_1_23' title="bbox 726 2222 2304 2292">
    <p class='ocr_par' dir='ltr' id='par_1_23' title="bbox 726 2222 2304 2292">
     <span class='ocr_line' id='line_1_23' title="bbox 726 2222 2304 2292; baseline -0.001 -16"><span class='ocrx_word' id='word_1_156' title='bbox 726 2225 1011 2279; x_wconf 86' lang='lat' dir='ltr'><strong>laboribus</strong></span> <span class='ocrx_word' id='word_1_157' title='bbox 1069 2233 1120 2279; x_wconf 89' lang='lat' dir='ltr'><strong>ct</strong></span> <span class='ocrx_word' id='word_1_158' title='bbox 1201 2222 1495 2279; x_wconf 84' lang='lat' dir='ltr'><strong>sudoribus</strong></span> <span class='ocrx_word' id='word_1_159' title='bbox 1556 2222 1674 2292; x_wconf 88' lang='lat' dir='ltr'><strong>ipsa</strong></span> <span class='ocrx_word' id='word_1_160' title='bbox 1704 2222 2206 2290; x_wconf 84' lang='lat' dir='ltr'><strong>comprehendere,</strong></span> <span class='ocrx_word' id='word_1_161' title='bbox 2247 2229 2304 2276; x_wconf 90' lang='lat' dir='ltr'><strong>et</strong></span> 
     </span>
    </p>
   </div>
   <div class='ocr_carea' id='block_1_24' title="bbox 712 2315 2302 2386">
    <p class='ocr_par' dir='ltr' id='par_1_24' title="bbox 712 2315 2302 2386">
     <span class='ocr_line' id='line_1_24' title="bbox 712 2315 2302 2386; baseline 0.001 -16"><span class='ocrx_word' id='word_1_162' title='bbox 712 2316 1069 2386; x_wconf 90' lang='lat' dir='ltr'><strong>contemplari</strong></span> <span class='ocrx_word' id='word_1_163' title='bbox 1119 2315 1438 2371; x_wconf 89' lang='lat' dir='ltr'><strong>studeamus</strong></span> <span class='ocrx_word' id='word_1_164' title='bbox 1471 2333 1486 2370; x_wconf 89' lang='lat'><strong>:</strong></span> <span class='ocrx_word' id='word_1_165' title='bbox 1525 2322 1585 2369; x_wconf 93' lang='lat' dir='ltr'><strong>ut</strong></span> <span class='ocrx_word' id='word_1_166' title='bbox 1619 2315 1664 2370; x_wconf 89' lang='lat' dir='ltr'><strong>si</strong></span> <span class='ocrx_word' id='word_1_167' title='bbox 1697 2315 1822 2368; x_wconf 90' lang='lat' dir='ltr'><strong>inde</strong></span> <span class='ocrx_word' id='word_1_168' title='bbox 1868 2315 2030 2368; x_wconf 89' lang='lat' dir='ltr'><strong>etiam</strong></span> <span class='ocrx_word' id='word_1_169' title='bbox 2063 2316 2302 2373; x_wconf 83' lang='lat' dir='ltr'><strong>rationes</strong></span> 
     </span>
    </p>
   </div>
   <div class='ocr_carea' id='block_1_25' title="bbox 711 2406 2302 2480">
    <p class='ocr_par' dir='ltr' id='par_1_25' title="bbox 711 2406 2302 2480">
     <span class='ocr_line' id='line_1_25' title="bbox 711 2406 2302 2480; baseline 0.001 -17"><span class='ocrx_word' id='word_1_170' title='bbox 711 2409 904 2463; x_wconf 89' lang='lat' dir='ltr'><strong>horum</strong></span> <span class='ocrx_word' id='word_1_171' title='bbox 937 2449 951 2472; x_wconf 94' lang='lat'><strong>,</strong></span> <span class='ocrx_word' id='word_1_172' title='bbox 1001 2409 1150 2465; x_wconf 87' lang='lat' dir='ltr'><strong>velut</strong></span> <span class='ocrx_word' id='word_1_173' title='bbox 1181 2424 1337 2463; x_wconf 89' lang='lat' dir='ltr'><strong>sacra</strong></span> <span class='ocrx_word' id='word_1_174' title='bbox 1384 2408 1643 2480; x_wconf 87' lang='lat' dir='ltr'><strong>mysteria</strong></span> <span class='ocrx_word' id='word_1_175' title='bbox 1699 2407 1845 2462; x_wconf 92' lang='lat' dir='ltr'><strong>docti</strong></span> <span class='ocrx_word' id='word_1_176' title='bbox 1902 2406 2170 2464; x_wconf 78' lang='lat' dir='ltr'><strong>fuerimus</strong></span> <span class='ocrx_word' id='word_1_177' title='bbox 2195 2449 2210 2474; x_wconf 91' lang='lat'><strong>,</strong></span> <span class='ocrx_word' id='word_1_178' title='bbox 2239 2425 2302 2472; x_wconf 84' lang='lat' dir='ltr'><strong>et</strong></span> 
     </span>
    </p>
   </div>
   <div class='ocr_carea' id='block_1_26' title="bbox 708 2499 2297 2571">
    <p class='ocr_par' dir='ltr' id='par_1_26' title="bbox 708 2499 2297 2571">
     <span class='ocr_line' id='line_1_26' title="bbox 708 2499 2297 2571; baseline 0.003 -19"><span class='ocrx_word' id='word_1_179' title='bbox 708 2501 1049 2567; x_wconf 75' lang='lat' dir='ltr'><strong>gloriﬁcatur</strong></span> <span class='ocrx_word' id='word_1_180' title='bbox 1079 2501 1225 2556; x_wconf 87' lang='lat' dir='ltr'><strong>Deus</strong></span> <span class='ocrx_word' id='word_1_181' title='bbox 1245 2541 1260 2567; x_wconf 92' lang='lat'><strong>,</strong></span> <span class='ocrx_word' id='word_1_182' title='bbox 1291 2502 1371 2555; x_wconf 88' lang='lat' dir='ltr'><strong>sic</strong></span> <span class='ocrx_word' id='word_1_183' title='bbox 1401 2501 1560 2555; x_wconf 91' lang='lat' dir='ltr'><strong>nobis</strong></span> <span class='ocrx_word' id='word_1_184' title='bbox 1587 2499 1946 2566; x_wconf 86' lang='lat' dir='ltr'><strong>habentibus,</strong></span> <span class='ocrx_word' id='word_1_185' title='bbox 1979 2509 2034 2555; x_wconf 90' lang='lat' dir='ltr'><strong>et</strong></span> <span class='ocrx_word' id='word_1_186' title='bbox 2068 2517 2169 2556; x_wconf 90' lang='lat' dir='ltr'><strong>nos</strong></span> <span class='ocrx_word' id='word_1_187' title='bbox 2200 2516 2297 2571; x_wconf 87' lang='lat' dir='ltr'><strong>per</strong></span> 
     </span>
    </p>
   </div>
   <div class='ocr_carea' id='block_1_27' title="bbox 708 2594 2298 2663">
    <p class='ocr_par' dir='ltr' id='par_1_27' title="bbox 708 2594 2298 2663">
     <span class='ocr_line' id='line_1_27' title="bbox 708 2594 2298 2663; baseline 0.003 -19"><span class='ocrx_word' id='word_1_188' title='bbox 708 2594 921 2646; x_wconf 90' lang='lat' dir='ltr'><strong>illorum</strong></span> <span class='ocrx_word' id='word_1_189' title='bbox 979 2594 1345 2662; x_wconf 78' lang='lat' dir='ltr'><strong>cognitionem</strong></span> <span class='ocrx_word' id='word_1_190' title='bbox 1402 2594 1773 2662; x_wconf 79' lang='lat' dir='ltr'><strong>gloriﬁcemus</strong></span> <span class='ocrx_word' id='word_1_191' title='bbox 1832 2607 1958 2646; x_wconf 90' lang='lat' dir='ltr'><strong>eum</strong></span> <span class='ocrx_word' id='word_1_192' title='bbox 1995 2631 2011 2657; x_wconf 95' lang='lat'><strong>,</strong></span> <span class='ocrx_word' id='word_1_193' title='bbox 2070 2594 2298 2663; x_wconf 87' lang='lat' dir='ltr'><strong>ipseque</strong></span> 
     </span>
    </p>
   </div>
   <div class='ocr_carea' id='block_1_28' title="bbox 704 2683 2298 2754">
    <p class='ocr_par' dir='ltr' id='par_1_28' title="bbox 704 2683 2298 2754">
     <span class='ocr_line' id='line_1_28' title="bbox 704 2683 2298 2754; baseline 0.004 -19"><span class='ocrx_word' id='word_1_194' title='bbox 704 2684 971 2751; x_wconf 70' lang='lat' dir='ltr'><strong>glorificet</strong></span> <span class='ocrx_word' id='word_1_195' title='bbox 1017 2699 1118 2740; x_wconf 90' lang='lat' dir='ltr'><strong>nos</strong></span> <span class='ocrx_word' id='word_1_196' title='bbox 1156 2686 1212 2738; x_wconf 80' lang='lat' dir='ltr'><strong>in</strong></span> <span class='ocrx_word' id='word_1_197' title='bbox 1269 2685 1389 2754; x_wconf 87' lang='lat' dir='ltr'><strong>ipso</strong></span> <span class='ocrx_word' id='word_1_198' title='bbox 1421 2683 1640 2738; x_wconf 81' lang='lat' dir='ltr'><strong>Christo</strong></span> <span class='ocrx_word' id='word_1_199' title='bbox 1685 2683 1793 2738; x_wconf 91' lang='lat' dir='ltr'><strong>Deo</strong></span> <span class='ocrx_word' id='word_1_200' title='bbox 1839 2695 2073 2749; x_wconf 90' lang='lat' dir='ltr'><strong>nostro;</strong></span> <span class='ocrx_word' id='word_1_201' title='bbox 2129 2701 2298 2754; x_wconf 90' lang='lat' dir='ltr'><strong>quem</strong></span> 
     </span>
    </p>
   </div>
   <div class='ocr_carea' id='block_1_29' title="bbox 705 2775 2297 2845">
    <p class='ocr_par' dir='ltr' id='par_1_29' title="bbox 705 2775 2297 2845">
     <span class='ocr_line' id='line_1_29' title="bbox 705 2775 2297 2845; baseline 0.004 -20"><span class='ocrx_word' id='word_1_202' title='bbox 705 2780 863 2829; x_wconf 88' lang='lat' dir='ltr'><strong>decet</strong></span> <span class='ocrx_word' id='word_1_203' title='bbox 896 2775 1075 2829; x_wconf 80' lang='lat' dir='ltr'><strong>oriittis</strong></span> <span class='ocrx_word' id='word_1_204' title='bbox 1119 2777 1290 2845; x_wconf 89' lang='lat' dir='ltr'><strong>gloria</strong></span> <span class='ocrx_word' id='word_1_205' title='bbox 1316 2816 1332 2842; x_wconf 94' lang='lat'><strong>,</strong></span> <span class='ocrx_word' id='word_1_206' title='bbox 1365 2775 1544 2831; x_wconf 90' lang='lat' dir='ltr'><strong>honor</strong></span> <span class='ocrx_word' id='word_1_207' title='bbox 1583 2787 1634 2830; x_wconf 91' lang='lat' dir='ltr'><strong>et</strong></span> <span class='ocrx_word' id='word_1_208' title='bbox 1666 2777 1910 2830; x_wconf 84' lang='lat' dir='ltr'><strong>adoratio</strong></span> <span class='ocrx_word' id='word_1_209' title='bbox 1939 2791 2060 2829; x_wconf 89' lang='lat' dir='ltr'><strong>cum</strong></span> <span class='ocrx_word' id='word_1_210' title='bbox 2097 2775 2255 2831; x_wconf 87' lang='lat' dir='ltr'><strong>Patre</strong></span> <span class='ocrx_word' id='word_1_211' title='bbox 2279 2819 2297 2845; x_wconf 94' lang='lat'><strong>,</strong></span> 
     </span>
    </p>
   </div>
   <div class='ocr_carea' id='block_1_30' title="bbox 707 2866 2295 2941">
    <p class='ocr_par' dir='ltr' id='par_1_30' title="bbox 707 2866 2295 2941">
     <span class='ocr_line' id='line_1_30' title="bbox 707 2866 2295 2941; baseline 0.002 -22"><span class='ocrx_word' id='word_1_212' title='bbox 707 2875 764 2921; x_wconf 78' lang='lat' dir='ltr'><strong>et</strong></span> <span class='ocrx_word' id='word_1_213' title='bbox 795 2866 1154 2922; x_wconf 82' lang='lat' dir='ltr'><strong>sanctissimo</strong></span> <span class='ocrx_word' id='word_1_214' title='bbox 1186 2881 1249 2920; x_wconf 86' lang='lat' dir='ltr'><strong>ac</strong></span> <span class='ocrx_word' id='word_1_215' title='bbox 1279 2867 1492 2920; x_wconf 82' lang='lat' dir='ltr'><strong>viviﬁco</strong></span> <span class='ocrx_word' id='word_1_216' title='bbox 1521 2867 1729 2936; x_wconf 89' lang='lat' dir='ltr'><strong>Spiritu</strong></span> <span class='ocrx_word' id='word_1_217' title='bbox 1758 2903 1774 2930; x_wconf 92' lang='lat'><strong>,</strong></span> <span class='ocrx_word' id='word_1_218' title='bbox 1801 2882 1948 2922; x_wconf 92' lang='lat' dir='ltr'><strong>nunc</strong></span> <span class='ocrx_word' id='word_1_219' title='bbox 1975 2874 2030 2924; x_wconf 90' lang='lat' dir='ltr'><strong>et</strong></span> <span class='ocrx_word' id='word_1_220' title='bbox 2054 2883 2295 2941; x_wconf 87' lang='lat' dir='ltr'><strong>semper,</strong></span> 
     </span>
    </p>
   </div>
   <div class='ocr_carea' id='block_1_31' title="bbox 701 2960 1675 3016">
    <p class='ocr_par' dir='ltr' id='par_1_31' title="bbox 701 2960 1675 3016">
     <span class='ocr_line' id='line_1_31' title="bbox 701 2960 1675 3016; baseline -0.002 -2"><span class='ocrx_word' id='word_1_221' title='bbox 701 2968 756 3014; x_wconf 90' lang='lat' dir='ltr'><strong>et</strong></span> <span class='ocrx_word' id='word_1_222' title='bbox 782 2960 839 3016; x_wconf 90' lang='lat' dir='ltr'><strong>in</strong></span> <span class='ocrx_word' id='word_1_223' title='bbox 866 2960 1064 3016; x_wconf 61' lang='lat' dir='ltr'><strong>secula</strong></span> <span class='ocrx_word' id='word_1_224' title='bbox 1089 2960 1443 3016; x_wconf 71' lang='lat' dir='ltr'><strong>mulorum.</strong></span> <span class='ocrx_word' id='word_1_225' title='bbox 1478 2960 1675 3013; x_wconf 81' lang='lat' dir='ltr'><strong>Amen.</strong></span> 
     </span>
    </p>
   </div>
   <div class='ocr_carea' id='block_1_32' title="bbox 1231 3072 1769 3129">
    <p class='ocr_par' dir='ltr' id='par_1_32' title="bbox 1231 3072 1769 3129">
     <span class='ocr_line' id='line_1_32' title="bbox 1231 3072 1769 3129; baseline 0 -1"><span class='ocrx_word' id='word_1_226' title='bbox 1231 3072 1492 3129; x_wconf 77' lang='lat' dir='ltr'><strong>ORATIO</strong></span> <span class='ocrx_word' id='word_1_227' title='bbox 1558 3073 1769 3128; x_wconf 76' lang='lat' dir='ltr'><strong>XXVII.</strong></span> 
     </span>
    </p>
   </div>
   <div class='ocr_carea' id='block_1_33' title="bbox 1297 3202 1684 3242">
    <p class='ocr_par' dir='ltr' id='par_1_33' title="bbox 1297 3202 1684 3242">
     <span class='ocr_line' id='line_1_33' title="bbox 1297 3202 1684 3242; baseline 0 -2"><span class='ocrx_word' id='word_1_228' title='bbox 1297 3202 1684 3242; x_wconf 64' lang='grc' dir='ltr'><strong>ιιιθυκεκτωι.</strong></span> 
     </span>
    </p>
   </div>
   <div class='ocr_carea' id='block_1_34' title="bbox 701 3299 2298 3371">
    <p class='ocr_par' dir='ltr' id='par_1_34' title="bbox 701 3299 2298 3371">
     <span class='ocr_line' id='line_1_34' title="bbox 701 3299 2298 3371; baseline 0.006 -17"><span class='ocrx_word' id='word_1_229' title='bbox 701 3299 1018 3371; x_wconf 78' lang='lat' dir='ltr'><strong>De_turbida</strong></span> <span class='ocrx_word' id='word_1_230' title='bbox 1087 3311 1136 3371; x_wconf 79' lang='lat' dir='ltr'><strong>et</strong></span> <span class='ocrx_word' id='word_1_231' title='bbox 1157 3317 1186 3371; x_wconf 68' lang='grc' dir='ltr'><strong>Δι</strong></span> <span class='ocrx_word' id='word_1_232' title='bbox 1215 3301 1396 3369; x_wconf 79' lang='lat' dir='ltr'><strong>nﬁdeli</strong></span> <span class='ocrx_word' id='word_1_233' title='bbox 1449 3317 1512 3353; x_wconf 86' lang='lat' dir='ltr'><strong>ac</strong></span> <span class='ocrx_word' id='word_1_234' title='bbox 1542 3316 1706 3369; x_wconf 81' lang='lat' dir='ltr'><strong>prava</strong></span> <span class='ocrx_word' id='word_1_235' title='bbox 1731 3302 2029 3371; x_wconf 77' lang='lat' dir='ltr'><strong>aﬂ&#39;ectione.</strong></span> <span class='ocrx_word' id='word_1_236' title='bbox 2062 3308 2195 3371; x_wconf 78' lang='lat' dir='ltr'><strong>Qua:</strong></span> <span class='ocrx_word' id='word_1_237' title='bbox 2225 3310 2298 3363; x_wconf 96' lang='lat' dir='ltr'><strong>sit</strong></span> 
     </span>
    </p>
   </div>
   <div class='ocr_carea' id='block_1_35' title="bbox 773 3369 2296 3446">
    <p class='ocr_par' dir='ltr' id='par_1_35' title="bbox 773 3369 2296 3446">
     <span class='ocr_line' id='line_1_35' title="bbox 773 3369 2296 3446; baseline 0.018 -41"><span class='ocrx_word' id='word_1_238' title='bbox 773 3369 1035 3446; x_wconf 29' lang='lat' dir='ltr'><strong>pane-um</strong></span> <span class='ocrx_word' id='word_1_239' title='bbox 1065 3369 1193 3446; x_wconf 51' lang='lat' dir='ltr'><strong>[iiiis</strong></span> <span class='ocrx_word' id='word_1_240' title='bbox 1229 3371 1361 3423; x_wconf 84' lang='lat' dir='ltr'><strong>lucis</strong></span> <span class='ocrx_word' id='word_1_241' title='bbox 1392 3371 1748 3446; x_wconf 55' lang='lat' dir='ltr'><strong>consociatio,</strong></span> <span class='ocrx_word' id='word_1_242' title='bbox 1772 3369 1842 3426; x_wconf 30' lang='lat' dir='ltr'><strong>&quot;et</strong></span> <span class='ocrx_word' id='word_1_243' title='bbox 1883 3369 2110 3446; x_wconf 69' lang='lat' dir='ltr'><strong>quonam</strong></span> <span class='ocrx_word' id='word_1_244' title='bbox 2141 3389 2296 3446; x_wconf 84' lang='lat' dir='ltr'><strong>pacto</strong></span> 
     </span>
    </p>
   </div>
   <div class='ocr_carea' id='block_1_36' title="bbox 769 3440 2298 3519">
    <p class='ocr_par' dir='ltr' id='par_1_36' title="bbox 769 3440 2298 3519">
     <span class='ocr_line' id='line_1_36' title="bbox 769 3440 2298 3519; baseline 0.008 -27"><span class='ocrx_word' id='word_1_245' title='bbox 769 3441 827 3519; x_wconf 68' lang='lat' dir='ltr'><strong>in</strong></span> <span class='ocrx_word' id='word_1_246' title='bbox 874 3440 983 3519; x_wconf 69' lang='lat' dir='ltr'><strong>illis</strong></span> <span class='ocrx_word' id='word_1_247' title='bbox 1031 3441 1322 3519; x_wconf 53' lang='lat' dir='ltr'><strong>efﬁciatur:</strong></span> <span class='ocrx_word' id='word_1_248' title='bbox 1371 3441 1451 3492; x_wconf 75' lang='lat' dir='ltr'><strong>Ad</strong></span> <span class='ocrx_word' id='word_1_249' title='bbox 1491 3442 1652 3519; x_wconf 83' lang='lat' dir='ltr'><strong>finem</strong></span> <span class='ocrx_word' id='word_1_250' title='bbox 1679 3481 1694 3506; x_wconf 89' lang='lat'><strong>,</strong></span> <span class='ocrx_word' id='word_1_251' title='bbox 1739 3440 2038 3499; x_wconf 84' lang='lat' dir='ltr'><strong>sacerdotio</strong></span> <span class='ocrx_word' id='word_1_252' title='bbox 2082 3440 2298 3519; x_wconf 69' lang='lat' dir='ltr'><strong>indigne</strong></span> 
     </span>
    </p>
   </div>
   <div class='ocr_carea' id='block_1_37' title="bbox 769 3511 1599 3579">
    <p class='ocr_par' dir='ltr' id='par_1_37' title="bbox 769 3511 1599 3579">
     <span class='ocr_line' id='line_1_37' title="bbox 769 3511 1599 3579; baseline -0.001 -15"><span class='ocrx_word' id='word_1_253' title='bbox 769 3511 921 3579; x_wconf 70' lang='lat' dir='ltr'><strong>[attigi</strong></span> <span class='ocrx_word' id='word_1_254' title='bbox 956 3513 1269 3564; x_wconf 77' lang='lat' dir='ltr'><strong>audentiam</strong></span> <span class='ocrx_word' id='word_1_255' title='bbox 1296 3512 1599 3564; x_wconf 71' lang='lat' dir='ltr'><strong>insectatio.</strong></span> 
     </span>
    </p>
   </div>
   <div class='ocr_carea' id='block_1_38' title="bbox 773 3602 2296 3672">
    <p class='ocr_par' dir='ltr' id='par_1_38' title="bbox 773 3602 2296 3672">
     <span class='ocr_line' id='line_1_38' title="bbox 773 3602 2296 3672; baseline 0.005 -15"><span class='ocrx_word' id='word_1_256' title='bbox 773 3602 1023 3671; x_wconf 85' lang='lat' dir='ltr'><strong>Semper,</strong></span> <span class='ocrx_word' id='word_1_257' title='bbox 1051 3613 1105 3657; x_wconf 90' lang='lat' dir='ltr'><strong>et</strong></span> <span class='ocrx_word' id='word_1_258' title='bbox 1135 3602 1285 3657; x_wconf 90' lang='lat' dir='ltr'><strong>omni</strong></span> <span class='ocrx_word' id='word_1_259' title='bbox 1321 3613 1565 3672; x_wconf 90' lang='lat' dir='ltr'><strong>tempore</strong></span> <span class='ocrx_word' id='word_1_260' title='bbox 1585 3643 1602 3667; x_wconf 93' lang='lat'><strong>,</strong></span> <span class='ocrx_word' id='word_1_261' title='bbox 1631 3604 1832 3660; x_wconf 87' lang='lat' dir='ltr'><strong>fratres</strong></span> <span class='ocrx_word' id='word_1_262' title='bbox 1857 3645 1872 3670; x_wconf 91' lang='lat'><strong>,</strong></span> <span class='ocrx_word' id='word_1_263' title='bbox 1902 3606 2049 3662; x_wconf 90' lang='lat' dir='ltr'><strong>inter</strong></span> <span class='ocrx_word' id='word_1_264' title='bbox 2071 3625 2132 3665; x_wconf 89' lang='lat' dir='ltr'><strong>se</strong></span> <span class='ocrx_word' id='word_1_265' title='bbox 2161 3625 2296 3665; x_wconf 89' lang='lat' dir='ltr'><strong>con-</strong></span> 
     </span>
    </p>
   </div>
   <div class='ocr_carea' id='block_1_39' title="bbox 700 3695 2296 3770">
    <p class='ocr_par' dir='ltr' id='par_1_39' title="bbox 700 3695 2296 3770">
     <span class='ocr_line' id='line_1_39' title="bbox 700 3695 2296 3770; baseline 0.004 -20"><span class='ocrx_word' id='word_1_266' title='bbox 700 3697 871 3750; x_wconf 83' lang='lat' dir='ltr'><strong>traria</strong></span> <span class='ocrx_word' id='word_1_267' title='bbox 905 3706 1034 3750; x_wconf 80' lang='lat' dir='ltr'><strong>sunt</strong></span> <span class='ocrx_word' id='word_1_268' title='bbox 1063 3697 1150 3750; x_wconf 86' lang='lat' dir='ltr'><strong>lux</strong></span> <span class='ocrx_word' id='word_1_269' title='bbox 1173 3707 1225 3751; x_wconf 91' lang='lat' dir='ltr'><strong>et</strong></span> <span class='ocrx_word' id='word_1_270' title='bbox 1250 3695 1510 3756; x_wconf 69' lang='lat' dir='ltr'><strong>tenebrae,</strong></span> <span class='ocrx_word' id='word_1_271' title='bbox 1534 3696 1668 3752; x_wconf 80' lang='lat' dir='ltr'><strong>fides</strong></span> <span class='ocrx_word' id='word_1_272' title='bbox 1690 3709 1746 3751; x_wconf 88' lang='lat' dir='ltr'><strong>et</strong></span> <span class='ocrx_word' id='word_1_273' title='bbox 1775 3698 2090 3765; x_wconf 81' lang='lat' dir='ltr'><strong>inﬁdelitas,</strong></span> <span class='ocrx_word' id='word_1_274' title='bbox 2108 3701 2296 3770; x_wconf 84' lang='lat' dir='ltr'><strong>cogni-</strong></span> 
     </span>
    </p>
   </div>
   <div class='ocr_carea' id='block_1_40' title="bbox 705 3788 2296 3859">
    <p class='ocr_par' dir='ltr' id='par_1_40' title="bbox 705 3788 2296 3859">
     <span class='ocr_line' id='line_1_40' title="bbox 705 3788 2296 3859; baseline 0.008 -21"><span class='ocrx_word' id='word_1_275' title='bbox 705 3789 784 3844; x_wconf 88' lang='lat' dir='ltr'><strong>tio</strong></span> <span class='ocrx_word' id='word_1_276' title='bbox 816 3797 872 3844; x_wconf 90' lang='lat' dir='ltr'><strong>et</strong></span> <span class='ocrx_word' id='word_1_277' title='bbox 923 3788 1229 3859; x_wconf 86' lang='lat' dir='ltr'><strong>ignorantia</strong></span> <span class='ocrx_word' id='word_1_278' title='bbox 1251 3827 1268 3852; x_wconf 93' lang='lat'><strong>,</strong></span> <span class='ocrx_word' id='word_1_279' title='bbox 1308 3788 1552 3844; x_wconf 90' lang='lat' dir='ltr'><strong>charitas</strong></span> <span class='ocrx_word' id='word_1_280' title='bbox 1581 3797 1634 3844; x_wconf 92' lang='lat' dir='ltr'><strong>et</strong></span> <span class='ocrx_word' id='word_1_281' title='bbox 1660 3789 1869 3845; x_wconf 92' lang='lat' dir='ltr'><strong>odium.</strong></span> <span class='ocrx_word' id='word_1_282' title='bbox 1911 3789 2047 3846; x_wconf 85' lang='lat' dir='ltr'><strong>Nam</strong></span> <span class='ocrx_word' id='word_1_283' title='bbox 2081 3808 2203 3848; x_wconf 92' lang='lat' dir='ltr'><strong>cum</strong></span> <span class='ocrx_word' id='word_1_284' title='bbox 2226 3793 2296 3850; x_wconf 92' lang='lat' dir='ltr'><strong>ab</strong></span> 
     </span>
    </p>
   </div>
   <div class='ocr_carea' id='block_1_41' title="bbox 711 3877 2296 3954">
    <p class='ocr_par' dir='ltr' id='par_1_41' title="bbox 711 3877 2296 3954">
     <span class='ocr_line' id='line_1_41' title="bbox 711 3877 2296 3954; baseline 0.005 -20"><span class='ocrx_word' id='word_1_285' title='bbox 711 3881 870 3935; x_wconf 89' lang='lat' dir='ltr'><strong>initio</strong></span> <span class='ocrx_word' id='word_1_286' title='bbox 920 3879 1150 3935; x_wconf 77' lang='lat' dir='ltr'><strong>dixisset</strong></span> <span class='ocrx_word' id='word_1_287' title='bbox 1190 3879 1372 3946; x_wconf 86' lang='lat' dir='ltr'><strong>Deus,</strong></span> <span class='ocrx_word' id='word_1_288' title='bbox 1425 3877 1554 3934; x_wconf 83' lang='lat' dir='ltr'><strong>Fiat</strong></span> <span class='ocrx_word' id='word_1_289' title='bbox 1597 3880 1692 3935; x_wconf 81' lang='lat' dir='ltr'><strong>tua:</strong></span> <span class='ocrx_word' id='word_1_290' title='bbox 1730 3883 1776 3914; x_wconf 76' lang='grc'><strong>⁷⁸</strong></span> <span class='ocrx_word' id='word_1_291' title='bbox 1815 3923 1830 3948; x_wconf 82' lang='grc'><em>,</em></span> <span class='ocrx_word' id='word_1_292' title='bbox 1887 3899 2062 3954; x_wconf 88' lang='lat' dir='ltr'><strong>eaque</strong></span> <span class='ocrx_word' id='word_1_293' title='bbox 2123 3886 2296 3941; x_wconf 82' lang='lat' dir='ltr'><strong>exsti-</strong></span> 
     </span>
    </p>
   </div>
   <div class='ocr_carea' id='block_1_42' title="bbox 704 3971 2289 4048">
    <p class='ocr_par' dir='ltr' id='par_1_42' title="bbox 704 3971 2289 4048">
     <span class='ocr_line' id='line_1_42' title="bbox 704 3971 2289 4048; baseline 0.007 -22"><span class='ocrx_word' id='word_1_294' title='bbox 704 3974 866 4028; x_wconf 86' lang='lat' dir='ltr'><strong>tisset</strong></span> <span class='ocrx_word' id='word_1_295' title='bbox 888 4014 903 4039; x_wconf 90' lang='lat'><strong>,</strong></span> <span class='ocrx_word' id='word_1_296' title='bbox 936 3971 1084 4027; x_wconf 90' lang='lat' dir='ltr'><strong>illico</strong></span> <span class='ocrx_word' id='word_1_297' title='bbox 1122 3972 1360 4028; x_wconf 67' lang='lat' dir='ltr'><strong>tenebrae</strong></span> <span class='ocrx_word' id='word_1_298' title='bbox 1392 3981 1754 4031; x_wconf 86' lang='lat' dir='ltr'><strong>evanuerunt.</strong></span> <span class='ocrx_word' id='word_1_299' title='bbox 1787 3973 1933 4032; x_wconf 82' lang='lat' dir='ltr'><strong>Luce</strong></span> <span class='ocrx_word' id='word_1_300' title='bbox 1963 3978 2248 4037; x_wconf 83' lang='lat' dir='ltr'><strong>occidente</strong></span> <span class='ocrx_word' id='word_1_301' title='bbox 2273 4019 2289 4048; x_wconf 95' lang='lat'><strong>,</strong></span> 
     </span>
    </p>
   </div>
   <div class='ocr_carea' id='block_1_43' title="bbox 700 4061 2292 4127">
    <p class='ocr_par' dir='ltr' id='par_1_43' title="bbox 700 4061 2292 4127">
     <span class='ocr_line' id='line_1_43' title="bbox 700 4061 2292 4127; baseline 0.004 -7"><span class='ocrx_word' id='word_1_302' title='bbox 700 4066 888 4121; x_wconf 83' lang='lat' dir='ltr'><strong>statim</strong></span> <span class='ocrx_word' id='word_1_303' title='bbox 926 4078 1032 4118; x_wconf 89' lang='lat' dir='ltr'><strong>nox</strong></span> <span class='ocrx_word' id='word_1_304' title='bbox 1066 4061 1251 4118; x_wconf 87' lang='lat' dir='ltr'><strong>rediit.</strong></span> <span class='ocrx_word' id='word_1_305' title='bbox 1298 4063 1474 4119; x_wconf 81' lang='lat' dir='ltr'><strong>Adam</strong></span> <span class='ocrx_word' id='word_1_306' title='bbox 1505 4081 1636 4120; x_wconf 88' lang='lat' dir='ltr'><strong>vero</strong></span> <span class='ocrx_word' id='word_1_307' title='bbox 1677 4065 1783 4122; x_wconf 87' lang='lat' dir='ltr'><strong>fide</strong></span> <span class='ocrx_word' id='word_1_308' title='bbox 1811 4067 1865 4123; x_wconf 91' lang='lat' dir='ltr'><strong>in</strong></span> <span class='ocrx_word' id='word_1_309' title='bbox 1893 4068 2069 4124; x_wconf 86' lang='lat' dir='ltr'><strong>Deum</strong></span> <span class='ocrx_word' id='word_1_310' title='bbox 2104 4071 2292 4127; x_wconf 87' lang='lat' dir='ltr'><strong>muni-</strong></span> 
     </span>
    </p>
   </div>
   <div class='ocr_carea' id='block_1_44' title="bbox 702 4154 2290 4226">
    <p class='ocr_par' dir='ltr' id='par_1_44' title="bbox 702 4154 2290 4226">
     <span class='ocr_line' id='line_1_44' title="bbox 702 4154 2290 4226; baseline 0.005 -15"><span class='ocrx_word' id='word_1_311' title='bbox 702 4169 790 4211; x_wconf 86' lang='lat' dir='ltr'><strong>tus</strong></span> <span class='ocrx_word' id='word_1_312' title='bbox 819 4170 883 4210; x_wconf 90' lang='lat' dir='ltr'><strong>ac</strong></span> <span class='ocrx_word' id='word_1_313' title='bbox 911 4162 1086 4219; x_wconf 87' lang='lat' dir='ltr'><strong>tutus,</strong></span> <span class='ocrx_word' id='word_1_314' title='bbox 1127 4154 1425 4209; x_wconf 80' lang='lat' dir='ltr'><strong>immortali</strong></span> <span class='ocrx_word' id='word_1_315' title='bbox 1465 4157 1639 4226; x_wconf 87' lang='lat' dir='ltr'><strong>gloria</strong></span> <span class='ocrx_word' id='word_1_316' title='bbox 1671 4159 2110 4223; x_wconf 84' lang='lat' dir='ltr'><strong>circumlinebat,</strong></span> <span class='ocrx_word' id='word_1_317' title='bbox 2142 4171 2198 4217; x_wconf 91' lang='lat' dir='ltr'><strong>et</strong></span> <span class='ocrx_word' id='word_1_318' title='bbox 2234 4165 2290 4219; x_wconf 92' lang='lat' dir='ltr'><strong>in</strong></span> 
     </span>
    </p>
   </div>
   <div class='ocr_carea' id='block_1_45' title="bbox 701 4249 2288 4318">
    <p class='ocr_par' dir='ltr' id='par_1_45' title="bbox 701 4249 2288 4318">
     <span class='ocr_line' id='line_1_45' title="bbox 701 4249 2288 4318; baseline 0.005 -15"><span class='ocrx_word' id='word_1_319' title='bbox 701 4249 956 4318; x_wconf 86' lang='lat' dir='ltr'><strong>paradiso</strong></span> <span class='ocrx_word' id='word_1_320' title='bbox 987 4258 1128 4302; x_wconf 90' lang='lat' dir='ltr'><strong>erat.</strong></span> <span class='ocrx_word' id='word_1_321' title='bbox 1179 4249 1262 4302; x_wconf 85' lang='lat' dir='ltr'><strong>Ab</strong></span> <span class='ocrx_word' id='word_1_322' title='bbox 1293 4250 1518 4304; x_wconf 86' lang='lat' dir='ltr'><strong>inimico</strong></span> <span class='ocrx_word' id='word_1_323' title='bbox 1549 4259 1732 4304; x_wconf 88' lang='lat' dir='ltr'><strong>autem</strong></span> <span class='ocrx_word' id='word_1_324' title='bbox 1793 4253 1861 4306; x_wconf 93' lang='lat' dir='ltr'><strong>ad</strong></span> <span class='ocrx_word' id='word_1_325' title='bbox 1912 4252 2288 4311; x_wconf 81' lang='lat' dir='ltr'><strong>inﬁdelitatem</strong></span> 
     </span>
    </p>
   </div>
   <div class='ocr_carea' id='block_1_46' title="bbox 701 4340 2288 4409">
    <p class='ocr_par' dir='ltr' id='par_1_46' title="bbox 701 4340 2288 4409">
     <span class='ocr_line' id='line_1_46' title="bbox 701 4340 2288 4409; baseline 0.003 -16"><span class='ocrx_word' id='word_1_326' title='bbox 701 4340 972 4405; x_wconf 86' lang='lat' dir='ltr'><strong>detortus,</strong></span> <span class='ocrx_word' id='word_1_327' title='bbox 1007 4353 1178 4395; x_wconf 89' lang='lat' dir='ltr'><strong>morte</strong></span> <span class='ocrx_word' id='word_1_328' title='bbox 1209 4341 1527 4404; x_wconf 88' lang='lat' dir='ltr'><strong>damnatus,</strong></span> <span class='ocrx_word' id='word_1_329' title='bbox 1561 4348 1614 4392; x_wconf 90' lang='lat' dir='ltr'><strong>et</strong></span> <span class='ocrx_word' id='word_1_330' title='bbox 1649 4341 1904 4409; x_wconf 87' lang='lat' dir='ltr'><strong>paradiso</strong></span> <span class='ocrx_word' id='word_1_331' title='bbox 1941 4345 2288 4407; x_wconf 80' lang='lat' dir='ltr'><strong>exturbatus,</strong></span> 
     </span>
    </p>
   </div>
   <div class='ocr_carea' id='block_1_47' title="bbox 700 4432 2274 4501">
    <p class='ocr_par' dir='ltr' id='par_1_47' title="bbox 700 4432 2274 4501">
     <span class='ocr_line' id='line_1_47' title="bbox 700 4432 2274 4501; baseline 0.004 -18"><span class='ocrx_word' id='word_1_332' title='bbox 700 4447 799 4499; x_wconf 88' lang='lat' dir='ltr'><strong>pro</strong></span> <span class='ocrx_word' id='word_1_333' title='bbox 841 4432 1026 4486; x_wconf 89' lang='lat' dir='ltr'><strong>divina</strong></span> <span class='ocrx_word' id='word_1_334' title='bbox 1080 4433 1456 4500; x_wconf 88' lang='lat' dir='ltr'><strong>spiritualique</strong></span> <span class='ocrx_word' id='word_1_335' title='bbox 1507 4432 1824 4501; x_wconf 86' lang='lat' dir='ltr'><strong>cognitione</strong></span> <span class='ocrx_word' id='word_1_336' title='bbox 1869 4435 2146 4488; x_wconf 87' lang='lat' dir='ltr'><strong>carnalem</strong></span> <span class='ocrx_word' id='word_1_337' title='bbox 2182 4451 2274 4490; x_wconf 80' lang='lat' dir='ltr'><strong>co-</strong></span> 
     </span>
    </p>
   </div>
   <div class='ocr_carea' id='block_1_48' title="bbox 698 4523 2280 4593">
    <p class='ocr_par' dir='ltr' id='par_1_48' title="bbox 698 4523 2280 4593">
     <span class='ocr_line' id='line_1_48' title="bbox 698 4523 2280 4593; baseline 0.004 -17"><span class='ocrx_word' id='word_1_338' title='bbox 698 4525 1001 4591; x_wconf 88' lang='lat' dir='ltr'><strong>gnitionem</strong></span> <span class='ocrx_word' id='word_1_339' title='bbox 1037 4525 1270 4593; x_wconf 84' lang='lat' dir='ltr'><strong>recepit.</strong></span> <span class='ocrx_word' id='word_1_340' title='bbox 1319 4524 1534 4578; x_wconf 86' lang='lat' dir='ltr'><strong>Etenim</strong></span> <span class='ocrx_word' id='word_1_341' title='bbox 1565 4523 1743 4580; x_wconf 85' lang='lat' dir='ltr'><strong>oculis</strong></span> <span class='ocrx_word' id='word_1_342' title='bbox 1787 4526 1984 4580; x_wconf 74' lang='lat' dir='ltr'><strong>animze</strong></span> <span class='ocrx_word' id='word_1_343' title='bbox 2010 4527 2235 4582; x_wconf 88' lang='lat' dir='ltr'><strong>orbatus</strong></span> <span class='ocrx_word' id='word_1_344' title='bbox 2265 4568 2280 4592; x_wconf 94' lang='lat'><strong>,</strong></span> 
     </span>
    </p>
   </div>
   <div class='ocr_carea' id='block_1_49' title="bbox 699 4616 2284 4688">
    <p class='ocr_par' dir='ltr' id='par_1_49' title="bbox 699 4616 2284 4688">
     <span class='ocr_line' id='line_1_49' title="bbox 699 4616 2284 4688; baseline 0.004 -22"><span class='ocrx_word' id='word_1_345' title='bbox 699 4616 921 4684; x_wconf 88' lang='lat' dir='ltr'><strong>vitaque</strong></span> <span class='ocrx_word' id='word_1_346' title='bbox 975 4616 1200 4685; x_wconf 90' lang='lat' dir='ltr'><strong>perenni</strong></span> <span class='ocrx_word' id='word_1_347' title='bbox 1233 4617 1505 4684; x_wconf 85' lang='lat' dir='ltr'><strong>spoliatus</strong></span> <span class='ocrx_word' id='word_1_348' title='bbox 1533 4656 1550 4680; x_wconf 94' lang='lat'><strong>,</strong></span> <span class='ocrx_word' id='word_1_349' title='bbox 1583 4618 1865 4685; x_wconf 79' lang='lat' dir='ltr'><strong>corporeis</strong></span> <span class='ocrx_word' id='word_1_350' title='bbox 1907 4618 2084 4672; x_wconf 86' lang='lat' dir='ltr'><strong>oculis</strong></span> <span class='ocrx_word' id='word_1_351' title='bbox 2117 4621 2284 4688; x_wconf 69' lang='lat' dir='ltr'><strong>coepit</strong></span> 
     </span>
    </p>
   </div>
   <div class='ocr_carea' id='block_1_50' title="bbox 699 4707 2283 4778">
    <p class='ocr_par' dir='ltr' id='par_1_50' title="bbox 699 4707 2283 4778">
     <span class='ocr_line' id='line_1_50' title="bbox 699 4707 2283 4778; baseline 0.005 -20"><span class='ocrx_word' id='word_1_352' title='bbox 699 4707 984 4775; x_wconf 84' lang='lat' dir='ltr'><strong>aspicere,</strong></span> <span class='ocrx_word' id='word_1_353' title='bbox 1020 4707 1200 4776; x_wconf 89' lang='lat' dir='ltr'><strong>iisque</strong></span> <span class='ocrx_word' id='word_1_354' title='bbox 1251 4708 1610 4762; x_wconf 87' lang='lat' dir='ltr'><strong>sensibilibus</strong></span> <span class='ocrx_word' id='word_1_355' title='bbox 1656 4718 1711 4761; x_wconf 90' lang='lat' dir='ltr'><strong>et</strong></span> <span class='ocrx_word' id='word_1_356' title='bbox 1757 4710 2185 4778; x_wconf 87' lang='lat' dir='ltr'><strong>aspectabilibus</strong></span> <span class='ocrx_word' id='word_1_357' title='bbox 2216 4728 2283 4766; x_wconf 88' lang='lat' dir='ltr'><strong>ex</strong></span> 
     </span>
    </p>
   </div>
   <div class='ocr_carea' id='block_1_51' title="bbox 698 4799 2282 4870">
    <p class='ocr_par' dir='ltr' id='par_1_51' title="bbox 698 4799 2282 4870">
     <span class='ocr_line' id='line_1_51' title="bbox 698 4799 2282 4870; baseline 0.003 -18"><span class='ocrx_word' id='word_1_358' title='bbox 698 4799 1064 4853; x_wconf 91' lang='lat' dir='ltr'><strong>commotione</strong></span> <span class='ocrx_word' id='word_1_359' title='bbox 1087 4799 1346 4868; x_wconf 87' lang='lat' dir='ltr'><strong>adjectis,</strong></span> <span class='ocrx_word' id='word_1_360' title='bbox 1373 4802 1631 4870; x_wconf 85' lang='lat' dir='ltr'><strong>cognovit</strong></span> <span class='ocrx_word' id='word_1_361' title='bbox 1653 4800 1819 4855; x_wconf 88' lang='lat' dir='ltr'><strong>Evam</strong></span> <span class='ocrx_word' id='word_1_362' title='bbox 1850 4817 2074 4857; x_wconf 86' lang='lat' dir='ltr'><strong>uxorem</strong></span> <span class='ocrx_word' id='word_1_363' title='bbox 2102 4819 2282 4869; x_wconf 90' lang='lat' dir='ltr'><strong>suam,</strong></span> 
     </span>
    </p>
   </div>
   <div class='ocr_carea' id='block_1_52' title="bbox 697 4891 2287 4965">
    <p class='ocr_par' dir='ltr' id='par_1_52' title="bbox 697 4891 2287 4965">
     <span class='ocr_line' id='line_1_52' title="bbox 697 4891 2287 4965; baseline 0.003 -22"><span class='ocrx_word' id='word_1_364' title='bbox 697 4905 819 4959; x_wconf 73' lang='lat' dir='ltr'><strong>quae</strong></span> <span class='ocrx_word' id='word_1_365' title='bbox 851 4892 1104 4960; x_wconf 90' lang='lat' dir='ltr'><strong>concepit</strong></span> <span class='ocrx_word' id='word_1_366' title='bbox 1126 4901 1181 4945; x_wconf 91' lang='lat' dir='ltr'><strong>et</strong></span> <span class='ocrx_word' id='word_1_367' title='bbox 1235 4893 1448 4961; x_wconf 89' lang='lat' dir='ltr'><strong>peperit</strong></span> <span class='ocrx_word' id='word_1_368' title='bbox 1469 4892 1604 4946; x_wconf 90' lang='lat' dir='ltr'><strong>Cain</strong></span> <span class='ocrx_word' id='word_1_369' title='bbox 1632 4892 1700 4946; x_wconf 87' lang='lat'><strong>&quot;&#39;.</strong></span> <span class='ocrx_word' id='word_1_370' title='bbox 1736 4891 1906 4948; x_wconf 89' lang='lat' dir='ltr'><strong>Porro</strong></span> <span class='ocrx_word' id='word_1_371' title='bbox 1943 4894 2069 4949; x_wconf 87' lang='lat' dir='ltr'><strong>talis</strong></span> <span class='ocrx_word' id='word_1_372' title='bbox 2098 4897 2287 4965; x_wconf 84' lang='lat' dir='ltr'><strong>cogni-</strong></span> 
     </span>
    </p>
   </div>
   <div class='ocr_carea' id='block_1_53' title="bbox 699 4985 2280 5056">
    <p class='ocr_par' dir='ltr' id='par_1_53' title="bbox 699 4985 2280 5056">
     <span class='ocr_line' id='line_1_53' title="bbox 699 4985 2280 5056; baseline 0.005 -21"><span class='ocrx_word' id='word_1_373' title='bbox 699 4991 776 5035; x_wconf 79' lang='lat' dir='ltr'><strong>tio</strong></span> <span class='ocrx_word' id='word_1_374' title='bbox 805 4999 929 5037; x_wconf 83' lang='lat' dir='ltr'><strong>vere</strong></span> <span class='ocrx_word' id='word_1_375' title='bbox 957 4985 1136 5038; x_wconf 90' lang='lat' dir='ltr'><strong>omnis</strong></span> <span class='ocrx_word' id='word_1_376' title='bbox 1165 4985 1291 5038; x_wconf 91' lang='lat' dir='ltr'><strong>boni</strong></span> <span class='ocrx_word' id='word_1_377' title='bbox 1317 4985 1623 5054; x_wconf 91' lang='lat' dir='ltr'><strong>ignorantia</strong></span> <span class='ocrx_word' id='word_1_378' title='bbox 1662 4993 1769 5040; x_wconf 90' lang='lat' dir='ltr'><strong>est.</strong></span> <span class='ocrx_word' id='word_1_379' title='bbox 1799 4985 1916 5042; x_wconf 82' lang='lat' dir='ltr'><strong>Nisi</strong></span> <span class='ocrx_word' id='word_1_380' title='bbox 1950 4988 2095 5041; x_wconf 89' lang='lat' dir='ltr'><strong>enim</strong></span> <span class='ocrx_word' id='word_1_381' title='bbox 2128 4989 2280 5056; x_wconf 85' lang='lat' dir='ltr'><strong>prius</strong></span> 
     </span>
    </p>
   </div>
   <div class='ocr_carea' id='block_1_54' title="bbox 698 5077 2277 5148">
    <p class='ocr_par' dir='ltr' id='par_1_54' title="bbox 698 5077 2277 5148">
     <span class='ocr_line' id='line_1_54' title="bbox 698 5077 2277 5148; baseline 0.004 -19"><span class='ocrx_word' id='word_1_382' title='bbox 698 5077 938 5130; x_wconf 87' lang='lat' dir='ltr'><strong>divinam</strong></span> <span class='ocrx_word' id='word_1_383' title='bbox 1001 5079 1370 5147; x_wconf 86' lang='lat' dir='ltr'><strong>cognitionem</strong></span> <span class='ocrx_word' id='word_1_384' title='bbox 1445 5079 1823 5148; x_wconf 88' lang='lat' dir='ltr'><strong>visionemque</strong></span> <span class='ocrx_word' id='word_1_385' title='bbox 1912 5080 2277 5148; x_wconf 89' lang='lat' dir='ltr'><strong>perdidisset,</strong></span> 
     </span>
    </p>
   </div>
   <div class='ocr_carea' id='block_1_55' title="bbox 697 5168 2276 5238">
    <p class='ocr_par' dir='ltr' id='par_1_55' title="bbox 697 5168 2276 5238">
     <span class='ocr_line' id='line_1_55' title="bbox 697 5168 2276 5238; baseline 0.005 -18"><span class='ocrx_word' id='word_1_386' title='bbox 697 5183 977 5236; x_wconf 85' lang='lat' dir='ltr'><strong>nunquam</strong></span> <span class='ocrx_word' id='word_1_387' title='bbox 1031 5168 1083 5222; x_wconf 94' lang='lat' dir='ltr'><strong>in</strong></span> <span class='ocrx_word' id='word_1_388' title='bbox 1140 5169 1301 5223; x_wconf 89' lang='lat' dir='ltr'><strong>istam</strong></span> <span class='ocrx_word' id='word_1_389' title='bbox 1363 5170 1731 5238; x_wconf 81' lang='lat' dir='ltr'><strong>cognitionem</strong></span> <span class='ocrx_word' id='word_1_390' title='bbox 1785 5172 2076 5228; x_wconf 89' lang='lat' dir='ltr'><strong>devolutus</strong></span> <span class='ocrx_word' id='word_1_391' title='bbox 2110 5185 2276 5229; x_wconf 88' lang='lat' dir='ltr'><strong>esset.</strong></span> 
     </span>
    </p>
   </div>
   <div class='ocr_carea' id='block_1_56' title="bbox 699 5259 2276 5333">
    <p class='ocr_par' dir='ltr' id='par_1_56' title="bbox 699 5259 2276 5333">
     <span class='ocr_line' id='line_1_56' title="bbox 699 5259 2276 5333; baseline 0.006 -23"><span class='ocrx_word' id='word_1_392' title='bbox 699 5259 791 5311; x_wconf 84' lang='lat' dir='ltr'><strong>Sic</strong></span> <span class='ocrx_word' id='word_1_393' title='bbox 820 5260 1015 5313; x_wconf 85' lang='lat' dir='ltr'><strong>deinde</strong></span> <span class='ocrx_word' id='word_1_394' title='bbox 1038 5272 1091 5314; x_wconf 87' lang='lat' dir='ltr'><strong>et</strong></span> <span class='ocrx_word' id='word_1_395' title='bbox 1118 5261 1252 5316; x_wconf 90' lang='lat' dir='ltr'><strong>Cain</strong></span> <span class='ocrx_word' id='word_1_396' title='bbox 1287 5261 1429 5316; x_wconf 86' lang='lat' dir='ltr'><strong>filius</strong></span> <span class='ocrx_word' id='word_1_397' title='bbox 1457 5263 1580 5329; x_wconf 90' lang='lat' dir='ltr'><strong>ejus</strong></span> <span class='ocrx_word' id='word_1_398' title='bbox 1610 5303 1624 5326; x_wconf 89' lang='lat'><strong>,</strong></span> <span class='ocrx_word' id='word_1_399' title='bbox 1651 5263 1768 5317; x_wconf 91' lang='lat' dir='ltr'><strong>nisi.</strong></span> <span class='ocrx_word' id='word_1_400' title='bbox 1789 5273 1916 5319; x_wconf 88' lang='lat' dir='ltr'><strong>ante</strong></span> <span class='ocrx_word' id='word_1_401' title='bbox 1953 5267 2007 5319; x_wconf 91' lang='lat' dir='ltr'><strong>in</strong></span> <span class='ocrx_word' id='word_1_402' title='bbox 2043 5267 2229 5320; x_wconf 91' lang='lat' dir='ltr'><strong>odium</strong></span> <span class='ocrx_word' id='word_1_403' title='bbox 2261 5309 2276 5333; x_wconf 85' lang='lat'><strong>,</strong></span> 
     </span>
    </p>
   </div>
   <div class='ocr_carea' id='block_1_57' title="bbox 695 5354 2274 5426">
    <p class='ocr_par' dir='ltr' id='par_1_57' title="bbox 695 5354 2274 5426">
     <span class='ocr_line' id='line_1_57' title="bbox 695 5354 2274 5426; baseline 0.005 -21"><span class='ocrx_word' id='word_1_404' title='bbox 695 5362 750 5405; x_wconf 90' lang='lat' dir='ltr'><strong>et</strong></span> <span class='ocrx_word' id='word_1_405' title='bbox 801 5354 1060 5407; x_wconf 87' lang='lat' dir='ltr'><strong>invidiam</strong></span> <span class='ocrx_word' id='word_1_406' title='bbox 1108 5369 1239 5424; x_wconf 89' lang='lat' dir='ltr'><strong>erga</strong></span> <span class='ocrx_word' id='word_1_407' title='bbox 1276 5355 1408 5409; x_wconf 83' lang='lat' dir='ltr'><strong>Abel</strong></span> <span class='ocrx_word' id='word_1_408' title='bbox 1461 5356 1684 5410; x_wconf 88' lang='lat' dir='ltr'><strong>fratrem</strong></span> <span class='ocrx_word' id='word_1_409' title='bbox 1741 5373 1899 5412; x_wconf 90' lang='lat' dir='ltr'><strong>suum</strong></span> <span class='ocrx_word' id='word_1_410' title='bbox 1934 5359 2274 5426; x_wconf 79' lang='lat' dir='ltr'><strong>exarsisset,</strong></span> 
     </span>
    </p>
   </div>
   <div class='ocr_carea' id='block_1_58' title="bbox 696 5447 2273 5520">
    <p class='ocr_par' dir='ltr' id='par_1_58' title="bbox 696 5447 2273 5520">
     <span class='ocr_line' id='line_1_58' title="bbox 696 5447 2273 5520; baseline 0.007 -23"><span class='ocrx_word' id='word_1_411' title='bbox 696 5460 805 5498; x_wconf 89' lang='lat' dir='ltr'><strong>non</strong></span> <span class='ocrx_word' id='word_1_412' title='bbox 833 5447 880 5499; x_wconf 90' lang='lat' dir='ltr'><strong>ei</strong></span> <span class='ocrx_word' id='word_1_413' title='bbox 913 5461 1098 5500; x_wconf 84' lang='lat' dir='ltr'><strong>necem</strong></span> <span class='ocrx_word' id='word_1_414' title='bbox 1127 5447 1418 5502; x_wconf 88' lang='lat' dir='ltr'><strong>attulisset.</strong></span> <span class='ocrx_word' id='word_1_415' title='bbox 1442 5447 1719 5518; x_wconf 86' lang='lat' dir='ltr'><strong>Quotquot</strong></span> <span class='ocrx_word' id='word_1_416' title='bbox 1743 5449 1909 5520; x_wconf 89' lang='lat' dir='ltr'><strong>igitur</strong></span> <span class='ocrx_word' id='word_1_417' title='bbox 1937 5453 2176 5507; x_wconf 87' lang='lat' dir='ltr'><strong>tenebris</strong></span> <span class='ocrx_word' id='word_1_418' title='bbox 2203 5455 2273 5508; x_wconf 92' lang='lat' dir='ltr'><strong>ab</strong></span> 
     </span>
    </p>
   </div>
   <div class='ocr_carea' id='block_1_59' title="bbox 766 5599 1721 5670">
    <p class='ocr_par' dir='ltr' id='par_1_59' title="bbox 766 5599 1721 5670">
     <span class='ocr_line' id='line_1_59' title="bbox 766 5599 1721 5670; baseline 0.007 -17"><span class='ocrx_word' id='word_1_419' title='bbox 766 5599 1051 5665; x_wconf 74' lang='lat' dir='ltr'><strong>&quot;Gemt,</strong></span> <span class='ocrx_word' id='word_1_420' title='bbox 1098 5603 1150 5655; x_wconf 83' lang='lat'><strong>3.</strong></span> <span class='ocrx_word' id='word_1_421' title='bbox 1230 5603 1275 5634; x_wconf 87' lang='lat'><strong>&quot;</strong></span> <span class='ocrx_word' id='word_1_422' title='bbox 1334 5603 1472 5659; x_wconf 85' lang='lat' dir='ltr'><strong>Gen.</strong></span> <span class='ocrx_word' id='word_1_423' title='bbox 1535 5620 1612 5670; x_wconf 87' lang='lat' dir='ltr'><strong>tv,</strong></span> <span class='ocrx_word' id='word_1_424' title='bbox 1669 5607 1721 5660; x_wconf 80' lang='lat' dir='ltr'><strong>i.</strong></span> 
     </span>
    </p>
   </div>
   <div class='ocr_carea' id='block_1_60' title="bbox 1797 5608 2287 5676">
    <p class='ocr_par' dir='ltr' id='par_1_60' title="bbox 1797 5608 2287 5676">
     <span class='ocr_line' id='line_1_60' title="bbox 1797 5608 2287 5676; baseline 0.01 -13"><span class='ocrx_word' id='word_1_425' title='bbox 1797 5609 1844 5640; x_wconf 85' lang='lat'><strong>&quot;</strong></span> <span class='ocrx_word' id='word_1_426' title='bbox 1876 5608 1895 5662; x_wconf 92' lang='lat' dir='ltr'><strong>l</strong></span> <span class='ocrx_word' id='word_1_427' title='bbox 1922 5608 2050 5664; x_wconf 89' lang='lat' dir='ltr'><strong>Cor.</strong></span> <span class='ocrx_word' id='word_1_428' title='bbox 2076 5627 2194 5676; x_wconf 80' lang='lat' dir='ltr'><strong>vni,</strong></span> <span class='ocrx_word' id='word_1_429' title='bbox 2230 5612 2287 5668; x_wconf 75' lang='grc'><strong>2.</strong></span> 
     </span>
    </p>
   </div>
   <div class='ocr_carea' id='block_1_61' title="bbox 698 5759 2251 5840">
    <p class='ocr_par' dir='ltr' id='par_1_61' title="bbox 698 5759 2251 5840">
     <span class='ocr_line' id='line_1_61' title="bbox 698 5759 2251 5840; baseline 0.008 -29"><span class='ocrx_word' id='word_1_430' title='bbox 698 5826 721 5840; x_wconf 33' lang='grc' dir='ltr'><em>κ</em></span> <span class='ocrx_word' id='word_1_431' title='bbox 769 5759 1094 5840; x_wconf 51' lang='grc' dir='ltr'><strong>(Ιῇχνει-ὶια</strong></span> <span class='ocrx_word' id='word_1_432' title='bbox 1119 5761 1303 5840; x_wconf 63' lang='lat' dir='ltr'><strong>Graeca</strong></span> <span class='ocrx_word' id='word_1_433' title='bbox 1331 5775 1461 5840; x_wconf 77' lang='lat' dir='ltr'><strong>sunt</strong></span> <span class='ocrx_word' id='word_1_434' title='bbox 1501 5766 1601 5819; x_wconf 90' lang='lat' dir='ltr'><strong>ista</strong></span> <span class='ocrx_word' id='word_1_435' title='bbox 1633 5783 1646 5820; x_wconf 94' lang='lat'><strong>:</strong></span> <span class='ocrx_word' id='word_1_436' title='bbox 1684 5768 1742 5818; x_wconf 83' lang='grc' dir='ltr'>Ὠ</span> <span class='ocrx_word' id='word_1_437' title='bbox 1803 5767 1899 5820; x_wconf 81' lang='grc' dir='ltr'><strong>τοῦ</strong></span> <span class='ocrx_word' id='word_1_438' title='bbox 1951 5768 2251 5838; x_wconf 72' lang='grc' dir='ltr'><strong>θαύματος,</strong></span> 
     </span>
    </p>
   </div>
   <div class='ocr_carea' id='block_1_62' title="bbox 695 5832 2262 5907">
    <p class='ocr_par' dir='ltr' id='par_1_62' title="bbox 695 5832 2262 5907">
     <span class='ocr_line' id='line_1_62' title="bbox 695 5832 2262 5907; baseline 0.007 -27"><span class='ocrx_word' id='word_1_439' title='bbox 695 5832 778 5885; x_wconf 73' lang='grc' dir='ltr'><strong>ὅτι</strong></span> <span class='ocrx_word' id='word_1_440' title='bbox 811 5832 1094 5900; x_wconf 64' lang='grc' dir='ltr'><strong>ἄνθρωπης</strong></span> <span class='ocrx_word' id='word_1_441' title='bbox 1125 5834 1243 5903; x_wconf 71' lang='grc' dir='ltr'><strong>Θεῷ</strong></span> <span class='ocrx_word' id='word_1_442' title='bbox 1282 5834 1496 5889; x_wconf 74' lang='grc' dir='ltr'><strong>ἑνοῦται</strong></span> <span class='ocrx_word' id='word_1_443' title='bbox 1532 5839 1943 5907; x_wconf 70' lang='grc' dir='ltr'><strong>πνευματικῶς,</strong></span> <span class='ocrx_word' id='word_1_444' title='bbox 1994 5832 2087 5893; x_wconf 57' lang='grc' dir='ltr'><strong>καὶ</strong></span> <span class='ocrx_word' id='word_1_445' title='bbox 2159 5857 2262 5892; x_wconf 85' lang='grc' dir='ltr'><strong>σω-</strong></span> 
     </span>
    </p>
   </div>
   <div class='ocr_carea' id='block_1_63' title="bbox 2331 1823 2380 1884">
    <p class='ocr_par' dir='ltr' id='par_1_63' title="bbox 2331 1823 2380 1884">
     <span class='ocr_line' id='line_1_63' title="bbox 2331 1823 2380 1884; baseline 0 -2"><span class='ocrx_word' id='word_1_446' title='bbox 2331 1823 2380 1884; x_wconf 85' lang='grc' dir='ltr'><strong>Β</strong></span> 
     </span>
    </p>
   </div>
   <div class='ocr_carea' id='block_1_64' title="bbox 2414 573 4009 645">
    <p class='ocr_par' dir='ltr' id='par_1_64' title="bbox 2414 573 4009 645">
     <span class='ocr_line' id='line_1_64' title="bbox 2414 573 4009 645; baseline 0.004 -21"><span class='ocrx_word' id='word_1_447' title='bbox 2414 580 2467 625; x_wconf 91' lang='lat' dir='ltr'><strong>et</strong></span> <span class='ocrx_word' id='word_1_448' title='bbox 2516 574 2844 642; x_wconf 88' lang='lat' dir='ltr'><strong>cogitatione</strong></span> <span class='ocrx_word' id='word_1_449' title='bbox 2889 577 3134 631; x_wconf 88' lang='lat' dir='ltr'><strong>cernitur</strong></span> <span class='ocrx_word' id='word_1_450' title='bbox 3165 573 3416 644; x_wconf 90' lang='lat' dir='ltr'><strong>quodque</strong></span> <span class='ocrx_word' id='word_1_451' title='bbox 3441 575 3651 641; x_wconf 89' lang='lat' dir='ltr'><strong>primus</strong></span> <span class='ocrx_word' id='word_1_452' title='bbox 3701 575 3793 629; x_wconf 93' lang='lat' dir='ltr'><strong>ille</strong></span> <span class='ocrx_word' id='word_1_453' title='bbox 3852 589 4009 645; x_wconf 82' lang='lat' dir='ltr'><strong>pater</strong></span> 
     </span>
    </p>
   </div>
   <div class='ocr_carea' id='block_1_65' title="bbox 2413 664 4008 737">
    <p class='ocr_par' dir='ltr' id='par_1_65' title="bbox 2413 664 4008 737">
     <span class='ocr_line' id='line_1_65' title="bbox 2413 664 4008 737; baseline 0.003 -20"><span class='ocrx_word' id='word_1_454' title='bbox 2413 664 2636 726; x_wconf 86' lang='lat' dir='ltr'><strong>amisit,</strong></span> <span class='ocrx_word' id='word_1_455' title='bbox 2664 676 2943 735; x_wconf 88' lang='lat' dir='ltr'><strong>aspectum</strong></span> <span class='ocrx_word' id='word_1_456' title='bbox 2969 666 3205 737; x_wconf 83' lang='lat' dir='ltr'><strong>deligere</strong></span> <span class='ocrx_word' id='word_1_457' title='bbox 3239 665 3433 720; x_wconf 91' lang='lat' dir='ltr'><strong>nolunt</strong></span> <span class='ocrx_word' id='word_1_458' title='bbox 3452 707 3467 728; x_wconf 95' lang='lat'><strong>,</strong></span> <span class='ocrx_word' id='word_1_459' title='bbox 3493 665 3547 718; x_wconf 92' lang='lat' dir='ltr'><strong>hi</strong></span> <span class='ocrx_word' id='word_1_460' title='bbox 3575 666 3628 719; x_wconf 93' lang='lat' dir='ltr'><strong>in</strong></span> <span class='ocrx_word' id='word_1_461' title='bbox 3657 665 3776 736; x_wconf 88' lang='lat' dir='ltr'><strong>ipso</strong></span> <span class='ocrx_word' id='word_1_462' title='bbox 3807 669 4008 722; x_wconf 81' lang='lat' dir='ltr'><strong>lumine</strong></span> 
     </span>
    </p>
   </div>
   <div class='ocr_carea' id='block_1_66' title="bbox 2415 756 4010 828">
    <p class='ocr_par' dir='ltr' id='par_1_66' title="bbox 2415 756 4010 828">
     <span class='ocr_line' id='line_1_66' title="bbox 2415 756 4010 828; baseline 0.003 -21"><span class='ocrx_word' id='word_1_463' title='bbox 2415 763 2574 809; x_wconf 91' lang='lat' dir='ltr'><strong>natos</strong></span> <span class='ocrx_word' id='word_1_464' title='bbox 2604 795 2620 821; x_wconf 94' lang='lat'><strong>,</strong></span> <span class='ocrx_word' id='word_1_465' title='bbox 2667 765 2721 811; x_wconf 91' lang='lat' dir='ltr'><strong>et</strong></span> <span class='ocrx_word' id='word_1_466' title='bbox 2778 773 2900 828; x_wconf 65' lang='lat' dir='ltr'><strong>quae</strong></span> <span class='ocrx_word' id='word_1_467' title='bbox 2948 759 3173 813; x_wconf 90' lang='lat' dir='ltr'><strong>luminis</strong></span> <span class='ocrx_word' id='word_1_468' title='bbox 3226 766 3357 812; x_wconf 84' lang='lat' dir='ltr'><strong>sunt</strong></span> <span class='ocrx_word' id='word_1_469' title='bbox 3402 756 3773 821; x_wconf 87' lang='lat' dir='ltr'><strong>disserentes,</strong></span> <span class='ocrx_word' id='word_1_470' title='bbox 3821 774 4010 813; x_wconf 87' lang='lat' dir='ltr'><strong>eorum</strong></span> 
     </span>
    </p>
   </div>
   <div class='ocr_carea' id='block_1_67' title="bbox 2413 848 4004 920">
    <p class='ocr_par' dir='ltr' id='par_1_67' title="bbox 2413 848 4004 920">
     <span class='ocr_line' id='line_1_67' title="bbox 2413 848 4004 920; baseline -0.001 -16"><span class='ocrx_word' id='word_1_471' title='bbox 2413 850 2761 905; x_wconf 87' lang='lat' dir='ltr'><strong>sermonibus</strong></span> <span class='ocrx_word' id='word_1_472' title='bbox 2799 850 3076 916; x_wconf 89' lang='lat' dir='ltr'><strong>perculsi,</strong></span> <span class='ocrx_word' id='word_1_473' title='bbox 3114 866 3212 920; x_wconf 91' lang='lat' dir='ltr'><strong>pro</strong></span> <span class='ocrx_word' id='word_1_474' title='bbox 3244 849 3498 904; x_wconf 87' lang='lat' dir='ltr'><strong>hostibus</strong></span> <span class='ocrx_word' id='word_1_475' title='bbox 3532 848 3636 904; x_wconf 90' lang='lat' dir='ltr'><strong>sibi</strong></span> <span class='ocrx_word' id='word_1_476' title='bbox 3666 850 4004 903; x_wconf 79' lang='lat' dir='ltr'><strong>adversariis</strong></span> 
     </span>
    </p>
   </div>
   <div class='ocr_carea' id='block_1_68' title="bbox 2411 937 4009 1008">
    <p class='ocr_par' dir='ltr' id='par_1_68' title="bbox 2411 937 4009 1008">
     <span class='ocr_line' id='line_1_68' title="bbox 2411 937 4009 1008; baseline 0.001 -16"><span class='ocrx_word' id='word_1_477' title='bbox 2411 937 2642 992; x_wconf 87' lang='lat' dir='ltr'><strong>ducunt.</strong></span> <span class='ocrx_word' id='word_1_478' title='bbox 2687 938 3158 1005; x_wconf 86' lang='lat' dir='ltr'><strong>Quemadmodum</strong></span> <span class='ocrx_word' id='word_1_479' title='bbox 3207 954 3445 1008; x_wconf 90' lang='lat' dir='ltr'><strong>namque</strong></span> <span class='ocrx_word' id='word_1_480' title='bbox 3489 939 3677 993; x_wconf 85' lang='lat' dir='ltr'><strong>radius</strong></span> <span class='ocrx_word' id='word_1_481' title='bbox 3713 940 3846 993; x_wconf 87' lang='lat' dir='ltr'><strong>solis</strong></span> <span class='ocrx_word' id='word_1_482' title='bbox 3871 981 3885 1002; x_wconf 91' lang='lat'><strong>,</strong></span> <span class='ocrx_word' id='word_1_483' title='bbox 3914 941 4009 994; x_wconf 91' lang='lat' dir='ltr'><strong>ubi</strong></span> 
     </span>
    </p>
   </div>
   <div class='ocr_carea' id='block_1_69' title="bbox 2411 1029 3993 1100">
    <p class='ocr_par' dir='ltr' id='par_1_69' title="bbox 2411 1029 3993 1100">
     <span class='ocr_line' id='line_1_69' title="bbox 2411 1029 3993 1100; baseline 0.001 -19"><span class='ocrx_word' id='word_1_484' title='bbox 2411 1029 2632 1082; x_wconf 88' lang='lat' dir='ltr'><strong>domum</strong></span> <span class='ocrx_word' id='word_1_485' title='bbox 2679 1031 2995 1100; x_wconf 89' lang='lat' dir='ltr'><strong>quampiam</strong></span> <span class='ocrx_word' id='word_1_486' title='bbox 3026 1029 3320 1085; x_wconf 84' lang='lat' dir='ltr'><strong>obscuram</strong></span> <span class='ocrx_word' id='word_1_487' title='bbox 3361 1029 3648 1084; x_wconf 85' lang='lat' dir='ltr'><strong>intraverit</strong></span> <span class='ocrx_word' id='word_1_488' title='bbox 3681 1073 3694 1094; x_wconf 88' lang='lat'><strong>,</strong></span> <span class='ocrx_word' id='word_1_489' title='bbox 3730 1031 3993 1085; x_wconf 86' lang='lat' dir='ltr'><strong>tenebras</strong></span> 
     </span>
    </p>
   </div>
   <div class='ocr_carea' id='block_1_70' title="bbox 2415 1120 4010 1194">
    <p class='ocr_par' dir='ltr' id='par_1_70' title="bbox 2415 1120 4010 1194">
     <span class='ocr_line' id='line_1_70' title="bbox 2415 1120 4010 1194; baseline 0.001 -20"><span class='ocrx_word' id='word_1_490' title='bbox 2415 1131 2475 1174; x_wconf 92' lang='lat' dir='ltr'><strong>ut</strong></span> <span class='ocrx_word' id='word_1_491' title='bbox 2511 1120 2759 1190; x_wconf 88' lang='lat' dir='ltr'><strong>jaculum</strong></span> <span class='ocrx_word' id='word_1_492' title='bbox 2789 1130 3063 1194; x_wconf 77' lang='lat' dir='ltr'><strong>penetrat,</strong></span> <span class='ocrx_word' id='word_1_493' title='bbox 3083 1137 3147 1176; x_wconf 88' lang='lat' dir='ltr'><strong>ac</strong></span> <span class='ocrx_word' id='word_1_494' title='bbox 3169 1123 3409 1178; x_wconf 89' lang='lat' dir='ltr'><strong>dissecat</strong></span> <span class='ocrx_word' id='word_1_495' title='bbox 3444 1121 3553 1176; x_wconf 87' lang='lat' dir='ltr'><strong>:ita</strong></span> <span class='ocrx_word' id='word_1_496' title='bbox 3593 1122 3925 1193; x_wconf 86' lang='lat' dir='ltr'><strong>spiritua&#39;is,</strong></span> <span class='ocrx_word' id='word_1_497' title='bbox 3956 1132 4010 1176; x_wconf 91' lang='lat' dir='ltr'><strong>ct</strong></span> 
     </span>
    </p>
   </div>
   <div class='ocr_carea' id='block_1_71' title="bbox 2411 1213 4009 1284">
    <p class='ocr_par' dir='ltr' id='par_1_71' title="bbox 2411 1213 4009 1284">
     <span class='ocr_line' id='line_1_71' title="bbox 2411 1213 4009 1284; baseline 0.001 -16"><span class='ocrx_word' id='word_1_498' title='bbox 2411 1213 2589 1268; x_wconf 89' lang='lat' dir='ltr'><strong>sancti</strong></span> <span class='ocrx_word' id='word_1_499' title='bbox 2642 1215 2742 1268; x_wconf 89' lang='lat' dir='ltr'><strong>viri</strong></span> <span class='ocrx_word' id='word_1_500' title='bbox 2792 1231 2822 1268; x_wconf 90' lang='lat' dir='ltr'><strong>a</strong></span> <span class='ocrx_word' id='word_1_501' title='bbox 2879 1214 2989 1269; x_wconf 88' lang='lat' dir='ltr'><strong>Deo</strong></span> <span class='ocrx_word' id='word_1_502' title='bbox 3043 1214 3311 1283; x_wconf 89' lang='lat' dir='ltr'><strong>inspirata</strong></span> <span class='ocrx_word' id='word_1_503' title='bbox 3357 1215 3573 1279; x_wconf 89' lang='lat' dir='ltr'><strong>oratio,</strong></span> <span class='ocrx_word' id='word_1_504' title='bbox 3629 1228 3730 1269; x_wconf 83' lang='lat' dir='ltr'><strong>ceu</strong></span> <span class='ocrx_word' id='word_1_505' title='bbox 3793 1214 4009 1284; x_wconf 84' lang='lat' dir='ltr'><strong>gladius</strong></span> 
     </span>
    </p>
   </div>
   <div class='ocr_carea' id='block_1_72' title="bbox 2410 1305 3997 1374">
    <p class='ocr_par' dir='ltr' id='par_1_72' title="bbox 2410 1305 3997 1374">
     <span class='ocr_line' id='line_1_72' title="bbox 2410 1305 3997 1374; baseline 0 -16"><span class='ocrx_word' id='word_1_506' title='bbox 2410 1318 2612 1373; x_wconf 88' lang='lat' dir='ltr'><strong>anceps</strong></span> <span class='ocrx_word' id='word_1_507' title='bbox 2638 1320 2732 1360; x_wconf 89' lang='lat' dir='ltr'><strong>cor</strong></span> <span class='ocrx_word' id='word_1_508' title='bbox 2775 1305 3014 1362; x_wconf 87' lang='lat' dir='ltr'><strong>hominis</strong></span> <span class='ocrx_word' id='word_1_509' title='bbox 3041 1305 3282 1361; x_wconf 89' lang='lat' dir='ltr'><strong>carnalis</strong></span> <span class='ocrx_word' id='word_1_510' title='bbox 3326 1306 3648 1361; x_wconf 87' lang='lat' dir='ltr'><strong>consauciat</strong></span> <span class='ocrx_word' id='word_1_511' title='bbox 3673 1344 3688 1368; x_wconf 95' lang='lat'><strong>,</strong></span> <span class='ocrx_word' id='word_1_512' title='bbox 3727 1305 3893 1374; x_wconf 69' lang='lat' dir='ltr'><strong>idque</strong></span> <span class='ocrx_word' id='word_1_513' title='bbox 3929 1307 3997 1358; x_wconf 89' lang='lat' dir='ltr'><strong>ad</strong></span> 
     </span>
    </p>
   </div>
   <div class='ocr_carea' id='block_1_73' title="bbox 2408 1396 4004 1469">
    <p class='ocr_par' dir='ltr' id='par_1_73' title="bbox 2408 1396 4004 1469">
     <span class='ocr_line' id='line_1_73' title="bbox 2408 1396 4004 1469; baseline 0.001 -19"><span class='ocrx_word' id='word_1_514' title='bbox 2408 1396 2902 1451; x_wconf 88' lang='lat' dir='ltr'><strong>contradictionem</strong></span> <span class='ocrx_word' id='word_1_515' title='bbox 2929 1409 2982 1451; x_wconf 94' lang='lat' dir='ltr'><strong>et</strong></span> <span class='ocrx_word' id='word_1_516' title='bbox 3011 1399 3199 1452; x_wconf 91' lang='lat' dir='ltr'><strong>odium</strong></span> <span class='ocrx_word' id='word_1_517' title='bbox 3224 1440 3240 1464; x_wconf 89' lang='lat'><strong>,</strong></span> <span class='ocrx_word' id='word_1_518' title='bbox 3273 1413 3383 1469; x_wconf 72' lang='lat' dir='ltr'><strong>pm</strong></span> <span class='ocrx_word' id='word_1_519' title='bbox 3408 1398 3718 1468; x_wconf 83' lang='lat' dir='ltr'><strong>ignorantia</strong></span> <span class='ocrx_word' id='word_1_520' title='bbox 3739 1439 3752 1460; x_wconf 90' lang='lat'><strong>,</strong></span> <span class='ocrx_word' id='word_1_521' title='bbox 3788 1408 3843 1452; x_wconf 90' lang='lat' dir='ltr'><strong>et</strong></span> <span class='ocrx_word' id='word_1_522' title='bbox 3873 1397 4004 1451; x_wconf 70' lang='lat' dir='ltr'><strong>iulio</strong></span> 
     </span>
    </p>
   </div>
   <div class='ocr_carea' id='block_1_74' title="bbox 2407 1488 4004 1560">
    <p class='ocr_par' dir='ltr' id='par_1_74' title="bbox 2407 1488 4004 1560">
     <span class='ocr_line' id='line_1_74' title="bbox 2407 1488 4004 1560; baseline 0.001 -19"><span class='ocrx_word' id='word_1_523' title='bbox 2407 1488 2634 1544; x_wconf 89' lang='lat' dir='ltr'><strong>delitate</strong></span> <span class='ocrx_word' id='word_1_524' title='bbox 2697 1491 2936 1545; x_wconf 81' lang='lat' dir='ltr'><strong>coocitat</strong></span> <span class='ocrx_word' id='word_1_525' title='bbox 2977 1507 2992 1545; x_wconf 90' lang='lat'><strong>:</strong></span> <span class='ocrx_word' id='word_1_526' title='bbox 3029 1489 3134 1557; x_wconf 78' lang='lat' dir='ltr'><strong>Qui</strong></span> <span class='ocrx_word' id='word_1_527' title='bbox 3179 1502 3356 1546; x_wconf 78' lang='lat' dir='ltr'><strong>autem</strong></span> <span class='ocrx_word' id='word_1_528' title='bbox 3397 1494 3666 1546; x_wconf 75' lang='lat' dir='ltr'><strong>existimat</strong></span> <span class='ocrx_word' id='word_1_529' title='bbox 3706 1509 3760 1545; x_wconf 86' lang='lat' dir='ltr'><strong>se</strong></span> <span class='ocrx_word' id='word_1_530' title='bbox 3798 1492 4004 1560; x_wconf 83' lang='lat' dir='ltr'><strong>aliquid</strong></span> 
     </span>
    </p>
   </div>
   <div class='ocr_carea' id='block_1_75' title="bbox 2406 1582 4005 1651">
    <p class='ocr_par' dir='ltr' id='par_1_75' title="bbox 2406 1582 4005 1651">
     <span class='ocr_line' id='line_1_75' title="bbox 2406 1582 4005 1651; baseline 0.002 -16"><span class='ocrx_word' id='word_1_531' title='bbox 2406 1582 2562 1648; x_wconf 88' lang='lat' dir='ltr'><strong>scire,</strong></span> <span class='ocrx_word' id='word_1_532' title='bbox 2599 1599 2717 1636; x_wconf 81' lang='lat' dir='ltr'><strong>cum</strong></span> <span class='ocrx_word' id='word_1_533' title='bbox 2750 1582 2879 1638; x_wconf 83' lang='lat' dir='ltr'><strong>nihil</strong></span> <span class='ocrx_word' id='word_1_534' title='bbox 2906 1585 3037 1637; x_wconf 85' lang='lat' dir='ltr'><strong>sciat</strong></span> <span class='ocrx_word' id='word_1_535' title='bbox 3071 1583 3118 1616; x_wconf 78' lang='grc'><strong>⁷⁸</strong></span> <span class='ocrx_word' id='word_1_536' title='bbox 3149 1623 3165 1648; x_wconf 85' lang='grc'><strong>,</strong></span> <span class='ocrx_word' id='word_1_537' title='bbox 3198 1584 3416 1638; x_wconf 88' lang='lat' dir='ltr'><strong>etiamsi</strong></span> <span class='ocrx_word' id='word_1_538' title='bbox 3467 1583 3718 1651; x_wconf 86' lang='lat' dir='ltr'><strong>angelum</strong></span> <span class='ocrx_word' id='word_1_539' title='bbox 3765 1585 3830 1638; x_wconf 85' lang='lat' dir='ltr'><strong>de</strong></span> <span class='ocrx_word' id='word_1_540' title='bbox 3863 1586 4005 1639; x_wconf 65' lang='lat' dir='ltr'><strong>celo</strong></span> 
     </span>
    </p>
   </div>
   <div class='ocr_carea' id='block_1_76' title="bbox 2405 1676 4000 1740">
    <p class='ocr_par' dir='ltr' id='par_1_76' title="bbox 2405 1676 4000 1740">
     <span class='ocr_line' id='line_1_76' title="bbox 2405 1676 4000 1740; baseline 0.001 -11"><span class='ocrx_word' id='word_1_541' title='bbox 2405 1677 2470 1729; x_wconf 90' lang='lat' dir='ltr'><strong>ad</strong></span> <span class='ocrx_word' id='word_1_542' title='bbox 2503 1692 2562 1731; x_wconf 92' lang='lat' dir='ltr'><strong>se</strong></span> <span class='ocrx_word' id='word_1_543' title='bbox 2607 1676 3035 1732; x_wconf 88' lang='lat' dir='ltr'><strong>descendentem</strong></span> <span class='ocrx_word' id='word_1_544' title='bbox 3091 1677 3326 1740; x_wconf 82' lang='lat' dir='ltr'><strong>viderit,</strong></span> <span class='ocrx_word' id='word_1_545' title='bbox 3359 1684 3418 1729; x_wconf 91' lang='lat' dir='ltr'><strong>ut</strong></span> <span class='ocrx_word' id='word_1_546' title='bbox 3451 1676 3655 1729; x_wconf 89' lang='lat' dir='ltr'><strong>malum</strong></span> <span class='ocrx_word' id='word_1_547' title='bbox 3694 1676 4000 1730; x_wconf 62' lang='lat' dir='ltr'><strong>daemonem</strong></span> 
     </span>
    </p>
   </div>
   <div class='ocr_carea' id='block_1_77' title="bbox 2406 1766 4006 1837">
    <p class='ocr_par' dir='ltr' id='par_1_77' title="bbox 2406 1766 4006 1837">
     <span class='ocr_line' id='line_1_77' title="bbox 2406 1766 4006 1837; baseline -0.001 -17"><span class='ocrx_word' id='word_1_548' title='bbox 2406 1766 2726 1822; x_wconf 86' lang='lat' dir='ltr'><strong>adversatur</strong></span> <span class='ocrx_word' id='word_1_549' title='bbox 2759 1784 2773 1819; x_wconf 88' lang='lat'><strong>:</strong></span> <span class='ocrx_word' id='word_1_550' title='bbox 2816 1779 2870 1822; x_wconf 90' lang='lat' dir='ltr'><strong>et</strong></span> <span class='ocrx_word' id='word_1_551' title='bbox 2904 1768 3160 1836; x_wconf 89' lang='lat' dir='ltr'><strong>quamvis</strong></span> <span class='ocrx_word' id='word_1_552' title='bbox 3200 1767 3526 1837; x_wconf 85' lang='lat' dir='ltr'><strong>Apostolum</strong></span> <span class='ocrx_word' id='word_1_553' title='bbox 3554 1806 3569 1830; x_wconf 92' lang='lat'><strong>,</strong></span> <span class='ocrx_word' id='word_1_554' title='bbox 3599 1769 3845 1836; x_wconf 88' lang='lat' dir='ltr'><strong>quamvis</strong></span> <span class='ocrx_word' id='word_1_555' title='bbox 3883 1783 4006 1835; x_wconf 60' lang='lat' dir='ltr'><strong>pro.</strong></span> 
     </span>
    </p>
   </div>
   <div class='ocr_carea' id='block_1_78' title="bbox 2410 1855 4003 1926">
    <p class='ocr_par' dir='ltr' id='par_1_78' title="bbox 2410 1855 4003 1926">
     <span class='ocr_line' id='line_1_78' title="bbox 2410 1855 4003 1926; baseline -0.001 -17"><span class='ocrx_word' id='word_1_556' title='bbox 2410 1856 2625 1926; x_wconf 87' lang='lat' dir='ltr'><strong>phetam</strong></span> <span class='ocrx_word' id='word_1_557' title='bbox 2657 1856 2774 1917; x_wconf 89' lang='lat' dir='ltr'><strong>Dei,</strong></span> <span class='ocrx_word' id='word_1_558' title='bbox 2800 1856 2964 1911; x_wconf 87' lang='lat' dir='ltr'><strong>etiam</strong></span> <span class='ocrx_word' id='word_1_559' title='bbox 2995 1857 3174 1926; x_wconf 91' lang='lat' dir='ltr'><strong>ipsum</strong></span> <span class='ocrx_word' id='word_1_560' title='bbox 3209 1865 3269 1910; x_wconf 92' lang='lat' dir='ltr'><strong>ut</strong></span> <span class='ocrx_word' id='word_1_561' title='bbox 3300 1857 3466 1909; x_wconf 87' lang='lat' dir='ltr'><strong>alium</strong></span> <span class='ocrx_word' id='word_1_562' title='bbox 3500 1857 3788 1926; x_wconf 87' lang='lat' dir='ltr'><strong>quemdam</strong></span> <span class='ocrx_word' id='word_1_563' title='bbox 3825 1855 4003 1910; x_wconf 82' lang='lat' dir='ltr'><strong>Simo-</strong></span> 
     </span>
    </p>
   </div>
   <div class='ocr_carea' id='block_1_79' title="bbox 2410 1948 4004 2020">
    <p class='ocr_par' dir='ltr' id='par_1_79' title="bbox 2410 1948 4004 2020">
     <span class='ocr_line' id='line_1_79' title="bbox 2410 1948 4004 2020; baseline 0.001 -17"><span class='ocrx_word' id='word_1_564' title='bbox 2410 1965 2533 2003; x_wconf 89' lang='lat' dir='ltr'><strong>nem</strong></span> <span class='ocrx_word' id='word_1_565' title='bbox 2577 1949 2792 2020; x_wconf 84' lang='lat' dir='ltr'><strong>Magum</strong></span> <span class='ocrx_word' id='word_1_566' title='bbox 2853 1949 3245 2013; x_wconf 88' lang='lat' dir='ltr'><strong>abominatnr;</strong></span> <span class='ocrx_word' id='word_1_567' title='bbox 3287 1956 3342 2002; x_wconf 89' lang='lat' dir='ltr'><strong>et</strong></span> <span class='ocrx_word' id='word_1_568' title='bbox 3377 1948 3524 2019; x_wconf 89' lang='lat' dir='ltr'><strong>quod</strong></span> <span class='ocrx_word' id='word_1_569' title='bbox 3582 1959 3840 2004; x_wconf 65' lang='lat' dir='ltr'><strong>extremae</strong></span> <span class='ocrx_word' id='word_1_570' title='bbox 3889 1958 4004 2004; x_wconf 81' lang='lat' dir='ltr'><strong>sto-</strong></span> 
     </span>
    </p>
   </div>
   <div class='ocr_carea' id='block_1_80' title="bbox 2407 2039 4002 2106">
    <p class='ocr_par' dir='ltr' id='par_1_80' title="bbox 2407 2039 4002 2106">
     <span class='ocr_line' id='line_1_80' title="bbox 2407 2039 4002 2106; baseline -0.001 -12"><span class='ocrx_word' id='word_1_571' title='bbox 2407 2040 2639 2096; x_wconf 88' lang='lat' dir='ltr'><strong>liditatis</strong></span> <span class='ocrx_word' id='word_1_572' title='bbox 2699 2051 2828 2106; x_wconf 83' lang='lat' dir='ltr'><strong>est,</strong></span> <span class='ocrx_word' id='word_1_573' title='bbox 2879 2056 3059 2095; x_wconf 66' lang='lat' dir='ltr'><strong>caecus</strong></span> <span class='ocrx_word' id='word_1_574' title='bbox 3132 2039 3404 2094; x_wconf 87' lang='lat' dir='ltr'><strong>videntem</strong></span> <span class='ocrx_word' id='word_1_575' title='bbox 3461 2048 3521 2094; x_wconf 93' lang='lat' dir='ltr'><strong>ut</strong></span> <span class='ocrx_word' id='word_1_576' title='bbox 3579 2054 3787 2094; x_wconf 55' lang='lat' dir='ltr'><strong>cam-um</strong></span> <span class='ocrx_word' id='word_1_577' title='bbox 3848 2040 4002 2093; x_wconf 86' lang='lat' dir='ltr'><strong>ducit</strong></span> 
     </span>
    </p>
   </div>
   <div class='ocr_carea' id='block_1_81' title="bbox 2406 2133 4000 2204">
    <p class='ocr_par' dir='ltr' id='par_1_81' title="bbox 2406 2133 4000 2204">
     <span class='ocr_line' id='line_1_81' title="bbox 2406 2133 4000 2204; baseline -0.001 -18"><span class='ocrx_word' id='word_1_578' title='bbox 2406 2133 2610 2203; x_wconf 90' lang='lat' dir='ltr'><strong>quique</strong></span> <span class='ocrx_word' id='word_1_579' title='bbox 2637 2133 2866 2201; x_wconf 84' lang='lat' dir='ltr'><strong>ipsemet</strong></span> <span class='ocrx_word' id='word_1_580' title='bbox 2901 2148 3091 2188; x_wconf 89' lang='lat' dir='ltr'><strong>revera</strong></span> <span class='ocrx_word' id='word_1_581' title='bbox 3125 2142 3356 2204; x_wconf 89' lang='lat' dir='ltr'><strong>nugator</strong></span> <span class='ocrx_word' id='word_1_582' title='bbox 3384 2139 3468 2187; x_wconf 90' lang='lat' dir='ltr'><strong>est</strong></span> <span class='ocrx_word' id='word_1_583' title='bbox 3498 2171 3513 2197; x_wconf 97' lang='lat'><strong>,</strong></span> <span class='ocrx_word' id='word_1_584' title='bbox 3546 2133 3666 2203; x_wconf 88' lang='lat' dir='ltr'><strong>ejus</strong></span> <span class='ocrx_word' id='word_1_585' title='bbox 3705 2133 3867 2186; x_wconf 88' lang='lat' dir='ltr'><strong>verba</strong></span> <span class='ocrx_word' id='word_1_586' title='bbox 3907 2149 4000 2200; x_wconf 73' lang='lat' dir='ltr'><strong>pro</strong></span> 
     </span>
    </p>
   </div>
   <div class='ocr_carea' id='block_1_82' title="bbox 2405 2223 4002 2296">
    <p class='ocr_par' dir='ltr' id='par_1_82' title="bbox 2405 2223 4002 2296">
     <span class='ocr_line' id='line_1_82' title="bbox 2405 2223 4002 2296; baseline -0.001 -16"><span class='ocrx_word' id='word_1_587' title='bbox 2405 2226 2565 2296; x_wconf 84' lang='lat' dir='ltr'><strong>nugis</strong></span> <span class='ocrx_word' id='word_1_588' title='bbox 2595 2226 2781 2280; x_wconf 88' lang='lat' dir='ltr'><strong>habet.</strong></span> <span class='ocrx_word' id='word_1_589' title='bbox 2829 2223 2897 2280; x_wconf 90' lang='lat' dir='ltr'><strong>Et</strong></span> <span class='ocrx_word' id='word_1_590' title='bbox 2921 2226 3202 2294; x_wconf 92' lang='lat' dir='ltr'><strong>quomodo</strong></span> <span class='ocrx_word' id='word_1_591' title='bbox 3230 2239 3412 2278; x_wconf 66' lang='lat' dir='ltr'><strong>ca‘cus</strong></span> <span class='ocrx_word' id='word_1_592' title='bbox 3433 2266 3445 2287; x_wconf 93' lang='lat'><strong>,</strong></span> <span class='ocrx_word' id='word_1_593' title='bbox 3474 2223 3518 2278; x_wconf 90' lang='lat' dir='ltr'><strong>si</strong></span> <span class='ocrx_word' id='word_1_594' title='bbox 3551 2225 3644 2294; x_wconf 90' lang='lat' dir='ltr'><strong>qui</strong></span> <span class='ocrx_word' id='word_1_595' title='bbox 3700 2234 3864 2278; x_wconf 68' lang='lat' dir='ltr'><strong>IIOtlll</strong></span> <span class='ocrx_word' id='word_1_596' title='bbox 3903 2241 4002 2279; x_wconf 64' lang='lat' dir='ltr'><strong>sm-</strong></span> 
     </span>
    </p>
   </div>
   <div class='ocr_carea' id='block_1_83' title="bbox 2406 2303 3997 2389">
    <p class='ocr_par' dir='ltr' id='par_1_83' title="bbox 2406 2303 3997 2389">
     <span class='ocr_line' id='line_1_83' title="bbox 2406 2303 3997 2389; baseline -0.004 -16"><span class='ocrx_word' id='word_1_597' title='bbox 2406 2319 2530 2389; x_wconf 90' lang='lat' dir='ltr'><strong>pius</strong></span> <span class='ocrx_word' id='word_1_598' title='bbox 2573 2303 2854 2372; x_wconf 70' lang='lat' dir='ltr'><strong>afftrnient</strong></span> <span class='ocrx_word' id='word_1_599' title='bbox 2905 2318 3077 2372; x_wconf 90' lang='lat' dir='ltr'><strong>solem</strong></span> <span class='ocrx_word' id='word_1_600' title='bbox 3117 2313 3306 2371; x_wconf 90' lang='lat' dir='ltr'><strong>lucere</strong></span> <span class='ocrx_word' id='word_1_601' title='bbox 3329 2355 3345 2379; x_wconf 94' lang='lat'><strong>,</strong></span> <span class='ocrx_word' id='word_1_602' title='bbox 3376 2316 3534 2369; x_wconf 83' lang='lat' dir='ltr'><strong>fidem</strong></span> <span class='ocrx_word' id='word_1_603' title='bbox 3589 2317 3668 2370; x_wconf 89' lang='lat' dir='ltr'><strong>eis</strong></span> <span class='ocrx_word' id='word_1_604' title='bbox 3702 2316 3954 2385; x_wconf 76' lang='lat' dir='ltr'><strong>adjungit</strong></span> <span class='ocrx_word' id='word_1_605' title='bbox 3985 2356 3997 2378; x_wconf 91' lang='lat'><strong>,</strong></span> 
     </span>
    </p>
   </div>
   <div class='ocr_carea' id='block_1_84' title="bbox 2403 2406 3998 2465">
    <p class='ocr_par' dir='ltr' id='par_1_84' title="bbox 2403 2406 3998 2465">
     <span class='ocr_line' id='line_1_84' title="bbox 2403 2406 3998 2465; baseline -0.004 0"><span class='ocrx_word' id='word_1_606' title='bbox 2403 2419 2458 2465; x_wconf 90' lang='lat' dir='ltr'><strong>et</strong></span> <span class='ocrx_word' id='word_1_607' title='bbox 2510 2425 2728 2464; x_wconf 87' lang='lat' dir='ltr'><strong>rursum</strong></span> <span class='ocrx_word' id='word_1_608' title='bbox 2774 2411 2829 2463; x_wconf 94' lang='lat' dir='ltr'><strong>in</strong></span> <span class='ocrx_word' id='word_1_609' title='bbox 2893 2407 3118 2463; x_wconf 90' lang='lat' dir='ltr'><strong>meridie</strong></span> <span class='ocrx_word' id='word_1_610' title='bbox 3163 2407 3337 2462; x_wconf 88' lang='lat' dir='ltr'><strong>lucem</strong></span> <span class='ocrx_word' id='word_1_611' title='bbox 3385 2421 3507 2462; x_wconf 89' lang='lat' dir='ltr'><strong>esse</strong></span> <span class='ocrx_word' id='word_1_612' title='bbox 3536 2406 3848 2460; x_wconf 85' lang='lat' dir='ltr'><strong>dicentibus</strong></span> <span class='ocrx_word' id='word_1_613' title='bbox 3890 2423 3998 2459; x_wconf 90' lang='lat' dir='ltr'><strong>non</strong></span> 
     </span>
    </p>
   </div>
   <div class='ocr_carea' id='block_1_85' title="bbox 2403 2500 3988 2571">
    <p class='ocr_par' dir='ltr' id='par_1_85' title="bbox 2403 2500 3988 2571">
     <span class='ocr_line' id='line_1_85' title="bbox 2403 2500 3988 2571; baseline -0.003 -14"><span class='ocrx_word' id='word_1_614' title='bbox 2403 2502 2618 2567; x_wconf 89' lang='lat' dir='ltr'><strong>credit,</strong></span> <span class='ocrx_word' id='word_1_615' title='bbox 2659 2503 2952 2571; x_wconf 90' lang='lat' dir='ltr'><strong>suspicans</strong></span> <span class='ocrx_word' id='word_1_616' title='bbox 3008 2517 3068 2556; x_wconf 90' lang='lat' dir='ltr'><strong>sc</strong></span> <span class='ocrx_word' id='word_1_617' title='bbox 3108 2501 3178 2555; x_wconf 88' lang='lat' dir='ltr'><strong>ab</strong></span> <span class='ocrx_word' id='word_1_618' title='bbox 3228 2503 3476 2569; x_wconf 89' lang='lat' dir='ltr'><strong>utrisque</strong></span> <span class='ocrx_word' id='word_1_619' title='bbox 3516 2500 3690 2569; x_wconf 83' lang='lat' dir='ltr'><strong>decipi</strong></span> <span class='ocrx_word' id='word_1_620' title='bbox 3729 2518 3743 2555; x_wconf 88' lang='lat'><strong>:</strong></span> <span class='ocrx_word' id='word_1_621' title='bbox 3784 2510 3838 2554; x_wconf 87' lang='lat' dir='ltr'><strong>et</strong></span> <span class='ocrx_word' id='word_1_622' title='bbox 3870 2502 3988 2553; x_wconf 88' lang='lat' dir='ltr'><strong>sive</strong></span> 
     </span>
    </p>
   </div>
   <div class='ocr_carea' id='block_1_86' title="bbox 2402 2591 3998 2659">
    <p class='ocr_par' dir='ltr' id='par_1_86' title="bbox 2402 2591 3998 2659">
     <span class='ocr_line' id='line_1_86' title="bbox 2402 2591 3998 2659; baseline -0.003 -12"><span class='ocrx_word' id='word_1_623' title='bbox 2402 2592 2578 2648; x_wconf 86' lang='lat' dir='ltr'><strong>lucem</strong></span> <span class='ocrx_word' id='word_1_624' title='bbox 2625 2593 2679 2646; x_wconf 94' lang='lat' dir='ltr'><strong>in</strong></span> <span class='ocrx_word' id='word_1_625' title='bbox 2723 2594 2809 2646; x_wconf 92' lang='lat' dir='ltr'><strong>die</strong></span> <span class='ocrx_word' id='word_1_626' title='bbox 2837 2632 2854 2659; x_wconf 92' lang='lat'><strong>,</strong></span> <span class='ocrx_word' id='word_1_627' title='bbox 2900 2593 3014 2648; x_wconf 87' lang='lat' dir='ltr'><strong>sive</strong></span> <span class='ocrx_word' id='word_1_628' title='bbox 3065 2592 3320 2647; x_wconf 85' lang='lat' dir='ltr'><strong>tenebras</strong></span> <span class='ocrx_word' id='word_1_629' title='bbox 3366 2591 3422 2645; x_wconf 90' lang='lat' dir='ltr'><strong>in</strong></span> <span class='ocrx_word' id='word_1_630' title='bbox 3456 2600 3618 2646; x_wconf 88' lang='lat' dir='ltr'><strong>nocte</strong></span> <span class='ocrx_word' id='word_1_631' title='bbox 3663 2591 3767 2644; x_wconf 90' lang='lat' dir='ltr'><strong>sibi</strong></span> <span class='ocrx_word' id='word_1_632' title='bbox 3797 2593 3998 2659; x_wconf 74' lang='lat' dir='ltr'><strong>praedi-</strong></span> 
     </span>
    </p>
   </div>
   <div class='ocr_carea' id='block_1_87' title="bbox 2403 2682 3996 2755">
    <p class='ocr_par' dir='ltr' id='par_1_87' title="bbox 2403 2682 3996 2755">
     <span class='ocr_line' id='line_1_87' title="bbox 2403 2682 3996 2755; baseline -0.003 -15"><span class='ocrx_word' id='word_1_633' title='bbox 2403 2697 2593 2741; x_wconf 86' lang='lat' dir='ltr'><strong>cantes</strong></span> <span class='ocrx_word' id='word_1_634' title='bbox 2627 2686 2913 2755; x_wconf 89' lang='lat' dir='ltr'><strong>ambiguus</strong></span> <span class='ocrx_word' id='word_1_635' title='bbox 2947 2684 3128 2754; x_wconf 88' lang='lat' dir='ltr'><strong>rejicit</strong></span> <span class='ocrx_word' id='word_1_636' title='bbox 3162 2700 3177 2737; x_wconf 88' lang='lat'><strong>:</strong></span> <span class='ocrx_word' id='word_1_637' title='bbox 3216 2683 3291 2737; x_wconf 90' lang='lat' dir='ltr'><strong>ita</strong></span> <span class='ocrx_word' id='word_1_638' title='bbox 3329 2684 3422 2753; x_wconf 92' lang='lat' dir='ltr'><strong>qui</strong></span> <span class='ocrx_word' id='word_1_639' title='bbox 3461 2683 3515 2735; x_wconf 92' lang='lat' dir='ltr'><strong>in</strong></span> <span class='ocrx_word' id='word_1_640' title='bbox 3550 2682 3794 2737; x_wconf 84' lang='lat' dir='ltr'><strong>tenebris</strong></span> <span class='ocrx_word' id='word_1_641' title='bbox 3828 2683 3996 2736; x_wconf 89' lang='lat' dir='ltr'><strong>animi</strong></span> 
     </span>
    </p>
   </div>
   <div class='ocr_carea' id='block_1_88' title="bbox 2402 2777 3995 2849">
    <p class='ocr_par' dir='ltr' id='par_1_88' title="bbox 2402 2777 3995 2849">
     <span class='ocr_line' id='line_1_88' title="bbox 2402 2777 3995 2849; baseline -0.004 -15"><span class='ocrx_word' id='word_1_642' title='bbox 2402 2781 2874 2849; x_wconf 88' lang='lat' dir='ltr'><strong>perturbationum</strong></span> <span class='ocrx_word' id='word_1_643' title='bbox 2952 2779 3187 2843; x_wconf 88' lang='lat' dir='ltr'><strong>sedent,</strong></span> <span class='ocrx_word' id='word_1_644' title='bbox 3265 2793 3602 2847; x_wconf 84' lang='lat' dir='ltr'><strong>sensumque</strong></span> <span class='ocrx_word' id='word_1_645' title='bbox 3680 2777 3995 2846; x_wconf 82' lang='lat' dir='ltr'><strong>ignorantia</strong></span> 
     </span>
    </p>
   </div>
   <div class='ocr_carea' id='block_1_89' title="bbox 2401 2869 3994 2940">
    <p class='ocr_par' dir='ltr' id='par_1_89' title="bbox 2401 2869 3994 2940">
     <span class='ocr_line' id='line_1_89' title="bbox 2401 2869 3994 2940; baseline -0.003 -14"><span class='ocrx_word' id='word_1_646' title='bbox 2401 2872 2740 2926; x_wconf 61' lang='lat' dir='ltr'><strong>obcaecatum</strong></span> <span class='ocrx_word' id='word_1_647' title='bbox 2774 2871 3007 2934; x_wconf 88' lang='lat' dir='ltr'><strong>habent,</strong></span> <span class='ocrx_word' id='word_1_648' title='bbox 3041 2869 3124 2924; x_wconf 91' lang='lat' dir='ltr'><strong>vel</strong></span> <span class='ocrx_word' id='word_1_649' title='bbox 3151 2871 3337 2940; x_wconf 89' lang='lat' dir='ltr'><strong>potius</strong></span> <span class='ocrx_word' id='word_1_650' title='bbox 3359 2908 3374 2932; x_wconf 91' lang='lat'><strong>,</strong></span> <span class='ocrx_word' id='word_1_651' title='bbox 3410 2870 3501 2938; x_wconf 89' lang='lat' dir='ltr'><strong>qui</strong></span> <span class='ocrx_word' id='word_1_652' title='bbox 3534 2883 3754 2939; x_wconf 82' lang='lat' dir='ltr'><strong>sensum</strong></span> <span class='ocrx_word' id='word_1_653' title='bbox 3790 2869 3994 2924; x_wconf 80' lang='lat' dir='ltr'><strong>Chiiin</strong></span> 
     </span>
    </p>
   </div>
   <div class='ocr_carea' id='block_1_90' title="bbox 2401 2961 3994 3033">
    <p class='ocr_par' dir='ltr' id='par_1_90' title="bbox 2401 2961 3994 3033">
     <span class='ocr_line' id='line_1_90' title="bbox 2401 2961 3994 3033; baseline -0.004 -13"><span class='ocrx_word' id='word_1_654' title='bbox 2401 2981 2510 3020; x_wconf 91' lang='lat' dir='ltr'><strong>non</strong></span> <span class='ocrx_word' id='word_1_655' title='bbox 2541 2965 2740 3018; x_wconf 89' lang='lat' dir='ltr'><strong>habent</strong></span> <span class='ocrx_word' id='word_1_656' title='bbox 2768 3002 2784 3028; x_wconf 93' lang='lat'><strong>,</strong></span> <span class='ocrx_word' id='word_1_657' title='bbox 2825 2964 3000 3033; x_wconf 90' lang='lat' dir='ltr'><strong>ipsius</strong></span> <span class='ocrx_word' id='word_1_658' title='bbox 3035 2977 3262 3017; x_wconf 86' lang='lat' dir='ltr'><strong>sensum</strong></span> <span class='ocrx_word' id='word_1_659' title='bbox 3307 2961 3599 3015; x_wconf 87' lang='lat' dir='ltr'><strong>habentem</strong></span> <span class='ocrx_word' id='word_1_660' title='bbox 3630 3002 3644 3024; x_wconf 91' lang='lat'><strong>,</strong></span> <span class='ocrx_word' id='word_1_661' title='bbox 3677 2962 3828 3014; x_wconf 88' lang='lat' dir='ltr'><strong>velut</strong></span> <span class='ocrx_word' id='word_1_662' title='bbox 3874 2963 3994 3029; x_wconf 84' lang='lat' dir='ltr'><strong>ejus</strong></span> 
     </span>
    </p>
   </div>
   <div class='ocr_carea' id='block_1_91' title="bbox 2400 3054 3989 3127">
    <p class='ocr_par' dir='ltr' id='par_1_91' title="bbox 2400 3054 3989 3127">
     <span class='ocr_line' id='line_1_91' title="bbox 2400 3054 3989 3127; baseline -0.004 -14"><span class='ocrx_word' id='word_1_663' title='bbox 2400 3066 2791 3127; x_wconf 86' lang='lat' dir='ltr'><strong>expertem,et</strong></span> <span class='ocrx_word' id='word_1_664' title='bbox 2844 3072 2952 3109; x_wconf 86' lang='lat' dir='ltr'><strong>non</strong></span> <span class='ocrx_word' id='word_1_665' title='bbox 2993 3055 3281 3109; x_wconf 88' lang='lat' dir='ltr'><strong>habentem</strong></span> <span class='ocrx_word' id='word_1_666' title='bbox 3335 3055 3479 3107; x_wconf 90' lang='lat' dir='ltr'><strong>velut</strong></span> <span class='ocrx_word' id='word_1_667' title='bbox 3523 3054 3643 3120; x_wconf 87' lang='lat' dir='ltr'><strong>ejus</strong></span> <span class='ocrx_word' id='word_1_668' title='bbox 3673 3063 3989 3122; x_wconf 81' lang='lat' dir='ltr'><strong>compotem</strong></span> 
     </span>
    </p>
   </div>
   <div class='ocr_carea' id='block_1_92' title="bbox 2321 3145 3988 3218">
    <p class='ocr_par' dir='ltr' id='par_1_92' title="bbox 2321 3145 3988 3218">
     <span class='ocr_line' id='line_1_92' title="bbox 2321 3145 3988 3218; baseline -0.001 -16"><span class='ocrx_word' id='word_1_669' title='bbox 2321 3155 2366 3216; x_wconf 75' lang='grc' dir='ltr'>ο</span> <span class='ocrx_word' id='word_1_670' title='bbox 2399 3156 2672 3217; x_wconf 88' lang='lat' dir='ltr'><strong>reputant.</strong></span> <span class='ocrx_word' id='word_1_671' title='bbox 2711 3146 2784 3201; x_wconf 84' lang='lat' dir='ltr'><strong>De</strong></span> <span class='ocrx_word' id='word_1_672' title='bbox 2813 3146 3014 3218; x_wconf 90' lang='lat' dir='ltr'><strong>quibus</strong></span> <span class='ocrx_word' id='word_1_673' title='bbox 3047 3148 3183 3200; x_wconf 90' lang='lat' dir='ltr'><strong>bene</strong></span> <span class='ocrx_word' id='word_1_674' title='bbox 3221 3145 3390 3200; x_wconf 88' lang='lat' dir='ltr'><strong>David</strong></span> <span class='ocrx_word' id='word_1_675' title='bbox 3427 3147 3722 3216; x_wconf 86' lang='lat' dir='ltr'><strong>propheta:</strong></span> <span class='ocrx_word' id='word_1_676' title='bbox 3756 3145 3988 3205; x_wconf 68' lang='lat' dir='ltr'><strong>Stultus,</strong></span> 
     </span>
    </p>
   </div>
   <div class='ocr_carea' id='block_1_93' title="bbox 2398 3236 3994 3306">
    <p class='ocr_par' dir='ltr' id='par_1_93' title="bbox 2398 3236 3994 3306">
     <span class='ocr_line' id='line_1_93' title="bbox 2398 3236 3994 3306; baseline -0.001 -14"><span class='ocrx_word' id='word_1_677' title='bbox 2398 3250 2446 3293; x_wconf 89' lang='lat' dir='ltr'><strong>et</strong></span> <span class='ocrx_word' id='word_1_678' title='bbox 2484 3238 2739 3306; x_wconf 84' lang='lat' dir='ltr'><strong>insipiens</strong></span> <span class='ocrx_word' id='word_1_679' title='bbox 2768 3237 3012 3305; x_wconf 82' lang='lat' dir='ltr'><strong>peribunt</strong></span> <span class='ocrx_word' id='word_1_680' title='bbox 3047 3237 3092 3269; x_wconf 84' lang='lat'><strong>&quot;</strong></span> <span class='ocrx_word' id='word_1_681' title='bbox 3115 3277 3132 3292; x_wconf 96' lang='lat'><strong>.</strong></span> <span class='ocrx_word' id='word_1_682' title='bbox 3169 3236 3439 3302; x_wconf 88' lang='lat' dir='ltr'><strong>Quocirca</strong></span> <span class='ocrx_word' id='word_1_683' title='bbox 3481 3237 3616 3290; x_wconf 88' lang='lat' dir='ltr'><strong>tales</strong></span> <span class='ocrx_word' id='word_1_684' title='bbox 3644 3245 3817 3291; x_wconf 90' lang='lat' dir='ltr'><strong>totam</strong></span> <span class='ocrx_word' id='word_1_685' title='bbox 3855 3237 3994 3290; x_wconf 76' lang='lat' dir='ltr'><strong>dzri-</strong></span> 
     </span>
    </p>
   </div>
   <div class='ocr_carea' id='block_1_94' title="bbox 2399 3329 3993 3401">
    <p class='ocr_par' dir='ltr' id='par_1_94' title="bbox 2399 3329 3993 3401">
     <span class='ocr_line' id='line_1_94' title="bbox 2399 3329 3993 3401; baseline -0.002 -14"><span class='ocrx_word' id='word_1_686' title='bbox 2399 3347 2526 3388; x_wconf 88' lang='lat' dir='ltr'><strong>nam</strong></span> <span class='ocrx_word' id='word_1_687' title='bbox 2549 3331 2888 3401; x_wconf 88' lang='lat' dir='ltr'><strong>Scripturam</strong></span> <span class='ocrx_word' id='word_1_688' title='bbox 2937 3330 3239 3386; x_wconf 88' lang='lat' dir='ltr'><strong>secundum</strong></span> <span class='ocrx_word' id='word_1_689' title='bbox 3275 3329 3527 3400; x_wconf 87' lang='lat' dir='ltr'><strong>proprias</strong></span> <span class='ocrx_word' id='word_1_690' title='bbox 3576 3331 3822 3397; x_wconf 88' lang='lat' dir='ltr'><strong>ipsorum</strong></span> <span class='ocrx_word' id='word_1_691' title='bbox 3857 3343 3993 3384; x_wconf 81' lang='lat' dir='ltr'><strong>con-</strong></span> 
     </span>
    </p>
   </div>
   <div class='ocr_carea' id='block_1_95' title="bbox 2399 3421 3990 3492">
    <p class='ocr_par' dir='ltr' id='par_1_95' title="bbox 2399 3421 3990 3492">
     <span class='ocr_line' id='line_1_95' title="bbox 2399 3421 3990 3492; baseline -0.003 -13"><span class='ocrx_word' id='word_1_692' title='bbox 2399 3423 2770 3492; x_wconf 86' lang='lat' dir='ltr'><strong>cupiscentias</strong></span> <span class='ocrx_word' id='word_1_693' title='bbox 2834 3421 3181 3492; x_wconf 86' lang='lat' dir='ltr'><strong>depravant,</strong></span> <span class='ocrx_word' id='word_1_694' title='bbox 3231 3429 3286 3474; x_wconf 87' lang='lat' dir='ltr'><strong>et</strong></span> <span class='ocrx_word' id='word_1_695' title='bbox 3349 3435 3447 3488; x_wconf 91' lang='lat' dir='ltr'><strong>pro</strong></span> <span class='ocrx_word' id='word_1_696' title='bbox 3520 3421 3735 3474; x_wconf 88' lang='lat' dir='ltr'><strong>vitiosis</strong></span> <span class='ocrx_word' id='word_1_697' title='bbox 3796 3436 3990 3475; x_wconf 87' lang='lat' dir='ltr'><strong>eorum</strong></span> 
     </span>
    </p>
   </div>
   <div class='ocr_carea' id='block_1_96' title="bbox 2399 3511 3994 3585">
    <p class='ocr_par' dir='ltr' id='par_1_96' title="bbox 2399 3511 3994 3585">
     <span class='ocr_line' id='line_1_96' title="bbox 2399 3511 3994 3585; baseline -0.002 -14"><span class='ocrx_word' id='word_1_698' title='bbox 2399 3517 2685 3572; x_wconf 76' lang='lat' dir='ltr'><strong>ati‘ectibus</strong></span> <span class='ocrx_word' id='word_1_699' title='bbox 2709 3556 2724 3581; x_wconf 94' lang='lat'><strong>,</strong></span> <span class='ocrx_word' id='word_1_700' title='bbox 2759 3531 2900 3585; x_wconf 88' lang='lat' dir='ltr'><strong>quos</strong></span> <span class='ocrx_word' id='word_1_701' title='bbox 2929 3514 2984 3568; x_wconf 93' lang='lat' dir='ltr'><strong>in</strong></span> <span class='ocrx_word' id='word_1_702' title='bbox 3015 3513 3132 3583; x_wconf 87' lang='lat' dir='ltr'><strong>ipsa</strong></span> <span class='ocrx_word' id='word_1_703' title='bbox 3164 3529 3271 3568; x_wconf 92' lang='lat' dir='ltr'><strong>non</strong></span> <span class='ocrx_word' id='word_1_704' title='bbox 3309 3513 3612 3577; x_wconf 90' lang='lat' dir='ltr'><strong>inveniunt,</strong></span> <span class='ocrx_word' id='word_1_705' title='bbox 3647 3511 3742 3567; x_wconf 85' lang='lat' dir='ltr'><strong>sed</strong></span> <span class='ocrx_word' id='word_1_706' title='bbox 3774 3513 3994 3568; x_wconf 87' lang='lat' dir='ltr'><strong>adulte-</strong></span> 
     </span>
    </p>
   </div>
   <div class='ocr_carea' id='block_1_97' title="bbox 2399 3603 3988 3676">
    <p class='ocr_par' dir='ltr' id='par_1_97' title="bbox 2399 3603 3988 3676">
     <span class='ocr_line' id='line_1_97' title="bbox 2399 3603 3988 3676; baseline -0.004 -12"><span class='ocrx_word' id='word_1_707' title='bbox 2399 3619 2584 3664; x_wconf 83' lang='lat' dir='ltr'><strong>rantes</strong></span> <span class='ocrx_word' id='word_1_708' title='bbox 2639 3623 2759 3663; x_wconf 89' lang='lat' dir='ltr'><strong>eam</strong></span> <span class='ocrx_word' id='word_1_709' title='bbox 2820 3608 3123 3676; x_wconf 91' lang='lat' dir='ltr'><strong>patiuntur,</strong></span> <span class='ocrx_word' id='word_1_710' title='bbox 3155 3615 3538 3674; x_wconf 84' lang='lat' dir='ltr'><strong>corrumpunt.</strong></span> <span class='ocrx_word' id='word_1_711' title='bbox 3593 3603 3742 3658; x_wconf 83' lang='lat' dir='ltr'><strong>Cedo</strong></span> <span class='ocrx_word' id='word_1_712' title='bbox 3802 3607 3988 3674; x_wconf 81' lang='lat' dir='ltr'><strong>igitur.</strong></span> 
     </span>
    </p>
   </div>
   <div class='ocr_carea' id='block_1_98' title="bbox 2398 3698 3992 3770">
    <p class='ocr_par' dir='ltr' id='par_1_98' title="bbox 2398 3698 3992 3770">
     <span class='ocr_line' id='line_1_98' title="bbox 2398 3698 3992 3770; baseline -0.004 -16"><span class='ocrx_word' id='word_1_713' title='bbox 2398 3701 2493 3770; x_wconf 92' lang='lat' dir='ltr'><strong>qui</strong></span> <span class='ocrx_word' id='word_1_714' title='bbox 2523 3700 2593 3756; x_wconf 94' lang='lat' dir='ltr'><strong>de</strong></span> <span class='ocrx_word' id='word_1_715' title='bbox 2623 3699 2790 3754; x_wconf 90' lang='lat' dir='ltr'><strong>rebus</strong></span> <span class='ocrx_word' id='word_1_716' title='bbox 2817 3712 3103 3768; x_wconf 88' lang='lat' dir='ltr'><strong>perperam</strong></span> <span class='ocrx_word' id='word_1_717' title='bbox 3148 3698 3416 3760; x_wconf 88' lang='lat' dir='ltr'><strong>indicant,</strong></span> <span class='ocrx_word' id='word_1_718' title='bbox 3449 3711 3550 3750; x_wconf 90' lang='lat' dir='ltr'><strong>nec</strong></span> <span class='ocrx_word' id='word_1_719' title='bbox 3580 3712 3690 3766; x_wconf 66' lang='lat' dir='ltr'><strong>prae</strong></span> <span class='ocrx_word' id='word_1_720' title='bbox 3725 3712 3992 3766; x_wconf 78' lang='lat' dir='ltr'><strong>arrogan-</strong></span> 
     </span>
    </p>
   </div>
   <div class='ocr_carea' id='block_1_99' title="bbox 2397 3787 3987 3856">
    <p class='ocr_par' dir='ltr' id='par_1_99' title="bbox 2397 3787 3987 3856">
     <span class='ocr_line' id='line_1_99' title="bbox 2397 3787 3987 3856; baseline -0.007 -9"><span class='ocrx_word' id='word_1_721' title='bbox 2397 3793 2474 3847; x_wconf 90' lang='lat' dir='ltr'><strong>tia</strong></span> <span class='ocrx_word' id='word_1_722' title='bbox 2513 3790 2701 3846; x_wconf 89' lang='lat' dir='ltr'><strong>doceri</strong></span> <span class='ocrx_word' id='word_1_723' title='bbox 2737 3804 2797 3846; x_wconf 87' lang='lat' dir='ltr'><strong>se</strong></span> <span class='ocrx_word' id='word_1_724' title='bbox 2845 3788 3039 3844; x_wconf 89' lang='lat' dir='ltr'><strong>sinunt</strong></span> <span class='ocrx_word' id='word_1_725' title='bbox 3061 3825 3078 3850; x_wconf 95' lang='lat'><strong>,</strong></span> <span class='ocrx_word' id='word_1_726' title='bbox 3108 3796 3164 3842; x_wconf 92' lang='lat' dir='ltr'><strong>et</strong></span> <span class='ocrx_word' id='word_1_727' title='bbox 3196 3787 3322 3841; x_wconf 63' lang='lat' dir='ltr'><strong>caci</strong></span> <span class='ocrx_word' id='word_1_728' title='bbox 3353 3794 3523 3850; x_wconf 89' lang='lat' dir='ltr'><strong>sunt,</strong></span> <span class='ocrx_word' id='word_1_729' title='bbox 3566 3796 3711 3841; x_wconf 87' lang='lat' dir='ltr'><strong>recte</strong></span> <span class='ocrx_word' id='word_1_730' title='bbox 3745 3804 3987 3856; x_wconf 83' lang='lat' dir='ltr'><strong>unquam</strong></span> 
     </span>
    </p>
   </div>
   <div class='ocr_carea' id='block_1_100' title="bbox 2399 3875 3990 3954">
    <p class='ocr_par' dir='ltr' id='par_1_100' title="bbox 2399 3875 3990 3954">
     <span class='ocr_line' id='line_1_100' title="bbox 2399 3875 3990 3954; baseline -0.004 -16"><span class='ocrx_word' id='word_1_731' title='bbox 2399 3897 2496 3954; x_wconf 92' lang='lat' dir='ltr'><strong>per</strong></span> <span class='ocrx_word' id='word_1_732' title='bbox 2549 3880 2878 3951; x_wconf 85' lang='lat' dir='ltr'><strong>semetipsos</strong></span> <span class='ocrx_word' id='word_1_733' title='bbox 2941 3892 3138 3935; x_wconf 84' lang='lat' dir='ltr'><strong>sensus</strong></span> <span class='ocrx_word' id='word_1_734' title='bbox 3195 3877 3331 3931; x_wconf 77' lang='lat' dir='ltr'><strong>lucis</strong></span> <span class='ocrx_word' id='word_1_735' title='bbox 3379 3875 3754 3946; x_wconf 85' lang='lat' dir='ltr'><strong>cognoscent?</strong></span> <span class='ocrx_word' id='word_1_736' title='bbox 3801 3875 3990 3932; x_wconf 72' lang='lat' dir='ltr'><strong>Oculis</strong></span> 
     </span>
    </p>
   </div>
   <div class='ocr_carea' id='block_1_101' title="bbox 2399 3968 3986 4045">
    <p class='ocr_par' dir='ltr' id='par_1_101' title="bbox 2399 3968 3986 4045">
     <span class='ocr_line' id='line_1_101' title="bbox 2399 3968 3986 4045; baseline -0.004 -16"><span class='ocrx_word' id='word_1_737' title='bbox 2399 3982 2595 4045; x_wconf 84' lang='lat' dir='ltr'><strong>captus</strong></span> <span class='ocrx_word' id='word_1_738' title='bbox 2616 4011 2633 4038; x_wconf 93' lang='lat'><strong>,</strong></span> <span class='ocrx_word' id='word_1_739' title='bbox 2669 3988 2770 4028; x_wconf 91' lang='lat' dir='ltr'><strong>nec</strong></span> <span class='ocrx_word' id='word_1_740' title='bbox 2797 3975 2972 4027; x_wconf 91' lang='lat' dir='ltr'><strong>lucem</strong></span> <span class='ocrx_word' id='word_1_741' title='bbox 3006 3971 3226 4025; x_wconf 85' lang='lat' dir='ltr'><strong>intuens</strong></span> <span class='ocrx_word' id='word_1_742' title='bbox 3259 4009 3273 4034; x_wconf 93' lang='lat'><strong>,</strong></span> <span class='ocrx_word' id='word_1_743' title='bbox 3302 3968 3395 4040; x_wconf 90' lang='lat' dir='ltr'><strong>qui</strong></span> <span class='ocrx_word' id='word_1_744' title='bbox 3437 3968 3650 4024; x_wconf 90' lang='lat' dir='ltr'><strong>tandem</strong></span> <span class='ocrx_word' id='word_1_745' title='bbox 3683 3968 3900 4023; x_wconf 87' lang='lat' dir='ltr'><strong>litteras</strong></span> <span class='ocrx_word' id='word_1_746' title='bbox 3933 3969 3986 4022; x_wconf 91' lang='lat' dir='ltr'><strong>in</strong></span> 
     </span>
    </p>
   </div>
   <div class='ocr_carea' id='block_1_102' title="bbox 2398 4059 3985 4137">
    <p class='ocr_par' dir='ltr' id='par_1_102' title="bbox 2398 4059 3985 4137">
     <span class='ocr_line' id='line_1_102' title="bbox 2398 4059 3985 4137; baseline -0.005 -17"><span class='ocrx_word' id='word_1_747' title='bbox 2398 4064 2520 4121; x_wconf 87' lang='lat' dir='ltr'><strong>luce</strong></span> <span class='ocrx_word' id='word_1_748' title='bbox 2547 4063 2733 4137; x_wconf 72' lang='lat' dir='ltr'><strong>leget?</strong></span> <span class='ocrx_word' id='word_1_749' title='bbox 2779 4062 2885 4130; x_wconf 88' lang='lat' dir='ltr'><strong>Qui</strong></span> <span class='ocrx_word' id='word_1_750' title='bbox 2938 4076 3070 4118; x_wconf 89' lang='lat' dir='ltr'><strong>vero</strong></span> <span class='ocrx_word' id='word_1_751' title='bbox 3096 4075 3276 4116; x_wconf 69' lang='lat' dir='ltr'><strong>caecus</strong></span> <span class='ocrx_word' id='word_1_752' title='bbox 3311 4070 3394 4116; x_wconf 88' lang='lat' dir='ltr'><strong>est</strong></span> <span class='ocrx_word' id='word_1_753' title='bbox 3431 4075 3596 4116; x_wconf 79' lang='lat' dir='ltr'><strong>sensu</strong></span> <span class='ocrx_word' id='word_1_754' title='bbox 3626 4099 3642 4124; x_wconf 91' lang='lat'><strong>,</strong></span> <span class='ocrx_word' id='word_1_755' title='bbox 3686 4069 3738 4113; x_wconf 87' lang='lat' dir='ltr'><strong>et</strong></span> <span class='ocrx_word' id='word_1_756' title='bbox 3779 4059 3985 4115; x_wconf 85' lang='lat' dir='ltr'><strong>Christi</strong></span> 
     </span>
    </p>
   </div>
   <div class='ocr_carea' id='block_1_103' title="bbox 2398 4152 3986 4222">
    <p class='ocr_par' dir='ltr' id='par_1_103' title="bbox 2398 4152 3986 4222">
     <span class='ocr_line' id='line_1_103' title="bbox 2398 4152 3986 4222; baseline -0.004 -9"><span class='ocrx_word' id='word_1_757' title='bbox 2398 4172 2622 4213; x_wconf 85' lang='lat' dir='ltr'><strong>sensum</strong></span> <span class='ocrx_word' id='word_1_758' title='bbox 2657 4156 2713 4210; x_wconf 92' lang='lat' dir='ltr'><strong>in</strong></span> <span class='ocrx_word' id='word_1_759' title='bbox 2745 4170 2804 4210; x_wconf 90' lang='lat' dir='ltr'><strong>se</strong></span> <span class='ocrx_word' id='word_1_760' title='bbox 2834 4169 2942 4210; x_wconf 93' lang='lat' dir='ltr'><strong>non</strong></span> <span class='ocrx_word' id='word_1_761' title='bbox 2976 4153 3175 4217; x_wconf 83' lang='lat' dir='ltr'><strong>habet,</strong></span> <span class='ocrx_word' id='word_1_762' title='bbox 3205 4152 3480 4222; x_wconf 89' lang='lat' dir='ltr'><strong>quomodo</strong></span> <span class='ocrx_word' id='word_1_763' title='bbox 3509 4154 3562 4206; x_wconf 92' lang='lat' dir='ltr'><strong>in</strong></span> <span class='ocrx_word' id='word_1_764' title='bbox 3593 4152 3801 4206; x_wconf 84' lang='lat' dir='ltr'><strong>lumine</strong></span> <span class='ocrx_word' id='word_1_765' title='bbox 3825 4153 3986 4207; x_wconf 83' lang='lat' dir='ltr'><strong>Chri-</strong></span> 
     </span>
    </p>
   </div>
   <div class='ocr_carea' id='block_1_104' title="bbox 2397 4243 3988 4315">
    <p class='ocr_par' dir='ltr' id='par_1_104' title="bbox 2397 4243 3988 4315">
     <span class='ocr_line' id='line_1_104' title="bbox 2397 4243 3988 4315; baseline -0.005 -10"><span class='ocrx_word' id='word_1_766' title='bbox 2397 4259 2465 4305; x_wconf 86' lang='lat' dir='ltr'><strong>stt</strong></span> <span class='ocrx_word' id='word_1_767' title='bbox 2494 4264 2690 4304; x_wconf 85' lang='lat' dir='ltr'><strong>sensus</strong></span> <span class='ocrx_word' id='word_1_768' title='bbox 2721 4247 2994 4315; x_wconf 87' lang='lat' dir='ltr'><strong>repositos</strong></span> <span class='ocrx_word' id='word_1_769' title='bbox 3023 4260 3086 4299; x_wconf 89' lang='lat' dir='ltr'><strong>ac</strong></span> <span class='ocrx_word' id='word_1_770' title='bbox 3115 4244 3428 4298; x_wconf 89' lang='lat' dir='ltr'><strong>reconditos</strong></span> <span class='ocrx_word' id='word_1_771' title='bbox 3457 4243 3659 4304; x_wconf 87' lang='lat' dir='ltr'><strong>videre,</strong></span> <span class='ocrx_word' id='word_1_772' title='bbox 3696 4251 3747 4294; x_wconf 88' lang='lat' dir='ltr'><strong>et</strong></span> <span class='ocrx_word' id='word_1_773' title='bbox 3781 4259 3988 4309; x_wconf 76' lang='lat' dir='ltr'><strong>expen-</strong></span> 
     </span>
    </p>
   </div>
   <div class='ocr_carea' id='block_1_105' title="bbox 2395 4335 3986 4413">
    <p class='ocr_par' dir='ltr' id='par_1_105' title="bbox 2395 4335 3986 4413">
     <span class='ocr_line' id='line_1_105' title="bbox 2395 4335 3986 4413; baseline -0.005 -15"><span class='ocrx_word' id='word_1_774' title='bbox 2395 4345 2524 4398; x_wconf 78' lang='lat' dir='ltr'><strong>dere</strong></span> <span class='ocrx_word' id='word_1_775' title='bbox 2575 4341 2801 4413; x_wconf 81' lang='lat' dir='ltr'><strong>potest?</strong></span> <span class='ocrx_word' id='word_1_776' title='bbox 2828 4339 2976 4393; x_wconf 88' lang='lat' dir='ltr'><strong>Talis</strong></span> <span class='ocrx_word' id='word_1_777' title='bbox 3003 4380 3018 4401; x_wconf 91' lang='lat'><strong>,</strong></span> <span class='ocrx_word' id='word_1_778' title='bbox 3050 4337 3302 4406; x_wconf 82' lang='lat' dir='ltr'><strong>quamvis</strong></span> <span class='ocrx_word' id='word_1_779' title='bbox 3358 4335 3556 4388; x_wconf 88' lang='lat' dir='ltr'><strong>millies</strong></span> <span class='ocrx_word' id='word_1_780' title='bbox 3609 4336 3986 4390; x_wconf 79' lang='lat' dir='ltr'><strong>exterioribus</strong></span> 
     </span>
    </p>
   </div>
   <div class='ocr_carea' id='block_1_106' title="bbox 2397 4427 3982 4503">
    <p class='ocr_par' dir='ltr' id='par_1_106' title="bbox 2397 4427 3982 4503">
     <span class='ocr_line' id='line_1_106' title="bbox 2397 4427 3982 4503; baseline -0.011 -12"><span class='ocrx_word' id='word_1_781' title='bbox 2397 4437 2571 4492; x_wconf 86' lang='lat' dir='ltr'><strong>oculis</strong></span> <span class='ocrx_word' id='word_1_782' title='bbox 2603 4435 2807 4503; x_wconf 85' lang='lat' dir='ltr'><strong>scripta</strong></span> <span class='ocrx_word' id='word_1_783' title='bbox 2866 4445 3089 4486; x_wconf 90' lang='lat' dir='ltr'><strong>sensum</strong></span> <span class='ocrx_word' id='word_1_784' title='bbox 3127 4430 3398 4483; x_wconf 87' lang='lat' dir='ltr'><strong>moventia</strong></span> <span class='ocrx_word' id='word_1_785' title='bbox 3435 4427 3618 4495; x_wconf 87' lang='lat' dir='ltr'><strong>legat,</strong></span> <span class='ocrx_word' id='word_1_786' title='bbox 3661 4443 3942 4494; x_wconf 74' lang='lat' dir='ltr'><strong>nunquam</strong></span> <span class='ocrx_word' id='word_1_787' title='bbox 3969 4466 3982 4486; x_wconf 84' lang='lat'><strong>,</strong></span> 
     </span>
    </p>
   </div>
   <div class='ocr_carea' id='block_1_107' title="bbox 2390 4519 3984 4598">
    <p class='ocr_par' dir='ltr' id='par_1_107' title="bbox 2390 4519 3984 4598">
     <span class='ocr_line' id='line_1_107' title="bbox 2390 4519 3984 4598; baseline -0.008 -14"><span class='ocrx_word' id='word_1_788' title='bbox 2390 4529 2606 4598; x_wconf 89' lang='lat' dir='ltr'><strong>opinor,</strong></span> <span class='ocrx_word' id='word_1_789' title='bbox 2639 4525 2945 4595; x_wconf 82' lang='lat' dir='ltr'><strong>spiritualia</strong></span> <span class='ocrx_word' id='word_1_790' title='bbox 2973 4562 2989 4587; x_wconf 92' lang='lat'><strong>,</strong></span> <span class='ocrx_word' id='word_1_791' title='bbox 3023 4531 3076 4576; x_wconf 90' lang='lat' dir='ltr'><strong>et</strong></span> <span class='ocrx_word' id='word_1_792' title='bbox 3128 4521 3369 4574; x_wconf 60' lang='lat' dir='ltr'><strong>materia</strong></span> <span class='ocrx_word' id='word_1_793' title='bbox 3427 4521 3665 4586; x_wconf 80' lang='lat' dir='ltr'><strong>expertia</strong></span> <span class='ocrx_word' id='word_1_794' title='bbox 3697 4557 3711 4580; x_wconf 92' lang='lat'><strong>,</strong></span> <span class='ocrx_word' id='word_1_795' title='bbox 3767 4527 3819 4569; x_wconf 73' lang='lat' dir='ltr'><strong>et</strong></span> <span class='ocrx_word' id='word_1_796' title='bbox 3875 4519 3984 4571; x_wconf 64' lang='lat' dir='ltr'><strong>luci</strong></span> 
     </span>
    </p>
   </div>
   <div class='ocr_carea' id='block_1_108' title="bbox 2392 4613 3985 4679">
    <p class='ocr_par' dir='ltr' id='par_1_108' title="bbox 2392 4613 3985 4679">
     <span class='ocr_line' id='line_1_108' title="bbox 2392 4613 3985 4679; baseline -0.008 0"><span class='ocrx_word' id='word_1_797' title='bbox 2392 4623 2590 4679; x_wconf 88' lang='lat' dir='ltr'><strong>similia</strong></span> <span class='ocrx_word' id='word_1_798' title='bbox 2660 4621 2715 4674; x_wconf 90' lang='lat' dir='ltr'><strong>in</strong></span> <span class='ocrx_word' id='word_1_799' title='bbox 2787 4627 3058 4672; x_wconf 91' lang='lat' dir='ltr'><strong>nocturno</strong></span> <span class='ocrx_word' id='word_1_800' title='bbox 3125 4630 3189 4667; x_wconf 91' lang='lat' dir='ltr'><strong>ac</strong></span> <span class='ocrx_word' id='word_1_801' title='bbox 3248 4613 3541 4667; x_wconf 88' lang='lat' dir='ltr'><strong>tenebroso</strong></span> <span class='ocrx_word' id='word_1_802' title='bbox 3617 4613 3734 4665; x_wconf 84' lang='lat' dir='ltr'><strong>loco</strong></span> <span class='ocrx_word' id='word_1_803' title='bbox 3798 4613 3985 4666; x_wconf 77' lang='lat' dir='ltr'><strong>videre</strong></span> 
     </span>
    </p>
   </div>
   <div class='ocr_carea' id='block_1_109' title="bbox 2390 4702 3984 4781">
    <p class='ocr_par' dir='ltr' id='par_1_109' title="bbox 2390 4702 3984 4781">
     <span class='ocr_line' id='line_1_109' title="bbox 2390 4702 3984 4781; baseline -0.008 -17"><span class='ocrx_word' id='word_1_804' title='bbox 2390 4721 2574 4781; x_wconf 85' lang='lat' dir='ltr'><strong>queat.</strong></span> <span class='ocrx_word' id='word_1_805' title='bbox 2619 4709 2789 4762; x_wconf 85' lang='lat' dir='ltr'><strong>Nemo</strong></span> <span class='ocrx_word' id='word_1_806' title='bbox 2820 4707 3004 4774; x_wconf 89' lang='lat' dir='ltr'><strong>itaque</strong></span> <span class='ocrx_word' id='word_1_807' title='bbox 3037 4718 3134 4757; x_wconf 83' lang='lat' dir='ltr'><strong>vos</strong></span> <span class='ocrx_word' id='word_1_808' title='bbox 3179 4706 3423 4758; x_wconf 87' lang='lat' dir='ltr'><strong>seducat.</strong></span> <span class='ocrx_word' id='word_1_809' title='bbox 3477 4702 3616 4756; x_wconf 81' lang='lat' dir='ltr'><strong>Deus</strong></span> <span class='ocrx_word' id='word_1_810' title='bbox 3645 4703 3732 4755; x_wconf 77' lang='lat' dir='ltr'><strong>lux</strong></span> <span class='ocrx_word' id='word_1_811' title='bbox 3773 4711 3855 4754; x_wconf 85' lang='lat' dir='ltr'><strong>est</strong></span> <span class='ocrx_word' id='word_1_812' title='bbox 3889 4744 3902 4760; x_wconf 84' lang='lat'><strong>,</strong></span> <span class='ocrx_word' id='word_1_813' title='bbox 3932 4715 3984 4753; x_wconf 79' lang='lat' dir='ltr'><strong>et</strong></span> 
     </span>
    </p>
   </div>
   <div class='ocr_carea' id='block_1_110' title="bbox 2392 4795 3986 4871">
    <p class='ocr_par' dir='ltr' id='par_1_110' title="bbox 2392 4795 3986 4871">
     <span class='ocr_line' id='line_1_110' title="bbox 2392 4795 3986 4871; baseline -0.008 -12"><span class='ocrx_word' id='word_1_814' title='bbox 2392 4805 2595 4871; x_wconf 88' lang='lat' dir='ltr'><strong>quibus</strong></span> <span class='ocrx_word' id='word_1_815' title='bbox 2631 4800 2964 4870; x_wconf 87' lang='lat' dir='ltr'><strong>conjunctus</strong></span> <span class='ocrx_word' id='word_1_816' title='bbox 2997 4797 3201 4862; x_wconf 89' lang='lat' dir='ltr'><strong>fuerit,</strong></span> <span class='ocrx_word' id='word_1_817' title='bbox 3238 4812 3360 4848; x_wconf 90' lang='lat' dir='ltr'><strong>cum</strong></span> <span class='ocrx_word' id='word_1_818' title='bbox 3395 4797 3459 4849; x_wconf 90' lang='lat' dir='ltr'><strong>iis</strong></span> <span class='ocrx_word' id='word_1_819' title='bbox 3493 4810 3589 4864; x_wconf 89' lang='lat' dir='ltr'><strong>pro</strong></span> <span class='ocrx_word' id='word_1_820' title='bbox 3633 4797 3800 4862; x_wconf 80' lang='lat' dir='ltr'><strong>gradu</strong></span> <span class='ocrx_word' id='word_1_821' title='bbox 3835 4795 3986 4862; x_wconf 86' lang='lat' dir='ltr'><strong>puri-</strong></span> 
     </span>
    </p>
   </div>
   <div class='ocr_carea' id='block_1_111' title="bbox 2391 4887 3982 4966">
    <p class='ocr_par' dir='ltr' id='par_1_111' title="bbox 2391 4887 3982 4966">
     <span class='ocr_line' id='line_1_111' title="bbox 2391 4887 3982 4966; baseline -0.01 -11"><span class='ocrx_word' id='word_1_822' title='bbox 2391 4899 2525 4954; x_wconf 87' lang='lat' dir='ltr'><strong>tatis</strong></span> <span class='ocrx_word' id='word_1_823' title='bbox 2557 4899 2805 4966; x_wconf 91' lang='lat' dir='ltr'><strong>ipsorum</strong></span> <span class='ocrx_word' id='word_1_824' title='bbox 2838 4894 3141 4947; x_wconf 88' lang='lat' dir='ltr'><strong>claritatem</strong></span> <span class='ocrx_word' id='word_1_825' title='bbox 3185 4905 3340 4944; x_wconf 85' lang='lat' dir='ltr'><strong>suam</strong></span> <span class='ocrx_word' id='word_1_826' title='bbox 3377 4887 3771 4941; x_wconf 86' lang='lat' dir='ltr'><strong>communicat.</strong></span> <span class='ocrx_word' id='word_1_827' title='bbox 3804 4889 3982 4950; x_wconf 77' lang='lat' dir='ltr'><strong>Atque</strong></span> 
     </span>
    </p>
   </div>
   <div class='ocr_carea' id='block_1_112' title="bbox 2389 4979 3980 5054">
    <p class='ocr_par' dir='ltr' id='par_1_112' title="bbox 2389 4979 3980 5054">
     <span class='ocr_line' id='line_1_112' title="bbox 2389 4979 3980 5054; baseline -0.011 -8"><span class='ocrx_word' id='word_1_828' title='bbox 2389 4999 2517 5046; x_wconf 90' lang='lat' dir='ltr'><strong>tunc</strong></span> <span class='ocrx_word' id='word_1_829' title='bbox 2551 4989 2819 5045; x_wconf 83' lang='lat' dir='ltr'><strong>exstincta</strong></span> <span class='ocrx_word' id='word_1_830' title='bbox 2849 4985 3065 5054; x_wconf 90' lang='lat' dir='ltr'><strong>lampas</strong></span> <span class='ocrx_word' id='word_1_831' title='bbox 3105 4981 3301 5035; x_wconf 64' lang='lat' dir='ltr'><strong>anima:</strong></span> <span class='ocrx_word' id='word_1_832' title='bbox 3332 5019 3345 5042; x_wconf 88' lang='lat'><strong>,</strong></span> <span class='ocrx_word' id='word_1_833' title='bbox 3381 4979 3434 5032; x_wconf 90' lang='lat' dir='ltr'><strong>id</strong></span> <span class='ocrx_word' id='word_1_834' title='bbox 3491 4988 3574 5034; x_wconf 91' lang='lat' dir='ltr'><strong>est</strong></span> <span class='ocrx_word' id='word_1_835' title='bbox 3602 5019 3615 5038; x_wconf 88' lang='lat'><strong>,</strong></span> <span class='ocrx_word' id='word_1_836' title='bbox 3653 4993 3806 5030; x_wconf 82' lang='lat' dir='ltr'><strong>mens</strong></span> <span class='ocrx_word' id='word_1_837' title='bbox 3839 4979 3980 5032; x_wconf 83' lang='lat' dir='ltr'><strong>divi-</strong></span> 
     </span>
    </p>
   </div>
   <div class='ocr_carea' id='block_1_113' title="bbox 2388 5067 3980 5149">
    <p class='ocr_par' dir='ltr' id='par_1_113' title="bbox 2388 5067 3980 5149">
     <span class='ocr_line' id='line_1_113' title="bbox 2388 5067 3980 5149; baseline -0.011 -13"><span class='ocrx_word' id='word_1_838' title='bbox 2388 5097 2518 5136; x_wconf 90' lang='lat' dir='ltr'><strong>num</strong></span> <span class='ocrx_word' id='word_1_839' title='bbox 2583 5080 2759 5149; x_wconf 89' lang='lat' dir='ltr'><strong>ignem</strong></span> <span class='ocrx_word' id='word_1_840' title='bbox 2815 5090 2875 5131; x_wconf 88' lang='lat' dir='ltr'><strong>se</strong></span> <span class='ocrx_word' id='word_1_841' title='bbox 2935 5071 3406 5142; x_wconf 83' lang='lat' dir='ltr'><strong>circumplexum,</strong></span> <span class='ocrx_word' id='word_1_842' title='bbox 3473 5078 3526 5122; x_wconf 90' lang='lat' dir='ltr'><strong>et</strong></span> <span class='ocrx_word' id='word_1_843' title='bbox 3583 5067 3980 5121; x_wconf 82' lang='lat' dir='ltr'><strong>redaccensum</strong></span> 
     </span>
    </p>
   </div>
   <div class='ocr_carea' id='block_1_114' title="bbox 2387 5168 2856 5240">
    <p class='ocr_par' dir='ltr' id='par_1_114' title="bbox 2387 5168 2856 5240">
     <span class='ocr_line' id='line_1_114' title="bbox 2387 5168 2856 5240; baseline -0.011 -12"><span class='ocrx_word' id='word_1_844' title='bbox 2387 5187 2516 5229; x_wconf 88' lang='lat' dir='ltr'><strong>esse</strong></span> <span class='ocrx_word' id='word_1_845' title='bbox 2549 5168 2856 5240; x_wconf 90' lang='lat' dir='ltr'><strong>cognoscit.</strong></span> 
     </span>
    </p>
   </div>
   <div class='ocr_carea' id='block_1_115' title="bbox 2458 5249 3982 5324">
    <p class='ocr_par' dir='ltr' id='par_1_115' title="bbox 2458 5249 3982 5324">
     <span class='ocr_line' id='line_1_115' title="bbox 2458 5249 3982 5324; baseline -0.014 -4"><span class='ocrx_word' id='word_1_846' title='bbox 2458 5265 2503 5320; x_wconf 90' lang='grc' dir='ltr'>Ο</span> <span class='ocrx_word' id='word_1_847' title='bbox 2535 5265 2670 5317; x_wconf 85' lang='lat' dir='ltr'><strong>mira</strong></span> <span class='ocrx_word' id='word_1_848' title='bbox 2705 5277 2792 5314; x_wconf 88' lang='lat' dir='ltr'><strong>res</strong></span> <span class='ocrx_word' id='word_1_849' title='bbox 2819 5301 2835 5324; x_wconf 94' lang='lat'><strong>,</strong></span> <span class='ocrx_word' id='word_1_850' title='bbox 2880 5259 3044 5312; x_wconf 87' lang='lat' dir='ltr'><strong>homo</strong></span> <span class='ocrx_word' id='word_1_851' title='bbox 3100 5255 3210 5308; x_wconf 86' lang='lat' dir='ltr'><strong>Deo</strong></span> <span class='ocrx_word' id='word_1_852' title='bbox 3250 5249 3612 5322; x_wconf 84' lang='lat' dir='ltr'><strong>spiritualiter</strong></span> <span class='ocrx_word' id='word_1_853' title='bbox 3662 5250 3982 5316; x_wconf 85' lang='lat' dir='ltr'><strong>corporali-</strong></span> 
     </span>
    </p>
   </div>
   <div class='ocr_carea' id='block_1_116' title="bbox 2387 5343 3979 5426">
    <p class='ocr_par' dir='ltr' id='par_1_116' title="bbox 2387 5343 3979 5426">
     <span class='ocr_line' id='line_1_116' title="bbox 2387 5343 3979 5426; baseline -0.013 -14"><span class='ocrx_word' id='word_1_854' title='bbox 2387 5367 2580 5426; x_wconf 88' lang='lat' dir='ltr'><strong>terque</strong></span> <span class='ocrx_word' id='word_1_855' title='bbox 2622 5355 2808 5407; x_wconf 91' lang='lat' dir='ltr'><strong>nnitur</strong></span> <span class='ocrx_word' id='word_1_856' title='bbox 2832 5351 2949 5418; x_wconf 79' lang='grc'><strong>(15)</strong></span> <span class='ocrx_word' id='word_1_857' title='bbox 2985 5368 2999 5403; x_wconf 90' lang='lat'>:</span> <span class='ocrx_word' id='word_1_858' title='bbox 3033 5346 3304 5417; x_wconf 90' lang='lat' dir='ltr'><strong>siquidem</strong></span> <span class='ocrx_word' id='word_1_859' title='bbox 3337 5343 3517 5397; x_wconf 88' lang='lat' dir='ltr'><strong>anima</strong></span> <span class='ocrx_word' id='word_1_860' title='bbox 3557 5358 3666 5395; x_wconf 90' lang='lat' dir='ltr'><strong>non</strong></span> <span class='ocrx_word' id='word_1_861' title='bbox 3699 5358 3726 5393; x_wconf 92' lang='lat' dir='ltr'><strong>a</strong></span> <span class='ocrx_word' id='word_1_862' title='bbox 3758 5353 3940 5394; x_wconf 86' lang='lat' dir='ltr'><strong>mente</strong></span> <span class='ocrx_word' id='word_1_863' title='bbox 3964 5379 3979 5403; x_wconf 87' lang='lat'><strong>,</strong></span> 
     </span>
    </p>
   </div>
   <div class='ocr_carea' id='block_1_117' title="bbox 2384 5434 3981 5511">
    <p class='ocr_par' dir='ltr' id='par_1_117' title="bbox 2384 5434 3981 5511">
     <span class='ocr_line' id='line_1_117' title="bbox 2384 5434 3981 5511; baseline -0.013 -6"><span class='ocrx_word' id='word_1_864' title='bbox 2384 5466 2484 5507; x_wconf 91' lang='lat' dir='ltr'><strong>nec</strong></span> <span class='ocrx_word' id='word_1_865' title='bbox 2530 5449 2604 5503; x_wconf 88' lang='lat' dir='ltr'><strong>ab</strong></span> <span class='ocrx_word' id='word_1_866' title='bbox 2660 5446 2840 5498; x_wconf 86' lang='lat' dir='ltr'><strong>anima</strong></span> <span class='ocrx_word' id='word_1_867' title='bbox 2865 5458 3067 5511; x_wconf 81' lang='lat' dir='ltr'><strong>corpus</strong></span> <span class='ocrx_word' id='word_1_868' title='bbox 3093 5437 3422 5508; x_wconf 72' lang='lat' dir='ltr'><strong>seiungitur,</strong></span> <span class='ocrx_word' id='word_1_869' title='bbox 3459 5445 3515 5488; x_wconf 90' lang='lat' dir='ltr'><strong>et</strong></span> <span class='ocrx_word' id='word_1_870' title='bbox 3548 5434 3752 5487; x_wconf 89' lang='lat' dir='ltr'><strong>unione</strong></span> <span class='ocrx_word' id='word_1_871' title='bbox 3782 5449 3981 5488; x_wconf 57' lang='lat'><strong>€531?&quot;-</strong></span> 
     </span>
    </p>
   </div>
   <div class='ocr_carea' id='block_1_118' title="bbox 2367 5604 2988 5667">
    <p class='ocr_par' dir='ltr' id='par_1_118' title="bbox 2367 5604 2988 5667">
     <span class='ocr_line' id='line_1_118' title="bbox 2367 5604 2988 5667; baseline -0.011 -2"><span class='ocrx_word' id='word_1_872' title='bbox 2367 5611 2586 5666; x_wconf 85' lang='lat' dir='ltr'><strong>&quot;Psal.</strong></span> <span class='ocrx_word' id='word_1_873' title='bbox 2646 5621 2833 5667; x_wconf 80' lang='lat' dir='ltr'><strong>vam,</strong></span> <span class='ocrx_word' id='word_1_874' title='bbox 2900 5604 2988 5658; x_wconf 79' lang='lat' dir='ltr'><strong>ll.</strong></span> 
     </span>
    </p>
   </div>
   <div class='ocr_carea' id='block_1_119' title="bbox 2368 5757 3977 5838">
    <p class='ocr_par' dir='ltr' id='par_1_119' title="bbox 2368 5757 3977 5838">
     <span class='ocr_line' id='line_1_119' title="bbox 2368 5757 3977 5838; baseline -0.009 -17"><span class='ocrx_word' id='word_1_875' title='bbox 2368 5767 2638 5838; x_wconf 78' lang='grc' dir='ltr'><strong>ματικῶς,</strong></span> <span class='ocrx_word' id='word_1_876' title='bbox 2669 5766 2925 5838; x_wconf 27' lang='grc' dir='ltr'>εἶπερηοὺ</span> <span class='ocrx_word' id='word_1_877' title='bbox 2968 5763 3268 5838; x_wconf 12' lang='grc' dir='ltr'><strong>χωνρέίζετᾳι</strong></span> <span class='ocrx_word' id='word_1_878' title='bbox 3311 5761 3413 5838; x_wconf 35' lang='grc' dir='ltr'><strong>-τοῦ</strong></span> <span class='ocrx_word' id='word_1_879' title='bbox 3448 5759 3551 5838; x_wconf 54' lang='grc' dir='ltr'><strong>γρῦ</strong></span> <span class='ocrx_word' id='word_1_880' title='bbox 3660 5759 3807 5838; x_wconf 31' lang='lat' dir='ltr'><strong>duxi]</strong></span> <span class='ocrx_word' id='word_1_881' title='bbox 3854 5757 3977 5838; x_wconf 59' lang='lat' dir='ltr'><strong>obii</strong></span> 
     </span>
    </p>
   </div>
   <div class='ocr_carea' id='block_1_120' title="bbox 2371 5830 3972 5908">
    <p class='ocr_par' dir='ltr' id='par_1_120' title="bbox 2371 5830 3972 5908">
     <span class='ocr_line' id='line_1_120' title="bbox 2371 5830 3972 5908; baseline -0.007 -18"><span class='ocrx_word' id='word_1_882' title='bbox 2371 5830 2469 5908; x_wconf 60' lang='grc' dir='ltr'><strong>ὲῆς</strong></span> <span class='ocrx_word' id='word_1_883' title='bbox 2497 5838 2676 5908; x_wconf 63' lang='grc' dir='ltr'><strong>ψυχῆς</strong></span> <span class='ocrx_word' id='word_1_884' title='bbox 2705 5838 2763 5889; x_wconf 61' lang='grc' dir='ltr'><strong>τὸ</strong></span> <span class='ocrx_word' id='word_1_885' title='bbox 2793 5830 3146 5905; x_wconf 49' lang='grc' dir='ltr'><strong>ἁὼμαξὰλλὰ</strong></span> <span class='ocrx_word' id='word_1_886' title='bbox 3179 5837 3244 5903; x_wconf 78' lang='grc' dir='ltr'><strong>τῇ</strong></span> <span class='ocrx_word' id='word_1_887' title='bbox 3269 5831 3546 5893; x_wconf 73' lang='grc' dir='ltr'><strong>οὐσιωδὼς</strong></span> <span class='ocrx_word' id='word_1_888' title='bbox 3591 5831 3783 5882; x_wconf 67' lang='grc' dir='ltr'><strong>ὲνώςει</strong></span> <span class='ocrx_word' id='word_1_889' title='bbox 3830 5830 3972 5896; x_wconf 67' lang='grc' dir='ltr'><strong>γίνε-</strong></span> 
     </span>
    </p>
   </div>
  </div>
