4170 6452
149 359 264 421 453

1536 355 1826 418 ORATIO
1880 357 2132 418 XXVII.

3331 368 3435 434 454

149 470 269 522 tiali
295 509 309 530 .
344 469 506 522 etiam
557 469 718 522 homo
759 485 856 540 per
904 471 1135 538 gratiam
1169 471 1602 543 τρισυπὸστατος
1637 470 1694 523 fit
1727 511 1740 532 ,
1775 471 1818 526 Α
1847 472 1931 520 et?
1967 468 2252 538 conspicui
2316 479 2632 541 appareant.
2691 472 2827 539 Quis
2898 491 3028 547 ergo
3080 479 3431 542 Christianus

154 576 301 613 unus
357 577 451 628 per
487 560 835 629 adoptionem
894 564 1033 618 Deus
1062 603 1076 629 ,
1113 578 1178 619 ex
1222 579 1453 634 corpore
1485 563 1739 619 videlicet

150 661 207 703 et
267 651 454 702 anima
483 690 500 716 ,
533 660 586 704 et
641 652 822 720 (cujus
881 652 1057 710 factus
1091 665 1175 710 est
1206 656 1501 724 particeps)
1557 656 1742 710 divino

152 741 367 812 Spiritu
413 755 674 800 constans
703 788 717 812 ,
751 746 1116 818 impletnrque
1170 761 1301 804 tunc
1353 750 1486 803 illud
1525 750 1741 804 Davidis

151 842 469 906 prophetae:
495 839 604 908 Ego
623 841 763 895 dixi:
779 841 869 895 Dii
899 845 1046 907 estis,
1066 854 1115 898 et
1132 845 1232 913 ﬁlii
1261 843 1472 898 Επειεί
1493 846 1739 899 omnes".

153 928 274 982 Filii
315 932 531 987 Excelsi
563 935 866 989 secundum
902 938 1190 1006 imaginem
1221 938 1508 1004 videlicet,
1543 940 1740 992 simili-

155 1024 524 1094 tudinemque
549 1028 818 1082 Altissimi
858 1046 872 1081 :
906 1029 1091 1083 divina
1141 1032 1428 1100 progenies
1461 1048 1525 1085 ex
1557 1031 1742 1086 divino

155 1116 396 1185 Spiritu;
439 1121 647 1188 quibus
675 1121 810 1175 dixit
845 1125 1041 1176 merito
1077 1121 1340 1178 Doininus
1370 1164 1383 1185 ,
1417 1139 1743 1192 semperun

150 1207 322 1263 dicit:
350 1209 560 1266 Manete
580 1213 635 1265 in
662 1229 762 1279 me,
794 1223 850 1266 ut
875 1215 1104 1284 fructum
1132 1216 1353 1268 multum
1385 1216 1624 1283 aﬁ'eratis
1647 1213 1739 1269 ⁷⁸”.

152 1297 418 1352 Fructum
454 1300 709 1372 intelligit
737 1318 924 1358 eorum
968 1306 1180 1374 copiam
1214 1346 1228 1369 ,
1252 1306 1344 1374 qui
1377 1308 1518 1372 apud
1556 1307 1732 1375 ipsum

151 1393 488 1451 salvantur:
545 1396 798 1462 Palmes,
844 1401 1054 1468 inquit,
1099 1401 1206 1454 nisi
1253 1402 1505 1453 manserit
1552 1402 1604 1454 in
1639 1404 1738 1456 vite

151 1487 346 1539 arescit
375 1528 391 1554 ,
423 1498 471 1541 et
509 1488 564 1542 in
597 1491 766 1560 ignem
817 1492 1069 1544 mittitur.
1113 1491 1328 1546 Manete
1373 1494 1536 1563 igitur
1565 1511 1650 1548 vos
1686 1496 1738 1548 in

152 1594 250 1639 me,
284 1590 337 1631 et
360 1597 454 1648 ego
485 1583 539 1633 in
572 1584 715 1636 vobis
741 1583 787 1615 ⁷⁸
818 1623 832 1636 .
870 1583 1157 1650 Quomodo
1194 1587 1360 1656 igitur
1414 1599 1632 1642 maneat
1686 1590 1739 1644 in

155 1672 360 1735 nobis,
420 1684 473 1727 et
531 1676 806 1743 quomodo
864 1678 1106 1733 vicissim
1165 1695 1264 1735 nos
1320 1697 1644 1738 maneamus
1688 1684 1743 1738 in

1846 559 2013 615 hosce
2041 562 2383 620 Christianos
2421 567 2767 622 nominabit?

1918 651 2118 707 Verum
2163 656 2428 711 hactenus
2477 667 2667 713 contra
2721 676 2817 716 eos
2851 664 2941 731 qui
2976 665 3158 718 omnia
3211 667 3350 720 scire
3381 682 3434 725 et

1845 743 2027 800 dicere
2085 759 2399 814 conantur,
2450 761 2502 804 et
2547 754 2865 808 existimant
2946 770 3002 809 se
3059 757 3260 827 aliquid
3314 775 3438 814 εδει»

1845 850 1967 890 eum
2023 839 2156 892 nihil
2198 845 2340 908 sint,
2380 844 2527 897 velut
2574 846 2626 898 in
2681 848 2838 916 cippo
2873 850 3062 918 quales
3106 855 3215 905 sint
3272 854 3434 906 (lhria

1846 931 2013 983 stiani
2064 932 2349 987 docuimus
2397 946 2500 988 :ut
2538 952 2658 990 sese
2695 954 2818 991 cum
2869 942 3162 1010 archetypo
3213 959 3432 1012 compa-

1844 1031 2071 1084 rantes,
2122 1035 2383 1092 quantum
2436 1041 2463 1079 a
2519 1043 2775 1097 germane
2829 1029 3157 1086 Christianis
3199 1033 3427 1096 absint,

1845 1113 2168 1182 intelligant.
2206 1116 2284 1168 Ad
2322 1135 2415 1171 vos
2445 1131 2627 1174 autem
2660 1121 2862 1174 Christi
2897 1139 3104 1188 servos,
3138 1137 3186 1177 et
3216 1126 3434 1180 discere

1845 1206 2158 1272 Cupientes,
2198 1220 2519 1277 paratosque
2550 1213 2613 1264 ad
2652 1215 3019 1278 audiendum,
3055 1219 3432 1275 universitatis

1846 1295 2112 1351 Dominus
2167 1315 2263 1369 per
2305 1313 2494 1355 sancta
2534 1303 2822 1371 Evangelia
2875 1320 2972 1360 sua
3019 1308 3258 1360 clamat:
3287 1308 3426 1361 Dum

1847 1388 2013 1442 lucem
2063 1392 2297 1456 habetis,
2343 1394 2416 1446 ad
2469 1395 2641 1448 lumen
2692 1399 2916 1458 currite.
2952 1415 3017 1452 ne
3067 1415 3154 1452 vos
3206 1401 3426 1454 tenebra:

1847 1484 2282 1550 comprehendant
2320 1486 2364 1518 ”
2391 1527 2403 1540 .
2435 1487 2654 1542 Currite
2698 1503 2794 1558 per
2836 1491 3210 1558 paenitentiam
3249 1492 3303 1544 in
3339 1495 3427 1545 via

1847 1577 2228 1630 mandatorum
2263 1580 2406 1646 ejus,
2439 1582 2662 1633 currite.
2701 1581 2918 1635 Currite
2952 1581 3083 1635 dum
3111 1584 3270 1636 durat
3301 1586 3421 1646 eius

1849 1669 2195 1733 illuminatio,
2231 1672 2546 1741 prius-luant
2579 1689 2683 1727 nox
2718 1675 2910 1729 mortis
2936 1689 3034 1728 vos
3062 1675 3422 1741 comprehen-

149 1762 288 1831 ipso,
334 1765 601 1820 Dominus
655 1768 772 1836 ipse
811 1769 997 1824 άοευίι
1036 1771 1141 1824 illis
1173 1773 1377 1838 νετωε,
1417 1774 1517 1838 Tu,
1556 1775 1744 1843 pater.
1783 1807 1825 1866 Β
1853 1761 1962 1825 dat,
1996 1774 2049 1818 et
2077 1765 2142 1818 ad
2177 1765 2430 1820 tenebras
2468 1767 2831 1836 sempiternas
2863 1767 3252 1846 amandemini.
3285 1768 3421 1822 Cur-

155 1856 350 1919 inme,
384 1867 435 1909 et
465 1874 556 1927 ego
578 1860 629 1911 in
665 1869 745 1924 te,
781 1870 830 1914 et
853 1862 907 1914 lii
931 1863 984 1916 in
1022 1880 1134 1930 me,
1157 1875 1204 1918 et
1237 1882 1329 1934 ego
1350 1867 1403 1919 in
1436 1866 1544 1920 illis
1564 1867 1642 1922 ⁸⁸.
1675 1868 1739 1922 Ει

152 1947 295 2001 istud
334 1951 522 2004 volens
553 1953 879 2008 conﬁrmare
910 1994 924 2018 ,
957 1955 1154 2011 iterato
1183 1960 1260 2011 ait
1293 1976 1305 2012 :
1347 1957 1419 2011 Hi
1449 1959 1503 2011 in
1545 1977 1655 2024 me,
1690 1971 1738 2014 et

151 2051 197 2092 et
231 2057 329 2111 ego
361 2043 413 2094 in
433 2044 570 2107 illis,
602 2045 678 2097 sic
714 2055 771 2097 ut
802 2056 882 2111 tu,
910 2046 1092 2112 Pater,
1133 2051 1186 2102 in
1220 2065 1331 2115 me,
1367 2061 1416 2104 et
1440 2069 1533 2122 ego
1573 2054 1626 2106 in
1653 2064 1734 2118 te,

153 2144 204 2184 ut
244 2144 293 2186 et
330 2136 432 2201 ipsi
457 2137 509 2187 in
541 2137 692 2191 nobis
720 2154 883 2192 unum
917 2142 1022 2194 sint
1073 2140 1120 2173 “
1151 2181 1164 2195 .
1198 2143 1394 2198 Adhuc
1446 2162 1628 2215 porro,
1679 2157 1740 2202 ut

154 2226 504 2282 audientibus
558 2229 768 2297 plenam
832 2232 990 2286 ﬁdem
1027 2249 1090 2288 ac
1140 2246 1343 2290 certam
1378 2238 1584 2302 faciat,
1624 2240 1740 2296 haec

155 2319 398 2387 adjungit
438 2339 449 2373 :
484 2318 633 2374 Sicut
666 2333 720 2376 tu
748 2339 829 2377 me
849 2324 1086 2378 dilexisti
1111 2367 1125 2390 ,
1165 2343 1260 2396 ego
1293 2327 1414 2381 illos
1441 2331 1647 2385 dilexi:
1687 2344 1736 2387 et

152 2412 374 2478 g’oriam
402 2429 560 2480 quant
593 2414 786 2469 dedisti
822 2418 982 2480 mihi,
1022 2419 1143 2471 dedi
1177 2420 1252 2472 eis
1273 2460 1287 2485 ,
1320 2430 1378 2473 ut
1407 2423 1511 2476 sint
1544 2440 1735 2488 unum,

155 2507 289 2557 sicut
329 2524 426 2560 nos
471 2525 632 2561 unum
662 2527 843 2565 sumus
883 2513 929 2544 ⁸⁸
955 2553 969 2567 .
1003 2513 1157 2568 Patet
1196 2532 1348 2586 ergo,
1382 2518 1523 2573 sicut
1557 2529 1739 2574 manet

155 2593 315 2650 Pater
367 2599 420 2650 in
469 2599 606 2656 Filio
633 2617 756 2667 suo,
788 2614 843 2656 et
871 2604 1019 2659 Flins
1045 2607 1100 2659 in
1127 2607 1246 2661 sinu
1282 2607 1460 2664 Patris
1487 2649 1501 2673 ,
1544 2627 1740 2665 secun-

155 2688 281 2741 dum
315 2701 568 2746 naturam
621 2711 636 2746 :
687 2693 763 2748 sic
800 2698 960 2749 etiam
993 2697 1086 2766 qui
1131 2699 1184 2752 in
1228 2701 1456 2754 veritate
1489 2702 1738 2758 credide-

153 2792 280 2834 runt
309 2822 323 2843 ρ
375 2792 431 2836 et
470 2800 566 2853 per
621 2786 886 2855 Spiritum
938 2798 1189 2843 sanctum
1234 2795 1533 2862 regenerati
1568 2804 1734 2859 sunt,

151 2871 469 2944 Christique
521 2891 584 2930 ac
637 2877 727 2932 Dei
771 2895 866 2948 per
909 2883 1031 2948 ejus
1061 2884 1265 2938 donnm
1308 2883 1438 2939 faeti
1467 2896 1598 2941 sunt
1627 2886 1739 2941 fra-

152 2975 261 3018 tres
287 3006 302 3031 ,
337 2977 390 3020 et
422 2967 512 3022 lilii
547 2969 638 3023 Dei
674 3011 690 3036 ,
718 2980 771 3025 et
806 2971 1101 3041 adaptione
1133 2976 1204 3028 dii
1229 3015 1245 3038 ,
1298 2991 1521 3033 manere
1553 2994 1649 3035 eos
1685 2982 1738 3034 in

155 3059 263 3115 Deo
293 3077 390 3128 per
424 3065 656 3128 gratiam
685 3104 702 3128 ,
737 3073 794 3121 et
827 3065 996 3120 Deum
1029 3067 1082 3121 in
1114 3067 1244 3123 illis.

219 3152 393 3217 Quam
447 3154 519 3209 ob
549 3170 771 3211 causam
812 3158 904 3227 qui
937 3157 1075 3213 tales
1128 3173 1234 3214 non
1269 3173 1604 3228 evaserunt,
1638 3179 1737 3219 nec
1763 3170 1806 3229 c

151 3247 404 3311 actione,
461 3257 516 3303 et
571 3250 925 3319 cognitione,
975 3254 1426 3323 spectationeque
1477 3257 1733 3314 universe

149 3349 274 3393 sunt
304 3340 600 3407 immutati,
629 3343 903 3412 quomodo
929 3346 1141 3414 seipsos
1170 3347 1443 3416 appellare
1465 3349 1726 3405 Christia-

152 3447 246 3488 nos
293 3449 407 3486 non
463 3446 716 3490 verentur
752 3436 776 3490 τ
826 3443 1104 3506 quomodo
1145 3453 1207 3495 os
1256 3441 1469 3510 aperire
1496 3481 1513 3505 ,
1557 3442 1732 3511 deque

148 3527 377 3580 occultis
426 3529 702 3598 mysteriis
728 3570 743 3594 ,
783 3531 931 3585 velut
967 3547 1131 3603 super
1176 3542 1408 3589 stratum
1443 3535 1728 3603 neglectim

147 3620 390 3686 jaccntes
427 3621 772 3689 impudenter
804 3624 954 3692 loqui
983 3627 1186 3679 audent
1214 3625 1239 3668 7
1272 3627 1551 3694 quomodo
1587 3629 1730 3682 inter

149 3713 506 3778 Christianos,
542 3725 594 3768 et
621 3715 934 3783 spirituales
961 3731 1019 3771 se
1055 3733 1346 3773 numerare
1376 3734 1482 3772 non
1517 3720 1733 3788 pudet?

148 3807 424 3870 quomodo
476 3809 824 3861 sacerdotum
876 3824 1184 3864 assessorcs
1214 3849 1230 3874 ,
1276 3813 1633 3880 corporisque
1677 3820 1731 3867 et

148 3900 430 3967 sanguinis
492 3898 1021 3966 Domini-sacrifici,
1055 3909 1109 3954 et
1163 3902 1396 3957 ministri
1449 3917 1572 3958 esse
1623 3919 1732 3958 non

149 3990 615 4053 perhorrescunt?
677 3989 910 4044 Prorsus
971 3992 1160 4046 mirari
1212 3993 1347 4046 satis
1408 4007 1516 4046 nun
1568 4008 1729 4062 queo.

146 4080 244 4134 Sed
276 4081 541 4134 nimirum
573 4084 795 4136 cmcitas
832 4082 1052 4147 mentis,
1083 4091 1142 4136 ut
1171 4081 1374 4136 dictum
1421 4095 1524 4148 est,
1559 4083 1732 4138 illius-

145 4188 246 4241 que
298 4173 532 4228 comites
584 4185 773 4243 stupor
812 4183 866 4228 et
916 4174 1185 4237 stultitia,
1217 4184 1272 4228 et
1324 4175 1449 4228 hinc
1497 4189 1733 4229 nascens

147 4267 452 4336 arrogantia
483 4306 498 4330 ,
541 4267 649 4321 tale
681 4281 875 4320 aurum
901 4307 916 4331 ,
968 4267 1542 4336 pretiosissimumque
1596 4268 1734 4336 lapi-

145 4357 258 4411 dem
293 4359 474 4428 ipsum
507 4357 792 4412 Dominum
836 4367 1082 4413 nostrum
1123 4356 1312 4412 Jesum
1343 4358 1642 4422 Christum,
1674 4367 1733 4412 ut

149 4451 314 4504 lutum
369 4449 695 4504 conculcare
751 4448 897 4504 facit.
934 4447 978 4504 0
1026 4450 1311 4504 audaciam
1368 4450 1730 4513 horribilem,

146 4543 297 4612 cujus
331 4542 566 4611 impulsu
597 4550 852 4612 tanquam
885 4542 1170 4597 sublimem
1202 4541 1430 4613 gradum
1461 4556 1727 4596 conscen-

144 4635 296 4698 dunt,
331 4643 391 4688 ut
419 4633 493 4689 ibi
521 4643 754 4698 stantes,
779 4633 980 4689 infimae
1008 4632 1344 4688 multitudini
1375 4631 1726 4698 excellentes,

240 4821 289 4852 "
376 4818 524 4873 Psal.

143 4887 186 4920 “
210 4889 349 4945 Ibid.
380 4891 474 4943 ἦ.

612 4833 804 4884 Lxxxt,
899 4817 954 4875 6.
1088 4816 1356 4872 "'Joan.
1434 4833 1526 4880 xv,
1595 4814 1661 4876 4,

551 4888 598 4920 ⁸³
629 4887 789 4943 Joan.
820 4904 923 4953 xu,
956 4887 1048 4944 35.
1123 4889 1169 4920 ⁸⁸
1193 4886 1356 4944 Joan.
1391 4904 1473 4951 tu,
1503 4887 1594 4942 56.
1674 4885 1721 4919 ⁸³

143 5095 224 5131 ται
252 5073 685 5146 τριωπᾷστπος
741 5071 881 5146 κτιτὰ
915 5075 1111 5146 χάριν,Δ
1167 5073 1338 5146 καὶᾏό
1401 5073 1711 5146 baptism“

143 5147 216 5211 ei;
277 5141 427 5198 Θέσει
463 5143 583 5199 θεὸς
613 5144 675 5194 ὲκ
737 5141 989 5213 cit-Sparte;
1029 5143 1123 5196 καὶ
1155 5142 1355 5213 ψυχῆς,
1405 5141 1712 5213 καὶγοῦπερ

147 5201 433 5283 με’τείληφε
467 5213 613 5301 Beloe
634 5201 1092 5301 πνεύμὲξτοςξκαὶ
1115 5201 1715 5301 πληβοξέαιιητηνιξαῦλ

143 5280 203 5340 έτι
226 5289 287 5340 ab
314 5280 606 5353 εἰρημένον
626 5283 734 5353 ὑπὸ
762 5280 856 5353 Ιτοῦ
879 5287 1162 5352 προφήτου
1186 5280 1350 5338 Ausus
1391 5280 1535 5350 Ἐγὼ
1562 5283 1710 5340 εἶπαο

143 5358 259 5410 θεοί
283 5351 564 5423 ἑστεζκαξ
584 5352 689 5404 υἱοὶ
723 5351 984 5423 Ὑψίστου
1014 5356 1238 5423 πάντες.
1263 5355 1384 5408 καθ’
1409 5359 1594 5409 εἰκόνα
1622 5358 1714 5423 δη-

143 5426 286 5496 ὶαδή,
325 5426 422 5478 καὶ
448 5422 589 5496 ᾼκᾳθξ
628 5422 888 5496 ὁμρῑωᾳιν
919 5423 1014 5475 τοῦ
1066 5422 1344 5496 Ὑψίστου,
1397 5422 1716 5495 γεννήματα

148 5491 263 5549 θεῖά
282 5499 349 5548 ὲκ
377 5494 472 5548 τοῦ
501 5492 649 5564 θείοο
684 5493 1026 5564 Πνεύᾼματος.
1062 5491 1337 5558 Occurrit,
1371 5491 1512 5564 quod
1545 5491 1712 5551 Jure-

143 5570 459 5627 consultus,
501 5565 557 5618 ﬂ".
603 5563 677 5616 De
713 5562 1208 5636 legibustmonet:
1257 5562 1538 5635 Benignius
1580 5572 1713 5636 teges

143 5637 548 5702 interpretanda
577 5642 724 5697 sunt,
747 5649 850 5702 quo
881 5632 1122 5687 voluntas
1147 5651 1329 5689 earum
1363 5632 1713 5693 conservetur.

146 5703 200 5759 Et
233 5725 246 5759 :
280 5706 344 5760 In
382 5706 631 5775 ambigua
660 5720 780 5758 voce
807 5704 932 5771 legis
959 5745 974 5769 ,
1011 5721 1073 5757 ea
1102 5709 1276 5773 potius
1310 5707 1610 5772 accipienda
1639 5719 1713 5760 est

144 5777 453 5843 signiﬁcatio
475 5819 488 5838 ,
531 5792 646 5843 quoe
679 5775 806 5828 vitio
830 5783 973 5827 caret
1004 5791 1023 5828 :
1058 5779 1347 5841 praesertim
1390 5793 1508 5828 cum
1552 5779 1712 5830 etiam

146 5848 380 5901 tctnntas
415 5849 540 5916 tegis
567 5860 631 5901 ex
660 5847 753 5900 hoc
778 5844 954 5914 colligi
985 5848 1169 5915 possit.
1203 5845 1346 5904 Idem
1380 5862 1478 5917 ego
1518 5848 1571 5901 in
1612 5849 1713 5903 hac

1856 1859 1990 1922 rite,
2033 1859 2299 1926 quaerite,
2349 1859 2586 1928 pulsate,
2631 1868 2688 1911 ut
2738 1859 2902 1926 janua
2956 1860 3105 1926 regni
3157 1861 3424 1911 eteloi-um

1845 1951 2002 2006 vobis
2034 1952 2333 2020 aperiatur,
2365 1961 2418 2005 et
2445 1952 2568 2005 sitis
2626 1952 2766 2005 intra
2801 1949 2955 2012 illud,
2986 1957 3040 2002 et
3072 1949 3247 2019 ipsum
3281 1949 3424 2004 intra

1842 2059 1939 2097 vos
1996 2044 2342 2112 po.~sideatis.
2393 2042 2494 2108 Qui
2536 2047 2680 2097 enim
2717 2054 2842 2097 ante
2885 2045 2953 2097 de
2999 2043 3100 2096 hac
3132 2044 3237 2096 vita
3275 2044 3424 2096 exic-

1844 2145 2005 2200 rnnt,
2043 2152 2204 2205 quam
2242 2137 2293 2189 id
2342 2137 2743 2207 acquisissent,
2786 2138 2877 2191 ubi
2910 2137 3123 2191 tandem
3164 2139 3230 2190 ad
3275 2153 3424 2189 mor-

1843 2238 1965 2282 tuos
2015 2227 2241 2298 profecti
2300 2228 2432 2282 illud
2481 2228 2922 2297 rcpericnt?Hic
2951 2244 3080 2298 ergo
3109 2237 3325 2298 pctore,
3366 2238 3422 2283 ct

1840 2335 2122 2387 quarrere,
2170 2325 2223 2372 et
2298 2319 2516 2386 pulsare
2568 2320 2621 2371 in
2675 2317 2989 2385 paenitentia
3057 2325 3110 2370 et
3164 2317 3423 2386 Iacrytnis

1836 2411 1978 2481 jussi
2038 2426 2264 2474 sumus;
2315 2419 2370 2466 et
2417 2411 2499 2464 sic
2547 2409 2914 2481 facientibus,
2954 2409 3214 2463 Dominus
3265 2410 3314 2461 id
3363 2425 3422 2463 se

1840 2504 1998 2558 nobis
2042 2504 2296 2556 daturum
2334 2508 2418 2556 est
2450 2501 2746 2570 pollicitus.
2787 2501 2941 2564 Quod
2976 2500 3019 2554 si
3062 2500 3164 2555 hoc
3201 2499 3378 2554 facere
3401 2537 3420 2564 ,

1839 2605 1894 2650 et
1922 2595 2142 2648 Christo
2171 2593 2399 2648 Domino
2425 2592 2648 2646 obedire
2681 2591 3129 2651 detrectabimus,
3160 2599 3216 2642 ut
3243 2592 3423 2644 adhuc

1839 2686 2161 2753 superstites
2213 2685 2282 2737 ab
2339 2685 2458 2751 ipso
2517 2697 2743 2751 regnum
2803 2683 3069 2737 ccelorum
3128 2682 3264 2734 intra
3318 2697 3416 2735 nos

1839 2779 2088 2846 aecipere
2137 2774 2457 2830 festinemus
2487 2813 2502 2836 ,
2539 2789 2720 2828 nonne
2771 2787 2894 2825 cum
2953 2772 3079 2826 illuc
3115 2772 3423 2826 excesseri-

1841 2885 1981 2928 Inus.
2013 2867 2209 2922 merito
2239 2867 2508 2920 dicentem
2553 2865 2712 2919 nobis
2750 2865 3036 2918 audiemus
3068 2905 3082 2927 ,
3110 2863 3240 2932 quid
3275 2877 3422 2916 nunc

1838 2960 2117 3032 quaeritis,
2147 2960 2290 3029 quod
2327 2973 2354 3010 a
2384 2972 2472 3012 me
2497 2956 2743 3009 oblatum
2783 2956 2935 3009 vobis
2964 2955 3209 3022 accipere
3240 2955 3422 3007 nolui-

1839 3054 1984 3109 stis?
2013 3053 2204 3108 Nonne
2239 3064 2616 3122 saepenumero
2647 3049 2902 3102 hortante
2933 3061 3020 3102 me
3039 3089 3056 3112 ,
3108 3057 3168 3100 ut
3198 3047 3418 3101 labora-

1840 3145 1971 3200 retis
1999 3184 2014 3210 ,
2048 3155 2103 3199 et
2162 3145 2216 3198 id
2269 3157 2299 3196 a
2348 3158 2434 3198 me
2480 3142 2775 3197 sumeretis
2804 3179 2819 3203 ,
2860 3152 2957 3194 vos
2993 3139 3292 3192 recusastis
3317 3177 3335 3203 ,
3367 3146 3422 3192 et

1849 3237 2259 3305 contempsistis
2326 3252 2339 3288 :
2401 3233 2900 3304 pereuntiumque,
2964 3245 3030 3284 ac
3079 3239 3419 3284 terrenarum

1835 3333 2166 3401 voluptatein
2223 3326 2586 3399 praetulistis?
2639 3324 2850 3391 Quibus
2893 3339 3022 3393 ergo
3071 3321 3230 3377 factis
3259 3363 3274 3386 ,
3326 3329 3420 3375 aut

1833 3437 1939 3490 qua
1990 3421 2237 3474 oratione
2295 3417 2347 3473 id
2396 3418 2450 3471 in
2506 3424 2785 3484 posterum
2838 3413 3085 3469 invenire
3128 3408 3423 3481 poteritis’i

1835 3513 2200 3583 Quapropter,
2255 3510 2445 3564 Patres
2495 3519 2547 3563 et
2600 3507 2800 3563 fratres
2845 3509 2988 3570 mei,
3031 3521 3218 3574 quaeso
3272 3519 3369 3559 vos
3400 3541 3419 3570 τ

1833 3607 1982 3660 omni
2039 3603 2328 3658 sedulitate
2359 3599 2614 3656 mandata
2656 3599 2750 3654 Dei
2783 3599 2959 3654 nostri
2997 3597 3375 3653 custodiamus
3397 3638 3414 3662 ,

1833 3714 1943 3768 quo
1975 3697 2141 3751 vitam
2197 3709 2535 3764 regnumque
2583 3701 2846 3747 internum
2901 3706 3334 3761 consequamur;
3362 3703 3418 3746 ct

1834 3806 1903 3846 ne
1933 3790 2222 3845 audiamus
2252 3802 2395 3842 nunc
2443 3786 2660 3855 quidem
2696 3803 2711 3840 :
2754 3784 2860 3850 Qui
2905 3801 3010 3838 non
3046 3784 3218 3837 obedit
3254 3782 3414 3846 Filio,

1836 3901 1938 3937 non
1973 3881 2164 3936 videbit
2190 3882 2350 3932 vitam
2377 3893 2393 3932 :
2429 3879 2518 3933 sed
2548 3879 2633 3930 ira
2667 3875 2764 3930 Dei
2804 3885 2980 3928 manet
3003 3890 3160 3943 super
3180 3891 3296 3927 eum
3325 3874 3413 3937 ἰς

1836 3979 1889 4032 in
1943 3977 2128 4030 futuro
2158 3981 2336 4027 autem
2369 3970 2593 4038 SiCCUIO,
2630 3967 2825 4022 Nescio
2855 3968 2994 4020 unde
3027 3968 3143 4019 sitis
3175 3967 3218 3998 ⁸⁵
3257 3982 3270 4019 :
3315 3965 3413 4020 sed

1834 4067 2173 4122 henedictam
2204 4065 2383 4134 potius
2420 4061 2565 4115 illam
2601 4075 2787 4114 vocem
2816 4058 3188 4126 excipiamus:
3212 4055 3419 4121 Venite,

1834 4158 2090 4214 benedicti
2118 4154 2298 4208 Patris
2331 4153 2467 4216 mei,
2498 4151 2746 4218 percipite
2772 4165 2991 4217 regnum
3024 4148 3165 4201 vobis
3199 4161 3414 4216 μητρα-

1835 4264 2014 4306 ratum
2072 4248 2116 4280 "
2151 4285 2166 4311 ,
2223 4246 2480 4316 quoniam
2528 4243 2756 4298 salutem
2793 4252 3028 4296 vestram
3080 4242 3413 4294 esurientem

1837 4362 1925 4400 me
1955 4359 2048 4412 per
2075 4339 2512 4396 observationem
2547 4335 2928 4389 mandatorum
2970 4347 3219 4387 meorum
3262 4331 3419 4400 pavi-

1838 4439 1959 4498 stis,
1993 4433 2243 4502 potastis,
2279 4429 2602 4493 vestivistis,
2633 4427 2953 4495 collegistis,
2988 4433 3043 4478 et
3086 4424 3312 4479 venistis
3345 4421 3415 4476 ad

1767 4505 1810 4560 θ
1842 4548 1948 4595 me,
1989 4535 2217 4600 purgate
2246 4525 2410 4580 corda
2445 4529 2621 4578 vestra
2651 4523 2719 4575 ab
2748 4522 2896 4576 omni
2926 4520 3160 4582 macula,
3192 4530 3248 4574 et
3287 4533 3413 4574 sor-

1839 4626 2002 4681 dibus
2032 4621 2265 4694 peccati.
2315 4619 2388 4674 De
2414 4618 2626 4688 reliquo
2658 4614 2900 4670 iruimini
2933 4614 3091 4669 bonis
3123 4615 3256 4667 meis
3285 4627 3415 4667 cum

2356 4805 2402 4836 '°
2431 4804 2590 4857 Joan.
2646 4817 2802 4867 xvu,
2861 4798 2954 4852 2|.
3065 4798 3111 4831 "
3147 4797 3286 4854 Ibid.
3314 4797 3412 4862 25,

2394 4874 2442 4906 ⁸⁸
2470 4871 2609 4929 Ibid.
2645 4873 2738 4929 δι.

1913 4811 1958 4844 ⁷⁸
1997 4808 2136 4864 Ibid.
2190 4807 2244 4861 4.

1836 4883 2030 4939 Matth.
2064 4894 2191 4943 xxv,
2230 4877 2317 4932 12.

1819 5081 2093 5137 Simeonis
2127 5079 2378 5134 oratione
2410 5077 2721 5134 iaciendum
2755 5094 2879 5133 esse
2903 5079 3048 5133 dico.
3107 5078 3241 5134 Nam
3276 5083 3403 5140 illud

1816 5153 2086 5214 οὐσιωδῶς
2133 5150 2358 5209 ὲνώσει.
2393 5164 2490 5204 nec
2540 5150 2606 5202 ad
2656 5148 2859 5212 Deum,
2896 5165 3002 5203 nec
3059 5152 3123 5203 ad
3173 5155 3401 5219 gratiam

1820 5222 2165 5275 referendum
2198 5230 2302 5275 est.
2335 5221 2539 5287 (Neque
2573 5219 2719 5272 enim
2759 5219 2919 5273 homo
2944 5221 3126 5284 justus
3158 5235 3249 5274 aut
3276 5242 3398 5278 cum

1820 5293 1952 5355 Deo,
1991 5300 2085 5346 aut
2119 5307 2246 5344 cum
2304 5292 2477 5356 gratia
2535 5290 2901 5342 essentialiter
2941 5293 3147 5350 unitur)
3182 5293 3273 5344 sed
3327 5294 3394 5346 ad

1819 5366 1992 5417 solam
2064 5361 2507 5425 conjunctionem
2574 5361 2820 5426 corporis
2876 5371 2928 5412 et
2986 5361 3226 5423 animae;
3283 5378 3404 5430 quae

1823 5433 2008 5499 utique
2055 5431 2365 5486 cssentialis
2411 5439 2528 5494 est;
2557 5436 2611 5481 et
2657 5431 2782 5497 quia
2833 5444 3072 5496 corpus,
3120 5431 3300 5485 anima
3347 5441 3402 5486 et

1824 5504 1994 5571 gratia
2040 5513 2170 5556 sunt
2223 5515 2310 5553 res
2359 5501 2512 5553 trina:
2561 5500 2614 5551 in
2643 5502 2851 5571 eodem
2892 5502 3234 5568 coinposito;
3277 5503 3398 5556 ideo

1823 5569 1896 5625 ait
1939 5573 2211 5625 hominem
2249 5586 2343 5632 per
2366 5573 2595 5637 gratiam
2631 5569 2742 5623 fieri
2777 5569 2900 5622 Θεὸν
2938 5571 3392 5639 τρισυπὸπτατον.

1825 5643 1922 5696 Ubi
1975 5656 2076 5693 vox
2133 5640 2564 5710 τρισυπόστατος
2608 5640 2904 5709 impr0prie
2982 5649 3036 5694 et
3101 5642 3402 5696 secundum

1822 5712 2232 5766 similitudinem
2281 5711 2454 5780 accipi
2495 5710 2694 5776 debet;
2731 5721 2789 5766 ut
2830 5712 2944 5780 ipse
2998 5711 3221 5765 Sinicon
3266 5714 3401 5768 satis

1822 5796 2094 5853 superque
2123 5780 2382 5838 declarat.
