4170 6452
741 357 854 422 455

1984 352 2368 413 SYMEONIS
2409 353 2779 414 JUNIORIS

3905 352 4012 413 456

742 471 1022 538 voluptate
1089 468 1456 537 inexplicabili
1489 508 1504 534 ,
1560 483 1681 522 cum
1739 467 1849 520 vita
1913 468 2203 521 immortali
2262 481 2325 520 ac
2357 472 2400 528 Α
2435 470 2639 532 adhuc,
2671 480 2724 524 et
2757 471 2995 539 quodam
3021 485 3188 525 onere
3222 470 3597 541 prcssus,vint
3624 476 3683 524 ut
3709 484 3820 524 uno
3846 473 4012 524 vet'ho

744 563 1073 632 sempiterna
1103 602 1117 626 ,
1147 577 1252 631 qua
1285 563 1562 628 conti-gat
1598 576 1698 615 nos
1738 574 1932 614 omnes
1972 561 2165 627 potiri,
2204 576 2326 627 gra-

745 657 815 709 tia
843 664 898 710 et
937 654 1274 724 benignitate
1318 654 1530 708 Domini
1565 654 1741 709 nostri
1785 653 1915 708 .lesu
1945 650 2150 705 Christi
2183 692 2197 715 ,
2239 652 2324 704 cui

747 747 921 816 gloria
953 755 1006 800 et
1045 746 1333 815 imperium
1365 762 1487 799 cum
1515 745 1677 801 Patre
1706 745 1961 818 principii
1991 753 2240 813 experte,
2274 753 2329 798 et

747 837 1094 891 sanctissimo
1129 837 1450 905 viviﬁcoque
1500 837 1706 908 Spiritu
1758 850 1904 891 nunc
1931 843 1985 889 et
2011 849 2245 905 semper,
2276 843 2330 890 ct

747 941 842 996 per
867 926 1073 980 infinita
1108 925 1323 980 saecula.
1354 928 1547 980 Amen.

1265 1037 1526 1094 ORATIO
1550 1038 1795 1094 XXVIII.

1345 1154 1744 1210 Ancumssrcu.

750 1243 1255 1321 Decorritptoribus
1303 1262 1384 1321 _ac
1411 1248 1673 1313 pestiferis
1703 1249 1996 1321 hominibus
2037 1249 2325 1321 fugiendis,

820 1314 984 1383 deque
1015 1315 1360 1381 repudiandis
1395 1333 1579 1369 eorum
1634 1320 1987 1377 sermonibus,
2029 1314 2075 1374 et
2099 1314 2327 1377 'cultura

820 1387 1031 1437 virtutis
1065 1385 1392 1451 arripienda.
1425 1387 1498 1438 De
1523 1388 1715 1438 indicio
1742 1390 2002 1442 libertatis
2033 1394 2248 1456 animte,
2279 1403 2328 1445 et

821 1456 935 1521 quis
988 1471 1188 1526 crucem
1250 1472 1400 1507 suam
1458 1457 1664 1526 tollens,
1721 1456 1997 1512 Christum
2057 1473 2326 1526 sequatur.

822 1525 1282 1588 Quemadmodum
1311 1526 1490 1589 ﬁdeles
1519 1525 1612 1578 Dei
1645 1529 1792 1579 bonis
1820 1525 2183 1594 ine/fabiiibus
2216 1543 2328 1583 tum

823 1597 874 1645 in
903 1597 997 1646 hoc
1041 1605 1149 1648 tum
1183 1598 1234 1646 in
1261 1596 1442 1661 futuro
1488 1597 1683 1669 steculo
1720 1599 1994 1664 fruantur.
2061 1601 2134 1653 De
2175 1603 2329 1669 justo

824 1665 919 1717 Dei
954 1682 1109 1732 super
1131 1667 1316 1731 justis,
1347 1676 1393 1717 et
1419 1668 1784 1732 peccatoribus
1819 1670 2048 1736 judicio.

825 1753 1091 1823 Quisquis
1139 1757 1306 1808 Deum
1342 1757 1590 1810 invenire
1620 1760 1918 1823 desiderat,
1971 1763 2199 1833 abneget
2247 1779 2331 1818 δεξ-

754 1847 1072 1914 metipsutn,
1104 1855 1156 1900 et
1185 1848 1384 1901 animae
1436 1863 1547 1901 sua:
1583 1865 1648 1902 ne
1687 1860 1877 1918 parcat
1912 1869 1924 1904 :
1961 1853 2054 1907 sed
2093 1855 2332 1908 inimici-

750 1940 861 1994 tias
895 1941 1036 1994 inter
1067 1955 1148 2002 se,
1178 1950 1230 1994 et
1261 1955 1454 1993 omnes
1501 1942 1808 1996 secundum
1855 1960 2074 2001 carnem
2139 1948 2334 2002 ambu-

759 2030 940 2081 lantes
1010 2039 1221 2098 ponat,
1292 2045 1358 2083 ne
1427 2031 1664 2101 alicujus
1732 2034 1928 2086 borum
1988 2037 2335 2092 sermonibus

753 2122 1082 2175 hortatoriis
1115 2121 1402 2186 incitatus,
1453 2134 1600 2178 retro
1649 2137 2022 2181 convertatur.
2085 2128 2163 2183 Ne
2210 2146 2334 2182 cum

756 2212 918 2267 iisin
974 2213 1236 2267 cathedra
1297 2214 1523 2280 sedeat;
1574 2231 1674 2269 nec
1735 2217 2010 2286 colloquia
2062 2233 2185 2273 cum
2230 2221 2338 2275 illis

753 2306 899 2357 mala
935 2314 1103 2368 serat,
1137 2321 1232 2373 per
1264 2322 1384 2376 quae
1420 2309 1574 2361 virus
1617 2310 1670 2360 in
1707 2310 1946 2362 animam
1983 2310 2333 2377 infundatur,

753 2408 810 2451 et
842 2398 958 2466 ipse
997 2399 1272 2466 prioribus
1366 2415 1603 2469 nequam
1665 2403 1935 2467 consiliis,
1988 2405 2340 2474 cogitationi-

758 2491 972 2559 busque
999 2492 1280 2546 immorari
1319 2503 1573 2562 cegatur.
1605 2494 1781 2550 llatno
1805 2512 1931 2550 cum
1961 2499 2125 2552 hamo
2151 2516 2335 2554 escam

755 2582 890 2636 time
918 2599 933 2643 ;
969 2584 1094 2636 audi
1121 2594 1299 2644 me,et
1331 2587 1519 2653 prornl
1541 2587 1610 2640 ab
1643 2588 1751 2641 illis
1783 2591 1972 2643 recede
2007 2606 2071 2644 ne
2097 2594 2337 2647 animam

765 2681 913 2724 tuam
971 2673 1168 2726 iterum
1221 2675 1285 2726 ad
1339 2674 1546 2730 inferos
1594 2677 1859 2732 deducas.
1915 2679 2144 2734 Mentem
2191 2691 2340 2736 tuam

761 2768 888 2833 lige,
918 2774 970 2818 et
1001 2767 1314 2832 constabili,
1358 2777 1410 2822 et
1444 2783 1513 2822 ne
1561 2771 1704 2822 illam
1741 2773 1807 2824 ad
1857 2788 2015 2839 vana,
2064 2783 2117 2827 et
2159 2775 2340 2829 inania

763 2856 1037 2909 audienda
1075 2859 1260 2926 vagari
1293 2861 1466 2915 sinas.
1504 2860 1581 2916 Ne
1609 2864 1800 2932 pedem
1830 2866 2060 2921 referas.
2090 2868 2167 2921 Ne
2193 2871 2344 2939 piger

759 2949 859 3011 sis,
905 2963 1041 3002 neve
1074 2952 1328 3005 socordia
1352 2969 1596 3022 gravere,
1655 2967 1708 3008 et
1751 2961 2082 3027 Opprimat‘e.
2137 2960 2214 3016 Ne
2251 2964 2346 3018 des

761 3056 1016 3094 somnum
1057 3044 1234 3098 oculis
1263 3047 1390 3107 tuis,
1431 3062 1537 3100 neu
1566 3058 1752 3116 guttur
1785 3060 1938 3105 tuum
1964 3054 2202 3122 alicujus
2234 3056 2343 3110 cibi

2431 561 2636 623 dicam,
2693 574 2758 613 ac
2815 561 3160 630 tyrannidem
3215 575 3276 614 se
3318 561 3535 630 perpeti
3583 559 3885 620 existimat,
3947 573 4012 611 ac

2432 651 2663 720 proinde
2719 651 2926 706 invitus
2989 652 3075 707 his
3141 651 3418 722 fungitur,
3487 666 3556 705 ne
3598 649 3647 705 is
3684 666 3715 704 e
3755 649 4014 702 manibus

2431 744 2634 798 diaboli
2661 760 2717 798 se
2738 746 3000 811 evasisse,
3038 761 3227 799 verum
3262 744 3498 813 improbi
3527 744 3745 814 tyranni
3783 741 4016 811 imperio

2431 839 2597 890 etiam
2633 853 2762 890 num
2798 837 3110 906 subjectum
3166 838 3400 907 intelligi
3438 837 3762 891 arbitretur.
3794 835 3892 887 Ast
3925 834 4015 885 ul-i

2433 943 2558 983 cum
2616 929 2816 998 gaudio
2869 937 2922 984 et
2971 931 3318 1001 jucunditate
3373 930 3542 983 animi
3575 945 3633 984 se
3671 935 3920 981 orantem
3955 942 4018 977 ac

2431 1022 2784 1090 psallentem,
2818 1033 3170 1093 mentemque
3218 1024 3405 1076 omnia
3441 1024 3609 1093 hujus
3643 1024 3772 1074 vita:
3806 1019 4020 1072 blandi-

2434 1125 2637 1181 menta,
2673 1127 2726 1169 et
2748 1114 3014 1184 quidquid
3041 1131 3101 1169 ea
3137 1117 3190 1169 in
3225 1117 3401 1185 pretio
3425 1116 3612 1178 habet,
3635 1119 4018 1168 exsecrantem

2433 1209 2780 1274 cognoverit,
2840 1218 2953 1261 tum
2999 1209 3222 1262 demum
3272 1209 3376 1262 sub
3425 1207 3634 1261 Christi
3689 1219 3920 1274 regnum
3962 1217 4022 1254 se

2434 1299 2774 1354 successisse
2811 1299 3023 1354 credat.
3066 1299 3182 1353 Hoc
3223 1299 3622 1370 redemptionis
3661 1308 3712 1350 et
3747 1296 4024 1351 libertatis

2436 1389 2790 1445 manifestum
2824 1402 3211 1462 argumentum
3247 1401 3354 1458 est,
3387 1393 3457 1447 de
3482 1406 3591 1461 qua
3619 1390 3842 1459 scripsit
3871 1388 4024 1455 Apo-

2435 1483 2656 1537 stolus:
2695 1481 2765 1537 In
2800 1485 3067 1551 libertate,
3129 1501 3235 1555 qua
3303 1502 3398 1538 nos
3452 1483 3695 1538 Christus
3755 1482 4025 1540 liberarit,

2433 1583 2572 1628 state
2601 1574 2668 1627 ⁸⁸.
2729 1575 2873 1644 Ergo
2946 1578 3331 1646 unusquisque
3383 1575 3449 1629 ad
3504 1576 3649 1628 hanc
3709 1575 4026 1626 libertatein

2435 1666 2847 1734 adipiscendam
2885 1677 3166 1737 properet,
3200 1683 3437 1736 eamque
3465 1681 3495 1718 a
3527 1665 3755 1719 Christo
3787 1662 4022 1728 “:Igilt-l.

2436 1757 2533 1812 Sin
2562 1767 2882 1814 consuetam
2921 1761 3156 1829 synaxin
3217 1760 3448 1814 moleste
3480 1758 3607 1824 fert,
3640 1767 3694 1811 et
3731 1757 4000 1826 longitndi

2439 1851 2526 1903 nis
2555 1851 2911 1922 hymnorum,
2968 1852 3062 1918 qui
3110 1850 3223 1904 Deo
3271 1861 3551 1905 canuntur
3587 1866 3711 1904 eum
3750 1850 3936 1910 taedet,
3976 1857 4029 1899 et

2440 1943 2733 2014 frangitur,
2765 1944 3018 2014 profecto
3054 1945 3233 1998 nescit
3269 1963 3282 1997 :
3320 1943 3495 2010 Quam
3525 1943 3708 1997 dulcia
3758 1944 3870 1995 sint
3919 1941 4031 1994 els-

2437 2039 2561 2108 quia
2597 2035 2692 2090 Dei
2723 2037 2776 2110 in
2815 2038 3062 2106 faucibus
3095 2037 3436 2106 diligentiam
3466 2053 3608 2099 eum,
3641 2045 3692 2088 et
3729 2050 3892 2102 super
3925 2034 4030 2085 mel

2441 2146 2501 2182 ac
2533 2129 2715 2198 favum
2750 2129 2803 2181 in
2830 2147 2920 2184 ore
2946 2131 3377 2199 cognoscentium
3407 2130 3582 2194 ipsum
3614 2127 3659 2159 ”
3696 2145 3707 2177 :
3746 2127 3842 2181 sed
3879 2134 4032 2178 totus

2441 2238 2594 2286 caro,
2648 2238 2849 2293 nempe
2910 2225 3120 2278 carnali
3180 2224 3448 2292 praeditus
3497 2221 3705 2280 animo,
3748 2230 3803 2273 et
3846 2219 4026 2285 magis

2442 2317 2655 2370 carnali
2708 2332 2898 2380 scnsu,
2954 2332 3061 2370 non
3106 2325 3286 2385 potest
3347 2314 3720 2384 spiritualiter
3779 2319 4030 2380 gustare,

2441 2424 2563 2477 qua:
2590 2425 2621 2462 a
2655 2408 2762 2462 Deo
2791 2411 2918 2463 data
2947 2417 3076 2464 sunt
3110 2409 3268 2462 nobis
3301 2408 3588 2471 beneficia,
3615 2419 3807 2458 verum
3843 2402 4030 2454 omnia

2442 2502 2626 2556 divina
2657 2503 2704 2556 ei
2735 2517 2920 2557 amara
2956 2503 3244 2567 videntur;
3285 2511 3338 2554 et
3373 2500 3505 2553 illud
3542 2521 3553 2551 :
3584 2499 3829 2559 Custate,
3861 2505 3911 2547 et
3947 2496 4026 2548 ri-

2442 2598 2579 2662 dete,
2615 2597 2867 2666 quoniam
2903 2598 3080 2649 suavis
3109 2606 3186 2649 est
3223 2595 3480 2648 Dominus
3499 2594 3568 2658 ’°,
3601 2593 3840 2660 ignorat.
3873 2589 4029 2655 Quod

2445 2690 2538 2758 qui
2575 2689 2860 2743 evidenter
2909 2704 3019 2743 non
3070 2689 3196 2750 scit,
3232 2703 3261 2740 a
3299 2687 3603 2748 charitate,
3647 2693 3703 2737 et
3744 2683 4034 2736 dulcedine

2448 2780 2541 2834 Dei
2569 2782 2784 2834 alienus
2820 2791 2928 2834 est.
2987 2780 3089 2845 Qui
3149 2793 3313 2846 porro
3350 2785 3546 2848 gustus
3592 2776 3787 2828 borum
3839 2789 4036 2827 exsors

2447 2879 2554 2932 est,
2592 2872 2725 2938 proh
2750 2870 2941 2923 dolor!
2973 2869 3062 2923 Dei
3101 2869 3380 2932 inimicus,
3413 2877 3467 2921 et
3498 2883 3526 2918 a
3558 2882 3728 2937 regno
3765 2866 4034 2918 caelorum

2447 2973 2770 3027 extraneus,
2805 2978 2870 3016 ac
2903 2964 3230 3030 peregrinus
3267 2969 3376 3015 est.
3406 2960 3583 3024 Quam
3613 2960 3786 3016 enim,
3820 2972 4034 3024 qumsn.

2450 3055 2613 3108 aliam
2667 3069 2820 3123 spem
2877 3053 3120 3116 habebit,
3174 3061 3269 3106 aut
3325 3053 3489 3120 cujus
3549 3050 3689 3103 alius
3741 3049 4040 3102 dilectione

761 3133 1039 3188 suavitate
1079 3134 1421 3203 demulceas,
1485 3140 1661 3196 donec
1717 3143 1909 3198 videas
1965 3160 2062 3214 per
2102 3147 2257 3217 quid,
2293 3158 2345 3203 et
2372 3156 2416 3214 ο
2452 3146 2868 3216 implicabitur,
2929 3154 3024 3198 aut
3066 3160 3093 3197 a
3144 3159 3256 3214 quo
3305 3143 3748 3198 consolationem
3787 3155 3884 3191 seu
3921 3138 4036 3200 hic,

762 3231 990 3292 propter
1017 3226 1150 3295 quid
1182 3228 1360 3280 vocati
1408 3230 1606 3296 simus,
1645 3243 1696 3285 et
1728 3249 1994 3302 quorsum
2034 3239 2341 3292 secundum

764 3329 991 3382 scopum
1050 3326 1206 3371 tuum
1241 3319 1494 3375 fesrines.
1530 3323 1854 3391 l‘lujusmodi
1892 3330 2344 3396 cogitationibus,

760 3420 888 3460 cum
925 3420 978 3461 te
1008 3411 1306 3474 subierint,
1344 3412 1526 3468 locum
1574 3432 1680 3470 non
1717 3419 2018 3488 relinques.
2068 3422 2208 3488 Quid
2245 3424 2345 3479 tibi

764 3497 972 3561 labore,
1017 3509 1071 3554 et
1102 3502 1209 3557 ista
1247 3505 1565 3574 importuna
1603 3509 1996 3581 defatigatione
2030 3529 2168 3584 opus
2219 3518 2347 3570 est?

761 3588 1004 3656 Tempus
1050 3594 1166 3661 jam
1203 3598 1521 3664 implevisti,
1573 3602 1688 3655 haec
1737 3603 1821 3657 bis
1869 3615 2059 3674 terque
2106 3608 2342 3674 faciens,

763 3697 866 3738 nec
899 3685 1068 3738 ullum
1101 3687 1226 3742 inde
1259 3688 1500 3744 fructum
1529 3696 1878 3762 perspexisti.
1920 3695 2020 3760 Ne,
2047 3699 2216 3753 frater
2248 3703 2344 3767 mi,

763 3791 835 3828 ne
897 3779 1001 3830 hoc
1048 3778 1248 3848 laqueo
1292 3782 1612 3851 impliceris,
1674 3802 1811 3842 neve
1866 3792 2066 3858 prodas
2113 3794 2347 3848 salutem

765 3876 917 3921 tuam
955 3887 971 3924 :
1009 3872 1102 3926 sed
1168 3873 1474 3943 impensius
1516 3893 1579 3931 ac
1631 3884 1955 3948 generosius
2009 3885 2074 3937 ad
2128 3887 2348 3943 virtutis

762 3973 901 4029 Opus
929 3962 1184 4019 incumbe
1209 3967 1410 4034 potius,
1443 3968 1775 4040 Patrumque
1800 3982 2018 4028 tuorum
2044 3980 2346 4033 secundum

769 4050 941 4107 Deum
994 4056 1370 4122 sermonibus,
1429 4071 1485 4113 ct
1538 4061 1982 4120 institutionibus
2034 4084 2100 4122 ne
2146 4071 2347 4126 diilide.

764 4139 1054 4196 Constitue
1086 4145 1253 4211 igitur
1286 4148 1432 4216 apud
1471 4150 1738 4216 animum,
1767 4167 1798 4205 a
1830 4156 1938 4208 vita
1964 4156 2152 4219 citius,
2183 4176 2345 4227 quam

767 4233 839 4286 ab
883 4234 985 4288 hac
1019 4236 1173 4290 vitali
1231 4238 1591 4308 inquisitione
1630 4244 1936 4301 discedere.
1985 4248 2141 4313 Quod
2188 4251 2230 4305 si
2280 4252 2348 4305 ab

767 4324 926 4381 initio
960 4329 1093 4383 nihil
1126 4342 1423 4387 cunctatus
1461 4333 1711 4403 fecisses,
1749 4339 2020 4409 benignus
2061 4341 2202 4397 Deus
2239 4361 2346 4398 non

768 4423 822 4468 te
861 4415 1232 4486 despexisset,
1279 4422 1486 4493 tibique
1530 4425 1787 4482 desiderii
1828 4431 1908 4483 tui
1955 4431 2199 4487 fructum
2250 4451 2348 4504 pro

766 4518 922 4561 CCI‘IO
955 4523 1346 4568 COHCCSSISSCL

845 4623 1015 4676 Media
1082 4635 1243 4679 nocte
1294 4641 1674 4694 experrectus,
1733 4644 2009 4689 memento
2072 4637 2192 4704 ejus
2255 4641 2346 4707 qui

769 4713 956 4766 dixit:
1000 4713 1177 4768 Media
1213 4728 1363 4770 nocte
1417 4723 1697 4788 surgebam
1747 4731 1813 4775 ad
1860 4728 2219 4793 conﬁtendum
2256 4731 2350 4782 tibi

771 4821 925 4872 super
961 4806 1167 4873 judicia
1192 4810 1422 4878 justitite
1454 4821 1559 4866 tute
1587 4813 1657 4866 ".
1697 4814 1760 4867 Et
1807 4821 2013 4883 gratias
2069 4837 2168 4890 age.
2213 4821 2344 4886 Deo,

774 4898 866 4965 qui
901 4906 952 4951 te
976 4900 1038 4951 ad
1074 4901 1262 4957 laudes
1293 4903 1463 4971 ipsius
1491 4906 1770 4962 canendus
1791 4924 2033 4965 esomno
2057 4916 2349 4981 excitavit;

779 4986 976 5056 gaude,
1005 4997 1056 5041 et
1090 4992 1324 5056 exsulta,
1348 4998 1477 5062 quia
1505 4994 1706 5064 dignus
1737 5013 1795 5053 es
1823 4999 2068 5065 habitus,
2098 5005 2189 5071 qui
2224 5021 2352 5058 cum

780 5081 989 5134 sanctis
1013 5081 1220 5149 angelis
1243 5084 1410 5137 Deum
1437 5088 1804 5144 concelebres.
1838 5090 2184 5148 Christianus
2206 5099 2351 5150 enim

778 5181 1058 5238 peccator,
1121 5174 1188 5228 de
1239 5175 1463 5246 flagitiis
1521 5191 1790 5238 anteacta:
1851 5185 1974 5239 vita:
2023 5188 2238 5252 dolens,
2296 5199 2349 5243 ct

776 5265 945 5316 vitam
1000 5265 1113 5320 Deo
1158 5280 1371 5335 gratam
1451 5273 1790 5342 instituens,
1841 5279 1944 5331 nisi
2006 5282 2072 5334 ad
2134 5283 2350 5339 divinas

785 5369 1043 5422 synaxes,
1099 5369 1152 5412 et
1215 5375 1408 5415 sacras
1475 5367 1834 5433 psalmodias,
1891 5379 1943 5423 et
1997 5375 2347 5441 precationes

780 5447 1047 5509 laetitiam,
1080 5451 1444 5516 alacritatem,
1483 5457 1696 5525 taleque
1722 5461 1985 5524 studium,
2012 5472 2062 5516 et
2096 5467 2353 5519 attentio-

781 5554 930 5600 nem,
995 5554 1254 5608 quantam
1301 5554 1355 5599 et
1417 5549 1634 5615 qualem
1687 5562 1843 5606 antea
1902 5554 1967 5608 ad
2015 5557 2350 5626 voluptates,

782 5633 1017 5704 vitaeque
1045 5636 1472 5705 improbitatem,
1507 5644 1783 5709 ostendit;
1811 5647 1906 5700 sed
1932 5649 2075 5702 velut
2097 5651 2351 5706 laborans

863 5750 1084 5830 "Psal.
1157 5769 1350 5822 cxvnt,
1399 5759 1486 5811 (32.
1606 5762 1650 5792 ⁸⁸
1681 5759 1857 5819 Galat.
1911 5783 1986 5830 tv,
2045 5768 2134 5822 5f.

787 5834 901 5885 ινι,
934 5825 1024 5876 27.

1157 5769 1350 5822 cxvttt,
1399 5759 1486 5811 (32.

2240 5770 2284 5801 "
2319 5769 2466 5824 Psal.
2526 5786 2692 5826 cxvnt
2720 5812 2735 5836 ,
2785 5773 2910 5829 105.

2451 3256 2548 3296 seu
2581 3247 2705 3309 post
2737 3240 2948 3293 obitum
2983 3239 3268 3292 inveniet?
3302 3238 3359 3291 In
3385 3238 3635 3307 dieivero
3658 3234 3876 3303 judicii,
3901 3235 4032 3301 quid

2450 3332 2832 3400 respondebit,
2860 3331 3086 3400 quando
3115 3330 3374 3385 Christus
3416 3330 3598 3382 veniet
3624 3329 3859 3381 reddere
3915 3328 4040 3378 uni-

2450 3425 2653 3493 cuique
2702 3423 3008 3477 secundum
3055 3436 3224 3490 opera
3271 3435 3368 3474 sua
3393 3422 3436 3452 “
3478 3420 3747 3487 :quando
3780 3432 3809 3470 a
3849 3432 4038 3468 mona-

2451 3513 2595 3578 chis,
2622 3513 2713 3582 qui
2746 3528 2804 3566 se
2831 3512 2908 3564 illi
2939 3526 3124 3566 coram
3162 3511 3349 3564 multis
3382 3511 3615 3563 testibus
3645 3517 4037 3577 aggregarnnt,

2451 3615 2608 3674 pacta
2639 3620 2760 3673 qua:
2795 3605 2862 3657 ad
2897 3615 3147 3658 sanctum
3212 3603 3420 3665 altare,
3467 3612 3524 3654 et
3572 3617 3757 3654 coram
3816 3603 4034 3654 Sanctis

2451 3695 2663 3764 angelis
2689 3696 2810 3762 ejus
2851 3696 3198 3764 praestituros
3259 3710 3323 3748 ac.
3355 3704 3676 3750 servaturos
3713 3709 3772 3746 se
3809 3695 4034 3762 pepige-

2451 3799 2600 3853 runt,
2645 3791 2919 3858 requiret.

2521 3900 2663 3967 Quid
2698 3902 2845 3954 enim
2880 3899 3201 3970 interrogati
3231 3897 3679 3969 respondemus?
3713 3897 3939 3959 Annon,
3970 3901 4035 3948 ad

2453 4001 2709 4049 sanctum
2769 3993 2970 4058 altare,
3005 4002 3056 4047 et
3098 3992 3167 4046 ad
3203 4006 3424 4045 sacrum
3482 3991 3628 4043 hunc
3677 3999 4037 4052 conventum,

2451 4087 2618 4139 vitam
2679 4087 3062 4149 monasticam,
3095 4093 3150 4138 et
3200 4086 3322 4137 vitae
3374 4083 3686 4137 institutum
3725 4084 4039 4152 angelicum

2451 4179 2650 4232 sectari
2686 4178 3067 4231 desiderantes
3115 4191 3216 4230 nos
3243 4176 3592 4230 accessisse?
3622 4175 3764 4242 Quid
3795 4178 3942 4230 enim
3974 4177 4041 4228 ad

2452 4272 2667 4339 singula
2699 4269 3036 4325 referimus?
3076 4285 3260 4323 nonne
3305 4269 3436 4321 illud
3467 4286 3481 4320 :
3509 4267 3710 4325 Etiam,
3747 4283 4044 4319 venerande

2453 4361 2613 4416 Pater
2644 4366 2667 4416 .’
2700 4363 2973 4416 Sacerdos
3002 4371 3207 4424 autem,
3241 4361 3371 4429 quid
3413 4375 3635 4412 rursum
3676 4361 3833 4412 nobis
3862 4360 3999 4410 dicit
4026 4365 4044 4408 ’ξ

2456 4455 2686 4518 Scitote,
2723 4456 2942 4519 fratres,
2981 4457 3195 4508 venisse
3225 4469 3343 4516 vos,
3373 4462 3430 4504 nt
3460 4453 3728 4503 militibus
3763 4467 3827 4502 ac.
3865 4451 4044 4502 famu-

2383 4529 2428 4584 Ῑ)
2459 4545 2525 4599 lis
2556 4544 2765 4598 Christi
2829 4546 2974 4614 regis
3005 4545 3249 4598 caelestis
3292 4541 3757 4602 adnumeretnini,
3809 4541 4042 4611 ideoque

2458 4632 2526 4684 ad
2561 4635 2891 4687 tentationes
2925 4650 3020 4686 vos
3057 4643 3400 4702 comparate.
3447 4631 3716 4685 Videbitis
3745 4635 3898 4687 enim
3933 4637 4038 4698 jam

2458 4725 2584 4779 hinc
2639 4727 2922 4778 inimicum
2974 4742 3167 4780 omnes
3231 4736 3377 4779 artes
3413 4740 3545 4780 suas
3597 4725 3893 4778 adversum
3949 4742 4043 4776 γει,

2455 4817 2759 4871 ferventius
2789 4819 3055 4887 experiri.
3095 4818 3388 4888 Oportebit
3428 4817 3598 4886 igitur
3620 4826 3675 4870 et
3709 4816 3951 4879 esurire,
3994 4826 4043 4866 rt

2455 4911 2632 4972 sitire,
2679 4921 2734 4964 et
2787 4911 2990 4979 algere,
3055 4911 3413 4980 ignominiam
3452 4909 3725 4977 accipere,
3783 4911 4040 4978 conspui,

2461 5002 2635 5069 alapis
2661 5002 2817 5064 caedi,
2871 5003 3232 5066 subsannari,
3266 5011 3321 5055 et
3351 5002 3561 5070 quaevis
3593 5003 3780 5053 tristia
3819 5011 4044 5070 prepter

2462 5093 2633 5147 Deum
2698 5095 2960 5163 perferre.
3022 5093 3163 5158 Quid
3223 5107 3324 5147 nos
3373 5101 3488 5146 tum
3539 5093 3607 5146 ad
3646 5093 3798 5147 ista?
3860 5107 4044 5146 nonne

2460 5199 2724 5253 passuros
2794 5195 2848 5239 et
2900 5185 3239 5239 toleraturos
3294 5185 3482 5236 omnia
3548 5183 3945 5251 promittimus,
3994 5193 4040 5236 et

2461 5279 2594 5332 illud
2621 5280 2866 5333 solemne
2895 5297 2908 5333 :
2948 5277 3150 5345 Etiam,
3186 5278 3477 5331 reverende
3505 5277 3690 5341 Pater,
3723 5279 3791 5331 ad
3819 5293 4041 5332 omnem

2461 5371 2957 5440 interrogationem
3012 5387 3106 5440 per
3166 5371 3486 5439 patientiam
3544 5370 3897 5425 ferendorum
3956 5373 4040 5423 in-

2463 5466 2880 5518 commodorum
2930 5466 3332 5520 enuntiamus?
3381 5465 3575 5518 Nonne
3617 5467 4038 5526 continentiam,

2461 5557 2701 5626 vigilias,
2755 5558 3129 5612 obedientiam
3169 5573 3345 5629 usque
3397 5559 3465 5611 ad
3510 5567 3744 5612 mortem
3784 5569 4039 5612 servatu-

2465 5665 2577 5714 ros,
2619 5652 2936 5722 praeposito,
3003 5656 3216 5724 totique
3271 5653 3505 5707 fratrum
3561 5653 3796 5723 collegio
3857 5668 4038 5704 (mam

3015 5776 3060 5808 ’°
3109 5775 3258 5833 Psal.
3342 5791 3549 5838 χχχιιι,
3596 5775 3650 5828 9.
3761 5776 3805 5808 ἰ
3850 5773 4017 5828 Matt't
