4170 6452
142 391 246 452 ιςτ

1470 384 1756 446 ()RA'l‘lU
1792 381 2069 443 XXVI”.

3284 373 3394 437 458

147 506 250 558 Deo
274 516 328 559 ct
353 504 563 572 angeli:
586 502 1199 573 promittimustQuam
1230 501 1300 555 ob
1336 514 1558 555 causam
1585 517 1716 555 vero
1746 515 1786 568 Α
1821 502 1937 561 bus,
1987 507 2036 552 et
2079 497 2201 552 tolle
2256 513 2462 550 crucem
2507 506 2676 561 tuam,
2718 506 2767 551 et
2815 498 2931 551 veni
2966 511 3180 563 sequere
3220 510 3299 549 me
3319 498 3390 561 θ’,

146 597 401 657 militare,
432 596 756 665 Christique
820 594 1180 648 bellatoribus
1206 594 1484 648 accettseri
1544 594 1718 647 volui-

146 688 314 741 mus?
349 703 536 742 nonne
575 696 636 741 ut
670 697 863 741 centra
903 688 1092 742 hostes
1134 688 1237 742 sub
1271 694 1557 756 aspectum
1606 700 1716 739 non

146 778 433 833 venientes
465 794 859 848 pugnaremus,
897 787 955 832 ut
988 790 1182 833 contra
1212 768 1720 834 eoneitatosjanimi

148 884 329 926 nzotus
350 872 557 927 bellum
591 888 1017 942 capesseremus
1044 873 1068 926 ἒ
1104 873 1167 927 Et
1198 887 1365 936 nunc,
1400 872 1629 941 perinde
1661 878 1721 925 ut

148 968 192 1019 si
222 975 385 1034 pacta
420 976 692 1020 conventa
742 982 905 1021 nemo
936 982 965 1020 a
992 967 1151 1021 nobis
1179 978 1482 1020 exacturus
1518 966 1591 1019 sit
1619 981 1722 1021 nos

148 1057 439 1123 gerimus:
480 1056 759 1124 solutique
802 1040 1000 1109 timore
1045 1055 1140 1109 Dei
1195 1065 1252 1109 et
1305 1055 1559 1109 mandata
1604 1056 1723 1120 ejus

146 1157 567 1203 contemnentes
616 1148 874 1201 vivimus.
910 1146 1042 1201 Mihi
1089 1148 1341 1216 equidem
1381 1147 1434 1199 in
1487 1155 1723 1201 mentem

146 1242 293 1294 venit
347 1238 658 1301 admirari,
717 1238 996 1307 quomodo
1054 1237 1109 1291 in
1169 1245 1380 1289 tantam
1433 1235 1725 1306 caliginem

148 1328 708 1402 praecipitaveritnus,
743 1332 1040 1398 omniaque
1094 1344 1218 1382 cum
1268 1329 1578 1382 animorum
1626 1343 1726 1381 no-

146 1436 392 1478 strorum
419 1424 751 1477 detrimento
778 1423 1041 1476 faciamus
1080 1439 1093 1475 :
1134 1436 1370 1490 cumque
1405 1418 1728 1487 nosmetipsi

145 1517 486 1587 jugulemus,
516 1518 569 1571 id
600 1526 858 1584 tanquam
900 1515 1004 1568 vivi
1046 1527 1111 1568 ac
1134 1516 1463 1579 superstites
1487 1527 1598 1566 non
1630 1526 1730 1564 cu-

151 1625 382 1663 remus:
417 1620 620 1662 etcum
646 1608 752 1677 ipsi
786 1622 884 1661 nos
924 1615 1278 1674 peccatorum
1316 1604 1553 1658 vinculis
1595 1619 1731 1658 cou-

150 1701 524 1768 stringamus,
571 1702 745 1753 etiam
795 1697 1056 1763 gaudium
1093 1698 1389 1764 agitemus,
1421 1696 1734 1749 committa-

151 1809 391 1861 mnsque
416 1792 603 1845 omnia
628 1806 749 1860 quae
778 1789 920 1844 Deus
953 1790 1090 1852 odit,
1118 1802 1171 1843 et
1196 1804 1318 1859 qua:
1340 1788 1394 1841 in
1425 1790 1733 1858 gehennam

1823 591 2178 653 tentationes,
2214 604 2278 643 ac
2309 588 2703 644 tribulationcs
2746 589 2929 643 crucis
2977 590 3201 643 nomine
3258 588 3396 644 insi~

1822 696 2023 736 nnans.
2065 680 2204 735 Dare
2230 694 2398 750 porro
2436 682 2644 745 omnia,
2683 683 2945 749 pecunias
2972 696 3047 736 ac
3078 680 3395 749 possessio-

1832 788 1952 835 nes,
2029 772 2349 828 incursibus
2401 781 2586 825 autem
2640 773 3005 827 teutationum
3062 774 3396 843 reliquorum

1824 867 2152 920 acerborum
2229 880 2294 920 ac
2349 848 2709 919 niolestorum
2769 883 2880 921 non
2931 868 3152 921 excelso
3210 868 3396 924 animo

1826 958 2112 1023 resistere,
2143 960 2343 1014 animae
2382 960 2610 1030 ignavae,
2644 974 2707 1013 ac
2738 976 2835 1014 sua
2860 964 3147 1015 commoda
3176 973 3285 1015 non
3312 963 3399 1014 in-

1829 1053 2126 1122 telligentis
2158 1055 2291 1107 mihi
2330 1056 2575 1109 videtur.
2635 1053 2780 1108 Nihil
2825 1056 2969 1108 enim
2999 1056 3253 1123 pecuniis
3282 1065 3405 1109 tan-

1827 1140 2115 1195 tummodo
2163 1142 2395 1212 aliisque
2422 1148 2587 1199 rebus
2623 1144 2950 1211 ahjicieudis
2978 1160 3041 1199 ac
3067 1145 3402 1212 deferendis,

1827 1240 1882 1287 et
1915 1232 1981 1286 ad
2017 1232 2186 1285 vitam
2220 1233 2522 1288 solitariam
2561 1234 2925 1305 confugiendo
2957 1237 3263 1306 proficitur,
3294 1240 3401 1293 nisi

1832 1323 1886 1377 in
1915 1325 2350 1390 tentationihus,
2386 1335 2441 1381 et
2482 1328 2955 1393 tribulationibus,
3001 1339 3054 1383 et
3097 1330 3405 1386 secundum

1839 1423 2010 1477 Deum
2042 1425 2307 1479 molestiis
2337 1440 2508 1492 usque
2551 1424 2618 1479 ad
2653 1426 2812 1478 linem
2842 1438 3181 1493 perseveres.
3216 1424 3407 1490 Neque

1838 1515 1985 1568 enim
2004 1513 2256 1570 Christus
2274 1516 2416 1569 Deus
2437 1525 2624 1571 noster
2640 1515 2694 1568 in
2716 1529 2897 1569 rerum
2932 1524 3239 1568 nostrarum
3263 1514 3410 1583 abjc-

1834 1602 2041 1664 ctione,
2066 1603 2160 1655 sed
2197 1602 2249 1655 in
2282 1603 2547 1670 patientia
2581 1616 2768 1658 nostra
2794 1604 3008 1659 animas
3032 1613 3251 1660 nostras
3279 1621 3415 1675 pos-

1835 1708 2088 1749 sessuros
2120 1694 2412 1750 atlirmavit
2443 1697 2512 1750 ”.
2537 1696 2884 1751 Facultatum
2935 1698 2991 1752 in
3024 1714 3297 1768 pauperes
3328 1701 3417 1755 di-

1837 1786 2249 1851 stributionem,
2276 1799 2330 1843 et
2356 1788 2540 1858 fugam
2580 1788 2766 1843 saeculi
2804 1790 2998 1843 bonam
3034 1801 3197 1859 atque
3229 1792 3413 1846 utilem

155 1884 297 1952 ignis
337 1883 557 1937 animas
602 1895 822 1937 nostras
869 1882 1189 1943 deturbem,
1228 1890 1283 1933 et
1327 1895 1391 1934 ea
1452 1879 1672 1932 vincula
1703 1894 1732 1932 a
1767 1876 1806 1931 Β
1837 1895 1960 1934 esse
1992 1890 2251 1934 constat:
2288 1892 2663 1936 \erumtamcu
2700 1884 2816 1937 sola
2859 1898 2958 1950 per
2982 1885 3241 1954 seipsam,
3274 1867 3415 1941 citra

154 1977 313 2030 nobis
339 1974 675 2039 auferentes,
700 1975 857 2044 quasi
883 1974 1206 2028 truculentae
1232 1972 1447 2035 bestia',
1472 1970 1736 2025 devorare

153 2084 459 2128 torrentur.
496 2068 632 2121 Nam
671 2069 717 2122 si
748 2082 777 2120 a
808 2067 1069 2138 quopiam
1130 2064 1398 2118 fuerimus
1463 2064 1735 2132 impediti,

154 2178 221 2214 ne
251 2158 395 2229 quid
432 2144 626 2213 contra
667 2158 881 2212 animas
930 2168 1154 2211 nostras
1212 2155 1524 2218 moliamur,
1585 2156 1737 2208 illum

155 2270 310 2308 more
345 2267 549 2307 canum
604 2251 925 2305 rabidorum
984 2250 1333 2310 allatramus,
1380 2256 1435 2302 et
1484 2247 1739 2302 comitiis

156 2346 516 2410 incessimus,
552 2358 654 2398 nec
699 2342 1031 2406 desinimus,
1079 2341 1255 2395 donec
1306 2354 1368 2394 re
1428 2347 1740 2409 perpetrata

157 2440 360 2493 animis
394 2438 602 2491 nostris
635 2437 867 2491 exitium
901 2435 1345 2489 conflaverimus.
1372 2430 1733 2487 l’ostmodum

160 2535 225 2585 ad
256 2531 577 2599 bujusmodi
606 2529 1028 2599 perversitatem
1060 2526 1385 2591 assuefacti;
1420 2527 1743 2580 naturaliter

160 2626 429 2695 perversi,
479 2633 645 2691 atque
697 2621 935 2689 improbi
982 2620 1285 2686 reddimur,
1346 2635 1447 2673 nec
1505 2622 1743 2688 amplius

160 2720 304 2773 coelo
338 2727 509 2785 caput
539 2716 729 2769 tollere
771 2716 921 2767 libet.
970 2711 1070 2767 Ubi
1123 2722 1245 2780 post
1295 2711 1581 2765 hominum
1626 2728 1742 2765 mc-

164 2812 398 2862 moriam
430 2809 632 2861 similis
668 2808 1011 2859 machinatio
1058 2807 1247 2858 audita
1300 2805 1429 2859 est?
1463 2804 1600 2868 Quis
1635 2804 1747 2857 dae—

166 2917 292 2958 mon
350 2902 575 2954 modum
627 2898 953 2966 perditionis
998 2900 1102 2951 hoc
1147 2896 1409 2966 majorem
1455 2895 1747 2951 adversum

168 2996 383 3047 animas
416 3002 642 3045 nostras
696 2989 1034 3059 excogitabit
1088 2990 1199 3042 imo
1243 2998 1415 3052 certe,
1462 2988 1593 3057 quid
1646 2990 1749 3042 hoc

167 3088 405 3153 :ttr:pittt§
441 3094 635 3137 contra
665 3098 764 3136 nos
808 3086 1084 3136 daemones
1128 3098 1251 3135 cuzn
1283 3083 1432 3134 omni
1495 3096 1651 3146 cura,
1695 3082 1749 3133 et

169 3176 551 3231 διιιέιςιιυάὶιιο
584 3176 834 3228 invenire
860 3174 1152 3243 poterunt?
1180 3173 1475 3227 Monachos
1500 3173 1617 3226 fore
1645 3188 1748 3227 nos

170 3264 599 3334 spopondimus,
628 3276 679 3318 et
710 3281 778 3317 eu
835 3280 1002 3332 supra
1052 3264 1363 3317 mundanos
1415 3265 1751 3333 improbitati

172 3375 273 3410 nos
310 3355 687 3420 alligavitnus.
722 3355 802 3408 Ad
836 3354 1623 3422 famem,sitim,aﬂlictionem
1662 3374 1755 3411 sn-

174 3449 518 3511 stiuendam,
565 3456 623 3500 ut
657 3458 783 3501 ante
832 3447 1177 3509 dicebamus,
1235 3448 1497 3516 descripti
1539 3465 1752 3514 sumus,

173 3553 227 3592 et
264 3552 493 3609 propter
524 3539 747 3591 unicum
790 3538 948 3605 panis
994 3537 1232 3590 frustum
1279 3539 1456 3606 (quod
1483 3537 1625 3591 forte
1658 3556 1757 3593 ex-

176 3642 257 3684 l.a
312 3632 601 3684 definitum
634 3629 740 3683 cibi
787 3628 1042 3682 sumendi
1108 3638 1329 3696 tempus
1384 3630 1755 3698 requirimus)

176 3725 365 3776 verbis
393 3722 629 3785 velitari,
656 3733 709 3774 et
738 3722 935 3789 probra
970 3720 1172 3786 jactare
1212 3734 1321 3771 non
1358 3720 1756 3773 erubescimus.

176 3813 453 3869 Omnibus
487 3828 608 3882 qua:
634 3812 687 3864 in
721 3813 926 3865 mundo
960 3820 1111 3876 sunt,
1138 3810 1452 3864 rcnumiare
1483 3813 1758 3875 venimus,

179 3909 530 3976 parentibus,
564 3909 812 3973 inquam,
847 3906 1134 3966 fratribus,
1165 3913 1218 3956 et
1250 3904 1463 3963 amicis,
1491 3916 1545 3956 et
1576 3915 1759 3958 tamen

180 4004 303 4055 il.os
333 4004 401 4055 de
422 3999 747 4053 monasterii
774 3998 1007 4067 panibus
1038 3998 1185 4050 alere
1218 3998 1398 4065 potius
1434 4011 1543 4047 non
1572 4011 1761 4049 cessa-

180 4110 324 4149 mus.
381 4093 645 4146 Illondum
716 4101 773 4143 ut
837 4091 1051 4161 hostem
1122 4089 1382 4156 t‘ugimus,
1429 4096 1483 4141 et
1544 4089 1763 4141 interim

182 4187 522 4245 mundanus,
550 4194 605 4235 et
638 4198 760 4250 quae
794 4180 983 4233 mundi
1030 4189 1185 4242 sunt,
1226 4180 1349 4249 plus
1380 4192 1547 4247 quam
1597 4178 1763 4232 Chri-

180 4292 331 4330 Stum
369 4277 553 4342 ipSnm
579 4274 883 4342 diligimus.

255 4366 362 4434 Qui
400 4378 586 4419 autem
622 4366 841 4433 assequi
871 4363 982 4417 vult
1028 4377 1150 4432 qua:
1178 4363 1350 4430 cupit,
1380 4375 1432 4416 ct
1464 4364 1765 4427 desiderat,

185 4466 331 4516 bona
360 4462 458 4516 Dei
499 4460 774 4521 videlicet,
817 4469 877 4513 ct
916 4474 983 4513 ex
1021 4458 1243 4511 homine
1278 4458 1330 4509 in
1367 4459 1618 4525 angelum
1661 4470 1740 4510 ter

1838 1974 2202 2027 tentatiouutn
2226 1976 2595 2038 tolerantiam,
2617 1975 2891 2029 hominem
2912 1978 3215 2031 secundum
3241 1978 3413 2034 Deum

1841 2063 2145 2131 perfectum
2201 2067 2433 2121 reddere
2492 2083 2599 2120 non
2662 2078 2861 2137 potest.
2910 2068 3067 2134 Quod
3116 2079 3177 2123 ut
3230 2070 3301 2124 ita
3357 2087 3418 2125 se

1843 2153 2065 2219 habere,
2087 2166 2139 2209 ct
2166 2158 2237 2210 ita
2267 2156 2377 2211 Deo
2405 2158 2621 2225 placere
2647 2159 2861 2222 credas,
2887 2160 3014 2213 audi
3050 2160 3225 2230 ipsius
3254 2162 3419 2217 verba

1842 2247 1908 2297 ad
1946 2248 2167 2302 divitem
2205 2267 2218 2302 :
2254 2249 2316 2303 Si
2345 2250 2420 2303 eis
2443 2248 2701 2317 perfec'us
2735 2267 2868 2313 esse,
2903 2252 3062 2306 renda
3090 2268 3208 2321 qua:
3237 2254 3418 2317 habes,

1842 2348 1892 2393 et
1923 2340 1991 2392 da
2016 2341 2355 2409 pauperibus,
2405 2352 2455 2395 et
2483 2341 2608 2395 tolle
2652 2358 2859 2395 crucem
2895 2352 3064 2408 (nam,
3117 2354 3167 2398 et
3192 2346 3309 2399 veni
3342 2361 3425 2399 se-

1843 2447 2004 2499 quere
2036 2448 2137 2488 me.
2172 2430 2453 2487 Vocabulo
2486 2434 2680 2500 crucis,
2718 2442 2776 2487 ut
2813 2433 3020 2488 dictum
3052 2446 3139 2490 est
3191 2439 3425 2491 tribula-

1845 2523 2023 2591 tiones
2049 2536 2101 2577 et
2133 2526 2466 2579 lentationcs
2493 2526 2786 2581 obscurius
2822 2509 3114 2596 significat.
3149 2527 3423 2595 Quoniam

1846 2619 1990 2670 enim
2021 2633 2237 2686 regnum
2271 2618 2527 2671 cwtcrum
2560 2619 2663 2672 vim
2699 2621 2925 2687 patitur,
2966 2631 3017 2675 et
3071 2623 3284 2678 riolcnti
3337 2642 3426 2680 ra-

1847 2711 1996 2780 piunt
2030 2710 2165 2763 illud
2200 2710 2268 2776 ",
2298 2712 2569 2781 ahtcrque
2604 2713 2783 2767 ﬁdelis
2825 2714 2879 2767 in
2915 2716 3119 2785 ipsum,
3167 2720 3274 2773 nisi
3325 2737 3426 2791 per

1849 2812 2143 2870 angustam
2193 2813 2407 2871 portatu
2456 2804 2899 2870 tribulationum,
2957 2819 3010 2861 et
3062 2814 3426 2867 tentationum

1850 2893 2079 2948 introire
2106 2897 2317 2964 nequit,
2353 2899 2552 2950 metito
2597 2898 2783 2952 divina
2820 2897 3099 2968 Scriptura
3133 2905 3378 2974 principii
3410 2924 3430 2963 ι

1850 2985 2162 3040 Conlendite
2219 2988 2425 3040 intrare
2478 3004 2566 3057 per
2630 3000 2915 3059 angustam
2971 3004 3182 3059 portam
3231 2994 3299 3049 ".
3364 2996 3433 3051 Et

1852 3079 2051 3132 iterum
2090 3096 2104 3133 :
2139 3080 2202 3132 In
2234 3082 2495 3149 patientia
2527 3091 2696 3135 nstra
2723 3084 3055 3151 possidebitis
3092 3089 3299 3142 animas
3342 3107 3432 3144 uc-

1778 3210 1824 3269 ϐ
1856 3181 1998 3225 atras
2020 3174 2084 3224 ³⁵.
2122 3171 2186 3225 Et
2222 3190 2235 3226 :
2272 3173 2376 3227 l’er
2422 3175 2619 3227 multa;
2664 3176 3036 3232 tribulatione:
3084 3192 3287 3248 oportet
3338 3200 3432 3236 nos

1858 3265 2059 3317 intrare
2086 3266 2140 3317 in
2179 3282 2393 3335 regnum
2417 3267 2691 3330 castorum,
2727 3280 2783 3319 ut
2808 3277 2861 3323 et
2897 3270 3025 3324 alibi
3060 3272 3109 3325 itl
3142 3274 3433 3345 Scriptura

1859 3367 2094 3411 testatur
2128 3360 2195 3414 ’⁷.
2232 3358 2365 3425 Fili,
2405 3361 2659 3414 accedens
2705 3363 2774 3413 ad
2808 3365 3107 3419 servitutem
3157 3367 3249 3420 Dei
3300 3384 3441 3436 pra:-

1856 3464 1992 3516 μαῖα
2053 3451 2289 3502 animum
2345 3462 2489 3503 tuan:
2533 3454 2601 3504 ad
2641 3455 3001 3510 tcntationem.
3062 3456 3307 3527 Depriine
3348 3477 3441 3515 cor

1862 3553 2029 3607 tuum,
2057 3552 2104 3596 et
2125 3544 2324 3597 sustine
2341 3546 2407 3599 δ’.
2429 3545 2830 3614 ΙίιΑροδῑοιιιςς
2859 3548 3013 3614 Quod
3036 3553 3084 3603 si
3105 3561 3256 3605 extra
3279 3554 3443 3607 disci-

1862 3637 2062 3702 plinam
2098 3644 2245 3699 estis,
2281 3641 2434 3706 cujus
2470 3640 2755 3708 participes
2788 3640 2919 3708 {acti
2945 3652 3070 3695 sunt
3100 3660 3295 3709 comes,
3318 3662 3440 3717 ergo

1866 3730 2120 3793 adulteri,
2145 3739 2195 3782 et
2236 3747 2339 3783 non
2370 3731 2470 3799 ﬁlii
2496 3734 2625 3785 estis
2662 3734 2729 3786 ’9.
2766 3732 2827 3786 Et
2877 3736 2983 3787 alio
3039 3736 3163 3791 loco
3193 3754 3207 3791 :
3242 3737 3441 3797 Omnia

1864 3831 1987 3882 qua:
2025 3820 2118 3869 tioi
2156 3819 2495 3883 inferuntur,
2540 3830 2599 3873 ut
2626 3826 2767 3875 bona
2815 3825 3057 3893 suscipe,
3097 3828 3283 3883 sciens
3320 3832 3442 3885 sine

1868 3903 1983 3957 Deo
2016 3907 2150 3961 nihil
2176 3906 2314 3963 ﬁeri.
2351 3910 2452 3974 Qui
2501 3913 2647 3964 enim
2688 3912 2928 3968 fortunis
2978 3916 3095 3969 suis
3125 3917 3180 3970 in
3219 3928 3443 3989 egentes

1866 3995 2079 4052 collatis
2107 4017 2137 4053 c
2162 4002 2367 4055 ιιιιιε.ιιο
2393 4012 2447 4056 et
2478 4005 2642 4059 rebus
2675 4005 2797 4074 ejus
2821 4007 3045 4073 recedit,
3079 4010 3132 4063 in
3168 4027 3265 4079 spe
3294 4029 3441 4069 mer-

1869 4091 2040 4153 cedis,
2077 4102 2130 4144 et
2162 4097 2443 4161 voluptate
2475 4097 2651 4149 multa
2686 4107 2867 4166 gestat
2920 4103 3337 4163 conscientiam.
3376 4107 3444 4161 Et

1871 4182 2177 4251 aliquando
2235 4201 2372 4239 vana
2427 4187 2603 4255 gloria
2668 4190 2978 4245 mercedem
3042 4192 3255 4249 furatur
3338 4198 3444 4264 Qui

1872 4291 2024 4342 vero,
2076 4287 2369 4349 postquam
2418 4284 2604 4337 omnia
2657 4283 2806 4338 dedit
2864 4288 3220 4356 pauperibus,
3277 4294 3443 4345 etiam

1875 4373 2099 4425 molesta
2128 4376 2387 4439 sustinet,
2413 4389 2464 4428 et
2501 4379 2705 4446 gratias
2737 4378 2868 4444 agit,
2895 4388 2947 4432 et
2975 4380 3204 4435 adversa
3233 4384 3446 4451 patien-

1875 4470 1956 4531 ter
1994 4463 2215 4530 perfert,
2259 4465 2310 4517 in
2354 4481 2419 4517 eo
2445 4466 2668 4535 quidem
2712 4471 3005 4522 maximam
3057 4473 3443 4540 acerbitatem,

185 4570 423 4612 testrcm
474 4558 735 4625 migrare,
795 4556 1205 4609 altlictationeni
1261 4554 1512 4619 corporis
1542 4549 1768 4614 amabit,
1805 4556 1846 4609 υ
1880 4553 2141 4618 laborem,
2172 4572 2234 4609 ac
2275 4556 2523 4610 dolorem
2547 4559 2715 4611 sentit
2748 4575 2761 4611 :
2796 4562 2889 4612 sed
2919 4576 3164 4630 praesens
3192 4579 3257 4619 ac
3292 4565 3443 4619 futu-

185 4654 459 4704 malorum
516 4650 924 4717 perpassionem
985 4649 1388 4715 amplectetur,
1441 4648 1773 4700 tentationes

185 4755 245 4797 ut
268 4746 457 4797 ornuis
484 4744 613 4795 boui
655 4742 758 4796 sibi
789 4740 1205 4794 conciliatrices
1238 4740 1389 4792 haud
1448 4740 1773 4809 aspernabi-

186 4848 300 4890 tur.
333 4838 403 4891 Ut
433 4840 580 4889 enim
612 4851 808 4888 aurum
842 4837 1018 4887 multa
1061 4834 1325 4886 infectum
1364 4836 1626 4899 aerugine,
1664 4835 1772 4886 nisi

185 4931 241 4985 in
276 4944 490 4999 prunas
522 4929 870 4997 conjiciatur,
897 4938 952 4979 et
980 4927 1192 4979 malleis
1223 4926 1509 4986 tundatur,
1546 4924 1769 4992 purgari

185 5028 376 5085 aliter,
434 5032 602 5089 atque
654 5022 709 5073 in
746 5023 1044 5089 pristinum
1082 5021 1349 5086 fulgorem
1388 5018 1603 5071 restitui
1661 5034 1769 5072 non

187 5126 373 5188 potest
403 5136 417 5171 :
441 5118 523 5171 sic
548 5116 730 5169 anima
755 5129 974 5184 quoque
998 5112 1459 5182 peccatiterugiue
1485 5121 1770 5180 cooperta,

184 5221 239 5266 et
270 5211 342 5265 ad
376 5224 658 5263 summum
701 5207 846 5262 facta
883 5206 1119 5271 inutilis,
1175 5206 1282 5258 alia
1318 5209 1401 5257 via
1436 5206 1680 5274 purgari,
1714 5215 1768 5258 et

185 5306 476 5375 antiquam
512 5318 840 5372 recuperare
880 5299 1344 5369 pulchritudinem
1393 5300 1605 5368 nequit,
1664 5298 1770 5352 nisi

189 5398 605 5453 tentationibus
653 5394 913 5462 jactetur,
948 5400 1003 5445 et
1034 5391 1453 5445 tribulationum
1506 5389 1774 5444 conﬂatu-

190 5510 311 5546 ram
343 5492 564 5547 subeat.
597 5488 732 5542 Nam
759 5499 812 5541 et
844 5490 985 5541 istuc
1037 5486 1251 5540 Domini
1308 5485 1484 5539 nostri
1545 5484 1773 5537 verbum

190 5585 517 5640 subindicat
551 5601 566 5637 :
609 5581 779 5636 Vende
808 5581 1093 5649 facultates
1146 5588 1289 5643 tuus,
1331 5588 1380 5631 et
1410 5579 1478 5630 du
1526 5578 1780 5646 pauperi-

259 5792 307 5823 ”
341 5789 536 5845 Matth.
597 5806 713 5852 χιι.
745 5791 837 5844 2i.
911 5788 959 5820 "
991 5787 1120 5842 Luc.
1166 5805 1278 5848 nt.
1318 5788 1403 5842 l9.
1479 5790 1525 5819 ”
1552 5787 1742 5841 Matth.
1777 5801 1849 5851 xi,
1885 5785 1968 5837 li.
2045 5782 2090 5815 "
2117 5754 2306 5835 liatth.
2358 5796 2453 5847 vn,
2497 5779 2581 5834 15.
2660 5778 2705 5810 ⁸⁸
2737 5777 2872 5833 Luc.
2903 5792 3029 5843 XII,
3076 5776 3162 5831 l9.

193 5879 304 5930 xw,
357 5864 452 5917 ‘21.
532 5861 775 5915 "Eccli.
812 5862 1034 5923 ιι.1,2.
1109 5860 1154 5890 ⁹⁹
1187 5861 1351 5916 ilelir.
1406 5874 1501 5924 xtl,
1558 5865 1610 5915 ὃ.

520 5958 794 6018 Parnm.
823 5958 937 6015 Gn.
972 5956 1167 6018 CXX,

1878 4662 1999 4699 rum
2065 4650 2374 4715 pra-miunt,
2434 4653 2820 4719 ingentemque
2880 4655 3297 4710 retributionem
3349 4674 3450 4727 pro

1880 4741 2129 4809 perfugio
2159 4742 2366 4805 habet;
2412 4750 2599 4810 utpote
2629 4744 2725 4810 qui
2760 4745 3054 4811 passiones
3090 4745 3292 4800 Christi
3324 4748 3450 4801 imi-

1878 4842 2041 4894 tetur,
2079 4848 2318 4900 cumque
2352 4834 2406 4885 in
2440 4834 2637 4886 diebus
2677 4836 3069 4899 teutatiooum,
3107 4845 3163 4889 et
3200 4838 3451 4892 adversi-

1877 4932 2050 4976 tatum
2080 4926 2402 4977 irruentium
2444 4934 2735 4990 sustineat,
2763 4937 2817 4980 ct
2846 4940 3145 4997 exspectet.
3177 4930 3448 4998 Quocirca

1882 5031 1980 5067 oro
2008 5030 2125 5078 vos,
2150 5018 2348 5069 fratres
2378 5017 2428 5069 in
2462 5017 2707 5081 Christo,
2742 5020 2934 5073 demus
2973 5034 3195 5088 operam
3249 5038 3450 5077 secun-

1882 5108 2011 5161 dam
2063 5123 2249 5162 vocem
2281 5108 2517 5172 Domini,
2553 5107 2643 5162 Dei
2676 5124 2739 5162 ac
2773 5109 3072 5165 Salvaturis
3108 5114 3281 5168 nostri
3312 5112 3445 5168 Jesn

1880 5202 2105 5264 Christi,
2151 5212 2210 5255 ut
2239 5212 2525 5273 postquam
2554 5205 2781 5267 mundo,
2806 5212 2859 5259 et
2888 5205 2973 5257 his
3003 5220 3123 5274 quae
3156 5206 3208 5257 in
3244 5207 3450 5259 mundo

1884 5301 2017 5344 sunt
2051 5292 2434 5355 valediximus,
2462 5308 2556 5361 per
2580 5303 2875 5362 angustam
2907 5304 3119 5363 portam
3159 5295 3450 5357 intremus,

1882 5399 2005 5453 quae
2033 5388 2271 5440 carnalis
2304 5387 2475 5440 nostri
2516 5395 2734 5451 sensus,
2765 5397 2818 5441 et
2851 5388 3143 5440 voluntatis
3178 5387 3450 5453 prmcisin,

1884 5489 1938 5531 ct
1972 5478 2097 5546 fuga
2126 5487 2230 5532 est.
2282 5479 2393 5531 Nisi
2434 5481 2582 5534 enim
2641 5482 2815 5544 carni,
2869 5479 3356 5549 concupiscentiis,
3388 5497 3455 5534 ac

1884 5572 2265 5626 vitiuntatibus
2308 5570 2427 5641 ejus
2485 5573 2814 5637 moriamur,
2850 5572 3253 5634 remissionem,
3287 5573 3455 5627 abso-

3264 5776 3311 5806 "
3332 5776 3457 5832 Aet.

3031 5938 3100 5998 15
