4170 6452
722 376 832 445 459

1953 377 2333 438 SYMEONIS
2371 378 2463 441 JU
2481 381 2744 443 NIORIS

3875 397 3987 458 460

720 494 1101 559 lutionemqne
1129 489 1420 555 malorum,
1444 499 1493 544 ct
1514 490 1844 556 libertatem,
1866 501 1918 546 et
1936 502 2255 564 sequentem
2280 506 2307 543 τι
2340 500 2383 553 Α
2415 498 2662 564 cujusvis
2694 502 2929 556 nominis
2960 520 3054 573 per
3085 503 3462 573 paenitentiam
3505 506 3569 561 ad
3605 516 3669 562 'se
3709 511 3985 567 venientis

722 592 913 639 sancto
928 582 1132 653 Spiritu
1147 583 1573 637 consolationem
1590 583 1818 654 adipisci
1838 599 1942 637 non
1963 588 2261 653 poterimus
2286 606 2298 640 :

720 693 843 747 quae
877 678 979 731 nisi
1020 676 1390 745 superveniat,
1437 691 1595 728 nemo
1628 676 1914 729 Dominum
1952 693 2050 731 nec
2093 680 2145 731 in
2196 681 2301 732 hoe

727 786 830 824 nec
861 770 912 822 in
941 767 1127 822 futuro
1158 768 1360 822 sacculo
1392 768 1612 821 videbit.
1650 767 1786 821 Nam
1819 777 1965 822 recte
1995 778 2046 822 te
2081 770 2299 834 fecisse,

723 878 846 915 cum
873 876 1066 916 omnes
1093 861 1386 915 facultates
1414 869 1539 915 tuas
1572 861 1624 914 in
1661 876 1933 929 pauperes
1964 861 2299 916 distribuisti

724 957 807 1021 (si
840 967 1022 1008 tamen
1054 954 1189 1007 nihil
1223 955 1319 1008 tibi
1350 956 1605 1023 exemplo
1639 954 1865 1007 Auanite
1921 955 2069 1009 illius
2121 970 2299 1009 reser-

722 1044 864 1101 vast'i
900 1047 1258 1115 ‘)etatlha3c
1302 1048 1529 1110 mundo,
1579 1054 1633 1099 et
1692 1046 1759 1100 iis
1810 1063 1931 1115 qu:e
1990 1049 2042 1100 in
2097 1048 2300 1101 tnuqu

722 1153 850 1196 sunt
884 1140 1237 1205 renuntiasti,
1282 1140 1623 1208 desertisque
1676 1138 1839 1207 hujus
1873 1140 1996 1192 vita:
2039 1139 2191 1193 curis
2231 1139 2298 1193 ad

722 1242 940 1303 p0rtum
971 1243 1189 1286 arteriis!
1220 1234 1344 1285 vita:
1371 1233 1695 1295 cucurristi,
1719 1235 1955 1301 speciem
1986 1240 2040 1284 et
2070 1234 2297 1302 figuram

721 1328 947 1396 pietatis
978 1325 1229 1391 indutus,
1263 1341 1363 1394 ego
1391 1340 1611 1394 quoque
1641 1341 1746 1378 non
1791 1326 2026 1383 inlicior.
2062 1336 2116 1379 et
2152 1336 2203 1377 te
2229 1325 2299 1379 ob

723 1418 825 1471 hoc.
856 1417 1095 1471 studium
1127 1419 1329 1470 laudo:
1361 1417 1455 1469 sed
1486 1419 1709 1485 insuper
1735 1416 2085 1485 prudentiam
2112 1417 2297 1468 carnis

718 1514 870 1563 velut
911 1513 1156 1567 tunicam
1188 1524 1408 1566 exuere.
1441 1519 1494 1562 ct
1523 1509 1825 1562 secundum
1859 1508 2081 1569 stolam,
2133 1522 2295 1577 quam

721 1618 817 1674 per
854 1602 1134 1656 Christum
1196 1601 1449 1666 induisti,
1515 1616 1697 1653 Inores
1754 1601 1972 1662 anitum,
2012 1600 2298 1667 ipsamque

720 1696 1063 1762 spiritualem
1114 1695 1464 1763 prudentiam
1528 1694 1809 1761 possidere
1865 1708 2093 1746 necesse.
2156 1702 2291 1745 est:

720 1804 899 1857 neque
933 1789 1036 1840 hoc
1063 1787 1260 1850 solum,
1293 1786 1386 1840 sed
1414 1788 1576 1839 etiam
1605 1802 1697 1855 per
1732 1785 2108 1853 pmnitentiam
2146 1785 2292 1837 tuui-

717 1898 839 1937 caai
875 1883 1132 1946 lucidam,
1168 1881 1260 1951 qui
1295 1890 1378 1934 est
1413 1880 1529 1949 ipse
1590 1878 1833 1949 Spiritus
1899 1887 2150 1937 sanctus.
2198 1894 2294 1932 su-

719 1978 1094 2047 perinduere;
1134 1975 1279 2044 quod
1335 1975 1439 2029 nisi
1476 1990 1572 2043 per
1603 1981 1952 2027 constantem
2006 1972 2297 2025 mandato-

721 2086 844 2125 rttm
876 2069 1340 2132 observationem,
1392 2077 1444 2120 et
1481 2066 1824 2119 tolerantiam
1877 2066 2294 2118 tribulationum

721 2177 828 2215 non
868 2170 954 2215 est
993 2170 1051 2213 ιιι
1085 2159 1198 2212 fiat.
1234 2158 1430 2212 Prt'ssa
1478 2157 1624 2210 enim
1685 2173 1780 2226 per
1831 2158 2186 2218 tentationes,
2228 2156 2295 2209 ad

720 2259 995 2326 lat-rvinas
1050 2264 1468 2317 commovetur;
1511 2254 1764 2321 lacrymre
1822 2265 1919 2305 cor
1975 2260 2295 2320 purgantes,

719 2350 1005 2418 templum,
1038 2356 1091 2400 et
1126 2347 1496 2399 diversorium
1531 2346 1776 2413 Spiritus
1809 2346 1987 2397 sancti
2029 2344 2294 2397 cilicium.

719 2443 831 2499 Nec
860 2445 1003 2499 enim
1038 2442 1197 2496 nobis
1221 2442 1287 2494 ad
1322 2441 1581 2505 salutem,
1612 2450 1665 2493 et
1704 2437 2097 2507 perfectionem
2144 2436 2298 2490 solus

720 2540 975 2601 vestitus,
996 2522 1055 2589 et
1080 2535 1321 2590 exterior
1346 2543 1538 2587 statua:
1562 2544 1795 2586 ornatus
1830 2530 2030 2585 sufficit
2065 2548 2077 2584 :
2113 2530 2205 2585 sed
2238 2537 2297 2582 ut

718 2629 1073 2687 exteriorem.
1108 2629 1179 2679 ita
1222 2626 1535 2679 interierem
1582 2625 1858 2678 hominem
1898 2632 2148 2677 nostrum
2203 2638 2297 2675 or-

721 2739 854 2777 nare
909 2722 1113 2773 amictu
1153 2718 1416 2788 Spiritus,
1468 2726 1727 2785 totosque
1782 2725 1835 2770 et
1877 2716 2122 2785 integros
2170 2729 2294 2767 cum

722 2817 926 2873 anima,
967 2822 1021 2867 et
1062 2826 1289 2879 corpore
1330 2809 1439 2863 Deo
1469 2825 1528 2864 se
1555 2808 1755 2862 offerre
1786 2815 2027 2877 oportet.
2063 2806 2128 2859 Et
2175 2821 2299 2858 cur—

722 2908 965 2977 poralem
1014 2903 1237 2973 quidem
1290 2901 1745 2957 exercitationem
1800 2908 2022 2969 propter
2078 2898 2297 2951 virtutis

720 3000 935 3053 labores
967 3012 1273 3061 assumere,
1309 3005 1367 3049 ut
1411 2994 1630 3063 egregie
1681 2994 1928 3048 uioleStis
1987 2991 2293 3047 secundum

721 3094 891 3147 Deum
924 3105 1336 3152 assuescamus,
1369 3096 1419 3143 et
1450 3089 1691 3140 feramus
1718 3084 1950 3155 ingenue
1985 3084 2293 3136 amaritiem

2409 606 2504 642 cor
2565 592 2863 650 illuminat.
2915 606 2997 647 est
3050 598 3389 666 impossibile
3422 614 3438 653 ε
3474 600 3741 669 siquidem
3795 606 3985 657 mundi

2405 683 2569 734 corde
2602 684 2768 737 Deum
2812 686 2993 740 vident
3022 688 3062 739 ’.
3579 672 3586 693 Ρ

2480 772 2764 834 Eollamur
2802 777 2985 844 itaque
3028 790 3227 845 patres,
3263 779 3482 844 fratres,
3510 790 3563 835 ct
3606 783 3700 835 lilii
3739 784 3844 837 mei
3881 799 3981 853 per

2404 865 2742 937 diligentiam
2799 870 2852 922 in
2891 871 3161 935 motibus,
3193 880 3246 924 et
3274 874 3455 940 jugem
3509 876 3848 929 occultarum
3882 892 3983 929 co-

2402 960 2732 1027 gitatiouuni
2760 962 3166 1021 confessionem
3196 980 3293 1017 cor
3322 981 3518 1033 purum
3549 968 3818 1020 obtinere.
3847 967 3984 1032 Qua:

2402 1048 2552 1099 enim
2590 1048 2927 1117 frequenter,
2978 1063 3031 1102 et
3087 1055 3336 1120 quotidie
3384 1058 3441 1107 lit
3489 1069 3516 1106 a
3570 1057 3731 1109 nobis
3783 1060 3983 1112 harum

2409 1140 2711 1205 confessio,
2751 1144 2796 1195 si
2834 1160 2897 1196 ex
2937 1145 3119 1198 animo
3150 1146 3449 1211 pmuiteute
3480 1150 3757 1215 procedat,
3797 1153 3988 1217 resipi-

2421 1233 2692 1287 sccntiam
2724 1233 3083 1304 doloremque
3130 1240 3182 1291 in
3223 1240 3383 1293 nobis
3419 1240 3714 1304 factorum,
3752 1247 3985 1299 medita-

2403 1336 2652 1381 torttmvc
2684 1340 2970 1401 operatur,
2998 1333 3183 1399 qui.“
3236 1334 3447 1387 intimis
3482 1338 3676 1389 animae
3711 1339 3984 1407 lat-rvinas
4021 1329 4029 1336 ’

2400 1419 2546 1483 cict;
2594 1419 2850 1489 lacrymae
2891 1423 3129 1475 animam
3172 1437 3426 1493 purgant,
3470 1437 3523 1479 et
3558 1429 3802 1491 ingentia
3854 1445 3984 1498 pec-

2401 1523 2517 1563 cata
2553 1512 2734 1564 delent
2759 1532 2772 1577 ;
2799 1513 2998 1583 quibus
3030 1517 3247 1577 deletis,
3285 1528 3459 1572 sancti
3490 1519 3731 1587 Spiritus
3763 1524 3984 1575 solatii:

2400 1602 2805 1669 permulcctttr,
2869 1620 2934 1655 ex
3001 1609 3427 1676 compunctione
3490 1610 3697 1664 fluento
3744 1616 3983 1681 quodam

2408 1692 2727 1745 dulcedinis
2758 1694 3041 1762 irrigatur,
3072 1700 3218 1750 unde
3245 1702 3517 1767 quotidie,
3563 1702 3635 1754 ita
3676 1711 3730 1755 ut
3777 1705 3985 1756 intelli-

2404 1788 2583 1855 gentia
2621 1788 2978 1854 percipiatur,
3010 1791 3337 1859 pinguescit,
3384 1804 3440 1847 et
3493 1794 3702 1847 fructus
3748 1798 3984 1865 Spiritus

2408 1876 2542 1942 alit;
2601 1892 2742 1946 quos
2803 1888 3049 1947 tempore
3103 1886 3427 1949 congruenti
3495 1900 3591 1937 ccu
3648 1884 3983 1939 frumentum

2407 1970 2578 2023 multo
2611 1985 2736 2023 cum
2784 1970 2993 2025 fwuore
3024 1973 3090 2024 ad
3122 1987 3180 2025 se
3209 1976 3260 2025 in
3292 1976 3456 2029 vitam
3503 1979 3892 2042 immortalem,
3924 1996 3985 2033 ac

2406 2063 2796 2130 sempiternam
2846 2062 2984 2116 citra
3025 2064 3185 2116 ullam
3233 2067 3673 2135 absumptionem
3734 2074 3987 2126 nutrien-

2406 2154 2532 2207 datn
2571 2152 2754 2207 offert.
2813 2154 2945 2207 Cum
3002 2158 3287 2225 hucusque
3346 2161 3531 2212 studio
3586 2178 3686 2215 suo
3726 2173 3990 2231 praeclare

2406 2248 2739 2314 pervenerit,
2781 2245 2889 2299 Deo
2934 2246 3245 2312 familiaris,
3286 2260 3337 2304 et
3383 2253 3722 2307 domicilium
3772 2256 3975 2309 babifa-

2407 2338 2707 2405 eulumque
2775 2350 3145 2393 saetosantta:
3182 2341 3465 2399 Trinitatis
3495 2348 3697 2409 evadit,
3731 2364 3868 2416 pure
3901 2351 3981 2402 in-

2407 2440 2566 2485 tuens
2596 2430 2762 2484 Deum
2799 2431 3189 2487 fabricator-eiu
3233 2451 3416 2500 suum,
3457 2449 3509 2491 ct
3541 2455 3662 2491 cum
3706 2442 3823 2508 ipso
3859 2458 3987 2495 ver-

2405 2536 2533 2575 sans
2571 2522 2838 2589 quotidie,
2886 2540 2914 2571 e
2944 2539 3198 2591 corpore,
3244 2541 3296 2579 ct
3332 2530 3557 2591 tnundo,
3609 2538 3663 2583 et
3700 2547 3823 2585 acre
3880 2536 3988 2587 isto

2404 2617 2624 2674 excidit,
2658 2626 2710 2669 et
2748 2617 3065 2681 virtutibus,
3121 2632 3286 2688 atque
3338 2623 3439 2675 alis
3490 2624 3778 2678 chaiilatis
3811 2643 3836 2675 :i
3876 2625 3988 2678 Deo

2404 2709 2613 2761 elevata
2649 2710 2701 2761 in
2740 2710 2941 2763 ccelum
2976 2714 3306 2772 ascendens.
3361 2731 3485 2768 cum
3522 2720 3785 2771 omnibus
3814 2721 3986 2785 justis

2405 2815 2434 2852 a
2471 2802 2754 2856 laboribus
2788 2807 2905 2857 suis
2954 2807 3273 2875 requiescit,
3323 2818 3376 2861 ct
3426 2820 3507 2863 cst
3554 2811 3606 2862 in
3656 2811 3871 2863 inlinito
3922 2828 3987 2864 ae

2404 2893 2592 2948 divino
2626 2898 2855 2961 lumine,
2913 2898 3004 2950 ubi
3054 2900 3430 2967 apostolorum
3486 2903 3719 2965 Christi,
3782 2916 3987 2975 niarly-

2368 3039 2376 3046 ,
2406 3002 2550 3050 runt,
2582 2995 2902 3040 sanctorum
2953 3000 3006 3043 ct
3033 2992 3278 3043 omnium
3314 3007 3683 3061 supernarum
3719 2996 3983 3050 virtutzztn

2404 3079 2628 3133 ordines
2658 3096 2764 3131 una
2804 3080 2991 3135 choris
3026 3083 3333 3149 indulgent.
3436 3085 3590 3138 llunc
3625 3087 3814 3155 itaque
3870 3098 3982 3139 sta~

715 3184 932 3255 jejunii,
972 3182 1341 3236 diflicuitatetu
1372 3178 1755 3241 continentiae,
1788 3176 2177 3230 necessitatem
2214 3176 2294 3227 vi-
2324 3215 2368 3271 Ε
2410 3184 2545 3234 IIIHI.
2600 3171 2800 3224 fl'all‘es
2863 3174 2914 3225 ill
2959 3173 3205 3238 (Ἇηίδῑθν
3260 3191 3360 3228 "03
3396 3192 3613 3246 σιυοιιιιο
3646 3180 3985 3246 ml"l’lfli"

719 3280 999 3349 giliarum,
1038 3273 1350 3328 amictiouis
1404 3286 1567 3325 omne
1618 3285 1792 3338 genus
1827 3286 1842 3323 :
1875 3269 2079 3337 pietate
2115 3276 2294 3320 autem

718 3371 947 3440 spiritus
974 3366 1191 3421 erudire
1217 3366 1454 3418 animam
1479 3365 1545 3417 ad
1575 3362 1897 3431 sapieudum
1932 3375 2051 3429 quin
2082 3368 2298 3427 oportet

722 3478 940 3533 sapere,
992 3467 1045 3513 ct
1098 3458 1467 3512 meditandam
1522 3470 1741 3522 semper
1794 3455 1960 3506 vitam
2010 3460 2297 3513 aeternam,

719 3569 844 3609 esse
896 3552 1185 3614 humilem,
1230 3550 1439 3608 mitem.
1499 3547 1820 3609 contritum,
1880 3553 2297 3612 compunctum,

720 3647 991 3716 lugentem
1027 3642 1273 3706 aSStdue,
1309 3648 1363 3693 et
1393 3639 1571 3692 lucem
1609 3636 1840 3704 spiritus
1880 3650 1972 3703 per
2005 3648 2195 3700 preces
2232 3632 2295 3682 ad

720 3754 779 3794 se
806 3738 1136 3796 elicientem,
1185 3748 1305 3802 qua:
1337 3739 1391 3784 et
1432 3731 1628 3783 adesse
1667 3728 1744 3779 illi
1775 3742 1872 3795 per
1912 3722 2293 3793 paenitentiam

720 3830 1186 3886 ferventissimam
1257 3838 1617 3885 consuevere,
1660 3832 1902 3888 purgata'
1950 3834 2045 3885 per
2100 3816 2299 3869 uberes

721 3927 1016 3995 Iacrymas,
1054 3923 1171 3975 sine
1204 3918 1408 3987 quibus
1443 3930 1543 3969 nec
1580 3914 1821 3967 tunicam
1862 3912 1983 3981 ejus
2020 3909 2295 3972 tnundari,

722 4034 824 4074 nec
862 4019 916 4071 in
949 4016 1180 4071 sublime
1232 4009 1721 4080 contemplationis
1754 4024 1874 4063 eam
1912 4009 2206 4061 ascendere
2238 4005 2301 4057 li-

720 4119 827 4166 cet.
861 4108 994 4162 Nam
1026 4117 1082 4160 ut
1108 4106 1495 4173 vestimentum
1526 4116 1554 4156 e
1588 4116 1748 4154 emno
1775 4100 2047 4162 alicunde,
2080 4107 2133 4150 et
2161 4107 2301 4150 ster-

723 4202 953 4273 quilinio
988 4198 1217 4270 nimium
1271 4193 1891 4265 quantumdeftmlatum
1919 4230 1935 4251 .
1980 4191 2083 4244 nisi
2155 4204 2297 4259 aqua

724 4293 919 4357 multa,
948 4298 1002 4346 et
1031 4290 1227 4345 crebro
1256 4286 1491 4357 pedibus
1520 4285 1794 4338 calcatum
1843 4299 1951 4336 non
1989 4294 2252 4353 purgatur
2272 4298 2294 4335 .:

725 4388 806 4442 sic
838 4394 892 4442 et
919 4385 1116 4439 animae
1146 4382 1317 4435 vestis
1357 4394 1422 4434 ex
1465 4378 1620 4441 luto,
1680 4387 1733 4430 et
1783 4369 2135 4443 sterquilinio
2173 4390 2297 4443 pec-

725 4480 994 4534 catricum
1057 4474 1415 4529 afl‘eetionum
1464 4478 1709 4540 turpata,
1759 4472 1859 4524 nisi
1908 4485 2002 4539 per
2062 4470 2293 4525 ubertim

2405 3279 2526 3315 mur
2564 3280 2630 3316 ne
2657 3266 2867 3316 sanctis
2905 3264 3163 3319 Patribus
3197 3270 3403 3323 nostris
3429 3270 3719 3324 inferiores
3754 3276 3932 3326 simus
3967 3291 3981 3325 :

2403 3356 2497 3409 sed
2535 3367 2590 3409 ut
2629 3372 2722 3426 per
2760 3360 3211 3413 exercitationem
3272 3378 3452 3414 rerum
3510 3365 3897 3424 honestarum.
3929 3376 3984 3421 ct

2404 3463 2500 3516 per
2538 3449 2908 3502 obedientiam
2968 3451 3172 3504 Christi
3224 3454 3631 3517 mandatorum,
3687 3457 3739 3507 in
3803 3458 3983 3507 virum

2403 3541 2707 3604 perfectum
2734 3541 3053 3604 evadamus,
3099 3544 3150 3594 in
3193 3559 3501 3598 mensuram
3533 3549 3713 3599 aetatis
3748 3550 3986 3615 plenitu-

2403 3631 2547 3683 dinis
2579 3632 2853 3687 Christi‘.
2904 3633 3051 3686 Nihil
3108 3635 3253 3686 enim
3310 3638 3584 3703 prohibet,
3639 3640 3684 3691 si
3725 3642 3982 3693 velimus.

2404 3723 2493 3777 Sic
2526 3734 2579 3778 et
2622 3725 2786 3778 Deum
2822 3726 2983 3780 nobis
3014 3726 3148 3794 ipsis
3181 3730 3642 3796 glorificabimus,
3675 3742 3729 3784 et
3763 3733 3907 3786 Deus
3958 3749 3982 3785 ι

2403 3817 2560 3871 nobis
2604 3818 2791 3870 laetitia
2824 3818 3107 3881 aflicietur,
3139 3829 3190 3873 et
3216 3836 3279 3872 ex
3319 3821 3421 3875 bac
3462 3823 3573 3875 vita
3605 3824 3983 3889 demigrantz‘s

2400 3924 2524 3964 cum
2563 3910 2926 3972 inveniemus,
2954 3913 3044 3980 qui
3071 3928 3170 3964 nos
3194 3924 3251 3965 ut
3294 3930 3524 3983 magnus
3559 3918 3794 3970 Abrahze
3824 3920 3986 3971 sinus

2401 4004 2454 4058 in
2492 4019 2657 4071 regno
2714 4005 2980 4057 caelorum
3024 4008 3286 4074 excipiat,
3325 4018 3374 4060 et
3418 4010 3623 4062 foveat.
3690 4011 3748 4063 Et
3791 4016 3884 4076 qui
3924 4015 3978 4063 in

2402 4094 2586 4146 medio
2624 4098 2883 4158 tumultu,
2916 4106 2969 4148 et
3008 4102 3261 4160 streoitu,
3287 4108 3338 4151 et
3367 4100 3458 4167 qui
3511 4099 3564 4151 in
3597 4100 3890 4159 (mttobiis.
3928 4111 3985 4153 ct

2399 4188 2490 4253 qui
2531 4186 2583 4238 iu
2621 4188 2918 4247 montibus,
2956 4202 3017 4240 ac
3048 4189 3327 4256 speluncis
3380 4200 3530 4253 sunt,
3595 4192 3984 4260 mandatisque

2399 4278 2602 4332 Christi
2632 4281 3024 4333 convenienter
3055 4281 3264 4345 vivunt,
3316 4284 3621 4343 salvantur,
3674 4294 3726 4337 et
3763 4288 3982 4351 magnis

2399 4388 2429 4426 a
2465 4371 2575 4425 Deo
2604 4370 2766 4424 donis
2798 4372 3100 4441 dignantur
3139 4390 3150 4425 :
3194 4370 3532 4426 Voluntatcm
3587 4377 3727 4427 enim
3785 4379 3979 4430 timen-

2401 4464 2531 4515 tium
2575 4478 2629 4524 σε
2656 4463 2840 4532 [σείει.
2879 4473 2929 4515 et
2969 4465 3384 4532 deprecationem
3414 4483 3594 4518 eorum
3632 4471 3904 4531 exaudiet,
3931 4482 3981 4524 et

722 4569 958 4624 ﬂuentes
988 4566 1281 4637 lacrynias,
1322 4563 1821 4631 tentationumque,
1877 4569 1935 4615 et
1981 4561 2290 4615 tribulatio-
2328 4571 2372 4627 ι)
2403 4554 2626 4609 salvabit
2650 4571 2736 4608 eos
2766 4555 2805 4609 ⁸.
2840 4555 2936 4611 Ubi
2974 4557 3158 4621 timor,
3193 4559 3268 4610 ait
3292 4557 3515 4613 divinus
3546 4559 3870 4631 Gregorius,
3905 4564 3979 4615 ibi

722 4676 856 4716 num
907 4657 1258 4711 tolerantiam
1312 4670 1341 4707 a
1374 4655 1630 4709 sordibus
1681 4668 1788 4706 non
1841 4651 2102 4704 abluitur.
2160 4649 2293 4702 Nam

723 4768 849 4806 cum
882 4765 912 4804 a
941 4749 1197 4817 corporis
1234 4746 1405 4799 nostri
1454 4745 1767 4799 substantia
1803 4744 2131 4797 naturaliter
2177 4744 2297 4795 duae

723 4847 997 4899 ﬂuxiones
1032 4844 1325 4904 exsistant,
1364 4853 1469 4891 una
1503 4836 1754 4905 superior
1785 4836 2175 4904 laerymarum,
2214 4837 2296 4887 al-

726 4946 843 4989 tera
874 4932 1125 4991 inferior,
1159 4946 1186 4982 a
1225 4930 1481 4982 facultate
1518 4928 1744 4997 genitali
1789 4946 1803 4983 :
1845 4935 1897 4980 et
1926 4928 2042 4979 haec
2074 4927 2294 4994 quidem

722 5026 769 5079 si
807 5032 995 5076 contra
1041 5035 1201 5089 quam
1236 5030 1449 5081 natura,
1488 5028 1541 5071 et
1575 5018 1785 5084 legibus
1831 5018 2137 5069 institutum
2187 5025 2296 5079 est,

722 5118 837 5180 fiat,
880 5116 1117 5167 animam
1177 5119 1553 5174 contaminet;
1604 5110 1719 5174 illa,
1770 5109 1815 5162 si
1852 5124 1918 5162 ex
1955 5109 2298 5176 ptenitudine

724 5209 1009 5281 procedat,
1048 5207 1297 5261 eamdem
1337 5214 1549 5275 purget,
1598 5220 1694 5257 eos
1722 5205 1815 5273 qui
1867 5199 2202 5267 turbulenta,
2244 5213 2299 5259 et

724 5318 846 5357 cum
902 5309 1128 5371 peccato
1160 5299 1456 5366 conjuncta
1486 5297 1669 5349 cordis
1704 5296 1965 5358 nimione,
2023 5296 2294 5364 cupidita-

724 5406 837 5449 tum
874 5410 901 5446 a
935 5392 1146 5445 ratione
1171 5391 1471 5444 alienarum
1501 5388 1705 5441 fortnas
1727 5388 1829 5441 sibi
1862 5388 2291 5453 insculpserunt,

722 5501 776 5545 et
833 5491 907 5545 ita
971 5491 1209 5543 animam
1282 5486 1664 5554 inquinarunt,
1730 5484 1983 5551 plurimis
2036 5483 2293 5554 lacryniis

722 5584 998 5647 mundari,
1033 5584 1382 5649 tunicamque
1414 5580 1608 5632 anima:
1629 5578 1976 5648 purissimam
2005 5583 2292 5648 acquirere

723 5686 957 5748 oportet.
995 5677 1211 5744 Alioqui
1252 5674 1434 5737 videre
1463 5670 1659 5737 Deum,
1687 5673 1863 5741 ipsum
1900 5673 2103 5738 lumen,
2135 5670 2283 5741 quod

797 5859 970 5913 ‘Act.
1028 5876 1081 5921 v,
1150 5857 1172 5910 l
1230 5872 1384 5927 seqq.
1464 5853 1707 5907 ’Matth.
1743 5871 1793 5917 v,
1832 5856 1884 5910 8.

1965 5857 1982 5886 ³
2021 5858 2217 5927 tht‘s.
2252 5875 2326 5924 tv,
2375 5858 2460 5911 13.

2398 4650 2786 4702 mandatorum
2820 4651 3101 4713 custodia;
3140 4652 3234 4705 ubi
3276 4654 3659 4708 mandatorum
3694 4659 3977 4717 custodia.

2398 4740 2470 4792 ibi
2497 4743 2683 4793 carnis
2709 4742 2959 4810 purgatio
2980 4759 2994 4805 ;
3018 4757 3212 4811 nempe
3233 4744 3391 4797 nubis
3420 4745 3835 4800 obtencbrautis
3860 4749 3981 4802 ani-

2399 4848 2569 4897 mam,
2612 4848 2717 4887 nec
2751 4836 2992 4889 sitientis
3019 4834 3266 4888 divinum
3303 4837 3520 4890 radium
3570 4839 3718 4892 clare
3750 4844 3980 4894 intueri.

2399 4929 2504 4985 Ubi
2540 4930 2818 4997 purgatio,
2872 4930 2947 4984 ibi
2987 4930 3339 4987 illuminatio.
3397 4931 3733 4988 Illuniinatio
3795 4952 3979 4991 autem

2399 5021 2654 5075 desiderii
2682 5022 2921 5089 impletin
2957 5022 3064 5084 his,
3098 5023 3189 5091 qui
3225 5026 3487 5086 maxima,
3516 5037 3609 5079 aut
3652 5043 3979 5093 niaximum,

2400 5123 2492 5168 aut
2525 5115 2812 5185 plusquam
2848 5130 3106 5183 magnum
3134 5126 3417 5185 appetunt.
3460 5116 3650 5187 Itaque
3702 5135 3827 5172 cum
3864 5123 3980 5175 haec

2400 5206 2559 5271 dixit,
2602 5208 2760 5260 finem
2801 5222 2907 5260 non
2938 5209 3099 5260 finem
3136 5222 3259 5261 esse
3303 5212 3484 5263 omnis
3516 5211 3715 5264 anima:
3771 5212 3980 5264 illumi-

2402 5301 2677 5354 nationein
2724 5300 2961 5368 Spiritus
2988 5301 3338 5367 significavit,
3369 5317 3532 5371 quam
3558 5304 3793 5371 adepuis
3823 5307 3978 5373 quis,

2402 5396 2562 5449 finem
2611 5394 2858 5463 quidem,
2895 5402 2949 5447 et
2986 5403 3292 5446 extremum
3349 5395 3693 5448 sensibilium
3728 5400 3977 5450 omnium

2402 5487 2841 5556 comprehendit,
2880 5487 3208 5555 principium
3243 5498 3427 5540 autem
3464 5488 3807 5553 cognitionis
3864 5492 3980 5559 spi-

2400 5582 2681 5635 ritualium
2710 5581 2936 5633 invenit.
2971 5578 3341 5645 Quamobrem
3375 5581 3451 5634 uti
3482 5596 3706 5633 cursum
3746 5584 3977 5636 inauda-

2401 5684 2581 5730 torun:
2617 5672 2822 5729 Christi
2861 5675 3131 5742 patienter
3178 5674 3478 5731 laborando
3506 5676 3747 5731 curratis
3774 5691 3894 5743 oro,
3922 5688 3976 5732 et

2536 5857 2555 5888 ⁸
2590 5856 2733 5910 l‘sal.
2768 5870 2946 5921 csLiv,
2992 5855 3077 5912 l9.
