4170 6452
163 434 259 499 ‘61

164 648 252 699 bet
288 646 579 712 patienter,
600 624 1044 710 .constanterque
1076 642 1324 711 pulsanti
1360 651 1547 713 portas
1579 643 1733 712 regni

163 739 245 793 sui
276 738 473 805 aperit,
499 747 551 791 et
578 736 670 789 dat
702 735 913 806 petenti
943 735 1211 804 Spiritum
1248 744 1484 800 rectum,
1521 744 1575 787 et
1604 751 1736 789 san-

163 830 494 892 etissiuium,
529 843 630 882 nec
657 827 769 881 fieri
804 834 1002 897 potcSI,
1046 836 1102 879 ut
1135 835 1248 880 tota
1276 826 1457 879 anima
1485 840 1736 896 quaerens

163 937 273 975 non
309 921 577 983 inveniat,
612 928 667 973 et
717 921 953 973 diteseat
988 919 1195 973 divitiis
1253 920 1520 972 donorum
1570 921 1732 986 ejus:

160 1016 240 1068 sic
278 1024 329 1066 et
363 1027 460 1065 nos
488 1013 539 1064 in
574 1011 732 1064 bonis
755 1010 877 1079 ejus
908 1009 1303 1070 inelfahili‘bus,
1336 1024 1483 1063 nunc
1513 1011 1735 1079 quidem

159 1122 222 1158 ex
258 1116 430 1174 parte,
467 1120 591 1157 cum
618 1102 1001 1171 intelligentia,
1028 1112 1082 1155 et
1115 1103 1433 1171 cognitione
1470 1112 1737 1171 priestau-

157 1199 404 1261 tierunt;
444 1197 499 1248 in
542 1197 729 1247 futuro
769 1204 949 1247 autem
1003 1194 1210 1247 saacnlo
1261 1192 1498 1262 perfecte
1526 1203 1579 1247 et
1610 1208 1740 1246 con-

160 1298 435 1341 snmmate
484 1301 612 1339 cum
650 1286 860 1339 sanctis
911 1285 1172 1339 onmihus
1227 1286 1457 1340 delicias
1516 1295 1738 1340 nostras

159 1383 485 1434 habeamus.
523 1378 749 1433 Aiterna
799 1379 999 1446 quippe
1036 1378 1176 1431 bona
1204 1394 1232 1430 a
1268 1378 1379 1432 Deo
1431 1378 1644 1440 electis,
1687 1388 1741 1432 et

157 1474 445 1526 Salvandis
480 1472 675 1540 partim
703 1471 813 1539 jam
849 1486 996 1523 nunc
1043 1470 1268 1539 pignora
1329 1469 1555 1537 dantur,
1604 1472 1741 1540 ipsis

158 1567 470 1634 proposita,
510 1563 774 1627 revelata,
840 1564 1187 1630 apparentia,
1241 1570 1297 1616 et
1348 1562 1488 1622 visa.
1543 1565 1739 1632 partim

158 1667 282 1728 post
319 1665 580 1718 mortem,
611 1665 665 1707 et
700 1654 1165 1707 resurrectionem
1185 1653 1534 1722 contingunt.

232 1749 443 1801 Discite
479 1749 667 1816 igitur,
702 1746 885 1799 dilecti
944 1745 1165 1805 fratres,
1234 1745 1555 1801 thesaurum
1595 1747 1746 1801 inex-

156 1842 496 1911 plicabilem,
551 1855 715 1907 super
744 1854 958 1893 omnem
996 1839 1364 1908 principatum
1424 1848 1477 1893 et
1504 1848 1744 1908 potesta-

158 1944 295 1994 tem,
349 1930 512 1996 cujus
559 1930 934 1983 haereditatem
995 1928 1130 1996 justi
1164 1930 1367 1983 adituri
1433 1939 1583 1994 sunt,
1636 1946 1743 1985 non

157 2025 212 2077 in
246 2024 442 2077 futuro
474 2027 677 2077 saeculo
712 2024 996 2084 duntaxat,
1051 2020 1146 2074 sed
1188 2022 1300 2089 jam
1345 2020 1749 2091 quodammodo

156 2128 285 2171 ante
323 2118 540 2181 oculos,
586 2124 641 2171 et
678 2130 892 2179 manus,
928 2126 983 2167 et
1038 2112 1204 2184 pedes
1248 2124 1470 2169 nostros
1502 2114 1752 2185 proposi-

157 2218 273 2261 tum
303 2223 473 2271 esse;
501 2224 664 2277 quem
696 2222 795 2263 nos
831 2207 1029 2261 anima!
1049 2209 1238 2261 oculos
1272 2224 1382 2277 prie
1414 2209 1747 2277 ignorantia,

156 2301 514 2365 inﬁdelitate,
559 2317 723 2356 sensu
756 2304 1259 2371 perturbationum,
1312 2304 1473 2371 quasi
1510 2304 1748 2373 quadam

156 2396 399 2464 caligine
428 2394 611 2461 olI‘nsi,
647 2404 703 2451 et
759 2398 974 2459 cacoziti,
1007 2412 1115 2450 non
1191 2396 1442 2451 videmus
1472 2414 1485 2450 :
1533 2395 1747 2461 Venite,

154 2492 370 2542 credite
431 2490 752 2543 thesaurmn
807 2490 997 2553 istum,
1059 2502 1221 2557 quem
1276 2487 1433 2543 vobis
1488 2490 1746 2556 praedico,

156 2584 351 2636 lumen
386 2581 576 2635 tnundi
615 2596 738 2635 esse
771 2599 785 2635 :
825 2580 935 2651 Ego
975 2597 1089 2634 sum
1138 2582 1452 2634 resurrectio
1491 2591 1541 2634 et
1576 2582 1683 2634 vita
1705 2584 1748 2635 ⁵.

155 2673 271 2745 Ego
313 2692 435 2729 sum
475 2692 697 2745 granum
730 2677 936 2743 sinapis
973 2676 1014 2740 ⁸,
1054 2675 1198 2744 quod
1251 2676 1304 2728 in
1342 2685 1488 2728 terra
1520 2675 1751 2729 absonu-

154 2769 331 2821 ditur.
371 2768 485 2837 Ego
537 2784 660 2823 sum
690 2770 985 2837 margarita
1019 2769 1064 2832 ',
1112 2783 1234 2837 quae
1270 2782 1299 2820 a
1332 2768 1585 2821 fidelibus
1616 2768 1753 2821 enti-

156 2870 270 2915 tur.
332 2861 446 2927 Ego
473 2878 595 2915 sum
636 2878 849 2930 regnum
908 2860 1157 2914 cartorum
1186 2861 1232 2921 ⁸,
1285 2861 1426 2929 quod
1477 2863 1614 2914 intra
1655 2876 1751 2916 vos

156 2950 421 3009 latetQEt
471 2953 941 3023 quemadmodum
1000 2967 1198 3006 cernor
1273 2953 1460 3007 abhis
1510 2955 1601 3022 qui
1664 2971 1750 3009 me

156 3059 307 3097 nunc
388 3045 754 3113 qumsierunt,
830 3052 887 3096 et
972 3043 1462 3099 inveneruntzsic
1509 3045 1747 3113 fnlgebo,

157 3136 210 3187 in
247 3135 381 3199 illis,
420 3146 475 3187 et
507 3149 675 3202 super
712 3149 906 3188 omnes
962 3134 1137 3188 ccelos
1169 3135 1437 3189 residens.
1500 3137 1613 3205 Ego
1652 3136 1746 3206 qui

155 3226 324 3279 etiam
378 3227 467 3278 hic
518 3234 719 3279 natura
752 3242 779 3277 ιι
814 3223 972 3278 vobis
1039 3239 1147 3278 non
1199 3228 1412 3294 capior,
1474 3225 1817 3313 etinvisi-c

158 3318 287 3372 bilis
338 3317 554 3379 videor,
598 3331 705 3369 non
775 3324 1021 3385 quantus
1095 3330 1216 3369 sum
1283 3331 1369 3369 me
1422 3317 1744 3379 ostendens,

156 3425 477 3480 quanquam
515 3418 663 3464 totus
702 3424 896 3462 maneo
923 3408 1016 3478 qui
1049 3423 1193 3468 smn,
1226 3406 1356 3461 dum
1384 3408 1614 3475 videor;
1653 3410 1746 3464 sed

155 3513 431 3569 quantum
497 3516 586 3553 me
640 3499 944 3552 videntium
1001 3506 1306 3562 natura,et
1355 3500 1529 3551 virtus
1578 3500 1746 3567 capit.

158 3592 268 3661 Ego
330 3608 456 3645 sum
527 3590 909 3660 fermentum“,
973 3589 1121 3658 quod
1202 3598 1491 3658 aeceptnin
1569 3593 1747 3645 anima

159 3684 307 3739 misit
340 3682 397 3733 in
428 3690 537 3734 tres
580 3690 764 3747 partes
807 3693 962 3737 suas.
1027 3688 1080 3731 et
1155 3678 1520 3732 fermentatur
1604 3680 1745 3749 ipsa,

159 3781 209 3823 et
241 3781 353 3825 tota
406 3770 539 3822 mihi
584 3770 782 3823 similis
830 3769 1084 3823 ellieitur.
1122 3770 1292 3835 Quale
1342 3771 1486 3823 enim
1515 3769 1752 3824 fermen-

162 3878 272 3914 iom
304 3903 318 3924 ,
362 3863 490 3915 talis
523 3861 578 3913 fit
608 3862 774 3915 etiam
835 3860 1034 3925 farina,
1072 3876 1197 3929 quae
1253 3860 1381 3914 huic
1411 3876 1535 3914 cum
1582 3877 1746 3929 aqua,

157 3966 211 4009 et
241 3955 359 4009 sale
399 3956 668 4009 misi-etur
694 3994 709 4008 .
762 3952 865 4019 Qui
921 3954 1094 4017 enim,
1136 3953 1335 4022 inquit.
1398 3970 1611 4008 mecum
1640 3962 1745 4019 est,

161 4045 548 4099 coimaturalis
592 4045 754 4099 Pater
801 4060 974 4106 meus,
1022 4054 1077 4097 et
1117 4044 1236 4113 ejus
1270 4043 1533 4113 Spiritus,
1565 4045 1748 4101 idonei

160 4146 352 4188 natura
426 4142 581 4194 sunt,
660 4142 717 4187 ut
768 4148 866 4202 pro
924 4148 1090 4203 aqua,
1146 4144 1201 4188 et
1267 4135 1383 4189 sale
1428 4136 1562 4190 sint.
1634 4135 1748 4206 Ego

160 4240 258 4293 pro
294 4225 550 4279 sensibili
595 4223 960 4292 intelligihilis
1026 4225 1318 4293 paradisus
1366 4230 1544 4281 servis
1608 4242 1748 4283 meis

160 4323 345 4369 lactus
401 4330 553 4376 sum,
600 4315 651 4367 in
683 4330 791 4381 qttu
824 4316 1037 4369 colloco
1094 4332 1290 4371 omnes
1338 4320 1627 4374 credentes
1690 4323 1748 4377 in

162 4423 268 4471 me,
308 4420 368 4463 et
409 4418 766 4478 regeneratos
794 4424 888 4477 per
922 4409 1222 4478 Spiritum:
1253 4410 1345 4479 qui
1377 4426 1604 4479 peccare
1632 4428 1750 4467 am-

162 4500 301 4567 jlins
334 4516 448 4553 non
506 4511 774 4570 possunt;
850 4515 952 4555 nec
1022 4503 1280 4570 princeps
1336 4502 1501 4572 hujus
1555 4508 1745 4560 mundi

1496 431 1782 492 ORATIO
1812 432 2082 492 XXVIII.

164 554 331 612 facies
364 560 559 607 vestra}
601 566 708 606 non
758 548 1175 605 confundantur
1210 567 1224 605 :
1263 550 1359 606 sed
1408 552 1551 605 sicut
1584 551 1740 605 euili—
1768 553 1814 608 Λ
1857 552 2188 606 invocabant
2243 566 2327 604 me
2387 562 2625 620 semper.

3313 425 3422 490 462

2713 546 2895 611 Mane,
2970 549 3148 620 inquit
3228 549 3416 614 David.

1838 642 2033 693 exaudi
2063 656 2143 693 me
2184 639 2248 693 ‘°.
2292 637 2450 692 Mane
2490 639 2679 693 astabo
2733 639 2829 692 tibi
2903 650 2953 693 et
3018 641 3198 694 videbo
3226 642 3293 697 ¹¹.
3358 643 3424 699 Et

1840 732 1980 786 alius
2015 750 2029 785 :
2064 731 2207 786 Tunc
2234 738 2465 797 erumpet
2503 732 2653 800 quasi
2682 748 2837 787 mane
2864 732 3039 786 lumen
3070 743 3239 796 tuum,
3268 744 3317 789 et
3338 752 3427 790 aa-

1840 825 1982 878 nitas
2026 834 2116 876 tua
2153 825 2307 878 citius
2339 824 2543 877 orietur
2580 824 2644 889 ¹¹,
2681 825 2902 893 quando
2951 833 3007 879 ct
3068 833 3124 878 tu
3170 826 3424 890 videlicet

1843 914 2102 970 mandata
2136 931 2253 968 mea
2294 914 2686 969 custodiveris.
2720 916 2783 970 Et
2812 917 2940 987 quid
3003 917 3201 972 attinet
3241 921 3423 973 omnia

1840 1024 2188 1078 percensere,
2241 1024 2361 1076 qua:
2404 1008 2549 1064 Deus
2599 1009 2796 1065 salutis
2838 1022 3037 1066 nosme
3100 1013 3294 1069 sitiens
3358 1012 3423 1064 ad

1842 1116 1944 1155 nos
1994 1102 2286 1170 loquitur?
2326 1102 2431 1157 nisi
2485 1104 2736 1168 omnino,
2788 1115 2848 1157 ut
2879 1121 2973 1173 per
3006 1107 3190 1159 omnia
3216 1122 3428 1175 cogno-

1845 1194 2013 1248 scatis
2057 1205 2112 1248 et
2186 1194 2449 1265 credatis,
2507 1196 2763 1250 sedentes
2817 1196 2872 1250 in
2926 1197 3168 1251 tenebris
3240 1199 3425 1268 magni

1842 1285 2066 1341 luminis
2100 1287 2367 1356 fulgorem
2438 1289 2627 1343 videre
2671 1301 2948 1358 oportere,
2998 1290 3041 1343 sl
3121 1290 3427 1358 quidquam

1841 1379 2051 1432 vident.
2102 1381 2165 1433 Et
2211 1396 2277 1434 ne
2323 1382 2417 1451 qui
2456 1381 2524 1436 de
2566 1381 2720 1435 vobis
2756 1382 3014 1448 cogitent,
3052 1380 3276 1437 fulsisse
3302 1382 3429 1450 qui-

1842 1470 1986 1534 dem,
2013 1471 2107 1525 sed
2140 1473 2231 1541 qui
2259 1474 2439 1528 adhuc
2461 1474 2759 1542 incorpore
2790 1481 2915 1526 sunt
2944 1474 3217 1537 homines,
3250 1475 3429 1543 ipsum

1849 1567 2037 1620 videre
2080 1581 2187 1619 non
2240 1581 2415 1634 posse.
2451 1566 2505 1619 Si
2534 1568 2678 1619 enim
2732 1565 2834 1618 hoc
2882 1566 2996 1617 fieri
3034 1580 3138 1618 non
3182 1574 3417 1631 poterat,

1849 1656 1978 1727 quid
2027 1657 2185 1715 luxit,
2227 1664 2282 1709 et
2325 1655 2469 1710 lucet
2498 1655 2695 1719 adhuc,
2734 1670 2857 1709 cum
2907 1655 2975 1707 ab
3007 1655 3088 1709 eis
3139 1670 3246 1708 non
3297 1667 3420 1705 cer-

1846 1747 2055 1801 natur?
2101 1745 2214 1801 Iino
2250 1762 2382 1801 vero
2421 1748 2603 1801 lumen
2657 1761 2877 1817 semper
2932 1753 3073 1807 erat,
3133 1752 3187 1799 et
3219 1760 3433 1813 semper

1847 1837 2008 1901 luxit,
2046 1847 2100 1891 et
2132 1839 2279 1892 lueet
2330 1837 2382 1891 in
2462 1838 2547 1891 his
2576 1840 2667 1907 qui
2709 1836 2927 1907 purgati
2980 1844 3131 1899 sunt,
3184 1845 3237 1889 et
3266 1835 3320 1888 in
3356 1847 3435 1888 te-

1853 1929 2036 1983 nehris
2057 1930 2377 1998 apparebat,
2402 1940 2459 1984 et
2495 1931 2735 1985 Iettcbl'u'.
2754 1928 2807 1982 id
2850 1944 2958 1982 non
3003 1926 3438 1997 comprehende-

1851 2021 1984 2075 bant
2015 2021 2078 2074 ”.
2124 2020 2189 2073 Et
2238 2037 2385 2076 nunc
2454 2023 2618 2086 lucet,
2667 2030 2721 2076 et
2774 2023 3009 2075 tenebrae
3051 2021 3105 2073 id
3133 2036 3241 2073 non
3275 2036 3431 2075 com-

1851 2112 2219 2183 prehendunt,
2278 2114 2391 2167 sive
2428 2130 2537 2168 non
2571 2121 2822 2183 tangunt.
2868 2114 3024 2179 Quod
3057 2122 3240 2167 autem
3275 2113 3433 2178 dixit,

1851 2206 1979 2272 quia
2013 2215 2193 2259 ortum
2221 2214 2305 2259 est
2330 2204 2531 2274 populo
2580 2207 2793 2259 sedenti
2823 2208 2874 2259 in
2909 2205 3216 2269 tenebris“,
3254 2204 3307 2259 id
3328 2212 3435 2268 est,

1852 2298 2014 2353 modo
2052 2300 2322 2367 placuisse
2365 2300 2588 2373 revelari
2634 2300 2700 2352 iis
2739 2300 2790 2352 in
2835 2300 3036 2368 quibus
3094 2310 3150 2355 et
3210 2302 3437 2355 manife-

1853 2400 2053 2443 statur.
2098 2390 2207 2443 Alii
2242 2391 2388 2443 enim
2448 2389 2499 2442 iu
2541 2389 2786 2444 tenebris
2819 2398 3124 2452 versantes,
3166 2389 3299 2447 illud
3326 2405 3437 2442 non

1852 2482 2346 2551 Comprebcndunt.
2420 2482 2714 2537 Invisibilis
2787 2484 2955 2549 enim,
3018 2490 3150 2535 tunc
3215 2479 3435 2551 quidem

1852 2591 1947 2645 per
1976 2590 2179 2642 corpus
2219 2577 2368 2628 visus
2408 2584 2493 2629 cst
2520 2574 2798 2639 omnibus,
2830 2574 2922 2644 qui
2954 2583 3435 2644 aspexerontenm

1852 2669 2206 2724 credentibus
2236 2677 2429 2722 etnon
2475 2667 2851 2723 eredentibus.
2910 2667 3084 2721 Etiam
3133 2667 3440 2721 divinitatis

1852 2762 1975 2833 ejus
2022 2762 2203 2815 lumen
2257 2762 2541 2826 cOguitnm
2597 2766 2652 2813 et
2709 2759 3011 2813 revelatum
3061 2766 3140 2812 est
3169 2758 3300 2811 solis
3330 2758 3440 2820 illis

1853 2871 1952 2925 per
1997 2868 2163 2924 Opera
2212 2852 2490 2913 ﬁdelibus,
2523 2842 2615 2920 qui
2658 2859 2711 2904 et
2741 2849 2997 2903 dicebant
3021 2850 3112 2902 ei:
3153 2847 3287 2901 Ecce
3321 2865 3437 2911 nos,

1854 2948 2100 3011 Domine,
2155 2945 2465 3012 reliquimus
2497 2943 2702 3009 omnia,
2733 2952 2783 2997 et
2830 2942 2996 2995 secuti
3064 2958 3249 2995 sumus
3299 2950 3348 2994 te
3373 2942 3437 2997 ¹⁸.

1852 3039 2010 3106 Quod
2051 3040 2150 3100 ait,
2183 3038 2385 3103 omnia,
2418 3052 2482 3090 ea
2514 3051 2647 3089 voce
2697 3035 2980 3105 pecunias,
3024 3034 3431 3104 possessiones,

1853 3131 2186 3193 voluntates,
2234 3137 2608 3196 contemptum
2672 3127 2838 3195 hujus
2893 3125 3016 3179 vitae
3066 3134 3121 3179 et
3156 3126 3442 3187 abomina-

1854 3214 2056 3278 tio'neni
2094 3222 2234 3289 ejus,
2263 3230 2498 3290 prapter
2541 3229 2763 3292 gustum
2815 3218 3166 3274 subsistentis
3195 3219 3249 3271 in
3280 3218 3439 3272 nobis

1852 3325 1906 3369 et
1942 3326 2160 3371 internae
2192 3316 2342 3369 illius
2402 3316 2528 3366 vitae
2585 3313 2904 3380 complexus
2964 3319 3066 3365 est.
3120 3308 3233 3362 Iloc
3292 3311 3436 3363 enim

1850 3409 2010 3478 plane
2042 3406 2260 3460 dulcius
2291 3414 2397 3470 est,
2427 3414 2480 3459 et
2509 3403 2949 3471 anteponendum
2978 3402 3257 3465 omnibus,
3291 3402 3438 3470 quod

1850 3507 1934 3553 est
1968 3500 2082 3567 ipse
2120 3496 2281 3551 Deus.
2325 3496 2475 3558 ll:ec,
2528 3495 2728 3548 fratres
2779 3493 2908 3557 mei,
2946 3502 3074 3547 sunt
3113 3491 3208 3544 Dei
3261 3491 3439 3544 admi-

1852 3589 2064 3642 rabilia.
2100 3586 2459 3641 LIiSereamur
2492 3586 2675 3653 itaque
2700 3583 2871 3637 nostri
2928 3583 3176 3650 ipsorum
3226 3596 3433 3650 quaeso,

1852 3690 1904 3736 et
1943 3681 2106 3749 hujus
2144 3679 2265 3732 vine
2321 3678 2619 3748 participes
2650 3676 2765 3730 ﬁeri
2808 3675 3183 3740 elaboremus,
3208 3691 3328 3746 qine
3353 3686 3439 3730 est

1852 3774 2036 3827 lumen
2078 3771 2194 3835 Dei,
2242 3771 2358 3839 ipsc
2414 3768 2652 3837 Spiritus
2692 3778 2938 3833 sanctus,
2999 3770 3082 3823 sui
3137 3769 3437 3837 participes

1851 3862 2223 3928 satictilicans,
2254 3869 2308 3915 et
2353 3860 2485 3914 deos
2516 3875 2609 3928 per
2662 3858 3009 3926 adoptionem
3047 3857 3269 3912 faciens.
3304 3856 3439 3911 Cre-

1852 3955 2049 4009 damus
2082 3962 2197 4007 toto
2232 3953 2419 4007 animo
2452 3954 2507 4005 in
2562 3950 2757 4015 Deum,
2823 3958 3048 4015 terrain,
3127 3959 3181 4004 et
3253 3951 3439 4004 omnia

1852 4042 2241 4115 praetereunda
2281 4042 2679 4107 relinquamus,
2734 4041 2798 4093 ad
2828 4040 2975 4094 illum
3008 4041 3359 4105 accedamus,
3388 4038 3441 4093 ei

1851 4143 2249 4196 admei-eamus,
2300 4134 2557 4201 quoniam
2606 4134 2786 4186 adhuc
2828 4132 3119 4195 modicum,
3154 4143 3204 4184 et
3236 4133 3438 4185 malum

1850 4242 1914 4281 ac
1942 4239 2087 4280 terra
2126 4226 2464 4287 transibunt,
2500 4230 2553 4277 et
2597 4230 2749 4276 extra
2805 4222 2958 4275 illum
2990 4237 3100 4275 non
3131 4229 3215 4277 est
3236 4230 3437 4287 status,

1851 4334 1953 4373 nec
1985 4318 2281 4380 terminus,
2346 4330 2448 4369 nec
2506 4314 2896 4384 comprehendi
2938 4321 3141 4384 potest,
3171 4330 3282 4385 quo
3313 4332 3440 4386 pec-

1850 4418 2065 4464 catores
2094 4406 2368 4463 decidant.
2414 4407 2560 4462 Deus
2609 4405 2755 4461 enim
2810 4407 2930 4474 capi
2964 4421 3071 4460 non
3106 4417 3307 4475 potest,
3339 4423 3439 4464 nec

1851 4502 2133 4556 intellectu
2183 4500 2603 4570 comprehendi.
2636 4500 2772 4565 Quis
2812 4500 2980 4570 igitur
3016 4502 3171 4557 locus
3204 4511 3313 4570 est,
3350 4503 3441 4558 die

160 4592 466 4661 quidquam
522 4592 813 4646 adversum
848 4593 972 4647 illos
1034 4594 1197 4647 valet.
1251 4596 1368 4666 Ego
1422 4598 1569 4651 enim
1622 4614 1742 4654 sum
1772 4588 1828 4651 D
1857 4596 2012 4659 mihi,
2048 4609 2217 4661 regno
2239 4593 2361 4662 ejus
2407 4594 2794 4648 excidentium.

160 4682 213 4736 in
247 4686 380 4746 illis,
416 4696 469 4738 et
504 4685 607 4754 ipsi
655 4685 708 4737 in
742 4700 847 4748 me,
906 4694 961 4740 et
1014 4688 1248 4741 vincunt
1300 4690 1589 4753 mundum,
1615 4691 1745 4759 quia

157 4784 313 4829 extra
346 4779 618 4828 mundum
680 4786 830 4840 sunt,
886 4792 1083 4847 meque
1110 4777 1472 4833 fortissimum
1497 4782 1745 4834 omnium

156 4880 342 4921 secum
404 4869 631 4921 habent.
693 4868 805 4936 Ego
864 4884 983 4923 sum
1025 4869 1145 4923 fons
1176 4870 1390 4925 lucidus
1417 4871 1747 4928 immortalis

158 4959 346 5014 liuenti
407 4975 473 5015 ac
538 4962 713 5025 lluvii,
777 4962 829 5015 in
874 4978 984 5031 quo
1031 4978 1141 5017 non
1190 4974 1313 5031 post
1351 4973 1610 5028 mortem,
1644 4964 1740 5019 sed

155 5053 214 5106 in
246 5054 429 5115 horas,
483 5053 577 5122 qui
616 5070 701 5107 me
736 5063 848 5107 toto
892 5063 1122 5124 pectore
1183 5056 1442 5125 diligunt,
1493 5072 1635 5126 aqua
1675 5074 1743 5113 ex

158 5160 249 5201 me
277 5145 560 5200 defluente
602 5145 881 5211 lavantur,
953 5162 1266 5216 corpuSque
1308 5157 1362 5201 et
1409 5149 1646 5201 animam
1679 5151 1749 5203 ah

157 5239 373 5292 ealahe
420 5244 681 5307 purgant,
737 5245 791 5289 et
862 5236 961 5290 toti
1016 5238 1193 5290 instar
1248 5238 1536 5308 lampadis,
1586 5249 1641 5293 et
1693 5241 1746 5295 in

157 5331 400 5398 speciem
454 5329 594 5381 radii
626 5329 758 5382 solis
785 5328 1011 5381 micant.
1061 5328 1175 5399 Ego
1203 5344 1324 5382 sum
1361 5332 1531 5401 quiin
1561 5331 1742 5397 horas,

166 5430 225 5472 ut
264 5434 449 5484 mane,
506 5416 560 5471 in
608 5417 696 5471 his
726 5419 969 5482 exorior,
1010 5429 1064 5474 et
1114 5420 1302 5475 videor
1347 5423 1431 5476 sol
1463 5438 1560 5492 per
1590 5423 1747 5476 intel-

157 5512 399 5575 lectum;
444 5510 589 5563 sicut
641 5510 769 5563 olim
824 5526 1046 5581 quoque
1088 5512 1143 5565 in
1191 5514 1472 5583 pr0phetis
1510 5515 1745 5568 manife-

153 5605 368 5655 stabain
406 5602 703 5673 meipsum,
758 5603 972 5674 ipsique
1021 5605 1269 5661 videntes
1334 5605 1654 5672 laudabant,
1691 5614 1746 5661 et

1434 5826 1453 5854 ⁷
1488 5824 1622 5879 ιιιι-ι.
1662 5828 1743 5880 ιιι.

1087 5894 1126 5925 ’⁸
1160 5896 1318 5949 Joau.
1356 5912 1393 5961 ι,
1429 5895 1481 5949 ὃ.

790 5820 809 5851 ⁸
846 5821 1038 5876 Matth.
1070 5840 1222 5886 xviii,
1268 5825 1356 5877 3|.

551 5893 593 5922 "
626 5891 731 5945 Isa.
773 5908 926 5956 Lvttz,
952 5894 1004 5946 8.

263 5825 287 5857 ³
323 5820 481 5876 Joan.
511 5839 588 5879 xt.
617 5820 709 5874 9.5.

168 5895 204 5926 "
238 5894 381 5949 Ibid.
415 5894 467 5946 5.

1820 5826 1840 5856 ⁸
1863 5827 2000 5881 Luc.
2044 5842 2173 5887 xvu.
2211 5826 2301 5881 20.

1562 5899 1601 5927 Η
1632 5898 1823 5961 I:il.lX,
1852 5898 1904 5951 2.

1924 4684 2106 4755 Cogor
2132 4684 2445 4749 lamentari,
2488 4693 2542 4739 et
2569 4698 2664 4737 cor
2723 4700 2903 4739 meum
2943 4686 3193 4751 comedo,
3224 4696 3279 4742 et
3328 4702 3443 4742 ma-

1854 4793 2034 4843 ceror,
2069 4793 2193 4832 cum
2226 4778 2408 4847 cogito
2468 4776 2761 4830 Dominum
2811 4788 2921 4831 tam
2994 4779 3313 4834 munilicum
3383 4790 3442 4837 et

1857 4871 2180 4935 humanum,
2206 4879 2265 4923 ut
2291 4878 2513 4939 propter
2543 4870 2718 4925 solam
2739 4871 2794 4924 in
2815 4887 2874 4926 se
2891 4870 3050 4926 fidem
3100 4874 3228 4926 talia
3281 4873 3441 4928 nobis

1853 4960 2140 5030 largiatur,
2174 4976 2297 5031 qua:
2329 4972 2598 5026 mentem,
2637 4962 2907 5027 auditum,
2962 4973 3017 5017 et
3048 4965 3439 5033 cogitationem

1856 5064 2141 5122 superant,
2174 5068 2275 5107 nec
2304 5054 2357 5106 in
2386 5068 2485 5107 cor
2517 5055 2752 5108 hominis
2783 5055 3151 5110 ascenderunt
3171 5071 3436 5125 unquam;

1855 5160 1949 5197 eos
1988 5155 2171 5198 autem
2208 5146 2357 5199 velut
2384 5145 2587 5200 bestias
2624 5145 2881 5214 praeferre
2917 5155 3117 5200 terram
3154 5148 3353 5214 solam,
3378 5158 3437 5200 et

1853 5246 2091 5299 terrena,
2127 5238 2283 5290 nobis
2316 5252 2411 5307 per
2459 5240 2681 5291 multam
2721 5237 3156 5293 misericordiam
3187 5239 3253 5292 ad
3285 5238 3437 5292 sulli-

1854 5333 2092 5383 cientem
2121 5332 2370 5400 corporis
2417 5345 2576 5383 usum
2640 5330 2938 5399 impertita,
2979 5342 3038 5384 ut
3093 5345 3158 5385 ex
3211 5331 3298 5385 his
3323 5346 3441 5384 mo-

1854 5422 2041 5475 derate
2075 5433 2127 5475 et
2170 5438 2268 5490 pro
2300 5421 2550 5490 portione
2604 5423 2841 5486 alamnr,
2892 5431 2945 5477 et
3002 5424 3183 5476 anima
3243 5431 3429 5477 nostra

1858 5515 1993 5567 citra
2028 5515 2477 5579 impedimentum
2538 5514 2605 5568 ad
2666 5530 2896 5581 snperna
2947 5514 3251 5582 gradiatur,
3315 5515 3432 5583 ipsa

1856 5621 2072 5675 queque
2107 5606 2464 5660 intellectuali
2506 5613 2662 5676 pastu
2708 5620 2773 5657 ex
2811 5604 3224 5676 Spiritu,justa
3276 5620 3433 5660 men-

2382 5829 2399 5858 ’
2437 5828 2628 5884 Matth.
2659 5847 2782 5897 xui,
2842 5832 2932 5889 55.
3014 5833 3052 5863 '°
3082 5831 3231 5888 Psal.
3289 5848 3339 5885 v.
3373 5831 3426 5885 4-

1987 5898 2029 5929 "
2064 5898 2253 5951 Matth.
2286 5914 2399 5964 nx,
2434 5897 2525 5951 ΞΠ.
