4170 6452
710 385 815 449 467

1944 394 1980 445 [ς
1994 392 2087 450 ΥΜ
2104 389 2326 453 liOMS
2356 396 2388 455 J
2404 395 2500 455 ΗΝ
2518 394 2645 455 [OB
2662 399 2730 456 lS

3870 392 3986 455 488

709 500 959 562 cesserit,
991 508 1044 555 ct
1066 517 1129 555 eo
1161 500 1213 555 in
1246 503 1436 571 primis
1461 502 1605 571 quod
1640 503 1728 571 qui
1766 504 1994 558 mullum
2029 507 2292 577 temporis
2322 518 2367 572 Α
2397 510 2661 565 adversus
2686 526 2832 576 eum,
2866 526 2971 564 non
3008 526 3372 573 murmurare,
3409 526 3517 565 non
3577 511 3827 575 illudere,
3867 527 3981 567 non

709 590 763 643 in
820 594 922 648 hoc
988 595 1203 648 vitandi
1260 611 1451 664 genere
1493 596 1891 661 rontrivcrunt,
1949 598 2157 651 nullum
2215 614 2282 653 ex

710 685 1069 741 diuturnitate
1124 688 1361 742 fructmn
1398 690 1755 759 reportarint,
1788 690 1916 744 dum
1950 692 2191 760 putarint
2226 708 2285 746 se

709 794 933 830 cursum
969 781 1348 835 mandatorum
1382 782 1476 836 Dei
1522 799 1762 846 currere,
1793 794 1845 837 ct
1872 784 1921 838 id
1955 800 2061 837 non
2090 800 2283 838 secun-

708 870 836 921 dum
874 871 1188 935 Scirnliam,
1252 888 1315 928 ac
1354 890 1489 928 sano
1520 874 1729 943 judicio
1764 877 2136 945 prastiterint,
2189 875 2283 929 sed

707 962 771 1013 ad
812 979 1090 1025 numeros,
1130 981 1267 1034 quos
1298 968 1401 1021 sibi
1438 968 1715 1033 finxerint,
1749 979 1800 1022 ct
1828 970 1892 1022 ad
1946 971 2282 1039 opinionem,

709 1070 870 1124 quam
904 1054 969 1108 de
1003 1071 1059 1109 se
1090 1058 1190 1127 ipsi
1249 1060 1413 1113 stulte
1462 1060 1753 1115 habuerint
1784 1077 1799 1114 :
1835 1061 2035 1128 quibus
2091 1064 2285 1116 merito

706 1157 868 1209 etiam
895 1168 1115 1226 gressus
1139 1154 1439 1207 secundum
1472 1153 1638 1207 Deum
1669 1154 2055 1223 pra'ciduntur.
2088 1155 2283 1219 illusis,

705 1260 759 1298 ιει
789 1250 854 1301 ad
887 1263 1100 1316 ea-qna:
1155 1256 1301 1300 retro
1349 1256 1477 1300 sunt
1529 1249 1950 1313 revertentibus,
1984 1264 2152 1315 seque
2192 1264 2287 1317 per

708 1341 1092 1410 negligentiam
1126 1343 1382 1410 maligno,
1417 1341 1483 1394 ad
1518 1356 1667 1395 suam
1705 1340 1757 1394 in
1788 1341 1921 1409 ipsis
1949 1342 2285 1399 voluntatem

704 1434 1027 1503 explendam
1057 1435 1421 1490 tradentibus.

777 1525 882 1578 Sed
920 1542 1019 1580 cur
1048 1542 1148 1597 ego
1180 1528 1280 1580 ista
1311 1530 1451 1598 apud
1486 1545 1583 1585 vos
1618 1530 1820 1585 fratres
1846 1543 1999 1583 meos
2030 1527 2289 1596 spiritua-

704 1618 782 1673 Ies
828 1615 1085 1674 dissero?
1139 1621 1273 1686 Quia
1326 1638 1612 1677 numerum
1667 1623 1941 1679 excedunt
1990 1622 2290 1676 adversarii

703 1713 878 1765 nostri
908 1713 1133 1775 diaboli,
1173 1713 1648 1784 malignior-umque
1670 1715 1793 1783 ejus
1825 1715 2119 1778 spirituum
2154 1713 2293 1767 insi-

702 1801 807 1855 dia:
847 1811 900 1856 et
936 1804 1249 1860 tendiculae.
1301 1807 1728 1860 Consideremus
1781 1824 1881 1861 nos
1915 1808 2062 1875 ipsos
2092 1806 2145 1859 in
2180 1806 2287 1869 via,

2388 602 2638 667 irridere,
2673 604 2724 657 in
2747 604 2953 673 judicio
2984 620 3264 673 nunquam
3294 619 3395 657 nec
3426 618 3619 673 parva,
3647 620 3746 657 nec
3778 619 3981 673 magna

2385 692 2453 746 de
2483 709 2541 747 re
2592 695 2947 750 contendere.
2998 696 3488 751 Persutsissintum
3540 713 3671 767 ergo
3701 696 3979 761 habeatis,

2390 782 2586 837 fratres
2620 787 2720 840 mei
2754 787 3137 853 dili-cti,-~nibil
3171 796 3281 840 tam
3332 788 3491 841 facile
3540 789 3776 843 salutem
3823 790 3982 844 vobis

2386 880 2830 944 conciliaturum,
2857 897 3021 949 quam
3062 883 3246 936 divina
3276 883 3581 937 Salvatoris
3605 883 3760 951 jussa
3794 883 3979 935 faces-

2387 986 2529 1025 sete.
2566 972 2934 1030 Nihilominus
2981 976 3170 1031 multis
3221 977 3503 1048 Iacrymis,
3536 978 3709 1029 multo
3756 978 3979 1042 timore,

2389 1067 2561 1119 multa
2590 1067 2872 1135 patientia,
2896 1074 3412 1137 perscverantiaque
3444 1070 3498 1121 in
3530 1070 3785 1135 precibus
3814 1071 3975 1123 nobis

2388 1173 2528 1227 Opus
2558 1169 2663 1223 est,
2695 1170 2754 1214 ut
2791 1162 2984 1215 saltem
3016 1164 3183 1216 unius
3213 1162 3367 1216 verbi
3424 1162 3635 1216 Domini
3668 1163 3847 1216 virtus
3888 1178 3979 1217 re-

2387 1252 2600 1306 veletur
2635 1253 2812 1308 nobis.
2845 1262 2905 1306 ut
2934 1268 3231 1309 noscamus
3266 1254 3410 1322 quod
3443 1254 3497 1308 in
3552 1255 3735 1324 parvis
3763 1270 3980 1308 sermo-

2388 1346 2553 1400 nibus
2583 1343 2705 1414 ejus
2734 1347 3115 1400 absconditum
3148 1355 3235 1401 est
3273 1346 3619 1417 mysterium.
3653 1354 3713 1399 ut
3743 1362 3843 1415 pro
3868 1361 3979 1400 uno

2391 1437 2543 1507 apice
2575 1438 2956 1492 mandatorum
2998 1439 3204 1494 Christi
3249 1440 3463 1492 animas
3511 1449 3733 1492 nostras
3770 1453 3980 1506 ponere

2392 1543 2463 1581 ne
2495 1527 2833 1584 dubitemus.
2877 1528 3071 1581 Sermo
3105 1528 3253 1583 enim
3288 1528 3379 1581 Dei
3412 1536 3681 1588 armatus.
3723 1540 3776 1581 et
3818 1527 3977 1590 (ιιιηεί

2392 1616 2606 1686 gladius
2630 1632 2833 1686 anceps
2864 1618 2931 1683 “,
2968 1629 3023 1672 et
3063 1634 3093 1672 a
3125 1633 3235 1689 quo
3262 1621 3389 1688 quis
3429 1618 3609 1673 victus
3634 1626 3741 1682 est,
3774 1619 3900 1687 ejus
3927 1628 3980 1671 et

2393 1723 2585 1763 servus
2612 1707 2781 1763 est".

2449 1798 2535 1853 'Ut
2559 1808 2739 1853 autem
2764 1804 3011 1872 exemplo
3040 1819 3259 1873 quoque
3285 1805 3551 1860 credibile
3579 1804 3797 1865 faciam,
3831 1802 3979 1873 quod

702 1892 770 1946 dc
797 1909 905 1962 qua
948 1896 1206 1961 diximus,
1238 1896 1327 1965 qui
1371 1898 1448 1949 vel
1490 1912 1667 1965 nuper
1714 1912 1833 1951 eam
1888 1896 2169 1958 inivimus,
2205 1896 2288 1949 vel
2322 1865 2361 1921 Β
2392 1892 2535 1957 dico,
2565 1908 2663 1945 vos
2704 1894 3071 1964 interrogabo.
3109 1896 3209 1952 Cui
3239 1914 3364 1952 cum
3400 1899 3610 1957 decem,
3646 1908 3739 1950 aut
3768 1895 3980 1948 duode-

700 1986 910 2040 diutius
939 1989 990 2041 in
1019 2004 1079 2041 ea
1116 1990 1479 2057 perreximus,
1530 2000 1583 2044 et
1623 1990 1691 2043 ab
1725 1989 1982 2042 omnibus
2012 1988 2133 2043 istis
2168 2003 2289 2058 quae

700 2078 859 2133 dieue
883 2088 1011 2133 sunt
1040 2079 1233 2135 bestiis
1257 2093 1308 2134 ct
1332 2081 1661 2146 latronibus,
1688 2082 1856 2135 multa
1885 2082 2104 2149 quidem
2139 2081 2284 2148 passi

698 2185 891 2224 eorum
923 2186 1045 2239 quae
1068 2172 1643 2232 commemoravimus,
1676 2171 1848 2239 gratia
1876 2179 2054 2224 autem
2080 2169 2283 2223 Christi

701 2277 880 2329 neque
909 2262 1320 2315 adulationibus
1350 2261 1580 2331 decepti,
1610 2275 1783 2329 neque
1807 2260 2074 2329 elegantia
2100 2274 2282 2312 rertun

703 2356 1085 2423 apparentium
1113 2353 1179 2408 ad
1211 2355 1541 2422 voluptatem
1578 2352 1765 2407 furtim
1797 2353 2075 2421 pertracti,
2109 2367 2286 2421 neque

702 2450 897 2501 timore
924 2456 1019 2501 aut
1052 2448 1211 2500 minis
1238 2446 1303 2499 ad
1335 2446 1721 2500 declinandum
1759 2445 1825 2498 de
1875 2453 2024 2497 recta
2054 2444 2162 2504 via,
2190 2458 2285 2497 aut

701 2552 731 2590 a
761 2553 1057 2609 progressu
1083 2538 1452 2592 chtstcndum
1485 2537 1689 2597 inllexi.
1723 2552 1899 2604 neque
1928 2550 2053 2591 vero
2082 2544 2285 2589 retroro

699 2648 822 2685 sum
857 2632 1106 2685 conversi
1128 2646 1344 2692 sumus.
1374 2630 1467 2684 sed
1496 2631 1698 2696 potius,
1727 2628 2020 2698 etquidem
2056 2636 2285 2681 conten-

702 2725 812 2777 tius
863 2725 1161 2777 currimus.
1220 2720 1361 2775 Num
1414 2723 1468 2775 in
1526 2721 1618 2775 tali
1679 2731 1819 2775 statu
1870 2729 1925 2774 et
1970 2720 2284 2774 conditione

699 2825 912 2878 nostra,
945 2816 1152 2886 quievit
1203 2831 1233 2870 a
1289 2816 1445 2870 nobis
1486 2814 1873 2885 oppugnandis
1905 2812 2175 2878 Satanas;
2229 2823 2284 2867 et

698 2925 829 2963 num
884 2908 1182 2978 aliquando
1215 2908 1433 2962 tandem
1487 2909 1779 2977 quieturus
1810 2906 1931 2961 est?
1991 2897 2281 2975 Nunquam

698 3016 853 3057 sane.
888 3002 1158 3066 Quocirca
1190 3000 1334 3056 Deus
1380 3017 1597 3071 semper
1628 3000 1785 3054 nobis
1817 3014 2034 3053 summo
2061 2999 2283 3053 deside-

696 3094 805 3159 rio,
851 3102 1073 3161 totaque
1124 3103 1303 3147 mente
1337 3094 1581 3147 orandus
1630 3103 1737 3157 est,
1778 3108 1847 3145 ne
1878 3107 1983 3147 nos
2040 3105 2280 3159 unquam

697 3185 937 3240 inescari
968 3201 996 3239 a
1032 3187 1289 3255 maligno,
1329 3196 1425 3238 aut
1457 3184 1567 3237 falli
1595 3184 1851 3253 patiatur.
1891 3183 2016 3237 [huc
2048 3197 2220 3251 pauca
2253 3198 2282 3237 e
2312 3224 2356 3283 Ο

698 3277 886 3332 multis
924 3276 1333 3330 deccrtantibus
1366 3275 1791 3343 disputavimus.

770 3370 844 3422 De
876 3368 943 3421 iis
968 3384 1151 3436 porro,
1186 3367 1279 3438 qui
1309 3369 1457 3421 nulio
1482 3367 1827 3431 discriminc,
1854 3373 1909 3420 et
1939 3364 2074 3419 nihil
2099 3364 2285 3421 omnia.

698 3462 1001 3532 pendentes
1043 3462 1142 3515 hac
1177 3464 1280 3525 via,
1320 3472 1374 3516 et
1404 3464 1515 3515 vita
1554 3460 1961 3529 ingrediuntur,
2011 3457 2140 3528 quid
2182 3471 2283 3527 ego

697 3555 914 3607 dicam?
948 3554 1395 3623 quandoquidem
1445 3552 1595 3607 velut
1646 3552 1876 3621 stupida:
1923 3566 2051 3605 aves
2104 3550 2283 3604 omnis

697 3646 912 3713 generis
947 3645 1149 3698 diaboli
1211 3644 1421 3713 laqueis
1476 3646 1821 3706 irretiuntur,
1877 3649 2053 3697 semet
2105 3644 2284 3697 cuivis

699 3737 915 3793 adectui
950 3736 1211 3791 dedentes
1240 3751 1303 3789 ac
1333 3735 1732 3804 tnancipantcs.
1767 3744 1821 3789 et
1855 3750 2036 3789 escam
2067 3750 2284 3802 semper

700 3833 941 3901 maligno
994 3846 1054 3885 se
1108 3830 1453 3898 objicientcs,
1515 3831 1909 3895 circumeunti,
1952 3839 2003 3883 et
2056 3830 2284 3899 rugienti

698 3929 872 3980 instar
907 3926 1096 3987 (ranis,
1148 3925 1502 3994 qurerentique
1542 3940 1693 3994 quem
1733 3924 1939 3977 devoret
1962 3924 2028 3986 “,
2062 3931 2117 3976 et
2147 3924 2282 3978 mori

700 4029 1028 4089 praeoptarit,
1064 4034 1227 4088 quam
1258 4033 1289 4071 e
1328 4016 1584 4071 dentibus
1615 4028 1668 4070 et
1720 4015 1973 4069 faucibus
2007 4017 2125 4085 ejus
2154 4032 2284 4069 cru-

699 4114 1000 4169 delissimis
1031 4112 1265 4166 extrahi.
1298 4109 1501 4164 llortor
1549 4111 1755 4179 itaque,
1790 4118 1843 4164 et
1871 4124 2065 4163 omnes
2095 4118 2283 4164 oratos

698 4209 826 4263 volo
858 4208 910 4260 in
941 4206 1159 4260 Christo
1195 4204 1350 4270 Jesu,
1401 4215 1459 4260 ιιι
1488 4204 1845 4272 sibimetipsis
1895 4203 2198 4267 attendant,
2229 4212 2284 4255 et

699 4302 1078 4370 unusquisque
1104 4315 1210 4353 non
1247 4300 1369 4369 plus
1402 4314 1564 4367 quam
1596 4308 1833 4367 oportet,
1861 4298 1955 4352 sed
1985 4298 2051 4350 ad
2075 4296 2285 4352 sobrie-

700 4400 864 4444 tatem
912 4389 1089 4457 sapiat
1120 4391 1188 4454 ⁸³,
1239 4390 1617 4457 directainque
1675 4389 1845 4453 viam,
1893 4402 2016 4456 qua:
2054 4387 2195 4441 Deus
2228 4395 2283 4441 et

700 4484 954 4538 Christus
978 4493 1087 4547 est,
1118 4482 1363 4535 ambulet
1397 4482 1505 4549 (cui
1538 4489 1593 4535 ct
1624 4483 1955 4548 respondere
1983 4480 2282 4549 oportebit.

2389 1987 2495 2038 cim
2524 1985 2661 2041 viris
2692 1999 2947 2055 suscepta
2980 2000 3064 2043 est
3095 1990 3406 2050 dimicatio.
3439 1990 3569 2043 dum
3625 2004 3821 2042 manus
3851 2002 3979 2040 cum

2390 2077 2457 2130 iis
2488 2080 2750 2142 conserit,
2788 2080 2831 2134 si
2866 2081 3261 2147 antesignanos
3316 2090 3369 2134 et
3411 2082 3747 2137 fortissimos
3780 2094 3975 2133 eorum

2388 2171 2553 2224 simul
2580 2172 2753 2240 prima
2785 2173 3148 2241 impressione
3187 2176 3237 2228 in
3277 2173 3457 2243 fugam
3509 2174 3858 2243 compulerit.
3892 2188 3982 2225 re-

2386 2261 2573 2330 liquos
2613 2265 3011 2328 vulneraverit,
3067 2280 3131 2319 ac
3184 2267 3565 2335 prostravcrit,
3622 2282 3788 2319 unum
3826 2280 3979 2327 vero.

2388 2366 2482 2408 aut
2509 2355 2649 2409 duos
2684 2373 2750 2409 ex
2785 2357 2871 2411 his
2898 2357 3375 2426 despicabiliores,
3420 2360 3859 2425 inﬂt‘tuioresqtle
3891 2373 3982 2411 re-

2388 2445 2547 2498 lictos
2572 2457 2757 2513 postea
2790 2447 3001 2512 timide,
3034 2457 3086 2501 el
3117 2464 3241 2502 cum
3281 2451 3561 2504 blanditiis
3593 2450 3786 2520 procul
3824 2450 3890 2503 ad
3923 2464 3983 2505 se

2388 2539 2672 2592 venientes
2705 2538 2918 2606 viderit,
2952 2555 3053 2595 nec
3086 2557 3386 2597 occurrens
3415 2557 3511 2596 eos
3540 2542 3981 2611 comprehende.-

2386 2636 2479 2699 rit,
2516 2654 2713 2691 manus
2752 2654 2890 2706 pone
2937 2640 3262 2705 revinxerit,
3318 2650 3411 2694 aut
3452 2641 3740 2704 occiderit,
3790 2654 3978 2693 nonne

2388 2730 2602 2785 szeviter
2642 2732 2710 2783 ab
2743 2732 2809 2785 iis
2842 2732 2958 2801 ipse
2984 2734 3383 2787 trucidabitnr?
3413 2734 3470 2787 Si
3510 2736 3655 2787 enim
3690 2748 3753 2786 ex
3782 2748 3984 2801 snper-

2387 2821 2474 2876 bia
2500 2831 2552 2875 et
2575 2826 2890 2891 arrogantia
2920 2825 3179 2899 proiectis
3202 2826 3371 2878 armis
3396 2826 3731 2887 rccubuerit,
3757 2827 3984 2893 illiSqoc

2388 2919 2726 2983 contemptis
2762 2920 2995 2987 supinus
3050 2922 3394 2981 dormivcrit,
3430 2937 3498 2974 an
3555 2937 3664 2975 non
3713 2921 3897 2975 si-icns
3928 2927 3984 2972 et

2389 3013 2576 3066 volens
2612 3012 2665 3065 in
2704 3015 3023 3067 servitutem
3084 3013 3303 3069 miseris
3357 3015 3469 3069 illis
3503 3029 3561 3068 se
3603 2996 3868 3066 tradidit?
3901 3012 3981 3066 An

2388 3118 2497 3157 non
2524 3105 2617 3173 qui
2651 3115 3090 3173 supervenerunt
3119 3106 3228 3159 duo
3251 3122 3316 3160 cx
3343 3107 3473 3169 illis,
3500 3107 3778 3159 autetiam
3810 3120 3981 3168 unus,

2389 3197 2612 3264 ligatum
2649 3211 2775 3250 eum
2809 3198 2861 3250 in
2892 3212 2994 3251 suo
3026 3199 3301 3268 mancipio
3336 3198 3579 3260 habebit,
3607 3207 3661 3251 et
3690 3213 3790 3265 pro
3822 3211 3984 3252 servo

2390 3289 2661 3343 abducet?
2714 3299 2807 3343 aut
2866 3292 2911 3344 si
2969 3291 3133 3344 etiam
3195 3290 3376 3357 gladio
3406 3292 3760 3360 jugulat-erit,
3819 3291 3985 3345 faciet

2390 3380 2645 3434 omnibus
2706 3382 3030 3436 mortalibus
3086 3381 3430 3435 ludibrium?
3480 3384 3673 3435 Annon
3712 3392 3982 3449 przcterea

2390 3483 2582 3525 omnes
2621 3471 2704 3525 sui
2750 3474 3112 3542 negligentem
3143 3482 3197 3527 et
3250 3472 3616 3527 confidentem
3658 3473 3830 3535 illum,
3874 3474 3985 3527 into

2390 3559 2700 3615 dementem
2761 3577 2823 3615 ac
2882 3564 3161 3632 stupidum
3234 3567 3430 3619 merito
3493 3580 3696 3619 caesum
3761 3567 3987 3620 dicent?

2390 3650 2626 3708 Omnino
2655 3656 2798 3708 enim
2838 3671 2944 3709 non
2979 3665 3087 3709 tam
3127 3656 3417 3711 laudabilis
3457 3658 3560 3710 erit
3611 3669 3837 3726 propter
3879 3674 3984 3727 pu-

2392 3759 2552 3812 gnam
2583 3755 2634 3798 et
2663 3746 2944 3799 victoriam
2979 3746 3122 3800 illam
3154 3757 3344 3801 contra
3398 3748 3672 3808 fortiores.
3705 3766 3872 3818 quam
3904 3752 3986 3805 vi-

2394 3839 2737 3906 tuperabilis,
2803 3839 3227 3903 ahominandus,
3282 3850 3337 3895 et
3412 3844 3828 3911 vilipcndendus
3887 3861 3983 3897 S(‘ll

2392 3944 2607 3995 servus,
2640 3946 2735 3984 seu
2769 3940 3043 3995 mortuus,
3077 3940 3133 3985 nt
3161 3933 3331 3987 libere
3360 3934 3564 3997 dicam,
3593 3936 3736 4004 quod
3771 3936 3842 3990 ab
3872 3952 3984 3989 uno

2392 4024 2489 4077 illo
2528 4025 2706 4078 vietus
2743 4025 2835 4079 sit.
2872 4025 2962 4080 Sic
3000 4026 3190 4094 igitur,
3250 4025 3450 4081 fratres
3493 4028 3597 4081 mei
3638 4030 3981 4089 charissimi,

2393 4117 2528 4171 nihil
2562 4115 2721 4169 nobis
2751 4116 3019 4185 proderit,
3051 4116 3097 4169 si
3127 4118 3431 4185 majoribus
3463 4120 3980 4186 perturbationibus

2391 4207 2667 4267 edomitis,
2710 4207 2764 4260 in
2822 4208 3098 4260 minorum
3165 4218 3430 4276 potestate
3480 4210 3676 4263 simus.
3732 4211 3981 4280 Exempli

2391 4301 2563 4369 gratia
2598 4298 2809 4367 (eadem
2849 4300 2993 4355 enim
3048 4317 3245 4355 rursus
3307 4301 3508 4366 dicam,
3547 4312 3601 4356 et
3646 4303 3832 4357 dicere
3870 4320 3979 4357 non

2391 4393 2662 4462 desinam)
2696 4394 2739 4445 si
2768 4384 2948 4447 carnis
2975 4394 3391 4463 inquinamenta
3425 4395 3682 4457 vizemus,
3715 4396 3760 4448 si
3794 4398 3863 4449 ab
3895 4397 3982 4449 in-

2391 4486 2561 4549 vidia,
2599 4494 2653 4539 et
2679 4485 2844 4540 furtis
2886 4487 3065 4555 magni
3117 4487 3379 4540 momenti
3419 4487 3814 4549 abstineamus,
3856 4490 3901 4542 si
3952 4505 3979 4541 a

700 4586 753 4627 ut
779 4575 926 4643 justo
947 4573 1147 4635 Jmlici,
1179 4580 1232 4626 ct
1266 4573 1359 4639 qui
1391 4572 1773 4626 circumscribi
1804 4572 2014 4640 nequit)
2049 4585 2157 4624 non
2184 4571 2283 4625 de-
2317 4592 2361 4643 ι)
2394 4573 2614 4628 nefariis
2644 4589 2942 4642 puerorum
2981 4575 3288 4638 amoribus,
3318 4583 3373 4628 et
3418 4590 3609 4630 aversa
3644 4576 3896 4636 libidine,
3934 4580 3981 4633 si

700 4667 969 4719 cEinantes
997 4666 1063 4717 ad
1087 4666 1358 4728 dextram,
1392 4680 1491 4717 nec
1521 4663 1589 4716 ad
1621 4661 1897 4717 sinistram
1922 4662 1969 4693 “
2001 4680 2013 4715 :
2042 4661 2137 4715 sed
2162 4659 2284 4728 ejus

700 4762 926 4830 vestigia
997 4769 1260 4829 perpetuo
1321 4766 1653 4828 prementes,
1717 4758 1774 4811 in
1836 4756 2110 4811 mandatis
2162 4756 2283 4824 ejus

700 4855 957 4907 omnibus
1011 4853 1217 4921 absque
1256 4853 1364 4905 ulla
1422 4849 1727 4904 omissione
1773 4847 2174 4906 custodiendis.
2227 4855 2285 4899 ut

701 4945 985 4999 salveinini
1021 4946 1166 4998 sicut
1217 4958 1411 5012 caprea
1447 4957 1477 4995 e
1528 4939 1781 5002 maculis,
1826 4948 1882 4992 et
1913 4952 2103 5006 passer
2130 4951 2162 4990 e
2201 4937 2280 4991 la-

700 5054 842 5107 queo
869 5040 934 5093 ”.
999 5039 1243 5091 Primum
1299 5037 1499 5106 quippe
1550 5036 1870 5089 mandatum
1902 5042 2009 5098 est,
2055 5034 2283 5102 diligere

705 5133 993 5186 Dominum
1033 5131 1223 5194 Deum,
1270 5137 1326 5182 et
1356 5132 1609 5181 mandata
1642 5127 1764 5194 ejus
1794 5140 2014 5181 servare
2035 5128 2103 5187 ",
2135 5127 2279 5179 sicut

703 5225 817 5293 ipse
849 5226 922 5275 ait
960 5238 975 5275 :
1002 5222 1105 5286 Qui
1136 5222 1309 5288 diligit
1353 5236 1454 5283 me,
1498 5218 1754 5272 ntandata
1785 5234 1900 5271 mea
1946 5219 2181 5272 custodit
2212 5219 2278 5272 “.

702 5314 1038 5371 Secundum.
1064 5311 1293 5381 diligere
1320 5311 1461 5364 inter
1491 5326 1573 5373 se,
1610 5311 1752 5365 sicut
1787 5310 1903 5378 ipse
1949 5309 2090 5363 Deus
2122 5325 2281 5362 mun—

703 5406 830 5459 dum
860 5404 1067 5457 dilexit.
1108 5402 1246 5458 Vera
1297 5414 1477 5457 autem
1508 5404 1730 5457 dilectio
1766 5404 1851 5457 his
1890 5402 2047 5472 quasi
2085 5402 2284 5455 chara-

704 5498 951 5551 cteribus
996 5496 1352 5564 cognoscitur
1382 5496 1450 5562 ",
1488 5496 1750 5551 adversus
1781 5496 2004 5549 fratrem
2039 5509 2148 5549 non
2198 5496 2283 5547 in-

707 5590 846 5653 llari,
878 5604 976 5642 nec
998 5587 1199 5652 efferri,
1234 5603 1331 5641 nec
1382 5589 1627 5643 atnulari
1686 5589 1861 5651 illum,
1902 5589 1995 5643 sed
2038 5591 2283 5642 annulati

710 5685 911 5737 bonum
946 5699 959 5733 :
996 5698 1103 5735 non
1139 5697 1299 5751 agere
1342 5697 1647 5751 perperam,
1690 5697 1797 5735 non
1841 5697 1965 5736 esse
2019 5683 2283 5737 audacem

783 5800 828 5831 ¹¹
862 5799 878 5851 l
907 5801 1050 5852 l‘etr.
1073 5816 1122 5860 ν,
1145 5798 1196 5851 8.

713 5871 755 5905 ³⁷
790 5869 964 5926 lCor.
1028 5886 1142 5936 ενι,
1182 5869 1197 5922 l
1243 5885 1399 5941 seq-1.

1275 5799 1319 5830 ¹¹
1350 5799 1507 5852 Rom.
1542 5815 1635 5852 xu.
1663 5798 1714 5850 5.

1476 5872 1520 5903 "
1554 5870 1721 5924 llebr.
1776 5885 1846 5933 Iv,
1896 5871 1977 5922 l2.

1819 5798 1864 5829 ²³
1899 5796 2053 5851 Deut.
2100 5813 2235 5850 ινιι.
2278 5798 2362 5850 ll.

2094 5870 2137 5899 "
2170 5867 2211 5922 ll
2248 5866 2390 5924 Pelr.
2427 5884 2487 5934 tl,
2526 5870 2608 5924 I‘J.

2392 4680 2421 4718 a
2482 4667 2736 4731 mollitie,
2792 4675 2845 4719 et
2898 4668 3044 4720 onmi
3094 4668 3197 4720 alia
3252 4667 3550 4735 petulantia
3587 4680 3979 4737 temperemus,

2388 4758 2520 4812 vitio
2574 4768 2754 4813 tamen
2808 4759 3038 4821 ventris,
3095 4770 3188 4812 aut
3220 4761 3393 4825 multo
3442 4761 3590 4823 vino,
3629 4774 3721 4815 aut
3760 4779 3979 4825 somno,

2390 4859 2485 4903 aut
2515 4851 2749 4914 inertiar,
2774 4861 2867 4903 aut
2896 4851 3152 4919 pigritiae,
3182 4853 3631 4915 contradictioni,
3660 4855 3983 4909 inobetlien-

2391 4945 2497 5005 the,
2526 4943 2949 4996 murmurationi
2979 4953 3237 5012 tanquam
3271 4946 3439 5006 servi,
3469 4954 3521 4997 et
3546 4944 3835 5013 llagriones
3860 4949 3983 5000 Sub-

2385 5036 2666 5103 jiciantur,
2704 5051 2893 5103 quem,
2955 5036 3205 5096 obsecro.
3243 5050 3307 5088 ex
3362 5036 3478 5089 sola
3519 5053 3744 5103 operum
3803 5039 3983 5105 pessi-

2390 5125 2952 5189 morunﬁabstinentia
2971 5124 3208 5178 fructum
3228 5125 3675 5194 consequentur?
3747 5125 3803 5179 Si
3837 5132 3980 5182 ctam

2390 5218 2547 5287 panis
2609 5217 2912 5286 fragmenta
2970 5218 3321 5286 surripitnus.
3359 5225 3413 5271 et
3472 5217 3833 5280 comedimus.
3889 5229 3983 5272 aut

2390 5312 2673 5381 quippiam
2726 5310 2873 5363 aliud
2929 5311 3153 5364 aliunde
3226 5311 3582 5380 sublegimus,
3630 5311 3794 5378 idque
3841 5314 3979 5365 citra

2393 5405 2723 5473 permissum
2754 5400 2994 5471 praefecti
3029 5404 3227 5465 nostri,
3269 5402 3364 5470 qui
3400 5418 3500 5455 nos
3536 5404 3741 5472 peccati
3776 5405 3980 5454 immu-

2394 5512 2491 5551 nes
2520 5494 2871 5565 pronuntiet?
2900 5496 2955 5549 Si
2983 5510 3012 5549 a
3038 5496 3229 5566 synaxi
3266 5496 3474 5564 absque
3498 5509 3692 5564 magna
3724 5495 3981 5562 corporis

2393 5588 2793 5652 imbecillitate,
2828 5598 2920 5643 aut
2950 5592 3277 5644 necessitate
3304 5590 3489 5659 aliqua
3520 5601 3716 5657 sponte
3741 5589 3980 5641 abfueri-

2397 5682 2558 5737 mus?
2595 5680 2649 5735 Si
2689 5681 2903 5736 fructus
2933 5683 3331 5749 custodientes,
3365 5684 3435 5738 ab
3466 5682 3601 5752 ipsis
3648 5681 3830 5751 gulam
3869 5695 3975 5732 non

2442 5798 2487 5830 'l‘
2517 5796 2678 5851 Prov.
2704 5814 2777 5865 tu,
2806 5798 2889 5855 l3.
2966 5803 3009 5835 ³⁸
3045 5801 3200 5858 Deut.
3230 5818 3312 5867 γι,
3347 5805 3397 5858 5.
3478 5802 3521 5835 ’⁸
3552 5799 3709 5855 Joazt.
3749 5813 3859 5853 Xtv.
3897 5798 3974 5853 l5.
