4170 6452
163 424 273 486 169

1532 427 1820 488 ORATIO
1858 430 2040 493 XXX.

3304 419 3409 483 470

163 546 639 606 continuerimus?
671 547 878 600 Etenim
911 545 1038 613 quid
1072 545 1215 598 aliud
1267 542 1531 597 Adamum
1588 558 1619 595 e
1647 557 1730 611 pa.
1766 542 1813 601 Α
1842 544 2172 597 descendere
2229 543 2281 597 in
2332 552 2555 605 terram,
2613 542 2665 595 in
2701 554 2871 609 caque
2902 539 3203 594 consistere
3258 537 3409 589 nullo

163 640 345 693 ra'liso
370 641 552 704 ejec't.
582 639 852 709 mortique
886 636 1131 690 dedidit?
1163 636 1302 701 Quid
1340 650 1401 687 ex
1426 635 1735 703 graviorum

165 731 382 782 illorum
412 731 676 784 vitatione
699 730 969 783 commodi
998 727 1419 783 nanciscemur?
1453 726 1560 778 Nec.
1591 722 1735 777 enim

162 824 441 891 quispiam
472 832 586 876 toto
617 838 844 892 corpore
876 823 1044 883 lacer,
1091 819 1286 873 deinde
1337 818 1586 886 pluribus
1622 830 1737 868 tne-

161 912 507 972 tlirantcntis,
548 924 741 980 prteter
765 930 923 965 nnatu
956 910 1222 963 modicam
1257 910 1465 977 plagam
1494 916 1738 970 iuratus,

161 1001 268 1054 diri
314 1018 485 1055 sanus
520 1014 716 1070 potest,
752 1005 796 1057 si
855 1004 1097 1056 vulneris
1134 1016 1326 1068 parvas
1364 999 1644 1066 reliquiaS,
1682 1006 1740 1051 nt

164 1093 411 1147 foramen
450 1112 581 1150 acus
634 1098 807 1150 adhuc
851 1095 1200 1149 circumferat
1248 1116 1260 1149 :
1309 1094 1403 1146 sed
1454 1090 1738 1160 quietiam

160 1188 452 1239 vulnerum
507 1188 814 1252 cicatrices,
852 1189 895 1241 si
936 1197 1130 1255 potest,
1184 1184 1485 1246 sustulerit,
1528 1183 1615 1235 ille
1647 1196 1743 1233 cu-

162 1290 317 1330 ratus
356 1278 738 1344 prmdicalitur
772 1280 842 1332 ob
873 1280 1143 1331 omnibus.
1182 1278 1255 1331 Ne
1288 1278 1452 1345 igitur
1485 1276 1583 1329 ista
1619 1288 1742 1341 par-

162 1368 521 1423 \itturamus:
567 1372 658 1423 Sed
704 1380 923 1439 propter
946 1387 1007 1422 ea
1036 1371 1172 1423 alios
1201 1371 1444 1437 pituitos.
1481 1375 1532 1420 et
1574 1366 1741 1418 vehe-

160 1470 378 1513 lttt’tllcl‘
410 1463 694 1515 damnatos
726 1464 1032 1527 audientes,
1062 1462 1204 1527 quod
1244 1477 1341 1514 nos
1398 1460 1523 1513 inde
1566 1475 1742 1512 nocu-

162 1564 408 1606 tnentum
450 1562 652 1616 manet,
688 1557 814 1609 totis
847 1557 1059 1609 viribus
1108 1554 1400 1625 fugiamus.
1446 1553 1507 1607 Et
1558 1567 1738 1612 mneo.

160 1644 529 1709 dilectis~itni,
580 1646 632 1698 in
689 1648 873 1713 aliquo
911 1646 1126 1708 horum,
1178 1653 1271 1697 aut
1319 1645 1425 1697 alio
1484 1645 1739 1713 quopiam

160 1739 504 1803 turbnl-nto,
567 1754 628 1791 ae
668 1741 861 1793 vitioso
916 1740 1111 1792 affectu
1164 1739 1233 1793 dc
1271 1749 1470 1793 czrtero
1525 1753 1742 1807 peruia-

160 1840 327 1893 neat;
358 1831 450 1883 si-d
500 1831 625 1884 hinc
674 1832 785 1896 jam
849 1831 1153 1902 proﬂigato,
1210 1832 1540 1901 posuitcntiae
1578 1831 1742 1884 faciat

160 1917 402 1985 initium,
440 1932 492 1975 et
548 1939 605 1977 se
662 1923 859 1977 victum
921 1924 1092 1979 fuisse
1127 1924 1374 1977 confiteri
1425 1939 1489 1977 ne
1542 1934 1738 1989 Cesset,
1776 1904 1814 1957 Β

158 2013 338 2067 dnrn-c
376 2032 441 2080 pu
470 2016 700 2072 lefartus
731 2025 1021 2084 suggestor
1054 2018 1331 2078 inimicus.
1369 2019 1437 2070 ab
1470 2032 1535 2070 eo
1568 2032 1743 2084 oppu-

159 2106 383 2171 gnando
439 2110 773 2164 discesserit.
806 2109 883 2161 Ne
918 2110 1230 2161 dominetur
1282 2108 1453 2163 nostri
1515 2108 1739 2174 invidia,

160 2214 226 2249 ne
265 2199 369 2259 i:a,
406 2217 470 2251 ne.
504 2201 656 2254 furor
683 2213 729 2255 et
766 2202 993 2265 clamor,
1028 2218 1091 2254 ex
1146 2202 1346 2271 quibus
1389 2200 1739 2268 turpiloquia,

158 2300 211 2341 et
273 2293 621 2346 contuitu-lia:
671 2294 915 2363 generari
968 2303 1394 2348 consueverunt.
1458 2294 1531 2347 Ne
1565 2294 1741 2349 inanis

157 2381 353 2448 glariz.
398 2386 671 2448 superbia,
716 2385 798 2436 sui
836 2384 1129 2437 admiratio
1170 2384 1327 2439 nobis
1383 2384 1738 2452 imperantes,

157 2472 216 2522 in
248 2470 578 2537 profundum
616 2476 812 2528 inferni
845 2493 943 2530 nos
979 2477 1200 2529 trahant
1233 2493 1246 2529 :
1286 2492 1473 2531 verum
1509 2478 1592 2532 his
1624 2493 1744 2529 om-

158 2567 326 2619 nibus
393 2570 578 2634 procul
638 2569 1034 2634 cxtcrminatis,
1087 2569 1319 2625 virtutes
1372 2586 1561 2626 eorum
1620 2570 1743 2625 loco

157 2673 575 2727 (ἹιίιιυλΓιέῑιιυὲ.

230 2752 336 2805 Sed
371 2764 623 2807 occurrat
688 2757 826 2812 forte
863 2761 1155 2829 quispiam,
1210 2774 1332 2813 cum
1394 2767 1504 2811 tam
1559 2758 1743 2812 multa:

159 2844 294 2903 sint,
334 2854 387 2900 et
419 2846 843 2902 innumerabiles
885 2849 1274 2919 propemodum
1308 2864 1427 2918 quae
1461 2850 1743 2901 recensita:

158 2946 287 2989 sunt
341 2940 615 2993 uiotfoncs
672 2941 723 2992 iu
783 2944 1209 3009 reprehensione
1243 2942 1456 3009 positae,
1496 2941 1619 3009 quis
1651 2956 1742 2994 eas

158 3042 353 3081 outrics
421 3031 682 3092 scrutari,
750 3040 803 3084 et
844 3033 908 3084 ab
939 3032 1207 3085 universis
1243 3048 1434 3085 cavere
1492 3031 1594 3084 sibi
1650 3047 1745 3101 po-

157 3129 285 3179 test,
327 3131 384 3173 ut
436 3137 503 3173 ne
535 3122 603 3173 ab
636 3139 738 3174 una
787 3125 1006 3191 quidem
1064 3125 1397 3193 oecnprtur?
1427 3124 1598 3189 Quis?
1644 3140 1743 3189 ego

1844 636 2004 689 modo
2039 634 2090 689 in
2120 643 2392 703 postermn
2422 632 2638 689 voletis.
2671 633 2772 687 Per
2799 640 2999 685 terram
3036 642 3197 700 porro
3216 642 3411 681 carna-

1841 728 1966 788 lem,
1997 745 2090 797 per
2122 744 2301 782 aerem
2331 727 2629 797 spiritalem
2669 742 2914 789 sensum,
2949 726 3291 792 cognataque
3325 721 3407 773 in-

1840 819 2043 885 telligo.
2075 819 2208 874 Nam
2242 820 2284 873 si
2323 834 2475 873 mens
2501 819 2681 887 pravis
2712 816 3159 887 cogitationibus,
3204 821 3258 866 ct
3292 825 3414 864 mo-

1843 912 1988 965 tilms
2021 914 2293 982 expedita,
2323 930 2484 982 quant
2523 914 2774 967 Christus
2809 912 2948 965 Deus
2994 909 3149 962 nobis
3186 905 3412 960 donavit

1844 1002 2147 1057 libertatem
2178 1003 2477 1072 aspiciendi
2503 1004 2813 1058 facultatem
2840 1000 3148 1069 pra-bucrit.
3185 998 3250 1051 ad
3300 994 3411 1066 pri-

1843 1094 2041 1147 stinam
2104 1098 2307 1163 peccati
2376 1096 2735 1160 servitutem,
2802 1094 3155 1161 carnalesque
3217 1102 3410 1142 sensus

1841 1186 2177 1240 descendere
2209 1189 2445 1254 amplius
2488 1202 2595 1241 non
2625 1185 3016 1241 sustinebimus
3045 1200 3058 1235 τ
3090 1183 3182 1236 sed
3213 1194 3417 1235 secun-

1842 1273 1970 1325 dum
2004 1274 2215 1329 llomini
2253 1278 2473 1330 verbum
2507 1280 2573 1340 ³ο,
2612 1278 2836 1343 vigilare
2866 1286 2919 1329 rt
2945 1291 3103 1328 orare
3135 1288 3240 1326 non
3266 1271 3413 1327 desi-

1844 1379 2055 1426 nemus,
2090 1367 2263 1421 donec
2312 1369 2375 1421 ad
2415 1369 2799 1422 beatitudinem
2857 1368 3001 1421 illam
3039 1365 3231 1427 evecti.
3288 1378 3414 1431 P70“

1845 1455 2031 1510 missis
2064 1458 2221 1513 bonis
2270 1461 2565 1527 potiantur.
2605 1461 2777 1529 gratia
2824 1470 2878 1514 et
2916 1458 3250 1526 benignitate
3306 1453 3414 1506 Do-

1845 1547 1975 1599 tniui
2018 1550 2188 1600 nostri
2238 1549 2364 1604 Jesu
2400 1552 2627 1610 Christi,
2661 1552 2746 1603 cui
2782 1551 2952 1618 gloria
3002 1565 3123 1603 cum
3163 1546 3322 1600 Patre
3360 1549 3414 1598 et

1842 1651 2033 1692 Saneto
2067 1639 2269 1708 Spiritu
2301 1660 2443 1697 nunc
2474 1655 2526 1698 et
2551 1660 2766 1714 semper
2790 1644 3039 1699 aetatibus
3086 1639 3412 1697 seculorum

1843 1727 2208 1797 seu-piternis.
2244 1731 2440 1787 Amen.

2388 1844 2644 1902 ORATIO
2685 1848 2852 1903 XXX.

2444 1979 2825 2024 ARGUMENTUII.

1846 2067 1969 2122 Non
2000 2087 2110 2144 esse
2136 2073 2433 2134 dicendum.
2467 2078 2620 2131 hodie
2649 2080 2717 2130 ad
2741 2078 3015 2144 fustiqium
3062 2078 3269 2130 virtutis
3298 2094 3417 2141 per-

1912 2143 2098 2202 veniri,
2129 2152 2177 2195 et
2210 2162 2327 2196 cum
2362 2149 2617 2200 veteribus
2651 2143 2846 2202 sanctis
2873 2150 3065 2201 certari
3094 2166 3195 2200 non
3229 2164 3419 2214 posse;

1916 2214 2128 2264 etiamsi
2157 2216 2304 2267 velis.
2343 2216 2649 2280 Quicunque
2674 2221 2863 2271 divinis
2896 2217 3178 2280 Scripturis
3203 2231 3416 2271 rerum-

1916 2284 1997 2334 ria
2020 2280 2190 2348 docet,
2219 2301 2334 2336 eum
2360 2287 2465 2337 sibi
2491 2289 2757 2341 credentes
2791 2306 2923 2341 nava
2956 2290 3139 2343 hazresi
3166 2288 3415 2342 imbuere.

1913 2352 2203 2423 Lacrymas
2237 2356 2385 2409 nobis
2413 2373 2444 2408 α
2474 2369 2667 2411 natura
2696 2362 2853 2411 datas
2883 2376 3014 2414 esse.

1915 2469 2239 2538 Complures
2289 2472 2562 2540 quotidie,
2596 2472 2785 2527 Patres
2816 2481 2869 2526 et
2906 2472 3104 2528 fratres
3142 2472 3272 2533 mei,
3315 2486 3417 2526 nos

1842 2564 2007 2618 etiam
2036 2566 2282 2619 dicentes
2316 2565 2590 2630 audimus,
2623 2567 2665 2620 si
2717 2566 3044 2621 risissemus
3076 2566 3419 2633 temporibus

1844 2658 2231 2725 apostolorum,
2263 2667 2314 2710 et
2336 2658 2613 2713 ChriStum
2643 2660 2866 2727 perinde
2892 2669 2948 2713 ιιι
2984 2661 3059 2714 illi
3091 2661 3211 2714 istis
3241 2660 3418 2714 oculis

1845 2763 2069 2801 cernere
2099 2750 2246 2818 digni
2280 2752 2594 2816 fuissemus,
2616 2770 2726 2807 nos
2755 2769 2973 2821 uncque
3000 2753 3198 2813 sancti.
3230 2769 3422 2821 quem-

1846 2843 2135 2894 admolum
2200 2844 2275 2897 illi
2331 2847 2720 2901 evasissemus.
2786 2847 2908 2900 [hee
2961 2847 3085 2898 dum
3142 2847 3416 2913 dictitant,

1846 2932 2095 2999 ignorant
2121 2936 2369 2989 eumdem
2400 2952 2520 2989 esse
2542 2938 2633 3005 qui
2663 2946 2796 2997 tum,
2822 2938 3025 3005 quique
3053 2953 3194 2990 nunc
3219 2938 3420 2990 mundo

1846 3026 2106 3092 loquitur.
2165 3027 2293 3079 Nam
2337 3030 2379 3081 si
2422 3046 2567 3081 nunc
2620 3046 2727 3082 non
2780 3030 2920 3083 idem
2955 3041 3059 3093 est,
3121 3029 3211 3100 qui
3266 3030 3419 3097 olim,

1844 3130 1997 3183 teque
2031 3134 2196 3186 super
2234 3120 2415 3173 omnia
2457 3120 2599 3177 Deus
2639 3131 2690 3177 et
2730 3123 2779 3177 in
2819 3124 2949 3175 cflici
2974 3124 3118 3185 'ndo,
3168 3132 3221 3176 ct
3254 3124 3304 3176 in
3339 3125 3421 3177 ef-

159 3214 383 3265 chtisto
427 3214 721 3281 adjuvanti-
773 3231 867 3267 vos
902 3218 1129 3270 docebo.
1201 3217 1304 3282 Qui
1364 3230 1582 3286 peccata
1643 3234 1811 3291 suac
1850 3206 2027 3271 ίθθίῖει
2080 3212 2356 3277 (Ιυυηιθάο
2412 3213 2630 3267 νί⁴¹’“ί¹¹¹“
2690 3214 2743 3267 in
2802 3214 2938 3267 Filio
3000 3231 3217 3283 50’9""
3272 3216 3420 3280 ίυίιυί

160 3316 381 3371 semper
412 3316 535 3357 ante
593 3306 780 3356 oculos
824 3305 1007 3368 habet,
1071 3304 1423 3373 futurumque
1470 3304 1735 3372 judicium

160 3399 389 3451 assiduo
421 3397 701 3465 prospicit,
739 3413 801 3449 ac.
844 3398 1165 3466 poenitentia
1197 3398 1384 3460 ιρι-νει,
1439 3408 1490 3448 et
1522 3412 1738 3451 amaras

162 3489 341 3541 fundit
367 3492 658 3559 laCiymas,
689 3490 775 3541 hic
807 3490 1239 3557 supergreditur,
1272 3491 1539 3558 longeque
1573 3490 1739 3543 vim-it

159 3582 346 3632 etnnia
382 3581 567 3635 simul.
605 3596 631 3631 a
670 3581 985 3649 pomitentia
1020 3580 1072 3634 in
1108 3580 1339 3635 sublime
1370 3592 1547 3643 actus,
1584 3592 1639 3634 ut
1671 3598 1739 3637 ne

160 3689 267 3724 nm
308 3672 553 3738 quidem,
596 3681 647 3722 et
698 3671 811 3723 sola
853 3686 913 3722 ex
951 3671 1111 3723 dictis
1155 3673 1486 3725 motionibus
1518 3674 1582 3725 ad
1616 3689 1737 3727 eum

161 3764 477 3832 pervenire,
537 3764 766 3829 ejusque
817 3776 1076 3828 tanquam
1131 3780 1225 3830 per
1265 3778 1454 3816 aereas
1489 3764 1741 3831 regiones

164 3856 514 3912 incedentem
550 3862 786 3907 animum
841 3858 1104 3923 attingere
1145 3856 1337 3923 possit.
1400 3854 1743 3910 Pceuitcutia:

165 3966 287 4001 nam
315 3965 424 4011 .ue,
461 3957 514 4000 ct
556 3964 619 4001 cx
653 3949 760 3999 imo
802 3949 966 3999 corde
997 3948 1319 4000 emissurum
1378 3949 1741 4019 lacrytnarum

164 4039 371 4101 fervor,
418 4040 622 4105 peccati
675 4039 866 4093 sordes
920 4040 1196 4108 quomodo
1252 4042 1392 4109 ignis
1450 4043 1648 4095 confiat
1691 4053 1745 4099 et

534 4132 882 4197 animamque
946 4131 1369 4183 ciuitatninalaut
1455 4144 1737 4202 expurgat.

163 4221 522 4275 Tottttttttu'?
557 4223 665 4273 ittto
691 4232 741 4273 ct
778 4224 958 4275 lutucn
986 4224 1194 4290 largum
1232 4226 1283 4276 in
1321 4224 1487 4288 illam,
1520 4242 1614 4294 per
1653 4226 1744 4279 ad-

163 4334 205 4365 ιι
232 4326 386 4366 ntum
416 4312 654 4379 Spiritus
697 4316 871 4367 saneti
908 4317 1193 4383 magnifice
1225 4314 1480 4380 infundit,
1534 4329 1589 4369 ut
1617 4318 1744 4373 inde

163 4404 571 4466 misericordia,
603 4414 655 4457 et
689 4406 844 4459 bonis
873 4406 1138 4460 fructibus
1170 4407 1425 4461 abundet.
1458 4410 1611 4471 Quod
1640 4409 1741 4463 tti:i

164 4498 347 4549 anima
382 4505 568 4551 nostra
597 4512 624 4549 a
657 4498 973 4562 poenitentia
1008 4507 1060 4551 ct
1096 4499 1370 4568 lacrytnis,
1399 4510 1446 4554 et
1475 4518 1592 4568 qum.
1618 4502 1743 4555 hinc.

164 4132 441 4193 absumit,

1849 3300 2030 3359 Pater.
2068 3314 2119 3355 et
2150 3302 2324 3356 Filius
2353 3304 2403 3355 in
2450 3303 2607 3357 Patre
2637 3321 2731 3372 per
2764 3304 3026 3373 Spiritum
3059 3307 3171 3358 lucc
3196 3306 3416 3359 dici-re:

1845 3392 2007 3447 Pater
2042 3413 2185 3450 meus
2217 3414 2378 3463 usque
2412 3399 2566 3450 modo
2618 3410 2885 3466 operatur,
2923 3409 2971 3451 et
2999 3416 3089 3466 ego
3125 3415 3310 3466 operor
3333 3398 3421 3451 ειι

1847 3487 1950 3541 Sed
1993 3489 2207 3557 objiciet
2246 3489 2475 3543 forsitan
2507 3491 2729 3559 aliquis,
2766 3508 2869 3544 non
2927 3492 3068 3545 idem
3117 3501 3223 3551 cst,
3266 3492 3418 3543 ἱΙΙιιιιι

1845 3579 2018 3644 ipsum
2050 3590 2179 3633 tunc
2211 3584 2489 3650 corporeis
2530 3584 2706 3637 oculis
2740 3583 2943 3635 vidisse
2978 3599 3329 3652 corporeum,
3366 3590 3421 3638 et

1845 3668 2006 3722 hodie
2031 3670 2150 3739 ejus
2181 3673 2343 3725 verba
2377 3673 2642 3727 duntath
2672 3673 2882 3735 audite,
2915 3689 3145 3743 quaeque
3176 3674 3239 3726 ad
3267 3689 3418 3736 cum,

1845 3772 1899 3815 ct
1928 3778 2153 3830 regnum
2180 3764 2443 3817 cwloruzn
2486 3766 2780 3832 pertinent,
2814 3766 3051 3819 edoceri.
3089 3765 3283 3818 Fateor
3316 3782 3417 3836 ego

1846 3868 2086 3922 quoque,
2123 3869 2229 3906 non
2279 3870 2503 3917 prorsus
2530 3855 2668 3907 idem
2709 3870 2827 3907 esse
2856 3871 2999 3907 nunc
3029 3864 3083 3907 et
3110 3864 3237 3910 tunc
3274 3872 3287 3906 :
3325 3858 3419 3911 sed

1845 3946 1988 4014 quod
2023 3948 2182 3997 modo
2206 3954 2261 3999 et
2291 3961 2436 3999 nunc
2468 3957 2571 4002 est.
2606 3946 2655 3999 id
2685 3948 2769 3997 aio
2806 3948 2961 4012 longe
2988 3946 3162 4014 majus
3192 3962 3333 4010 esse,
3366 3956 3420 4002 et

1846 4038 1912 4090 ad
1976 4039 2273 4105 pleniorem
2314 4038 2492 4100 tidem,
2552 4041 3077 4108 persuasionemque
3130 4041 3415 4094 certiorem

1846 4128 2056 4181 facilius
2090 4129 2261 4180 multo
2296 4143 2394 4182 nos
2452 4130 2742 4192 adducere,
2782 4144 2942 4196 quam
3003 4129 3048 4182 si
3108 4138 3241 4184 tunc
3291 4145 3418 4185 eum

1847 4221 1901 4273 in
1934 4235 2165 4287 corpore
2195 4223 2431 4273 humano
2462 4220 2643 4274 videre
2670 4232 2722 4274 et
2753 4223 2948 4276 audire
2976 4224 3135 4277 nobis
3160 4226 3425 4293 conligis-

1847 4320 1950 4366 set.
1993 4311 2147 4365 Tunc
2174 4313 2318 4365 enim
2353 4313 2573 4367 nefariis
2598 4312 2802 4367 Iudicis
2834 4315 3002 4369 homo
3026 4317 3229 4371 nullius
3262 4319 3422 4386 pretii

1849 4405 2145 4471 apparebat
2179 4421 2193 4460 :
2236 4412 2289 4455 at
2322 4420 2463 4456 nunc
2511 4422 2671 4458 verus
2708 4406 2850 4461 Deus
2885 4422 2912 4459 a
2949 4409 3107 4464 nobis
3159 4411 3421 4477 praedica-

1850 4503 1952 4545 tur.
1990 4492 2143 4547 Tunc
2171 4511 2293 4547 cum
2334 4496 2640 4563 publicanis
2675 4506 2728 4549 ct
2758 4500 3137 4563 peccatoribus
3166 4501 3422 4555 versaba-

164 4593 215 4643 in
247 4607 309 4641 ea
353 4590 599 4640 nascitur
637 4590 963 4655 humilitate,
1002 4593 1148 4645 velut
1202 4594 1304 4647 alis
1356 4596 1643 4663 acquisitis
1676 4599 1741 4652 ad

1853 4595 1959 4644 tur.
1987 4595 2037 4638 ct
2063 4587 2241 4639 cibum
2278 4603 2371 4653 per
2396 4602 2595 4655 corpus
2626 4590 2876 4657 capiebat
2910 4606 2923 4641 :
2950 4606 3095 4643 nunc
3127 4591 3193 4643 ad
3228 4593 3423 4644 dexte-

162 4684 383 4736 excclsa
420 4683 687 4744 ἀπαθείας
714 4684 952 4745 tollatur,
995 4701 1023 4736 a
1072 4685 1218 4737 nulla
1261 4686 1480 4749 harum,
1510 4704 1739 4757 quarum

163 4776 522 4828 meminimus
577 4776 892 4843 passionum
956 4777 1174 4828 liberari
1229 4780 1529 4845 poterimus
1582 4799 1594 4833 ε
1645 4781 1739 4835 sed

162 4884 310 4921 nunc
344 4865 565 4933 quidem
608 4867 675 4918 ah
710 4868 831 4927 hac,
870 4883 1012 4919 nunc
1050 4869 1117 4921 ab
1165 4869 1268 4922 alia
1308 4885 1523 4938 semper
1556 4873 1744 4927 vulne-

164 4962 433 5018 rabimur,
461 4967 509 5011 et
546 4974 651 5011 non
697 4973 858 5011 secus
888 4974 1050 5026 quam
1086 4958 1152 5012 ab
1202 4959 1501 5017 immitibus
1546 4964 1740 5018 belluis

159 5050 575 5110 devorabitnur,
622 5062 687 5100 ac
738 5057 861 5115 post
905 5048 1110 5099 obitum
1165 5050 1425 5102 caelorum
1462 5068 1625 5119 regno
1660 5054 1742 5106 id-

163 5146 313 5192 circo
336 5139 571 5201 exclusi,
604 5153 795 5205 punias
820 5137 870 5189 iu
900 5153 1115 5190 omnem
1146 5141 1501 5193 :eternitatem
1532 5159 1740 5213 expen-

163 5236 381 5285 demus.
415 5232 594 5295 Quare
636 5244 730 5281 vos
769 5244 959 5281 omnes
990 5231 1241 5293 obsecro,
1279 5232 1597 5298 spirituales
1635 5238 1738 5289 mei

162 5322 386 5379 fratres,
420 5332 471 5369 ct
510 5318 800 5370 obsecrare
828 5318 1151 5371 charitateut
1188 5333 1423 5374 vestram
1458 5340 1562 5377 non
1615 5341 1741 5379 ces-

163 5410 323 5470 sabo,
363 5416 418 5459 ut
446 5409 823 5477 unusquisque
854 5410 1083 5461 salutem
1117 5428 1272 5465 suatn
1299 5431 1363 5467 ue
1388 5426 1736 5483 contemnat;

159 5499 257 5553 sed
290 5500 623 5552 mrttimndis
655 5515 683 5552 a
734 5511 874 5552 terra
905 5516 962 5552 se
998 5500 1214 5569 paulurn
1262 5504 1454 5558 efferre
1486 5516 1736 5563 conetur.

166 5592 281 5642 Har
306 5592 464 5643 mirae
488 5594 658 5653 ulutn,
693 5593 835 5661 quod
874 5597 1030 5649 vobis
1062 5607 1338 5666 stuporem
1382 5600 1636 5663 incussit,
1670 5601 1736 5653 ab

160 5683 353 5745 buuio,
389 5682 631 5751 inquam,
668 5684 720 5736 in
754 5700 879 5737 acra
912 5688 1195 5756 suspendi,
1227 5688 1272 5744 si
1312 5689 1515 5744 factum
1551 5691 1735 5757 fuerit,

249 5860 290 5890 ι’
327 5859 516 5915 Matth.
556 5878 700 5924 xm,
746 5863 823 5918 il.
903 5865 942 5895 ³¹
978 5863 1138 5921 Joan.
1171 5881 1222 5931 \',
1272 5868 1353 5921 Π.

1847 4694 1961 4731 ram
1997 4678 2108 4742 Dei,
2138 4692 2191 4733 et
2228 4678 2405 4731 Patris
2431 4682 2512 4733 Stti
2536 4681 2805 4747 considet,
2832 4696 2863 4735 a
2893 4698 3004 4751 quo
3032 4700 3333 4753 nunquam,
3366 4694 3421 4739 ct

1847 4786 2119 4838 nusquam
2187 4780 2511 4839 separatus;
2572 4774 2834 4827 mundum
2898 4777 3042 4829 alere
3097 4780 3415 4831 universum

1846 4865 2106 4924 creditur,
2141 4864 2258 4918 sine
2294 4880 2404 4934 quo
2438 4865 2571 4919 nihil
2628 4867 2740 4920 fieri
2791 4868 3044 4921 dicimus.
3095 4870 3191 4933 Ac,
3225 4872 3268 4924 si
3301 4886 3419 4927 crc-

1846 4954 2050 5017 dimus,
2102 4965 2229 5007 tunc
2262 4972 2292 5011 a
2330 4957 2612 5011 vilissimis
2646 4959 3106 5015 ltotnuncionibus
3149 4964 3418 5031 despicie-

1847 5047 2028 5112 batur,
2084 5048 2174 5100 illa
2211 5050 2421 5101 scilicet
2456 5051 2939 5118 approbrantibus,
2970 5070 3149 5107 nonne
3198 5055 3287 5108 hic
3336 5068 3422 5111 est

1847 5139 2048 5203 Mariae,
2082 5153 2134 5195 et
2163 5140 2365 5211 Joseph
2398 5142 2535 5196 fabri
2571 5142 2713 5196 filius
2743 5143 2831 5197 “'3
2866 5161 3009 5198 nunc
3040 5162 3069 5199 a
3112 5148 3328 5215 regibus
3362 5156 3419 5202 et

1845 5233 2203 5300 principibus,
2250 5243 2307 5286 ιιι
2340 5236 2449 5286 veri
2489 5234 2576 5286 Dei
2629 5233 2821 5296 Filius.
2875 5251 2937 5290 ac
2978 5253 3141 5291 verus
3189 5240 3421 5306 ipsemet

1848 5324 1990 5377 Deus
2041 5326 2303 5378 aloratnr
2354 5333 2406 5377 ct
2457 5326 2822 5393 glorificatur,
2878 5338 3043 5395 atque
3096 5329 3421 5395 glorifieabit

1848 5416 2141 5469 adorantes
2168 5432 2226 5471 se
2250 5418 2300 5469 in
2330 5418 2521 5485 spiritu
2554 5426 2608 5470 et
2632 5419 2865 5472 veritate
2893 5418 3128 5485 (tametsi
3155 5435 3297 5487 saepe
3320 5435 3418 5473 eos

1847 5523 1928 5577 νυ(
1948 5519 2138 5561 cantes
2169 5506 2344 5577 punit)
2367 5523 2493 5561 cum
2527 5508 2732 5563 ferreos
2756 5526 2850 5563 eos
2874 5527 3036 5579 super
3066 5527 3260 5566 onmes
3282 5528 3417 5580 grn-

1847 5610 1928 5653 tes
1965 5617 2084 5667 qua:
2115 5603 2217 5654 sub
2244 5602 2382 5653 coelo
2413 5610 2563 5665 sunt,
2610 5616 2706 5670 pro
2737 5604 2990 5655 testaceis
3028 5602 3219 5656 fecerit
3271 5601 3417 5655 scili-

1848 5702 1953 5748 cet.
1981 5693 2133 5747 'l'unc
2173 5703 2227 5747 ut
2265 5709 2407 5746 unus
2438 5696 2505 5749 dc
2534 5693 2747 5749 cmtcris
2779 5694 3115 5759 hominibus,
3172 5693 3416 5749 iutcritui

1434 5870 1475 5899 ⁵³
1512 5867 1701 5921 Manli.
1765 5884 1879 5929 xui,
1919 5868 1986 5917 .‘éfi
2019 5884 2031 5932 ;
2070 5865 2235 5923 ‘larc.
2296 5884 2367 5935 vt,
2425 5867 2478 5922 5.
