4170 6452
764 379 866 446 4⁸11

1992 382 2368 444 SYMEONIS
2392 384 2761 447 JUNIORIS

3904 388 4011 451 479

758 494 1056 561 obnoxius,
1087 494 1433 560 censebatur,
1465 508 1837 565 magnumque
1862 504 1982 551 erat
2013 496 2065 549 in
2100 510 2331 563 corpore
2364 503 2405 554 Α
2439 499 2586 563 tatis,
2616 502 2797 570 qualis
2845 510 2959 557 tum
2994 507 3252 574 procella,
3287 517 3491 571 quanta
3548 506 3626 560 vis
3671 506 4010 574 lentpestatis

761 587 1006 643 humano
1041 587 1207 647 Deum
1256 588 1377 642 sine
1402 589 1665 643 varietate
1698 589 1899 655 aliqua.
1932 598 1985 643 et
2033 574 2331 642 mutatione

757 677 844 731 sei
880 689 1156 733 carentem
1187 679 1379 740 forma.
1422 696 1519 733 nec
1550 681 1652 733 sub
1688 692 1963 749 aspecmm
1998 680 2329 740 venientem.

759 765 931 824 forma
986 772 1294 839 prmditum.
1339 783 1391 827 et
1431 776 1567 828 nihil
1605 776 1704 828 nisi
1756 776 2030 828 hominem
2065 790 2331 843 apparen-

756 873 886 924 tem,
922 853 1054 918 nihil
1096 881 1203 935 pra:
1234 866 1354 918 aliis
1387 869 1705 921 tnortalihus
1751 868 1803 919 in
1840 869 1921 921 itis
1953 884 2073 937 qum
2106 876 2329 937 aspectu

756 957 1072 1010 sentiuntur
1100 958 1386 1012 habentem
1416 977 1431 1015 :
1464 959 1558 1013 sed
1597 960 1997 1016 coutedentem.
2030 960 2327 1021 hihcntcm,

754 1048 1135 1112 dormientem.
1171 1051 1478 1113 sudante'n,
1535 1052 1764 1115 lassum,
1791 1062 1844 1106 ct
1882 1054 2136 1107 humanis
2174 1053 2331 1106 deni-

754 1156 862 1206 que
897 1141 1190 1200 universis.
1226 1144 1446 1212 dempto
1484 1158 1725 1211 peccato.
1774 1146 2107 1214 fungentem,
2142 1146 2329 1207 talem,

755 1236 1011 1302 inquam;
1044 1250 1341 1305 agnoscere
1369 1246 1423 1291 et
1449 1239 1675 1293 credere
1712 1239 1877 1295 Deum
1912 1255 2054 1302 esse,
2095 1238 2186 1306 qui
2214 1253 2331 1293 ca:-

756 1326 865 1395 lum
899 1337 951 1377 et
971 1322 1197 1385 terram.
1242 1337 1294 1379 rt
1319 1345 1437 1396 qua:
1461 1329 1514 1382 iu
1542 1332 1620 1383 eis
1651 1341 1803 1392 sunt,
1840 1332 2019 1383 omnia
2052 1331 2333 1385 condidis-

753 1424 859 1467 set.
893 1414 1074 1481 Quare
1105 1428 1157 1470 et
1187 1416 1405 1470 Petrum
1442 1430 1666 1489 propter
1692 1437 1880 1474 vocent
1930 1422 2076 1474 illam
2113 1439 2127 1474 :
2168 1421 2242 1474 Tu
2274 1437 2329 1473 cs

754 1504 1173 1561 ChristusFilius
1207 1508 1301 1562 Dei
1328 1512 1447 1571 eiii,
1483 1514 1695 1565 beatum
1730 1514 1995 1566 Dominus
2022 1513 2330 1575 amrmarit,

755 1588 954 1649 Beatus
998 1615 1072 1661 es,
1111 1600 1309 1669 inquit,
1357 1602 1539 1655 Situen
1593 1603 1701 1656 Bur
1739 1603 1897 1666 Jonn,
1958 1606 2083 1673 quia
2114 1620 2237 1656 caro
2282 1614 2331 1656 et

753 1694 975 1757 sanguis
1004 1709 1105 1745 non
1136 1695 1382 1748 reuelauit
1422 1696 1537 1758 tibi,
1573 1706 1631 1750 ut
1668 1698 1802 1753 hrec.
1842 1698 2087 1760 inquam,
2117 1696 2333 1749 videres

750 1792 805 1833 et
832 1782 1071 1848 diceres,
1107 1786 1199 1837 sed
1230 1786 1389 1839 Pater
1430 1804 1598 1845 mens.
1643 1791 1730 1857 qui
1762 1790 1812 1840 in
1844 1788 1987 1839 ariis
2018 1798 2094 1837 est
2122 1788 2186 1841 ⁵³.
2230 1787 2335 1840 Ita-

751 1889 859 1941 que
899 1877 991 1943 qui
1028 1894 1170 1929 nunc
1232 1894 1354 1931 cum
1406 1882 1654 1947 quvtidie
1707 1882 1759 1933 in
1812 1891 2007 1934 sancto
2038 1878 2331 1949 Evangelio

752 1966 1105 2027 clamantem.
1137 1980 1185 2021 et
1218 1971 1488 2024 benedicti
1532 1971 1711 2023 Patris
1751 1973 1832 2025 sui
1862 1974 2198 2027 voluntatem
2230 1986 2329 2022 an-

752 2060 1095 2113 nuntiantem
1134 2062 1306 2124 audit,
1345 2078 1442 2117 nee
1466 2079 1591 2116 cum
1630 2065 1845 2123 timere,
1890 2079 1950 2116 ac
1982 2074 2220 2119 tremore.
2251 2061 2327 2114 illi

751 2152 955 2211 obetlit.
985 2163 1039 2207 et
1081 2155 1200 2221 ejus
1227 2156 1383 2221 jussa
1430 2157 1674 2215 facessit,
1711 2173 1777 2210 ne
1812 2166 1940 2211 tunc
1990 2157 2232 2224 quidem,
2281 2155 2327 2209 si

754 2258 995 2307 przesens
1060 2259 1388 2316 prmscniem
1448 2250 1807 2317 spectavisset
1843 2292 1856 2313 ,
1935 2251 2330 2313 ducentemque

754 2341 1142 2401 :tusettltasset,
1196 2342 1357 2409 plane
1405 2342 1455 2393 in
1491 2357 1613 2395 eum
1646 2342 1869 2394 credere
1912 2343 2200 2407 potuisset.
2237 2337 2331 2392 Ti-

752 2432 1002 2485 Inendutn
1052 2434 1257 2502 potius,
1295 2448 1361 2486 ne
1415 2435 1731 2501 neutiquam
1782 2434 2036 2495 credens,
2091 2448 2331 2499 eumque

751 2540 863 2578 non
898 2541 997 2593 pro
1027 2541 1157 2580 vero
1186 2524 1316 2590 Deo,
1345 2526 1439 2581 sed
1474 2541 1572 2595 pro
1603 2524 1695 2580 Dei
1723 2526 2039 2581 adversario
2068 2532 2330 2596 reputans

754 2618 1206 2686 hlasphemassct.

826 2711 889 2765 Et
920 2715 1033 2767 hrec
1064 2715 1283 2783 quidem
1331 2714 1421 2781 qui
1479 2722 1611 2770 sunt
1642 2713 1869 2769 omnino
1895 2712 2108 2768 czeteris
2165 2712 2330 2768 hebe-

752 2803 921 2857 tiores
952 2818 1015 2857 ac
1040 2806 1267 2872 stupidi.
1290 2804 1431 2871 Quid
1460 2822 1587 2860 vero
1614 2807 1701 2859 Itis
1732 2806 2053 2871 graviores?
2075 2804 2127 2858 Si
2161 2805 2333 2859 exsti-

754 2894 1036 2958 tissemus,
1061 2897 1334 2964 inquiunt,
1371 2907 1533 2951 mtate
1582 2908 1899 2952 sanctorum
1934 2898 2179 2961 Patrum,
2214 2913 2333 2952 cer-

753 2992 1026 3039 :assemus
1059 2996 1112 3039 et
1147 3004 1271 3043 nos.
1306 2989 1452 3042 Bona
1492 2991 1637 3043 enim
1669 3006 1862 3043 eorum
1894 2990 2020 3044 vita:
2055 2990 2330 3055 instituta,

752 3079 1278 3149 contentionemque
1315 3082 1616 3143 intuentes,
1656 3084 1903 3135 imitandi
1941 3084 2123 3136 studio
2172 3096 2336 3136 exar-

754 3169 1039 3225 sissemus.
1068 3173 1135 3225 At
1164 3188 1309 3227 nunc
1336 3190 1460 3228 cum
1494 3176 1807 3233 desidiosis.
1840 3185 1892 3229 et
1927 3175 2332 3243 negligentibus

754 3275 1057 3329 versantes,
1092 3281 1197 3318 una
1226 3280 1349 3319 cum
1402 3267 1470 3320 iis
1510 3266 1757 3329 ferimur,
1792 3276 1844 3320 ct
1897 3267 2140 3320 nolentes
2174 3265 2334 3320 simul

756 3357 1022 3425 perimus.
1058 3358 1163 3412 Sed
1192 3359 1245 3411 hi
1274 3375 1514 3427 quoque,
1548 3369 1606 3413 ut
1642 3361 1905 3413 credibile
1929 3368 2035 3419 est.
2063 3361 2339 3428 ignorant,

753 3464 857 3503 uos
881 3450 1051 3519 magis
1082 3465 1240 3519 quam
1268 3452 1391 3504 illos
1421 3451 1473 3504 in
1504 3459 1662 3520 portu
1692 3452 1965 3521 navigare.
1994 3452 2206 3505 Ssx-nlo
2238 3466 2340 3520 pa-

759 3551 903 3594 trum
944 3552 1258 3595 nostrorum
1288 3543 1553 3613 (arrigant
1598 3543 1684 3597 isti
1725 3543 1912 3611 aures)
1966 3544 2151 3597 multa:
2188 3542 2339 3612 vige-

761 3639 891 3690 laant
925 3636 1181 3699 ltmreses,
1240 3637 1392 3690 tnulti
1434 3647 1588 3703 erant
1623 3636 2022 3706 psendochristi
2076 3635 2141 3698 ³⁸,
2183 3637 2338 3690 multi

756 3730 1035 3787 Chrisutm
1087 3740 1457 3799 cauponantes
1492 3732 1556 3797 ³⁸,
1604 3732 1753 3784 tnnlti
1803 3740 1961 3785 erant
2010 3731 2337 3799 pscudoma-

758 3822 938 3892 gistri,
996 3824 1088 3893 qui
1145 3835 1474 3894 vagarentur
1510 3828 1700 3887 libere,
1734 3835 1788 3883 ,et
1846 3825 2069 3893 maligni
2129 3825 2337 3879 zizania

758 3923 1081 3984 spargerent
1106 3916 1172 3978 “,
1203 3930 1303 3970 nec
1337 3931 1541 3985 paucos
1576 3917 1928 3972 sermonibus
1958 3917 2074 3971 suis
2106 3916 2159 3970 in
2187 3916 2339 3970 frau-

758 4008 881 4062 dem
912 4008 1124 4063 illectos
1155 4023 1341 4062 secum
1368 4008 1770 4069 abstraherent,
1799 4023 2101 4076 eorumque
2125 4008 2339 4062 animas

756 4098 825 4152 ad
856 4099 1084 4153 exitium
1129 4099 1443 4163 mitterent;
1478 4096 1529 4153 id
1559 4101 1700 4169 quod
1734 4116 1798 4153 ex
1836 4099 2053 4153 Patrum
2091 4100 2337 4163 Antonii,

761 4189 1037 4260 Eulhytnii
1072 4199 1129 4243 et
1153 4189 1347 4244 Saltlta:
1372 4191 1499 4244 vitis
1526 4207 1715 4245 verum
1748 4207 1873 4246 esse
1906 4194 2169 4261 reperias.
2200 4194 2338 4247 Tra-

757 4282 932 4336 ditum
964 4290 1048 4337 est
1092 4282 1363 4352 siquidem
1399 4284 1617 4348 litteris,
1656 4284 1954 4336 Antonium
2009 4293 2139 4339 tunc
2188 4292 2339 4340 veste

759 4375 1129 4443 splendidiore
1163 4384 1358 4443 praeter
1388 4375 1840 4429 consuetudinem
1873 4376 2142 4435 indutum,
2176 4377 2227 4429 in
2261 4377 2341 4430 lo-

760 4482 884 4518 rum
933 4466 1140 4521 editum
1173 4468 1517 4529 ascendisse,
1552 4478 1722 4521 semet
1760 4470 2097 4534 exhibuisse,
2149 4479 2338 4525 osten-

2435 593 2734 645 ntonachos
2770 593 2823 646 in
2866 595 2984 647 salo
3009 596 3333 664 jactarerit?
3377 598 3481 651 Sed
3513 598 3643 667 quid
3675 613 3776 665 ego
3825 596 4009 649 omnia

2434 679 2578 734 niter
2608 685 2902 752 persequi?
2936 685 3075 741 Cum
3107 689 3251 742 enim
3286 690 3568 753 recordor,
3598 705 3716 758 qum
3748 700 3872 742 ante
3896 690 4010 742 haec

2434 773 2536 826 suh
2572 771 2768 843 Magno
2793 773 3017 842 Basilio,
3045 777 3191 832 sicut
3218 793 3449 844 magnus
3479 787 3663 830 narrat
3688 775 4009 846 Gregorius.

2432 874 2485 917 et
2536 880 2657 934 qua:
2714 868 2818 921 sub
2878 883 3109 923 aureunt
3171 870 3441 924 orationis
3508 869 3709 924 [lumen
3749 869 4009 924 fundente

2430 954 2639 1012 Joanne
2672 959 3085 1030 Cbrysostomo,
3123 970 3175 1016 et
3208 961 3463 1018 Patribus
3514 962 3827 1018 consecutis
3859 963 4009 1015 acci-

2432 1050 2654 1108 derunt.
2704 1063 2757 1106 et
2791 1054 2908 1123 ipse
2947 1069 3034 1107 me
3082 1054 3344 1109 miserum
3393 1056 3599 1123 judico.
3633 1066 3687 1110 et
3733 1055 3849 1109 hac
3900 1070 4011 1108 non

2432 1142 2804 1210 expendentes
2864 1146 3117 1200 miseror.
3181 1145 3337 1201 Haud
3399 1153 3547 1201 enim
3605 1150 3743 1205 satis
3802 1146 4010 1205 sciunt,

2432 1248 2593 1288 omne
2622 1246 2837 1305 tempus
2868 1239 3202 1306 praeteritum
3244 1239 3414 1296 fuisse
3444 1240 3719 1305 maestius,
3744 1250 3799 1294 et
3834 1242 4010 1311 palam

2432 1326 2699 1391 rrpletutn
2733 1329 2955 1399 maligni
2985 1330 3231 1385 zizaniis.

2506 1415 2895 1474 Verumtamen
2946 1423 3201 1491 quamvis
3232 1423 3409 1477 tristia
3447 1431 3500 1477 et
3538 1424 3766 1479 adversa
3800 1421 4015 1477 fuerint

2433 1510 2732 1578 praeterita,
2780 1511 3142 1567 nihilominus
3191 1514 3355 1567 etiam
3395 1515 3497 1569 hoc
3547 1524 3795 1584 tempore
3849 1516 4008 1568 multi

2435 1612 2560 1653 Sunt
2590 1601 2853 1668 haeretici,
2887 1604 3042 1657 multi
3080 1605 3215 1673 lupi,
3255 1606 3495 1675 aspides,
3524 1615 3578 1661 et
3616 1618 3901 1677 serpentes
3930 1609 4014 1660 in-

2392 1722 2399 1729 -
2436 1702 2515 1745 tcr
2544 1692 2709 1745 latera
2747 1703 2933 1749 nostra
2958 1713 2972 1754 ;
2998 1694 3091 1749 sed
3124 1698 3257 1750 nihil
3294 1707 3487 1753 contra
3528 1714 3628 1753 nos
3667 1709 3919 1768 possunt,
3951 1714 4017 1754 ac

2434 1784 2585 1838 νυιιιῑ
2618 1787 2911 1853 quamdam
2944 1789 3298 1859 malignitatis
3328 1806 3441 1845 sua:
3479 1801 3690 1846 noctem
3726 1802 3916 1861 agunt.
3952 1793 4016 1844 Et

2366 1859 2405 1911 Β
2438 1879 2651 1944 qu'dem
2679 1877 2745 1931 ad
2780 1895 2839 1933 se
2866 1883 3213 1944 ventilantes,
3243 1893 3296 1936 et
3327 1882 3565 1937 tenebris
3598 1884 3712 1955 suis
3740 1859 4017 1937 involutos

2440 1959 2750 2036 rapiunt‘ac
2781 1972 3068 2026 devorant.
3106 1973 3165 2023 in
3213 1972 3421 2026 lumine
3472 1982 3651 2026 autem
3703 1972 4014 2026 divinarum

2442 2061 2846 2127 Sesipturarum
2876 2063 3309 2126 ambulantibus,
3332 2074 3385 2118 et
3419 2065 3471 2117 in
3505 2065 3590 2118 ria
3630 2066 4013 2117 mandatorum

2441 2151 2534 2206 Dei
2591 2153 2993 2217 incedentibus,
3034 2171 3101 2209 ne
3143 2171 3437 2211 occurrere
3476 2156 3697 2227 quidem
3751 2155 3961 2210 audent
3999 2173 4015 2212 :

2441 2245 2533 2299 sed
2567 2260 2688 2300 cum
2712 2261 2829 2314 per
2860 2257 3209 2302 transeuntes
3238 2258 3496 2312 cernunt,
3545 2264 3735 2303 eorum
3777 2264 4019 2317 conspe-

2440 2344 2585 2390 ctum
2616 2336 2838 2406 perinde
2881 2352 2945 2392 ac
2977 2337 3245 2392 ﬂammam
3275 2338 3507 2405 fugiunt.
3537 2340 3815 2405 Quasnam
3851 2340 4020 2410 igitur

2438 2432 2728 2487 hmreﬁeos
2756 2446 2841 2485 me
2872 2431 3181 2502 signiﬁcare
3203 2433 3603 2503 suspicamini?
3639 2450 3766 2501 nunt
3792 2449 3889 2487 eos
3920 2434 4014 2502 qui

2442 2523 2532 2575 Dei
2586 2522 2781 2576 Filium
2833 2521 3073 2590 negant?
3110 2538 3237 2576 num
3294 2523 3386 2592 qui
3445 2522 3703 2591 Spiritum
3758 2520 4013 2577 isanetuat

2439 2615 2841 2684 blaspltcmant,
2870 2630 2931 2670 ac
2964 2615 3249 2671 divinitate
3298 2616 3574 2683 spoliant?
3610 2616 3861 2684 numqui
3909 2614 4016 2668 Pa-

2443 2719 2576 2762 trem
2607 2707 2744 2764 Ftlio
2784 2709 3042 2778 majorem
3079 2708 3375 2763 asserunt?
3407 2708 3654 2777 numqui
3686 2706 4014 2761 Trinitatem

2441 2802 2496 2856 in
2533 2802 2792 2855 unitatem
2828 2800 3200 2866 confundunt,
3236 2809 3329 2855 aut
3377 2816 3543 2853 unum
3602 2800 3767 2853 Deum
3804 2800 3859 2852 in
3907 2810 4018 2853 tres

2440 2896 2574 2948 deos
2603 2894 2892 2947 dividunt?
2931 2909 3061 2946 num
3094 2894 3188 2962 qui
3237 2892 3515 2947 Christum
3549 2890 3641 2946 Dei
3674 2891 3894 2961 quidem
3926 2888 4017 2943 Fi-

2441 2986 2573 3040 lium
2617 2986 2940 3052 nominant,
2983 2987 3234 3040 eumdem
3272 2999 3401 3039 vero
3430 3000 3493 3038 ex
3541 2984 3770 3037 muliere
3814 2998 4017 3052 corpus

2442 3081 2744 3150 sumpsisse
2776 3096 2882 3135 non
2911 3080 3186 3134 credunt?
3226 3094 3356 3133 num
3411 3078 3505 3147 qui
3554 3092 3749 3145 corpus
3795 3078 4015 3143 quidem

2443 3170 2831 3241 assumpsisse,
2861 3168 2958 3225 sed
3000 3170 3123 3224 sine
3161 3170 3343 3222 anima
3387 3167 3699 3235 nugantur?
3755 3182 3885 3219 num
3930 3167 4019 3237 qui

2444 3265 2575 3318 illud
2612 3265 2937 3329 animatum,
2972 3272 3031 3316 ut
3064 3262 3336 3330 integrum
3368 3260 3669 3323 hominem,
3698 3274 3807 3311 non
3835 3269 4018 3312 autem

2444 3373 2611 3411 unum
2640 3356 2937 3411 secundum
2970 3355 3294 3425 ltypostasin
3334 3351 3429 3406 Dei
3476 3362 3531 3406 et
3592 3350 3775 3405 Maria:
3820 3348 4020 3404 Filium

2442 3450 2792 3519 appellatum,
2817 3448 2987 3501 Deum
3013 3461 3134 3501 esse
3158 3443 3617 3507 contendunt,sed
3643 3444 3695 3496 in
3720 3443 3864 3498 duos
3886 3444 4024 3497 til:os

2441 3557 2610 3594 unum
2663 3540 2939 3594 Christum
2983 3536 3328 3593 secernunt?
3376 3552 3504 3589 num
3538 3535 3758 3589 demum
3788 3536 3882 3603 qui
3918 3533 4021 3587 Pa-

2441 3644 2577 3688 trem
2604 3632 2875 3702 principio
2905 3638 3203 3696 carentem,
3232 3629 4023 3698 principio-circumscribunt.

2441 3736 2495 3781 et
2528 3727 2711 3781 dicere
2752 3742 2861 3781 non
2905 3733 3183 3785 verentur.
3204 3721 3349 3783 “fuit.
3378 3738 3507 3777 eum
3540 3734 3649 3774 non
3664 3730 3810 3774 esset
3837 3724 4025 3785 Pater,

2416 3820 2494 3874 .id
2526 3829 2629 3882 est,
2670 3817 2963 3888 aliquando
3005 3831 3114 3870 non
3164 3813 3262 3868 fuit
3308 3812 3508 3868 Pater?
3543 3820 3635 3866 aut
3667 3813 3758 3879 qui
3804 3810 4021 3867 Patrem

2440 3914 2660 3983 quidem
2700 3910 3046 3980 paternitatis
3076 3923 3264 3963 carere
3296 3906 3476 3968 initio.
3528 3904 3724 3958 Filium
3775 3919 3911 3959 vero
3972 3912 4029 3955 ut

2440 4021 2506 4061 ex
2537 4020 2603 4057 eo
2632 4004 2873 4071 genitum
2914 4009 3038 4073 post
3076 4008 3296 4069 tempus
3329 3998 3551 4069 aliquod
3596 3996 3815 4051 initium
3860 4012 4026 4051 acce-

2441 4097 2611 4167 pisse,
2646 4106 2907 4162 tanquam
2946 4102 3257 4147 creaturam
3286 4105 3542 4161 perverse.
3585 4097 3637 4143 et
3668 4088 3942 4152 sentiunt,
3974 4098 4030 4142 et

2440 4188 2673 4243 docent?
2716 4186 2849 4242 Erat
2897 4185 3066 4247 enim,
3128 4182 3383 4252 inquiunt
3414 4220 3430 4244 .
3488 4179 3786 4249 aliquando
3838 4178 4027 4242 Pater,

2441 4298 2566 4337 eum
2598 4280 2769 4334 Filius
2798 4278 2846 4332 ei
2898 4293 3009 4331 non
3040 4283 3272 4331 coesset.
3316 4273 3384 4339 Et
3431 4274 3524 4344 qui
3576 4272 3795 4327 tandem
3839 4271 4027 4332 Pater,

2441 4372 2531 4442 qui
2561 4372 2679 4425 sine
2708 4368 2846 4423 Filio
2871 4375 2973 4430 est,
3028 4365 3431 4437 appellabitur?
3476 4367 3555 4418 An
3611 4364 3850 4418 fortasse
3904 4379 4027 4424 eus.

2442 4463 2535 4531 qui
2570 4462 2733 4514 alium
2760 4461 2978 4528 quidem
3031 4472 3275 4525 passum,
3300 4457 3469 4510 alium
3498 4471 3527 4510 e
3565 4455 3796 4509 mortuis
3856 4456 4033 4509 exsti-

759 4570 1039 4627 lasseque,
1077 4565 1135 4611 ut
1168 4556 1497 4610 manifestus
1530 4568 1585 4611 et
1616 4558 1976 4629 conspicuus,
2012 4562 2238 4614 omnino
2267 4562 2334 4616 ab

2444 4557 2575 4610 tisse
2613 4551 2973 4609 asseverant?
3005 4552 3207 4621 Apage.
3240 4548 3517 4603 neminem
3559 4547 3789 4600 istorum
3826 4547 4030 4613 impio-

761 4648 1034 4705 ltrereticis
1068 4649 1572 4717 apprehetnleretnr
1623 4659 1677 4703 et
1735 4655 1853 4703 neci
1894 4651 2140 4707 daretur.
2180 4652 2339 4708 Certe

761 4743 864 4796 nisi
892 4752 1003 4796 tttm
1034 4743 1343 4809 persecutio
1365 4742 1688 4802 ferhuisset.
1715 4744 1818 4797 hoc
1848 4744 1939 4798 ille
1963 4761 2067 4797 non
2098 4746 2337 4801 fecisset.

761 4836 1125 4903 Temporibus
1157 4846 1337 4888 autem
1370 4837 1547 4889 sancti
1583 4834 1764 4890 Patris
1798 4830 1975 4890 nostri
2030 4838 2339 4909 Euthymii,

764 4927 1022 4983 l-Icclesiis
1086 4942 1117 4980 a
1182 4926 1292 4981 Deo
1348 4928 1796 4996 tranquillitatem
1851 4928 2105 4982 donatam
2172 4946 2335 4996 esse,

763 5036 942 5073 nonne
970 5019 1167 5072 litteris
1202 5019 1413 5072 exstat?
1442 5035 1565 5071 cum
1610 5019 1864 5072 nimirum
1897 5028 2027 5073 tunc
2079 5034 2336 5088 persecu-

759 5116 941 5163 tiones
971 5120 1026 5163 et
1090 5110 1323 5163 haereses
1389 5110 1859 5178 conquirat-issent.
1911 5108 2149 5164 Sanctus
2210 5125 2338 5166 vero

766 5213 917 5267 pater
953 5210 1142 5254 noster
1177 5200 1384 5254 Sabbas
1422 5216 1543 5254 cum
1580 5210 1726 5253 esset
1757 5203 2103 5269 praepositus,
2143 5217 2210 5255 an
2244 5218 2339 5256 ne-

763 5295 921 5348 scitis
955 5301 1295 5363 quantopere
1340 5308 1440 5362 pro
1494 5292 1753 5348 Ecclesiis
1782 5304 1973 5348 contra
2008 5296 2155 5348 illius
2206 5305 2341 5350 lem-

764 5388 912 5456 poris
948 5388 1186 5441 luerescs
1220 5387 1561 5455 pugnaverit.
1597 5394 1650 5438 et
1682 5395 1813 5455 quot
1843 5389 2095 5442 monachi
2128 5398 2242 5449 tum
2272 5388 2341 5442 ab

766 5479 1034 5534 haereticis
1075 5478 1286 5533 seducti
1343 5477 1489 5530 sint?
1536 5478 1674 5542 Quid
1727 5495 1847 5548 qua:
1892 5479 1996 5533 sub
2065 5480 2342 5549 Stephano

764 5572 989 5625 .luniore
1019 5570 1409 5640 contigerunt?
1443 5583 1624 5624 annon
1676 5574 2059 5642 gravissimam
2093 5584 2147 5627 et
2186 5588 2343 5628 acer-

772 5666 1049 5719 bissimam
1083 5663 1521 5731 persecutionem
1567 5664 1909 5717 habuerunt?
1950 5666 2145 5717 Annon
2188 5664 2340 5734 cogi-

852 5844 895 5874 "
930 5844 1118 5899 Hatth.
1158 5861 1266 5909 xu,
1303 5844 1364 5897 I7
1467 5846 1507 5874 ³⁸
1546 5844 1709 5901 Marc.
1743 5860 1859 5906 xm,
1894 5845 1982 5898 2'2.

2063 5846 2106 5876 ³³
2139 5844 2179 5898 ii
2220 5844 2347 5899 (lor.
2387 5858 2446 5902 ll,
2482 5838 2565 5893 l7.

2444 4664 2590 4712 rum,
2629 4654 2685 4702 et
2725 4646 3037 4704 atheorum.
3098 4655 3201 4695 nec
3253 4640 3484 4694 aliorum
3537 4638 3803 4692 haeresutn
3855 4640 4026 4692 ullam

2445 4740 2543 4795 tibi
2576 4739 2725 4800 dico,
2756 4752 2902 4806 quae,
2928 4750 3053 4789 cum
3086 4742 3145 4786 ut
3178 4732 3419 4785 tenebrze
3448 4729 3824 4791 emersissent,
3858 4745 3889 4781 a
3927 4728 4027 4780 Pa-

2445 4832 2616 4886 tribus
2640 4830 2734 4899 qui
2768 4836 2884 4883 tum
2915 4826 3259 4887 claruerunt,
3293 4823 3439 4876 velut
3462 4836 3492 4874 a
3524 4821 3730 4874 lumine
3753 4819 4025 4874 discussa:

2442 4938 2507 4978 ac
2536 4922 2817 4990 dissipata
2844 4928 2994 4974 sunt.
3029 4916 3215 4985 Usque
3261 4914 3397 4969 adeo
3428 4914 3575 4968 enim
3622 4912 3798 4980 gratia
3846 4913 4028 4966 sancti

2448 5016 2690 5085 Spiritus
2712 5027 2813 5081 per
2829 5026 2927 5067 eos
2960 5006 3319 5078 reSplenduit,
3340 5004 3721 5073 dictaruutqtte
3743 5006 4031 5059 Itzerescuu

2447 5104 2701 5160 tenebras
2716 5100 3028 5171 propulitut
3057 5111 3233 5165 usque
3263 5095 3425 5148 hodie
3456 5092 3565 5148 Deo
3596 5094 3837 5148 dictante
3877 5106 4030 5147 com-

2448 5197 2623 5267 posita
2655 5210 2848 5249 eorum
2888 5189 3187 5252 volumina,
3230 5186 3365 5241 solis
3392 5186 3511 5239 luce
3564 5184 3824 5256 fulgidius
3878 5195 4025 5242 retu-

2449 5298 2630 5350 ceant,
2659 5299 2715 5341 et
2746 5287 2815 5339 iis
2846 5280 3226 5338 contradicere
3256 5293 3417 5331 nemo
3450 5285 3703 5331 attentet.

2525 5378 2631 5433 Sed
2661 5382 2727 5433 de
2747 5378 2815 5431 iis
2850 5377 3065 5445 loquor,
3105 5387 3308 5439 eosque
3342 5368 3566 5423 nomino
3599 5368 3910 5428 haereticos.
3936 5367 4029 5435 qni

2448 5473 2670 5532 docent.
2701 5485 2810 5523 non
2839 5481 2962 5522 esse
2990 5477 3323 5534 queinquam
3360 5470 3549 5515 nostro
3580 5459 3682 5511 hoc
3713 5472 3862 5518 atro.
3889 5470 3941 5509 et
3976 5474 4028 5508 ιιι

2449 5565 2630 5619 medio
2677 5570 2949 5622 nostrum,
2978 5555 3069 5624 qui
3120 5552 3432 5620 evangelica
3481 5550 3734 5603 mandata
3782 5563 4027 5609 servare.

2451 5664 2506 5712 et
2535 5656 2599 5709 ad
2635 5650 2915 5719 exemplar
2950 5655 3267 5703 sanctorum
3316 5642 3537 5697 Patrum
3580 5656 3639 5696 se
3680 5639 4030 5697 conformare

2651 5836 2694 5865 ³⁸
2726 5829 2920 5889 Matth.
2954 5841 3072 5893 xm,
3108 5826 3198 5880 25.
