4170 6452
736 377 849 437 475

1966 368 2347 430 SYMEONIS
2374 368 2738 428 JUNlORlS

3890 355 3995 419 476

812 483 1082 546 (Μιθρῇ-«νει
1149 483 1346 550 quibus
1399 496 1724 535 confessum
1778 494 1883 546 est,
1935 491 1993 535 ut
2039 482 2310 549 laerymas
2342 486 2389 538 Α
2421 477 2519 529 ltbi
2572 474 2904 535 sanctitudo,
2941 486 3103 541 quam
3142 486 3287 523 nunc
3334 469 3533 521 habere
3587 477 3865 533 putamur,
3905 480 3996 522 aut.

742 575 873 627 istas
914 573 1315 641 experirentur,
1354 584 1685 639 Cognoscent
1724 588 1843 642 quae
1887 572 2041 634 dixi,
2085 583 2140 626 et
2184 587 2309 624 vera

741 682 863 716 esse
911 664 1281 717 testimonium
1342 665 1471 715 mihi
1520 663 1749 724 dabunt,
1801 664 1941 717 sicut
1990 666 2159 716 etiam
2218 664 2312 717 illa

742 756 997 823 Thcologi
1031 771 1131 807 Vox
1168 757 1296 807 mihi
1347 756 1700 823 astipulatur.
1732 754 1941 809 Otl'erat
1991 757 2266 825 quispiam
2295 797 2311 820 ,

743 850 830 900 hic
874 849 1094 915 quidem
1147 850 1267 911 lzoc,
1320 848 1409 902 ille
1459 850 1639 909 aliud;
1675 857 1728 900 et
1781 850 1965 902 multis
2021 850 2073 903 in
2135 850 2314 902 medio

740 943 1095 997 enumeratis,
1136 940 1200 991 ad
1234 949 1539 993 extremum
1572 941 1744 1002 addit,
1780 956 1969 994 omnes
2018 942 2311 1011 lacrymas,

741 1044 929 1083 Omnes
966 1035 1359 1099 purgationem,
1394 1048 1584 1086 omnes
1615 1049 1901 1087 aseenswn
1933 1074 1946 1095 ,
1977 1045 2031 1085 et
2062 1036 2127 1086 ad
2158 1043 2315 1087 ante-

743 1127 884 1177 riora
915 1128 1132 1179 extendi
1164 1127 1224 1177 ‘°.
1266 1126 1402 1177 Num
1439 1129 1600 1193 igitur
1648 1130 1697 1178 in
1743 1130 1844 1181 hoc
1891 1129 2182 1192 distinxit,
2218 1137 2315 1185 aut

742 1217 1013 1280 separarft
1040 1233 1174 1284 quos
1200 1217 1327 1278 'am,
1352 1227 1401 1271 el
1437 1220 1556 1272 ilius
1586 1221 1801 1286 quidem
1834 1221 1968 1275 dixit
1996 1222 2096 1273 hoc
2130 1237 2312 1289 posse,

744 1308 843 1363 hos
876 1323 979 1360 non
1012 1311 1213 1376 posse?
1244 1309 1407 1373 Num,
1449 1321 1504 1364 ut
1536 1328 1628 1366 vos
1672 1314 1994 1380 insipienter
2040 1318 2312 1376 asseritis,

745 1411 860 1457 vos,
892 1402 1109 1465 iuqitam
1136 1440 1149 1463 ,
1185 1402 1487 1455 incirrumc
1512 1404 1555 1455 si
1594 1404 1857 1458 cordibus
1899 1416 1953 1457 et
1997 1408 2228 1458 auribus
2262 1406 2307 1437 “

743 1489 864 1556 (pro
897 1504 962 1563 eo
995 1506 1057 1542 ac
1107 1495 1387 1546 meri-mini
1431 1510 1523 1547 vos
1583 1497 1825 1564 tangam)
1863 1498 2122 1565 quoniam
2187 1499 2312 1566 qui-

741 1581 863 1633 dam
901 1584 1076 1635 sm-titi
1106 1597 1233 1638 Slllll
1265 1596 1513 1639 naturam
1545 1588 1818 1640 duriorem
1844 1630 1858 1651 ,
1890 1591 1981 1658 qui
2037 1600 2318 1658 nequeant

740 1670 1037 1738 aliquando
1085 1677 1401 1742 compungi,
1452 1686 1508 1730 et
1561 1678 1831 1747 laerymas
1884 1680 2153 1742 cittittere,
2214 1681 2318 1737 hoc

738 1761 899 1813 ctiam
951 1779 1181 1832 magnus
1222 1767 1517 1834 Gregorius
1574 1769 1859 1838 adjungit?
1913 1771 2085 1829 Absit,
2138 1788 2317 1842 neque

740 1865 937 1905 natura
970 1854 1206 1909 humana
1242 1858 1319 1909 sic
1344 1871 1655 1926 comparata
1682 1870 1786 1924 est,
1820 1872 1877 1913 ut
1911 1862 1954 1914 si
1991 1879 2096 1915 non
2128 1866 2313 1931 potius
2349 1832 2389 1888 ῃ

739 1942 990 2009 ingenita:
1031 1947 1138 1999 sitit
1170 1949 1243 2000 illi
1283 1950 1462 2003 luctus
1489 1962 1539 2004 et
1568 1954 1852 2022 lacrymaa;
1887 1970 2064 2022 neque
2092 1968 2316 2011 sanctus

742 2034 847 2094 bir,
893 2046 983 2086 aut
1024 2039 1165 2091 alus
1192 2052 1505 2093 Sanctorum
1540 2043 1639 2094 hoc
1674 2044 1829 2105 dixit,
1865 2057 1957 2096 aut
1994 2048 2237 2115 scripsu.
2273 2049 2315 2100 Α

740 2139 935 2177 natura
980 2142 1159 2181 autem
1211 2132 1367 2185 nobis
1420 2133 1599 2187 inesse
1648 2134 1856 2197 fletum,
1918 2138 2019 2205 ipsi
2080 2141 2318 2195 infantes

739 2219 868 2271 dum
921 2235 1222 2275 ItﬂStlltIlul‘
1259 2235 1306 2277 te
1341 2225 1574 2280 doceant
1617 2245 1630 2279 :
1674 2230 1764 2295 qui
1823 2232 1984 2283 simul
2032 2242 2196 2299 atque
2251 2252 2315 2288 ex

741 2319 899 2366 utero
931 2316 1274 2379 prodierunt,
1330 2318 1565 2384 plorant,
1596 2336 1769 2388 eoque
1804 2323 2011 2375 iudicio
2058 2325 2319 2378 obStctri-

739 2403 919 2468 cibus,
968 2414 1019 2455 rt
1068 2405 1335 2459 matribus
1402 2408 1580 2459 vivere
1637 2425 1693 2462 se
1754 2412 2073 2466 ostendunt.
2130 2413 2316 2470 Infans

740 2497 943 2563 quippe.
982 2497 1083 2548 nisi
1130 2498 1342 2564 vagiat,
1386 2514 1451 2552 tte
1493 2499 1674 2554 vivere
1720 2503 1940 2575 quidem
1985 2505 2206 2559 dieitttr.
2258 2505 2314 2560 Si

740 2586 989 2652 vagiet'it,
1019 2585 1163 2638 illico
1192 2599 1436 2640 naturam
1470 2590 1536 2639 ab
1564 2591 1681 2658 ipso
1719 2602 1840 2645 ortu
1875 2609 1976 2646 suo
2003 2596 2233 2662 lurtum,
2264 2608 2318 2650 et

742 2677 1009 2745 lacrymas
1055 2678 1252 2730 Izalere
1288 2680 1516 2733 comites
1553 2682 1913 2739 demonstrat.
1950 2688 2124 2753 Atque
2173 2688 2316 2742 istud

739 2768 904 2820 etiam
945 2782 1167 2822 sant-tus
1208 2780 1363 2840 pater
1394 2785 1583 2825 noster
1612 2776 1830 2828 Simeon
1866 2775 2079 2829 Studita
2114 2780 2317 2833 confir-

743 2863 944 2920 mabat,
1001 2879 1123 2913 cum
1174 2863 1549 2929 ltuju~ceutodi
1600 2868 1855 2936 lacrymis
1899 2869 2175 2923 hominem
2225 2872 2321 2925 dc-

744 2950 872 3004 ltere
916 2960 1053 3005 hanc
1110 2954 1271 3005 vitam
1312 2957 1621 3019 traducere,
1648 2968 1694 3009 et
1731 2974 1881 3021 eum,
1914 2968 2018 3014 etc.
2051 2960 2230 3027 (Deest
2265 2964 2319 3016 in

741 3054 959 3110 utroque
1000 3047 1287 3112 exemplari
1344 3065 1449 3101 una
1502 3052 1696 3119 pagina
1745 3051 1839 3103 hoc
1875 3054 2035 3120 loco.)
2085 3054 2316 3111 Obtorto

741 3137 883 3187 (ῖιιὶΙι
945 3142 1127 3201 tracti,
1177 3141 1277 3192 etsi
1332 3141 1553 3194 n.iui;ne
1614 3145 1807 3197 audire
1858 3146 2019 3200 vultis
2072 3148 2320 3215 quotidie

741 3231 889 3281 i-lare
920 3230 1256 3284 intonantem
1299 3234 1455 3287 vobis
1482 3234 1721 3288 divinam
1754 3238 2092 3307 Scripturam
2129 3258 2142 3294 :
2191 3242 2318 3295 0m-

742 3338 830 3374 ues
862 3325 999 3375 enim
1030 3324 1287 3377 stabimus
1318 3336 1439 3379 ante
1470 3329 1706 3380 tribunal
1737 3328 1931 3383 Christi
1958 3373 1971 3397 ,
2008 3342 2063 3384 ut
2096 3336 2318 3401 recipiat

742 3418 1096 3481 unusquisque
1128 3433 1221 3485 pro
1252 3428 1303 3469 ut
1341 3419 1391 3470 in
1421 3436 1634 3487 corpore
1664 3438 1759 3473 suo
1789 3425 1967 3491 gessit,
2000 3426 2105 3478 sive
2128 3428 2317 3481 bonum

741 3507 847 3556 sive
904 3506 1101 3557 malum
1142 3508 1208 3559 δ’.
1246 3506 1400 3572 Quod
1462 3526 1586 3563 cum
1643 3516 1894 3567 omnibus
1955 3517 2112 3570 nobis
2167 3517 2318 3573 brevi

742 3596 1007 3658 evenerit,
1032 3596 1118 3647 ubi
1145 3604 1255 3649 tum
1294 3614 1522 3666 corpora
1555 3612 1738 3654 nostra
1771 3606 2045 3671 operiens,
2077 3615 2132 3659 et
2155 3624 2320 3661 esor.

745 3702 879 3739 uaus
904 3689 1139 3752 pretiosa
1179 3690 1345 3741 vestis
1370 3692 1515 3745 erit?
1540 3693 1627 3745 tibi
1662 3694 1965 3748 bumeralia
1996 3699 2322 3766 conspicua?

745 3778 835 3832 ubi
879 3779 1163 3848 fulgentia,
1198 3790 1249 3833 et
1286 3784 1551 3849 pelluiritla
1592 3786 1787 3852 pallia?
1818 3789 1902 3839 ubi
1939 3790 2166 3843 humum
2198 3808 2320 3859 pre-

745 3872 945 3924 mentia
985 3874 1073 3925 ilia
1123 3874 1372 3939 pulchra,
1421 3877 1709 3946 solidaque
1756 3880 2041 3933 sandalia?
2077 3882 2164 3933 ubi
2206 3884 2322 3938 lora

744 3967 1089 4035 cingulorutn
1130 3968 1472 4022 muliebrium
1506 3971 1744 4026 similia?
1776 3973 1863 4025 ubi
1897 3975 2134 4029 virorum
2174 3979 2324 4044 prin-

744 4056 920 4122 cipum
957 4057 1262 4111 occursus?
1294 4060 1379 4111 tibi
1406 4070 1533 4113 ante
1562 4061 1698 4115 alios
1728 4065 2027 4119 honorifice
2052 4069 2324 4123 salutari?

748 4151 836 4201 ιιῖιί
880 4154 1259 4205 contentiones
1293 4153 1359 4205 de
1389 4156 1561 4223 prima
1592 4159 1880 4211 cathedra?
1909 4162 1997 4213 ubi
2032 4174 2323 4229 sumptuo-

749 4258 819 4294 sre
858 4245 1094 4296 mensm?
1124 4245 1209 4297 ubi
1242 4247 1323 4316 (ut
1371 4256 1423 4299 et
1472 4248 1572 4303 hoc
1623 4250 1823 4317 dicam)
1863 4254 2163 4320 prtevmiire
2215 4259 2324 4307 fra—

750 4343 916 4397 trem,
952 4345 1004 4385 ct
1035 4349 1100 4387 ex
1149 4337 1415 4403 appositis
1465 4340 1619 4406 plura
1673 4343 2007 4410 melioraque
2056 4347 2322 4400 sumere?

746 4428 889 4488 quod
924 4440 1023 4488 ego
1052 4428 1283 4494 primus,
1315 4438 1369 4481 et
1401 4430 1491 4497 qtti
1520 4432 1622 4483 mei
1651 4432 1859 4486 similes
1910 4444 2058 4498 sunt,
2110 4438 2232 4489 vani
2270 4446 2321 4491 et

748 4516 914 4582 inepti
951 4517 1131 4572 facere
1167 4523 1577 4576 consuevimus.
1613 4523 1712 4577 [bi
1763 4535 1890 4579 tunc
1926 4526 2101 4581 fastus
2143 4541 2195 4582 et
2227 4546 2324 4583 su-

748 4610 931 4675 peritia
984 4620 1195 4675 nostra,
1250 4612 1540 4679 imperare,
1583 4627 1636 4668 et
1684 4617 1985 4685 imperari?
2028 4617 2127 4671 Ubi
2171 4623 2325 4673 cella:

749 4700 891 4761 latae,
938 4710 990 4753 et
1020 4702 1295 4768 eleganter
1331 4705 1382 4756 in
1421 4722 1625 4759 morem
1656 4709 1882 4761 thalami
1939 4721 2168 4766 ornatir.
2217 4711 2319 4767 Ubi

748 4794 1146 4856 ministrorum,
1176 4805 1229 4847 ct
1259 4798 1460 4865 quibus
1488 4799 1834 4852 ministratur
1879 4806 2238 4871 praerogativa
2269 4806 2322 4858 iu

747 4880 838 4942 iis,
872 4882 925 4934 in
962 4886 1166 4952 quibus
1201 4903 1301 4941 nos
1337 4889 1471 4941 alios
1504 4895 1696 4957 praeire
1726 4894 1925 4947 debere
1956 4897 2329 4951 arbitramur?

750 4970 852 5026 Ubi
891 4976 1238 5042 immodicus,
1269 4988 1323 5031 et
1370 4981 1661 5037 indecorus
1697 4986 1879 5038 risus?
1913 4986 2003 5039 ubi
2051 4987 2246 5055 longua,
2272 4995 2329 5043 et

749 5069 1186 5132 apparatissmaz
1219 5086 1405 5131 orente,
1448 5074 1696 5139 prandia,
1726 5085 1779 5128 et
1821 5077 1964 5131 inter
1999 5079 2103 5132 ista
2140 5079 2329 5133 confa-

749 5163 1057 5218 bulationes
1086 5167 1517 5237 intempestivae?
1560 5166 1659 5221 Ubi
1694 5179 1823 5222 tunc
1859 5185 2053 5239 magna
2082 5172 2331 5225 nomina?

828 5375 871 5405 ⁸ο
908 5374 1141 5443 Philipp.
1194 5388 1280 5435 ιιι,
1342 5374 1427 5428 15.
1509 5374 1550 5405 ’⁵⁸
1628 5376 1750 5427 Act.
1786 5374 2008 5436 “1,52.

752 5459 827 5510 tu,
866 5446 920 5498 2.

820 5624 1114 5682 Caeterum,
1148 5639 1255 5692 quo
1280 5626 1460 5677 verbis
1486 5624 1605 5675 istis
1630 5623 1846 5676 Simeon
1885 5625 2207 5691 respexerit,
2241 5637 2326 5674 me

754 5695 922 5763 fugit:
958 5695 1157 5752 vi-rbis,
1198 5694 1437 5759 inquam,
1476 5695 1596 5746 istis
1643 5710 1655 5745 :
1718 5694 1859 5745 Ἀλλ’
1907 5694 1981 5753 ὼς
2028 5695 2180 5761 παρὰ
2225 5692 2326 5760 τῆς

755 5765 903 5824 θείας
956 5764 1172 5831 Γραφῆς
1204 5764 1437 5831 ἀκήκοα..
1480 5766 1573 5815 καὶ
1606 5765 1662 5814 ἐν
1692 5764 1842 5832 αὑτῷ
1871 5764 1947 5829 τῷ
1986 5764 2322 5831 βαπτίσματι

756 5834 1011 5887 ian-43:15
1046 5850 1189 5896 τρες
1236 5834 1264 5883 6
1288 5834 1641 5903 κητιζὸμενοι
1676 5837 1743 5903 τῇ
1777 5834 2056 5887 ἐπεὶ-ἑυσει
2086 5850 2322 5885 κατανυ-

2088 5374 2132 5403 ¹¹²
2164 5371 2326 5427 Rom.
2356 5388 2447 5425 xw
2476 5414 2488 5437 ,
2547 5372 2653 5439 10;
2696 5372 2737 5426 ll
2786 5373 2917 5427 Cor.
2978 5387 3032 5436 ν,
3071 5372 3159 5426 l0.
3200 5370 3247 5403 “
3287 5370 3462 5425 ICor.
3497 5389 3532 5435 ι,
3576 5371 3669 5425 20.

2416 569 2518 635 ιιιδί
2554 575 2809 636 putamus
2842 565 3044 618 etiam?
3078 561 3180 617 Ubi
3235 563 3573 623 adulatores,
3616 569 3669 613 et
3712 560 3995 619 illusures,

2415 658 2507 728 qui
2551 673 2698 711 nunc
2735 646 2961 713 sanctos
3010 670 3113 710 nos
3152 654 3473 722 appellitant
3498 690 3514 713 ,
3552 663 3601 704 et
3639 652 3865 719 vestigia
3899 664 3996 702 no-

2416 763 2531 805 stra
2565 752 2783 807 calcare
2813 749 3146 804 formidant?
3185 746 3285 801 Ubi
3330 746 3530 800 excelsi
3564 746 3774 807 throni,
3809 754 3863 798 et
3904 744 3996 812 qui

2418 845 2469 896 in
2507 844 2574 896 iis
2602 844 2879 905 sedentes,
2911 844 3126 897 caeteris
3168 840 3498 895 illustriores
3534 840 3843 906 apparent?
3891 838 3995 892 L’bi

2418 946 2643 1005 propter
2681 937 2964 1007 quippiam
3000 933 3415 1004 possidendum,
3444 940 3539 985 aut
3565 933 3827 1000 majorem
3856 947 3997 999 prte-

2418 1030 2683 1084 fi-rturam
2726 1030 3116 1097 acquirendam
3162 1026 3532 1088 concursatio,
3572 1033 3624 1075 et
3670 1023 3998 1092 diligentia?

2423 1122 2521 1176 Ubi
2560 1121 2944 1180 contradimio,
2980 1130 3036 1173 et
3091 1118 3482 1179 enutumaeia,
3533 1125 3587 1170 ct
3634 1117 3993 1185 posteriorem

2417 1216 2587 1269 videri
2618 1214 2808 1267 nolle?
2839 1212 2942 1267 Ubi
2982 1225 3343 1281 cognatorum
3381 1209 3434 1263 iu
3470 1224 3569 1262 nos
3598 1208 3824 1261 all'ectus
3848 1209 3870 1258 ?
3897 1206 3994 1260 L'bi

2417 1309 2510 1376 qui
2550 1321 2649 1360 nos
2689 1306 2866 1360 visere
2894 1304 3143 1358 solebant
3180 1304 3604 1362 mundanorum,
3645 1315 3706 1353 ac
3731 1300 3992 1353 nobilium

2417 1400 2659 1451 virorum
2701 1396 2993 1463 superbia}
3027 1411 3123 1465 per
3168 1411 3308 1464 quos
3352 1409 3454 1464 ego
3504 1397 3671 1447 miser
3702 1393 3993 1455 existimo,

2417 1498 2471 1543 et
2521 1488 2653 1542 mihi
2710 1488 3038 1558 persuadeo,
3082 1502 3169 1541 me
3210 1501 3377 1556 supra
3417 1495 3645 1540 exteros
3688 1485 3993 1537 claritatem

2417 1582 2672 1650 adipisci.
2699 1580 2806 1635 Ubi
2847 1580 3164 1648 cognitione
3196 1594 3377 1633 rerum
3400 1618 3415 1641 ,
3441 1587 3494 1631 et
3526 1578 3795 1646 sapientia
3831 1577 3995 1642 huius

2420 1675 2606 1729 mundi
2632 1675 2965 1744 inclytorum
2991 1673 3255 1727 scicntia?
3281 1671 3383 1726 Ubi
3409 1672 3693 1742 magnifica
3725 1670 3790 1723 de
3812 1670 3997 1738 seipso

2419 1768 2625 1836 opinio.
2665 1775 2721 1820 et
2766 1776 2961 1835 putare
2991 1780 3093 1819 nos
3127 1779 3249 1818 esse
3290 1763 3521 1831 aliquid,
3564 1778 3688 1819 cum
3737 1761 3873 1814 nihil
3919 1759 3996 1813 si-

2418 1860 2576 1912 mus?
2604 1858 2706 1913 Ubi
2734 1867 2848 1910 tum
2879 1858 3088 1911 lubrica
3127 1857 3329 1925 lingua,
3358 1864 3412 1908 et
3440 1856 3585 1908 velut
3618 1870 3647 1908 e
3683 1855 3831 1907 fonte
3863 1870 3992 1922 pro-

2416 1968 2650 2005 manans
2675 1952 2887 2005 oratio?
2918 1952 3006 2003 ubi
3045 1959 3199 2012 tunc,
3239 1951 3349 2002 imo
3403 1964 3550 2001 nunc
3600 1948 3810 2015 sapiens
3836 1950 3861 2002 .’
3909 1946 3995 1998 ubi

2416 2043 2622 2098 scriba?
2653 2044 2741 2094 ubi
2768 2044 3099 2110 conquisitor
3132 2041 3288 2109 hujus
3319 2043 3501 2093 sa’culi
3564 2040 3633 2102 “,
3670 2050 3726 2093 ut
3758 2049 3996 2092 reverta-

2419 2144 2527 2197 tur,
2561 2144 2613 2185 ιιι
2639 2136 3047 2186 constituamus
3098 2132 3285 2194 simul,
3313 2131 3488 2199 duque
3521 2130 3753 2183 terribili
3789 2129 3900 2189 die,
3938 2138 3991 2181 et

2416 2227 2549 2278 hora
2581 2226 2669 2277 illa
2701 2224 3095 2287 cousultcmus,
3120 2232 3172 2275 et
3196 2238 3435 2286 omnem,
3469 2221 3610 2289 quod
3641 2220 3871 2281 dicitur,
3905 2236 3994 2272 ru-

2415 2319 2636 2372 dentem
2672 2318 2724 2370 iu
2751 2317 2911 2372 nobis
2946 2316 3107 2385 ipsis,
3135 2325 3189 2369 et
3224 2315 3277 2367 in
3312 2314 3612 2383 scripturis
3644 2313 3848 2366 divinis
3882 2327 3995 2367 mo-

2419 2424 2644 2462 veamus
2678 2415 2733 2462 et
2760 2421 3013 2462 accurate
3054 2407 3283 2461 scrutati
3316 2408 3611 2459 doceamur
3644 2406 3791 2467 inde,
3817 2405 3999 2458 disca-

2420 2520 2653 2572 musque
2684 2503 2813 2571 quid
2852 2503 3010 2555 nobis
3056 2508 3188 2554 tunc
3235 2499 3494 2569 prodesse
3536 2500 3739 2569 possit,
3773 2511 3826 2553 et
3863 2500 3997 2552 illud

2418 2597 2774 2665 Cupidissime
2804 2590 3112 2662 eligamus?
3152 2591 3264 2655 Sic,
3308 2591 3504 2645 fratres
3550 2592 3653 2644 mei
3685 2591 3892 2651 dilecti,
3940 2599 3999 2643 ut

2418 2692 2599 2743 omnis
2632 2688 2918 2755 Scriptura
2952 2693 3137 2753 aperte
3174 2684 3373 2736 clamat
3396 2724 3409 2745 ,
3443 2698 3639 2752 magna
3670 2683 3995 2741 necessitas,

2421 2796 2648 2849 magnus
2698 2779 2861 2831 timor
2891 2786 2945 2829 et
2976 2784 3181 2828 tremor
3222 2774 3279 2827 in
3338 2774 3426 2827 illa
3469 2775 3597 2826 hora
3653 2773 3903 2843 proinde,
3943 2782 4000 2825 ut

2419 2887 2519 2941 ego
2544 2869 2784 2933 desides,
2815 2869 3118 2922 dissolutos
3153 2883 3216 2921 ac
3250 2868 3431 2936 pigros
3462 2866 3771 2932 occupabit.
3802 2864 3998 2916 Beatus

2421 2973 2625 3026 autem,
2655 2963 2871 3025 fratres,
2910 2962 3000 3029 qui
3038 2976 3185 3013 nunc
3214 2960 3362 3012 onmi
3397 2967 3664 3011 creatura:
3714 2956 3997 3022 subjectus

2424 3058 2596 3123 luget,
2632 3063 2686 3107 ct
2724 3055 2902 3123 plorat
2937 3061 3097 3105 nocte
3131 3060 3185 3104 cl
3218 3050 3306 3104 die
3349 3066 3532 3103 coram
3586 3048 3837 3105 Domino.
3872 3049 3996 3117 quia

2345 3178 2390 3235 ρ
2423 3165 2451 3202 a
2484 3150 2694 3203 dextris
2726 3148 2872 3216 ejus,
2907 3146 3046 3199 stola
3077 3144 3313 3197 amictus
3344 3153 3639 3197 statuetur.
3674 3140 3878 3194 Beatus
3908 3141 3997 3205 qui

2424 3242 2536 3293 luce
2566 3240 2740 3294 audit.
2778 3250 2829 3291 et
2877 3254 2985 3291 non
3032 3237 3217 3291 solum
3265 3251 3505 3303 gemens,
3546 3250 3645 3289 nec
3697 3234 3765 3287 de
3813 3235 3900 3288 die
3946 3234 4001 3286 iu

2421 3334 2564 3387 diem
2599 3330 2876 3393 diﬂ‘ereus,
2912 3339 3127 3397 tempus
3164 3329 3290 3380 vitm
3340 3343 3453 3381 sua-
3508 3328 3626 3380 siue
3675 3325 3857 3378 fructu
3909 3326 4001 3377 de-

2422 3427 2594 3481 curtit
2626 3443 2641 3479 :
2671 3425 2765 3480 Sed
2796 3425 2887 3493 qui
2942 3423 3108 3477 simul
3146 3438 3207 3475 ac
3250 3420 3463 3475 Domini
3498 3434 3681 3473 vocem
3733 3418 3939 3485 accipit
3983 3436 3996 3471 :

2428 3518 2794 3571 Pwnitentiant
2819 3518 2957 3584 agite
2986 3516 3053 3578 δι,
3090 3514 3270 3568 statim
3299 3529 3516 3566 manum
3542 3511 3691 3581 opeii
3727 3511 4002 3565 admovet.

2424 3611 2573 3665 Talis
2604 3612 2749 3666 cnim
2792 3623 2849 3664 ut
2880 3610 3165 3671 obediens,
3220 3623 3281 3661 ac
3329 3607 3508 3659 bonus
3543 3622 3739 3658 Servus
3790 3604 4000 3656 miscri-

2424 3707 2667 3757 cordiam
2747 3712 3140 3769 consequetur,
3206 3714 3306 3751 nec
3364 3715 3487 3750 cum
3554 3697 4001 3750 inobetlicntibus

2424 3795 2802 3847 damnabitur.
2852 3792 2916 3844 Et
2969 3793 3020 3842 in
3068 3790 3167 3841 hac
3201 3787 3420 3856 quidem
3475 3788 3583 3839 vita
3639 3785 3708 3838 ab
3746 3786 4003 3837 omnibus

2423 3886 2637 3939 vitiosis
2662 3883 2899 3936 motibus
2926 3882 3095 3935 animi
3130 3880 3479 3942 liberabitur,
3508 3880 3870 3945 omniumque
3896 3878 4004 3929 vir-

2426 3989 2601 4033 tutum
2654 3978 2916 4046 probatus
2954 3975 3131 4026 cultor
3161 3972 3356 4024 evadet
3413 3986 3427 4023 :
3493 3971 3543 4022 in
3579 3969 3761 4022 futura
3815 3979 3999 4022 autent

2427 4075 2535 4124 vita
2572 4072 2728 4123 bouis
2762 4068 2851 4120 Dei
2896 4067 3040 4119 nulla
3075 4066 3261 4133 lingua
3294 4063 3666 4132 exprimendis
3700 4063 4004 4115 oblectabi-

2429 4170 2537 4221 tur,
2569 4173 2694 4210 cum
2731 4156 3007 4217 omnibus,
3044 4155 3136 4222 qui
3176 4170 3204 4205 ξι
3252 4154 3455 4207 szeculo
3507 4153 3580 4205 illi
3632 4152 4000 4221 placuerunt;

2427 4250 2629 4317 quibus
2664 4261 2852 4299 euntes
2897 4260 2997 4298 nos
3042 4245 3247 4297 utinam
3286 4246 3571 4311 potiantur,
3604 4246 3777 4312 gratia
3812 4255 3866 4300 et
3906 4248 4000 4299 be.-

2428 4340 2691 4408 niguitate
2723 4335 2937 4390 Dotnini
2973 4335 3141 4387 nostri
3173 4333 3299 4387 Jcsu
3337 4333 3563 4397 Christi,
3595 4348 3718 4387 cum
3755 4350 3865 4401 quo
3901 4335 4003 4388 f‘a-

2430 4433 2497 4484 tri
2540 4430 2816 4498 simulque
2848 4436 3041 4482 saucto
3085 4425 3487 4493 Spirituigloria
3510 4465 3525 4488 ,
3564 4424 3874 4490 imperium,
3910 4428 4007 4479 bo-

2362 4530 2401 4583 D
2434 4541 2554 4590 nor,
2584 4532 2639 4578 et
2666 4525 2913 4577 adoratio
2951 4537 3098 4575 mine
3128 4529 3183 4573 et
3213 4534 3451 4587 semper,
3480 4528 3534 4573 et
3576 4519 3629 4572 in
3661 4520 3862 4573 SJ‘CUia
3904 4534 4010 4574 sas-

2430 4620 2709 4671 t'ulorum.
2749 4619 2949 4671 Amen.

2975 4707 3236 4762 ORATIO
3278 4706 3474 4760 XXXI.

3023 4815 3412 4854 ABGUIENTUI.

2432 4912 2795 4969 Christianum
2828 4930 2974 4981 asque
3022 4923 3070 4966 et
3104 4930 3351 4980 generoso
3384 4912 3584 4968 animo.
3617 4909 4009 4961 incursantium

2508 5002 2562 5037 se
2596 4994 2947 5037 tentattonum
2993 4987 3215 5047 impetus
3246 4983 3463 5047 rit/ferre
3496 4990 3757 5049 oportere.

2508 5078 2610 5144 Qui
2647 5094 2771 5131 vere
2802 5087 2932 5130 sunt
2964 5077 3105 5129 servi
3139 5076 3257 5137 Dei,
3293 5076 3495 5143 quique
3536 5076 3712 5141 ipsum
3752 5072 4010 5140 diligunt,

2438 5180 2492 5225 et
2548 5170 2708 5240 quasi
2765 5170 3034 5223 bonorum
3092 5168 3427 5222 tutissimum
3478 5166 3798 5220 thesaurum
3847 5166 3903 5218 in
3952 5178 4011 5219 se

3748 5372 3794 5401 “
3817 5370 4005 5425 Matth.

2436 5620 2623 5688 γέντες
2649 5617 2744 5671 τοῦ
2787 5617 3101 5686 πνεύματος
3143 5616 3470 5688 ἐδάκρυσαν.
3528 5614 3624 5669 Ubi
3668 5614 3811 5688 enim
3838 5615 3893 5688 in
3930 5630 4012 5666 sa-

2434 5684 2545 5744 cris
2586 5690 2806 5743 Litteris
2842 5684 3113 5757 proditum
3152 5689 3382 5755 legimus
3419 5686 3485 5739 de
3524 5688 3643 5739 istis
3669 5684 4009 5757 ἡλικιώταις,

2435 5776 2529 5813 seu
2572 5760 2768 5813 eozevis
2816 5755 2977 5811 simul
3029 5757 3349 5827 baptizatis,
3387 5758 3612 5827 ipsoque
3664 5755 4009 5824 baptismatis

2435 5840 2637 5900 puncto
2665 5834 2716 5883 in
2749 5830 3015 5897 lacrymas
3050 5826 3499 5895 erutupeutilms?
