4170 6452
132 392 238 453 ἀῗτ

1513 393 1803 454 ORATIO
1848 396 2066 459 XXV.

3301 400 3416 469 478

138 484 267 550 ipsis
300 482 529 544 habent,
565 490 812 551 tempore
844 483 1165 536 tentatiouis
1208 482 1461 550 injurias,
1487 496 1538 536 et
1580 501 1681 536 ron
1710 514 1715 517 μ
1754 491 1789 540 .-\
1826 484 1975 539 litate
2020 501 2139 539 mea
2180 486 2400 541 erubuit
2435 496 2615 550 me,et
2649 488 2881 557 gloriam
2911 491 3095 544 mundi
3127 490 3414 560 deserere,

137 584 378 643 temptus
411 592 537 629 cum
580 576 805 646 gaudio,
834 587 887 629 et
924 576 1091 628 animi
1117 576 1463 643 jucunditate
1492 578 1719 631 inenar-

137 669 292 720 rabili
330 672 615 737 patiuntur
644 709 658 733 ,
687 679 741 723 et
780 685 878 724 eos
913 684 942 723 a
991 671 1194 739 quibus
1240 672 1313 724 ita
1374 679 1720 735 tractantur,

136 761 351 813 sincero
383 777 508 813 cum
538 761 758 824 affectu,
796 769 853 813 ut
886 761 1027 815 bene
1060 762 1126 816 de
1154 777 1211 816 se
1245 770 1519 815 merentes
1548 764 1724 815 tuaxi-

138 864 362 921 mopere
410 853 664 922 diligunt.
712 854 815 919 Qui
864 866 1046 907 autem
1112 867 1359 923 tempore
1402 854 1723 910 tcntationis

136 947 608 1013 consputationes,
646 948 859 1014 alapas,
893 948 1207 1016 petulanter
1258 948 1436 1001 illatas
1495 947 1724 1015 injurias

138 1046 330 1104 pacate
365 1052 470 1090 non
500 1038 757 1102 sustinet,
805 1048 897 1090 aut
950 1040 1137 1093 animo
1198 1040 1556 1105 concitatus,
1605 1058 1728 1095 ver-

139 1129 265 1180 bum
302 1128 562 1184 indecens
597 1130 803 1198 profert
831 1150 844 1193 ;
883 1139 976 1183 aut
1010 1131 1242 1201 denique
1273 1148 1368 1201 per
1395 1134 1723 1187 exteriorem

139 1222 387 1275 habitum
412 1239 472 1276 se
505 1223 585 1276 ira
619 1221 920 1279 ferventem
973 1224 1180 1293 prodit.
1217 1235 1520 1295 contraque
1544 1228 1725 1280 verbis

137 1315 551 1370 contumeliosis
612 1315 877 1385 insurgit:
929 1326 1024 1370 aut
1072 1316 1223 1371 aliud
1284 1320 1370 1374 sui
1424 1320 1725 1374 ulciscendi

138 1422 306 1460 causa
344 1407 495 1470 facit,
528 1409 806 1477 quomodo
840 1412 885 1464 is
919 1410 1027 1462 ulla
1060 1426 1127 1464 ex
1175 1420 1326 1478 parte
1370 1428 1587 1466 servum
1621 1428 1680 1468 se
1710 1454 1727 1479 ,

137 1507 189 1550 et
216 1497 551 1551 imitatorem
590 1498 802 1553 Domini
840 1499 947 1563 sui,
1005 1514 1068 1553 ac
1094 1515 1200 1554 non
1225 1500 1509 1555 inimicum
1543 1499 1727 1571 potius

140 1590 327 1644 dicere
352 1590 615 1645 audebit?
649 1590 751 1658 Qui
778 1595 923 1646 enim
958 1594 1270 1647 verberanti
1307 1594 1536 1655 resistit,
1572 1610 1729 1649 eumc

138 1698 249 1747 que
292 1682 537 1736 vicissim
563 1686 838 1747 verberat,
865 1685 1034 1738 Deum
1069 1685 1388 1748 iuhouorat,
1415 1686 1723 1741 dicentem:

141 1774 247 1838 Qui
282 1776 509 1840 percutit
541 1785 589 1829 te
623 1777 673 1828 in
705 1794 815 1830 una
850 1777 1081 1831 maxilla
1112 1815 1127 1838 ,
1159 1778 1333 1845 prwbe
1360 1780 1439 1831 illi
1494 1789 1542 1833 et
1593 1779 1730 1832 alte-

140 1884 256 1919 ram
285 1868 351 1919 “.
382 1868 484 1933 Qui
522 1884 685 1937 porro
710 1872 790 1923 sic
822 1885 880 1923 se
925 1869 1269 1933 defendunt,
1327 1882 1381 1925 et
1433 1871 1627 1935 aiunt,
1675 1872 1729 1925 in

140 1959 259 2011 rixa
300 1968 355 2013 ct
384 1976 583 2030 pugna,
626 1960 694 2015 ad
721 1964 856 2016 iratn
889 1972 941 2016 et
974 1964 1486 2019 excaudescentiam
1534 1973 1591 2016 ut
1628 1964 1731 2017 ho-

141 2052 320 2105 mines
355 2068 767 2107 counnovemur
806 2069 819 2105 :
875 2054 1171 2125 aliquando
1215 2057 1378 2110 etiam
1425 2056 1606 2111 verbis
1633 2097 1647 2120 ,
1678 2063 1732 2111 et

139 2156 309 2209 opere
339 2144 457 2209 ipso
489 2145 556 2196 de
594 2143 859 2197 fratribus
887 2159 987 2197 nos
1019 2146 1385 2210 vindicamus,
1420 2154 1577 2214 post,
1616 2146 1733 2199 aui-

140 2248 291 2285 rnum
321 2235 395 2287 ab
424 2234 561 2303 ipsis
591 2252 697 2289 non
752 2236 991 2290 alienum
1044 2238 1289 2306 gerimus
1314 2281 1329 2303 ,
1381 2239 1477 2291 sed
1546 2238 1731 2293 omnia

140 2326 502 2390 dimittimus,
541 2328 889 2397 potissimum
921 2330 965 2384 si
996 2331 1209 2383 veniam
1244 2330 1387 2384 inter
1421 2347 1522 2386 nos
1567 2330 1731 2386 dede-

141 2421 341 2481 rimus.
375 2422 637 2476 videntur
668 2424 799 2478 mihi
838 2424 1037 2479 tabulae
1071 2440 1219 2494 pura:
1257 2424 1465 2479 similes
1492 2466 1506 2491 ,
1538 2425 1593 2479 in
1626 2440 1731 2496 qua

140 2512 404 2568 inimicus
435 2524 489 2568 et
520 2517 694 2571 hostis
741 2529 956 2585 captata
1009 2521 1420 2587 opportunitate
1444 2561 1460 2585 ,
1502 2536 1599 2589 per
1634 2534 1730 2575 eos

140 2609 301 2679 ipsos
330 2628 497 2680 prava
530 2629 628 2669 sua
658 2614 854 2684 placita
896 2616 1193 2679 inscribit,
1229 2628 1281 2672 et
1324 2617 1557 2680 inducit,
1594 2619 1628 2681 ιι
1651 2618 1730 2673 si-

141 2720 250 2770 que
285 2721 501 2758 rursum
526 2706 795 2772 delentes,
822 2726 945 2778 quae
980 2710 1211 2764 incitatu
1260 2712 1481 2782 maligni
1530 2712 1731 2767 inscri-

144 2806 391 2863 pserunt,
423 2800 617 2851 nolunt
651 2814 749 2867 pro
782 2798 850 2853 iis
879 2798 1085 2854 Christi
1120 2801 1321 2868 placita
1383 2803 1688 2857 inscribere
1712 2844 1729 2869 ,

141 2898 200 2940 nt
224 2903 351 2942 cum
383 2890 595 2942 venerit
617 2891 988 2954 adversarius,
1016 2891 1237 2946 tabulas
1261 2894 1510 2946 cordium
1539 2908 1730 2947 eorum

140 2983 487 3051 conscriptas
523 2983 803 3048 inveniat,
837 2985 1129 3055 vietusque
1161 3000 1285 3039 cum
1320 2987 1587 3041 dedecore
1617 2988 1733 3043 dis-

138 3074 299 3125 cmlat
334 3092 347 3126 :
386 3076 481 3128 sel
510 3078 890 3143 unusquisque
949 3093 1140 3131 eorum
1198 3094 1309 3148 pra:
1358 3080 1571 3148 pigritia
1600 3123 1615 3144 ,
1666 3097 1729 3136 ac

1829 590 2024 645 meque
2064 578 2328 631 imitando
2359 579 2663 646 exprimere
2706 580 2850 634 haud
2903 584 3185 637 sustinuit.
3232 583 3412 646 Nunc,

1827 672 2048 739 quando
2084 669 2200 736 ipse
2228 671 2450 740 quidem
2486 670 2632 725 fluxa
2691 674 2859 739 gloria
2903 687 3104 729 exutus
3132 685 3257 740 est,
3311 691 3413 746 ego

1830 773 1959 813 vero
1992 760 2049 812 in
2103 759 2403 815 immortali
2454 761 2634 815 Patris
2697 764 2802 817 mei
2847 765 3016 831 gloria
3077 767 3414 834 glorilicatus

1829 865 1972 914 sum,
2014 851 2098 906 vel
2125 854 2503 907 tantummodo
2534 854 2715 908 videre
2741 871 2866 909 eum
2904 858 3193 911 erubesco.
3222 860 3414 926 Itaque

1828 941 1978 996 foras
2011 944 2267 1012 ejiciatur
2306 961 2320 1000 :
2360 934 2605 999 Tollatur
2638 947 2857 1017 impius,
2896 965 2960 1004 ne
2991 949 3163 1004 videat
3187 952 3414 1021 gloriam

1831 1054 2001 1090 meam
2031 1039 2102 1093 δ’.

1900 1148 2023 1205 Haec
2064 1151 2311 1217 audient,
2368 1155 2461 1225 qui
2504 1156 2689 1210 munia
2724 1155 2944 1226 quidem
3006 1158 3267 1212 mandata
3307 1159 3413 1213 Do-

1830 1243 1962 1297 mini
1994 1243 2289 1298 observare
2340 1262 2399 1300 se
2439 1258 2675 1317 putant,
2732 1257 2953 1317 prepter
2999 1249 3263 1318 pudorem
3315 1267 3417 1306 au-

1828 1344 1961 1400 tem,
1990 1346 2044 1391 et
2074 1338 2429 1407 opprobrium
2464 1350 2605 1410 apud
2628 1342 2898 1406 homines,
2921 1342 3102 1397 illatas
3127 1345 3193 1399 ab
3216 1345 3413 1400 iisdem

1832 1428 2068 1499 injurias
2094 1471 2109 1494 ,
2143 1432 2473 1500 ignominias
2504 1475 2519 1501 ,
2574 1434 2859 1489 maledicta
2910 1452 3020 1490 non
3078 1439 3366 1505 patiuntur
3394 1481 3411 1506 ,

1831 1534 2008 1587 neque
2043 1521 2251 1588 alapas.
2283 1539 2461 1591 neque
2515 1524 2785 1589 verbera,
2839 1538 2891 1581 et
2944 1529 3133 1597 plagas
3186 1529 3415 1586 inﬂictas

1831 1612 2092 1668 tolerant.
2120 1611 2431 1671 llurrescite
2456 1657 2470 1679 ,
2498 1628 2552 1672 et
2587 1619 2803 1672 tremite
2837 1622 3094 1677 mortales
3122 1662 3137 1687 ,
3178 1632 3233 1677 et
3264 1624 3412 1694 inju-

1831 1702 1964 1767 rias,
1998 1718 2134 1771 quas
2166 1719 2263 1772 pro
2292 1707 2469 1759 salute
2500 1718 2681 1763 vestra
2732 1709 2876 1763 Deus
2927 1714 3146 1779 pertulit
3169 1754 3184 1775 ,
3249 1718 3413 1770 etiam

1833 1810 1929 1849 vos
1969 1812 2089 1848 cum
2123 1798 2319 1867 gaudio
2345 1798 2590 1854 sulferte.
2618 1802 2811 1856 Deus-a
2844 1819 3005 1859 servo
3030 1805 3412 1875 impurissimo

1838 1885 1890 1937 in
1925 1884 2116 1940 faciem
2158 1889 2385 1942 creditur
2412 1930 2426 1950 .
2462 1891 2561 1944 tibi
2624 1891 2689 1945 ad
2722 1896 3078 1962 exemplum;
3133 1904 3188 1949 et
3235 1903 3292 1948 tu
3345 1897 3415 1949 ah

1838 1977 2059 2033 homine
2091 1981 2362 2037 similibus
2407 1993 2588 2038 tecum
2620 1985 3006 2042 affectionibus
3042 1989 3283 2043 obnoxio
3309 1990 3415 2045 hoc

1835 2073 1946 2140 pati
1989 2075 2305 2129 detrectas?
2336 2076 2427 2131 Dei
2456 2079 2785 2135 imitatorem
2820 2095 2943 2135 esse
2975 2081 3188 2150 pudet?
3211 2083 3277 2137 Et
3304 2099 3416 2153 quo

1835 2173 1994 2231 pacto
2023 2181 2147 2219 cum
2176 2167 2297 2235 ipso
2330 2172 2605 2237 regnabis.
2640 2182 2695 2226 et
2728 2189 2852 2226 cum
2884 2187 2950 2228 eo
2991 2174 3043 2226 in
3096 2190 3266 2239 regno
3307 2190 3421 2229 crn-

1836 2257 2011 2309 lorum
2046 2260 2571 2327 conglorilieabcris,
2595 2264 2640 2317 si
2665 2280 2787 2318 eum
2814 2280 2879 2319 eo
2905 2265 3038 2319 nihil
3060 2266 3418 2320 toleraveris?

1833 2346 1966 2401 Nam
2001 2349 2045 2403 si
2082 2360 2136 2405 et
2168 2352 2276 2416 ille,
2310 2353 2457 2423 quod
2489 2357 2553 2409 ad
2581 2365 2633 2410 te
2666 2358 2882 2423 attinet,
2918 2366 3138 2426 propter
3170 2368 3222 2412 te
3254 2360 3418 2413 homo

1835 2441 1987 2495 nasci
2019 2443 2354 2510 erubuisset,
2387 2454 2441 2500 et
2499 2448 2552 2503 in
2603 2451 3072 2516 prmvaricationis
3125 2450 3278 2519 lapsu
3330 2452 3418 2519 ja-

1834 2544 2044 2587 eentem
2072 2544 2124 2590 te
2158 2537 2448 2608 hucusque
2482 2540 2832 2597 destituisset
2860 2582 2875 2603 .
2931 2557 3115 2597 nonne
3138 2583 3155 2608 ,
3213 2544 3417 2609 miser,

1834 2638 1958 2677 cum
2000 2625 2351 2691 infidelibus,
2386 2639 2441 2684 et
2493 2632 2677 2701 impiis
2726 2634 2778 2686 in
2841 2632 3042 2687 inferni
3101 2636 3419 2689 recessibus

1834 2720 2283 2784 permansisses?
2317 2720 2539 2777 Credin’
2591 2733 2647 2776 tu
2702 2723 2984 2778 Christum
3031 2739 3154 2780 esse
3209 2723 3422 2779 Deum?

1834 2810 2022 2869 credo.
2055 2810 2259 2880 inquis.
2297 2812 2353 2866 Si
2386 2829 2519 2880 ergo
2557 2830 2681 2869 esse
2711 2814 2880 2868 Deum
2915 2816 3095 2872 credis
3118 2858 3135 2881 ,
3165 2817 3261 2885 qui
3301 2831 3420 2872 etn-

1837 2901 1970 2965 lum,
2006 2914 2061 2958 et
2096 2915 2301 2959 terram
2336 2906 2606 2970 condidit,
2641 2910 2737 2978 qui
2802 2910 2939 2963 citra
2987 2911 3417 2966 exinanitiouem

1836 2987 1903 3041 de
1934 2991 2059 3043 sinu
2092 2990 2270 3044 Patris
2298 2993 2615 3047 exinanitus
2645 3006 2727 3047 est
2758 2994 2827 3059 “,
2878 2997 2975 3063 qui
3029 3011 3094 3049 ex
3150 2997 3418 3051 immensa

1843 3080 2132 3135 altitudine
2171 3081 2496 3148 divinitatis,
2528 3094 2584 3138 et
2614 3084 3015 3154 inexplicabilis
3066 3087 3250 3156 gloria:
3306 3104 3421 3143 suae

142 3167 352 3219 desidia
388 3168 550 3222 hasce
593 3184 796 3223 vacuas
829 3170 1145 3240 relinquens
1169 3211 1184 3235 ,
1234 3187 1358 3225 cum
1390 3175 1734 3230 mandaverit
1764 3176 1808 3235 ϐ
1841 3172 2147 3236 descendit,
2186 3182 2241 3228 et
2273 3187 2496 3245 propter
2529 3184 2583 3230 te
2609 3177 2773 3230 homo
2796 3178 3047 3244 abiectus
3076 3219 3091 3243 ,
3123 3194 3185 3233 ac
3214 3195 3424 3249 pauper

145 3257 433 3324 Dominus,
456 3269 514 3312 ut
535 3261 588 3315 in
612 3262 793 3329 aliqua
817 3263 1012 3317 harum
1038 3280 1151 3318 Sttte
1171 3266 1316 3333 leges
1340 3266 1734 3334 inscribantur,

146 3353 219 3404 illi
254 3370 405 3416 mox.
448 3364 502 3407 et
530 3365 783 3423 prompte
832 3356 1040 3409 inimici
1098 3356 1248 3424 leges
1291 3358 1605 3411 inscribunt
1634 3400 1649 3425 ,
1685 3372 1739 3413 et

144 3457 327 3496 amara
350 3455 516 3512 atque
576 3446 865 3502 mortifera
918 3447 1319 3511 admittentes,
1372 3448 1589 3502 vivilica
1620 3492 1636 3515 ,
1683 3458 1738 3503 et

146 3540 306 3594 melle
336 3540 587 3595 dulciora
616 3583 631 3604 .
687 3558 717 3597 a
768 3558 828 3597 se
888 3544 1180 3612 repellunt.
1242 3543 1345 3610 Qui
1390 3546 1558 3617 igitur
1605 3548 1737 3601 nihil

146 3631 378 3697 deliquit
402 3630 565 3686 Jesus
603 3631 869 3688 [loininus
904 3650 967 3688 ac
1003 3635 1143 3689 Deus
1180 3645 1387 3698 noster,
1439 3652 1738 3705 percussus

144 3731 249 3784 est,
282 3735 341 3775 ut
373 3722 496 3792 ejus
521 3726 772 3795 exemplo
813 3738 1132 3795 peccatores
1170 3744 1278 3781 non
1314 3730 1491 3782 solum
1537 3732 1735 3785 remis-

146 3816 360 3868 sionem
395 3828 748 3885 peccatorum
790 3820 1085 3888 accipiant,
1129 3821 1225 3874 sed
1274 3823 1441 3874 etiam
1478 3822 1738 3875 divinita-

151 3912 219 3963 tis
251 3911 374 3979 ejus
411 3928 510 3980 per
534 3912 897 3967 obedientiam
931 3915 1224 3982 participes
1258 3914 1409 3969 liant.
1456 3913 1611 3980 Quod
1641 3915 1734 3984 qui

152 4003 204 4055 in
221 4004 540 4058 humilitate
557 4003 739 4057 cordis
759 4020 866 4058 non
896 4005 1200 4067 admiserit,
1220 4007 1375 4073 quasi
1402 4006 1736 4060 erubescens

153 4094 365 4148 Dontiui
411 4096 798 4163 perpessiones
823 4095 1049 4156 imitari.
1082 4096 1336 4150 Christus
1370 4097 1523 4150 illum
1549 4112 1736 4153 coram

150 4189 384 4253 angelis,
416 4199 467 4242 et
503 4189 667 4241 Patre
698 4204 799 4242 suo
835 4189 1047 4243 cmlesti
1086 4190 1378 4242 erubescet
1430 4189 1497 4243 “.

223 4280 378 4346 Quod
424 4280 568 4344 dico,
607 4280 919 4346 hujusmodi
953 4289 1061 4335 est.
1091 4279 1226 4335 Cum
1251 4291 1399 4336 esset
1431 4280 1593 4345 Deus,
1628 4296 1732 4335 no-

154 4376 247 4426 stri
280 4388 450 4427 causa
477 4373 753 4427 hominem
785 4373 1017 4428 indutus
1045 4413 1060 4439 ,
1094 4374 1271 4443 alapis
1318 4389 1496 4427 eteius
1524 4412 1539 4436 ,
1601 4388 1738 4428 con-

153 4477 382 4534 sputus.
420 4464 473 4517 in
506 4480 726 4518 crucem
756 4474 912 4519 actus
940 4474 1025 4520 est
1068 4482 1083 4519 :
1133 4464 1373 4530 docens,
1423 4480 1487 4517 ac
1549 4466 1739 4520 dicens

152 4557 558 4626 quodammodo
584 4558 780 4626 cuique
811 4567 1061 4612 nostrum
1103 4573 1199 4627 per
1244 4573 1307 4612 ea
1363 4573 1485 4626 qua:
1544 4572 1739 4625 passus

153 4660 237 4704 est
267 4651 421 4719 (qui,
447 4664 554 4718 qua
588 4650 754 4713 Deus,
797 4651 907 4720 pati
940 4667 1047 4706 non
1078 4660 1287 4719 poterat
1317 4651 1363 4717 l,
1400 4651 1446 4705 si
1481 4651 1563 4704 vis
1597 4650 1741 4704 Deus

154 4758 299 4805 esse,
325 4757 360 4795 o
390 4743 577 4803 homo,
615 4743 890 4812 vitamque
924 4754 1183 4796 aeternam
1205 4752 1495 4797 assecutus
1524 4758 1736 4797 mecum

155 4837 360 4895 vivere,
398 4834 545 4902 quod
577 4845 731 4901 pater
758 4835 976 4903 generis
1010 4834 1086 4887 tui
1123 4876 1137 4899 ,
1174 4848 1300 4887 cum
1356 4834 1497 4887 male
1538 4848 1742 4887 concu-

154 4927 384 4993 pivisset
411 4966 427 4987 ,
465 4940 575 4978 non
612 4937 694 4979 est
726 4934 1017 4981 assecutus
1039 4965 1056 4991 ,
1104 4926 1186 4980 sic
1230 4926 1524 4980 humiliare
1553 4967 1569 4992 ,
1603 4941 1742 4995 quo-

158 5020 321 5070 modo
353 5032 456 5085 ego
493 5027 583 5071 tua
628 5032 798 5071 causa
831 5034 919 5072 me
954 5018 1267 5081 humiliavi,
1318 5021 1744 5087 arrogantiaque

157 5118 205 5161 et
244 5108 527 5174 superbia,
570 5108 624 5160 in
656 5108 854 5177 quibus
882 5117 968 5162 est
1000 5109 1232 5179 spiritus
1261 5108 1567 5164 diabolicus
1598 5151 1613 5172 ,
1648 5110 1746 5163 de-

158 5204 357 5267 posita,
386 5201 610 5269 alapas,
643 5202 1094 5270 consputationes
1118 5242 1134 5269 ,
1186 5203 1453 5268 colaphos
1505 5203 1739 5269 suscipe.

157 5288 343 5345 Perfer
369 5290 472 5344 ista
514 5289 581 5343 ad
614 5299 842 5344 mortem
891 5307 1106 5360 usque,
1134 5299 1189 5345 et
1238 5293 1350 5346 noli
1393 5292 1743 5349 erubescere.

157 5382 254 5436 Sin
288 5392 346 5435 tu
380 5392 603 5449 propter
633 5382 890 5437 mandata
928 5399 1047 5438 mea
1074 5384 1186 5453 pati
1230 5384 1519 5439 erubueris
1542 5422 1559 5447 ,
1594 5394 1743 5451 post-

156 5488 325 5541 quam
351 5486 456 5541 ego
486 5469 633 5527 Deus
660 5486 883 5543 propter
908 5482 961 5529 te
988 5490 1183 5544 passus
1228 5490 1375 5539 sum,
1415 5476 1580 5530 etiam
1614 5489 1735 5544 ego,

156 5564 378 5633 quando
408 5578 533 5616 cum
570 5564 853 5632 majestate
880 5567 1177 5629 advenero,
1211 5565 1407 5635 pudori
1441 5566 1649 5620 habebo
1682 5574 1735 5620 te

158 5671 373 5710 mecum
409 5668 557 5720 esse,
586 5656 879 5727 dicamque
909 5656 1120 5728 angelis
1153 5656 1309 5723 meis,
1337 5656 1427 5713 hic
1460 5657 1515 5711 in
1553 5657 1733 5711 lnuni-

162 5834 418 5889 “)lattb.
457 5849 509 5902 v,
544 5836 633 5895 59.
663 5866 672 5874 -
714 5840 757 5871 δε
792 5837 925 5897 Luc.
949 5856 1027 5909 ιχ,
1058 5841 1149 5899 26.

1844 3261 2021 3314 factus
2050 3273 2154 3324 est,
2183 3272 2237 3314 ιιι
2267 3262 2465 3328 lutum,
2491 3265 2653 3329 cinis,
2678 3280 2742 3320 ac
2775 3266 2988 3335 pulvis,
3034 3283 3144 3322 non
3181 3282 3330 3337 potes
3367 3270 3421 3324 in

1841 3352 2081 3405 animum
2111 3353 2393 3418 inducere,
2437 3366 2493 3409 ut
2528 3372 2556 3410 a
2589 3358 2808 3412 sublimi
2842 3359 3042 3413 throno
3074 3370 3167 3414 tuo
3190 3362 3423 3417 descen-

1841 3446 1999 3509 dens,
2034 3446 2186 3500 fratri
2214 3456 2310 3502 tuo
2339 3458 2391 3502 te
2432 3449 2688 3504 luuuilies
2722 3491 2738 3516 ,
2782 3453 2872 3517 qui
2913 3451 3055 3506 infra
3108 3461 3160 3508 te
3201 3454 3421 3523 quidem

1841 3535 2056 3589 videtur
2087 3546 2251 3602 stare,
2287 3537 2544 3593 fortassis
2574 3549 2756 3596 autem
2789 3543 3083 3598 virtutibus
3135 3553 3189 3599 te
3227 3561 3425 3613 supel-

1840 3631 2090 3682 eminet?
2137 3630 2279 3693 Quin
2321 3642 2525 3685 vestem
2562 3642 2659 3687 tuo
2708 3633 2913 3699 judicio
2956 3636 3293 3703 splendidam
3330 3638 3428 3692 ab-

1837 3721 1989 3789 jicis,
2024 3723 2171 3776 illius
2202 3739 2266 3778 ex
2296 3725 2425 3794 pilis
2464 3726 2801 3786 confectam.
2826 3735 2881 3781 et
2910 3728 3269 3785 humilitatem
3304 3733 3424 3801 ejus

1842 3816 2155 3870 reveritus?
2190 3816 2332 3883 Quin
2368 3818 2611 3888 despicis
2640 3821 2845 3880 onmia,
2880 3836 3001 3889 qum
3034 3822 3422 3887 rcveraludus,

1841 3916 1893 3961 et
1931 3908 2273 3972 velanenta,
2326 3924 2391 3962 ac
2446 3926 2677 3978 persona
2736 3914 2986 3977 quaelam
3061 3916 3424 3981 turpitudinis

1844 4003 2052 4071 potius,
2083 4017 2248 4071 quam
2292 4003 2469 4071 gloria
2505 4003 2778 4057 claritatis
2809 4016 2933 4057 sunt
2963 4005 2985 4058 ?
3013 4004 3153 4070 Quin
3190 4022 3283 4074 per
3308 4021 3428 4060 om-

1845 4093 1933 4145 nia
1967 4093 2283 4146 fabricatori
2324 4103 2420 4146 tuo
2458 4109 2522 4147 ac
2567 4094 2678 4147 Deo
2733 4096 2967 4148 similem
3024 4106 3075 4150 te
3122 4108 3423 4165 pra-stans,

1842 4200 1966 4239 eum
2007 4185 2102 4238 illo
2138 4185 2404 4239 fratribus
2437 4187 2549 4240 tuis
2596 4197 2648 4242 te
2685 4186 2989 4241 humilias?
3018 4186 3073 4241 Si
3109 4189 3185 4241 illi
3225 4189 3425 4243 similis

1841 4276 1979 4331 eﬂiei
2016 4292 2124 4331 non
2159 4277 2268 4341 vis.
2303 4280 2566 4342 maiorem
2605 4278 2796 4332 nescio
2833 4279 3145 4349 quomodo,
3206 4289 3262 4334 et
3313 4281 3428 4347 glo-

1846 4369 2132 4423 ri0siorem
2171 4368 2266 4423 illo
2296 4378 2350 4422 te
2382 4369 2541 4435 facis,
2580 4369 2859 4439 aliumque
2891 4380 2944 4424 te
3004 4370 3160 4423 nobis
3193 4370 3425 4433 Annam,

1846 4471 1938 4515 aut
1966 4460 2254 4530 Caipham,
2286 4469 2377 4513 aut
2411 4460 2642 4514 Pilatum
2680 4474 2974 4532 tyranuum
3005 4463 3235 4516 exhibes
3259 4502 3274 4521 .
3305 4463 3429 4529 opi-

1851 4554 2005 4609 ficem
2042 4554 2421 4607 universitatis
2442 4569 2550 4606 non
2584 4564 2643 4606 ut
2672 4568 3029 4617 assessorem,
3055 4554 3148 4607 sed
3179 4562 3235 4606 ut
3260 4569 3427 4606 unum

1848 4646 2143 4717 quemdam
2176 4647 2564 4699 dainnatorum
2607 4646 2699 4699 tibi
2746 4656 2931 4700 astare
2964 4648 3214 4714 cupiens.

1923 4737 2044 4793 Haec
2071 4738 2136 4790 ad
2170 4736 2370 4790 divites
2400 4744 2455 4788 et
2488 4738 2787 4805 principes,
2806 4748 2859 4788 et
2883 4738 3116 4790 aliorum
3146 4739 3427 4805 prmsides,

1850 4840 2052 4885 etcum
2086 4829 2230 4883 fastu
2261 4830 2620 4897 Superrilittm
2655 4831 2911 4882 tollentes
2942 4829 3090 4882 dicta
3122 4834 3251 4885 sint.
3289 4831 3429 4896 Quid

1844 4923 1958 4992 jam
1986 4924 2231 4976 dicemus
2269 4922 2357 4984 iis,
2386 4923 2475 4991 qui
2511 4922 2716 4976 relictis
2746 4924 3038 4987 omnibus,
3076 4933 3298 4991 propter
3345 4938 3429 4975 re-

1850 5031 2015 5085 gnum
2056 5016 2319 5069 ccelorum
2349 5015 2414 5065 ad
2449 5022 2749 5081 egestatem
2785 5030 2843 5067 se
2896 5015 3263 5082 redegerunt?
3289 5016 3428 5079 Quid

1847 5110 2117 5173 dicemus,
2148 5106 2408 5175 inquam?
2441 5107 2580 5159 Ecce
2608 5106 2801 5171 frater,
2840 5108 3125 5160 mendicus
3157 5107 3351 5168 fat-tus,
3377 5116 3433 5161 et

1849 5202 2137 5256 Dominum
2174 5200 2476 5261 Christum,
2505 5214 2567 5251 ac
2592 5197 2758 5251 Deum
2806 5199 3049 5253 imitatus
3082 5215 3164 5256 es.
3213 5200 3430 5253 intuere

1846 5295 2015 5364 Igitur
2052 5291 2197 5345 hunc
2231 5292 2393 5345 modo
2417 5289 2810 5357 tibijunctunt,
2863 5300 3155 5358 tecumque
3208 5306 3432 5343 versan-

1850 5398 1979 5448 tem,
2016 5387 2108 5453 qui
2138 5399 2305 5453 super
2330 5397 2523 5434 omnes
2555 5383 2725 5435 caelos
2754 5390 2858 5436 est.
2888 5381 3028 5437 Ecce
3074 5383 3185 5434 duo
3213 5398 3310 5433 Vos
3351 5383 3429 5436 si—

1847 5482 1959 5533 mul
1985 5478 2258 5531 inceditis.
2291 5474 2546 5528 Occurrit
2583 5476 2857 5544 quispiam
2896 5476 3049 5530 vobis
3102 5475 3155 5528 in
3207 5475 3427 5539 itinere,

1850 5568 2105 5636 deditque
2146 5566 2373 5619 Domino
2401 5567 2610 5635 alapas,
2645 5567 2791 5621 dedit
2840 5568 3092 5622 similiter
3138 5568 3258 5622 tibi.
3322 5568 3427 5621 Do-

1848 5659 2029 5711 minus
2061 5671 2169 5710 nou
2204 5654 2571 5723 contradicit,
2602 5665 2655 5712 et
2697 5665 2750 5711 tu
2814 5668 3005 5724 contra
3060 5656 3265 5712 irruis?
3314 5656 3431 5713 r'mo

1229 5845 1274 5877 ⁵⁷
1298 5846 1405 5902 lsa.
1452 5863 1599 5915 avvt,
1630 5847 1714 5905 l0.
1756 5848 1801 5880 ’⁸
1834 5847 2066 5918 Philipp.
2107 5862 2164 5913 ll,
2197 5848 2251 5903 7.
