4170 6452
759 406 873 472 4Τ9

2001 398 2382 460 SYMEONlS
2414 398 2786 457 JUNIORIS

3907 398 4015 459 480

756 520 860 580 nis,
898 515 1038 569 dixit
1064 517 1207 567 enim
1246 515 1395 568 danti
1432 515 1531 565 sibi
1578 516 1789 584 alapam
1820 530 1832 566 :
1868 515 1927 569 Si
1960 516 2095 568 male
2129 516 2333 566 loculus
2367 518 2411 570 Λ
2440 529 2654 575 ceruus.
2687 513 2781 568 scd
2827 514 2945 566 sine
2980 510 3365 565 communione
3402 526 3733 563 li.:lttt‘a'tttt3.
3771 513 3865 566 llis
3915 527 4016 581 ego

757 626 896 668 sum,
934 608 1289 661 testimonium
1327 606 1533 673 p’r’tiL’e
1568 606 1630 659 de
1658 606 1797 659 malo
1824 624 1841 659 :
1891 609 1935 659 si
1978 620 2152 660 autem
2186 612 2328 671 bene,

755 699 882 768 quid
918 718 997 753 me
1026 701 1183 753 credis
1215 701 1258 732 "
1287 701 1309 752 ?
1346 700 1455 752 Hoc
1486 701 1572 753 ille
1607 716 1712 752 non
1740 701 1983 767 protulit,
2019 711 2077 755 ιιι
2118 711 2333 756 contra-

760 796 1013 855 dicerct,
1069 793 1212 861 quod
1266 802 1321 846 tu
1379 792 1704 857 cxiStimas;
1761 794 1853 845 sed
1906 796 2164 861 quoniam
2224 795 2334 863 ipse

758 887 969 939 omnino
1003 897 1272 951 peccatum
1301 886 1504 938 nullum
1550 885 1696 952 fecit,
1728 887 2086 939 ucoim'entns
2144 896 2219 940 est
2246 889 2336 938 do-

761 977 842 1029 lus
875 978 926 1029 in
958 994 1046 1030 ore
1085 979 1198 1045 ejus
1229 978 1296 1029 ⁵ο.
1333 976 1599 1031 Prmterca
1633 1019 1647 1038 ,
1688 994 1775 1037 ne,
1815 978 1905 1044 qni
1942 978 2151 1031 dixerat
2191 994 2203 1030 :
2245 977 2334 1031 Sic

762 1067 1041 1137 respondes
1078 1068 1359 1132 pontiﬁci?
1386 1069 1531 1135 justo
1572 1084 1694 1122 cum
1726 1109 1743 1133 ,
1776 1077 1833 1120 ut
1882 1069 1971 1136 qui
2020 1076 2330 1135 peccasset,

762 1159 1097 1226 percussisse
1126 1169 1413 1223 putaretur
1444 1201 1458 1223 ,
1492 1161 1693 1213 ideirco
1728 1177 1787 1214 se
1839 1161 2113 1213 innoxium
2148 1159 2334 1211 volens

756 1251 1060 1311 declarato,
1101 1253 1177 1301 sic
1212 1250 1423 1303 loculus
1463 1258 1567 1304 est.
1603 1249 1801 1303 Verum
1858 1265 1978 1307 nos.
2007 1250 2191 1303 multis
2238 1251 2336 1303 ob-

762 1342 935 1398 stricti
968 1342 1333 1404 criminibus,
1380 1342 1701 1407 longissime
1755 1343 1824 1396 ab
1880 1344 1981 1396 ista
2025 1343 2334 1396 innocentia

759 1435 1050 1487 distamus.
1088 1433 1220 1487 Nam
1252 1445 1439 1503 postea
1477 1436 1772 1495 Dominus.
1802 1451 1924 1489 cum
1969 1437 2137 1490 multa
2192 1437 2336 1489 indi-

760 1525 950 1589 gniora
995 1528 1131 1579 istoc
1181 1530 1484 1596 excepisset
1531 1570 1545 1592 ,
1597 1531 1807 1583 nullum
1856 1531 2069 1597 penitus
2112 1532 2335 1585 verbum

759 1618 928 1671 edidit
959 1636 971 1670 :
1004 1620 1135 1681 quin
1170 1621 1358 1679 etiam,
1394 1621 1540 1689 quod
1577 1632 1808 1682 tuttstat.
1837 1639 1933 1687 pro
1985 1626 2339 1679 crucifivori-

762 1710 862 1761 bus
890 1711 1086 1764 uravil.
1117 1710 1207 1762 [de
1236 1712 1431 1763 irrisus
1463 1727 1567 1763 non
1596 1711 1926 1781 indignatur,
1950 1725 2002 1767 et
2028 1726 2081 1768 tu
2116 1716 2340 1771 moleste

763 1800 920 1856 fers?
962 1802 1054 1854 Ille
1088 1812 1271 1870 sputa.
1305 1803 1588 1870 colaphos,
1622 1802 1830 1872 ﬂagella
1884 1808 2124 1872 patitur;
2179 1817 2230 1859 et
2282 1817 2337 1862 tu

761 1909 830 1945 ne
883 1895 1107 1947 verbum
1163 1895 1381 1961 quidem
1442 1910 1694 1964 asperum
1756 1899 1944 1950 audire
1998 1900 2194 1965 potes?
2250 1869 2415 1954 illeB

761 2000 1003 2044 erucem,
1036 1994 1090 2039 et
1126 1994 1357 2038 mortem
1397 1988 1844 2055 ignominiosam,
1877 2000 1927 2043 et
1970 1991 2190 2045 dolores
2232 1993 2344 2045 cla-

760 2092 950 2129 vocum
980 2078 1224 2146 evcipit,
1270 2088 1324 2131 et
1376 2090 1429 2132 tu
1483 2081 1787 2133 ministeria
1837 2084 2135 2151 abjectiora
2193 2088 2343 2141 obire

767 2169 1016 2237 refugis?
1052 2172 1106 2223 Et
1145 2172 1369 2238 quinam
1400 2172 1519 2240 ejus
1560 2175 1747 2241 giorim
1771 2192 2001 2231 consors
2025 2179 2156 2245 eris,
2186 2182 2343 2247 cujus

763 2263 958 2316 mortis
992 2278 1225 2317 consors
1257 2263 1369 2317 fieri
1406 2266 1650 2321 abnuis?
1685 2269 1830 2321 Sane
1882 2270 2085 2324 frustra
2136 2273 2344 2329 divitiis

766 2366 821 2407 te.
854 2356 1146 2422 abdicasti,
1183 2374 1401 2412 erucem
1450 2368 1505 2411 ut
1557 2361 1642 2415 ilic
1689 2361 1853 2430 jussit
1895 2365 1944 2416 in
1985 2367 2211 2421 veritate
2243 2368 2347 2421 tol-

767 2451 877 2503 lere
904 2450 1094 2504 nolens
1133 2468 1146 2505 :
1192 2450 1363 2505 Vende
1397 2470 1511 2521 qua:
1550 2453 1729 2520 Itabcs,
1756 2467 1801 2509 et
1836 2458 1906 2510 (Ia
1927 2461 2266 2527 pauperibus,
2299 2472 2344 2514 et

768 2541 891 2594 tolle
923 2560 1126 2597 crucem
1162 2553 1306 2596 tuum
1335 2584 1349 2605 ,
1384 2554 1431 2598 et
1472 2563 1681 2616 sequere
1709 2565 1785 2602 me.
1814 2550 1857 2583 ⁸¹
1885 2591 1900 2614 ,
1962 2552 2293 2607 adolescenti
2328 2595 2343 2617 ,

766 2646 815 2685 et
847 2633 1006 2687 nobis
1037 2652 1157 2685 cum
1192 2635 1307 2702 ipso
1341 2635 1595 2691 Christus
1631 2642 1906 2709 praecepit.
1957 2644 2022 2694 At
2066 2653 2120 2696 tu
2174 2644 2347 2699 facul-

768 2725 972 2776 tatibus
1005 2726 1337 2787 distributis,
1376 2743 1596 2783 crucem
1641 2740 1825 2786 tamen
1870 2734 2100 2790 horrens
2131 2738 2345 2802 tollere,

770 2826 827 2868 nt
861 2819 1102 2873 divinius
1136 2819 1318 2889 (quod
1352 2821 1486 2875 nihil
1518 2824 1665 2878 aliud
1715 2837 1797 2879 est
1823 2865 1837 2889 ,
1882 2843 2046 2897 quam
2101 2832 2346 2885 omnium

771 2911 1130 2963 mutationum
1164 2913 1584 2979 impressionem
1635 2916 1794 2971 hilari
1851 2920 2035 2972 animo
2076 2924 2349 2978 sustinere

771 3020 832 3053 ιι·
869 3005 1115 3071 perpeti)
1154 3005 1206 3056 in
1238 3005 1323 3057 via
1355 3006 1517 3072 hujus
1550 3008 1671 3061 vita:
1704 3010 1950 3075 relictus,
2002 3020 2055 3065 et
2084 3030 2109 3064 a
2142 3013 2349 3069 dulcis.

769 3110 795 3141 ς
825 3110 911 3147 ιιιι)
945 3094 1170 3148 Ουιιιίην)
1199 3105 1293 3149 tuo
1322 3097 1567 3153 divulsus
1596 3115 1679 3153 es.
1738 3102 1841 3155 Sed
1878 3143 1892 3165 ,
1923 3104 2173 3160 obtestor
2198 3147 2213 3169 ,
2251 3123 2347 3176 pa-

2442 608 2608 658 miser
2639 612 2694 656 et
2731 603 2918 655 infelix
2953 603 3177 660 auditis.
3215 617 3461 655 svorsun
3496 617 3556 653 ea
3587 619 3796 653 meeum
3834 607 4017 655 revol-

2440 715 2596 759 vens,
2637 705 2685 749 et
2726 695 2950 763 indigne
2981 693 3184 754 ferens,
3218 693 3411 746 acerbe
3447 691 3564 745 flevi
3602 692 3653 745 iu
3689 694 3877 747 dolore
3898 710 4016 745 enr-

2440 791 2525 844 dis
2556 792 2683 856 mei,
2712 791 2783 844 ita
2812 787 2955 857 apud
2982 787 3221 839 aniumm
3253 795 3449 839 memet
3479 786 3847 856 interrogans:
3873 786 4015 840 Num

2445 899 2633 938 revera
2669 884 2722 936 in
2765 884 2868 936 hoc
2900 882 3122 945 negotio
3160 880 3240 934 sic
3276 878 3454 933 aﬂ'ecti
3488 889 3617 932 sunt
3651 922 3665 945 ,
3698 892 3751 932 et
3780 882 3851 933 ita
3891 897 4020 934 sen-

2444 978 2587 1029 tiunt
2629 985 2687 1027 ut
2728 975 2888 1028 verba
2931 980 3171 1035 sonant,
3222 973 3476 1041 scrioquc
3533 967 4022 1041 impossibile'loc

2446 1079 2764 1138 reputantes
2804 1072 3083 1132 uixerunt,
3133 1084 3252 1135 qua:
3286 1068 3671 1122 dixerunt?an
3708 1069 4019 1131 potiusnon

2446 1179 2673 1231 parvum
2709 1179 2770 1214 ae
2801 1162 2963 1216 facile
3001 1163 3272 1230 quoddam
3304 1160 3539 1215 oﬂicinm
3593 1162 3693 1212 rati
3725 1201 3739 1225 ,
3772 1169 4023 1227 tetnpo-‘e

2446 1256 2848 1309 communionis
2875 1257 3160 1324 lacryntari
3192 1296 3206 1317 ,
3237 1256 3355 1308 solo
3388 1255 3552 1307 verbo
3592 1253 3643 1305 id
3679 1254 3973 1306 irriscrunl
3996 1252 4021 1301 ?

2447 1346 2610 1407 Sane,
2639 1347 2739 1398 nisi
2765 1346 2889 1414 quis
2922 1346 3145 1399 assiduo
3178 1346 3370 1399 diebus
3422 1353 3471 1396 et
3515 1345 3767 1398 noctibus
3828 1359 4018 1395 coram

2445 1440 2666 1493 Christo
2696 1438 2804 1492 Deo
2836 1439 2887 1491 in
2919 1437 3051 1492 fletu
3081 1446 3379 1507 occupatus
3410 1437 3502 1500 sit,
3535 1452 3635 1489 nec
3671 1451 3793 1489 cum
3832 1434 4019 1488 divina

2448 1532 2778 1599 participare
2808 1529 3063 1591 voluerit,
3096 1529 3592 1597 quomodocunque
3648 1529 3837 1594 lugere
3864 1566 3880 1589 ,
3925 1536 4021 1579 aut

2446 1623 2734 1692 lat-rymari
2769 1621 3009 1689 ﬂetuque
3035 1622 3332 1674 secundum
3364 1620 3528 1672 Deum
3560 1621 3763 1673 stillae
3801 1620 4020 1687 poterit.

2447 1712 2550 1777 Qui
2591 1713 2789 1767 enim?
2828 1715 2931 1767 nisi
2965 1713 3105 1767 forte
3138 1722 3348 1767 secreta
3395 1711 3630 1780 quadam
3667 1713 3973 1765 caconomia
4006 1750 4021 1773 ,

2449 1813 2540 1859 aut
2574 1818 2795 1866 eventu.
2829 1820 2892 1858 cx
2920 1820 3092 1858 causa
3132 1806 3311 1873 aliqua
3344 1820 3469 1856 raro
3504 1804 3555 1856 id
3598 1804 3879 1872 contingat
3923 1804 4023 1854 ali-

2447 1899 2558 1959 cui,
2588 1896 2732 1965 quod
2764 1896 2896 1949 mihi
2926 1898 3123 1950 mirum
3158 1913 3264 1950 non
3300 1896 3514 1949 videtur
3539 1936 3552 1954 ,
3586 1894 3805 1963 quando
3865 1896 3977 1945 mul
4008 1894 4023 1945 ἰ

2445 1990 2611 2045 eziam
2644 1991 2699 2043 in
2730 1990 2878 2041 exitu
2908 1990 3103 2043 anima:
3142 2005 3172 2042 c
3208 2005 3438 2058 corpore
3471 1990 3863 2056 lacrymarunt.
3895 1984 4025 2052 Opi-

2448 2099 2551 2136 nor
2583 2092 2765 2135 autem
2800 2081 2887 2135 hic
2920 2098 3028 2134 non
3072 2080 3252 2144 tnnlti,
3278 2083 3370 2134 sed
3398 2081 3555 2150 pauci
3594 2080 3931 2144 admodum,
3971 2089 4027 2131 et

2448 2192 2680 2245 quorum
2716 2190 2981 2229 numerus
3021 2174 3145 2228 iniri
3176 2174 3332 2227 facile
3365 2181 3551 2242 queat.
3578 2172 3733 2237 Quod
3782 2174 3825 2224 si
3870 2188 4026 2239 prer—

2446 2283 2545 2322 sus
2578 2268 2692 2321 ficri
2738 2282 2843 2321 non
2878 2283 3039 2337 posse
3067 2268 3403 2333 existimant,
3445 2278 3497 2319 ιιι
3526 2268 3651 2336 quis
3688 2283 3811 2319 cum
3849 2265 4027 2335 lacry-

2448 2363 2550 2415 mis
2574 2363 2629 2416 in
2672 2361 2790 2415 dies
2824 2361 3113 2430 partieipet
3147 2360 3329 2414 divina
3379 2362 3659 2431 mysteria,
3707 2360 3840 2425 proh
3876 2374 4029 2427 igno-

2448 2454 3062 2518 rauliam,socordiam,
3087 2461 3142 2507 et
3191 2454 3488 2507 cmcitatetn
3525 2454 3627 2505 ista
3659 2453 4025 2521 loquentium.

2451 2547 2508 2602 Si
2543 2549 2689 2601 enim
2732 2546 2943 2614 seipsos
2974 2544 3319 2612 iudicassent
3352 2585 3367 2608 ,
3403 2560 3507 2596 non
3550 2559 3578 2595 c
3624 2543 3739 2597 suis
3779 2543 4028 2610 ipsorum

2450 2641 2804 2696 sermonibus
2837 2639 3240 2708 iudicarentur.
3269 2637 3325 2691 Si
3354 2637 3689 2705 lemnitentizn
3718 2636 4025 2694 studerent,

2450 2748 2558 2786 non
2591 2734 2697 2786 hoc
2730 2747 2829 2799 pro
2853 2729 3181 2797 impossibili
3214 2726 3602 2782 effutivisscut.
3636 2728 3689 2781 Si
3721 2726 4031 2779 fruetnosis

2450 2832 2710 2877 vacarent
2751 2823 3013 2892 operibus
3043 2863 3057 2885 ,
3108 2822 3234 2875 talis
3294 2822 3420 2874 boni
3466 2831 3629 2873 tanta:
3675 2820 4033 2871 liberalitatis

2451 2918 2655 2971 Christi
2683 2925 2904 2983 gustum
2954 2915 3191 2983 aliquem
3246 2914 3533 2968 haberent.
3582 2912 3637 2966 Si
3673 2925 3818 2967 esset
3860 2915 3915 2965 in
3964 2913 4032 2964 iis

2455 3012 2618 3064 timor
2658 3009 2774 3072 Dei,
2813 3026 2921 3062 non
2966 3009 3141 3061 solum
3202 3017 3446 3076 tempore
3498 3006 3903 3059 communionis
3953 3006 4036 3057 di-

2453 3104 2703 3157 vinorum
2737 3102 3122 3172 mysteriorum
3152 3102 3342 3169 lugere
3394 3102 3703 3168 quempiam
3733 3138 3748 3159 ,
3786 3113 3851 3151 ac
3904 3096 4036 3151 ﬂere

772 3198 881 3239 tres
908 3203 970 3239 ac
1002 3190 1218 3249 fratres,
1252 3191 1435 3243 omnia
1491 3191 1696 3246 Christi
1758 3195 2015 3250 mandata
2071 3200 2349 3253 custodia-
2379 3206 2424 3265 (ζ
2456 3211 2623 3263 posse
2645 3202 3065 3260 attestarcntur,
3089 3191 3261 3248 sedet
3288 3192 3583 3246 omnihora
3614 3188 4035 3261 propemodum.

774 3297 917 3337 mus,
953 3279 1264 3335 adorientes
1310 3298 1411 3336 nos
1446 3287 1775 3339 tentationes
1812 3304 1985 3357 usque
2025 3290 2090 3342 ad
2120 3303 2351 3346 mortem

782 3370 929 3438 regni
966 3371 1206 3425 ccelestis
1244 3387 1427 3427 amore
1452 3374 1813 3434 sumeramus.
1846 3388 1980 3432 utet
2007 3381 2189 3448 gloria:
2223 3380 2353 3437 Jesu

780 3462 915 3514 stu-ii
942 3505 956 3527 ,
995 3472 1047 3517 ct
1074 3473 1289 3518 telorum
1316 3468 1435 3518 vitrc
1476 3475 1759 3537 compotes
1782 3508 1796 3531 ,
1842 3480 1894 3524 et
1946 3472 2213 3528 bonorum
2243 3477 2356 3544 qui-

777 3558 878 3610 bus
913 3558 1061 3609 nulla
1088 3573 1183 3623 par
1207 3568 1290 3613 est
1318 3561 1514 3621 oratio,
1537 3563 1782 3616 harrcdes
1810 3564 2127 3625 evadamus.
2157 3571 2354 3636 gratia,

777 3660 826 3698 ιιι
867 3650 1200 3716 ln-nigtiitatc
1233 3652 1411 3719 magni
1468 3652 1559 3705 Dei
1598 3670 1661 3707 ac
1702 3656 1997 3710 salvatoris
2033 3660 2201 3713 nostri
2228 3662 2353 3715 Jesu

775 3741 1006 3800 Clitis-ti.
1044 3758 1167 3794 cum
1206 3758 1315 3811 quo
1347 3743 1491 3795 Patri
1525 3744 1696 3812 gloria
1720 3786 1733 3810 ,
1769 3745 2055 3816 imperium
2086 3789 2102 3814 ,
2142 3751 2315 3805 honor
2340 3794 2355 3817 ,

780 3851 903 3883 (Itttt
943 3843 1136 3887 sancto
1171 3836 1403 3902 Spiritu,
1436 3852 1580 3889 nunc
1608 3844 1661 3890 et
1685 3854 1928 3908 semper,
1962 3848 2015 3894 et
2050 3840 2101 3893 in
2140 3858 2355 3897 omnem

780 3927 1165 3981 a-ternitatem.
1199 3929 1390 3980 Amen.

1310 4037 1570 4093 ORATIO
1610 4040 1826 4095 XXXII.

1376 4169 1765 4210 ARGUMENTUH.

792 4265 866 4319 De
890 4268 1196 4342 pwnitcntia
1232 4277 1304 4342 ct_
1321 4273 1737 4342 catupunctione,
1760 4283 1806 4327 et
1851 4270 2039 4342 quibus
2064 4278 2360 4332 actionibus

855 4354 916 4414 ea
948 4339 1234 4414 patiamur.
1260 4339 1394 4414 Sine
1425 4341 1674 4414 lacrymis
1718 4345 1787 4400 ad
1832 4339 2047 4411 purum,
2093 4352 2360 4414 tranquil-

858 4408 1069 4476 lumque
1104 4410 1269 4462 animi
1294 4419 1491 4463 statum
1525 4412 1780 4467 neminem
1809 4408 2040 4481 unquam
2081 4408 2360 4478 perventu-

859 4494 975 4529 rum
988 4516 1001 4532 ο

869 4567 1162 4633 Quoniam,
1200 4570 1391 4625 Patres
1424 4586 1487 4624 ac
1521 4570 1740 4638 fratres,
1772 4577 1946 4629 sancti
1986 4577 2164 4635 Patris
2196 4584 2367 4636 nostri

807 4658 1037 4712 Stttditte
1078 4661 1261 4714 divina
1320 4663 1636 4716 sublimium
1671 4665 1790 4733 ejus
1838 4670 2116 4724 actionum
2172 4688 2371 4726 monu-

798 4762 975 4805 menta
1012 4755 1168 4807 nobis
1200 4755 1333 4808 lecta
1390 4766 1544 4821 sunt,
1582 4774 1703 4825 quze
1755 4761 1843 4814 ille
1893 4765 2107 4818 caelesti
2161 4765 2370 4836 Spiritu

798 4844 1110 4907 instinctus,
1148 4848 1212 4898 ad
1246 4849 1539 4902 multorum
1577 4853 1867 4905 utilitatem
1900 4855 2219 4923 publicavit,
2245 4872 2369 4910 cum

800 4938 922 4991 aliis
954 4939 1197 5006 ejusdem
1232 4958 1394 5011 supra
1435 4944 1655 4997 modum
1688 4945 1907 5014 egregie
1957 4946 2117 5001 factis
2145 4986 2159 5009 ,
2209 4950 2369 5002 etiam

802 5028 926 5092 hoc,
963 5029 1033 5081 ita
1070 5047 1351 5099 expresse,
1384 5036 1531 5087 sicut
1557 5037 1610 5088 in
1638 5037 1785 5088 omni
1816 5038 1924 5089 vita
1959 5053 2055 5089 sua
2114 5048 2374 5093 constan-

800 5127 885 5170 ter
911 5121 1254 5185 observaret,
1284 5126 1547 5192 scripsit,
1612 5126 1665 5178 in
1701 5126 1815 5179 lucc
1860 5126 2022 5180 verba
2064 5146 2076 5179 :
2134 5128 2327 5182 Frater
2359 5170 2373 5192 ,

801 5213 1266 5283 absquelocrymis
1315 5235 1413 5271 non
1464 5220 1880 5274 communicabit
1929 5238 2183 5290 unquam.
2221 5221 2375 5286 Quod

809 5306 898 5357 ulti
944 5307 1235 5361 audierunt
1264 5312 1355 5379 qui
1398 5312 1620 5364 aderant
1654 5312 1921 5381 (aderant
1976 5322 2155 5366 autem
2199 5313 2377 5373 multi,

810 5412 915 5448 non
946 5398 1070 5450 laici
1101 5402 1284 5461 modo,
1340 5418 1528 5455 verum
1567 5404 1728 5456 etiam
1787 5405 1858 5457 ob
1885 5406 2143 5458 virtutem
2195 5404 2376 5470 magni

811 5489 1049 5542 nominis
1077 5531 1089 5553 ,
1124 5501 1177 5545 et
1213 5494 1366 5544 fama!
1402 5494 1685 5564 monachi)
1711 5495 1901 5551 .tnirati
1958 5504 2081 5549 sunt
2124 5490 2333 5545 dictum
2365 5533 2381 5558 ,

808 5588 863 5631 ct
890 5576 1142 5633 mutuum
1176 5585 1527 5652 aSpicieutes,
1558 5602 1621 5640 ac
1651 5587 2003 5640 subridentcs
2033 5587 2255 5655 pariter,
2276 5598 2383 5637 una

813 5685 946 5726 voce
981 5672 1256 5741 dixerunt,
1289 5677 1355 5731 de
1385 5689 1582 5733 cartero
1609 5694 1707 5734 nos
1740 5693 2017 5748 nunquam
2074 5675 2384 5727 t-oinmuni-

886 5848 929 5878 "
957 5850 1111 5905 Joan.
1157 5870 1308 5918 avrti,
1364 5857 1452 5909 ‘25.
1532 5858 1574 5883 “
1607 5857 1620 5908 I
1653 5856 1797 5912 f’clr.
1842 5873 1901 5917 ll.
1934 5857 2023 5910 2-2-

2102 5858 2141 5885 ⁵³
2182 5857 2367 5911 Matth.
2398 5873 2512 5919 χιι,
2558 5854 2637 5906 12.

2458 3287 2727 3353 Quocirca
2753 3296 2808 3341 et
2836 3297 3077 3341 vestram
3107 3286 3431 3339 charitatem
3468 3282 3657 3337 dehoc
3680 3283 3887 3337 certius
3913 3297 4039 3335 eru-

2457 3381 2575 3435 dire
2610 3381 2818 3443 volens,
2846 3389 2900 3433 et
2929 3380 3051 3432 illos
3080 3377 3172 3447 qui
3200 3378 3274 3430 ita
3324 3377 3486 3431 locuti
3544 3390 3644 3429 sua
3701 3415 3716 3437 ,
3771 3384 4034 3438 tanquam

2458 3477 2757 3538 praesentes
2786 3468 3141 3535 compellans,
3176 3465 3650 3537 percunctandum
3708 3465 3898 3517 statui.
3946 3462 4037 3515 Di-

2459 3562 2565 3615 cite
2596 3561 2767 3625 mihi,
2792 3561 2921 3614 boni
2952 3560 3055 3613 viri
3084 3599 3099 3623 ,
3129 3574 3229 3612 cur
3256 3558 3361 3610 hoc
3410 3558 3522 3609 fieri
3577 3556 3812 3623 nequit?
3857 3558 3988 3623 quia
4022 3593 4037 3619 ,

2464 3655 2743 3723 inquiunt,
2775 3654 2868 3706 alii
2898 3652 3117 3721 quidem
3154 3650 3414 3719 propensi
3461 3664 3523 3702 ac
3556 3647 3745 3702 faciles
3782 3648 3849 3699 ad
3892 3662 4042 3701 com-

2463 3746 2819 3816 punctioncm
2850 3753 3001 3808 sunt,
3041 3745 3132 3798 alii
3166 3742 3333 3808 duro,
3366 3743 3459 3797 alii
3487 3742 3700 3812 lapideo
3732 3743 3923 3803 corde,
3948 3743 4039 3807 qui

2461 3840 2623 3894 etiam
2666 3838 2851 3907 puncti
2908 3851 3017 3890 non
3074 3843 3542 3903 compunguntur.
3600 3834 3702 3899 Qui
3753 3835 3918 3903 igitur
3969 3836 4043 3887 ita

2462 3942 2591 3986 stmt
2620 3929 2922 4000 comparati
2952 3928 2976 3981 ἲ
3001 3928 3095 3998 qui
3132 3926 3262 3981 ﬂere
3292 3937 3340 3980 ct
3373 3926 3581 3995 lugere,
3625 3938 3678 3979 et
3706 3941 3831 3978 cum
3863 3927 4043 3994 lacry-

2460 4025 2566 4079 mis
2592 4039 2812 4091 semper
2843 4020 3254 4076 communicare
3291 4019 3588 4088 poterunt?
3632 4018 3773 4084 Quin
3826 4026 3882 4071 et
3939 4018 4041 4087 ipsi

2462 4118 2800 4179 sacerdotes,
2824 4116 2918 4184 qui
2945 4114 3132 4168 divino
3162 4116 3561 4181 incruentaque
3604 4113 3877 4166 sacrificio
3914 4128 4047 4181 ope-

2462 4218 2673 4270 rantur,
2707 4204 2983 4276 quomodo
3016 4205 3287 4275 Iacrymas
3335 4204 3562 4257 fundent
3593 4203 3619 4256 ?
3658 4202 3834 4271 Ipsum
3883 4204 4050 4273 igitur

2462 4301 2588 4363 hoc,
2618 4315 2743 4354 esse
2776 4297 2965 4360 duros,
3009 4306 3067 4350 ut
3094 4296 3336 4359 dixistis,
3367 4304 3423 4350 et
3458 4295 3526 4349 ad
3560 4298 4047 4363 compunctionem

2462 4393 2679 4447 dimcile
2714 4392 3041 4460 permoveri,
3084 4390 3231 4444 unde
3269 4390 3403 4456 ipsis
3443 4389 3689 4442 accidit?
3744 4390 3917 4444 dicite
3951 4430 3965 4443 .
4004 4392 4048 4443 si

2469 4485 2666 4539 nostis.
2699 4485 2757 4537 Si
2812 4482 3127 4552 ignoratis,
3176 4481 3452 4549 paululum
3519 4480 3898 4534 celsitudinem
3958 4498 4053 4534 ve-

2474 4585 2643 4628 stram
2702 4574 2841 4628 citra
2897 4571 3222 4626 verecundia
3275 4571 3700 4633 submittentes.
3756 4581 3809 4625 et
3864 4587 4052 4625 aurem

2473 4666 2737 4722 benevole
2768 4666 3117 4727 inclinantes,
3152 4679 3218 4717 ne
3254 4679 3321 4717 ex
3358 4679 3445 4716 me.
3479 4662 3667 4715 intimo
3692 4662 3909 4715 discere
3932 4678 4058 4730 gra-

2471 4757 2695 4812 vemini.
2732 4755 3009 4825 Scriptum
3064 4764 3148 4807 est
3194 4756 3339 4807 enim
3378 4772 3390 4807 :
3450 4752 3509 4807 Si
3569 4763 3744 4805 autem
3790 4767 4055 4821 postremo

2471 4850 2758 4903 revelatum
2785 4857 2883 4910 est,
2917 4847 3119 4913 primus
3148 4844 3304 4897 sileat
3341 4845 3411 4897 δ’.

2544 4937 2699 4992 Unde
2728 4939 2912 5006 igitur,
2946 4936 3148 5003 inquis,
3184 4934 3269 4986 hic
3290 4932 3507 5001 quidem
3542 4932 3735 4995 durus,
3759 4932 3850 4984 hic
3878 4941 4056 4983 autem

2482 5032 2546 5083 ad
2584 5029 3054 5095 compunctionem
3090 5026 3269 5078 mollis
3299 5024 3324 5075 ’ρ
3352 5024 3514 5076 Audi.
3548 5022 3624 5076 Ex
3683 5025 3973 5092 proposito
4007 5030 4059 5073 ct

2482 5123 2783 5181 voluntate,
2816 5134 2958 5171 unus
2988 5118 3149 5179 bona,
3186 5115 3326 5168 alter
3350 5114 3511 5179 mala,
3544 5121 3598 5167 et
3650 5128 3714 5166 ex
3769 5112 4059 5178 cogitatio-

2484 5211 2649 5264 nibus
2680 5210 2766 5263 hic
2796 5206 3016 5277 quidem
3053 5208 3264 5273 pravis,
3306 5204 3447 5255 alius
3480 5214 3614 5254 vero
3642 5200 3937 5254 aliusmodi
3967 5215 3982 5252 :
4008 5205 4060 5251 et

2487 5319 2550 5355 ex
2587 5300 2922 5361 actionibus,
2953 5297 3043 5350 hic
3077 5294 3297 5363 quidem
3328 5291 3498 5346 divini
3532 5290 3739 5343 amoris
3765 5287 4057 5349 indicibus,

2490 5397 2581 5448 illo
2608 5406 2738 5446 vero
2771 5388 3089 5443 contrariis.
3118 5386 3197 5439 Ac
3220 5385 3265 5439 si
3303 5385 3503 5453 placet,
3542 5379 3828 5434 considera
3861 5417 3876 5440 ,
3899 5389 3953 5431 et
3983 5381 4060 5430 vi-

2485 5486 2640 5542 debis
2670 5501 2862 5539 omnes
2895 5484 3021 5538 inde
3062 5498 3091 5535 a
3126 5479 3430 5549 primordio
3467 5477 3795 5531 stecnlorum
3835 5473 4057 5543 persola

2484 5581 2600 5635 haec
2642 5580 2742 5633 tria
2777 5578 2974 5645 partim
3006 5577 3207 5629 multos
3244 5588 3311 5627 ex
3368 5570 3527 5624 bonis
3591 5569 3766 5622 malos
3791 5606 3807 5632 ,
3868 5567 4059 5636 partim

2490 5672 2692 5724 multos
2726 5686 2790 5723 ex
2823 5670 2977 5723 malis
3016 5667 3189 5721 bonos
3224 5664 3525 5721 exstitisse.
3564 5661 3695 5713 Nam
3729 5671 3789 5712 ut
3826 5676 3856 5712 a
3912 5660 4059 5727 prin-

2717 5850 2923 5905 "lCor
2967 5864 3071 5911 xv,
3103 5857 3189 5916 δυ,
