4170 6452
132 401 231 465 481

1492 405 1775 464 ΟΠΛἹἪ)
1812 406 2058 465 XXXII.

3288 412 3392 476 482

135 524 275 579 (apio
306 526 401 564 res
442 526 850 575 eunrncrcinus,
884 511 1121 567 Luciferi
1150 527 1310 566 casus
1340 514 1484 567 unde
1534 517 1703 568 exsti-
1736 522 1781 575 Α
1813 518 2111 584 imperatur
2145 532 2158 567 :
2186 515 2278 569 sed
2322 523 2573 585 prompte
2607 525 2874 586 priestans
2906 518 3141 588 singula,
3174 532 3359 589 postre

136 604 196 657 tit
224 606 245 656 τ
271 618 461 656 nonnc
497 605 622 672 quia
655 605 945 670 voluntati,
986 614 1040 658 et
1077 606 1398 673 cogitationi
1444 622 1712 675 perversa:

136 693 425 748 assensit?
470 692 620 747 Unde
649 696 778 748 Cain
836 695 1155 749 fratricida?
1197 712 1377 751 nonne
1435 714 1500 752 ex
1550 713 1712 767 prava

135 788 441 851 voluntate,
479 802 605 840 cum
638 803 695 842 se
730 788 1009 842 Contlitori
1042 792 1373 859 praetuliSsct
1403 832 1418 856 ,
1465 803 1518 844 et
1571 793 1716 859 cogi-

134 878 438 932 tationibus
495 880 759 949 improbis
823 880 1002 934 locum
1080 879 1438 950 reliquisset,
1498 884 1713 938 invidia:

134 970 471 1038 mancipium
505 974 677 1024 evasit
710 1012 724 1032 ,
758 972 1073 1041 credi-tuque
1135 976 1509 1044 perpetravit?
1562 974 1713 1029 Unde

136 1061 264 1115 Sani
294 1065 570 1131 qurereba:
609 1063 865 1118 Davitlcm
901 1070 1364 1135 comprehendere
1394 1109 1408 1131 ,
1468 1082 1521 1123 ct
1570 1071 1715 1122 occi-

135 1154 285 1216 dere,
317 1171 484 1223 quem
520 1157 669 1224 prius
702 1160 890 1226 qu:inti
925 1161 1165 1226 seipsnm
1221 1161 1493 1227 faciebat,
1543 1164 1713 1233 pluti-

134 1262 416 1315 mnmquc,
448 1258 505 1299 ιιι
537 1249 673 1301 bene
701 1260 1024 1314 merentem,
1062 1252 1368 1321 diligebat?
1395 1270 1459 1308 ex
1491 1268 1708 1317 natura,

133 1353 198 1389 an
232 1354 297 1390 ex
328 1353 587 1409 cnrrup'a
631 1344 952 1397 voinntate?
994 1346 1213 1413 planum
1248 1356 1355 1411 est,
1388 1362 1452 1400 ex
1490 1349 1708 1415 vitiosa,

129 1438 181 1479 et
212 1427 513 1497 depravata
546 1432 841 1487 voluntate.
879 1432 1086 1487 Natura
1118 1438 1263 1489 enim
1298 1452 1455 1491 nemo
1483 1448 1567 1494 cst
1593 1455 1707 1492 tua-

130 1519 237 1580 lns,
270 1520 533 1585 quoniam
569 1521 708 1576 Deus
740 1538 846 1577 non
882 1528 1147 1579 malorum
1176 1569 1189 1591 ,
1220 1528 1313 1580 sed
1350 1530 1503 1583 valde
1536 1531 1707 1584 hono-

130 1624 249 1660 rum
284 1625 511 1679 operum
545 1625 754 1675 auctor,
795 1625 849 1670 ct
878 1616 1103 1669 eifector
1132 1628 1237 1675 est.
1276 1619 1386 1673 lino
1407 1622 1581 1688 potius
1609 1624 1706 1677 bo-

127 1717 231 1756 nus
280 1715 361 1757 est
391 1706 643 1773 quisque,
680 1707 842 1776 idque
885 1724 993 1763 non
1057 1712 1232 1764 ascitu
1290 1721 1344 1766 ct
1395 1714 1701 1781 electione,

127 1795 221 1845 sed
266 1804 487 1859 ir-tura,
514 1809 568 1849 et
598 1798 844 1852 veritate.
890 1801 970 1854 Ad
1014 1801 1167 1864 hac,
1200 1805 1340 1856 unde
1382 1805 1520 1858 latro
1567 1806 1704 1857 aiter

1822 623 1969 660 mum
2012 624 2224 677 semper
2258 611 2433 663 locum
2465 626 2718 679 quaerens
2745 652 2761 675 ,
2792 624 2844 665 et
2875 622 2932 665 ut
2962 616 3279 667 summatim
3306 616 3389 670 di-

1818 715 1963 763 cam,
1996 701 2250 755 univcrsa
2302 702 2542 755 scienter
2603 700 2880 768 efficiens,
2924 721 3048 772 qua:
3112 721 3139 757 a
3189 706 3390 760 divinis

1820 791 2123 861 Seripturis
2155 792 2441 855 docemur,
2483 795 2883 862 prodet-iturum
2922 805 3271 862 peccatorum
3304 813 3379 850 vc-

1818 888 1985 945 niain,
2019 894 2072 938 et
2105 886 2535 939 miscricordiam
2575 887 2825 955 adi-plus,
2857 901 3039 940 cornu
3079 889 3186 941 Deo
3247 889 3377 942 fidit

1816 978 1955 1030 ciam
1990 979 2275 1031 inveniat?
2313 979 2412 1042 Qui
2451 988 2629 1032 autent
2682 982 2867 1033 omnia
2931 981 3016 1033 his
3069 984 3389 1047 contraria,

1817 1072 1956 1122 tnala
1995 1071 2253 1123 videlicet
2285 1072 2424 1123 mala
2454 1072 2617 1123 anitni
2678 1072 2997 1127 inductione
3049 1076 3344 1127 caminittit
3371 1117 3386 1136 ,

1816 1165 1997 1210 manet
2023 1158 2324 1226 improbus,
2365 1158 2415 1210 id
2447 1161 2589 1226 quod
2623 1162 2785 1213 etiam
2837 1175 2964 1214 ante
3009 1163 3388 1214 renunciatio-

1814 1265 1937 1303 nem
1972 1260 2139 1303 erat:
2192 1260 2249 1303 ut
2306 1265 2375 1303 ne
2442 1252 2657 1316 dicam,
2702 1253 2863 1305 etiam
2921 1254 3220 1322 improbior
3292 1255 3391 1319 tit,

1813 1357 1981 1409 quam
2010 1352 2153 1395 erat.
2186 1342 2261 1393 Ita
2290 1356 2394 1393 non
2425 1357 2491 1395 ex
2528 1351 2721 1395 natura
2747 1380 2760 1403 ,
2816 1351 2871 1395 ut
2906 1345 3125 1410 quidam
3162 1345 3384 1413 opinati-

1814 1440 1953 1494 tur,
1986 1435 2079 1485 sed
2138 1450 2202 1485 ex
2254 1435 2529 1487 voluntate
2596 1442 2792 1503 sponte
2842 1444 3101 1503 snscepta
3160 1438 3386 1504 quilibet

1810 1520 1977 1574 hoino
2014 1524 2127 1575 sive
2163 1522 2419 1586 humilis,
2454 1536 2504 1575 et
2536 1524 2601 1576 ad
2645 1526 3127 1594 compunctionem
3188 1526 3388 1594 procli-

1808 1613 1914 1669 \is.
1951 1612 2066 1665 sire
2099 1614 2274 1667 durus
2303 1613 2489 1677 corde,
2525 1626 2577 1666 et
2612 1624 2938 1680 cxczecatus,
2971 1629 3026 1671 et
3059 1633 3087 1671 a
3119 1632 3386 1685 compun-

1811 1705 1996 1757 ctiune
2025 1707 2236 1760 alienus
2264 1706 2471 1761 evadit-

1881 1794 2128 1862 Quonaiu
2162 1800 2306 1851 enim
2346 1799 2533 1865 modo,
2572 1816 2759 1869 quaeso
2788 1809 2841 1855 te
2868 1840 2883 1865 ,
2920 1802 3107 1856 animo
3140 1802 3385 1856 dolorem

125 1902 249 1938 cunt
300 1886 531 1940 Domino
562 1889 690 1943 Jesu
745 1894 1047 1949 crucilixus
1089 1896 1343 1950 dicebat:
1402 1894 1461 1949 Si
1526 1894 1699 1949 Filius
1732 1868 1777 1927 Β
1807 1892 2094 1959 concipiet,
2124 1900 2174 1945 et
2205 1893 2413 1945 rorabit
2469 1893 2761 1961 lat'ryznas,
2793 1894 2885 1961 qui
2926 1903 3039 1947 toto
3084 1893 3256 1948 ferme
3289 1893 3385 1947 die

130 1976 221 2029 [Iri
264 1995 341 2042 es,
374 1980 522 2033 salra
556 1985 916 2051 temetipsum,
954 1997 1003 2039 et
1037 2002 1171 2051 nos;
1198 1989 1336 2042 alter
1370 2005 1498 2042 vero
1521 2005 1705 2057 reprc—

126 2071 374 2125 l.entlcns
406 2078 726 2130 occurrebat
760 2096 773 2131 :
813 2077 994 2148 Neque
1030 2093 1085 2132 tu
1110 2071 1262 2133 times
1318 2082 1521 2135 Deum:
1581 2100 1701 2135 nam

123 2178 214 2212 ιςοε
242 2165 452 2223 quidem
485 2168 643 2235 digna
676 2171 828 2239 {actis
850 2172 997 2240 juste
1054 2175 1329 2241 recipimus
1354 2216 1368 2239 ,
1397 2176 1479 2228 hic
1526 2192 1701 2231 autem

123 2255 251 2305 m'lrit
285 2258 416 2309 ntali
442 2262 603 2327 gessit
637 2263 703 2315 ⁵³.
740 2260 914 2317 Velim
972 2266 1105 2319 mihi
1153 2268 1305 2320 dicas
1330 2308 1345 2331 ,
1396 2271 1539 2324 unde
1613 2272 1701 2325 hic

121 2348 347 2415 quidem
384 2352 592 2417 iSIha'c,
627 2356 715 2410 ille
750 2373 877 2411 vero
907 2359 1013 2412 alia
1047 2362 1284 2425 locutus,
1325 2373 1379 2417 et
1408 2380 1548 2418 unus
1582 2366 1702 2431 qui-

120 2444 241 2495 dem
271 2444 630 2511 jnstiﬁcatus,
672 2450 811 2503 alter
844 2454 1242 2507 (:uniletnnatns
1271 2456 1398 2509 est?
1427 2471 1605 2510 nonne
1634 2472 1697 2509 ex

121 2540 425 2603 voluntate,
457 2549 510 2593 et
541 2546 968 2609 cogitationibus
1007 2558 1235 2617 uterque
1270 2588 1283 2612 ,
1321 2565 1460 2603 unus
1509 2567 1700 2619 nempe

122 2631 304 2691 benis,
334 2631 473 2685 alter
511 2647 703 2689 contra
734 2639 939 2691 malis?
975 2638 1051 2690 Ex
1090 2640 1173 2694 his
1202 2643 1347 2694 enim
1395 2643 1531 2695 alter
1580 2644 1697 2697 inii-

120 2721 283 2782 di-lis,
314 2724 450 2775 alter
480 2724 658 2779 fidelis
689 2727 906 2780 diecbat
948 2747 959 2781 :
992 2728 1246 2782 Memento
1286 2732 1384 2785 mei
1429 2732 1649 2786 Domine
1678 2773 1693 2799 ,

117 2828 237 2863 cum
277 2817 477 2866 teucris
506 2818 559 2867 in
591 2835 803 2883 regnum
837 2832 981 2873 (sum
1016 2826 1081 2875 ⁵³.

191 2901 253 2953 ἱίε
298 2904 435 2955 alios
466 2910 777 2975 corripiures
822 2912 1040 2965 siientio
1089 2924 1403 2982 praeteream
1433 2957 1448 2981 ,
1497 2935 1561 2974 cx
1612 2922 1697 2976 his

116 2994 246 3061 quid
284 2997 440 3049 \‘elim
476 3004 818 3067 percepistis,
850 3014 904 3057 ct
939 3008 1229 3074 didicistis,
1255 3027 1696 3082 unumquemque

117 3088 421 3142 voluntatis
471 3107 584 3144 sua:
632 3096 885 3150 libertate
943 3107 1036 3150 aut
1089 3100 1153 3152 ad
1219 3106 1691 3172 cotnpunctiom-m

1806 1982 1913 2035 bnc
1969 1984 2096 2036 illuc
2138 1984 2422 2053 divagans,
2463 2001 2637 2053 neque
2682 1987 3029 2054 precationis,
3079 2002 3256 2057 neque
3303 1988 3386 2043 si-

1805 2075 1983 2138 lentii,
2016 2090 2191 2143 neque
2226 2076 2499 2141 lectionis,
2560 2088 2609 2127 et
2656 2077 2857 2145 quietis
2909 2093 3040 2131 cura
3085 2079 3374 2145 tangitur:

1803 2182 1896 2220 seu
1931 2184 2325 2236 nonnunquam
2348 2186 2469 2222 cum
2504 2170 2764 2237 proximis
2810 2169 2863 2222 in
2900 2173 3263 2223 Conventibus
3300 2170 3385 2223 [εις

1806 2261 2041 2324 Luiatnr,
2106 2278 2212 2314 non
2261 2262 2436 2315 solum
2470 2264 2733 2333 scipsurn,
2778 2264 2870 2316 sed
2909 2273 2962 2317 et
2993 2278 3383 2331 congerrones,

1804 2356 2036 2406 utititate
2062 2356 2322 2422 privans;
2352 2370 2748 2423 nonnunquam
2787 2356 3100 2419 calumniis,
3150 2367 3202 2409 et
3252 2371 3382 2425 pro-

1804 2444 1915 2497 bris
1947 2446 2235 2513 religiosos
2274 2447 2494 2508 fratres,
2531 2462 2927 2515 nonnunquam
2960 2448 3132 2517 ipsum
3164 2462 3380 2516 prpr-

1800 2537 1962 2589 situui
1995 2536 2330 2590 ins‘et-tatur?
2362 2536 2516 2591 Unde
2568 2540 3052 2606 Compunetionetn
3108 2536 3331 2605 aequire
3363 2576 3380 2602 ,

1799 2629 2018 2697 quires
2070 2645 2263 2681 omnes
2296 2629 2639 2691 menusterii,
2695 2645 2797 2682 nec
2857 2630 3171 2683 monasterii
3234 2628 3380 2681 dune

1801 2731 1967 2784 taxat,
2019 2722 2111 2774 sed
2168 2722 2611 2792 uniuscujusque
2668 2722 2892 2790 insuper
2941 2736 3123 2775 mores
3166 2722 3382 2775 curiose

1800 2825 2102 2878 seruatur,
2141 2826 2191 2866 ct
2216 2814 2470 2883 indagat?
2502 2813 2567 2866 i-Zt
2592 2814 2891 2882 aliquando
2925 2815 3143 2882 quidem
3180 2812 3382 2867 fratres

1799 2912 2065 2978 quosdam
2098 2911 2401 2978 alloquens,
2439 2910 2542 2962 hoc
2580 2919 2630 2962 et
2677 2910 2781 2963 hoc
2835 2910 2977 2973 heri,
3035 2911 3231 2978 inquit,
3282 2926 3380 2962 an-

1799 3003 1930 3055 diii.
1968 3002 2309 3069 Aliquando,
2353 3000 2490 3053 scin’
2530 3002 2660 3070 quid
2708 3002 2783 3054 illi
2831 3002 3033 3054 misero
3079 3002 3381 3056 acciderit?

1801 3108 2154 3159 rursumque,
2211 3093 2499 3162 nunquid,
2561 3093 2708 3146 illius
2777 3094 3144 3147 calamitatem
3221 3092 3380 3146 audi-

117 3195 491 3247 propensum,
526 3197 577 3237 et
610 3186 891 3250 humilem,
934 3201 1027 3242 aut
1056 3191 1177 3244 duri
1220 3197 1401 3248 cordis
1430 3235 1443 3259 ,
1496 3210 1550 3250 ει
1605 3216 1697 3253 ευ-
1724 3211 1766 3267 C
1804 3188 1990 3241 vistis?
2025 3186 2343 3251 ilujasnmdi
2400 3187 2563 3238 homo
2609 3187 2830 3255 quando
2876 3185 3094 3239 tandem
3148 3199 3375 3239 suorum

117 3274 341 3332 prrhum
382 3272 520 3328 fieri.
556 3275 619 3328 Ει
656 3281 868 3334 merito.
924 3280 1143 3337 Duobus
1196 3290 1339 3339 cn‘m
1394 3289 1519 3342 huic
1572 3292 1694 3345 vita:

119 3366 565 3420 Ii-nuntiutttifitts
595 3412 607 3428 ,
645 3370 887 3436 ejusdem
925 3375 1061 3429 artis
1088 3416 1101 3436 ,
1138 3382 1381 3443 cognatis
1404 3423 1418 3443 ,
1454 3386 1650 3435 ρυιιξνίς
1678 3425 1691 3447 ,

116 3457 412 3523 aiiluaziﬁo
444 3460 608 3511 etiam
653 3463 936 3529 l'ratribus,
961 3469 1344 3533 coni-tndibus,
1375 3475 1599 3527 moratis
1626 3476 1691 3529 ad

116 3550 364 3601 catuli-tn
404 3553 643 3615 inodum,
674 3553 939 3621 improbis
973 3557 1217 3625 inquam,
1250 3564 1487 3630 asperis,
1528 3567 1695 3619 mise-

117 3641 219 3691 reti
256 3644 481 3703 nescis,
519 3646 854 3711 c:udehbus,
925 3652 1109 3704 carnis
1169 3664 1224 3705 et
1275 3660 1521 3722 pecunia:
1572 3669 1691 3711 stu-

116 3732 473 3793 diosis,etin
525 3736 671 3788 omni
729 3754 929 3806 genere
984 3745 1359 3809 pertersitatis
1410 3749 1692 3815 aequaliter

118 3826 477 3889 exercitatis,
515 3838 566 3880 ct
615 3830 669 3881 in
718 3834 957 3885 stadium
1014 3835 1425 3905 vitaz‘saactze,
1481 3855 1544 3893 ac
1598 3841 1691 3893 Dei

117 3918 284 3971 cultui
336 3932 672 3973 consecrata:
703 3924 865 3976 simul
920 3926 1355 3995 ingredientibus
1385 3970 1400 3994 ,
1446 3948 1586 3985 unus
1626 3935 1692 3986 il-

118 4011 292 4065 iurum
328 4014 575 4065 omnium
612 4016 873 4068 virtutum
908 4026 1158 4073 semitam
1194 4024 1359 4076 simul
1410 4028 1587 4079 calcat
1618 4028 1695 4080 fc-

120 4104 324 4167 liciter,
359 4104 574 4158 fervore
609 4111 943 4176 exsequendi
981 4115 1164 4165 omnia
1200 4115 1326 4168 vitia
1360 4128 1647 4186 amputam
1677 4137 1690 4171 :

120 4198 253 4250 aiter
296 4200 473 4266 pejor,
510 4216 673 4266 quam
717 4214 843 4255 ante
875 4208 1335 4261 rcunntiationem
1387 4222 1503 4263 erat
1530 4252 1543 4274 ,
1582 4214 1692 4263 ciii-

122 4290 285 4341 citur.
324 4290 463 4352 Quid
502 4307 634 4359 ergo
659 4301 762 4353 est,
796 4296 940 4361 qtutl
977 4311 1082 4348 non
1109 4314 1264 4366 a'que
1294 4299 1513 4353 Virtutis
1570 4302 1692 4354 futt-

122 4392 323 4449 guntur
351 4398 577 4435 munere
605 4423 618 4444 ,
653 4388 1115 4452 quemadmodum
1171 4406 1384 4444 summa
1436 4394 1691 4447 vitioruzn

122 4478 327 4542 pariter
377 4476 767 4538 contigerant?
792 4478 986 4532 Nonne
1018 4482 1277 4548 quoniam
1312 4485 1447 4537 alter
1464 4486 1695 4537 consiiio

123 4583 178 4619 ac
208 4568 493 4618 \‘oittutate
530 4568 682 4620 bon-sc
720 4573 914 4623 anima:
960 4573 1140 4623 on'uia
1190 4590 1209 4613 ε
1239 4591 1263 4617 -ι
1287 4575 1489 4628 sudum
1527 4575 1691 4628 Ιδιιιιιιι

125 4660 299 4713 tristia
340 4663 557 4723 tolerat,
587 4675 639 4713 et
664 4662 886 4730 ξμς-μην
922 4665 987 4714 ah
1030 4680 1149 4733 ipso
1185 4668 1434 4731 ingressu
1462 4708 1476 4731 ,
1513 4679 1565 4722 ct
1608 4686 1694 4721 rc-

124 4753 472 4805 nunti:.tioue
506 4756 798 4821 prudenter
829 4755 1028 4810 tliviuis
1062 4756 1360 4827 Scriplnris
1408 4779 1466 4817 se
1497 4763 1641 4815 dedit
1678 4804 1693 4827 ,

124 4855 173 4895 et
204 4860 299 4911 per
344 4859 427 4907 se,
460 4859 672 4911 suaque
704 4854 898 4914 sponte
944 4849 1199 4915 probatas
1241 4852 1489 4905 actiones
1524 4855 1695 4921 cligil,

126 4938 506 5005 religiosorum
550 4937 828 4991 hominum
860 4941 1047 5004 vitam,
1078 4953 1128 4994 et
1162 4959 1341 4997 tnures
1370 4947 1436 4997 ad
1471 4946 1697 5000 imitati--

125 5027 247 5079 dum
282 5027 388 5079 sibi
427 5042 761 5094 proponens,
797 5037 850 5080 ct
886 5045 1010 5082 cum
1049 5032 1182 5099 ipsis
1243 5033 1295 5085 in
1336 5034 1564 5102 jcjnniis
1592 5076 1605 5097 ,
1644 5034 1695 5087 in

128 5119 406 5187 precibus,
444 5118 496 5169 in
529 5118 1029 5185 observationibus,
1071 5122 1123 5174 in
1159 5123 1380 5177 silentio
1407 5166 1420 5186 ,
1458 5125 1509 5177 in
1543 5139 1698 5177 com-

127 5213 446 5276 punctionc,
487 5220 540 5263 ct
583 5211 861 5281 lacrymis,
890 5214 941 5265 iu
978 5216 1309 5270 abstinentia
1336 5219 1696 5271 delicatarutn

128 5302 410 5365 epularum
442 5340 455 5361 τ
489 5310 539 5352 ct
589 5301 1099 5369 ittletnpcstivorum
1146 5306 1543 5369 ctﬂlnmiiorttui
1574 5347 1586 5369 ,
1646 5307 1697 5358 in

130 5393 387 5460 fugienda
425 5393 905 5455 excandescentia,
938 5395 1015 5445 ir}.
1046 5436 1060 5459 ,
1095 5406 1147 5447 et
1176 5399 1417 5450 clamore
1443 5439 1454 5461 ,
1487 5407 1661 5449 cct'lal
1691 5438 1704 5459 ,

132 5483 381 5549 injurias,
415 5484 796 5537 tribulationes
819 5526 831 5546 ,
866 5494 918 5537 et
978 5490 1260 5555 angustias
1300 5489 1573 5553 patienter
1611 5505 1703 5541 su-

132 5576 356 5633 Slittt‘tts,
397 5574 523 5625 Vilia
556 5586 605 5627 ct
635 5576 932 5643 abjet'tittra
963 5594 1190 5646 operum
1236 5581 1380 5633 ultro
1433 5580 1658 5633 subicis
1684 5621 1699 5643 ,

132 5678 231 5715 non
266 5663 663 5719 contrudit-ens
695 5706 709 5730 ,
749 5679 842 5720 aut
878 5684 1225 5725 murmurans
1253 5713 1266 5735 ,
1298 5686 1421 5724 cum
1472 5671 1522 5725 ei
1566 5672 1697 5740 quid

199 5845 397 5898 "Luc.
435 5862 566 5916 uti,
601 5850 687 5914 39,
723 5849 800 5905 it}.

882 5852 925 5883 "
958 5854 1208 5909 lbi-1.12-
1290 5858 1331 5887 τε
1373 5852 1514 5908 Psai.
1562 5867 1678 5917 ut,
1718 5852 1769 5903 5.

1798 3289 2146 3350 peCcatorutn
2172 3280 2577 3340 recordabitur,
2614 3289 2673 3331 ut
2698 3279 2899 3343 doleat,
2934 3290 2992 3332 ιιι
3025 3282 3077 3331 in
3108 3279 3378 3348 lacrytnas

1797 3373 1923 3426 cat?
1953 3372 2057 3436 Qui
2092 3387 2253 3440 porro
2280 3372 2447 3425 etiam
2478 3387 2507 3424 c
2564 3370 2766 3440 Syuuxi
2815 3386 3091 3440 egressus,
3128 3370 3258 3423 dum
3300 3372 3373 3422 ἰὶιί

1799 3462 2317 3531 8.·ι’ἰιιιυιίιιι1ἰιίιιδε
2366 3464 2570 3516 reritan
2602 3480 2687 3529 ur,
2734 3465 3021 3533 longeque,
3073 3470 3167 3515 aut
3208 3477 3380 3531 prope

1795 3556 2013 3618 sedens,
2071 3570 2195 3607 cum
2252 3555 2530 3622 aliquibus
2587 3569 2899 3607 sermonem
2958 3555 3175 3615 miscet,
3230 3569 3379 3606 nunc

1797 3647 1910 3707 illo,
1950 3661 2096 3699 nunc
2153 3646 2277 3699 ali’s
2326 3654 2555 3699 eventus
2614 3646 2877 3714 quosdam
2905 3646 3025 3698 sine
3077 3644 3261 3697 fructu
3322 3643 3376 3696 in

1796 3740 2035 3793 medium
2062 3739 2440 3805 aﬂ'crentibus,
2476 3742 2659 3806 itaque
2693 3737 3027 3801 dicentibus,
3060 3737 3215 3789 scitis
3245 3736 3374 3804 quid

1798 3831 1871 3882 illi
1910 3831 2058 3883 fratri
2115 3833 2435 3900 przupositus
2479 3830 2711 3883 fecerit?
2754 3832 2839 3882 hic
2894 3830 2970 3881 ita
3022 3827 3269 3896 excipit:
3330 3827 3376 3880 si

1797 3924 1950 3975 vobis
1993 3940 2309 3987 narravero,
2349 3924 2622 3991 quomodo
2663 3921 2933 3975 infelicem
2971 3921 3121 3973 illum
3172 3920 3379 3973 habue-

1798 4014 1889 4077 t'it,
1924 4016 2054 4083 quid
2093 4015 2333 4069 dicetis?
2373 4016 2462 4067 Sic
2519 4016 2671 4075 talia,
2714 4024 2768 4067 et
2817 4014 2901 4067 his
2951 4013 3220 4066 deteriora
3254 4026 3377 4079 gar-

1799 4108 1972 4167 rit-us,
2001 4117 2050 4161 ct
2081 4119 2296 4174 propter
2331 4122 2502 4174 nugas
2537 4108 2845 4160 istiusmodi
2880 4105 3018 4158 alios
3051 4104 3375 4173 impediens,

1798 4210 1847 4253 et
1899 4202 2013 4266 ipse
2048 4201 2099 4252 ii.
2127 4201 2360 4268 peditus,
2387 4202 2603 4268 quando
2634 4202 2687 4252 in
2737 4200 3135 4253 conscientiam
3182 4212 3377 4266 pecca—

1800 4303 1977 4345 turum
2042 4310 2268 4346 SUOilittt
2328 4292 2643 4355 descendit,
2704 4306 2766 4344 ac
2830 4292 3065 4360 scipsum
3120 4289 3379 4343 deﬂebit?

1798 4386 1899 4449 Qui
1931 4388 2074 4437 cnim
2111 4384 2374 4438 divinitus
2407 4385 2688 4451 inspiratis
2732 4384 3081 4435 sermonibus
3118 4397 3225 4434 non
3291 4391 3377 4432 at-

1802 4478 1999 4536 tetulit,
2037 4490 2138 4529 nec
2163 4476 2368 4528 ostium
2408 4478 2839 4529 circumstantia:
2894 4474 3052 4528 latziis
3098 4476 3217 4529 suis
3277 4487 3378 4539 po-

1805 4570 1915 4619 suit
1940 4567 2007 4628 ",
2041 4582 2140 4619 nec
2177 4568 2245 4620 ab
2278 4568 2560 4621 auditione
2600 4582 2736 4619 vana
2766 4581 2928 4620 aures
2971 4580 3098 4619 suas
3155 4566 3374 4627 avertit,

1807 4676 1904 4713 nar:
1939 4662 2086 4714 illius
2116 4662 2314 4713 ultima:
2347 4661 2749 4728 responsionis,
2798 4670 2852 4711 et
2890 4658 3150 4711 terribilis
3172 4656 3377 4710 Christi

1807 4754 2120 4815 tribunalis,
2151 4754 2426 4821 quomodo
2465 4754 2620 4814 nudi,
2677 4761 2731 4804 ct
2770 4751 2992 4803 obtorto
3039 4750 3187 4803 velut
3233 4748 3378 4800 collo

1806 4847 1964 4901 tracti
1997 4860 2186 4897 oinncs
2219 4846 2267 4895 ci
2304 4853 2485 4897 astare
2518 4845 2802 4902 debemus,
2843 4852 2897 4895 ct
2919 4843 2986 4897 de
3002 4843 3157 4897 rebus
3190 4842 3241 4897 in
3270 4840 3377 4891 vita

1809 4941 2104 4991 transactis
2143 4938 2407 4990 rationem
2443 4936 2693 4997 reddere,
2733 4938 2828 5004 qui
2874 4937 3093 4997 horum,
3128 4933 3379 5003 inquam,

1810 5048 1916 5084 non
1960 5030 2227 5089 meminit,
2266 5045 2374 5097 quo
2410 5040 2592 5097 pacto,
2648 5028 2844 5082 amabo
2892 5028 2936 5079 si
2988 5027 3108 5095 plus
3158 5035 3377 5078 centum

1808 5138 1981 5176 annos
2014 5122 2217 5174 viveret
2249 5122 2302 5173 in
2362 5122 2549 5173 habitu
2613 5120 2918 5173 inonastico
2954 5120 3232 5189 lacrymas
3289 5132 3381 5171 ac-

1808 5218 2010 5283 quirat,
2058 5223 2112 5266 et
2160 5214 2403 5281 scipsum
2455 5212 2663 5266 fervide
2716 5211 2935 5280 lugeat?
2965 5210 3252 5276 Quomodo
3286 5211 3380 5279 qui

1805 5308 2009 5375 primos
2039 5305 2251 5359 affectat
2303 5306 2355 5358 in
2392 5306 2629 5359 statione
2689 5305 2969 5368 Ecclesiae,
3024 5304 3078 5357 in
3121 5303 3378 5357 accubitu

1808 5416 2030 5460 nicum,
2062 5408 2115 5451 et
2154 5413 2316 5465 super
2344 5398 2425 5449 his
2444 5411 2660 5465 semper
2694 5397 3000 5457 contendit,
3034 5395 3378 5462 rixaturqnc,

1809 5489 2104 5557 aliquando
2140 5498 2360 5558 pr0pter
2392 5487 2632 5540 animam
2666 5503 2820 5541 suam
2846 5488 3294 5545 contristabitur,
3325 5495 3381 5539 ct

1812 5596 1996 5632 coram
2068 5579 2177 5631 Deo
2235 5592 2452 5631 amaras
2510 5578 2752 5631 solvetur
2809 5579 2863 5632 in
2917 5577 3231 5647 lacrymas?
3275 5576 3380 5641 Qui

1812 5684 1989 5725 autem
2022 5670 2405 5724 excusationes
2454 5679 2681 5725 excusat
2730 5670 2783 5723 in
2831 5669 3071 5738 peccatis
3091 5670 3158 5735 ",
3205 5670 3377 5722 inibc~

1850 5855 1892 5884 δ”
1924 5851 2037 5906 ibid
2110 5851 2153 5904 4.
