  <div class='ocr_page' id='page_1' title='image "/cluster/home/n/w/nwhite01/storage/ocr_20150623/120/nnc1.0046979972/241.png"; bbox 0 0 4170 6452; ppageno 0'>
   <div class='ocr_carea' id='block_1_1' title="bbox 806 405 911 476">
    <p class='ocr_par' dir='ltr' id='par_1_1' title="bbox 806 405 911 476">
     <span class='ocr_line' id='line_1_1' title="bbox 806 405 911 476; baseline 0.01 -1"><span class='ocrx_word' id='word_1_1' title='bbox 806 405 911 476; x_wconf 77' lang='grc'>483</span> 
     </span>
    </p>
   </div>
   <div class='ocr_carea' id='block_1_2' title="bbox 802 516 1517 586">
    <p class='ocr_par' dir='ltr' id='par_1_2' title="bbox 802 516 1517 586">
     <span class='ocr_line' id='line_1_2' title="bbox 802 516 1517 586; baseline -0.017 -7"><span class='ocrx_word' id='word_1_2' title='bbox 802 525 1082 578; x_wconf 83' lang='lat' dir='ltr'>cillitatem</span> <span class='ocrx_word' id='word_1_3' title='bbox 1142 519 1410 586; x_wconf 77' lang='lat' dir='ltr'>olijieiens</span> <span class='ocrx_word' id='word_1_4' title='bbox 1468 516 1517 559; x_wconf 51' lang='grc' dir='ltr'>ειη</span> 
     </span>
    </p>
   </div>
   <div class='ocr_carea' id='block_1_3' title="bbox 802 603 2373 678">
    <p class='ocr_par' dir='ltr' id='par_1_3' title="bbox 802 603 2373 678">
     <span class='ocr_line' id='line_1_3' title="bbox 802 603 2373 678; baseline -0.014 -8"><span class='ocrx_word' id='word_1_5' title='bbox 802 616 1059 670; x_wconf 88' lang='lat' dir='ltr'>robustus</span> <span class='ocrx_word' id='word_1_6' title='bbox 1086 613 1180 671; x_wconf 89' lang='lat' dir='ltr'>sit,</span> <span class='ocrx_word' id='word_1_7' title='bbox 1218 610 1483 678; x_wconf 68' lang='lat' dir='ltr'>plenoqie</span> <span class='ocrx_word' id='word_1_8' title='bbox 1522 622 1585 659; x_wconf 92' lang='lat' dir='ltr'>ac</span> <span class='ocrx_word' id='word_1_9' title='bbox 1637 603 1866 672; x_wconf 92' lang='lat' dir='ltr'>juvenili</span> <span class='ocrx_word' id='word_1_10' title='bbox 1921 613 2172 668; x_wconf 83' lang='lat' dir='ltr'>corpore,</span> <span class='ocrx_word' id='word_1_11' title='bbox 2210 606 2263 648; x_wconf 86' lang='lat' dir='ltr'>et</span> <span class='ocrx_word' id='word_1_12' title='bbox 2314 609 2373 648; x_wconf 88' lang='lat' dir='ltr'>se</span> 
     </span>
    </p>
   </div>
   <div class='ocr_carea' id='block_1_4' title="bbox 804 688 2371 772">
    <p class='ocr_par' dir='ltr' id='par_1_4' title="bbox 804 688 2371 772">
     <span class='ocr_line' id='line_1_4' title="bbox 804 688 2371 772; baseline -0.015 -12"><span class='ocrx_word' id='word_1_13' title='bbox 804 723 925 761; x_wconf 76' lang='lat' dir='ltr'>cum</span> <span class='ocrx_word' id='word_1_14' title='bbox 966 703 1397 772; x_wconf 71' lang='lat' dir='ltr'>religiosioribus</span> <span class='ocrx_word' id='word_1_15' title='bbox 1427 698 1709 751; x_wconf 74' lang='lat' dir='ltr'>monachis</span> <span class='ocrx_word' id='word_1_16' title='bbox 1734 710 1795 749; x_wconf 87' lang='lat' dir='ltr'>ac</span> <span class='ocrx_word' id='word_1_17' title='bbox 1821 693 2102 754; x_wconf 73' lang='lat' dir='ltr'>fratribus,</span> <span class='ocrx_word' id='word_1_18' title='bbox 2153 689 2244 758; x_wconf 90' lang='lat' dir='ltr'>qui</span> <span class='ocrx_word' id='word_1_19' title='bbox 2276 688 2371 739; x_wconf 84' lang='lat' dir='ltr'>ad-</span> 
     </span>
    </p>
   </div>
   <div class='ocr_carea' id='block_1_5' title="bbox 807 781 2376 863">
    <p class='ocr_par' dir='ltr' id='par_1_5' title="bbox 807 781 2376 863">
     <span class='ocr_line' id='line_1_5' title="bbox 807 781 2376 863; baseline -0.013 -12"><span class='ocrx_word' id='word_1_20' title='bbox 807 798 1021 851; x_wconf 88' lang='lat' dir='ltr'>modum</span> <span class='ocrx_word' id='word_1_21' title='bbox 1059 797 1149 849; x_wconf 92' lang='lat' dir='ltr'>diu</span> <span class='ocrx_word' id='word_1_22' title='bbox 1188 796 1240 847; x_wconf 93' lang='lat' dir='ltr'>in</span> <span class='ocrx_word' id='word_1_23' title='bbox 1292 791 1630 863; x_wconf 80' lang='lat' dir='ltr'>professione</span> <span class='ocrx_word' id='word_1_24' title='bbox 1688 789 1809 841; x_wconf 64' lang='lat' dir='ltr'>vita:</span> <span class='ocrx_word' id='word_1_25' title='bbox 1860 784 2173 839; x_wconf 77' lang='lat' dir='ltr'>monastica:</span> <span class='ocrx_word' id='word_1_26' title='bbox 2212 781 2376 833; x_wconf 83' lang='lat' dir='ltr'>desu-</span> 
     </span>
    </p>
   </div>
   <div class='ocr_carea' id='block_1_6' title="bbox 806 872 2374 953">
    <p class='ocr_par' dir='ltr' id='par_1_6' title="bbox 806 872 2374 953">
     <span class='ocr_line' id='line_1_6' title="bbox 806 872 2374 953; baseline -0.011 -12"><span class='ocrx_word' id='word_1_27' title='bbox 806 891 1023 950; x_wconf 89' lang='lat' dir='ltr'>tlarunt,</span> <span class='ocrx_word' id='word_1_28' title='bbox 1058 900 1381 953; x_wconf 84' lang='lat' dir='ltr'>comparans</span> <span class='ocrx_word' id='word_1_29' title='bbox 1416 884 1549 935; x_wconf 68' lang='lat' dir='ltr'>dirit</span> <span class='ocrx_word' id='word_1_30' title='bbox 1572 898 1586 933; x_wconf 87' lang='lat'><strong>:</strong></span> <span class='ocrx_word' id='word_1_31' title='bbox 1610 879 1745 932; x_wconf 78' lang='lat' dir='ltr'>Num</span> <span class='ocrx_word' id='word_1_32' title='bbox 1778 894 1878 946; x_wconf 81' lang='lat' dir='ltr'>ego</span> <span class='ocrx_word' id='word_1_33' title='bbox 1900 876 2191 944; x_wconf 86' lang='lat' dir='ltr'>quidquam</span> <span class='ocrx_word' id='word_1_34' title='bbox 2229 872 2374 933; x_wconf 89' lang='lat' dir='ltr'>lmic,</span> 
     </span>
    </p>
   </div>
   <div class='ocr_carea' id='block_1_7' title="bbox 806 965 2376 1045">
    <p class='ocr_par' dir='ltr' id='par_1_7' title="bbox 806 965 2376 1045">
     <span class='ocr_line' id='line_1_7' title="bbox 806 965 2376 1045; baseline -0.013 -9"><span class='ocrx_word' id='word_1_35' title='bbox 806 992 897 1035; x_wconf 90' lang='lat' dir='ltr'>aut</span> <span class='ocrx_word' id='word_1_36' title='bbox 941 981 1065 1033; x_wconf 83' lang='lat' dir='ltr'>huic</span> <span class='ocrx_word' id='word_1_37' title='bbox 1106 978 1368 1037; x_wconf 81' lang='lat' dir='ltr'>eunccdo,</span> <span class='ocrx_word' id='word_1_38' title='bbox 1399 977 1525 1045; x_wconf 88' lang='lat' dir='ltr'>quia</span> <span class='ocrx_word' id='word_1_39' title='bbox 1561 974 1645 1025; x_wconf 87' lang='lat' dir='ltr'>ille</span> <span class='ocrx_word' id='word_1_40' title='bbox 1676 984 1830 1025; x_wconf 91' lang='lat' dir='ltr'>stans</span> <span class='ocrx_word' id='word_1_41' title='bbox 1855 967 2142 1023; x_wconf 84' lang='lat' dir='ltr'>innititur?</span> <span class='ocrx_word' id='word_1_42' title='bbox 2168 973 2222 1018; x_wconf 90' lang='lat' dir='ltr'>et</span> <span class='ocrx_word' id='word_1_43' title='bbox 2262 965 2376 1017; x_wconf 89' lang='lat' dir='ltr'>abit</span> 
     </span>
    </p>
   </div>
   <div class='ocr_carea' id='block_1_8' title="bbox 806 1054 2373 1137">
    <p class='ocr_par' dir='ltr' id='par_1_8' title="bbox 806 1054 2373 1137">
     <span class='ocr_line' id='line_1_8' title="bbox 806 1054 2373 1137; baseline -0.013 -14"><span class='ocrx_word' id='word_1_44' title='bbox 806 1088 869 1123; x_wconf 92' lang='lat' dir='ltr'>ac</span> <span class='ocrx_word' id='word_1_45' title='bbox 909 1072 1148 1137; x_wconf 82' lang='lat' dir='ltr'>scipsum</span> <span class='ocrx_word' id='word_1_46' title='bbox 1180 1069 1287 1120; x_wconf 71' lang='lat' dir='ltr'>illis</span> <span class='ocrx_word' id='word_1_47' title='bbox 1330 1067 1549 1127; x_wconf 87' lang='lat' dir='ltr'>stando,</span> <span class='ocrx_word' id='word_1_48' title='bbox 1581 1075 1633 1116; x_wconf 89' lang='lat' dir='ltr'>et</span> <span class='ocrx_word' id='word_1_49' title='bbox 1672 1062 1958 1115; x_wconf 89' lang='lat' dir='ltr'>innitendo</span> <span class='ocrx_word' id='word_1_50' title='bbox 1984 1065 2248 1124; x_wconf 64' lang='lat' dir='ltr'>exaequat,</span> <span class='ocrx_word' id='word_1_51' title='bbox 2282 1054 2373 1120; x_wconf 92' lang='lat' dir='ltr'>qni</span> 
     </span>
    </p>
   </div>
   <div class='ocr_carea' id='block_1_9' title="bbox 809 1148 2377 1231">
    <p class='ocr_par' dir='ltr' id='par_1_9' title="bbox 809 1148 2377 1231">
     <span class='ocr_line' id='line_1_9' title="bbox 809 1148 2377 1231; baseline -0.01 -17"><span class='ocrx_word' id='word_1_52' title='bbox 809 1162 1043 1231; x_wconf 69' lang='lat' dir='ltr'>fortasse</span> <span class='ocrx_word' id='word_1_53' title='bbox 1080 1160 1340 1227; x_wconf 73' lang='lat' dir='ltr'>indignus</span> <span class='ocrx_word' id='word_1_54' title='bbox 1374 1166 1455 1210; x_wconf 71' lang='lat' dir='ltr'>est</span> <span class='ocrx_word' id='word_1_55' title='bbox 1497 1158 1659 1208; x_wconf 80' lang='lat' dir='ltr'>etiam</span> <span class='ocrx_word' id='word_1_56' title='bbox 1692 1155 1955 1208; x_wconf 84' lang='lat' dir='ltr'>inferiore</span> <span class='ocrx_word' id='word_1_57' title='bbox 1992 1153 2131 1211; x_wconf 91' lang='lat' dir='ltr'>loco,</span> <span class='ocrx_word' id='word_1_58' title='bbox 2158 1148 2377 1218; x_wconf 83' lang='lat' dir='ltr'>quando</span> 
     </span>
    </p>
   </div>
   <div class='ocr_carea' id='block_1_10' title="bbox 808 1240 2377 1313">
    <p class='ocr_par' dir='ltr' id='par_1_10' title="bbox 808 1240 2377 1313">
     <span class='ocr_line' id='line_1_10' title="bbox 808 1240 2377 1313; baseline -0.01 -8"><span class='ocrx_word' id='word_1_59' title='bbox 808 1253 896 1305; x_wconf 78' lang='lat' dir='ltr'>hic</span> <span class='ocrx_word' id='word_1_60' title='bbox 928 1268 1084 1305; x_wconf 84' lang='lat' dir='ltr'>suam</span> <span class='ocrx_word' id='word_1_61' title='bbox 1121 1252 1498 1304; x_wconf 88' lang='lat' dir='ltr'>infirmitatem</span> <span class='ocrx_word' id='word_1_62' title='bbox 1534 1254 1816 1313; x_wconf 78' lang='lat' dir='ltr'>agnoscat.</span> <span class='ocrx_word' id='word_1_63' title='bbox 1863 1255 1918 1296; x_wconf 90' lang='lat' dir='ltr'>ut</span> <span class='ocrx_word' id='word_1_64' title='bbox 1956 1258 2019 1297; x_wconf 87' lang='lat' dir='ltr'>ex</span> <span class='ocrx_word' id='word_1_65' title='bbox 2074 1242 2257 1293; x_wconf 82' lang='lat' dir='ltr'>animo</span> <span class='ocrx_word' id='word_1_66' title='bbox 2295 1240 2377 1291; x_wconf 84' lang='lat' dir='ltr'>in-</span> 
     </span>
    </p>
   </div>
   <div class='ocr_carea' id='block_1_11' title="bbox 807 1331 2381 1410">
    <p class='ocr_par' dir='ltr' id='par_1_11' title="bbox 807 1331 2381 1410">
     <span class='ocr_line' id='line_1_11' title="bbox 807 1331 2381 1410; baseline -0.008 -14"><span class='ocrx_word' id='word_1_67' title='bbox 807 1346 1128 1410; x_wconf 62' lang='lat' dir='ltr'>gemiscens,</span> <span class='ocrx_word' id='word_1_68' title='bbox 1175 1343 1337 1393; x_wconf 85' lang='lat' dir='ltr'>corde</span> <span class='ocrx_word' id='word_1_69' title='bbox 1403 1348 1827 1407; x_wconf 71' lang='lat' dir='ltr'>compungatur,</span> <span class='ocrx_word' id='word_1_70' title='bbox 1891 1343 1945 1388; x_wconf 85' lang='lat' dir='ltr'>ct</span> <span class='ocrx_word' id='word_1_71' title='bbox 1986 1334 2162 1387; x_wconf 88' lang='lat' dir='ltr'>oculis</span> <span class='ocrx_word' id='word_1_72' title='bbox 2210 1331 2381 1384; x_wconf 68' lang='lat' dir='ltr'>fleat?</span> 
     </span>
    </p>
   </div>
   <div class='ocr_carea' id='block_1_12' title="bbox 808 1423 2372 1499">
    <p class='ocr_par' dir='ltr' id='par_1_12' title="bbox 808 1423 2372 1499">
     <span class='ocr_line' id='line_1_12' title="bbox 808 1423 2372 1499; baseline -0.01 -13"><span class='ocrx_word' id='word_1_73' title='bbox 808 1436 958 1486; x_wconf 69' lang='lat' dir='ltr'>Vana</span> <span class='ocrx_word' id='word_1_74' title='bbox 990 1432 1189 1499; x_wconf 83' lang='lat' dir='ltr'>quippe</span> <span class='ocrx_word' id='word_1_75' title='bbox 1216 1431 1386 1498; x_wconf 76' lang='lat' dir='ltr'>gloria</span> <span class='ocrx_word' id='word_1_76' title='bbox 1440 1446 1561 1481; x_wconf 80' lang='lat' dir='ltr'>eum</span> <span class='ocrx_word' id='word_1_77' title='bbox 1612 1443 1829 1481; x_wconf 79' lang='lat' dir='ltr'>Servum</span> <span class='ocrx_word' id='word_1_78' title='bbox 1881 1425 2081 1477; x_wconf 70' lang='lat' dir='ltr'>acedite</span> <span class='ocrx_word' id='word_1_79' title='bbox 2119 1423 2372 1484; x_wconf 81' lang='lat' dir='ltr'>tradens,</span> 
     </span>
    </p>
   </div>
   <div class='ocr_carea' id='block_1_13' title="bbox 810 1515 2379 1591">
    <p class='ocr_par' dir='ltr' id='par_1_13' title="bbox 810 1515 2379 1591">
     <span class='ocr_line' id='line_1_13' title="bbox 810 1515 2379 1591; baseline -0.01 -13"><span class='ocrx_word' id='word_1_80' title='bbox 810 1524 1185 1591; x_wconf 74' lang='lat' dir='ltr'>lion-amplius</span> <span class='ocrx_word' id='word_1_81' title='bbox 1228 1523 1335 1576; x_wconf 89' lang='lat' dir='ltr'>ulla</span> <span class='ocrx_word' id='word_1_82' title='bbox 1372 1522 1422 1572; x_wconf 92' lang='lat' dir='ltr'>in</span> <span class='ocrx_word' id='word_1_83' title='bbox 1479 1536 1533 1573; x_wconf 91' lang='lat' dir='ltr'>re</span> <span class='ocrx_word' id='word_1_84' title='bbox 1583 1536 1706 1572; x_wconf 89' lang='lat' dir='ltr'>cum</span> <span class='ocrx_word' id='word_1_85' title='bbox 1753 1518 2016 1587; x_wconf 73' lang='lat' dir='ltr'>patientia</span> <span class='ocrx_word' id='word_1_86' title='bbox 2075 1515 2379 1584; x_wconf 75' lang='lat' dir='ltr'>perdurare</span> 
     </span>
    </p>
   </div>
   <div class='ocr_carea' id='block_1_14' title="bbox 810 1607 2383 1679">
    <p class='ocr_par' dir='ltr' id='par_1_14' title="bbox 810 1607 2383 1679">
     <span class='ocr_line' id='line_1_14' title="bbox 810 1607 2383 1679; baseline -0.006 -14"><span class='ocrx_word' id='word_1_87' title='bbox 810 1617 961 1669; x_wconf 78' lang='lat' dir='ltr'>sinit.</span> <span class='ocrx_word' id='word_1_88' title='bbox 996 1617 1061 1669; x_wconf 85' lang='lat' dir='ltr'>Et</span> <span class='ocrx_word' id='word_1_89' title='bbox 1093 1616 1226 1668; x_wconf 84' lang='lat' dir='ltr'>vivit</span> <span class='ocrx_word' id='word_1_90' title='bbox 1295 1613 1492 1665; x_wconf 85' lang='lat' dir='ltr'>deinde</span> <span class='ocrx_word' id='word_1_91' title='bbox 1532 1612 1761 1679; x_wconf 80' lang='lat' dir='ltr'>quisque</span> <span class='ocrx_word' id='word_1_92' title='bbox 1796 1610 1921 1663; x_wconf 88' lang='lat' dir='ltr'>talis</span> <span class='ocrx_word' id='word_1_93' title='bbox 1955 1612 2010 1661; x_wconf 91' lang='lat' dir='ltr'>in</span> <span class='ocrx_word' id='word_1_94' title='bbox 2066 1607 2297 1675; x_wconf 74' lang='lat' dir='ltr'>segnitie</span> <span class='ocrx_word' id='word_1_95' title='bbox 2329 1613 2383 1657; x_wconf 88' lang='lat' dir='ltr'>et</span> 
     </span>
    </p>
   </div>
   <div class='ocr_carea' id='block_1_15' title="bbox 810 1696 2382 1777">
    <p class='ocr_par' dir='ltr' id='par_1_15' title="bbox 810 1696 2382 1777">
     <span class='ocr_line' id='line_1_15' title="bbox 810 1696 2382 1777; baseline -0.009 -15"><span class='ocrx_word' id='word_1_96' title='bbox 810 1710 1139 1777; x_wconf 77' lang='lat' dir='ltr'>negligentia</span> <span class='ocrx_word' id='word_1_97' title='bbox 1181 1708 1246 1759; x_wconf 92' lang='lat' dir='ltr'>ad</span> <span class='ocrx_word' id='word_1_98' title='bbox 1287 1720 1506 1759; x_wconf 88' lang='lat' dir='ltr'>onmem</span> <span class='ocrx_word' id='word_1_99' title='bbox 1566 1702 1835 1773; x_wconf 76' lang='lat' dir='ltr'>Synaxin,</span> <span class='ocrx_word' id='word_1_100' title='bbox 1877 1700 2274 1755; x_wconf 78' lang='lat' dir='ltr'>accedentibus</span> <span class='ocrx_word' id='word_1_101' title='bbox 2314 1696 2382 1749; x_wconf 92' lang='lat' dir='ltr'>ad</span> 
     </span>
    </p>
   </div>
   <div class='ocr_carea' id='block_1_16' title="bbox 2031 389 2795 459">
    <p class='ocr_par' dir='ltr' id='par_1_16' title="bbox 2031 389 2795 459">
     <span class='ocr_line' id='line_1_16' title="bbox 2031 389 2795 459; baseline -0.016 0"><span class='ocrx_word' id='word_1_102' title='bbox 2031 391 2407 459; x_wconf 69' lang='lat' dir='ltr'>SYMEONIS</span> <span class='ocrx_word' id='word_1_103' title='bbox 2431 389 2795 450; x_wconf 82' lang='lat' dir='ltr'>JUNlORlS</span> 
     </span>
    </p>
   </div>
   <div class='ocr_carea' id='block_1_17' title="bbox 1594 498 4044 568">
    <p class='ocr_par' dir='ltr' id='par_1_17' title="bbox 1594 498 4044 568">
     <span class='ocr_line' id='line_1_17' title="bbox 1594 498 4044 568; baseline -0.009 -2"><span class='ocrx_word' id='word_1_104' title='bbox 1594 513 1829 568; x_wconf 77' lang='lat' dir='ltr'>statione</span> <span class='ocrx_word' id='word_1_105' title='bbox 1894 508 2186 568; x_wconf 67' lang='lat' dir='ltr'>Ecclesim,</span> <span class='ocrx_word' id='word_1_106' title='bbox 2242 518 2367 555; x_wconf 90' lang='lat' dir='ltr'>cum</span> <span class='ocrx_word' id='word_1_107' title='bbox 2403 503 2444 558; x_wconf 78' lang='grc' dir='ltr'>Α</span> <span class='ocrx_word' id='word_1_108' title='bbox 2477 499 2643 559; x_wconf 85' lang='lat' dir='ltr'>lihns,</span> <span class='ocrx_word' id='word_1_109' title='bbox 2700 508 2990 568; x_wconf 79' lang='lat' dir='ltr'>antequam</span> <span class='ocrx_word' id='word_1_110' title='bbox 3050 514 3107 551; x_wconf 90' lang='lat' dir='ltr'>se</span> <span class='ocrx_word' id='word_1_111' title='bbox 3166 499 3524 568; x_wconf 76' lang='lat' dir='ltr'>subiecerint,</span> <span class='ocrx_word' id='word_1_112' title='bbox 3566 507 3619 553; x_wconf 90' lang='lat' dir='ltr'>et</span> <span class='ocrx_word' id='word_1_113' title='bbox 3672 500 3723 551; x_wconf 91' lang='lat' dir='ltr'>in</span> <span class='ocrx_word' id='word_1_114' title='bbox 3758 513 3925 567; x_wconf 80' lang='lat' dir='ltr'>opere</span> <span class='ocrx_word' id='word_1_115' title='bbox 3962 498 4044 551; x_wconf 61' lang='lat' dir='ltr'>Dei</span> 
     </span>
    </p>
   </div>
   <div class='ocr_carea' id='block_1_18' title="bbox 3947 384 4040 448">
    <p class='ocr_par' dir='ltr' id='par_1_18' title="bbox 3947 384 4040 448">
     <span class='ocr_line' id='line_1_18' title="bbox 3947 384 4040 448; baseline -0.043 1"><span class='ocrx_word' id='word_1_116' title='bbox 3947 384 4040 448; x_wconf 67' lang='grc'><strong>484</strong></span> 
     </span>
    </p>
   </div>
   <div class='ocr_carea' id='block_1_19' title="bbox 2478 588 4046 656">
    <p class='ocr_par' dir='ltr' id='par_1_19' title="bbox 2478 588 4046 656">
     <span class='ocr_line' id='line_1_19' title="bbox 2478 588 4046 656; baseline -0.003 -12"><span class='ocrx_word' id='word_1_117' title='bbox 2478 591 2801 653; x_wconf 87' lang='lat' dir='ltr'>laborarint,</span> <span class='ocrx_word' id='word_1_118' title='bbox 2866 604 2929 643; x_wconf 88' lang='lat' dir='ltr'>ac</span> <span class='ocrx_word' id='word_1_119' title='bbox 2978 590 3251 651; x_wconf 83' lang='lat' dir='ltr'>sudatint,</span> <span class='ocrx_word' id='word_1_120' title='bbox 3307 589 3555 656; x_wconf 90' lang='lat' dir='ltr'>corporis</span> <span class='ocrx_word' id='word_1_121' title='bbox 3622 588 4046 641; x_wconf 82' lang='lat' dir='ltr'>imbecillitatem</span> 
     </span>
    </p>
   </div>
   <div class='ocr_carea' id='block_1_20' title="bbox 2477 678 4044 756">
    <p class='ocr_par' dir='ltr' id='par_1_20' title="bbox 2477 678 4044 756">
     <span class='ocr_line' id='line_1_20' title="bbox 2477 678 4044 756; baseline -0.006 -18"><span class='ocrx_word' id='word_1_122' title='bbox 2477 686 2903 756; x_wconf 70' lang='lat' dir='ltr'>przetendcntes,</span> <span class='ocrx_word' id='word_1_123' title='bbox 2924 684 3151 737; x_wconf 89' lang='lat' dir='ltr'>abeunt.</span> <span class='ocrx_word' id='word_1_124' title='bbox 3175 687 3344 741; x_wconf 84' lang='lat' dir='ltr'>stant,</span> <span class='ocrx_word' id='word_1_125' title='bbox 3380 680 3723 738; x_wconf 76' lang='lat' dir='ltr'>innituntur,</span> <span class='ocrx_word' id='word_1_126' title='bbox 3752 687 3809 729; x_wconf 90' lang='lat' dir='ltr'>ut</span> <span class='ocrx_word' id='word_1_127' title='bbox 3843 678 4044 728; x_wconf 79' lang='lat' dir='ltr'>dictant</span> 
     </span>
    </p>
   </div>
   <div class='ocr_carea' id='block_1_21' title="bbox 2478 771 4045 846">
    <p class='ocr_par' dir='ltr' id='par_1_21' title="bbox 2478 771 4045 846">
     <span class='ocr_line' id='line_1_21' title="bbox 2478 771 4045 846; baseline -0.009 -11"><span class='ocrx_word' id='word_1_128' title='bbox 2478 790 2582 840; x_wconf 73' lang='grc' dir='ltr'>ρει,</span> <span class='ocrx_word' id='word_1_129' title='bbox 2626 795 2747 833; x_wconf 90' lang='lat' dir='ltr'>cum</span> <span class='ocrx_word' id='word_1_130' title='bbox 2783 779 2872 839; x_wconf 84' lang='lat' dir='ltr'>iis,</span> <span class='ocrx_word' id='word_1_131' title='bbox 2908 776 3001 846; x_wconf 87' lang='lat' dir='ltr'>qui</span> <span class='ocrx_word' id='word_1_132' title='bbox 3032 777 3235 828; x_wconf 88' lang='lat' dir='ltr'>multos</span> <span class='ocrx_word' id='word_1_133' title='bbox 3266 774 3375 840; x_wconf 89' lang='lat' dir='ltr'>jam</span> <span class='ocrx_word' id='word_1_134' title='bbox 3411 773 3627 825; x_wconf 86' lang='lat' dir='ltr'>labores</span> <span class='ocrx_word' id='word_1_135' title='bbox 3656 771 4045 824; x_wconf 87' lang='lat' dir='ltr'>exhauserunt.</span> 
     </span>
    </p>
   </div>
   <div class='ocr_carea' id='block_1_22' title="bbox 2478 860 4049 939">
    <p class='ocr_par' dir='ltr' id='par_1_22' title="bbox 2478 860 4049 939">
     <span class='ocr_line' id='line_1_22' title="bbox 2478 860 4049 939; baseline -0.006 -15"><span class='ocrx_word' id='word_1_136' title='bbox 2478 870 2544 924; x_wconf 82' lang='lat' dir='ltr'>Et</span> <span class='ocrx_word' id='word_1_137' title='bbox 2575 871 2619 923; x_wconf 88' lang='lat' dir='ltr'>si</span> <span class='ocrx_word' id='word_1_138' title='bbox 2652 870 2930 939; x_wconf 77' lang='lat' dir='ltr'>proximus</span> <span class='ocrx_word' id='word_1_139' title='bbox 2960 871 3212 934; x_wconf 73' lang='lat' dir='ltr'>cuiq-iam</span> <span class='ocrx_word' id='word_1_140' title='bbox 3249 865 3445 916; x_wconf 90' lang='lat' dir='ltr'>horum</span> <span class='ocrx_word' id='word_1_141' title='bbox 3483 862 3685 915; x_wconf 77' lang='lat' dir='ltr'>dixerit</span> <span class='ocrx_word' id='word_1_142' title='bbox 3715 881 3728 913; x_wconf 91' lang='lat'>:</span> <span class='ocrx_word' id='word_1_143' title='bbox 3765 860 4049 931; x_wconf 79' lang='lat' dir='ltr'>Ingredere</span> 
     </span>
    </p>
   </div>
   <div class='ocr_carea' id='block_1_23' title="bbox 2481 952 4045 1020">
    <p class='ocr_par' dir='ltr' id='par_1_23' title="bbox 2481 952 4045 1020">
     <span class='ocr_line' id='line_1_23' title="bbox 2481 952 4045 1020; baseline -0.007 -4"><span class='ocrx_word' id='word_1_144' title='bbox 2481 962 2647 1017; x_wconf 79' lang='lat' dir='ltr'>frater</span> <span class='ocrx_word' id='word_1_145' title='bbox 2681 963 2734 1013; x_wconf 91' lang='lat' dir='ltr'>in</span> <span class='ocrx_word' id='word_1_146' title='bbox 2762 971 3087 1013; x_wconf 86' lang='lat' dir='ltr'>consuetum</span> <span class='ocrx_word' id='word_1_147' title='bbox 3128 959 3225 1011; x_wconf 90' lang='lat' dir='ltr'>tibi</span> <span class='ocrx_word' id='word_1_148' title='bbox 3265 958 3442 1009; x_wconf 88' lang='lat' dir='ltr'>locum</span> <span class='ocrx_word' id='word_1_149' title='bbox 3472 996 3487 1020; x_wconf 95' lang='lat'>,</span> <span class='ocrx_word' id='word_1_150' title='bbox 3519 965 3572 1008; x_wconf 86' lang='lat' dir='ltr'>et</span> <span class='ocrx_word' id='word_1_151' title='bbox 3605 952 3685 1008; x_wconf 83' lang='lat' dir='ltr'>sta</span> <span class='ocrx_word' id='word_1_152' title='bbox 3737 956 3849 1007; x_wconf 88' lang='lat' dir='ltr'>illic</span> <span class='ocrx_word' id='word_1_153' title='bbox 3909 954 4045 1020; x_wconf 71' lang='grc' dir='ltr'>ρεπιι-</span> 
     </span>
    </p>
   </div>
   <div class='ocr_carea' id='block_1_24' title="bbox 2482 1045 4051 1120">
    <p class='ocr_par' dir='ltr' id='par_1_24' title="bbox 2482 1045 4051 1120">
     <span class='ocr_line' id='line_1_24' title="bbox 2482 1045 4051 1120; baseline -0.006 -12"><span class='ocrx_word' id='word_1_154' title='bbox 2482 1057 2598 1109; x_wconf 83' lang='lat' dir='ltr'>lens</span> <span class='ocrx_word' id='word_1_155' title='bbox 2629 1070 2751 1107; x_wconf 84' lang='lat' dir='ltr'>eum</span> <span class='ocrx_word' id='word_1_156' title='bbox 2797 1052 3076 1111; x_wconf 82' lang='lat' dir='ltr'>fratribus,</span> <span class='ocrx_word' id='word_1_157' title='bbox 3110 1060 3265 1120; x_wconf 89' lang='lat' dir='ltr'>potes</span> <span class='ocrx_word' id='word_1_158' title='bbox 3300 1050 3470 1110; x_wconf 81' lang='lat' dir='ltr'>enim,</span> <span class='ocrx_word' id='word_1_159' title='bbox 3508 1049 3825 1116; x_wconf 77' lang='lat' dir='ltr'>respondet:</span> <span class='ocrx_word' id='word_1_160' title='bbox 3859 1045 3933 1099; x_wconf 80' lang='lat' dir='ltr'>Ex</span> <span class='ocrx_word' id='word_1_161' title='bbox 3957 1047 4051 1098; x_wconf 88' lang='lat' dir='ltr'>hoc</span> 
     </span>
    </p>
   </div>
   <div class='ocr_carea' id='block_1_25' title="bbox 2482 1138 4047 1208">
    <p class='ocr_par' dir='ltr' id='par_1_25' title="bbox 2482 1138 4047 1208">
     <span class='ocr_line' id='line_1_25' title="bbox 2482 1138 4047 1208; baseline -0.008 -6"><span class='ocrx_word' id='word_1_162' title='bbox 2482 1150 2602 1203; x_wconf 89' lang='lat' dir='ltr'>loco</span> <span class='ocrx_word' id='word_1_163' title='bbox 2631 1146 2896 1199; x_wconf 88' lang='lat' dir='ltr'>attentius</span> <span class='ocrx_word' id='word_1_164' title='bbox 2953 1144 3185 1196; x_wconf 81' lang='lat' dir='ltr'>audiens</span> <span class='ocrx_word' id='word_1_165' title='bbox 3231 1142 3426 1193; x_wconf 78' lang='lat' dir='ltr'>melius</span> <span class='ocrx_word' id='word_1_166' title='bbox 3468 1141 3642 1208; x_wconf 90' lang='lat' dir='ltr'>psallo</span> <span class='ocrx_word' id='word_1_167' title='bbox 3672 1182 3686 1202; x_wconf 96' lang='lat'>,</span> <span class='ocrx_word' id='word_1_168' title='bbox 3736 1154 3901 1207; x_wconf 87' lang='lat' dir='ltr'>quam</span> <span class='ocrx_word' id='word_1_169' title='bbox 3960 1138 4047 1189; x_wconf 89' lang='lat' dir='ltr'>ubi</span> 
     </span>
    </p>
   </div>
   <div class='ocr_carea' id='block_1_26' title="bbox 2481 1227 4041 1300">
    <p class='ocr_par' dir='ltr' id='par_1_26' title="bbox 2481 1227 4041 1300">
     <span class='ocr_line' id='line_1_26' title="bbox 2481 1227 4041 1300; baseline -0.01 -5"><span class='ocrx_word' id='word_1_170' title='bbox 2481 1250 2630 1295; x_wconf 88' lang='lat' dir='ltr'>stare</span> <span class='ocrx_word' id='word_1_171' title='bbox 2673 1238 2957 1292; x_wconf 89' lang='lat' dir='ltr'>consuevi.</span> <span class='ocrx_word' id='word_1_172' title='bbox 3003 1234 3163 1300; x_wconf 86' lang='lat' dir='ltr'>Quod</span> <span class='ocrx_word' id='word_1_173' title='bbox 3206 1235 3251 1286; x_wconf 91' lang='lat' dir='ltr'>si</span> <span class='ocrx_word' id='word_1_174' title='bbox 3303 1232 3471 1286; x_wconf 78' lang='lat' dir='ltr'>frater</span> <span class='ocrx_word' id='word_1_175' title='bbox 3526 1230 3842 1293; x_wconf 78' lang='lat' dir='ltr'>adiunxerit</span> <span class='ocrx_word' id='word_1_176' title='bbox 3876 1247 3889 1281; x_wconf 94' lang='lat'>:</span> <span class='ocrx_word' id='word_1_177' title='bbox 3928 1227 4041 1280; x_wconf 80' lang='lat' dir='ltr'>Non</span> 
     </span>
    </p>
   </div>
   <div class='ocr_carea' id='block_1_27' title="bbox 2481 1324 4051 1402">
    <p class='ocr_par' dir='ltr' id='par_1_27' title="bbox 2481 1324 4051 1402">
     <span class='ocr_line' id='line_1_27' title="bbox 2481 1324 4051 1402; baseline -0.011 -16"><span class='ocrx_word' id='word_1_178' title='bbox 2481 1340 2635 1402; x_wconf 85' lang='lat' dir='ltr'>potes</span> <span class='ocrx_word' id='word_1_179' title='bbox 2669 1331 2758 1384; x_wconf 88' lang='lat' dir='ltr'>hic</span> <span class='ocrx_word' id='word_1_180' title='bbox 2790 1341 2956 1393; x_wconf 89' lang='lat' dir='ltr'>stare,</span> <span class='ocrx_word' id='word_1_181' title='bbox 2987 1326 3179 1389; x_wconf 80' lang='lat' dir='ltr'>frater,</span> <span class='ocrx_word' id='word_1_182' title='bbox 3217 1328 3355 1377; x_wconf 89' lang='lat' dir='ltr'>cit-a</span> <span class='ocrx_word' id='word_1_183' title='bbox 3391 1324 3706 1377; x_wconf 76' lang='lat' dir='ltr'>facultatem</span> <span class='ocrx_word' id='word_1_184' title='bbox 3762 1338 3789 1374; x_wconf 91' lang='lat' dir='ltr'>a</span> <span class='ocrx_word' id='word_1_185' title='bbox 3840 1337 4051 1390; x_wconf 69' lang='lat' dir='ltr'>przepo-</span> 
     </span>
    </p>
   </div>
   <div class='ocr_carea' id='block_1_28' title="bbox 2483 1412 4052 1490">
    <p class='ocr_par' dir='ltr' id='par_1_28' title="bbox 2483 1412 4052 1490">
     <span class='ocr_line' id='line_1_28' title="bbox 2483 1412 4052 1490; baseline -0.01 -11"><span class='ocrx_word' id='word_1_186' title='bbox 2483 1425 2589 1480; x_wconf 88' lang='lat' dir='ltr'>sito</span> <span class='ocrx_word' id='word_1_187' title='bbox 2621 1430 2815 1476; x_wconf 90' lang='lat' dir='ltr'>nostro</span> <span class='ocrx_word' id='word_1_188' title='bbox 2853 1424 3220 1490; x_wconf 83' lang='lat' dir='ltr'>impetratam.</span> <span class='ocrx_word' id='word_1_189' title='bbox 3256 1419 3441 1470; x_wconf 81' lang='lat' dir='ltr'>statim</span> <span class='ocrx_word' id='word_1_190' title='bbox 3480 1414 3793 1482; x_wconf 67' lang='lat' dir='ltr'>digrediens</span> <span class='ocrx_word' id='word_1_191' title='bbox 3821 1453 3836 1475; x_wconf 93' lang='lat'>,</span> <span class='ocrx_word' id='word_1_192' title='bbox 3876 1412 4052 1464; x_wconf 86' lang='lat' dir='ltr'>facul-</span> 
     </span>
    </p>
   </div>
   <div class='ocr_carea' id='block_1_29' title="bbox 2484 1507 4052 1577">
    <p class='ocr_par' dir='ltr' id='par_1_29' title="bbox 2484 1507 4052 1577">
     <span class='ocr_line' id='line_1_29' title="bbox 2484 1507 4052 1577; baseline -0.012 -5"><span class='ocrx_word' id='word_1_193' title='bbox 2484 1527 2646 1572; x_wconf 87' lang='lat' dir='ltr'>tatem</span> <span class='ocrx_word' id='word_1_194' title='bbox 2677 1520 2798 1566; x_wconf 87' lang='lat' dir='ltr'>orat</span> <span class='ocrx_word' id='word_1_195' title='bbox 2826 1552 2840 1576; x_wconf 96' lang='lat'>,</span> <span class='ocrx_word' id='word_1_196' title='bbox 2873 1528 3076 1577; x_wconf 84' lang='lat' dir='ltr'>corpus</span> <span class='ocrx_word' id='word_1_197' title='bbox 3105 1510 3283 1564; x_wconf 85' lang='lat' dir='ltr'>debile</span> <span class='ocrx_word' id='word_1_198' title='bbox 3333 1517 3389 1560; x_wconf 91' lang='lat' dir='ltr'>et</span> <span class='ocrx_word' id='word_1_199' title='bbox 3432 1507 3707 1559; x_wconf 89' lang='lat' dir='ltr'>infirmum</span> <span class='ocrx_word' id='word_1_200' title='bbox 3741 1517 4015 1557; x_wconf 83' lang='lat' dir='ltr'>excusans</span> <span class='ocrx_word' id='word_1_201' title='bbox 4039 1542 4052 1562; x_wconf 94' lang='lat'>,</span> 
     </span>
    </p>
   </div>
   <div class='ocr_carea' id='block_1_30' title="bbox 2483 1598 4052 1673">
    <p class='ocr_par' dir='ltr' id='par_1_30' title="bbox 2483 1598 4052 1673">
     <span class='ocr_line' id='line_1_30' title="bbox 2483 1598 4052 1673; baseline -0.013 -9"><span class='ocrx_word' id='word_1_202' title='bbox 2483 1610 2656 1664; x_wconf 88' lang='lat' dir='ltr'>donec</span> <span class='ocrx_word' id='word_1_203' title='bbox 2674 1608 2780 1660; x_wconf 90' lang='lat' dir='ltr'>voti</span> <span class='ocrx_word' id='word_1_204' title='bbox 2805 1621 3031 1673; x_wconf 89' lang='lat' dir='ltr'>compos</span> <span class='ocrx_word' id='word_1_205' title='bbox 3053 1605 3165 1663; x_wconf 83' lang='lat' dir='ltr'>fiat.</span> <span class='ocrx_word' id='word_1_206' title='bbox 3197 1614 3246 1655; x_wconf 89' lang='lat' dir='ltr'>et</span> <span class='ocrx_word' id='word_1_207' title='bbox 3275 1619 3286 1653; x_wconf 93' lang='lat'>:</span> <span class='ocrx_word' id='word_1_208' title='bbox 3312 1600 3379 1655; x_wconf 90' lang='lat' dir='ltr'>Ut</span> <span class='ocrx_word' id='word_1_209' title='bbox 3403 1600 3623 1653; x_wconf 88' lang='lat' dir='ltr'>audiam</span> <span class='ocrx_word' id='word_1_210' title='bbox 3651 1600 3835 1659; x_wconf 64' lang='lat' dir='ltr'>Pater,</span> <span class='ocrx_word' id='word_1_211' title='bbox 3858 1598 4052 1663; x_wconf 85' lang='lat' dir='ltr'>inquit,</span> 
     </span>
    </p>
   </div>
   <div class='ocr_carea' id='block_1_31' title="bbox 2486 1688 4055 1771">
    <p class='ocr_par' dir='ltr' id='par_1_31' title="bbox 2486 1688 4055 1771">
     <span class='ocr_line' id='line_1_31' title="bbox 2486 1688 4055 1771; baseline -0.012 -17"><span class='ocrx_word' id='word_1_212' title='bbox 2486 1698 3081 1771; x_wconf 86' lang='lat' dir='ltr'>protocanonareham,</span> <span class='ocrx_word' id='word_1_213' title='bbox 3115 1707 3167 1748; x_wconf 92' lang='lat' dir='ltr'>et</span> <span class='ocrx_word' id='word_1_214' title='bbox 3198 1704 3337 1747; x_wconf 82' lang='lat' dir='ltr'>stem</span> <span class='ocrx_word' id='word_1_215' title='bbox 3372 1693 3422 1744; x_wconf 93' lang='lat' dir='ltr'>in</span> <span class='ocrx_word' id='word_1_216' title='bbox 3462 1691 3635 1759; x_wconf 89' lang='lat' dir='ltr'>prima</span> <span class='ocrx_word' id='word_1_217' title='bbox 3669 1688 3932 1750; x_wconf 84' lang='lat' dir='ltr'>statione,</span> <span class='ocrx_word' id='word_1_218' title='bbox 3972 1696 4055 1736; x_wconf 70' lang='lat' dir='ltr'>aut</span> 
     </span>
    </p>
   </div>
   <div class='ocr_carea' id='block_1_32' title="bbox 811 1779 4054 1887">
    <p class='ocr_par' dir='ltr' id='par_1_32' title="bbox 811 1779 4054 1887">
     <span class='ocr_line' id='line_1_32' title="bbox 811 1779 4054 1887; baseline -0.007 -34"><span class='ocrx_word' id='word_1_219' title='bbox 811 1815 959 1859; x_wconf 92' lang='lat' dir='ltr'>cum,</span> <span class='ocrx_word' id='word_1_220' title='bbox 988 1810 1040 1851; x_wconf 87' lang='lat' dir='ltr'>et</span> <span class='ocrx_word' id='word_1_221' title='bbox 1065 1798 1322 1851; x_wconf 86' lang='lat' dir='ltr'>audiendi</span> <span class='ocrx_word' id='word_1_222' title='bbox 1348 1796 1565 1864; x_wconf 86' lang='lat' dir='ltr'>cupidis</span> <span class='ocrx_word' id='word_1_223' title='bbox 1613 1795 1928 1863; x_wconf 86' lang='lat' dir='ltr'>frequenter</span> <span class='ocrx_word' id='word_1_224' title='bbox 1976 1792 2210 1845; x_wconf 78' lang='lat' dir='ltr'>narrans</span> <span class='ocrx_word' id='word_1_225' title='bbox 2262 1788 2383 1842; x_wconf 83' lang='lat' dir='ltr'>ina-</span> <span class='ocrx_word' id='word_1_226' title='bbox 2419 1834 2458 1887; x_wconf 69' lang='grc' dir='ltr'>Β</span> <span class='ocrx_word' id='word_1_227' title='bbox 2487 1794 2732 1846; x_wconf 77' lang='lat' dir='ltr'>secunda</span> <span class='ocrx_word' id='word_1_228' title='bbox 2770 1806 2939 1859; x_wconf 80' lang='lat' dir='ltr'>prope</span> <span class='ocrx_word' id='word_1_229' title='bbox 2972 1789 3148 1852; x_wconf 55' lang='lat' dir='ltr'>illum,</span> <span class='ocrx_word' id='word_1_230' title='bbox 3180 1796 3437 1839; x_wconf 84' lang='lat' dir='ltr'>veterano</span> <span class='ocrx_word' id='word_1_231' title='bbox 3467 1797 3650 1851; x_wconf 85' lang='lat' dir='ltr'>parem</span> <span class='ocrx_word' id='word_1_232' title='bbox 3701 1795 3759 1832; x_wconf 92' lang='lat' dir='ltr'>se</span> <span class='ocrx_word' id='word_1_233' title='bbox 3808 1779 4014 1831; x_wconf 63' lang='lat' dir='ltr'>faciens</span> <span class='ocrx_word' id='word_1_234' title='bbox 4042 1816 4054 1837; x_wconf 92' lang='lat'>,</span> 
     </span>
    </p>
   </div>
   <div class='ocr_carea' id='block_1_33' title="bbox 812 1878 2378 1945">
    <p class='ocr_par' dir='ltr' id='par_1_33' title="bbox 812 1878 2378 1945">
     <span class='ocr_line' id='line_1_33' title="bbox 812 1878 2378 1945; baseline -0.005 -9"><span class='ocrx_word' id='word_1_235' title='bbox 812 1901 929 1944; x_wconf 79' lang='lat' dir='ltr'>nes,</span> <span class='ocrx_word' id='word_1_236' title='bbox 963 1894 1014 1934; x_wconf 86' lang='lat' dir='ltr'>et</span> <span class='ocrx_word' id='word_1_237' title='bbox 1049 1884 1220 1935; x_wconf 83' lang='lat' dir='ltr'>aniles</span> <span class='ocrx_word' id='word_1_238' title='bbox 1274 1881 1500 1937; x_wconf 84' lang='lat' dir='ltr'>fabulas,</span> <span class='ocrx_word' id='word_1_239' title='bbox 1556 1881 1732 1945; x_wconf 89' lang='lat' dir='ltr'>Atque</span> <span class='ocrx_word' id='word_1_240' title='bbox 1764 1882 1835 1930; x_wconf 81' lang='lat' dir='ltr'>ita</span> <span class='ocrx_word' id='word_1_241' title='bbox 1867 1878 1984 1931; x_wconf 92' lang='lat' dir='ltr'>sine</span> <span class='ocrx_word' id='word_1_242' title='bbox 2020 1894 2183 1932; x_wconf 89' lang='lat' dir='ltr'>sensu</span> <span class='ocrx_word' id='word_1_243' title='bbox 2206 1919 2220 1940; x_wconf 93' lang='lat'>,</span> <span class='ocrx_word' id='word_1_244' title='bbox 2264 1887 2378 1941; x_wconf 88' lang='lat' dir='ltr'>aut,</span> 
     </span>
    </p>
   </div>
   <div class='ocr_carea' id='block_1_34' title="bbox 813 1969 2385 2039">
    <p class='ocr_par' dir='ltr' id='par_1_34' title="bbox 813 1969 2385 2039">
     <span class='ocr_line' id='line_1_34' title="bbox 813 1969 2385 2039; baseline -0.003 -11"><span class='ocrx_word' id='word_1_245' title='bbox 813 1986 873 2028; x_wconf 79' lang='lat' dir='ltr'>ut</span> <span class='ocrx_word' id='word_1_246' title='bbox 913 1976 1106 2027; x_wconf 81' lang='lat' dir='ltr'>melius</span> <span class='ocrx_word' id='word_1_247' title='bbox 1139 1973 1334 2037; x_wconf 88' lang='lat' dir='ltr'>dicam,</span> <span class='ocrx_word' id='word_1_248' title='bbox 1365 1974 1481 2027; x_wconf 92' lang='lat' dir='ltr'>sine</span> <span class='ocrx_word' id='word_1_249' title='bbox 1525 1971 1713 2025; x_wconf 88' lang='lat' dir='ltr'>dolore</span> <span class='ocrx_word' id='word_1_250' title='bbox 1747 1985 1867 2024; x_wconf 92' lang='lat' dir='ltr'>cum</span> <span class='ocrx_word' id='word_1_251' title='bbox 1906 1969 2300 2039; x_wconf 89' lang='lat' dir='ltr'>spiritualibus,</span> <span class='ocrx_word' id='word_1_252' title='bbox 2329 1977 2385 2023; x_wconf 82' lang='lat' dir='ltr'>et</span> 
     </span>
    </p>
   </div>
   <div class='ocr_carea' id='block_1_35' title="bbox 815 2064 2386 2134">
    <p class='ocr_par' dir='ltr' id='par_1_35' title="bbox 815 2064 2386 2134">
     <span class='ocr_line' id='line_1_35' title="bbox 815 2064 2386 2134; baseline -0.003 -13"><span class='ocrx_word' id='word_1_253' title='bbox 815 2069 983 2121; x_wconf 88' lang='lat' dir='ltr'>Deum</span> <span class='ocrx_word' id='word_1_254' title='bbox 1037 2078 1221 2120; x_wconf 86' lang='lat' dir='ltr'>sancte</span> <span class='ocrx_word' id='word_1_255' title='bbox 1270 2064 1580 2120; x_wconf 90' lang='lat' dir='ltr'>colentibus</span> <span class='ocrx_word' id='word_1_256' title='bbox 1624 2065 1758 2119; x_wconf 89' lang='lat' dir='ltr'>viris</span> <span class='ocrx_word' id='word_1_257' title='bbox 1785 2065 1850 2117; x_wconf 88' lang='lat' dir='ltr'>ad</span> <span class='ocrx_word' id='word_1_258' title='bbox 1890 2065 2102 2119; x_wconf 85' lang='lat' dir='ltr'>divinas</span> <span class='ocrx_word' id='word_1_259' title='bbox 2156 2078 2386 2134; x_wconf 82' lang='lat' dir='ltr'>synaxes</span> 
     </span>
    </p>
   </div>
   <div class='ocr_carea' id='block_1_36' title="bbox 817 2157 2387 2222">
    <p class='ocr_par' dir='ltr' id='par_1_36' title="bbox 817 2157 2387 2222">
     <span class='ocr_line' id='line_1_36' title="bbox 817 2157 2387 2222; baseline -0.002 -12"><span class='ocrx_word' id='word_1_260' title='bbox 817 2158 1170 2220; x_wconf 84' lang='lat' dir='ltr'>conveniens,</span> <span class='ocrx_word' id='word_1_261' title='bbox 1224 2159 1343 2212; x_wconf 90' lang='lat' dir='ltr'>sine</span> <span class='ocrx_word' id='word_1_262' title='bbox 1382 2158 1559 2213; x_wconf 88' lang='lat' dir='ltr'>fructu</span> <span class='ocrx_word' id='word_1_263' title='bbox 1618 2158 1741 2211; x_wconf 91' lang='lat' dir='ltr'>inde</span> <span class='ocrx_word' id='word_1_264' title='bbox 1787 2157 2013 2219; x_wconf 89' lang='lat' dir='ltr'>recedit,</span> <span class='ocrx_word' id='word_1_265' title='bbox 2052 2157 2257 2209; x_wconf 90' lang='lat' dir='ltr'>nuilum</span> <span class='ocrx_word' id='word_1_266' title='bbox 2292 2169 2387 2222; x_wconf 90' lang='lat' dir='ltr'>pe-</span> 
     </span>
    </p>
   </div>
   <div class='ocr_carea' id='block_1_37' title="bbox 819 2248 2387 2320">
    <p class='ocr_par' dir='ltr' id='par_1_37' title="bbox 819 2248 2387 2320">
     <span class='ocr_line' id='line_1_37' title="bbox 819 2248 2387 2320; baseline -0.004 -16"><span class='ocrx_word' id='word_1_267' title='bbox 819 2251 969 2304; x_wconf 89' lang='lat' dir='ltr'>nitus</span> <span class='ocrx_word' id='word_1_268' title='bbox 1000 2251 1052 2303; x_wconf 94' lang='lat' dir='ltr'>in</span> <span class='ocrx_word' id='word_1_269' title='bbox 1085 2266 1141 2305; x_wconf 92' lang='lat' dir='ltr'>sc</span> <span class='ocrx_word' id='word_1_270' title='bbox 1178 2250 1587 2304; x_wconf 87' lang='lat' dir='ltr'>incitamentum</span> <span class='ocrx_word' id='word_1_271' title='bbox 1650 2260 1811 2320; x_wconf 89' lang='lat' dir='ltr'>atque</span> <span class='ocrx_word' id='word_1_272' title='bbox 1864 2253 2122 2317; x_wconf 87' lang='lat' dir='ltr'>impetum</span> <span class='ocrx_word' id='word_1_273' title='bbox 2158 2248 2221 2301; x_wconf 85' lang='lat' dir='ltr'>ad</span> <span class='ocrx_word' id='word_1_274' title='bbox 2272 2260 2387 2299; x_wconf 90' lang='lat' dir='ltr'>me-</span> 
     </span>
    </p>
   </div>
   <div class='ocr_carea' id='block_1_38' title="bbox 821 2340 2389 2412">
    <p class='ocr_par' dir='ltr' id='par_1_38' title="bbox 821 2340 2389 2412">
     <span class='ocr_line' id='line_1_38' title="bbox 821 2340 2389 2412; baseline -0.003 -16"><span class='ocrx_word' id='word_1_275' title='bbox 821 2342 958 2396; x_wconf 69' lang='lat' dir='ltr'>liora</span> <span class='ocrx_word' id='word_1_276' title='bbox 1008 2344 1314 2410; x_wconf 78' lang='lat' dir='ltr'>experiens,</span> <span class='ocrx_word' id='word_1_277' title='bbox 1365 2345 1576 2412; x_wconf 90' lang='lat' dir='ltr'>qualem</span> <span class='ocrx_word' id='word_1_278' title='bbox 1629 2344 1769 2396; x_wconf 91' lang='lat' dir='ltr'>Deus</span> <span class='ocrx_word' id='word_1_279' title='bbox 1820 2340 2296 2403; x_wconf 86' lang='lat' dir='ltr'>contendentibus,</span> <span class='ocrx_word' id='word_1_280' title='bbox 2332 2349 2389 2393; x_wconf 89' lang='lat' dir='ltr'>et</span> 
     </span>
    </p>
   </div>
   <div class='ocr_carea' id='block_1_39' title="bbox 823 2432 2393 2504">
    <p class='ocr_par' dir='ltr' id='par_1_39' title="bbox 823 2432 2393 2504">
     <span class='ocr_line' id='line_1_39' title="bbox 823 2432 2393 2504; baseline -0.001 -16"><span class='ocrx_word' id='word_1_281' title='bbox 823 2434 1198 2488; x_wconf 85' lang='lat' dir='ltr'>laborantibus</span> <span class='ocrx_word' id='word_1_282' title='bbox 1225 2450 1321 2503; x_wconf 91' lang='lat' dir='ltr'>per</span> <span class='ocrx_word' id='word_1_283' title='bbox 1343 2436 1814 2504; x_wconf 86' lang='lat' dir='ltr'>compunctionem</span> <span class='ocrx_word' id='word_1_284' title='bbox 1845 2435 2137 2487; x_wconf 84' lang='lat' dir='ltr'>immittere</span> <span class='ocrx_word' id='word_1_285' title='bbox 2154 2432 2312 2494; x_wconf 87' lang='lat' dir='ltr'>solet,</span> <span class='ocrx_word' id='word_1_286' title='bbox 2336 2441 2393 2486; x_wconf 85' lang='lat' dir='ltr'>et</span> 
     </span>
    </p>
   </div>
   <div class='ocr_carea' id='block_1_40' title="bbox 826 2524 2395 2595">
    <p class='ocr_par' dir='ltr' id='par_1_40' title="bbox 826 2524 2395 2595">
     <span class='ocr_line' id='line_1_40' title="bbox 826 2524 2395 2595; baseline -0.002 -16"><span class='ocrx_word' id='word_1_287' title='bbox 826 2527 929 2580; x_wconf 88' lang='lat' dir='ltr'>hoc</span> <span class='ocrx_word' id='word_1_288' title='bbox 978 2528 1175 2589; x_wconf 89' lang='lat' dir='ltr'>solum,</span> <span class='ocrx_word' id='word_1_289' title='bbox 1206 2534 1266 2581; x_wconf 91' lang='lat' dir='ltr'>ut</span> <span class='ocrx_word' id='word_1_290' title='bbox 1291 2542 1358 2580; x_wconf 92' lang='lat' dir='ltr'>ne</span> <span class='ocrx_word' id='word_1_291' title='bbox 1386 2543 1415 2579; x_wconf 90' lang='lat' dir='ltr'>a</span> <span class='ocrx_word' id='word_1_292' title='bbox 1448 2525 1745 2591; x_wconf 87' lang='lat' dir='ltr'>consuetis,</span> <span class='ocrx_word' id='word_1_293' title='bbox 1774 2534 1830 2579; x_wconf 90' lang='lat' dir='ltr'>et</span> <span class='ocrx_word' id='word_1_294' title='bbox 1859 2524 2191 2593; x_wconf 69' lang='lat' dir='ltr'>pmscriptis</span> <span class='ocrx_word' id='word_1_295' title='bbox 2234 2538 2395 2595; x_wconf 83' lang='lat' dir='ltr'>syna-</span> 
     </span>
    </p>
   </div>
   <div class='ocr_carea' id='block_1_41' title="bbox 817 2610 2389 2683">
    <p class='ocr_par' dir='ltr' id='par_1_41' title="bbox 817 2610 2389 2683">
     <span class='ocr_line' id='line_1_41' title="bbox 817 2610 2389 2683; baseline 0.004 -22"><span class='ocrx_word' id='word_1_296' title='bbox 817 2610 978 2662; x_wconf 83' lang='lat' dir='ltr'>xibns</span> <span class='ocrx_word' id='word_1_297' title='bbox 1021 2612 1177 2663; x_wconf 88' lang='lat' dir='ltr'>absit.</span> <span class='ocrx_word' id='word_1_298' title='bbox 1218 2628 1379 2666; x_wconf 88' lang='lat' dir='ltr'>mane</span> <span class='ocrx_word' id='word_1_299' title='bbox 1407 2623 1555 2680; x_wconf 88' lang='lat' dir='ltr'>puta,</span> <span class='ocrx_word' id='word_1_300' title='bbox 1586 2624 1642 2667; x_wconf 91' lang='lat' dir='ltr'>et</span> <span class='ocrx_word' id='word_1_301' title='bbox 1675 2616 1910 2681; x_wconf 83' lang='lat' dir='ltr'>vesperi,</span> <span class='ocrx_word' id='word_1_302' title='bbox 1933 2622 1989 2668; x_wconf 90' lang='lat' dir='ltr'>et</span> <span class='ocrx_word' id='word_1_303' title='bbox 2021 2616 2171 2667; x_wconf 89' lang='lat' dir='ltr'>horis</span> <span class='ocrx_word' id='word_1_304' title='bbox 2188 2616 2389 2683; x_wconf 85' lang='lat' dir='ltr'>quibus</span> 
     </span>
    </p>
   </div>
   <div class='ocr_carea' id='block_1_42' title="bbox 814 2702 2391 2773">
    <p class='ocr_par' dir='ltr' id='par_1_42' title="bbox 814 2702 2391 2773">
     <span class='ocr_line' id='line_1_42' title="bbox 814 2702 2391 2773; baseline 0.001 -19"><span class='ocrx_word' id='word_1_305' title='bbox 814 2702 1089 2769; x_wconf 82' lang='lat' dir='ltr'>psallitur,</span> <span class='ocrx_word' id='word_1_306' title='bbox 1129 2702 1199 2754; x_wconf 87' lang='lat' dir='ltr'>ita</span> <span class='ocrx_word' id='word_1_307' title='bbox 1230 2703 1575 2770; x_wconf 81' lang='lat' dir='ltr'>simpliciter,</span> <span class='ocrx_word' id='word_1_308' title='bbox 1610 2702 1677 2755; x_wconf 91' lang='lat' dir='ltr'>ad</span> <span class='ocrx_word' id='word_1_309' title='bbox 1717 2703 1927 2757; x_wconf 85' lang='lat' dir='ltr'>felicem</span> <span class='ocrx_word' id='word_1_310' title='bbox 1959 2704 2014 2758; x_wconf 94' lang='lat' dir='ltr'>in</span> <span class='ocrx_word' id='word_1_311' title='bbox 2036 2707 2235 2757; x_wconf 89' lang='lat' dir='ltr'>virtute</span> <span class='ocrx_word' id='word_1_312' title='bbox 2263 2720 2391 2773; x_wconf 87' lang='lat' dir='ltr'>pro-</span> 
     </span>
    </p>
   </div>
   <div class='ocr_carea' id='block_1_43' title="bbox 816 2793 2386 2855">
    <p class='ocr_par' dir='ltr' id='par_1_43' title="bbox 816 2793 2386 2855">
     <span class='ocr_line' id='line_1_43' title="bbox 816 2793 2386 2855; baseline 0.003 -11"><span class='ocrx_word' id='word_1_313' title='bbox 816 2806 1086 2855; x_wconf 71' lang='lat' dir='ltr'>gressum,</span> <span class='ocrx_word' id='word_1_314' title='bbox 1134 2800 1187 2844; x_wconf 88' lang='lat' dir='ltr'>et</span> <span class='ocrx_word' id='word_1_315' title='bbox 1223 2796 1286 2844; x_wconf 82' lang='lat' dir='ltr'>ad</span> <span class='ocrx_word' id='word_1_316' title='bbox 1323 2793 1850 2846; x_wconf 81' lang='lat' dir='ltr'>con5mnmationem</span> <span class='ocrx_word' id='word_1_317' title='bbox 1884 2805 2386 2848; x_wconf 86' lang='lat' dir='ltr'>consummatorum</span> 
     </span>
    </p>
   </div>
   <div class='ocr_carea' id='block_1_44' title="bbox 817 2883 2382 2940">
    <p class='ocr_par' dir='ltr' id='par_1_44' title="bbox 817 2883 2382 2940">
     <span class='ocr_line' id='line_1_44' title="bbox 817 2883 2382 2940; baseline 0.003 -5"><span class='ocrx_word' id='word_1_318' title='bbox 817 2883 870 2935; x_wconf 91' lang='lat' dir='ltr'>in</span> <span class='ocrx_word' id='word_1_319' title='bbox 899 2893 1111 2936; x_wconf 76' lang='lat' dir='ltr'>aetatem</span> <span class='ocrx_word' id='word_1_320' title='bbox 1153 2883 1355 2937; x_wconf 89' lang='lat' dir='ltr'>Christi</span> <span class='ocrx_word' id='word_1_321' title='bbox 1382 2886 1483 2937; x_wconf 91' lang='lat' dir='ltr'>sibi</span> <span class='ocrx_word' id='word_1_322' title='bbox 1540 2885 1787 2938; x_wconf 77' lang='lat' dir='ltr'>sufficere</span> <span class='ocrx_word' id='word_1_323' title='bbox 1841 2886 2189 2939; x_wconf 81' lang='lat' dir='ltr'>existimans.</span> <span class='ocrx_word' id='word_1_324' title='bbox 2243 2884 2382 2940; x_wconf 78' lang='lat' dir='ltr'>Novi</span> 
     </span>
    </p>
   </div>
   <div class='ocr_carea' id='block_1_45' title="bbox 817 2974 2377 3045">
    <p class='ocr_par' dir='ltr' id='par_1_45' title="bbox 817 2974 2377 3045">
     <span class='ocr_line' id='line_1_45' title="bbox 817 2974 2377 3045; baseline 0.003 -19"><span class='ocrx_word' id='word_1_325' title='bbox 817 2975 959 3027; x_wconf 90' lang='lat' dir='ltr'>enim</span> <span class='ocrx_word' id='word_1_326' title='bbox 1016 2975 1283 3043; x_wconf 80' lang='lat' dir='ltr'>quosdam</span> <span class='ocrx_word' id='word_1_327' title='bbox 1350 2976 1450 3028; x_wconf 90' lang='lat' dir='ltr'>hac</span> <span class='ocrx_word' id='word_1_328' title='bbox 1502 2974 1715 3030; x_wconf 82' lang='lat' dir='ltr'>fallacia</span> <span class='ocrx_word' id='word_1_329' title='bbox 1772 2985 1985 3045; x_wconf 89' lang='lat' dir='ltr'>captos.</span> <span class='ocrx_word' id='word_1_330' title='bbox 2046 2988 2101 3031; x_wconf 92' lang='lat' dir='ltr'>et</span> <span class='ocrx_word' id='word_1_331' title='bbox 2154 2991 2377 3045; x_wconf 89' lang='lat' dir='ltr'>operam</span> 
     </span>
    </p>
   </div>
   <div class='ocr_carea' id='block_1_46' title="bbox 814 3064 2379 3137">
    <p class='ocr_par' dir='ltr' id='par_1_46' title="bbox 814 3064 2379 3137">
     <span class='ocr_line' id='line_1_46' title="bbox 814 3064 2379 3137; baseline 0.004 -21"><span class='ocrx_word' id='word_1_332' title='bbox 814 3064 1032 3127; x_wconf 78' lang='lat' dir='ltr'>dantes,</span> <span class='ocrx_word' id='word_1_333' title='bbox 1072 3082 1135 3118; x_wconf 88' lang='lat' dir='ltr'>ne</span> <span class='ocrx_word' id='word_1_334' title='bbox 1170 3067 1219 3118; x_wconf 91' lang='lat' dir='ltr'>in</span> <span class='ocrx_word' id='word_1_335' title='bbox 1259 3076 1543 3136; x_wconf 83' lang='lat' dir='ltr'>peccatum</span> <span class='ocrx_word' id='word_1_336' title='bbox 1573 3066 1789 3135; x_wconf 89' lang='lat' dir='ltr'>aliquod</span> <span class='ocrx_word' id='word_1_337' title='bbox 1820 3067 2067 3129; x_wconf 89' lang='lat' dir='ltr'>carnale,</span> <span class='ocrx_word' id='word_1_338' title='bbox 2093 3068 2139 3121; x_wconf 91' lang='lat' dir='ltr'>si</span> <span class='ocrx_word' id='word_1_339' title='bbox 2176 3083 2379 3137; x_wconf 89' lang='lat' dir='ltr'>corpus</span> 
     </span>
    </p>
   </div>
   <div class='ocr_carea' id='block_1_47' title="bbox 2490 1872 4056 1952">
    <p class='ocr_par' dir='ltr' id='par_1_47' title="bbox 2490 1872 4056 1952">
     <span class='ocr_line' id='line_1_47' title="bbox 2490 1872 4056 1952; baseline -0.013 -15"><span class='ocrx_word' id='word_1_340' title='bbox 2490 1883 2785 1952; x_wconf 88' lang='lat' dir='ltr'>cujusjam</span> <span class='ocrx_word' id='word_1_341' title='bbox 2817 1890 3060 1950; x_wconf 90' lang='lat' dir='ltr'>spectata</span> <span class='ocrx_word' id='word_1_342' title='bbox 3100 1887 3226 1931; x_wconf 88' lang='lat' dir='ltr'>sunt</span> <span class='ocrx_word' id='word_1_343' title='bbox 3258 1876 3579 1929; x_wconf 78' lang='lat' dir='ltr'>certamina.</span> <span class='ocrx_word' id='word_1_344' title='bbox 3627 1872 3690 1925; x_wconf 85' lang='lat' dir='ltr'>Et</span> <span class='ocrx_word' id='word_1_345' title='bbox 3740 1884 3863 1922; x_wconf 88' lang='lat' dir='ltr'>cum</span> <span class='ocrx_word' id='word_1_346' title='bbox 3926 1884 4056 1920; x_wconf 63' lang='lat' dir='ltr'>asse-</span> 
     </span>
    </p>
   </div>
   <div class='ocr_carea' id='block_1_48' title="bbox 2490 1967 4056 2042">
    <p class='ocr_par' dir='ltr' id='par_1_48' title="bbox 2490 1967 4056 2042">
     <span class='ocr_line' id='line_1_48' title="bbox 2490 1967 4056 2042; baseline -0.013 -10"><span class='ocrx_word' id='word_1_347' title='bbox 2490 1987 2647 2032; x_wconf 85' lang='lat' dir='ltr'>cmus</span> <span class='ocrx_word' id='word_1_348' title='bbox 2682 1973 2868 2035; x_wconf 87' lang='lat' dir='ltr'>fuerit,</span> <span class='ocrx_word' id='word_1_349' title='bbox 2906 1973 3049 2042; x_wconf 90' lang='lat' dir='ltr'>quod</span> <span class='ocrx_word' id='word_1_350' title='bbox 3083 1972 3296 2031; x_wconf 86' lang='lat' dir='ltr'>voluit,</span> <span class='ocrx_word' id='word_1_351' title='bbox 3342 1984 3408 2024; x_wconf 89' lang='lat' dir='ltr'>ex</span> <span class='ocrx_word' id='word_1_352' title='bbox 3461 1983 3527 2022; x_wconf 92' lang='lat' dir='ltr'>eo</span> <span class='ocrx_word' id='word_1_353' title='bbox 3577 1978 3861 2033; x_wconf 82' lang='lat' dir='ltr'>nunquam</span> <span class='ocrx_word' id='word_1_354' title='bbox 3918 1967 4056 2015; x_wconf 77' lang='lat' dir='ltr'>stare</span> 
     </span>
    </p>
   </div>
   <div class='ocr_carea' id='block_1_49' title="bbox 2493 2066 2982 2140">
    <p class='ocr_par' dir='ltr' id='par_1_49' title="bbox 2493 2066 2982 2140">
     <span class='ocr_line' id='line_1_49' title="bbox 2493 2066 2982 2140; baseline -0.006 -19"><span class='ocrx_word' id='word_1_355' title='bbox 2493 2077 2674 2140; x_wconf 85' lang='lat' dir='ltr'>potest</span> <span class='ocrx_word' id='word_1_356' title='bbox 2707 2069 2759 2120; x_wconf 91' lang='lat' dir='ltr'>in</span> <span class='ocrx_word' id='word_1_357' title='bbox 2791 2066 2982 2119; x_wconf 92' lang='lat' dir='ltr'>choro.</span> 
     </span>
    </p>
   </div>
   <div class='ocr_carea' id='block_1_50' title="bbox 2563 2149 4051 2226">
    <p class='ocr_par' dir='ltr' id='par_1_50' title="bbox 2563 2149 4051 2226">
     <span class='ocr_line' id='line_1_50' title="bbox 2563 2149 4051 2226; baseline -0.009 -14"><span class='ocrx_word' id='word_1_358' title='bbox 2563 2159 2837 2212; x_wconf 87' lang='lat' dir='ltr'>Paulatim</span> <span class='ocrx_word' id='word_1_359' title='bbox 2874 2170 3038 2226; x_wconf 87' lang='lat' dir='ltr'>porro</span> <span class='ocrx_word' id='word_1_360' title='bbox 3072 2156 3196 2208; x_wconf 91' lang='lat' dir='ltr'>talis</span> <span class='ocrx_word' id='word_1_361' title='bbox 3226 2154 3279 2207; x_wconf 90' lang='lat' dir='ltr'>in</span> <span class='ocrx_word' id='word_1_362' title='bbox 3312 2151 3547 2220; x_wconf 86' lang='lat' dir='ltr'>quodvis</span> <span class='ocrx_word' id='word_1_363' title='bbox 3581 2149 3730 2202; x_wconf 88' lang='lat' dir='ltr'>aliud</span> <span class='ocrx_word' id='word_1_364' title='bbox 3781 2149 4051 2216; x_wconf 69' lang='lat' dir='ltr'>negotium</span> 
     </span>
    </p>
   </div>
   <div class='ocr_carea' id='block_1_51' title="bbox 2491 2238 4054 2308">
    <p class='ocr_par' dir='ltr' id='par_1_51' title="bbox 2491 2238 4054 2308">
     <span class='ocr_line' id='line_1_51' title="bbox 2491 2238 4054 2308; baseline -0.013 -3"><span class='ocrx_word' id='word_1_365' title='bbox 2491 2266 2550 2305; x_wconf 86' lang='lat' dir='ltr'>se</span> <span class='ocrx_word' id='word_1_366' title='bbox 2580 2249 2806 2304; x_wconf 85' lang='lat' dir='ltr'>studens</span> <span class='ocrx_word' id='word_1_367' title='bbox 2846 2248 3183 2306; x_wconf 89' lang='lat' dir='ltr'>immiscere,</span> <span class='ocrx_word' id='word_1_368' title='bbox 3218 2253 3501 2296; x_wconf 73' lang='lat' dir='ltr'>externam</span> <span class='ocrx_word' id='word_1_369' title='bbox 3532 2240 3783 2308; x_wconf 85' lang='lat' dir='ltr'>pietatem</span> <span class='ocrx_word' id='word_1_370' title='bbox 3814 2238 4054 2298; x_wconf 83' lang='lat' dir='ltr'>simulat,</span> 
     </span>
    </p>
   </div>
   <div class='ocr_carea' id='block_1_52' title="bbox 2483 2329 4057 2398">
    <p class='ocr_par' dir='ltr' id='par_1_52' title="bbox 2483 2329 4057 2398">
     <span class='ocr_line' id='line_1_52' title="bbox 2483 2329 4057 2398; baseline -0.011 0"><span class='ocrx_word' id='word_1_371' title='bbox 2483 2350 2537 2398; x_wconf 84' lang='lat' dir='ltr'>et</span> <span class='ocrx_word' id='word_1_372' title='bbox 2557 2340 2858 2396; x_wconf 89' lang='lat' dir='ltr'>modestum</span> <span class='ocrx_word' id='word_1_373' title='bbox 2886 2339 3155 2398; x_wconf 89' lang='lat' dir='ltr'>habitum,</span> <span class='ocrx_word' id='word_1_374' title='bbox 3187 2337 3420 2387; x_wconf 89' lang='lat' dir='ltr'>aliorum</span> <span class='ocrx_word' id='word_1_375' title='bbox 3451 2333 3644 2386; x_wconf 81' lang='lat' dir='ltr'>amicis</span> <span class='ocrx_word' id='word_1_376' title='bbox 3668 2373 3682 2395; x_wconf 88' lang='lat'>,</span> <span class='ocrx_word' id='word_1_377' title='bbox 3728 2329 4057 2384; x_wconf 84' lang='lat' dir='ltr'>illustribus-</span> 
     </span>
    </p>
   </div>
   <div class='ocr_carea' id='block_1_53' title="bbox 2490 2422 4056 2502">
    <p class='ocr_par' dir='ltr' id='par_1_53' title="bbox 2490 2422 4056 2502">
     <span class='ocr_line' id='line_1_53' title="bbox 2490 2422 4056 2502; baseline -0.008 -17"><span class='ocrx_word' id='word_1_378' title='bbox 2490 2450 2595 2502; x_wconf 90' lang='lat' dir='ltr'>que</span> <span class='ocrx_word' id='word_1_379' title='bbox 2631 2433 2763 2488; x_wconf 83' lang='lat' dir='ltr'>viris</span> <span class='ocrx_word' id='word_1_380' title='bbox 2796 2433 2851 2487; x_wconf 94' lang='lat' dir='ltr'>in</span> <span class='ocrx_word' id='word_1_381' title='bbox 2887 2429 3279 2485; x_wconf 84' lang='lat' dir='ltr'>monasterium</span> <span class='ocrx_word' id='word_1_382' title='bbox 3315 2426 3659 2479; x_wconf 83' lang='lat' dir='ltr'>venientibus</span> <span class='ocrx_word' id='word_1_383' title='bbox 3691 2422 3945 2477; x_wconf 78' lang='lat' dir='ltr'>studiose</span> <span class='ocrx_word' id='word_1_384' title='bbox 3970 2437 4056 2473; x_wconf 88' lang='lat'>0(-</span> 
     </span>
    </p>
   </div>
   <div class='ocr_carea' id='block_1_54' title="bbox 2491 2515 4053 2592">
    <p class='ocr_par' dir='ltr' id='par_1_54' title="bbox 2491 2515 4053 2592">
     <span class='ocr_line' id='line_1_54' title="bbox 2491 2515 4053 2592; baseline -0.01 -12"><span class='ocrx_word' id='word_1_385' title='bbox 2491 2527 2682 2589; x_wconf 87' lang='lat' dir='ltr'>currit,</span> <span class='ocrx_word' id='word_1_386' title='bbox 2713 2536 2767 2578; x_wconf 89' lang='lat' dir='ltr'>et</span> <span class='ocrx_word' id='word_1_387' title='bbox 2793 2525 2858 2578; x_wconf 87' lang='lat' dir='ltr'>ad</span> <span class='ocrx_word' id='word_1_388' title='bbox 2894 2538 3030 2592; x_wconf 88' lang='lat' dir='ltr'>quos</span> <span class='ocrx_word' id='word_1_389' title='bbox 3061 2521 3285 2576; x_wconf 86' lang='lat' dir='ltr'>veniunt</span> <span class='ocrx_word' id='word_1_390' title='bbox 3336 2518 3534 2571; x_wconf 85' lang='lat' dir='ltr'>fratres</span> <span class='ocrx_word' id='word_1_391' title='bbox 3561 2556 3577 2579; x_wconf 94' lang='lat'>,</span> <span class='ocrx_word' id='word_1_392' title='bbox 3626 2515 3875 2568; x_wconf 62' lang='lat' dir='ltr'>crebrius</span> <span class='ocrx_word' id='word_1_393' title='bbox 3908 2516 4053 2569; x_wconf 83' lang='lat' dir='ltr'>ahit.</span> 
     </span>
    </p>
   </div>
   <div class='ocr_carea' id='block_1_55' title="bbox 2492 2608 4057 2673">
    <p class='ocr_par' dir='ltr' id='par_1_55' title="bbox 2492 2608 4057 2673">
     <span class='ocr_line' id='line_1_55' title="bbox 2492 2608 4057 2673; baseline -0.008 -8"><span class='ocrx_word' id='word_1_394' title='bbox 2492 2622 2550 2667; x_wconf 90' lang='lat' dir='ltr'>ut</span> <span class='ocrx_word' id='word_1_395' title='bbox 2578 2614 2631 2666; x_wconf 90' lang='lat' dir='ltr'>in</span> <span class='ocrx_word' id='word_1_396' title='bbox 2657 2626 2846 2665; x_wconf 90' lang='lat' dir='ltr'>eorum</span> <span class='ocrx_word' id='word_1_397' title='bbox 2882 2610 3133 2663; x_wconf 87' lang='lat' dir='ltr'>notitiam</span> <span class='ocrx_word' id='word_1_398' title='bbox 3170 2608 3368 2671; x_wconf 70' lang='lat' dir='ltr'>veniat.</span> <span class='ocrx_word' id='word_1_399' title='bbox 3389 2618 3605 2661; x_wconf 84' lang='lat' dir='ltr'>causam</span> <span class='ocrx_word' id='word_1_400' title='bbox 3625 2614 3931 2673; x_wconf 71' lang='lat' dir='ltr'>praetexens</span> <span class='ocrx_word' id='word_1_401' title='bbox 3957 2646 3970 2663; x_wconf 92' lang='lat'>.</span> <span class='ocrx_word' id='word_1_402' title='bbox 4006 2618 4057 2656; x_wconf 78' lang='lat' dir='ltr'>se</span> 
     </span>
    </p>
   </div>
   <div class='ocr_carea' id='block_1_56' title="bbox 2490 2695 4058 2771">
    <p class='ocr_par' dir='ltr' id='par_1_56' title="bbox 2490 2695 4058 2771">
     <span class='ocr_line' id='line_1_56' title="bbox 2490 2695 4058 2771; baseline -0.006 -15"><span class='ocrx_word' id='word_1_403' title='bbox 2490 2718 2555 2756; x_wconf 81' lang='lat' dir='ltr'>ex</span> <span class='ocrx_word' id='word_1_404' title='bbox 2588 2703 2806 2756; x_wconf 84' lang='lat' dir='ltr'>illorum</span> <span class='ocrx_word' id='word_1_405' title='bbox 2841 2698 3115 2771; x_wconf 88' lang='lat' dir='ltr'>(fratrum</span> <span class='ocrx_word' id='word_1_406' title='bbox 3144 2699 3389 2763; x_wconf 85' lang='lat' dir='ltr'>scilicet)</span> <span class='ocrx_word' id='word_1_407' title='bbox 3421 2696 3709 2762; x_wconf 82' lang='lat' dir='ltr'>colloquiis</span> <span class='ocrx_word' id='word_1_408' title='bbox 3732 2735 3746 2759; x_wconf 87' lang='lat'>,</span> <span class='ocrx_word' id='word_1_409' title='bbox 3786 2704 3840 2748; x_wconf 90' lang='lat' dir='ltr'>et</span> <span class='ocrx_word' id='word_1_410' title='bbox 3868 2695 4058 2748; x_wconf 69' lang='lat' dir='ltr'>divina)</span> 
     </span>
    </p>
   </div>
   <div class='ocr_carea' id='block_1_57' title="bbox 2494 2788 4053 2861">
    <p class='ocr_par' dir='ltr' id='par_1_57' title="bbox 2494 2788 4053 2861">
     <span class='ocr_line' id='line_1_57' title="bbox 2494 2788 4053 2861; baseline -0.007 -16"><span class='ocrx_word' id='word_1_411' title='bbox 2494 2793 2794 2861; x_wconf 71' lang='lat' dir='ltr'>Scriptura:</span> <span class='ocrx_word' id='word_1_412' title='bbox 2851 2789 3327 2861; x_wconf 80' lang='lat' dir='ltr'>explanationibus</span> <span class='ocrx_word' id='word_1_413' title='bbox 3387 2789 3681 2841; x_wconf 84' lang='lat' dir='ltr'>utilitatem</span> <span class='ocrx_word' id='word_1_414' title='bbox 3759 2788 4053 2855; x_wconf 79' lang='lat' dir='ltr'>percipere.</span> 
     </span>
    </p>
   </div>
   <div class='ocr_carea' id='block_1_58' title="bbox 2489 2881 4053 2952">
    <p class='ocr_par' dir='ltr' id='par_1_58' title="bbox 2489 2881 4053 2952">
     <span class='ocr_line' id='line_1_58' title="bbox 2489 2881 4053 2952; baseline -0.006 -14"><span class='ocrx_word' id='word_1_415' title='bbox 2489 2884 2644 2950; x_wconf 85' lang='lat' dir='ltr'>Quod</span> <span class='ocrx_word' id='word_1_416' title='bbox 2683 2885 2847 2952; x_wconf 78' lang='lat' dir='ltr'>igitur</span> <span class='ocrx_word' id='word_1_417' title='bbox 2897 2898 3242 2951; x_wconf 87' lang='lat' dir='ltr'>consequens</span> <span class='ocrx_word' id='word_1_418' title='bbox 3296 2892 3414 2941; x_wconf 90' lang='lat' dir='ltr'>est,</span> <span class='ocrx_word' id='word_1_419' title='bbox 3468 2881 3912 2934; x_wconf 87' lang='lat' dir='ltr'>circumcursare</span> <span class='ocrx_word' id='word_1_420' title='bbox 3968 2896 4053 2947; x_wconf 62' lang='lat' dir='ltr'>per</span> 
     </span>
    </p>
   </div>
   <div class='ocr_carea' id='block_1_59' title="bbox 2490 2971 4053 3039">
    <p class='ocr_par' dir='ltr' id='par_1_59' title="bbox 2490 2971 4053 3039">
     <span class='ocr_line' id='line_1_59' title="bbox 2490 2971 4053 3039; baseline -0.008 -7"><span class='ocrx_word' id='word_1_421' title='bbox 2490 2978 2906 3039; x_wconf 82' lang='lat' dir='ltr'>monasterium,</span> <span class='ocrx_word' id='word_1_422' title='bbox 2936 2985 2991 3030; x_wconf 92' lang='lat' dir='ltr'>et</span> <span class='ocrx_word' id='word_1_423' title='bbox 3024 2990 3054 3029; x_wconf 90' lang='lat' dir='ltr'>a</span> <span class='ocrx_word' id='word_1_424' title='bbox 3074 2975 3209 3029; x_wconf 87' lang='lat' dir='ltr'>cella</span> <span class='ocrx_word' id='word_1_425' title='bbox 3249 2975 3302 3028; x_wconf 92' lang='lat' dir='ltr'>in</span> <span class='ocrx_word' id='word_1_426' title='bbox 3336 2974 3531 3026; x_wconf 86' lang='lat' dir='ltr'>cellam</span> <span class='ocrx_word' id='word_1_427' title='bbox 3561 2972 3825 3023; x_wconf 85' lang='lat' dir='ltr'>ventitare</span> <span class='ocrx_word' id='word_1_428' title='bbox 3853 2971 4053 3038; x_wconf 79' lang='lat' dir='ltr'>incipit,</span> 
     </span>
    </p>
   </div>
   <div class='ocr_carea' id='block_1_60' title="bbox 2488 3061 4057 3140">
    <p class='ocr_par' dir='ltr' id='par_1_60' title="bbox 2488 3061 4057 3140">
     <span class='ocr_line' id='line_1_60' title="bbox 2488 3061 4057 3140; baseline -0.008 -15"><span class='ocrx_word' id='word_1_429' title='bbox 2488 3070 2831 3140; x_wconf 77' lang='lat' dir='ltr'>singulisque</span> <span class='ocrx_word' id='word_1_430' title='bbox 2864 3068 3001 3122; x_wconf 84' lang='lat' dir='ltr'>dicit</span> <span class='ocrx_word' id='word_1_431' title='bbox 3032 3086 3046 3123; x_wconf 89' lang='lat'><strong>:</strong></span> <span class='ocrx_word' id='word_1_432' title='bbox 3073 3067 3245 3121; x_wconf 86' lang='lat' dir='ltr'>Crede</span> <span class='ocrx_word' id='word_1_433' title='bbox 3282 3066 3413 3120; x_wconf 90' lang='lat' dir='ltr'>mihi</span> <span class='ocrx_word' id='word_1_434' title='bbox 3461 3065 3628 3119; x_wconf 89' lang='lat' dir='ltr'>frater</span> <span class='ocrx_word' id='word_1_435' title='bbox 3655 3103 3670 3125; x_wconf 90' lang='lat'>,</span> <span class='ocrx_word' id='word_1_436' title='bbox 3714 3064 3849 3116; x_wconf 89' lang='lat' dir='ltr'>adeo</span> <span class='ocrx_word' id='word_1_437' title='bbox 3892 3074 3943 3115; x_wconf 90' lang='lat' dir='ltr'>te</span> <span class='ocrx_word' id='word_1_438' title='bbox 3981 3061 4057 3113; x_wconf 83' lang='lat' dir='ltr'>di-</span> 
     </span>
    </p>
   </div>
   <div class='ocr_carea' id='block_1_61' title="bbox 818 3156 4058 3232">
    <p class='ocr_par' dir='ltr' id='par_1_61' title="bbox 818 3156 4058 3232">
     <span class='ocr_line' id='line_1_61' title="bbox 818 3156 4058 3232; baseline -0.001 -25"><span class='ocrx_word' id='word_1_439' title='bbox 818 3171 1047 3224; x_wconf 81' lang='lat' dir='ltr'>corpore</span> <span class='ocrx_word' id='word_1_440' title='bbox 1080 3158 1477 3225; x_wconf 84' lang='lat' dir='ltr'>copulaverint,</span> <span class='ocrx_word' id='word_1_441' title='bbox 1503 3159 1779 3212; x_wconf 89' lang='lat' dir='ltr'>labantur.</span> <span class='ocrx_word' id='word_1_442' title='bbox 1833 3157 1901 3212; x_wconf 90' lang='lat' dir='ltr'>Ut</span> <span class='ocrx_word' id='word_1_443' title='bbox 1946 3170 2124 3212; x_wconf 87' lang='lat' dir='ltr'>autem</span> <span class='ocrx_word' id='word_1_444' title='bbox 2153 3175 2274 3228; x_wconf 72' lang='lat' dir='ltr'>qua:</span> <span class='ocrx_word' id='word_1_445' title='bbox 2328 3159 2384 3213; x_wconf 92' lang='lat' dir='ltr'>in</span> <span class='ocrx_word' id='word_1_446' title='bbox 2414 3166 2457 3222; x_wconf 85' lang='lat' dir='ltr'><strong><em>C</em></strong></span> <span class='ocrx_word' id='word_1_447' title='bbox 2494 3163 2622 3232; x_wconf 69' lang='lat' dir='ltr'>ligo,</span> <span class='ocrx_word' id='word_1_448' title='bbox 2657 3171 2717 3215; x_wconf 91' lang='lat' dir='ltr'>ut</span> <span class='ocrx_word' id='word_1_449' title='bbox 2746 3175 2858 3230; x_wconf 92' lang='lat' dir='ltr'>quo</span> <span class='ocrx_word' id='word_1_450' title='bbox 2886 3161 2973 3214; x_wconf 89' lang='lat' dir='ltr'>die</span> <span class='ocrx_word' id='word_1_451' title='bbox 3000 3169 3052 3214; x_wconf 91' lang='lat' dir='ltr'>te</span> <span class='ocrx_word' id='word_1_452' title='bbox 3078 3175 3186 3213; x_wconf 91' lang='lat' dir='ltr'>non</span> <span class='ocrx_word' id='word_1_453' title='bbox 3218 3159 3472 3221; x_wconf 81' lang='lat' dir='ltr'>viderim,</span> <span class='ocrx_word' id='word_1_454' title='bbox 3500 3158 3589 3208; x_wconf 80' lang='lat' dir='ltr'>illo</span> <span class='ocrx_word' id='word_1_455' title='bbox 3618 3171 3701 3207; x_wconf 89' lang='lat' dir='ltr'>me</span> <span class='ocrx_word' id='word_1_456' title='bbox 3733 3156 3941 3207; x_wconf 75' lang='lat' dir='ltr'>vixisse</span> <span class='ocrx_word' id='word_1_457' title='bbox 3961 3170 4058 3205; x_wconf 82' lang='lat' dir='ltr'>non</span> 
     </span>
    </p>
   </div>
   <div class='ocr_carea' id='block_1_62' title="bbox 816 3250 2389 3320">
    <p class='ocr_par' dir='ltr' id='par_1_62' title="bbox 816 3250 2389 3320">
     <span class='ocr_line' id='line_1_62' title="bbox 816 3250 2389 3320; baseline 0.003 -20"><span class='ocrx_word' id='word_1_458' title='bbox 816 3250 1035 3300; x_wconf 82' lang='lat' dir='ltr'>occulto</span> <span class='ocrx_word' id='word_1_459' title='bbox 1076 3250 1142 3301; x_wconf 89' lang='lat' dir='ltr'>ab</span> <span class='ocrx_word' id='word_1_460' title='bbox 1171 3250 1301 3319; x_wconf 90' lang='lat' dir='ltr'>ipsis</span> <span class='ocrx_word' id='word_1_461' title='bbox 1340 3251 1494 3313; x_wconf 90' lang='lat' dir='ltr'>fiunt,</span> <span class='ocrx_word' id='word_1_462' title='bbox 1523 3260 1610 3303; x_wconf 88' lang='lat' dir='ltr'>aut</span> <span class='ocrx_word' id='word_1_463' title='bbox 1633 3265 1755 3320; x_wconf 69' lang='lat' dir='ltr'>qua!</span> <span class='ocrx_word' id='word_1_464' title='bbox 1782 3250 1835 3303; x_wconf 93' lang='lat' dir='ltr'>in</span> <span class='ocrx_word' id='word_1_465' title='bbox 1868 3250 2389 3305; x_wconf 88' lang='lat' dir='ltr'>absconditocordis</span> 
     </span>
    </p>
   </div>
   <div class='ocr_carea' id='block_1_63' title="bbox 819 3342 2389 3413">
    <p class='ocr_par' dir='ltr' id='par_1_63' title="bbox 819 3342 2389 3413">
     <span class='ocr_line' id='line_1_63' title="bbox 819 3342 2389 3413; baseline 0.002 -21"><span class='ocrx_word' id='word_1_466' title='bbox 819 3344 1131 3403; x_wconf 85' lang='lat' dir='ltr'>volvuntur,</span> <span class='ocrx_word' id='word_1_467' title='bbox 1186 3344 1610 3413; x_wconf 75' lang='lat' dir='ltr'>cogitanturque</span> <span class='ocrx_word' id='word_1_468' title='bbox 1669 3342 1905 3413; x_wconf 78' lang='lat' dir='ltr'>fugiant,</span> <span class='ocrx_word' id='word_1_469' title='bbox 1965 3358 2194 3411; x_wconf 88' lang='lat' dir='ltr'>prorsus</span> <span class='ocrx_word' id='word_1_470' title='bbox 2254 3344 2389 3396; x_wconf 88' lang='lat' dir='ltr'>nilul</span> 
     </span>
    </p>
   </div>
   <div class='ocr_carea' id='block_1_64' title="bbox 818 3431 2391 3502">
    <p class='ocr_par' dir='ltr' id='par_1_64' title="bbox 818 3431 2391 3502">
     <span class='ocr_line' id='line_1_64' title="bbox 818 3431 2391 3502; baseline 0.005 -24"><span class='ocrx_word' id='word_1_471' title='bbox 818 3431 972 3497; x_wconf 81' lang='lat' dir='ltr'>pensi</span> <span class='ocrx_word' id='word_1_472' title='bbox 1028 3431 1252 3491; x_wconf 83' lang='lat' dir='ltr'>habere,</span> <span class='ocrx_word' id='word_1_473' title='bbox 1286 3442 1334 3485; x_wconf 89' lang='lat' dir='ltr'>et</span> <span class='ocrx_word' id='word_1_474' title='bbox 1370 3433 1653 3494; x_wconf 88' lang='lat' dir='ltr'>arbitrari,</span> <span class='ocrx_word' id='word_1_475' title='bbox 1691 3447 1748 3486; x_wconf 90' lang='lat' dir='ltr'>se</span> <span class='ocrx_word' id='word_1_476' title='bbox 1776 3433 1895 3487; x_wconf 88' lang='lat' dir='ltr'>sine</span> <span class='ocrx_word' id='word_1_477' title='bbox 1945 3434 2054 3487; x_wconf 86' lang='lat' dir='ltr'>alio</span> <span class='ocrx_word' id='word_1_478' title='bbox 2083 3448 2246 3502; x_wconf 81' lang='lat' dir='ltr'>Opere</span> <span class='ocrx_word' id='word_1_479' title='bbox 2278 3435 2391 3487; x_wconf 87' lang='lat' dir='ltr'>sal-</span> 
     </span>
    </p>
   </div>
   <div class='ocr_carea' id='block_1_65' title="bbox 816 3523 2389 3593">
    <p class='ocr_par' dir='ltr' id='par_1_65' title="bbox 816 3523 2389 3593">
     <span class='ocr_line' id='line_1_65' title="bbox 816 3523 2389 3593; baseline 0.004 -22"><span class='ocrx_word' id='word_1_480' title='bbox 816 3530 999 3572; x_wconf 75' lang='lat' dir='ltr'>vatum</span> <span class='ocrx_word' id='word_1_481' title='bbox 1036 3523 1097 3573; x_wconf 90' lang='lat' dir='ltr'>iri</span> <span class='ocrx_word' id='word_1_482' title='bbox 1143 3524 1417 3589; x_wconf 85' lang='lat' dir='ltr'>(precum,</span> <span class='ocrx_word' id='word_1_483' title='bbox 1470 3525 1732 3592; x_wconf 79' lang='lat' dir='ltr'>iutellige,</span> <span class='ocrx_word' id='word_1_484' title='bbox 1785 3525 2018 3589; x_wconf 87' lang='lat' dir='ltr'>silentii,</span> <span class='ocrx_word' id='word_1_485' title='bbox 2050 3526 2389 3593; x_wconf 82' lang='lat' dir='ltr'>vigiliarum,</span> 
     </span>
    </p>
   </div>
   <div class='ocr_carea' id='block_1_66' title="bbox 815 3613 2387 3684">
    <p class='ocr_par' dir='ltr' id='par_1_66' title="bbox 815 3613 2387 3684">
     <span class='ocr_line' id='line_1_66' title="bbox 815 3613 2387 3684; baseline 0.002 -20"><span class='ocrx_word' id='word_1_486' title='bbox 815 3613 1189 3675; x_wconf 68' lang='lat' dir='ltr'>C0ttliltt&#39;nlltn,</span> <span class='ocrx_word' id='word_1_487' title='bbox 1222 3615 1563 3681; x_wconf 78' lang='lat' dir='ltr'>paupertatis</span> <span class='ocrx_word' id='word_1_488' title='bbox 1599 3615 1851 3682; x_wconf 81' lang='lat' dir='ltr'>Spiritus,</span> <span class='ocrx_word' id='word_1_489' title='bbox 1888 3614 2236 3684; x_wconf 90' lang='lat' dir='ltr'>humilitatis)</span> <span class='ocrx_word' id='word_1_490' title='bbox 2265 3631 2387 3668; x_wconf 90' lang='lat' dir='ltr'>eum</span> 
     </span>
    </p>
   </div>
   <div class='ocr_carea' id='block_1_67' title="bbox 817 3704 2386 3773">
    <p class='ocr_par' dir='ltr' id='par_1_67' title="bbox 817 3704 2386 3773">
     <span class='ocr_line' id='line_1_67' title="bbox 817 3704 2386 3773; baseline 0.003 -19"><span class='ocrx_word' id='word_1_491' title='bbox 817 3704 955 3765; x_wconf 88' lang='lat' dir='ltr'>solo,</span> <span class='ocrx_word' id='word_1_492' title='bbox 1024 3719 1087 3755; x_wconf 92' lang='lat' dir='ltr'>ac</span> <span class='ocrx_word' id='word_1_493' title='bbox 1131 3704 1369 3772; x_wconf 86' lang='lat' dir='ltr'>simplici</span> <span class='ocrx_word' id='word_1_494' title='bbox 1399 3705 1463 3757; x_wconf 88' lang='lat' dir='ltr'>ad</span> <span class='ocrx_word' id='word_1_495' title='bbox 1490 3720 1722 3773; x_wconf 75' lang='lat' dir='ltr'>synaxes</span> <span class='ocrx_word' id='word_1_496' title='bbox 1746 3720 2003 3757; x_wconf 86' lang='lat' dir='ltr'>occursu.</span> <span class='ocrx_word' id='word_1_497' title='bbox 2040 3704 2237 3758; x_wconf 81' lang='lat' dir='ltr'>Verum</span> <span class='ocrx_word' id='word_1_498' title='bbox 2291 3708 2386 3759; x_wconf 90' lang='lat' dir='ltr'>ali-</span> 
     </span>
    </p>
   </div>
   <div class='ocr_carea' id='block_1_68' title="bbox 815 3794 2387 3860">
    <p class='ocr_par' dir='ltr' id='par_1_68' title="bbox 815 3794 2387 3860">
     <span class='ocr_line' id='line_1_68' title="bbox 815 3794 2387 3860; baseline 0.003 -16"><span class='ocrx_word' id='word_1_499' title='bbox 815 3800 1010 3847; x_wconf 86' lang='lat' dir='ltr'>terres</span> <span class='ocrx_word' id='word_1_500' title='bbox 1046 3794 1227 3848; x_wconf 89' lang='lat' dir='ltr'>habet.</span> <span class='ocrx_word' id='word_1_501' title='bbox 1260 3795 1401 3849; x_wconf 86' lang='lat' dir='ltr'>Deus</span> <span class='ocrx_word' id='word_1_502' title='bbox 1438 3797 1604 3860; x_wconf 91' lang='lat' dir='ltr'>enim,</span> <span class='ocrx_word' id='word_1_503' title='bbox 1649 3795 1865 3858; x_wconf 88' lang='lat' dir='ltr'>fratres,</span> <span class='ocrx_word' id='word_1_504' title='bbox 1911 3810 2018 3847; x_wconf 92' lang='lat' dir='ltr'>non</span> <span class='ocrx_word' id='word_1_505' title='bbox 2071 3796 2136 3848; x_wconf 88' lang='lat' dir='ltr'>ad</span> <span class='ocrx_word' id='word_1_506' title='bbox 2172 3796 2387 3860; x_wconf 88' lang='lat' dir='ltr'>faciem,</span> 
     </span>
    </p>
   </div>
   <div class='ocr_carea' id='block_1_69' title="bbox 819 3885 2388 3949">
    <p class='ocr_par' dir='ltr' id='par_1_69' title="bbox 819 3885 2388 3949">
     <span class='ocr_line' id='line_1_69' title="bbox 819 3885 2388 3949; baseline 0.003 -13"><span class='ocrx_word' id='word_1_507' title='bbox 819 3900 919 3938; x_wconf 88' lang='lat' dir='ltr'>nec</span> <span class='ocrx_word' id='word_1_508' title='bbox 947 3887 1009 3936; x_wconf 92' lang='lat' dir='ltr'>ad</span> <span class='ocrx_word' id='word_1_509' title='bbox 1037 3885 1205 3938; x_wconf 89' lang='lat' dir='ltr'>solam</span> <span class='ocrx_word' id='word_1_510' title='bbox 1236 3886 1560 3939; x_wconf 69' lang='lat' dir='ltr'>exteriorem</span> <span class='ocrx_word' id='word_1_511' title='bbox 1597 3902 1807 3938; x_wconf 90' lang='lat' dir='ltr'>morum</span> <span class='ocrx_word' id='word_1_512' title='bbox 1832 3887 2170 3949; x_wconf 85' lang='lat' dir='ltr'>modestiam,</span> <span class='ocrx_word' id='word_1_513' title='bbox 2197 3887 2289 3940; x_wconf 87' lang='lat' dir='ltr'>sed</span> <span class='ocrx_word' id='word_1_514' title='bbox 2321 3888 2388 3940; x_wconf 89' lang='lat' dir='ltr'>ad</span> 
     </span>
    </p>
   </div>
   <div class='ocr_carea' id='block_1_70' title="bbox 819 3978 2385 4045">
    <p class='ocr_par' dir='ltr' id='par_1_70' title="bbox 819 3978 2385 4045">
     <span class='ocr_line' id='line_1_70' title="bbox 819 3978 2385 4045; baseline 0.003 -17"><span class='ocrx_word' id='word_1_515' title='bbox 819 3991 915 4029; x_wconf 90' lang='lat' dir='ltr'>cor</span> <span class='ocrx_word' id='word_1_516' title='bbox 940 3979 1262 4040; x_wconf 84' lang='lat' dir='ltr'>contritum,</span> <span class='ocrx_word' id='word_1_517' title='bbox 1295 3987 1347 4031; x_wconf 91' lang='lat' dir='ltr'>et</span> <span class='ocrx_word' id='word_1_518' title='bbox 1405 3978 1753 4031; x_wconf 90' lang='lat' dir='ltr'>humiliatum</span> <span class='ocrx_word' id='word_1_519' title='bbox 1796 3986 1849 4030; x_wconf 86' lang='lat' dir='ltr'>et</span> <span class='ocrx_word' id='word_1_520' title='bbox 1882 3979 2153 4045; x_wconf 88' lang='lat' dir='ltr'>quietum,</span> <span class='ocrx_word' id='word_1_521' title='bbox 2186 3994 2251 4031; x_wconf 89' lang='lat' dir='ltr'>ac</span> <span class='ocrx_word' id='word_1_522' title='bbox 2295 3979 2385 4033; x_wconf 85' lang='lat' dir='ltr'>Dei</span> 
     </span>
    </p>
   </div>
   <div class='ocr_carea' id='block_1_71' title="bbox 815 4067 2386 4137">
    <p class='ocr_par' dir='ltr' id='par_1_71' title="bbox 815 4067 2386 4137">
     <span class='ocr_line' id='line_1_71' title="bbox 815 4067 2386 4137; baseline 0 -17"><span class='ocrx_word' id='word_1_523' title='bbox 815 4068 1010 4121; x_wconf 90' lang='lat' dir='ltr'>timore</span> <span class='ocrx_word' id='word_1_524' title='bbox 1063 4067 1283 4135; x_wconf 90' lang='lat' dir='ltr'>plenum</span> <span class='ocrx_word' id='word_1_525' title='bbox 1353 4068 1613 4135; x_wconf 88' lang='lat' dir='ltr'>respicit:</span> <span class='ocrx_word' id='word_1_526' title='bbox 1650 4068 1820 4133; x_wconf 83' lang='lat' dir='ltr'>Super</span> <span class='ocrx_word' id='word_1_527' title='bbox 1870 4084 2024 4137; x_wconf 82' lang='lat' dir='ltr'>quem</span> <span class='ocrx_word' id='word_1_528' title='bbox 2084 4070 2386 4136; x_wconf 80' lang='lat' dir='ltr'>respiciam,</span> 
     </span>
    </p>
   </div>
   <div class='ocr_carea' id='block_1_72' title="bbox 817 4160 2388 4229">
    <p class='ocr_par' dir='ltr' id='par_1_72' title="bbox 817 4160 2388 4229">
     <span class='ocr_line' id='line_1_72' title="bbox 817 4160 2388 4229; baseline 0.001 -16"><span class='ocrx_word' id='word_1_529' title='bbox 817 4160 1013 4227; x_wconf 91' lang='lat' dir='ltr'>inquit,</span> <span class='ocrx_word' id='word_1_530' title='bbox 1043 4160 1145 4212; x_wconf 75' lang='lat' dir='ltr'>nisi</span> <span class='ocrx_word' id='word_1_531' title='bbox 1195 4175 1350 4223; x_wconf 73' lang='lat' dir='ltr'>super</span> <span class='ocrx_word' id='word_1_532' title='bbox 1389 4163 1587 4224; x_wconf 87' lang='lat' dir='ltr'>mitem,</span> <span class='ocrx_word' id='word_1_533' title='bbox 1630 4169 1680 4213; x_wconf 85' lang='lat' dir='ltr'>et</span> <span class='ocrx_word' id='word_1_534' title='bbox 1706 4160 1959 4229; x_wconf 84' lang='lat' dir='ltr'>quietum,</span> <span class='ocrx_word' id='word_1_535' title='bbox 1991 4170 2040 4213; x_wconf 82' lang='lat' dir='ltr'>et</span> <span class='ocrx_word' id='word_1_536' title='bbox 2086 4170 2388 4215; x_wconf 82' lang='lat' dir='ltr'>trementem</span> 
     </span>
    </p>
   </div>
   <div class='ocr_carea' id='block_1_73' title="bbox 818 4252 1342 4305">
    <p class='ocr_par' dir='ltr' id='par_1_73' title="bbox 818 4252 1342 4305">
     <span class='ocr_line' id='line_1_73' title="bbox 818 4252 1342 4305; baseline 0.004 -2"><span class='ocrx_word' id='word_1_537' title='bbox 818 4267 1079 4304; x_wconf 70' lang='lat' dir='ltr'>sermones</span> <span class='ocrx_word' id='word_1_538' title='bbox 1106 4267 1243 4304; x_wconf 66' lang='lat' dir='ltr'>meo:</span> <span class='ocrx_word' id='word_1_539' title='bbox 1262 4252 1342 4305; x_wconf 66' lang='lat'>&quot;1&#39;</span> 
     </span>
    </p>
   </div>
   <div class='ocr_carea' id='block_1_74' title="bbox 892 4343 2386 4417">
    <p class='ocr_par' dir='ltr' id='par_1_74' title="bbox 892 4343 2386 4417">
     <span class='ocr_line' id='line_1_74' title="bbox 892 4343 2386 4417; baseline 0.005 -23"><span class='ocrx_word' id='word_1_540' title='bbox 892 4343 1030 4407; x_wconf 85' lang='lat' dir='ltr'>Quid</span> <span class='ocrx_word' id='word_1_541' title='bbox 1063 4354 1239 4396; x_wconf 88' lang='lat' dir='ltr'>autem</span> <span class='ocrx_word' id='word_1_542' title='bbox 1289 4343 1355 4397; x_wconf 89' lang='lat' dir='ltr'>de</span> <span class='ocrx_word' id='word_1_543' title='bbox 1413 4344 1479 4398; x_wconf 90' lang='lat' dir='ltr'>iis</span> <span class='ocrx_word' id='word_1_544' title='bbox 1524 4345 1737 4415; x_wconf 90' lang='lat' dir='ltr'>loquar,</span> <span class='ocrx_word' id='word_1_545' title='bbox 1775 4348 1888 4415; x_wconf 88' lang='lat' dir='ltr'>qui,</span> <span class='ocrx_word' id='word_1_546' title='bbox 1930 4349 2076 4417; x_wconf 89' lang='lat' dir='ltr'>quod</span> <span class='ocrx_word' id='word_1_547' title='bbox 2105 4347 2386 4417; x_wconf 72' lang='lat' dir='ltr'>indignum</span> 
     </span>
    </p>
   </div>
   <div class='ocr_carea' id='block_1_75' title="bbox 815 4434 2387 4508">
    <p class='ocr_par' dir='ltr' id='par_1_75' title="bbox 815 4434 2387 4508">
     <span class='ocr_line' id='line_1_75' title="bbox 815 4434 2387 4508; baseline 0.002 -20"><span class='ocrx_word' id='word_1_548' title='bbox 815 4441 922 4500; x_wconf 85' lang='lat' dir='ltr'>est,</span> <span class='ocrx_word' id='word_1_549' title='bbox 958 4434 1024 4487; x_wconf 88' lang='lat' dir='ltr'>ad</span> <span class='ocrx_word' id='word_1_550' title='bbox 1051 4436 1373 4504; x_wconf 70' lang='lat' dir='ltr'>przepositos</span> <span class='ocrx_word' id='word_1_551' title='bbox 1411 4452 1544 4492; x_wconf 88' lang='lat' dir='ltr'>suos</span> <span class='ocrx_word' id='word_1_552' title='bbox 1602 4439 1827 4502; x_wconf 89' lang='lat' dir='ltr'>adeunt,</span> <span class='ocrx_word' id='word_1_553' title='bbox 1890 4448 2058 4507; x_wconf 83' lang='lat' dir='ltr'>atque</span> <span class='ocrx_word' id='word_1_554' title='bbox 2100 4454 2195 4492; x_wconf 89' lang='lat' dir='ltr'>eos</span> <span class='ocrx_word' id='word_1_555' title='bbox 2243 4440 2387 4508; x_wconf 81' lang='lat' dir='ltr'>peti-</span> 
     </span>
    </p>
   </div>
   <div class='ocr_carea' id='block_1_76' title="bbox 816 4525 2387 4596">
    <p class='ocr_par' dir='ltr' id='par_1_76' title="bbox 816 4525 2387 4596">
     <span class='ocr_line' id='line_1_76' title="bbox 816 4525 2387 4596; baseline 0.002 -17"><span class='ocrx_word' id='word_1_556' title='bbox 816 4528 1021 4579; x_wconf 89' lang='lat' dir='ltr'>tionem</span> <span class='ocrx_word' id='word_1_557' title='bbox 1064 4525 1379 4594; x_wconf 88' lang='lat' dir='ltr'>deponunt?</span> <span class='ocrx_word' id='word_1_558' title='bbox 1412 4526 1474 4579; x_wconf 82' lang='lat' dir='ltr'>Et</span> <span class='ocrx_word' id='word_1_559' title='bbox 1523 4528 1838 4596; x_wconf 86' lang='lat' dir='ltr'>quicunque</span> <span class='ocrx_word' id='word_1_560' title='bbox 1882 4528 2258 4581; x_wconf 90' lang='lat' dir='ltr'>tantummodo</span> <span class='ocrx_word' id='word_1_561' title='bbox 2293 4545 2387 4582; x_wconf 80' lang='lat' dir='ltr'>ex-</span> 
     </span>
    </p>
   </div>
   <div class='ocr_carea' id='block_1_77' title="bbox 814 4621 2386 4692">
    <p class='ocr_par' dir='ltr' id='par_1_77' title="bbox 814 4621 2386 4692">
     <span class='ocr_line' id='line_1_77' title="bbox 814 4621 2386 4692; baseline 0.003 -19"><span class='ocrx_word' id='word_1_562' title='bbox 814 4621 1002 4673; x_wconf 85' lang='lat' dir='ltr'>teriori</span> <span class='ocrx_word' id='word_1_563' title='bbox 1068 4621 1340 4691; x_wconf 74' lang='lat' dir='ltr'>religioni.</span> <span class='ocrx_word' id='word_1_564' title='bbox 1403 4635 1467 4675; x_wconf 88' lang='lat' dir='ltr'>ac</span> <span class='ocrx_word' id='word_1_565' title='bbox 1521 4622 1709 4690; x_wconf 88' lang='lat' dir='ltr'>pietati</span> <span class='ocrx_word' id='word_1_566' title='bbox 1772 4622 1905 4676; x_wconf 90' lang='lat' dir='ltr'>dant</span> <span class='ocrx_word' id='word_1_567' title='bbox 1959 4638 2218 4692; x_wconf 86' lang='lat' dir='ltr'>operam,</span> <span class='ocrx_word' id='word_1_568' title='bbox 2291 4633 2386 4677; x_wconf 85' lang='lat' dir='ltr'>aut</span> 
     </span>
    </p>
   </div>
   <div class='ocr_carea' id='block_1_78' title="bbox 814 4714 2383 4786">
    <p class='ocr_par' dir='ltr' id='par_1_78' title="bbox 814 4714 2383 4786">
     <span class='ocr_line' id='line_1_78' title="bbox 814 4714 2383 4786; baseline 0.004 -23"><span class='ocrx_word' id='word_1_569' title='bbox 814 4715 1017 4781; x_wconf 84' lang='lat' dir='ltr'>potius,</span> <span class='ocrx_word' id='word_1_570' title='bbox 1043 4715 1135 4781; x_wconf 89' lang='lat' dir='ltr'>qui</span> <span class='ocrx_word' id='word_1_571' title='bbox 1186 4723 1393 4766; x_wconf 87' lang='lat' dir='ltr'>tantum</span> <span class='ocrx_word' id='word_1_572' title='bbox 1425 4714 1616 4772; x_wconf 91' lang='lat' dir='ltr'>lueris.</span> <span class='ocrx_word' id='word_1_573' title='bbox 1652 4715 1857 4784; x_wconf 69' lang='lat' dir='ltr'>gloriae,</span> <span class='ocrx_word' id='word_1_574' title='bbox 1905 4731 1968 4770; x_wconf 90' lang='lat' dir='ltr'>ac</span> <span class='ocrx_word' id='word_1_575' title='bbox 2020 4718 2383 4786; x_wconf 70' lang='lat' dir='ltr'>praesentibus</span> 
     </span>
    </p>
   </div>
   <div class='ocr_carea' id='block_1_79' title="bbox 814 4804 2379 4875">
    <p class='ocr_par' dir='ltr' id='par_1_79' title="bbox 814 4804 2379 4875">
     <span class='ocr_line' id='line_1_79' title="bbox 814 4804 2379 4875; baseline 0.004 -20"><span class='ocrx_word' id='word_1_576' title='bbox 814 4807 947 4858; x_wconf 82' lang='lat' dir='ltr'>solis</span> <span class='ocrx_word' id='word_1_577' title='bbox 980 4804 1209 4857; x_wconf 86' lang='lat' dir='ltr'>inhiant.</span> <span class='ocrx_word' id='word_1_578' title='bbox 1239 4806 1433 4857; x_wconf 84' lang='lat' dir='ltr'>Annon</span> <span class='ocrx_word' id='word_1_579' title='bbox 1467 4820 1678 4868; x_wconf 90' lang='lat' dir='ltr'>sumus,</span> <span class='ocrx_word' id='word_1_580' title='bbox 1703 4805 1976 4875; x_wconf 90' lang='lat' dir='ltr'>inquiunt,</span> <span class='ocrx_word' id='word_1_581' title='bbox 1999 4808 2143 4875; x_wconf 80' lang='lat' dir='ltr'>digni</span> <span class='ocrx_word' id='word_1_582' title='bbox 2174 4816 2227 4861; x_wconf 89' lang='lat' dir='ltr'>et</span> <span class='ocrx_word' id='word_1_583' title='bbox 2260 4824 2379 4871; x_wconf 89' lang='lat' dir='ltr'>nos,</span> 
     </span>
    </p>
   </div>
   <div class='ocr_carea' id='block_1_80' title="bbox 818 4896 2384 4962">
    <p class='ocr_par' dir='ltr' id='par_1_80' title="bbox 818 4896 2384 4962">
     <span class='ocr_line' id='line_1_80' title="bbox 818 4896 2384 4962; baseline 0.003 -15"><span class='ocrx_word' id='word_1_584' title='bbox 818 4896 1136 4950; x_wconf 85' lang='lat' dir='ltr'>honorande</span> <span class='ocrx_word' id='word_1_585' title='bbox 1167 4897 1348 4960; x_wconf 85' lang='lat' dir='ltr'>Pater,</span> <span class='ocrx_word' id='word_1_586' title='bbox 1382 4906 1440 4949; x_wconf 88' lang='lat' dir='ltr'>ut</span> <span class='ocrx_word' id='word_1_587' title='bbox 1472 4908 1828 4962; x_wconf 77' lang='lat' dir='ltr'>inonasterto,</span> <span class='ocrx_word' id='word_1_588' title='bbox 1863 4909 1919 4951; x_wconf 89' lang='lat' dir='ltr'>et</span> <span class='ocrx_word' id='word_1_589' title='bbox 1965 4899 2232 4954; x_wconf 88' lang='lat' dir='ltr'>fratribus</span> <span class='ocrx_word' id='word_1_590' title='bbox 2286 4900 2384 4952; x_wconf 83' lang='lat' dir='ltr'>mi-</span> 
     </span>
    </p>
   </div>
   <div class='ocr_carea' id='block_1_81' title="bbox 815 4989 2379 5043">
    <p class='ocr_par' dir='ltr' id='par_1_81' title="bbox 815 4989 2379 5043">
     <span class='ocr_line' id='line_1_81' title="bbox 815 4989 2379 5043; baseline 0.001 -2"><span class='ocrx_word' id='word_1_591' title='bbox 815 4989 1149 5042; x_wconf 86' lang='lat' dir='ltr'>nistremus?</span> <span class='ocrx_word' id='word_1_592' title='bbox 1192 5004 1322 5042; x_wconf 90' lang='lat' dir='ltr'>num</span> <span class='ocrx_word' id='word_1_593' title='bbox 1350 4990 1499 5043; x_wconf 89' lang='lat' dir='ltr'>solus</span> <span class='ocrx_word' id='word_1_594' title='bbox 1538 4990 1623 5042; x_wconf 90' lang='lat' dir='ltr'>hic</span> <span class='ocrx_word' id='word_1_595' title='bbox 1652 4997 1706 5042; x_wconf 86' lang='lat' dir='ltr'>et</span> <span class='ocrx_word' id='word_1_596' title='bbox 1750 4991 1839 5042; x_wconf 88' lang='lat' dir='ltr'>hic</span> <span class='ocrx_word' id='word_1_597' title='bbox 1886 4990 1953 5043; x_wconf 89' lang='lat' dir='ltr'>ad</span> <span class='ocrx_word' id='word_1_598' title='bbox 2017 4991 2379 5043; x_wconf 79' lang='lat' dir='ltr'>ministerium</span> 
     </span>
    </p>
   </div>
   <div class='ocr_carea' id='block_1_82' title="bbox 815 5082 2377 5153">
    <p class='ocr_par' dir='ltr' id='par_1_82' title="bbox 815 5082 2377 5153">
     <span class='ocr_line' id='line_1_82' title="bbox 815 5082 2377 5153; baseline 0.001 -18"><span class='ocrx_word' id='word_1_599' title='bbox 815 5082 917 5135; x_wconf 89' lang='lat' dir='ltr'>hoc</span> <span class='ocrx_word' id='word_1_600' title='bbox 946 5083 1174 5135; x_wconf 82' lang='lat' dir='ltr'>idoneus</span> <span class='ocrx_word' id='word_1_601' title='bbox 1197 5089 1300 5143; x_wconf 89' lang='lat' dir='ltr'>est,</span> <span class='ocrx_word' id='word_1_602' title='bbox 1326 5089 1377 5134; x_wconf 91' lang='lat' dir='ltr'>et</span> <span class='ocrx_word' id='word_1_603' title='bbox 1402 5082 1490 5135; x_wconf 85' lang='lat' dir='ltr'>ille</span> <span class='ocrx_word' id='word_1_604' title='bbox 1524 5082 1718 5136; x_wconf 88' lang='lat' dir='ltr'>melius</span> <span class='ocrx_word' id='word_1_605' title='bbox 1738 5097 1903 5151; x_wconf 90' lang='lat' dir='ltr'>quam</span> <span class='ocrx_word' id='word_1_606' title='bbox 1933 5098 2031 5137; x_wconf 85' lang='lat' dir='ltr'>nos</span> <span class='ocrx_word' id='word_1_607' title='bbox 2057 5098 2142 5137; x_wconf 90' lang='lat' dir='ltr'>res</span> <span class='ocrx_word' id='word_1_608' title='bbox 2164 5099 2377 5153; x_wconf 79' lang='lat' dir='ltr'>gerere,</span> 
     </span>
    </p>
   </div>
   <div class='ocr_carea' id='block_1_83' title="bbox 812 5170 2377 5242">
    <p class='ocr_par' dir='ltr' id='par_1_83' title="bbox 812 5170 2377 5242">
     <span class='ocr_line' id='line_1_83' title="bbox 812 5170 2377 5242; baseline 0 -17"><span class='ocrx_word' id='word_1_609' title='bbox 812 5179 868 5225; x_wconf 84' lang='lat' dir='ltr'>ct</span> <span class='ocrx_word' id='word_1_610' title='bbox 902 5170 1275 5227; x_wconf 87' lang='lat' dir='ltr'>administrare</span> <span class='ocrx_word' id='word_1_611' title='bbox 1311 5172 1504 5224; x_wconf 83' lang='lat' dir='ltr'>novit?</span> <span class='ocrx_word' id='word_1_612' title='bbox 1562 5170 1672 5226; x_wconf 82' lang='lat' dir='ltr'>Fac</span> <span class='ocrx_word' id='word_1_613' title='bbox 1705 5173 2029 5240; x_wconf 87' lang='lat' dir='ltr'>perieulum,</span> <span class='ocrx_word' id='word_1_614' title='bbox 2081 5173 2125 5226; x_wconf 91' lang='lat' dir='ltr'>si</span> <span class='ocrx_word' id='word_1_615' title='bbox 2181 5176 2377 5242; x_wconf 91' lang='lat' dir='ltr'>placet,</span> 
     </span>
    </p>
   </div>
   <div class='ocr_carea' id='block_1_84' title="bbox 809 5264 2376 5334">
    <p class='ocr_par' dir='ltr' id='par_1_84' title="bbox 809 5264 2376 5334">
     <span class='ocr_line' id='line_1_84' title="bbox 809 5264 2376 5334; baseline 0 -17"><span class='ocrx_word' id='word_1_616' title='bbox 809 5265 970 5317; x_wconf 87' lang='lat' dir='ltr'>etiam</span> <span class='ocrx_word' id='word_1_617' title='bbox 1013 5264 1066 5316; x_wconf 91' lang='lat' dir='ltr'>in</span> <span class='ocrx_word' id='word_1_618' title='bbox 1096 5265 1272 5328; x_wconf 90' lang='lat' dir='ltr'>nobis,</span> <span class='ocrx_word' id='word_1_619' title='bbox 1307 5272 1359 5317; x_wconf 90' lang='lat' dir='ltr'>et</span> <span class='ocrx_word' id='word_1_620' title='bbox 1391 5264 1659 5323; x_wconf 89' lang='lat' dir='ltr'>invenies,</span> <span class='ocrx_word' id='word_1_621' title='bbox 1701 5280 1794 5330; x_wconf 86' lang='lat' dir='ltr'>per</span> <span class='ocrx_word' id='word_1_622' title='bbox 1828 5279 1927 5318; x_wconf 92' lang='lat' dir='ltr'>nos</span> <span class='ocrx_word' id='word_1_623' title='bbox 1961 5266 2183 5327; x_wconf 87' lang='lat' dir='ltr'>rectius,</span> <span class='ocrx_word' id='word_1_624' title='bbox 2215 5281 2376 5334; x_wconf 89' lang='lat' dir='ltr'>quam</span> 
     </span>
    </p>
   </div>
   <div class='ocr_carea' id='block_1_85' title="bbox 811 5353 1938 5423">
    <p class='ocr_par' dir='ltr' id='par_1_85' title="bbox 811 5353 1938 5423">
     <span class='ocr_line' id='line_1_85' title="bbox 811 5353 1938 5423; baseline 0.002 -18"><span class='ocrx_word' id='word_1_625' title='bbox 811 5367 906 5421; x_wconf 81' lang='lat' dir='ltr'>per</span> <span class='ocrx_word' id='word_1_626' title='bbox 934 5354 1056 5405; x_wconf 86' lang='lat' dir='ltr'>illos</span> <span class='ocrx_word' id='word_1_627' title='bbox 1089 5353 1312 5405; x_wconf 91' lang='lat' dir='ltr'>tractari</span> <span class='ocrx_word' id='word_1_628' title='bbox 1348 5354 1561 5423; x_wconf 80' lang='lat' dir='ltr'>negotia</span> <span class='ocrx_word' id='word_1_629' title='bbox 1597 5353 1938 5407; x_wconf 83' lang='lat' dir='ltr'>ntouasterii.</span> 
     </span>
    </p>
   </div>
   <div class='ocr_carea' id='block_1_86' title="bbox 882 5424 2376 5505">
    <p class='ocr_par' dir='ltr' id='par_1_86' title="bbox 882 5424 2376 5505">
     <span class='ocr_line' id='line_1_86' title="bbox 882 5424 2376 5505; baseline 0.003 -13"><span class='ocrx_word' id='word_1_630' title='bbox 882 5442 984 5494; x_wconf 80' lang='lat' dir='ltr'>Alii</span> <span class='ocrx_word' id='word_1_631' title='bbox 1017 5457 1162 5505; x_wconf 82' lang='lat' dir='ltr'>vero,</span> <span class='ocrx_word' id='word_1_632' title='bbox 1197 5458 1320 5496; x_wconf 91' lang='lat' dir='ltr'>cum</span> <span class='ocrx_word' id='word_1_633' title='bbox 1357 5442 1554 5496; x_wconf 89' lang='lat' dir='ltr'>nudius</span> <span class='ocrx_word' id='word_1_634' title='bbox 1590 5442 1781 5495; x_wconf 85' lang='lat' dir='ltr'>tertius</span> <span class='ocrx_word' id='word_1_635' title='bbox 1809 5458 1837 5495; x_wconf 92' lang='lat' dir='ltr'>e</span> <span class='ocrx_word' id='word_1_636' title='bbox 1893 5444 2094 5495; x_wconf 89' lang='lat' dir='ltr'>mundo</span> <span class='ocrx_word' id='word_1_637' title='bbox 2138 5424 2376 5496; x_wconf 53' lang='lat' dir='ltr'>adveneo</span> 
     </span>
    </p>
   </div>
   <div class='ocr_carea' id='block_1_87' title="bbox 810 5533 2376 5603">
    <p class='ocr_par' dir='ltr' id='par_1_87' title="bbox 810 5533 2376 5603">
     <span class='ocr_line' id='line_1_87' title="bbox 810 5533 2376 5603; baseline 0.001 -18"><span class='ocrx_word' id='word_1_638' title='bbox 810 5533 941 5596; x_wconf 85' lang='lat' dir='ltr'>rint,</span> <span class='ocrx_word' id='word_1_639' title='bbox 985 5549 1149 5600; x_wconf 83' lang='lat' dir='ltr'>seque</span> <span class='ocrx_word' id='word_1_640' title='bbox 1180 5534 1246 5586; x_wconf 87' lang='lat' dir='ltr'>ab</span> <span class='ocrx_word' id='word_1_641' title='bbox 1280 5534 1395 5602; x_wconf 76' lang='lat' dir='ltr'>ipsa</span> <span class='ocrx_word' id='word_1_642' title='bbox 1442 5534 1847 5587; x_wconf 85' lang='lat' dir='ltr'>rcnttntiatione</span> <span class='ocrx_word' id='word_1_643' title='bbox 1886 5534 2172 5596; x_wconf 81' lang='lat' dir='ltr'>socordiae,</span> <span class='ocrx_word' id='word_1_644' title='bbox 2215 5536 2376 5603; x_wconf 72' lang='lat' dir='ltr'>igna-</span> 
     </span>
    </p>
   </div>
   <div class='ocr_carea' id='block_1_88' title="bbox 811 5623 2377 5695">
    <p class='ocr_par' dir='ltr' id='par_1_88' title="bbox 811 5623 2377 5695">
     <span class='ocr_line' id='line_1_88' title="bbox 811 5623 2377 5695; baseline 0.004 -22"><span class='ocrx_word' id='word_1_645' title='bbox 811 5624 910 5675; x_wconf 75' lang='lat' dir='ltr'>via:</span> <span class='ocrx_word' id='word_1_646' title='bbox 938 5623 1259 5687; x_wconf 86' lang='lat' dir='ltr'>dediderint,</span> <span class='ocrx_word' id='word_1_647' title='bbox 1296 5635 1347 5678; x_wconf 89' lang='lat' dir='ltr'>et</span> <span class='ocrx_word' id='word_1_648' title='bbox 1401 5625 1639 5695; x_wconf 83' lang='lat' dir='ltr'>peccatis</span> <span class='ocrx_word' id='word_1_649' title='bbox 1689 5635 1938 5680; x_wconf 81' lang='lat' dir='ltr'>scalcant</span> <span class='ocrx_word' id='word_1_650' title='bbox 1999 5627 2377 5682; x_wconf 84' lang='lat' dir='ltr'>innumerabi-</span> 
     </span>
    </p>
   </div>
   <div class='ocr_carea' id='block_1_89' title="bbox 915 5803 1367 5865">
    <p class='ocr_par' dir='ltr' id='par_1_89' title="bbox 915 5803 1367 5865">
     <span class='ocr_line' id='line_1_89' title="bbox 915 5803 1367 5865; baseline 0.009 -10"><span class='ocrx_word' id='word_1_651' title='bbox 915 5806 956 5837; x_wconf 80' lang='grc'>⁵⁷</span> <span class='ocrx_word' id='word_1_652' title='bbox 990 5803 1091 5857; x_wconf 66' lang='lat' dir='ltr'>lsa.</span> <span class='ocrx_word' id='word_1_653' title='bbox 1141 5820 1281 5865; x_wconf 62' lang='grc' dir='ltr'>ιιι-ι,</span> <span class='ocrx_word' id='word_1_654' title='bbox 1315 5804 1367 5859; x_wconf 73' lang='grc'>2.</span> 
     </span>
    </p>
   </div>
   <div class='ocr_carea' id='block_1_90' title="bbox 2492 3248 4059 3324">
    <p class='ocr_par' dir='ltr' id='par_1_90' title="bbox 2492 3248 4059 3324">
     <span class='ocr_line' id='line_1_90' title="bbox 2492 3248 4059 3324; baseline -0.007 -16"><span class='ocrx_word' id='word_1_655' title='bbox 2492 3266 2705 3324; x_wconf 90' lang='lat' dir='ltr'>putem.</span> <span class='ocrx_word' id='word_1_656' title='bbox 2738 3254 2894 3318; x_wconf 87' lang='lat' dir='ltr'>Quod</span> <span class='ocrx_word' id='word_1_657' title='bbox 2927 3254 2972 3307; x_wconf 87' lang='lat' dir='ltr'>si</span> <span class='ocrx_word' id='word_1_658' title='bbox 3007 3254 3131 3320; x_wconf 87' lang='lat' dir='ltr'>quis</span> <span class='ocrx_word' id='word_1_659' title='bbox 3150 3267 3215 3305; x_wconf 86' lang='lat' dir='ltr'>ex</span> <span class='ocrx_word' id='word_1_660' title='bbox 3244 3251 3372 3311; x_wconf 87' lang='lat' dir='ltr'>illis,</span> <span class='ocrx_word' id='word_1_661' title='bbox 3396 3250 3595 3318; x_wconf 85' lang='lat' dir='ltr'>quibus</span> <span class='ocrx_word' id='word_1_662' title='bbox 3627 3248 3928 3300; x_wconf 88' lang='lat' dir='ltr'>adveniens</span> <span class='ocrx_word' id='word_1_663' title='bbox 3954 3248 4059 3298; x_wconf 77' lang='lat' dir='ltr'>hzrc</span> 
     </span>
    </p>
   </div>
   <div class='ocr_carea' id='block_1_91' title="bbox 2493 3335 4061 3407">
    <p class='ocr_par' dir='ltr' id='par_1_91' title="bbox 2493 3335 4061 3407">
     <span class='ocr_line' id='line_1_91' title="bbox 2493 3335 4061 3407; baseline -0.007 -9"><span class='ocrx_word' id='word_1_664' title='bbox 2493 3346 2644 3405; x_wconf 84' lang='lat' dir='ltr'>dicit,</span> <span class='ocrx_word' id='word_1_665' title='bbox 2675 3345 2843 3397; x_wconf 89' lang='lat' dir='ltr'>Deum</span> <span class='ocrx_word' id='word_1_666' title='bbox 2879 3344 3054 3407; x_wconf 87' lang='lat' dir='ltr'>timet,</span> <span class='ocrx_word' id='word_1_667' title='bbox 3090 3342 3173 3395; x_wconf 90' lang='lat' dir='ltr'>his</span> <span class='ocrx_word' id='word_1_668' title='bbox 3197 3341 3245 3395; x_wconf 94' lang='lat' dir='ltr'>ei</span> <span class='ocrx_word' id='word_1_669' title='bbox 3283 3341 3463 3394; x_wconf 81' lang='lat' dir='ltr'>verbis</span> <span class='ocrx_word' id='word_1_670' title='bbox 3499 3338 3790 3407; x_wconf 77' lang='lat' dir='ltr'>respondet</span> <span class='ocrx_word' id='word_1_671' title='bbox 3820 3354 3833 3388; x_wconf 91' lang='lat'>:</span> <span class='ocrx_word' id='word_1_672' title='bbox 3863 3335 4061 3388; x_wconf 71' lang='lat' dir='ltr'>Memor</span> 
     </span>
    </p>
   </div>
   <div class='ocr_carea' id='block_1_92' title="bbox 2496 3428 4061 3496">
    <p class='ocr_par' dir='ltr' id='par_1_92' title="bbox 2496 3428 4061 3496">
     <span class='ocr_line' id='line_1_92' title="bbox 2496 3428 4061 3496; baseline -0.009 -5"><span class='ocrx_word' id='word_1_673' title='bbox 2496 3438 2567 3491; x_wconf 89' lang='lat' dir='ltr'>sit</span> <span class='ocrx_word' id='word_1_674' title='bbox 2599 3436 2741 3491; x_wconf 85' lang='lat' dir='ltr'>Deus</span> <span class='ocrx_word' id='word_1_675' title='bbox 2769 3434 3057 3489; x_wconf 84' lang='lat' dir='ltr'>cbaritatis</span> <span class='ocrx_word' id='word_1_676' title='bbox 3096 3443 3223 3495; x_wconf 69' lang='lat' dir='ltr'>tute,</span> <span class='ocrx_word' id='word_1_677' title='bbox 3259 3434 3446 3486; x_wconf 85' lang='lat' dir='ltr'>frater.</span> <span class='ocrx_word' id='word_1_678' title='bbox 3478 3430 3617 3496; x_wconf 88' lang='lat' dir='ltr'>Quid</span> <span class='ocrx_word' id='word_1_679' title='bbox 3670 3430 3813 3483; x_wconf 87' lang='lat' dir='ltr'>enim</span> <span class='ocrx_word' id='word_1_680' title='bbox 3869 3428 3922 3481; x_wconf 92' lang='lat' dir='ltr'>in</span> <span class='ocrx_word' id='word_1_681' title='bbox 3982 3441 4061 3479; x_wconf 87' lang='lat' dir='ltr'>me</span> 
     </span>
    </p>
   </div>
   <div class='ocr_carea' id='block_1_93' title="bbox 2492 3520 4063 3597">
    <p class='ocr_par' dir='ltr' id='par_1_93' title="bbox 2492 3520 4063 3597">
     <span class='ocr_line' id='line_1_93' title="bbox 2492 3520 4063 3597; baseline -0.008 -12"><span class='ocrx_word' id='word_1_682' title='bbox 2492 3534 2645 3586; x_wconf 82' lang='lat' dir='ltr'>vides</span> <span class='ocrx_word' id='word_1_683' title='bbox 2676 3531 2843 3586; x_wconf 80' lang='lat' dir='ltr'>boni?</span> <span class='ocrx_word' id='word_1_684' title='bbox 2884 3529 3019 3583; x_wconf 90' lang='lat' dir='ltr'>Tum</span> <span class='ocrx_word' id='word_1_685' title='bbox 3060 3528 3319 3597; x_wconf 86' lang='lat' dir='ltr'>illc,quid</span> <span class='ocrx_word' id='word_1_686' title='bbox 3355 3536 3533 3580; x_wconf 90' lang='lat' dir='ltr'>autem</span> <span class='ocrx_word' id='word_1_687' title='bbox 3577 3524 3702 3578; x_wconf 90' lang='lat' dir='ltr'>boni</span> <span class='ocrx_word' id='word_1_688' title='bbox 3738 3533 3795 3576; x_wconf 89' lang='lat' dir='ltr'>tu</span> <span class='ocrx_word' id='word_1_689' title='bbox 3831 3536 3934 3574; x_wconf 91' lang='lat' dir='ltr'>non</span> <span class='ocrx_word' id='word_1_690' title='bbox 3975 3520 4063 3573; x_wconf 89' lang='lat' dir='ltr'>ha-</span> 
     </span>
    </p>
   </div>
   <div class='ocr_carea' id='block_1_94' title="bbox 2494 3612 4060 3691">
    <p class='ocr_par' dir='ltr' id='par_1_94' title="bbox 2494 3612 4060 3691">
     <span class='ocr_line' id='line_1_94' title="bbox 2494 3612 4060 3691; baseline -0.009 -15"><span class='ocrx_word' id='word_1_691' title='bbox 2494 3623 2635 3676; x_wconf 86' lang='lat' dir='ltr'>bes?</span> <span class='ocrx_word' id='word_1_692' title='bbox 2666 3622 2791 3691; x_wconf 81' lang='lat' dir='ltr'>quis</span> <span class='ocrx_word' id='word_1_693' title='bbox 2825 3630 2931 3674; x_wconf 89' lang='lat' dir='ltr'>tam</span> <span class='ocrx_word' id='word_1_694' title='bbox 2968 3628 3307 3680; x_wconf 83' lang='lat' dir='ltr'>mansuetus,</span> <span class='ocrx_word' id='word_1_695' title='bbox 3330 3618 3475 3685; x_wconf 83' lang='lat' dir='ltr'>pius,</span> <span class='ocrx_word' id='word_1_696' title='bbox 3504 3617 3727 3683; x_wconf 85' lang='lat' dir='ltr'>sapiens</span> <span class='ocrx_word' id='word_1_697' title='bbox 3753 3656 3768 3678; x_wconf 89' lang='lat'>,</span> <span class='ocrx_word' id='word_1_698' title='bbox 3792 3612 4060 3671; x_wconf 61' lang='lat' dir='ltr'>eruditus,</span> 
     </span>
    </p>
   </div>
   <div class='ocr_carea' id='block_1_95' title="bbox 2492 3707 4063 3779">
    <p class='ocr_par' dir='ltr' id='par_1_95' title="bbox 2492 3707 4063 3779">
     <span class='ocr_line' id='line_1_95' title="bbox 2492 3707 4063 3779; baseline -0.008 -13"><span class='ocrx_word' id='word_1_699' title='bbox 2492 3711 2780 3775; x_wconf 86' lang='lat' dir='ltr'>candidus,</span> <span class='ocrx_word' id='word_1_700' title='bbox 2812 3719 2863 3763; x_wconf 88' lang='lat' dir='ltr'>ct</span> <span class='ocrx_word' id='word_1_701' title='bbox 2898 3710 3042 3779; x_wconf 88' lang='lat' dir='ltr'>qttod</span> <span class='ocrx_word' id='word_1_702' title='bbox 3081 3709 3255 3778; x_wconf 83' lang='lat' dir='ltr'>majus</span> <span class='ocrx_word' id='word_1_703' title='bbox 3284 3707 3567 3768; x_wconf 90' lang='lat' dir='ltr'>omnibus,</span> <span class='ocrx_word' id='word_1_704' title='bbox 3601 3715 3830 3774; x_wconf 78' lang='lat' dir='ltr'>paterna</span> <span class='ocrx_word' id='word_1_705' title='bbox 3870 3718 4063 3773; x_wconf 80' lang='lat' dir='ltr'>gerens</span> 
     </span>
    </p>
   </div>
   <div class='ocr_carea' id='block_1_96' title="bbox 2493 3796 4062 3868">
    <p class='ocr_par' dir='ltr' id='par_1_96' title="bbox 2493 3796 4062 3868">
     <span class='ocr_line' id='line_1_96' title="bbox 2493 3796 4062 3868; baseline -0.005 -11"><span class='ocrx_word' id='word_1_706' title='bbox 2493 3804 2725 3864; x_wconf 78' lang='lat' dir='ltr'>viscera,</span> <span class='ocrx_word' id='word_1_707' title='bbox 2775 3815 2825 3856; x_wconf 93' lang='lat' dir='ltr'>et</span> <span class='ocrx_word' id='word_1_708' title='bbox 2862 3804 3133 3855; x_wconf 89' lang='lat' dir='ltr'>humanus</span> <span class='ocrx_word' id='word_1_709' title='bbox 3197 3816 3324 3868; x_wconf 79' lang='lat' dir='ltr'>erga</span> <span class='ocrx_word' id='word_1_710' title='bbox 3382 3797 3714 3851; x_wconf 85' lang='lat' dir='ltr'>universos?</span> <span class='ocrx_word' id='word_1_711' title='bbox 3762 3796 3884 3849; x_wconf 80' lang='lat' dir='ltr'>lf.ee</span> <span class='ocrx_word' id='word_1_712' title='bbox 3938 3797 4062 3849; x_wconf 70' lang='lat' dir='ltr'>duit</span> 
     </span>
    </p>
   </div>
   <div class='ocr_carea' id='block_1_97' title="bbox 2496 3886 4065 3962">
    <p class='ocr_par' dir='ltr' id='par_1_97' title="bbox 2496 3886 4065 3962">
     <span class='ocr_line' id='line_1_97' title="bbox 2496 3886 4065 3962; baseline -0.007 -13"><span class='ocrx_word' id='word_1_713' title='bbox 2496 3910 2560 3949; x_wconf 89' lang='lat' dir='ltr'>eo</span> <span class='ocrx_word' id='word_1_714' title='bbox 2600 3895 2724 3959; x_wconf 85' lang='lat' dir='ltr'>fine,</span> <span class='ocrx_word' id='word_1_715' title='bbox 2768 3903 2824 3947; x_wconf 87' lang='grc' dir='ltr'>ιιι</span> <span class='ocrx_word' id='word_1_716' title='bbox 2859 3894 2926 3947; x_wconf 90' lang='lat' dir='ltr'>de</span> <span class='ocrx_word' id='word_1_717' title='bbox 2957 3893 3077 3960; x_wconf 85' lang='lat' dir='ltr'>ejus</span> <span class='ocrx_word' id='word_1_718' title='bbox 3112 3892 3295 3962; x_wconf 87' lang='lat' dir='ltr'>patina</span> <span class='ocrx_word' id='word_1_719' title='bbox 3338 3891 3504 3944; x_wconf 90' lang='lat' dir='ltr'>simul</span> <span class='ocrx_word' id='word_1_720' title='bbox 3557 3890 3832 3942; x_wconf 84' lang='lat' dir='ltr'>comedat.</span> <span class='ocrx_word' id='word_1_721' title='bbox 3893 3886 4065 3957; x_wconf 83' lang='lat' dir='ltr'>Spiri-</span> 
     </span>
    </p>
   </div>
   <div class='ocr_carea' id='block_1_98' title="bbox 2494 3980 4063 4049">
    <p class='ocr_par' dir='ltr' id='par_1_98' title="bbox 2494 3980 4063 4049">
     <span class='ocr_line' id='line_1_98' title="bbox 2494 3980 4063 4049; baseline -0.007 -8"><span class='ocrx_word' id='word_1_722' title='bbox 2494 3988 2658 4042; x_wconf 88' lang='lat' dir='ltr'>tualis</span> <span class='ocrx_word' id='word_1_723' title='bbox 2696 3996 2875 4039; x_wconf 90' lang='lat' dir='ltr'>autem</span> <span class='ocrx_word' id='word_1_724' title='bbox 2912 3985 3103 4046; x_wconf 86' lang='lat' dir='ltr'>frater,</span> <span class='ocrx_word' id='word_1_725' title='bbox 3146 3982 3448 4036; x_wconf 84' lang='lat' dir='ltr'>secundum</span> <span class='ocrx_word' id='word_1_726' title='bbox 3483 3982 3665 4035; x_wconf 89' lang='lat' dir='ltr'>datam</span> <span class='ocrx_word' id='word_1_727' title='bbox 3700 3980 3801 4033; x_wconf 89' lang='lat' dir='ltr'>sibi</span> <span class='ocrx_word' id='word_1_728' title='bbox 3834 3982 4063 4049; x_wconf 80' lang='lat' dir='ltr'>gratiam</span> 
     </span>
    </p>
   </div>
   <div class='ocr_carea' id='block_1_99' title="bbox 2491 4072 4066 4143">
    <p class='ocr_par' dir='ltr' id='par_1_99' title="bbox 2491 4072 4066 4143">
     <span class='ocr_line' id='line_1_99' title="bbox 2491 4072 4066 4143; baseline -0.005 -12"><span class='ocrx_word' id='word_1_729' title='bbox 2491 4080 2557 4131; x_wconf 88' lang='lat' dir='ltr'>de</span> <span class='ocrx_word' id='word_1_730' title='bbox 2586 4078 2760 4131; x_wconf 87' lang='lat' dir='ltr'>salute</span> <span class='ocrx_word' id='word_1_731' title='bbox 2784 4078 2982 4129; x_wconf 70' lang='lat' dir='ltr'>anima!</span> <span class='ocrx_word' id='word_1_732' title='bbox 3017 4091 3140 4127; x_wconf 92' lang='lat' dir='ltr'>cum</span> <span class='ocrx_word' id='word_1_733' title='bbox 3171 4075 3264 4127; x_wconf 91' lang='lat' dir='ltr'>illo</span> <span class='ocrx_word' id='word_1_734' title='bbox 3297 4075 3407 4142; x_wconf 74' lang='lat' dir='ltr'>agit</span> <span class='ocrx_word' id='word_1_735' title='bbox 3440 4112 3455 4138; x_wconf 88' lang='lat'>,</span> <span class='ocrx_word' id='word_1_736' title='bbox 3497 4081 3550 4127; x_wconf 84' lang='lat' dir='ltr'>et</span> <span class='ocrx_word' id='word_1_737' title='bbox 3592 4080 3859 4139; x_wconf 90' lang='lat' dir='ltr'>quantum</span> <span class='ocrx_word' id='word_1_738' title='bbox 3912 4072 3965 4124; x_wconf 89' lang='lat' dir='ltr'>iu</span> <span class='ocrx_word' id='word_1_739' title='bbox 4006 4086 4066 4143; x_wconf 44' lang='lat' dir='ltr'>sc</span> 
     </span>
    </p>
   </div>
   <div class='ocr_carea' id='block_1_100' title="bbox 2490 4164 4063 4238">
    <p class='ocr_par' dir='ltr' id='par_1_100' title="bbox 2490 4164 4063 4238">
     <span class='ocr_line' id='line_1_100' title="bbox 2490 4164 4063 4238; baseline -0.008 -13"><span class='ocrx_word' id='word_1_740' title='bbox 2490 4180 2598 4229; x_wconf 85' lang='lat' dir='ltr'>est.</span> <span class='ocrx_word' id='word_1_741' title='bbox 2633 4170 2754 4238; x_wconf 85' lang='lat' dir='ltr'>ejus</span> <span class='ocrx_word' id='word_1_742' title='bbox 2793 4168 3165 4222; x_wconf 87' lang='lat' dir='ltr'>laudationem</span> <span class='ocrx_word' id='word_1_743' title='bbox 3208 4165 3465 4235; x_wconf 82' lang='lat' dir='ltr'>rejieiens</span> <span class='ocrx_word' id='word_1_744' title='bbox 3493 4204 3507 4229; x_wconf 92' lang='lat'>,</span> <span class='ocrx_word' id='word_1_745' title='bbox 3567 4164 3791 4216; x_wconf 75' lang='lat' dir='ltr'>fratrem</span> <span class='ocrx_word' id='word_1_746' title='bbox 3819 4165 4063 4231; x_wconf 80' lang='lat' dir='ltr'>corrigit.</span> 
     </span>
    </p>
   </div>
   <div class='ocr_carea' id='block_1_101' title="bbox 2493 4254 4065 4327">
    <p class='ocr_par' dir='ltr' id='par_1_101' title="bbox 2493 4254 4065 4327">
     <span class='ocr_line' id='line_1_101' title="bbox 2493 4254 4065 4327; baseline -0.007 -14"><span class='ocrx_word' id='word_1_747' title='bbox 2493 4260 2648 4327; x_wconf 82' lang='lat' dir='ltr'>Quod</span> <span class='ocrx_word' id='word_1_748' title='bbox 2678 4262 2720 4314; x_wconf 92' lang='lat' dir='ltr'>si</span> <span class='ocrx_word' id='word_1_749' title='bbox 2757 4261 2884 4315; x_wconf 89' lang='lat' dir='ltr'>talis</span> <span class='ocrx_word' id='word_1_750' title='bbox 2913 4262 3169 4314; x_wconf 89' lang='lat' dir='ltr'>inventus</span> <span class='ocrx_word' id='word_1_751' title='bbox 3199 4274 3303 4311; x_wconf 90' lang='lat' dir='ltr'>non</span> <span class='ocrx_word' id='word_1_752' title='bbox 3336 4257 3533 4319; x_wconf 85' lang='lat' dir='ltr'>fuerit,</span> <span class='ocrx_word' id='word_1_753' title='bbox 3573 4254 3669 4309; x_wconf 87' lang='lat' dir='ltr'>sed</span> <span class='ocrx_word' id='word_1_754' title='bbox 3700 4264 3918 4318; x_wconf 85' lang='lat' dir='ltr'>contra,</span> <span class='ocrx_word' id='word_1_755' title='bbox 3948 4270 4065 4304; x_wconf 76' lang='lat' dir='ltr'>tar-</span> 
     </span>
    </p>
   </div>
   <div class='ocr_carea' id='block_1_102' title="bbox 2492 4348 4066 4418">
    <p class='ocr_par' dir='ltr' id='par_1_102' title="bbox 2492 4348 4066 4418">
     <span class='ocr_line' id='line_1_102' title="bbox 2492 4348 4066 4418; baseline -0.007 -11"><span class='ocrx_word' id='word_1_756' title='bbox 2492 4354 2657 4418; x_wconf 90' lang='lat' dir='ltr'>nalis,</span> <span class='ocrx_word' id='word_1_757' title='bbox 2693 4351 2989 4418; x_wconf 82' lang='lat' dir='ltr'>instabilis,</span> <span class='ocrx_word' id='word_1_758' title='bbox 3025 4349 3284 4404; x_wconf 87' lang='lat' dir='ltr'>laudibus</span> <span class='ocrx_word' id='word_1_759' title='bbox 3323 4349 3543 4403; x_wconf 89' lang='lat' dir='ltr'>inflatur</span> <span class='ocrx_word' id='word_1_760' title='bbox 3568 4390 3583 4413; x_wconf 92' lang='lat'>,</span> <span class='ocrx_word' id='word_1_761' title='bbox 3619 4348 3935 4415; x_wconf 82' lang='lat' dir='ltr'>excipitque</span> <span class='ocrx_word' id='word_1_762' title='bbox 3964 4384 3981 4409; x_wconf 85' lang='lat'>,</span> <span class='ocrx_word' id='word_1_763' title='bbox 4016 4354 4066 4397; x_wconf 86' lang='lat' dir='ltr'>et</span> 
     </span>
    </p>
   </div>
   <div class='ocr_carea' id='block_1_103' title="bbox 2492 4438 4067 4511">
    <p class='ocr_par' dir='ltr' id='par_1_103' title="bbox 2492 4438 4067 4511">
     <span class='ocr_line' id='line_1_103' title="bbox 2492 4438 4067 4511; baseline -0.005 -13"><span class='ocrx_word' id='word_1_764' title='bbox 2492 4444 2644 4511; x_wconf 88' lang='lat' dir='ltr'>quid,</span> <span class='ocrx_word' id='word_1_765' title='bbox 2686 4458 2719 4496; x_wconf 89' lang='grc' dir='ltr'>ο</span> <span class='ocrx_word' id='word_1_766' title='bbox 2766 4452 2956 4511; x_wconf 84' lang='lat' dir='ltr'>pater,</span> <span class='ocrx_word' id='word_1_767' title='bbox 2987 4453 3041 4496; x_wconf 90' lang='lat' dir='ltr'>et</span> <span class='ocrx_word' id='word_1_768' title='bbox 3082 4441 3251 4495; x_wconf 85' lang='lat' dir='ltr'>frater</span> <span class='ocrx_word' id='word_1_769' title='bbox 3308 4440 3578 4495; x_wconf 86' lang='lat' dir='ltr'>charitate</span> <span class='ocrx_word' id='word_1_770' title='bbox 3645 4438 3869 4507; x_wconf 82' lang='lat' dir='ltr'>majus?</span> <span class='ocrx_word' id='word_1_771' title='bbox 3920 4448 4067 4490; x_wconf 85' lang='lat' dir='ltr'>certe</span> 
     </span>
    </p>
   </div>
   <div class='ocr_carea' id='block_1_104' title="bbox 2493 4528 4065 4602">
    <p class='ocr_par' dir='ltr' id='par_1_104' title="bbox 2493 4528 4065 4602">
     <span class='ocr_line' id='line_1_104' title="bbox 2493 4528 4065 4602; baseline -0.006 -14"><span class='ocrx_word' id='word_1_772' title='bbox 2493 4535 2651 4588; x_wconf 89' lang='lat' dir='ltr'>nihil.</span> <span class='ocrx_word' id='word_1_773' title='bbox 2676 4534 2873 4587; x_wconf 87' lang='lat' dir='ltr'>Beatus</span> <span class='ocrx_word' id='word_1_774' title='bbox 2902 4533 2993 4602; x_wconf 90' lang='lat' dir='ltr'>qui</span> <span class='ocrx_word' id='word_1_775' title='bbox 3025 4533 3161 4585; x_wconf 89' lang='lat' dir='ltr'>hanc</span> <span class='ocrx_word' id='word_1_776' title='bbox 3185 4530 3447 4599; x_wconf 89' lang='lat' dir='ltr'>possidet,</span> <span class='ocrx_word' id='word_1_777' title='bbox 3469 4539 3523 4582; x_wconf 88' lang='lat' dir='ltr'>et</span> <span class='ocrx_word' id='word_1_778' title='bbox 3548 4529 3652 4581; x_wconf 89' lang='lat' dir='ltr'>alia</span> <span class='ocrx_word' id='word_1_779' title='bbox 3680 4528 3927 4587; x_wconf 88' lang='lat' dir='ltr'>demum,</span> <span class='ocrx_word' id='word_1_780' title='bbox 3947 4543 4065 4596; x_wconf 78' lang='lat' dir='ltr'>qua-</span> 
     </span>
    </p>
   </div>
   <div class='ocr_carea' id='block_1_105' title="bbox 2493 4620 4067 4683">
    <p class='ocr_par' dir='ltr' id='par_1_105' title="bbox 2493 4620 4067 4683">
     <span class='ocr_line' id='line_1_105' title="bbox 2493 4620 4067 4683; baseline -0.005 -4"><span class='ocrx_word' id='word_1_781' title='bbox 2493 4626 2834 4679; x_wconf 85' lang='lat' dir='ltr'>adulatorem</span> <span class='ocrx_word' id='word_1_782' title='bbox 2868 4624 3108 4678; x_wconf 87' lang='lat' dir='ltr'>libenter</span> <span class='ocrx_word' id='word_1_783' title='bbox 3136 4621 3350 4683; x_wconf 81' lang='lat' dir='ltr'>audire,</span> <span class='ocrx_word' id='word_1_784' title='bbox 3377 4631 3429 4674; x_wconf 88' lang='lat' dir='ltr'>et</span> <span class='ocrx_word' id='word_1_785' title='bbox 3460 4621 3527 4674; x_wconf 87' lang='lat' dir='ltr'>ad</span> <span class='ocrx_word' id='word_1_786' title='bbox 3580 4620 3915 4673; x_wconf 84' lang='lat' dir='ltr'>laudandum</span> <span class='ocrx_word' id='word_1_787' title='bbox 3950 4622 4067 4672; x_wconf 85' lang='lat' dir='ltr'>irri-</span> 
     </span>
    </p>
   </div>
   <div class='ocr_carea' id='block_1_106' title="bbox 2497 4711 4066 4771">
    <p class='ocr_par' dir='ltr' id='par_1_106' title="bbox 2497 4711 4066 4771">
     <span class='ocr_line' id='line_1_106' title="bbox 2497 4711 4066 4771; baseline -0.004 -1"><span class='ocrx_word' id='word_1_788' title='bbox 2497 4726 2615 4771; x_wconf 88' lang='lat' dir='ltr'>tare</span> <span class='ocrx_word' id='word_1_789' title='bbox 2651 4720 2828 4771; x_wconf 82' lang='lat' dir='ltr'>novit.</span> <span class='ocrx_word' id='word_1_790' title='bbox 2862 4716 3057 4771; x_wconf 86' lang='lat' dir='ltr'>Postea</span> <span class='ocrx_word' id='word_1_791' title='bbox 3100 4716 3223 4768; x_wconf 86' lang='lat' dir='ltr'>talis</span> <span class='ocrx_word' id='word_1_792' title='bbox 3263 4714 3401 4767; x_wconf 83' lang='lat' dir='ltr'>ﬁctis</span> <span class='ocrx_word' id='word_1_793' title='bbox 3447 4714 3699 4766; x_wconf 76' lang='lat' dir='ltr'>laudibus</span> <span class='ocrx_word' id='word_1_794' title='bbox 3754 4714 3906 4765; x_wconf 80' lang='lat' dir='ltr'>velut</span> <span class='ocrx_word' id='word_1_795' title='bbox 3976 4711 4066 4765; x_wconf 53' lang='lat' dir='ltr'>de.</span> 
     </span>
    </p>
   </div>
   <div class='ocr_carea' id='block_1_107' title="bbox 2496 4805 4066 4874">
    <p class='ocr_par' dir='ltr' id='par_1_107' title="bbox 2496 4805 4066 4874">
     <span class='ocr_line' id='line_1_107' title="bbox 2496 4805 4066 4874; baseline -0.008 -10"><span class='ocrx_word' id='word_1_796' title='bbox 2496 4811 2731 4874; x_wconf 91' lang='lat' dir='ltr'>mulsus,</span> <span class='ocrx_word' id='word_1_797' title='bbox 2770 4825 2834 4863; x_wconf 91' lang='lat' dir='ltr'>ac</span> <span class='ocrx_word' id='word_1_798' title='bbox 2868 4808 3089 4863; x_wconf 90' lang='lat' dir='ltr'>levitate</span> <span class='ocrx_word' id='word_1_799' title='bbox 3120 4807 3317 4860; x_wconf 80' lang='lat' dir='ltr'>mentis</span> <span class='ocrx_word' id='word_1_800' title='bbox 3352 4805 3617 4864; x_wconf 90' lang='lat' dir='ltr'>tumidus.</span> <span class='ocrx_word' id='word_1_801' title='bbox 3650 4806 3696 4859; x_wconf 87' lang='lat' dir='ltr'>si</span> <span class='ocrx_word' id='word_1_802' title='bbox 3742 4806 3899 4873; x_wconf 84' lang='lat' dir='ltr'>Copia</span> <span class='ocrx_word' id='word_1_803' title='bbox 3938 4819 4066 4869; x_wconf 57' lang='lat' dir='ltr'>sup.</span> 
     </span>
    </p>
   </div>
   <div class='ocr_carea' id='block_1_108' title="bbox 2493 4896 4065 4971">
    <p class='ocr_par' dir='ltr' id='par_1_108' title="bbox 2493 4896 4065 4971">
     <span class='ocr_line' id='line_1_108' title="bbox 2493 4896 4065 4971; baseline -0.005 -18"><span class='ocrx_word' id='word_1_804' title='bbox 2493 4903 2885 4971; x_wconf 80' lang='lat' dir='ltr'>peditat,mox</span> <span class='ocrx_word' id='word_1_805' title='bbox 2931 4901 3077 4953; x_wconf 86' lang='lat' dir='ltr'>hunc</span> <span class='ocrx_word' id='word_1_806' title='bbox 3126 4898 3501 4951; x_wconf 83' lang='lat' dir='ltr'>encomiasten</span> <span class='ocrx_word' id='word_1_807' title='bbox 3557 4912 3718 4950; x_wconf 84' lang='lat' dir='ltr'>suum</span> <span class='ocrx_word' id='word_1_808' title='bbox 3762 4910 3863 4949; x_wconf 79' lang='lat' dir='ltr'>nec</span> <span class='ocrx_word' id='word_1_809' title='bbox 3916 4896 4065 4947; x_wconf 86' lang='lat' dir='ltr'>abire</span> 
     </span>
    </p>
   </div>
   <div class='ocr_carea' id='block_1_109' title="bbox 2488 4986 4061 5056">
    <p class='ocr_par' dir='ltr' id='par_1_109' title="bbox 2488 4986 4061 5056">
     <span class='ocr_line' id='line_1_109' title="bbox 2488 4986 4061 5056; baseline -0.006 -9"><span class='ocrx_word' id='word_1_810' title='bbox 2488 4994 2641 5055; x_wconf 88' lang='lat' dir='ltr'>sinit,</span> <span class='ocrx_word' id='word_1_811' title='bbox 2669 4992 2854 5045; x_wconf 87' lang='lat' dir='ltr'>sedut</span> <span class='ocrx_word' id='word_1_812' title='bbox 2880 5006 3063 5044; x_wconf 87' lang='lat' dir='ltr'>secum</span> <span class='ocrx_word' id='word_1_813' title='bbox 3112 4989 3359 5056; x_wconf 90' lang='lat' dir='ltr'>epuletur</span> <span class='ocrx_word' id='word_1_814' title='bbox 3416 4997 3605 5056; x_wconf 80' lang='lat' dir='ltr'>rogat,</span> <span class='ocrx_word' id='word_1_815' title='bbox 3634 4995 3688 5039; x_wconf 89' lang='lat' dir='ltr'>et</span> <span class='ocrx_word' id='word_1_816' title='bbox 3736 5001 3864 5038; x_wconf 84' lang='lat' dir='ltr'>esca</span> <span class='ocrx_word' id='word_1_817' title='bbox 3911 4986 4061 5038; x_wconf 90' lang='lat' dir='ltr'>illum</span> 
     </span>
    </p>
   </div>
   <div class='ocr_carea' id='block_1_110' title="bbox 2486 5077 4061 5153">
    <p class='ocr_par' dir='ltr' id='par_1_110' title="bbox 2486 5077 4061 5153">
     <span class='ocr_line' id='line_1_110' title="bbox 2486 5077 4061 5153; baseline -0.011 -14"><span class='ocrx_word' id='word_1_818' title='bbox 2486 5084 2784 5153; x_wconf 77' lang='lat' dir='ltr'>excipiens,</span> <span class='ocrx_word' id='word_1_819' title='bbox 2814 5081 3006 5134; x_wconf 81' lang='lat' dir='ltr'>laudes</span> <span class='ocrx_word' id='word_1_820' title='bbox 3038 5089 3295 5133; x_wconf 87' lang='lat' dir='ltr'>ventosas</span> <span class='ocrx_word' id='word_1_821' title='bbox 3339 5078 3553 5145; x_wconf 88' lang='lat' dir='ltr'>recipit,</span> <span class='ocrx_word' id='word_1_822' title='bbox 3586 5092 3708 5146; x_wconf 72' lang='lat' dir='ltr'>qua:</span> <span class='ocrx_word' id='word_1_823' title='bbox 3740 5077 3793 5128; x_wconf 92' lang='lat' dir='ltr'>in</span> <span class='ocrx_word' id='word_1_824' title='bbox 3857 5090 4061 5140; x_wconf 78' lang='lat' dir='ltr'>aerem,</span> 
     </span>
    </p>
   </div>
   <div class='ocr_carea' id='block_1_111' title="bbox 2488 5166 4061 5240">
    <p class='ocr_par' dir='ltr' id='par_1_111' title="bbox 2488 5166 4061 5240">
     <span class='ocr_line' id='line_1_111' title="bbox 2488 5166 4061 5240; baseline -0.008 -11"><span class='ocrx_word' id='word_1_825' title='bbox 2488 5176 2620 5229; x_wconf 87' lang='lat' dir='ltr'>fumi</span> <span class='ocrx_word' id='word_1_826' title='bbox 2650 5176 2845 5237; x_wconf 90' lang='lat' dir='ltr'>instar,</span> <span class='ocrx_word' id='word_1_827' title='bbox 2878 5172 3258 5240; x_wconf 83' lang='lat' dir='ltr'>dissipantur,</span> <span class='ocrx_word' id='word_1_828' title='bbox 3306 5169 3697 5223; x_wconf 86' lang='lat' dir='ltr'>detrimentum</span> <span class='ocrx_word' id='word_1_829' title='bbox 3754 5181 3889 5219; x_wconf 86' lang='lat' dir='ltr'>vero</span> <span class='ocrx_word' id='word_1_830' title='bbox 3944 5166 4061 5232; x_wconf 59' lang='lat' dir='ltr'>ejus</span> 
     </span>
    </p>
   </div>
   <div class='ocr_carea' id='block_1_112' title="bbox 2488 5258 4059 5330">
    <p class='ocr_par' dir='ltr' id='par_1_112' title="bbox 2488 5258 4059 5330">
     <span class='ocr_line' id='line_1_112' title="bbox 2488 5258 4059 5330; baseline -0.008 -11"><span class='ocrx_word' id='word_1_831' title='bbox 2488 5269 2681 5320; x_wconf 71' lang='lat' dir='ltr'>animm</span> <span class='ocrx_word' id='word_1_832' title='bbox 2714 5281 2821 5318; x_wconf 91' lang='lat' dir='ltr'>non</span> <span class='ocrx_word' id='word_1_833' title='bbox 2865 5265 3141 5317; x_wconf 87' lang='lat' dir='ltr'>mediocre</span> <span class='ocrx_word' id='word_1_834' title='bbox 3180 5268 3501 5330; x_wconf 87' lang='lat' dir='ltr'>apportant.</span> <span class='ocrx_word' id='word_1_835' title='bbox 3538 5258 3635 5312; x_wconf 85' lang='lat' dir='ltr'>Sin</span> <span class='ocrx_word' id='word_1_836' title='bbox 3686 5259 3871 5311; x_wconf 91' lang='lat' dir='ltr'>minus</span> <span class='ocrx_word' id='word_1_837' title='bbox 3904 5298 3918 5319; x_wconf 86' lang='lat'>,</span> <span class='ocrx_word' id='word_1_838' title='bbox 3952 5258 4059 5309; x_wconf 78' lang='lat' dir='ltr'>Sal-</span> 
     </span>
    </p>
   </div>
   <div class='ocr_carea' id='block_1_113' title="bbox 2487 5343 4064 5421">
    <p class='ocr_par' dir='ltr' id='par_1_113' title="bbox 2487 5343 4064 5421">
     <span class='ocr_line' id='line_1_113' title="bbox 2487 5343 4064 5421; baseline -0.005 -16"><span class='ocrx_word' id='word_1_839' title='bbox 2487 5362 2594 5406; x_wconf 90' lang='lat' dir='ltr'>tem</span> <span class='ocrx_word' id='word_1_840' title='bbox 2632 5362 2754 5421; x_wconf 88' lang='lat' dir='ltr'>post</span> <span class='ocrx_word' id='word_1_841' title='bbox 2784 5353 2976 5421; x_wconf 81' lang='lat' dir='ltr'>longos</span> <span class='ocrx_word' id='word_1_842' title='bbox 2999 5390 3013 5414; x_wconf 88' lang='lat'>,</span> <span class='ocrx_word' id='word_1_843' title='bbox 3049 5362 3103 5404; x_wconf 88' lang='lat' dir='ltr'>et</span> <span class='ocrx_word' id='word_1_844' title='bbox 3155 5350 3377 5403; x_wconf 91' lang='lat' dir='ltr'>inutiles</span> <span class='ocrx_word' id='word_1_845' title='bbox 3403 5361 3686 5402; x_wconf 86' lang='lat' dir='ltr'>sermones</span> <span class='ocrx_word' id='word_1_846' title='bbox 3717 5345 3794 5398; x_wconf 87' lang='lat' dir='ltr'>ait</span> <span class='ocrx_word' id='word_1_847' title='bbox 3824 5346 3902 5397; x_wconf 90' lang='lat' dir='ltr'>illi</span> <span class='ocrx_word' id='word_1_848' title='bbox 3940 5362 3955 5398; x_wconf 88' lang='lat'>:</span> <span class='ocrx_word' id='word_1_849' title='bbox 3988 5343 4064 5397; x_wconf 73' lang='lat' dir='ltr'>Ne</span> 
     </span>
    </p>
   </div>
   <div class='ocr_carea' id='block_1_114' title="bbox 2486 5438 4063 5509">
    <p class='ocr_par' dir='ltr' id='par_1_114' title="bbox 2486 5438 4063 5509">
     <span class='ocr_line' id='line_1_114' title="bbox 2486 5438 4063 5509; baseline -0.004 -12"><span class='ocrx_word' id='word_1_850' title='bbox 2486 5444 2616 5497; x_wconf 91' lang='lat' dir='ltr'>mihi</span> <span class='ocrx_word' id='word_1_851' title='bbox 2644 5446 2776 5498; x_wconf 78' lang='lat' dir='ltr'>vitio</span> <span class='ocrx_word' id='word_1_852' title='bbox 2804 5444 2925 5505; x_wconf 86' lang='lat' dir='ltr'>des,</span> <span class='ocrx_word' id='word_1_853' title='bbox 2960 5444 3151 5508; x_wconf 87' lang='lat' dir='ltr'>frater,</span> <span class='ocrx_word' id='word_1_854' title='bbox 3197 5442 3347 5496; x_wconf 89' lang='lat' dir='ltr'>novit</span> <span class='ocrx_word' id='word_1_855' title='bbox 3382 5441 3498 5509; x_wconf 67' lang='lat' dir='ltr'>ipsi</span> <span class='ocrx_word' id='word_1_856' title='bbox 3527 5440 3771 5493; x_wconf 89' lang='lat' dir='ltr'>cbaritas</span> <span class='ocrx_word' id='word_1_857' title='bbox 3796 5477 3811 5499; x_wconf 89' lang='lat'>,</span> <span class='ocrx_word' id='word_1_858' title='bbox 3844 5438 3979 5489; x_wconf 88' lang='lat' dir='ltr'>nihil</span> <span class='ocrx_word' id='word_1_859' title='bbox 4015 5449 4063 5490; x_wconf 87' lang='lat' dir='ltr'>te</span> 
     </span>
    </p>
   </div>
   <div class='ocr_carea' id='block_1_115' title="bbox 2485 5528 4062 5603">
    <p class='ocr_par' dir='ltr' id='par_1_115' title="bbox 2485 5528 4062 5603">
     <span class='ocr_line' id='line_1_115' title="bbox 2485 5528 4062 5603; baseline -0.004 -15"><span class='ocrx_word' id='word_1_860' title='bbox 2485 5535 2706 5603; x_wconf 78' lang='lat' dir='ltr'>dignum</span> <span class='ocrx_word' id='word_1_861' title='bbox 2742 5536 2940 5599; x_wconf 87' lang='lat' dir='ltr'>habeo,</span> <span class='ocrx_word' id='word_1_862' title='bbox 2973 5536 3115 5603; x_wconf 87' lang='lat' dir='ltr'>quod</span> <span class='ocrx_word' id='word_1_863' title='bbox 3144 5536 3239 5588; x_wconf 91' lang='lat' dir='ltr'>tibi</span> <span class='ocrx_word' id='word_1_864' title='bbox 3292 5548 3587 5603; x_wconf 87' lang='lat' dir='ltr'>apponam.</span> <span class='ocrx_word' id='word_1_865' title='bbox 3638 5528 3743 5582; x_wconf 87' lang='lat' dir='ltr'>Sed</span> <span class='ocrx_word' id='word_1_866' title='bbox 3792 5529 3925 5597; x_wconf 84' lang='lat' dir='ltr'>quia</span> <span class='ocrx_word' id='word_1_867' title='bbox 3980 5544 4062 5581; x_wconf 74' lang='lat' dir='ltr'>Ille</span> 
     </span>
    </p>
   </div>
   <div class='ocr_carea' id='block_1_116' title="bbox 2489 5624 4032 5696">
    <p class='ocr_par' dir='ltr' id='par_1_116' title="bbox 2489 5624 4032 5696">
     <span class='ocr_line' id='line_1_116' title="bbox 2489 5624 4032 5696; baseline -0.004 -18"><span class='ocrx_word' id='word_1_868' title='bbox 2489 5626 2761 5696; x_wconf 87' lang='lat' dir='ltr'>abjectum</span> <span class='ocrx_word' id='word_1_869' title='bbox 2805 5626 2884 5682; x_wconf 84' lang='lat' dir='ltr'>sic</span> <span class='ocrx_word' id='word_1_870' title='bbox 2907 5641 3081 5693; x_wconf 83' lang='lat' dir='ltr'>amas,</span> <span class='ocrx_word' id='word_1_871' title='bbox 3121 5626 3387 5682; x_wconf 87' lang='lat' dir='ltr'>debemus</span> <span class='ocrx_word' id='word_1_872' title='bbox 3413 5624 3467 5679; x_wconf 90' lang='lat' dir='ltr'>in</span> <span class='ocrx_word' id='word_1_873' title='bbox 3504 5629 3781 5691; x_wconf 84' lang='lat' dir='ltr'>posterum</span> <span class='ocrx_word' id='word_1_874' title='bbox 3807 5635 4032 5675; x_wconf 83' lang='lat' dir='ltr'>comma</span> 
     </span>
    </p>
   </div>
  </div>
