4170 6452
153 433 256 493 485

1507 432 1791 493 ORlTlO
1823 433 2068 493 XXXII.

3292 437 3398 501 486

158 548 321 604 uiter,
361 554 416 597 et
442 545 617 599 amice
657 545 740 600 his
775 544 980 614 perfrui
1015 588 1029 612 ,
1060 561 1182 615 quae
1228 549 1372 602 Deus
1436 546 1491 600 in
1543 547 1723 601 cibum
1756 552 1798 607 Λ
1828 549 2123 616 sequitur?
2155 545 2427 603 Ponantus
2462 554 2640 604 tamen
2674 564 2796 605 eum
2848 550 3126 608 abstinere
3180 552 3248 607 ab
3314 556 3402 608 bis

157 638 312 691 nobis
350 636 816 704 suppeditaverit,
862 646 912 691 et
956 654 1063 692 una
1094 640 1286 693 laetari.
1357 640 1492 693 Exin
1560 640 1726 714 igitur

158 740 387 795 uterque
418 729 609 781 horum
641 728 990 783 coiiﬂictatur
1041 730 1410 784 sollicitudine
1441 739 1724 799 perpetua,

157 836 249 874 nec.
286 820 548 873 desinunt
578 821 694 874 vias
724 838 990 886 quaerere,
1017 824 1157 876 unde
1195 824 1328 891 ipsis
1354 832 1513 891 queat
1534 837 1730 889 suppe-

158 924 290 975 tere,
322 929 435 980 quo
463 929 559 981 per
595 915 775 967 varios
806 930 869 968 ac
905 916 1105 969 multos
1132 916 1283 969 cibos
1337 931 1457 983 qua!
1511 918 1728 969 videtur

157 1004 480 1055 charitatem
517 1004 925 1056 constabiliant.
956 1002 1045 1055 Sic
1075 1003 1163 1055 tibi
1187 1004 1367 1070 specie
1393 1002 1725 1064 dilectionis,

157 1096 261 1144 imo
297 1092 482 1158 potius
528 1092 719 1145 fraude
778 1108 901 1145 Cttlll
955 1093 1213 1146 omnibus
1266 1108 1324 1146 sc
1370 1092 1678 1146 devinxetit
1710 1131 1725 1153 ,

156 1198 302 1236 nunc
343 1184 564 1252 quidem
605 1200 722 1251 ipse
751 1185 961 1249 alium,
1019 1200 1165 1238 nunc
1210 1201 1275 1237 ex
1329 1186 1447 1237 aliis
1496 1186 1726 1253 singulis

156 1276 332 1343 ipsum
373 1277 624 1328 invitant.
658 1276 839 1341 Quare
868 1293 1076 1339 mensa,
1110 1285 1163 1329 et
1205 1277 1449 1329 hilaritas
1487 1276 1538 1327 in
1593 1275 1725 1328 deli-

152 1369 265 1421 cias
307 1368 492 1436 pabuli
532 1382 701 1435 usque
734 1370 798 1419 ad
834 1370 1176 1421 saturitatem
1219 1369 1395 1437 ipsum
1451 1384 1557 1421 non
1590 1367 1727 1420 defit

151 1462 244 1521 cit,
274 1472 326 1512 et
362 1462 437 1513 ita
466 1475 667 1529 porcus
701 1460 778 1522 fit,
802 1460 1308 1528 constringiturque
1332 1461 1723 1528 voluptatibus,

152 1562 205 1607 et
231 1553 461 1606 assiduo
484 1562 721 1606 ventrem
745 1568 904 1607 suum
930 1554 1057 1606 colit
1086 1569 1101 1617 ;
1128 1569 1318 1606 vereor
1341 1556 1485 1606 enim
1518 1553 1724 1612 dicere,

150 1648 314 1698 etiam
347 1660 411 1697 ea
454 1661 572 1712 qua-
607 1645 710 1697 sub
752 1656 940 1696 ventre
972 1652 1118 1697 sunt.
1166 1644 1437 1709 Quocirca
1480 1646 1727 1698 studiose

151 1737 408 1791 munibus
436 1736 696 1788 membris
736 1734 1016 1804 saginatus
1058 1736 1191 1801 (l4),
1224 1734 1470 1803 quotidie
1500 1752 1724 1803 vespera

149 1828 421 1887 vi-niente,
447 1835 567 1895 post
595 1826 828 1879 oﬂicium
870 1841 898 1878 a
928 1842 1081 1879 coena
1114 1825 1167 1877 itt
1189 1828 1380 1879 cellam
1415 1841 1568 1879 suain
1603 1826 1725 1879 ds-

148 1920 373 1980 cedens,
442 1918 645 1970 famqu
675 1918 855 1970 dicit:
902 1917 982 1971 En
1025 1916 1291 1980 furcifer,
1333 1918 1423 1970 siti
1467 1918 1721 1979 crucior,

152 2011 248 2064 sed
278 2010 522 2063 calidum
554 2024 685 2078 para
724 2008 859 2080 (15),
886 2016 941 2063 et
972 2010 1037 2062 da
1073 2010 1203 2063 mihi
1234 2011 1440 2073 bibere,
1466 2012 1724 2078 sitimque

150 2105 513 2171 restinguere.
569 2101 660 2156 Ille
689 2142 703 2164 ,
755 2112 937 2171 utpote
970 2103 1426 2156 consuetudinem
1474 2105 1680 2157 habens
1707 2144 1721 2167 ,

149 2195 335 2247 statim
378 2194 697 2258 benevolus,
727 2203 781 2247 et
815 2194 881 2247 ad
914 2194 1221 2247 faciendunt
1282 2196 1723 2265 promptissimus

154 2287 410 2339 minister
440 2286 753 2346 invenitur,
809 2286 1009 2353 quippe
1058 2288 1150 2355 qui
1203 2296 1255 2341 et
1306 2288 1420 2356 ipse
1480 2304 1602 2341 cunt
1659 2305 1725 2342 eo

152 2380 427 2445 epuletur.
462 2379 597 2431 Tum
626 2380 897 2431 meracius
924 2382 1109 2431 vinum
1146 2381 1326 2433 haurit
1350 2391 1402 2434 et
1430 2382 1721 2443 exsorbet,

152 2469 400 2523 tenebris
449 2484 573 2525 eum
624 2472 1047 2524 occultantibus.
1098 2473 1165 2526 Et
1217 2480 1502 2540 postquam
1554 2476 1724 2528 semel

148 2563 306 2620 bibit.
341 2579 564 2618 rursum
634 2564 699 2617 ad
764 2565 947 2618 cibum
1000 2566 1364 2634 appetendum
1412 2568 1720 2631 excitatur,

149 2654 548 2721 epularttittque
576 2657 842 2710 suavitate
872 2658 1029 2724 quasi
1058 2659 1195 2709 clam
1247 2659 1349 2711 sibi
1398 2671 1682 2726 surreptus
1706 2698 1722 2723 ,

155 2745 346 2799 satiari
390 2760 449 2799 se
481 2762 589 2800 non
621 2748 807 2810 sentit,
839 2760 1192 2817 ventumque
1235 2750 1485 2812 obesmn,
1535 2760 1587 2803 rt
1642 2753 1726 2804 itt-

151 2840 521 2902 tractabilem,
561 2850 614 2893 ct
644 2842 906 2908 appetitui
944 2843 1136 2894 anima:
1171 2841 1550 2894 rcfractarium
1598 2843 1726 2895 red-

150 2928 249 2980 dit.
288 2925 525 2994 Subjicit
558 2927 608 2981 ei
645 2937 773 2979 tunc
832 2927 1092 2994 cogitatio
1127 2946 1139 2979 :
1174 2927 1395 2979 Dimitte
1436 2927 1723 2991 famulum,

156 3028 207 3070 et
238 3029 394 3070 stans
424 3029 716 3069 consuetas
759 3030 950 3083 preces
995 3015 1184 3069 funde.
1235 3014 1547 3083 Respondet
1598 3017 1725 3071 huic

149 3110 250 3161 alia
303 3109 611 3176 cogitatio:
654 3109 720 3160 At
769 3108 1048 3175 quomodo
1118 3110 1444 3162 saburt-atus
1502 3110 1724 3164 stabis?

1829 654 1948 707 quae
1988 640 2386 694 nominavimus
2417 681 2433 706 ,
2469 652 2523 694 et
2556 656 2732 710 neque
2786 645 2850 696 ad
2909 644 3050 697 alius
3090 645 3398 716 cujuspiam

1829 731 2019 783 cellam
2045 730 2214 795 adire,
2250 747 2426 799 neque
2464 734 2631 786 alium
2667 735 2733 786 ad
2762 735 2951 788 cellam
2981 737 3271 791 admittere
3298 753 3400 793 nec

1828 819 2186 875 didarciendo
2214 824 2409 887 ventri,
2432 834 2526 878 aut
2559 827 2846 893 potationi,
2902 836 2995 880 aut
3031 829 3228 883 otiosis
3278 845 3395 883 ser-

1828 916 2082 967 monibus
2112 930 2327 981 vacare,
2364 917 2459 969 sed
2512 918 2703 971 clauso
2727 919 2874 970 osdo
2924 919 2978 972 in
3032 920 3167 973 cella
3216 922 3394 973 solum

1830 1010 2044 1074 penitus
2081 1024 2319 1066 manere.
2365 1009 2492 1078 quid
2532 1010 2634 1063 hoe
2665 1012 2713 1064 ei
2746 1011 2988 1079 prodest,
3018 1012 3061 1064 si
3090 1014 3399 1080 spiritualis

1826 1099 1973 1147 actio
2006 1112 2130 1150 cum
2165 1098 2522 1164 intelligentia
2554 1098 2696 1150 desit
2720 1137 2733 1158 .
2766 1099 2953 1152 sedeat
2994 1108 3176 1151 autem
3216 1102 3399 1167 legens

1825 1189 2103 1255 quippiam
2138 1189 2203 1239 ad
2233 1190 2662 1257 depromcndum
2715 1189 2917 1256 aliquid
2954 1200 3199 1257 tempore
3230 1203 3399 1256 synao

1827 1294 1978 1341 Xeos,
2018 1289 2112 1333 aut
2142 1280 2306 1332 etiam
2343 1282 2395 1332 in
2438 1283 2698 1343 adventu,
2732 1296 2823 1332 seu
2862 1283 3148 1347 [)l':l!St'l|lla
3191 1282 3401 1333 amico-

1827 1386 1969 1431 rum,
2008 1380 2064 1420 ut
2097 1372 2275 1425 sciens
2310 1386 2372 1423 ac
2406 1374 2613 1437 peritus
2663 1371 2961 1424 videitur?
2996 1371 3101 1423 Sed
3162 1372 3352 1426 demus
3381 1412 3397 1435 ,

1825 1476 1948 1515 eum
1986 1478 2095 1513 non
2134 1463 2235 1515 hoc
2270 1466 2373 1515 line
2402 1475 2454 1515 ct
2489 1479 2678 1531 St'OpO,
2720 1464 2814 1515 sed
2874 1462 3124 1515 utilitatis
3182 1465 3352 1531 gratia
3380 1504 3397 1528 ,

1825 1564 1876 1606 ct
1908 1566 1965 1607 ιιι
2001 1556 2225 1606 verbum
2272 1554 2362 1607 Dei
2393 1557 2576 1607 audiat
2601 1558 2815 1609 divinas
2839 1555 3151 1626 Scripturas
3175 1556 3352 1624 legere
3379 1573 3393 1608 :

1826 1644 2020 1697 deinde
2053 1662 2300 1715 surgere,
2332 1655 2386 1699 et
2416 1646 2481 1698 ad
2515 1646 2783 1699 orandum
2816 1657 2962 1700 stare
2983 1689 2997 1711 ,
3032 1648 3252 1716 sintque
3275 1647 3399 1715 ejus

1827 1737 2004 1789 oratio
2042 1738 2235 1804 psalmi
2269 1738 2398 1800 dtto,
2449 1748 2561 1791 tres
2593 1738 2803 1801 decem,
2837 1748 3095 1803 centum,
3129 1739 3399 1793 adolatio-

1829 1846 1923 1883 nes
1950 1832 2202 1884 similiter
2240 1847 2363 1881 eum
2398 1845 2655 1894 μυγαλῆς-ρ
2689 1845 2853 1898 quam
2884 1833 3083 1895 multas
3111 1847 3212 1885 vs.
3241 1831 3397 1886 Post-

1830 1921 2045 1972 modnm
2062 1922 2141 1972 sic
2159 1921 2391 1986 expletis
2410 1922 2685 1983 omnibus,
2715 1922 2933 1975 mandat
2952 1937 3163 1990 c0rpus
3181 1935 3398 1988 satnno,

1828 2015 1964 2066 nihil
1998 2016 2253 2080 amplius.
2286 2012 2419 2078 Quis
2460 2014 2624 2080 igitur
2652 2015 2700 2065 ei
2745 2015 2979 2074 fructus.
3001 2016 3400 2079 obsecro,dum

1827 2103 1995 2164 istud,
2026 2112 2079 2154 et
2111 2104 2287 2155 solum
2324 2105 2456 2169 agit.
2494 2118 2590 2154 nec
2628 2102 2847 2156 fructus
2872 2120 3120 2173 precum,
3151 2106 3424 2173 lcetionis,

1826 2208 1921 2262 per
1963 2194 2297 2259 pmnitentize
2337 2194 2607 2262 laet-yutas
2663 2195 2715 2248 itt
2771 2197 2894 2260 ejus
2953 2196 3138 2248 anima
3185 2196 3400 2251 efflare-

1826 2285 1929 2337 seit
1960 2285 1977 2336 ἐ
2003 2285 2095 2352 qui
2129 2286 2348 2349 quidem
2382 2285 2598 2337 fructus
2642 2293 2727 2337 est
2783 2287 3251 2351 perturbationum
3305 2303 3400 2337 va-

1825 2375 2025 2432 cuitas,
2068 2372 2393 2425 humilitatis
2442 2381 2491 2424 et
2537 2373 2969 2425 mansuetudinis
3022 2372 3301 2437 acet-ssio,
3347 2382 3400 2425 et

1825 2467 2066 2534 cognitio
2099 2480 2223 2519 cum
2260 2464 2547 2532 sapientia.
2584 2465 2824 2529 Quilibet
2867 2467 3010 2519 enim
3036 2506 3051 2527 ,
3087 2466 3178 2533 qui
3209 2481 3275 2519 ex
3309 2479 3401 2518 (ο-

1825 2560 2068 2628 gnitione
2093 2559 2364 2625 spirituali
2401 2575 2540 2625 "pth
2573 2558 2952 2610 mandatorum
2988 2558 3082 2611 [)ei
3122 2557 3271 2623 facit,
3302 2575 3401 2627 pro

1826 2655 2075 2721 portione
2111 2651 2400 2703 laboriOsae
2435 2650 2667 2703 actionis
2695 2666 2807 2704 SttzP
2837 2692 2852 2713 ,
2893 2666 3012 2720 quze
3050 2652 3195 2705 dicta
3230 2664 3354 2705 sunt
3382 2689 3399 2714 ,

1824 2744 2081 2812 acquirit.
2114 2742 2167 2795 Si
2205 2751 2383 2797 autem
2418 2743 2669 2797 laborare
2696 2759 2753 2797 se
2783 2745 3116 2797 existimanti
3148 2783 3163 2807 ,
3199 2753 3250 2796 et
3282 2761 3401 2809 ope-

1827 2837 1966 2889 ranti
2003 2850 2108 2887 non
2140 2835 2558 2901 cllioreantquae
2595 2835 2737 2886 dicta
2780 2846 2925 2893 sunt,
2954 2850 3057 2885 non
3091 2844 3169 2887 est
3202 2849 3401 2887 secun-

1826 2930 1954 2983 dum
1981 2931 2146 2979 llenm
2166 2928 2282 2995 ejus
2301 2930 2465 2988 actio,
2484 2927 2576 2981 sed
2600 2928 2979 2980 tantuuunodo
2992 2926 3055 2979 ad
3079 2926 3398 2994 placendum

1827 3023 2167 3081 IIOlltilIilHlS,
2210 3030 2260 3071 et
2302 3020 2497 3070 merito
2539 3020 2763 3070 meliora
2792 3032 2897 3069 non
2932 3018 3266 3083 assequitur.
3292 3013 3399 3080 Qui

1825 3110 1989 3178 igitur
2017 3109 2083 3160 de
2112 3108 2216 3166 his.
2250 3108 2315 3159 de
2346 3106 2547 3174 quibus
2576 3105 2743 3155 locuti
2781 3119 2997 3164 sumus,
3033 3113 3291 3171 perpetuo
3316 3114 3402 3154 ta-

151 3199 327 3251 dormi
364 3199 734 3265 aiiquantum,
760 3204 815 3249 et
843 3206 1092 3249 naturam
1148 3198 1214 3251 ad
1266 3206 1710 3266 concoquendum
1740 3230 1786 3292 ο
1830 3201 1931 3253 lem
1970 3201 2131 3283 vitam
2170 3200 2323 3269 vivit.
2364 3196 2562 3265 poti-rit
2594 3212 2658 3247 ne
2686 3194 3002 3261 aliquando,
3032 3194 3172 3247 sicut
3204 3197 3269 3245 ab
3297 3194 3401 3245 iiii-

149 3291 290 3358 quod
319 3288 635 3362 comedisti,
673 3287 891 3358 adjuva.
937 3296 990 3340 et
1050 3296 1175 3341 ante
1228 3291 1458 3355 syttaxitt
1514 3308 1717 3361 surge,

150 3392 258 3434 tum
297 3380 509 3433 habens
556 3394 754 3446 corpus
786 3378 997 3439 levius,
1052 3381 1341 3433 conuuode
1395 3383 1723 3448 pret-aberis.

152 3473 314 3525 Audit
352 3472 764 3540 cogitationem,
799 3485 862 3524 ac
891 3472 1217 3525 recumbens
1249 3472 1471 3535 dormit,
1505 3489 1725 3531 somno-

150 3580 249 3632 que
286 3566 502 3617 solutus
539 3580 643 3616 non
677 3565 849 3633 surgit
876 3563 1035 3626 :Sed,
1071 3565 1334 3627 nondum,
1363 3566 1560 3634 inquit,
1586 3579 1724 3621 tem-

151 3672 248 3723 pus
285 3665 396 3713 est,
427 3655 695 3707 dormiant
735 3656 916 3706 adhuc
952 3670 1118 3706 unum
1148 3654 1483 3713 sontnulnm.
1506 3656 1594 3709 Sic
1620 3670 1727 3711 tar-

150 3748 365 3801 dantem
402 3749 671 3799 matutina
709 3750 931 3817 synavis
966 3748 1283 3799 antevertit.
1337 3746 1465 3800 lude
1494 3764 1726 3802 consur-

149 3854 275 3909 gens
300 3839 371 3891 ad
402 3837 644 3907 Synaxin
681 3838 915 3899 accedit,
947 3840 1343 3892 cousdentiam
1387 3843 1728 3909 negligentiae

153 3931 484 3997 di‘sidimque
503 3943 613 3981 suae
631 3931 1018 3981 accusatriceut
1038 3931 1297 3985 sentiens.
1325 3931 1396 3986 Ut
1422 3949 1551 4001 ergo
1576 3935 1727 4003 prius

154 4022 413 4082 diximus,
446 4030 589 4073 tenet
624 4019 767 4073 hunc
798 4034 1028 4084 morem,
1050 4030 1107 4073 ιιι
1130 4024 1381 4075 crebrius
1401 4024 1725 4088 attiicorum,

152 4118 202 4163 et
232 4113 530 4165 cbarorum
565 4108 787 4162 Patrum
816 4111 982 4165 cellas
1020 4112 1182 4165 obeat
1215 4153 1229 4174 ,
1287 4114 1461 4168 donec
1511 4114 1727 4169 tandem

154 4202 357 4265 sedeat,
390 4217 498 4254 una
533 4210 737 4267 cumet,
768 4202 940 4266 bibat,
973 4204 1357 4258 confabuletur
1384 4246 1400 4270 ,
1446 4215 1500 4259 et
1553 4208 1625 4260 ita
1674 4207 1728 4260 in

154 4294 342 4346 cellam
379 4309 691 4361 regressus,
722 4310 830 4348 non
863 4296 1040 4349 solum
1078 4297 1144 4350 ad
1191 4298 1558 4367 precationem
1609 4314 1732 4354 ves-

152 4384 447 4451 pertinam,
485 4386 580 4438 sed
624 4386 788 4439 etiam
843 4386 910 4439 ad
960 4386 1203 4457 Synaxin
1252 4390 1571 4443 tttatutinam
1622 4390 1731 4445 ine-

155 4484 273 4542 ptus
306 4477 363 4529 fit
397 4519 413 4542 ,
470 4477 604 4529 nihil
636 4479 859 4531 omnino
892 4479 1177 4546 Spirituale
1204 4489 1299 4534 aut
1329 4482 1567 4550 cogitare
1589 4520 1606 4547 ,
1636 4494 1727 4536 aut

1830 3294 1905 3344 tio
1947 3282 2369 3345 renuntiationis
2395 3305 2537 3351 sine,
2572 3294 2811 3354 scipsum
2864 3295 3035 3339 totum
3092 3285 3159 3338 ad
3217 3287 3399 3341 omnia

1830 3385 2129 3448 secundum
2156 3374 2343 3433 'Denm
2380 3379 2603 3431 molesta
2648 3377 2960 3429 snstittcnda
2990 3416 3005 3441 ,
3050 3392 3110 3429 ac
3147 3376 3400 3445 pzt‘icnda

1830 3489 2128 3542 exponens,
2167 3481 2221 3525 ut
2268 3486 2432 3538 supra
2461 3470 2716 3545 diximus,
2754 3471 3025 3539 lacrymas
3052 3508 3067 3529 ,
3106 3480 3198 3521 aut
3248 3482 3402 3524 com-

1828 3566 2178 3633 punctioucm
2221 3561 2447 3629 adipisci
2487 3578 2500 3614 :
2534 3568 2627 3612 aut
2661 3576 2782 3629 quae
2812 3575 2840 3611 a
2872 3559 3075 3633 mundo
3109 3559 3186 3612 illi
3218 3561 3401 3613 adhic-

1830 3632 1951 3710 rent
1985 3655 2133 3715 vitia,
2168 3663 2220 3705 et
2257 3652 2686 3719 improbitatem,
2719 3658 2773 3703 ct
2799 3632 3057 3703 duritiam
3088 3651 3271 3705 cordis
3300 3652 3401 3705 ab-

1824 3750 2038 3819 jicere,
2094 3745 2574 3813 humilitatemque
2670 3743 2995 3813 possidere?
3062 3745 3400 3811 neutiquam.

1833 3841 2058 3894 Seduci:
2091 3839 2332 3903 scipsum
2359 3841 2670 3904 quicunque
2703 3838 2781 3888 sic
2812 3845 2984 3903 putat,
3013 3845 3105 3888 aut
3130 3836 3231 3889 s'bi
3260 3836 3399 3889 hanc

1830 3932 2000 4001 legem
2036 3929 2162 3982 t‘et-t.
2183 3927 2656 3993 Quemadmodum
2677 3926 2820 3979 enint
2861 3942 2965 3979 non
2996 3936 3172 3994 potest
3198 3927 3399 3980 ferrum

1830 4039 1936 4077 non
1973 4021 2201 4086 ignitum
2232 4034 2386 4086 aeque
2424 4027 2480 4071 ιιι
2513 4017 2740 4085 ignitum
2778 4018 3161 4086 resplendere,
3191 4028 3283 4071 aut
3331 4018 3399 4073 ad

1832 4114 2114 4168 mollitiem
2154 4111 2261 4164 alia
2288 4111 2526 4180 quadam
2560 4112 2816 4163 machina
2868 4110 3079 4180 redigi,
3124 4120 3179 4166 et
3235 4110 3402 4164 fabri-

1829 4206 1964 4266 cari,
2001 4213 2055 4258 et
2089 4205 2139 4257 in
2172 4203 2598 4257 instrumentum
2634 4201 2758 4255 usui
2789 4205 3257 4256 accmnmodatum
3290 4203 3403 4255 for-

1833 4295 1967 4350 mari
2006 4313 2019 4349 :
2055 4294 2133 4349 sic
2168 4309 2348 4363 neque
2378 4293 2737 4362 negligentem
2769 4306 2832 4346 ac
2850 4292 3119 4355 desidem,
3150 4302 3199 4345 et
3232 4295 3397 4346 vitam

1832 4389 1904 4442 ita
1934 4389 2152 4441 noxiam
2182 4386 2487 4455 (legentem,
2531 4394 2589 4436 ιιι
2623 4384 2911 4437 docuimus
2939 4424 2955 4446 ,
3008 4384 3263 4452 possilii’c
3317 4393 3403 4439 est

1831 4485 1903 4545 ei,
1927 4480 2018 4549 qui
2046 4495 2075 4532 a
2107 4478 2375 4548 principio
2399 4494 2464 4530 ex
2496 4477 2836 4543 subiectione
2880 4492 3005 4546 erga
3055 4474 3245 4528 Patres
3275 4476 3356 4543 spi
3378 4504 3402 4515 -

156 4567 329 4622 lucere
356 4569 526 4637 potis.
574 4568 719 4633 Quin
751 4571 913 4623 etiam
950 4572 1002 4623 iit
1039 4571 1174 4626 cella
1215 4587 1312 4626 sua
1338 4612 1353 4635 ,
1386 4572 1430 4627 si
1460 4575 1601 4629 alius
1636 4590 1723 4627 ac-
1757 4568 1803 4627 D
1831 4572 2055 4627 rituales
2089 4570 2368 4639 prwclaris
2398 4570 2563 4623 veluti
2617 4569 2809 4623 fonnis
2872 4568 3176 4636 impressus
3239 4578 3401 4633 atque

153 4661 400 4725 cesserit,
430 4661 761 4719 sintiliterin
811 4672 1027 4716 noctem
1065 4664 1453 4718 fabulatioucm
1505 4676 1722 4735 protra-

155 4748 249 4813 hit,
286 4736 677 4821 etialiquando
710 4754 874 4808 vitam
912 4755 1142 4808 aliorum
1173 4758 1345 4825 carpit
1374 4797 1388 4822 ,
1427 4773 1489 4813 ac
1521 4760 1724 4829 dijudi-

158 4855 258 4909 cat,
290 4856 462 4914 atque
498 4845 553 4898 in
581 4845 674 4899 tali
706 4854 853 4899 statu
880 4855 1093 4900 aetatem
1137 4863 1354 4901 onmem
1389 4861 1720 4918 perseverat,

158 4947 275 4991 aute
306 4948 527 5005 tempus
559 4938 844 5000 ebrietate,
880 4939 1101 5006 crapula
1125 4978 1141 5004 ,
1174 4939 1419 5011 indignis
1450 4943 1721 4998 sollicitu-

153 5025 371 5081 dinibus
406 5042 534 5081 sese
564 5028 685 5082 iens
716 5028 1017 5096 perditum.

218 5116 420 5171 Verum
458 5133 558 5170 cur
591 5134 691 5187 ego
716 5121 828 5173 haec
861 5122 1043 5174 omnia
1069 5121 1346 5177 disserui?
1398 5134 1457 5176 ut
1501 5139 1595 5178 vos
1623 5124 1722 5178 do-

154 5220 345 5273 cerem,
384 5207 619 5271 fratres,
651 5211 741 5277 qui
789 5212 947 5264 talem
985 5214 1147 5265 vitam
1186 5214 1379 5277 ducit,
1419 5230 1523 5267 non
1560 5230 1721 5280 posse

156 5312 385 5366 unquam
416 5314 482 5352 ex
536 5301 710 5353 oculis
750 5302 1045 5371 lacrymaut
1100 5306 1374 5359 emittere.
1424 5304 1525 5369 Qui
1575 5309 1717 5359 enim

155 5389 381 5451 emittat,
421 5390 514 5457 qui
546 5405 761 5461 seraper
800 5394 975 5446 ventri
1008 5410 1108 5447 suo
1144 5396 1333 5459 servit,
1376 5405 1429 5449 et
1460 5397 1512 5469 in
1545 5397 1719 5459 dicm,

157 5479 287 5532 sicut
320 5479 556 5546 ethnici,
584 5483 712 5549 quid
760 5500 980 5549 esurus,
1016 5494 1109 5539 aut
1141 5486 1413 5541 bibiturus
1441 5487 1531 5549 sit,
1564 5489 1721 5542 solli-

158 5570 287 5625 citus
322 5582 411 5626 est
443 5610 460 5635 ,
491 5581 543 5626 et
576 5575 713 5641 gulae
747 5578 1007 5648 voluptati
1062 5588 1321 5649 tanquam
1361 5580 1593 5634 domin-.c
1625 5581 1725 5634 ob-

221 5772 327 5845 (Η)
365 5774 466 5826 Ἐκ
498 5774 605 5827 τῶν
637 5775 880 5843 ὀργά-ιον)
918 5777 1367 5845 γαττριζὸκκεποος.

225 5843 328 5908 US}
389 5845 538 5898 am
571 5847 773 5912 Θερμξν
803 5843 1145 5914 mpm-:52;-
1185 5849 1319 5902 Naut
1374 5849 1583 5904 caiidus
1628 5864 1720 5914 po-

1832 4666 2187 4733 coosignatus
2216 4669 2323 4723 est,
2357 4671 2412 4715 et
2446 4661 2611 4714 vitam
2652 4660 2946 4714 virtutibus
2976 4669 3224 4713 ornatam
3264 4673 3400 4711 coi-

1834 4766 2057 4810 secntus
2115 4770 2298 4824 parent
2337 4769 2478 4817 esse,
2516 4752 2817 4821 iisdemque
2842 4752 3041 4819 denis,
3092 4763 3142 4806 et
3192 4752 3405 4805 chiris-

1835 4849 1997 4901 tnatis
2024 4847 2259 4915 Spiritus
2297 4846 2424 4898 frui.
2464 4843 2569 4897 Nec
2604 4845 2826 4911 injuria.
2868 4843 2970 4908 Qui
3006 4847 3151 4896 enim
3185 4855 3269 4898 est
3299 4844 3401 4897 ltit-

1834 4942 1980 4994 ntilis
2015 4939 2198 5000 corde,
2225 4936 2694 5007 cogitationesque
2720 4937 3047 5003 submissas,
3070 4944 3124 4988 ct
3154 4935 3395 4987 animum

1833 5032 2127 5088 contritum
2158 5031 2331 5099 gerit,
2380 5038 2432 5083 et
2476 5028 2675 5082 divinis
2733 5027 3032 5096 Scripturis
3085 5028 3395 5081 studiosius

1835 5139 2025 5195 parere
2047 5124 2310 5186 decrevit,
2345 5132 2399 5175 et
2422 5122 2672 5189 quamvis
2696 5120 3107 5173 tribulationem
3133 5123 3395 5177 sustinet,

1833 5233 2005 5287 genus
2039 5231 2199 5268 omne
2243 5214 2600 5268 tentationum
2643 5211 2862 5280 perfert,
2899 5211 3120 5278 insuper
3144 5209 3399 5263 omnibus

1832 5307 2226 5376 abjectioribus
2240 5321 2297 5359 se
2325 5312 2672 5361 annumer.-.t,
2699 5304 2947 5355 actiones
2972 5300 3223 5353 videlicet
3245 5315 3395 5364 sitas,

1832 5408 1884 5452 et
1916 5406 2135 5467 peccata
2171 5404 2431 5465 reputans
2459 5437 2473 5459 ,
2515 5402 2569 5447 et
2596 5394 2839 5461 quotidie
2893 5391 3245 5459 semetipsunt
3304 5405 3396 5442 rc-

1830 5487 2172 5558 prehcudcns
2201 5523 2217 5547 ,
2266 5493 2429 5550 atque
2488 5491 2547 5535 ut
2600 5491 2939 5550 peccatorcm
2986 5479 3345 5533 considerans
3377 5516 3397 5540 .

1829 5580 1980 5633 brevi
2037 5586 2303 5647 tempore,
2332 5575 2423 5630 Dei
2450 5572 2672 5641 adjutus
2707 5574 2902 5643 gratia,
2938 5570 3172 5641 proficit,
3200 5585 3397 5640 quam-

1831 5785 1915 5829 tns
1977 5776 2103 5828 olim
2143 5775 2194 5826 in
2251 5773 2463 5827 deliciis
2526 5771 2863 5835 habebatur,
2904 5772 2967 5824 tie
3016 5783 3123 5839 quo
3180 5767 3399 5837 Lipsius

1828 5848 1921 5901 lzb.
1983 5864 2017 5900 tt
2072 5848 2248 5899 'lilcct.
2290 5860 2411 5909 cap.
2446 5846 2496 5895 4.
