4170 6452
770 403 881 471 487

770 532 857 581 vis
888 524 1161 579 hominem
1195 538 1303 577 non
1352 521 1568 586 habeat,
1603 534 1632 573 a
1667 534 1778 589 quo
1821 519 1889 572 ad
1933 518 2162 572 Salutem
2217 531 2339 584 per-
2368 519 2415 575 Α
2445 516 2598 568 tatis.

766 618 1003 674 tincntia
1039 618 1303 672 ducentur
1341 632 1355 669 :
1390 614 1653 684 paulatim
1687 611 2018 667 exscindens
2049 610 2118 663 ab
2160 609 2343 662 anima

770 728 893 777 sua,
921 726 1042 779 quae
1071 712 1118 763 ei
1154 725 1219 763 ex
1261 710 1365 763 hoc
1401 707 1607 760 mundo
1638 706 1956 775 pravitates,
1994 712 2050 757 et
2082 701 2345 771 nequitiae

769 804 1180 866 adltterescunt,
1218 801 1544 865 illarumquc
1569 799 1690 851 loco
1710 796 1941 850 virtutes
1963 794 2341 849 introdueens.

768 896 870 961 Qui
901 910 1028 947 vero
1058 893 1403 947 imtnunditia
1433 891 1628 960 plenus
1665 897 1752 943 est
1780 925 1798 952 ,
1852 899 1901 942 et
1946 902 2007 943 se
2054 886 2344 955 magnifice

767 985 1167 1053 circumspicit,
1204 996 1268 1036 ac
1297 982 1400 1035 sub
1439 982 1645 1050 potenti
1680 994 1845 1033 manu
1880 979 1972 1032 Dei
2014 976 2290 1030 humiliari
2324 1013 2340 1038 ,

766 1074 1026 1145 Patrique
1066 1075 1341 1143 spirituali
1381 1074 1567 1128 cordis
1607 1073 1690 1127 sui
1726 1072 2004 1141 nequitias
2058 1070 2341 1131 revciare,

767 1178 821 1222 et
850 1171 899 1222 ei
932 1168 1234 1231 adhazrcre,
1271 1167 1564 1235 facereque
1596 1175 1651 1219 et
1700 1165 1814 1234 pati
1865 1165 2049 1217 omnia
2104 1176 2226 1230 qua:
2274 1159 2342 1213 ad

765 1262 1023 1315 virtutem
1051 1271 1105 1315 et
1135 1260 1304 1314 Deum
1338 1276 1462 1313 cum
1506 1259 1841 1312 discretione
1871 1256 2196 1326 perducunt,
2242 1253 2343 1307 lto-

766 1355 1082 1419 tninemque
1112 1352 1414 1407 secundum
1448 1351 1627 1420 ipsutn
1676 1348 1967 1420 perficiunt
1996 1387 2011 1410 ,
2043 1362 2151 1400 non
2188 1348 2340 1409 vult,

765 1443 923 1511 pejor
951 1444 1010 1497 fit
1041 1460 1201 1511 quam
1230 1443 1286 1496 in
1343 1444 1547 1496 tnundo
1598 1452 1717 1496 erat
1746 1482 1762 1506 ,
1813 1441 2010 1507 spiritu
2066 1440 2344 1494 mundano

765 1553 1010 1597 reverso,
1045 1550 1097 1589 et
1134 1536 1185 1588 in
1219 1551 1283 1589 co
1314 1535 1619 1598 habitante,
1653 1549 1777 1585 eum
1812 1533 1937 1586 aliis
1972 1542 2183 1601 septem
2248 1547 2343 1585 ne-

765 1644 927 1696 quam
957 1628 1265 1697 Spiritibus.
1303 1626 1366 1680 Et
1401 1628 1475 1678 ita
1503 1625 1595 1679 ille
1634 1626 1775 1678 alius
1810 1623 2036 1676 fratrem
2096 1636 2201 1674 una
2253 1636 2341 1675 se-

766 1736 889 1773 cum
942 1722 1178 1773 stadium
1209 1719 1513 1787 ingressum
1559 1726 1769 1769 tantum
1804 1714 2210 1783 antegreditur,
2245 1723 2342 1768 aut

764 1813 959 1875 vincit,
993 1822 1260 1881 quantum
1291 1813 1381 1877 qtti
1418 1812 1575 1871 liber,
1618 1823 1681 1862 ac
1712 1808 1926 1861 solutus
1954 1806 2130 1860 currit
2164 1846 2178 1868 ,
2219 1807 2341 1859 vin-

765 1906 909 1959 culis
948 1913 1003 1959 et
1057 1903 1417 1971 compedibus
1453 1901 1649 1955 ferreis
1704 1898 2028 1968 impeditum
2072 1904 2340 1963 superat:

766 2009 820 2052 at
856 1999 957 2052 iste
990 1999 1189 2059 vietus,
1223 1997 1275 2049 itt
1308 1997 1467 2049 malis
1500 1994 1799 2065 prioribus,
1834 2001 1929 2045 aut
1976 1990 2343 2046 deterioribus

762 2092 924 2144 etiam
961 2098 1266 2160 permanet,
1300 2089 1492 2143 nolens
1524 2088 1578 2140 in
1612 2085 1975 2154 deposcendis
2017 2083 2122 2137 sibi
2150 2093 2344 2152 sponte

764 2184 987 2236 virtutis
1019 2184 1436 2245 certaminibus,
1473 2180 1715 2233 facinora
1748 2180 1889 2232 bona
1925 2179 2128 2231 facere.

838 2277 1068 2337 Idcirco,
1105 2286 1164 2329 ut
1210 2290 1374 2343 supra
1408 2272 1569 2325 docui
1595 2311 1609 2334 ,
1655 2279 1709 2326 et
1743 2270 2026 2338 Scriptura
2078 2269 2343 2325 divinitus

765 2369 1028 2437 inspirata
1068 2368 1269 2436 passim
1300 2374 1558 2429 testatur,
1595 2364 1807 2418 fructus
1837 2364 2071 2417 actionis
2098 2403 2112 2427 ,
2145 2371 2198 2416 et
2228 2362 2345 2415 fru-

764 2473 950 2517 ctuum
987 2462 1359 2521 conciliatrix,
1396 2461 1504 2513 imo
1530 2474 1659 2513 vero
1690 2456 1937 2512 eﬂ'ectrix
1979 2471 2043 2509 ac
2102 2471 2299 2525 parens
2325 2495 2339 2520 ,

764 2564 818 2607 et
850 2554 1170 2608 fabricatrix
1200 2556 1462 2606 virtutum
1528 2552 1777 2605 omnium
1824 2551 2179 2620 compunctio
2229 2560 2337 2607 est.

766 2644 1002 2697 Proinde
1052 2646 1145 2714 qui
1208 2642 1532 2697 affectiones
1580 2642 1833 2696 turbidas
1874 2649 2197 2709 amputare,
2252 2651 2344 2693 attt

765 2740 995 2792 virtutes
1026 2739 1308 2807 possidere
1336 2737 1512 2806 cupit,
1543 2737 1687 2790 hanc
1715 2750 1825 2804 pra:
1871 2734 2032 2789 battis
2060 2734 2341 2799 omnibus,

763 2841 817 2885 ct
842 2847 963 2886 Cum
999 2833 1293 2885 virtutibus
1325 2832 1582 2886 ontnibus
1629 2830 1921 2901 diligenter
1990 2838 2345 2883 consectetur

766 2940 988 2978 Περι-δερ
1014 2933 1115 2988 est,
1148 2926 1267 2977 sine
1305 2940 1409 2993 qua
1452 2924 1689 2977 animam
1720 2938 1874 2975 suam
1918 2921 2060 2974 haud
2099 2937 2341 2992 unquam

767 3029 959 3085 puram
994 3015 1318 3078 intuebitur,
1358 3026 1521 3086 atque
1555 3016 1627 3069 ita
1665 3016 1829 3069 etiam
1882 3016 2135 3084 corporis
2190 3015 2345 3085 puri-

768 3116 929 3161 tatem
965 3109 1284 3176 neutiquam
1321 3112 1589 3175 nequiret.
1616 3106 1745 3160 Sine
1784 3122 1924 3176 aqua
1952 3108 2223 3176 siquidem
2252 3123 2346 3162 ve-

766 3198 1086 3249 stimentum
1127 3206 1553 3266 conspurcatuut
1589 3197 1815 3251 abluere
1862 3213 1969 3251 non
2026 3199 2239 3253 datur:
2291 3208 2343 3253 et

766 3291 887 3343 sine
919 3290 1177 3361 lacryntis
1220 3291 1403 3343 anima
1432 3291 1604 3352 ablui,
1650 3301 1812 3360 atque
1845 3307 1873 3343 a
1906 3292 2135 3345 maculis
2164 3293 2341 3361 inqui-

764 3385 1151 3451 namentis-que
1186 3384 1402 3453 purgari
1440 3385 1615 3436 multo
1648 3385 1829 3436 minus
1882 3393 2084 3452 potest.
2112 3382 2188 3437 Ne
2220 3385 2341 3438 ina-

764 3489 885 3536 nos,
922 3475 1224 3543 animmque
1258 3475 1470 3537 noxias,
1512 3476 1650 3537 sive,
1686 3483 1744 3528 ut
1772 3476 1954 3529 verius
2001 3476 2178 3530 dicam
2203 3514 2217 3538 ,
2253 3492 2345 3545 pc-

765 3567 915 3620 nitus
954 3566 1145 3629 falsas,
1177 3579 1231 3620 et
1259 3568 1522 3621 exitiosus
1552 3570 1938 3623 excusationes
1972 3583 2296 3623 excusemus
2327 3587 2341 3622 :

763 3659 859 3715 sed
890 3661 1027 3712 hanc
1056 3662 1319 3713 virtutum
1360 3660 1605 3728 reginam
1638 3668 1755 3713 toto
1806 3672 2027 3731 pectore
2087 3664 2345 3730 exquira-

766 3766 909 3805 mus.
944 3753 1044 3817 Qui
1069 3754 1211 3805 enim
1241 3754 1292 3805 id
1332 3763 1446 3806 toto
1486 3754 1671 3806 animo
1708 3754 1859 3816 facit,
1897 3756 2043 3807 illam
2092 3756 2341 3811 invenit:

766 3844 849 3896 vel
885 3845 1064 3912 potius
1095 3845 1211 3912 ipsa
1242 3844 1532 3909 accedens,
1562 3860 1621 3897 se
1654 3859 1779 3897 eum
1824 3844 2009 3899 labore
2056 3846 2345 3915 requiren-

764 3944 871 3987 tem
898 3936 1103 3989 invenit
1131 3952 1149 3989 :
1172 3946 1225 3989 ct
1249 3952 1343 3989 seu
1373 3952 1477 3988 :rre
1503 3975 1516 3997 ,
1543 3952 1639 3989 seu
1678 3935 1824 3988 ferro
1853 3977 1867 3997 ,
1920 3952 2016 3989 seu
2052 3936 2344 3989 adamante

764 4042 861 4079 cor
890 4025 1081 4079 durius
1116 4027 1391 4088 habuerit,
1421 4027 1582 4079 simul
1614 4038 1775 4094 atque
1819 4026 2121 4089 advenerit,
2149 4026 2345 4096 quavis

764 4135 889 4171 tera
929 4120 1059 4172 illttd
1096 4119 1317 4173 mollius
1349 4119 1547 4175 reddit.
1576 4106 1670 4173 Est
1698 4120 1842 4171 enim
1877 4118 2095 4173 divinus
2121 4120 2341 4188 quidam

765 4212 928 4280 ignis,
973 4220 1181 4265 montes
1214 4223 1267 4265 ct
1297 4223 1479 4280 petras
1510 4213 1791 4265 resolvens
1814 4251 1828 4272 ,
1879 4221 1934 4266 ct
1988 4213 2345 4281 complanatis

765 4305 971 4367 omnia,
1011 4314 1065 4355 et
1097 4305 1149 4357 in
1186 4306 1377 4358 hortos
1408 4314 1771 4369 commutatis,
1810 4305 2130 4374 animasque
2163 4308 2340 4373 ipsum

766 4395 1126 4463 SuSeipientes
1177 4396 1314 4449 alias
1368 4411 1531 4464 quam
1586 4404 1745 4448 erant
1788 4394 2058 4449 eflicicns.
2110 4393 2244 4447 Nam
2291 4397 2344 4449 itt

767 4486 942 4538 medio
978 4501 1166 4538 earum
1204 4486 1264 4539 lit
1297 4486 1443 4549 fons,
1475 4487 1620 4539 unde
1654 4502 1795 4555 aqua
1848 4485 1972 4539 vita:
2006 4501 2223 4555 semper
2253 4502 2342 4540 sa-

2004 395 2384 458 SYMEONIS
2421 392 2796 458 JUNiORIS

3919 386 4017 452 488

2676 514 2883 568 Deinde
2912 514 3182 568 bonorum
3220 527 3248 565 a
3281 511 3390 565 Deo
3444 510 3619 582 ipsum
3671 511 4017 580 diligentibus

2454 615 2911 677 praeparatarum,
2948 620 3011 659 ac
3059 606 3426 671 repositorum
3473 603 3810 658 desiderium
3877 606 4018 673 iuge-

2452 705 2632 750 ncrat.
2665 695 2791 751 Haec
2821 697 3079 751 universa
3115 712 3239 751 cum
3271 695 3552 765 lacrymis,
3584 694 3665 748 vel
3704 696 3891 763 potius
3933 708 4021 762 per

2452 790 2727 859 lacrymas
2795 789 3014 843 divinus
3061 790 3506 856 compunctionis
3552 788 3694 857 ignis
3745 798 4021 859 operatur.

2450 881 2674 951 Absque
2714 880 2971 952 lacrymis
3004 890 3210 946 autem,
3241 891 3302 933 ut
3330 880 3575 934 diximus
3602 879 3742 949 (I6),
3772 881 3908 933 nihil
3933 881 4001 932 lto

2452 986 2574 1026 rum
2604 981 2698 1026 aut
2747 974 2798 1026 itt
2840 974 2996 1028 nobis
3028 973 3183 1041 ipsis,
3215 974 3385 1027 autin
3414 973 3537 1027 aliis
3552 987 3793 1042 unquam
3823 970 4022 1025 factum

2450 1075 2557 1126 est,
2599 1080 2777 1133 neque
2832 1063 2947 1119 fiet.
2992 1064 3101 1119 Nec
3153 1066 3300 1120 enim
3366 1082 3432 1120 ex
3479 1066 3683 1121 divinis
3718 1066 4025 1136 Scripturis

2450 1156 2741 1224 quisquam
2794 1157 3069 1226 probabit,
3103 1158 3242 1213 citra
3289 1159 3580 1228 lacrymas,
3644 1160 4028 1228 (conpunctio-

2452 1260 2689 1313 nemque
2725 1258 3039 1317 perpetuam
3075 1248 3376 1317 aliquando
3400 1250 3711 1319 quempiam
3738 1262 4026 1320 purgatum

2452 1337 2650 1403 fuisse,
2701 1347 2797 1392 aut
2848 1342 3194 1394 sanctitatem
3249 1342 3543 1406 invenisse,
3615 1350 3707 1395 aut
3763 1340 4024 1411 Spiritum

2451 1440 2705 1484 sanctum
2743 1433 3051 1501 accepisse,
3085 1443 3179 1485 aut
3221 1430 3392 1485 Deum
3423 1433 3648 1495 vidisse,
3690 1444 3783 1487 aut
3842 1438 3896 1488 in
3972 1451 4028 1490 se

2453 1523 2792 1578 habitantem
2851 1526 3120 1589 sensisse,
3167 1534 3264 1579 aut
3295 1526 3520 1579 omnino
3554 1527 3853 1595 aliquando
3886 1530 4027 1582 hunc

2452 1618 2638 1670 cordis
2689 1617 2924 1672 incolam
2988 1618 3281 1683 habuisse,
3351 1621 3701 1689 pmnitenlia,
3767 1623 4026 1690 inquam,

2450 1711 2984 1781 compunclionequc
3083 1730 3192 1768 non
3234 1717 3595 1784 prtccedente,
3667 1723 3720 1769 et
3772 1716 3933 1783 quasi
4000 1732 4029 1768 a

2452 1800 2601 1855 fonte
2643 1817 2861 1872 semper
2884 1808 3225 1863 scatentibus
3258 1811 3484 1863 assiduo
3516 1810 3813 1879 laerymis;
3866 1810 4029 1862 inun-

2451 1894 2711 1950 dantibus
2819 1899 3099 1962 nimirum,
3180 1901 3605 1971 eluentibusque
3686 1901 4027 1955 domicilium

2452 1986 2921 2057 animae,catnqnc
2948 1992 3016 2045 ab
3046 1993 3170 2061 igne
3232 1994 3518 2049 inaccesso
3566 2007 3914 2063 occupatam,
3977 2004 4029 2049 et

2451 2079 2737 2134 ardentem
2770 2084 3142 2139 irroratttibus
3178 2101 3242 2141 ac
3272 2086 3744 2157 refrigerantibus.

2530 2172 2632 2237 Qui
2691 2175 2861 2243 igitur
2915 2186 3206 2232 autumant
3261 2178 3379 2233 dies
3417 2196 3480 2233 ac
3528 2191 3715 2237 noctes
3750 2181 3883 2235 lit-re
3924 2196 4027 2234 non

2451 2280 2573 2321 esse
2614 2269 2906 2336 possibile,
2940 2270 3154 2336 seipsos
3197 2272 3350 2325 omni
3380 2274 3581 2327 virtute
3610 2274 3848 2328 nudatos
3896 2290 4028 2345 pro—

2450 2359 2609 2417 dunt.
2638 2362 2695 2414 Si
2726 2362 2870 2414 cnim
2912 2364 3091 2417 sancti
3121 2362 3311 2419 Patres
3334 2368 3511 2421 nostri
3542 2367 3617 2420 ita
3643 2380 4027 2434 asset-uerunt,

2451 2453 2847 2523 dixeruntque,
2905 2455 3003 2523 qui
3062 2459 3173 2508 vult
3213 2457 3663 2525 perturbationes
3718 2470 4027 2529 amputare,

2450 2544 2577 2600 fletu
2610 2562 2705 2602 eas
2738 2556 3010 2616 amputat,
3051 2557 3108 2602 et
3135 2550 3229 2618 qui
3265 2551 3380 2603 vult
3413 2566 3741 2621 comparare
3771 2554 4026 2616 virtutes,

2451 2643 2583 2694 lletu
2610 2657 2705 2694 eas
2740 2649 3057 2712 comparat,
3095 2641 3453 2697 manifestum
3484 2656 3592 2708 est,
3627 2646 3719 2714 qui
3754 2660 3864 2698 non
3894 2661 4034 2714 quo-

2453 2735 2588 2789 tidie
2619 2735 2801 2789 fundit
2848 2737 3126 2806 lacryntas
3166 2752 3292 2791 eum
3350 2754 3529 2807 neque
3582 2741 4031 2808 perturbationes

2452 2837 2755 2895 amputare,
2789 2844 2967 2899 neque
2994 2831 3225 2883 virtutes
3251 2832 3423 2900 probe
3468 2834 3781 2900 acquirere,
3814 2834 4031 2888 etiamsi

2451 2918 2520 2971 ad
2555 2933 2779 2987 operam
2818 2935 2878 2974 se
2911 2922 3043 2973 dare
3074 2922 3397 2975 arbitretur.
3441 2920 3584 2987 Quid
3618 2939 3880 2993 namque,
3934 2942 4032 2978 oro

2451 3012 2928 3077 tc,iustrumenta
2977 3014 3114 3068 artis
3175 3015 3523 3078 conducunt,
3574 3017 3620 3070 si
3672 3017 3870 3071 artifex
3928 3034 4033 3072 non

2455 3105 2619 3167 adsit,
2654 3107 2747 3174 qui
2793 3106 3082 3161 materiam
3135 3115 3399 3172 tractare,
3460 3118 3513 3162 et
3547 3125 3609 3162 ex
3645 3124 3708 3162 ea
3760 3126 3858 3165 vas
3911 3110 4032 3165 ido-

2819 1899 3099 1962 nimirum,

2372 3237 2413 3293 c
2454 3216 2616 3254 neum
2653 3201 2926 3255 conficere
2962 3202 3163 3254 novit?
3206 3200 3268 3254 Et
3298 3201 3428 3270 quid
3462 3202 3646 3256 olit0ri
3693 3202 3947 3271 prodest,
3984 3206 4031 3259 si

2450 3282 2677 3343 hortum
2706 3298 2882 3343 totum
2922 3291 3223 3360 subegerit,
3283 3293 3603 3360 olerumque
3653 3308 3818 3347 omne
3854 3311 4029 3365 genus

2448 3384 2501 3437 in
2543 3397 2610 3437 eo
2641 3385 3019 3445 seminaverit,
3073 3395 3237 3454 atque
3273 3385 3626 3454 plantaverit,
3684 3389 3731 3441 si
3766 3404 3939 3457 super
3968 3406 4030 3444 ea

2446 3476 2589 3529 caelo
2625 3476 2797 3529 imber
2828 3494 2935 3529 non
2967 3477 3334 3541 desecttderit,
3371 3490 3465 3531 attt
3513 3480 3556 3533 si
3612 3495 3749 3550 aqua
3801 3482 4031 3553 irrigata

2456 3587 2564 3624 non
2609 3570 2848 3625 fuerim?
2879 3568 3022 3623 Nihil
3074 3583 3317 3638 prorsus.
3361 3569 3453 3622 Sic
3482 3584 3660 3637 neque
3690 3572 3782 3637 qui
3816 3569 3867 3622 iu
3904 3571 4022 3621 aliis

2457 3661 2755 3714 virtutibus
2784 3660 3049 3715 elaborat.
3075 3673 3275 3725 easque
3307 3659 3679 3726 persequitur,
3710 3659 3829 3712 sine
3863 3660 4023 3714 beata

2448 3751 2561 3811 illa,
2595 3760 2649 3803 et
2682 3760 2873 3803 sattcla
2910 3750 3157 3816 domina,
3209 3752 3588 3820 virtutumque
3635 3756 3882 3805 omnium
3947 3769 4035 3807 ar-

2447 3843 2685 3895 chitecta
2725 3840 2896 3894 ullnut
2926 3855 3105 3907 Oper-.c
3142 3842 3379 3909 pretium
3415 3840 3602 3896 faciet.
3645 3842 3709 3895 Ut
3741 3845 3891 3896 enint
3921 3845 4029 3898 im—

2449 3943 2670 4004 perator
2707 3935 2827 3989 sine
2862 3934 3108 3987 exercitu
3165 3949 3268 3987 suo
3300 3934 3554 3987 inlirmus
3592 3946 3698 3999 est,
3739 3947 3792 3990 et
3828 3939 3882 3990 itt
3939 3956 4039 3992 cu-

2442 4029 2627 4097 jusvis
2655 4038 2983 4098 potesuttem
3036 4028 3224 4080 venire
3282 4038 3486 4097 potest,
3565 4044 3664 4083 nec
3724 4032 4034 4099 imperator

2448 4130 2696 4189 apparet,
2752 4118 2846 4173 sed
2907 4128 3240 4173 cmterorum
3307 4120 3591 4172 hominum
3660 4121 3860 4176 sitnils
3889 4135 4032 4178 est:

2447 4216 2527 4268 sic
2565 4214 2806 4267 vicissim
2841 4213 3102 4282 frequens
3152 4212 3449 4277 exercitus,
3479 4223 3531 4265 et
3582 4224 3761 4268 castra
3794 4216 4037 4284 impera-

2448 4316 2587 4369 tore,
2622 4314 2715 4357 aut
2751 4320 2969 4359 summo
3005 4305 3143 4357 duce
3177 4320 3277 4357 suo
3329 4304 3615 4365 destituta,
3650 4305 3753 4357 levi
3809 4310 4036 4375 negotio

2446 4401 2812 4469 dissipantur,
2870 4398 3235 4466 delenturque
3291 4398 3359 4451 ab
3398 4399 3757 4452 adversariis.
3820 4399 4033 4455 Eodem

2448 4492 2616 4546 tnodo
2662 4492 2869 4543 luctum
2921 4491 2986 4542 ad
3022 4490 3265 4558 reliquas
3291 4491 3525 4543 virtutes
3562 4492 3764 4545 habere
3802 4508 3864 4548 se
3916 4496 4039 4548 exi-

766 4580 929 4641 liens,
959 4590 1011 4632 οι
1044 4580 1292 4631 emicans
1322 4594 1415 4632 cas
1447 4580 1595 4647 large
1633 4578 1843 4644 irriget.
1892 4585 1946 4631 el
1992 4587 2252 4644 lattqumn
2311 4592 2339 4630 a
2370 4574 2413 4632 C
2449 4585 2633 4638 stinta.
2678 4582 2992 4635 Exercitum
3024 4584 3168 4634 enim
3208 4583 3262 4635 in
3292 4599 3461 4635 unum
3489 4583 3803 4646 collectum,
3835 4601 4034 4643 omnes

766 4688 892 4725 vase
924 4672 974 4724 in
1012 4687 1104 4725 eos
1138 4672 1227 4740 qui
1282 4687 1471 4741 prope,
1508 4679 1561 4724 et
1601 4686 1698 4725 eos
1744 4670 1837 4739 qui
1891 4671 2050 4739 longe
2100 4670 2336 4735 deﬂuat,

765 4765 1087 4833 abundeque
1117 4765 1337 4833 inpleat
1366 4765 1598 4825 animas,
1633 4778 1754 4831 quae
1788 4777 1943 4816 sacra
1997 4763 2161 4815 verba
2210 4778 2335 4815 cunt

766 4859 870 4912 ftde
904 4856 1234 4926 suscipiunt.
1271 4857 1417 4909 Eluit
1466 4856 1614 4910 enim
1669 4856 1847 4925 primo
1907 4855 2057 4910 labes
2109 4871 2338 4919 eorum,

764 4950 857 5019 qui
889 4967 945 5003 sc
979 4949 1401 5016 ittqttitt'tvcrunt
1434 4965 1445 4999 :
1474 4957 1663 5017 postea
1698 4948 1831 5001 vitio
1874 4947 2172 5016 implicitas
2205 4948 2337 5000 θαυ-

764 5042 970 5095 ctiones
999 5058 1101 5092 una
1142 5042 1274 5093 eluit
1304 5080 1319 5102 ,
1354 5035 1437 5099 at
1459 5040 1707 5109 proiiigat
1738 5078 1753 5103 ,
1788 5053 1881 5092 eas
1913 5053 2012 5091 cett
2045 5038 2334 5091 vulnerum

763 5144 981 5186 Crustas
1015 5132 1365 5195 altsttahens,
1397 5141 1523 5200 puta
1556 5130 1877 5200 nequitiam,
1913 5128 2172 5183 invidiam
2200 5170 2213 5194 ,
2246 5145 2337 5182 va-

767 5242 889 5278 nam
925 5226 1175 5293 gloriam,
1210 5235 1261 5277 ct
1319 5236 1515 5279 caetera
1570 5225 1753 5277 omnia
1800 5240 1920 5293 quae
1974 5224 2097 5277 illas
2146 5238 2341 5277 eoose-

764 5330 1028 5382 quuutur.
1061 5313 1170 5369 Nec
1204 5316 1253 5367 id
1284 5316 1484 5379 solum,
1518 5316 1614 5370 sed
1646 5316 1811 5367 etiam
1850 5323 1909 5367 ut
1938 5314 2159 5366 llatntna
2188 5330 2340 5382 qua:-

764 5408 888 5458 tiatn
919 5406 1187 5467 ambiens,
1222 5407 1423 5459 sensim
1462 5422 1555 5459 cas
1587 5405 1792 5469 abolet,
1824 5413 1878 5458 ct
1910 5406 1964 5457 itt
2027 5405 2191 5459 horas
2222 5406 2336 5457 vel-

766 5498 843 5551 uti
896 5498 1084 5565 spinas
1128 5500 1313 5551 exurit
1343 5536 1357 5560 ,
1420 5508 1585 5566 atque
1623 5497 1900 5551 consumit
1944 5514 1956 5549 :
2012 5511 2131 5566 qua:
2171 5497 2335 5550 etiam

766 5593 1001 5660 primum
1031 5590 1250 5661 quidem
1282 5589 1538 5647 ncrfcctae
1572 5590 1735 5661 hujus
1764 5588 2031 5643 libertatis
2102 5596 2153 5642 ct
2186 5590 2337 5658 puri-

2451 4674 2781 4743 isagogicas,
2826 4688 2889 4726 ac
2923 4673 3088 4726 veluti
3147 4676 3546 4741 prmcursorias
3607 4676 3845 4732 virtutes
3908 4694 4038 4735 esse

2450 4766 2630 4834 cogita
2667 4782 2681 4819 :
2716 4764 3134 4832 imperatorem,
3186 4773 3242 4817 et
3303 4763 3498 4817 ducem
3558 4766 3754 4819 harum
3808 4770 4033 4823 beatum

2457 4858 2611 4910 illunt
2669 4855 2902 4915 luctum,
2944 4863 2998 4907 et
3032 4855 3327 4923 ploratum,
3360 4871 3455 4923 per
3493 4872 3658 4924 quem
3692 4867 3821 4912 tota:
3856 4863 4036 4929 cepia:

2449 4949 2505 5002 itt
2561 4948 2733 5001 aciem
2788 4947 3141 5015 digeruntur,
3190 4957 3243 5001 et
3297 4947 3649 5011 ordinantur,
3704 4951 4034 5011 incitantur.

2449 5042 2906 5101 corroborantur,
2944 5047 2997 5092 et
3042 5054 3196 5091 arma
3235 5054 3432 5106 capere
3468 5040 3583 5104 ubi,
3636 5047 3947 5111 quomodo,
3980 5057 4038 5101 et

2452 5132 2700 5201 quando,
2753 5141 2806 5184 et
2868 5147 3009 5200 qum.
3078 5131 3210 5183 etin
3244 5146 3429 5199 quem,
3481 5132 3878 5201 eleujusmodi
3934 5139 4035 5190 ad-

2448 5225 2775 5284 versarium.
2808 5233 2861 5275 et
2896 5239 3002 5291 qua
3043 5224 3339 5276 occasione
3387 5234 3660 5290 oporteat.
3706 5236 3861 5279 certa
3916 5229 4037 5296 lege

2448 5315 2741 5368 docentur.
2817 5313 2920 5379 Qui
2995 5323 3257 5380 prmterea
3319 5314 3567 5369 mittendi
3621 5320 4077 5385 spceulatores,‘

2448 5408 2639 5478 quales
2685 5406 3088 5460 constituenda:
3136 5407 3406 5470 excubim,
3479 5408 3633 5476 quid,
3694 5419 3750 5462 et
3805 5414 4038 5479 quando

2451 5498 2891 5567 respondendum
2934 5497 3178 5549 hostium
3226 5496 3441 5567 legatis.
3500 5496 3649 5550 Licet
3704 5500 3852 5551 enim
3913 5502 4039 5555 solo

2448 5591 2611 5644 allitu
2638 5605 2829 5644 omnes
2868 5604 2962 5643 cos
2997 5589 3050 5644 in
3087 5590 3267 5660 fugant
3309 5599 3535 5645 vertere.
3564 5589 3849 5644 Interdum
3877 5606 3948 5646 ne
3980 5593 4037 5647 in

839 5783 1115 5845 (Μήτηρ
1180 5785 1379 5842 Ᾱςέηωι.
1443 5786 1495 5839 itt
1550 5796 1697 5842 orat.
1726 5785 1811 5841 50.
1876 5782 2024 5839 lianc
2080 5783 2341 5839 Siittcmti:

2448 5789 2857 5858 isputationcm,
2893 5794 2986 5841 aut
3066 5793 3225 5842 eatttc
3273 5784 3409 5857 leg",
3476 5796 3571 5842 aut
3626 5787 3882 5859 benigne
3937 5786 4032 5842 iu-

766 5862 834 5908 ιρι
851 5871 898 5920 ιιι
913 5865 1013 5908 le
1028 5872 1074 5907 c.
