4170 6452
156 436 258 494 439

1491 430 1775 491 ORATIO
1822 431 2001 488 XXXI
2023 433 2062 489 l.

3315 440 3419 499 ΗΟ

157 561 517 609 teneres-anui
567 545 906 609 qu'sdeuwos
954 542 1265 596 admittere.
1306 543 1421 608 Qua
1467 543 1595 597 item
1649 556 1738 592 ra-
1773 546 1813 598 Α
1846 559 2045 613 pt'eSso
2106 539 2270 605 corde
2333 553 2625 615 ptnsiliurt
2680 551 2928 619 lacrymte
3010 553 3140 619 Qum
3196 555 3422 617 insuper

158 649 333 694 ttmw.
378 650 433 689 et
474 638 697 705 «plaudo
732 638 784 689 in
822 636 1041 688 insidiis
1074 644 1266 688 contra
1307 650 1403 688 eos
1440 635 1740 696 latendum,

156 738 209 781 et
240 729 447 797 quibus
473 729 526 780 iu
568 732 723 791 locis,
749 739 803 781 et
832 736 1039 795 quanta
1070 741 1267 781 manus
1317 728 1384 779 ad
1442 730 1543 779 hoc
1580 726 1741 780 emit-

160 818 349 877 tenda,
398 815 516 883 ipse
544 819 724 870 luctus
755 831 864 870 non
901 817 1066 871 dubie
1096 817 1411 871 conssituit.
1477 817 1607 870 Sine
1659 817 1744 872 his

158 910 396 976 [tepidus
428 909 689 964 virtutum
718 909 1007 964 universus
1030 909 1191 965 facile
1221 914 1456 980 capitur.

234 1002 420 1070 Atque
472 1001 680 1056 idcirco
712 1016 835 1054 cum
868 1003 1151 1066 omnibus,
1216 1012 1268 1057 et
1326 1020 1436 1071 pra:
1486 1005 1745 1059 omnibus

164 1095 267 1147 huc
301 1106 548 1149 vestrum
588 1111 725 1163 opus
759 1101 850 1159 sit,
910 1095 1134 1157 fratres.
1200 1100 1550 1164 poenitentia,
1595 1108 1648 1152 ct
1697 1100 1744 1151 ei

163 1188 469 1253 conjuncta
524 1188 863 1249 lamentatio,
934 1189 1458 1257 lamentationismte
1515 1191 1747 1243 comites

164 1279 439 1348 lartyuue.
480 1278 587 1331 Nec
620 1282 766 1332 enim
796 1281 911 1333 sine
945 1282 1267 1347 pmnitentia
1291 1282 1613 1340 iumentum.
1648 1296 1747 1334 nec

166 1374 285 1425 sine
326 1375 569 1425 laurento
605 1382 900 1442 Iarrytnze:
939 1374 1032 1428 sed
1074 1374 1186 1427 hate
1230 1385 1332 1425 tria
1365 1374 1602 1426 invicem
1642 1375 1745 1428 sibi

164 1476 417 1515 connexa
456 1471 610 1526 sunt,
664 1474 717 1515 et
775 1463 925 1516 aliud
992 1465 1113 1517 sine
1174 1464 1280 1515 alio
1319 1478 1585 1531 apparere
1640 1479 1749 1517 non

166 1561 375 1621 potest.
416 1551 494 1606 Ne
513 1554 641 1622 quis
671 1570 799 1620 ergo
825 1554 995 1614 dicat.
1041 1554 1292 1623 quotidie
1322 1553 1454 1609 ﬂere
1488 1570 1611 1610 esse
1647 1556 1750 1607 im-

165 1642 471 1708 possibile;
524 1660 650 1696 nam
695 1646 787 1712 qui
839 1646 910 1698 ita
972 1645 1237 1713 loquitur.
1297 1646 1464 1699 etiam
1505 1646 1752 1714 quotidie

165 1735 443 1800 paenitere
474 1735 609 1789 dicit
644 1752 770 1790 esse
804 1738 1172 1806 impossibile,
1204 1747 1260 1791 et
1297 1746 1465 1790 totam
1497 1737 1751 1806 Scriptu-

166 1838 283 1874 Iam
345 1839 567 1876 sacram
633 1825 851 1889 evertit,
906 1842 973 1879 ne
1023 1827 1227 1889 (licam,
1286 1827 1464 1895 ipsum
1532 1843 1752 1897 queque

167 1916 497 1969 mandatum
552 1914 671 1981 Dei,
711 1933 823 1985 quo
878 1918 1130 1971 dicitur:
1170 1917 1543 1971 Paenitentiam
1589 1921 1751 1988 agite,

164 2009 607 2077 appropinquavit
636 2011 773 2061 enim
809 2027 1021 2077 regnum
1046 2010 1297 2063 ccclorunt
1320 2010 1387 2064 “.
1424 2010 1488 2063 Et
1510 2012 1703 2065 iterum
1737 2030 1749 2063 ε

167 2100 345 2153 Petito
376 2111 425 2151 et
458 2102 750 2165 accipietis,
782 2106 1001 2171 qtta'rite
1052 2113 1101 2156 et
1136 2105 1429 2167 invenietis,
1470 2106 1677 2172 pulsate
1705 2115 1753 2156 ct

166 2194 442 2257 aperietur
472 2194 613 2247 robis
641 2196 704 2246 ⁵⁸.
743 2193 799 2248 Si
826 2196 974 2249 enim
1004 2197 1293 2264 paenitere,
1343 2206 1397 2250 et
1432 2197 1747 2258 lamentari,

164 2302 208 2337 e~
252 2285 388 2339 ﬂere
425 2287 680 2354 quotidie
707 2288 789 2339 ais
835 2287 1201 2355 impossibile,
1237 2289 1533 2344 humiliare
1586 2306 1663 2348 se.
1699 2301 1755 2343 et
1810 2278 1813 2281 ’

167 2394 391 2446 semper
420 2382 683 2447 ginderc,
729 2387 785 2432 et
825 2382 944 2432 sine
1000 2381 1419 2435 intermissione
1483 2396 1646 2435 orare
1683 2385 1751 2443 ⁸ο,

167 2474 299 2535 quin
330 2474 496 2525 etiam
522 2474 701 2541 ipsum
735 2487 832 2526 cor
864 2476 931 2527 ab
957 2475 1217 2527 omnibus
1244 2475 1754 2543 pet'turbationilms

168 2572 222 2616 et
257 2565 696 2632 Cogitationibus
755 2566 820 2619 ad
889 2563 1059 2620 Deum
1114 2566 1482 2636 spectandum
1554 2570 1755 2623 habere

171 2658 438 2717 liberum,
469 2666 525 2709 tu
556 2672 622 2710 ne
658 2673 898 2726 unquant
927 2657 1082 2713 dices
1122 2657 1331 2712 homini
1378 2660 1599 2713 mortali
1635 2676 1756 2713 esse

170 2750 458 2817 po~sibi'e.
491 2759 544 2803 et
576 2751 647 2803 ab
677 2766 742 2803 eo
774 2752 875 2804 ista
914 2762 1060 2805 recte
1091 2752 1338 2820 pra-stari
1374 2752 1579 2821 posse?
1611 2753 1753 2805 haud

172 2843 349 2893 uices.
387 2841 450 2893 Et
488 2842 559 2895 ita
596 2843 648 2894 in
688 2858 920 2897 nurnero
983 2843 1311 2907 inﬁdelium,
1362 2859 1469 2898 non
1518 2844 1754 2899 lidelimn

172 2949 471 3001 reponere.
527 2933 661 2986 Nam
702 2936 746 2988 si
785 2933 925 2989 Deus
966 2935 1077 2987 hrc
1122 2951 1151 2988 (ι
1202 2936 1362 2991 nobis
1411 2936 1549 2991 Cilici
1594 2952 1756 3007 posse

174 3026 339 3087 dixit,
380 3034 433 3077 et
470 3026 752 3095 pi'acepit,
807 3034 859 3081 et
908 3027 1133 3081 assiduo
1190 3029 1413 3095 clamat,
1468 3040 1521 3083 tu
1573 3040 1754 3085 autem

173 3122 516 3171 contrarium
576 3119 838 3185 aﬂirmas,
900 3136 1118 3190 nempe.
1181 3122 1538 3191 impossibilia
1599 3124 1756 3179 nobis

1853 638 1924 690 de
1961 639 2045 691 his
2072 638 2312 706 disserit
2353 642 2492 695 ιρι-[υ
2527 643 2645 711 ejus
2679 644 2839 707 libro,
2879 646 3003 714 quis
3042 648 3297 711 voluerit,
3331 663 3422 700 cn-

1847 738 2094 796 gnoscet.

1918 819 2038 873 Jam
2083 822 2128 876 si
2177 832 2231 876 et
2265 836 2342 886 III,
2380 838 2501 893 quae
2533 824 2588 877 in
2623 822 2742 877 dies
2794 824 2928 893 legis
2976 836 3030 879 et
3078 825 3290 895 ps:dlis,
3328 839 3422 880 aut

1850 915 1972 968 aliis
2005 917 2312 985 legentibus
2339 917 2520 984 audis,
2546 919 2681 972 nihil
2718 921 3051 981 omittendo,
3088 929 3203 973 toto
3232 923 3421 981 corde.

1850 1024 1975 1059 eum
2010 1009 2327 1063 humilitate
2376 1021 2430 1063 et
2482 1012 2585 1064 tlde
2620 1013 2673 1065 in
2723 1014 2871 1066 omni
2918 1015 3025 1064 vita
3076 1015 3421 1080 pra-sineris.

1852 1111 2009 1148 amen
2040 1098 2337 1166 erangclizo
2373 1098 2461 1150 tibi
2491 1101 2741 1167 gaudium
2796 1117 3045 1169 magnum
3082 1102 3148 1154 “.
3191 1101 3324 1155 Nam
3378 1105 3424 1157 sl

1854 1189 1908 1241 in
1978 1188 2062 1243 his
2127 1191 2392 1246 faciendis
2442 1193 2767 1263 perstiterit,
2822 1194 3083 1257 sitiendo,
3131 1194 3426 1264 vigilando,

1855 1292 2029 1345 usque
2084 1280 2150 1331 ad
2206 1289 2439 1333 mortem
2497 1292 2549 1335 te
2586 1282 2956 1349 subjiciendo,
3018 1295 3073 1337 ct
3122 1284 3429 1340 obedieudo

1852 1374 2148 1437 prteposito
2178 1382 2271 1427 ttto
2309 1375 2811 1439 ituliscrimiuatim,
2848 1392 3065 1432 omnem
3109 1380 3427 1434 tribulatio-

1856 1477 2003 1524 nem,
2042 1462 2661 1529 injuriam,maledicta,
2698 1466 3060 1532 calumniam,
3100 1485 3196 1524 nec
3226 1470 3417 1526 isthaac

1857 1563 2090 1613 tantum.
2131 1555 2223 1607 sed
2266 1554 2432 1606 etiam
2467 1554 2680 1624 ﬂagella
2737 1566 2792 1612 et
2837 1562 3063 1614 verbera
3103 1575 3132 1614 a
3167 1563 3430 1618 fratribus

1856 1649 1969 1698 luis
2001 1646 2404 1714 abjcctioribus
2455 1663 2579 1701 cum
2633 1651 2784 1704 omni
2854 1656 3153 1719 gratiarum
3216 1657 3431 1709 actione

1856 1735 2207 1798 sustinendo,
2240 1735 2311 1787 ita
2349 1750 2475 1805 erga
2511 1751 2608 1790 eos
2637 1736 2883 1802 allectus,
2933 1741 3166 1794 ut.mala
3219 1742 3289 1795 ab
3322 1742 3432 1795 illis

1858 1827 1957 1881 tibi
2016 1827 2164 1881 illata
2220 1842 2326 1881 non
2370 1830 2719 1889 memineris.
2776 1838 2830 1884 et
2878 1847 2976 1900 pro
3039 1834 3119 1888 eis
3161 1834 3430 1895 oraveris.

1856 1920 2031 1987 gaude
2061 1930 2113 1973 et
2143 1920 2358 1974 essulta
2392 1922 2594 1991 gaudio
2634 1922 2914 1999 ineﬂ‘ahili,
2951 1924 3080 1994 quia
3121 1940 3227 1978 non
3255 1926 3431 1979 solum

1857 2011 2094 2079 vesperi,
2132 2024 2290 2062 mane
2330 2016 2382 2060 et
2424 2010 2672 2071 meridie,
2701 2009 2797 2064 sed
2830 2012 2993 2064 etiam
3023 2010 3206 2065 edenti
3241 2019 3295 2065 et
3348 2010 3435 2064 bi-

1860 2100 2014 2154 benti
2056 2101 2177 2164 tibi,
2226 2108 2279 2154 et
2321 2101 2525 2168 smpius
2578 2117 2702 2154 rum
2732 2101 2858 2157 aliis
2912 2103 3238 2173 alloquenti,
3285 2104 3435 2173 psal-

1861 2193 2018 2255 lenti,
2053 2202 2107 2245 et
2152 2194 2377 2261 legenti.
2415 2202 2464 2246 et
2497 2194 2769 2259 precanti,
2806 2201 2862 2247 et
2891 2210 3061 2265 super
3112 2195 3313 2249 lectulo
3344 2212 3434 2249 re.

1858 2286 2081 2339 cubanti
2119 2284 2297 2355 ipsum
2330 2286 2420 2340 Dei
2446 2286 2834 2355 inexplicabile
2862 2287 3067 2342 donum
3100 2288 3346 2352 veniens,
3374 2304 3435 2343 se

1858 2375 2177 2443 dignabitur
2222 2386 2273 2431 te
2311 2378 2569 2432 omnibus
2606 2378 2805 2433 diebus
2854 2380 2974 2433 vitae
3016 2390 3140 2441 tum.
3174 2388 3227 2433 et
3258 2382 3433 2435 comi-

1859 2470 2067 2523 labitur
2107 2479 2157 2524 te
2198 2470 2253 2523 in
2291 2473 2396 2534 via,
2426 2481 2479 2524 et
2518 2485 2644 2524 cum
2683 2471 2999 2535 diverteris,
3034 2480 3212 2525 tcetnn
3255 2475 3433 2527 diver-

1861 2568 1959 2625 tet,
2023 2568 2081 2613 et
2149 2576 2271 2614 cum
2338 2562 2688 2617 ministrante
2747 2564 3118 2628 ministrabit,
3182 2565 3432 2619 laborum

1864 2662 2079 2705 tuorum
2112 2654 2389 2707 molestias
2417 2669 2481 2708 ac
2510 2654 2730 2709 dolores
2751 2656 3043 2710 consolans
3076 2668 3128 2711 et
3154 2672 3431 2712 recreans.

1864 2742 1938 2795 Ac
1986 2751 2125 2806 tum,
2153 2760 2318 2812 quam
2353 2746 2489 2799 bene
2524 2746 3021 2815 convenienterque
3052 2758 3277 2803 sanctus
3346 2749 3433 2801 Si-

1863 2850 1989 2889 mon
2023 2835 2247 2899 dixerit,
2300 2838 2506 2891 neinini
2543 2838 3067 2893 communicatnlnm
3114 2838 3319 2910 absque
3360 2842 3437 2895 la-

1861 2927 2084 2995 crymis,
2126 2938 2180 2981 ct
2218 2931 2317 2983 hoc
2347 2929 2459 2981 ﬁeri
2488 2945 2672 2999 posse.
2702 2938 2758 2983 et
2796 2945 2984 2984 revera
3015 2946 3207 2987 omnes
3241 2933 3434 2987 decere

1864 3019 2160 3089 intelliges.
2222 3020 2335 3074 Non
2379 3021 2524 3075 enim
2580 3022 2691 3086 ille,
2742 3022 2837 3077 sed
2872 3038 2969 3091 per
3002 3024 3153 3078 illum
3195 3026 3436 3096 Spiritus

1866 3122 2091 3166 sanctus
2120 3114 2336 3167 locutus
2368 3125 2473 3175 est,
2524 3123 2578 3167 et
2611 3116 2859 3183 scripsit.
2918 3116 2974 3170 Si
3024 3133 3263 3189 namque
3318 3122 3437 3174 sine

171 3228 318 3277 esse,
387 3213 551 3281 p'ane
624 3212 763 3266 ttiltil
807 3214 877 3267 ab
942 3213 1149 3267 inlideli
1209 3215 1421 3269 dim-rs.
1469 3217 1556 3270 Vis
1595 3216 1759 3288 igitur
1789 3218 1831 3274 C
1866 3216 2094 3275 ινοοοπιο
2138 3208 2323 3262 ""“US
2373 3218 2479 3271 ('5'.
2532 3222 2632 3262 nec
2678 3210 2884 3273 illi-3'15.
2936 3209 3095 3277 cuius
3135 3222 3218 3269 εει
3273 3216 3438 3270 unius

174 3321 461 3369 nunquam
497 3304 904 3357 Enelzaristiam
946 3305 1227 3374 percipere
1284 3307 1404 3360 sine
1458 3308 1761 3378 lztctyutis?

174 3400 259 3448 lac
293 3414 418 3464 qua:
448 3396 549 3449 abs
576 3406 627 3450 te
658 3406 959 3449 caulautur
995 3399 1183 3461 simul.
1228 3408 1279 3450 it
1312 3400 1591 3468 l--guntur,
1630 3411 1760 3452 tunc

180 3493 351 3543 :t'am
415 3490 560 3543 iswd
617 3500 876 3559 prmstare
924 3492 1154 3558 poteris.
1193 3492 1328 3545 Audi
1383 3495 1757 3561 Apestulntu:

180 3581 299 3634 Non
328 3592 471 3635 enim
504 3583 773 3634 auditores
805 3582 928 3647 legis
956 3583 1096 3649 justi
1128 3592 1250 3634 sunt
1283 3584 1425 3649 apud
1455 3583 1643 3645 Deum,
1672 3589 1760 3637 sed

177 3676 410 3742 factores
471 3674 599 3741 legis
646 3672 1092 3741 justi/imbuatur
1125 3675 1192 3726 ⁶¹.
1252 3674 1384 3738 Qua:
1446 3690 1613 3744 porro
1671 3677 1760 3728 illa

177 3766 347 3819 s.ut?
381 3763 465 3817 Tu
516 3780 582 3819 ne
617 3764 868 3818 funditus
904 3766 1169 3835 ignoras?
1225 3766 1316 3818 sed
1374 3784 1442 3820 tte
1512 3769 1763 3822 oratione

179 3858 400 3926 leugius
457 3859 849 3926 procedamus,
893 3857 1006 3925 ipsa
1035 3858 1130 3910 tibi
1170 3856 1389 3910 Davidis
1423 3860 1588 3911 verba
1631 3876 1761 3926 sug-

178 3952 431 4019 gerinius
464 3968 476 4002 :
520 3950 583 4003 Si
606 3952 911 4012 ascendero.
957 3949 1159 4018 inquit,
1193 3964 1349 4016 super
1379 3951 1567 4003 lectum
1601 3954 1761 4004 strati

179 4046 271 4095 inci
330 4058 347 4094 :
405 4044 452 4095 si
503 4042 696 4095 dedero
756 4058 996 4094 somnum
1034 4044 1200 4093 oculis
1233 4043 1378 4103 meis,
1409 4052 1457 4094 et
1498 4043 1762 4110 palpebris

180 4137 303 4187 nit-is
354 4136 790 4189 dormitationem
827 4150 845 4187 :
875 4145 924 4188 et
956 4137 1181 4203 requiem
1234 4136 1552 4202 temporibus
1611 4141 1761 4200 meis,

180 4227 344 4277 donrc
393 4225 662 4276 inveniam
694 4224 868 4276 locum
909 4224 1159 4289 Domino,
1219 4226 1621 4278 tabernaculum
1659 4226 1762 4278 Deo

180 4316 345 4370 Jacob
371 4319 441 4370 ε’.
471 4317 537 4369 Et
581 4332 803 4370 rursum
838 4334 852 4370 :
888 4315 1011 4369 Non
1045 4328 1121 4369 est
1168 4332 1275 4384 pax
1303 4320 1508 4372 ossibus
1552 4320 1702 4382 meis,
1733 4335 1763 4370 a

185 4410 315 4475 fucie
346 4423 688 4478 peccatorum
720 4427 978 4473 meorum,
1010 4413 1262 4477 quoniam
1307 4412 1614 4481 iniquitates
1640 4429 1767 4465 nica!

184 4520 544 4573 supergressa:
573 4514 695 4557 sum
728 4514 885 4572 caput
922 4522 1120 4567 meum,
1163 4515 1212 4557 et
1253 4505 1390 4558 velut
1439 4522 1569 4557 onus
1611 4523 1767 4574 grarc

185 4608 422 4662 gravata:
454 4606 577 4649 sunt
614 4615 773 4664 super
808 4614 908 4649 me.
964 4597 1292 4650 Putrucrttnt
1320 4639 1333 4661 ,
1395 4607 1444 4650 et
1500 4610 1766 4665 corruptu-

185 4700 301 4739 sunt
327 4689 608 4741 cicatrices
646 4705 793 4748 more,
824 4706 855 4741 a
886 4689 1021 4755 facie
1052 4688 1368 4753 insipientia:
1398 4704 1547 4742 mea'.
1594 4686 1763 4740 Labo-

186 4782 321 4842 ruri,
369 4789 421 4832 et
467 4781 776 4832 incurvatus
832 4796 947 4831 sum
982 4797 1147 4848 usque
1192 4783 1247 4831 in
1284 4781 1439 4846 ﬁnem
1471 4797 1489 4833 :
1517 4790 1629 4832 tota
1682 4780 1765 4832 die

184 4874 534 4925 rontristatus
563 4874 921 4942 ingrediebar.
972 4873 1205 4942 Aﬁlictus
1230 4882 1278 4925 et
1305 4874 1619 4925 humiliatus
1647 4889 1764 4925 sum

186 4965 340 5017 nimis
368 4982 385 5017 :
414 4964 686 5033 rugiebam
727 4984 757 5017 a
800 4969 995 5035 gcntitu
1035 4964 1212 5017 cordis
1250 4965 1349 5017 mei
1383 4964 1447 5019 ⁸³.
1483 4964 1545 5017 Et
1592 4964 1765 5032 factus

184 5072 298 5106 rum
326 5058 466 5107 sicut
494 5072 681 5122 passer
731 5058 1010 5110 solitarius
1041 5060 1095 5110 in
1149 5067 1281 5109 tecto
1314 5072 1331 5109 :
1362 5058 1554 5109 similis
1587 5058 1765 5124 [actus

185 5164 297 5198 sum
350 5148 595 5215 pelitano
624 5151 677 5201 in
720 5149 1026 5203 solitudine.
1091 5148 1194 5213 Qui
1237 5150 1460 5202 cinerem
1514 5159 1767 5218 tanquam

186 5256 376 5305 ponent
435 5242 852 5303 manducabam,
894 5252 943 5293 ct
1002 5252 1184 5307 potum
1245 5257 1417 5293 meum
1476 5258 1593 5293 cum
1638 5244 1765 5311 ﬂetu

185 5333 474 5384 miscebant
506 5332 575 5385 “.
613 5331 879 5386 Laborari
926 5334 976 5386 in
1009 5335 1205 5403 gemitu
1237 5349 1369 5386 meo.
1421 5332 1630 5387 Larabo
1674 5350 1767 5402 per

185 5424 423 5493 singulas
457 5434 634 5478 noctes
669 5427 860 5479 lectmn
904 5442 1073 5478 meum
1107 5441 1125 5479 :
1158 5426 1413 5494 lacrgmis
1460 5428 1588 5479 meis
1620 5438 1765 5480 stra-

186 5528 293 5568 tum
348 5535 521 5571 meum
557 5520 738 5587 rigabo
764 5521 829 5573 “.
861 5518 1034 5573 Porro
1093 5527 1260 5572 etiam
1323 5528 1520 5572 auctor
1565 5518 1762 5580 Scala.

186 5624 412 5668 sanctus
449 5614 693 5671 Joannes
722 5620 799 5671 ait
838 5636 849 5670 :
880 5618 1013 5671 Sitis
1050 5626 1097 5669 et
1133 5616 1315 5686 vigilia
1353 5625 1609 5685 premunt
1642 5632 1760 5681 eor,

861 5823 904 5850 "’
935 5819 1209 5877 Maztbxtt
1244 5820 1295 5868 'i.

1250 5891 1291 5913 "'
1328 5887 1469 5939 i‘sal.
1503 5902 1576 5947 γι,
1606 5885 1655 5936 7.

266 5827 308 5853 δ’
337 5825 526 5877 \Eattti.
572 5838 641 5880 iv,
701 5823 784 5873 l‘i.

194 5913 396 5953 xxxv".
444 5897 549 5948 i—‘J.
629 5894 674 5923 “
711 5891 854 5944 l'sal.
913 5909 983 5949 (γι,
1025 5891 1166 5941 τ-Ηι.

475 5996 740 6054 l‘s'runt.
774 5990 862 6047 (in
923 5990 1023 6046 «IK
1041 5988 1105 6044 Χ.

1362 5817 1402 5843 ’θ
1439 5815 1455 5869 ί
1492 5813 1689 5867 Τειυμς.
1729 5830 1777 5865 ν.
1820 5813 1897 5865 l7.

1750 5883 1792 5912 “-
1821 5882 1955 5938 Luc.
1992 5897 2051 5945 II.
2113 5880 2190 5931 1οι

1866 3299 1975 3353 diei
2027 3299 2135 3353 vita
2175 3301 2240 3361 ⁸⁷.
2278 3310 2331 3354 et
2385 3316 2546 3355 nemo
2591 3310 2770 3371 potest
2815 3314 3029 3357 castum
3079 3304 3281 3363 habere
3321 3325 3436 3373 cnr,

1864 3394 2076 3445 clarum
2111 3401 2214 3453 est,
2243 3409 2342 3447 nrc
2374 3394 2493 3447 sine
2519 3395 2842 3462 pienitcntia
2874 3403 2926 3447 et
2951 3395 3208 3467 lacrymis
3238 3398 3441 3454 debere

1867 3484 2166 3546 hominem,
2196 3493 2459 3553 quantum
2497 3487 2550 3539 iu
2587 3502 2643 3540 se
2678 3494 2779 3552 est,
2821 3487 2903 3540 vel
2945 3504 3139 3550 unum.
3168 3497 3221 3545 et
3253 3492 3433 3546 solum

1864 3581 2006 3631 diem
2047 3578 2097 3630 in
2131 3578 2279 3632 omni
2328 3577 2433 3630 vita
2485 3593 2583 3630 sua
2634 3578 2943 3633 traducere.
2993 3578 3253 3644 Quamvis
3291 3584 3437 3637 enim

1867 3671 2126 3740 lacryniis
2161 3684 2372 3734 careat,
2422 3671 2789 3726 nihilominus
2830 3688 2893 3726 ex
2950 3682 3061 3726 tota
3111 3676 3332 3738 virtute.
3387 3690 3442 3731 et

1866 3764 2047 3817 anima
2076 3778 2170 3817 cas
2201 3764 2514 3819 desiderare
2550 3764 2711 3817 debet
2742 3781 2754 3816 :
2790 3764 3064 3834 siquidem
3116 3769 3277 3823 aliter
3309 3787 3441 3840 pec-

1865 3857 1970 3909 rati
2016 3872 2207 3925 purus,
2240 3869 2294 3911 et
2332 3855 2500 3910 corde
2528 3866 2715 3909 castus
2748 3871 2871 3911 esse
2903 3859 3117 3927 nequit.

1938 3950 2093 4015 Quod
2124 3951 2168 4002 si
2208 3950 2333 4018 quis
2367 3950 2808 4014 multitudinem,
2842 3953 3280 4023 gravitatemque
3310 3970 3443 4009 Slln-

1872 4057 1991 4095 rum
2019 4042 2344 4094 delictorum
2382 4057 2570 4095 serum
2596 4044 2914 4110 expendens
2946 4044 3097 4097 humi
3127 4046 3351 4102 cubare.
3383 4060 3440 4099 et

1869 4133 2191 4201 pervigilare
2237 4132 2499 4195 noluerit,
2537 4146 2636 4186 nec
2675 4148 2783 4201 pra:
2835 4134 3182 4203 negligentia,
3221 4146 3274 4191 et
3312 4153 3442 4193 cou-

1868 4234 2071 4292 tcntptu
2100 4233 2350 4293 patentes
2380 4240 2443 4278 ac
2475 4224 2724 4292 putridas
2757 4225 2987 4291 vibices,
3016 4228 3304 4283 aﬂ'ectibus
3329 4247 3439 4283 ma.—

1869 4320 1935 4372 lis
1978 4318 2197 4371 obnoxii
2223 4319 2516 4387 apprtitus.
2554 4328 2605 4371 et
2636 4318 3059 4387 anticipatarum
3098 4321 3440 4390 opinionum.

1870 4427 1989 4481 qum.
2013 4428 2136 4464 eum
2164 4410 2233 4463 ad
2274 4421 2557 4479 stuporem
2601 4411 2768 4464 istum
2817 4412 3211 4479 perduxerunt,
3268 4420 3444 4468 corri-

1875 4520 2002 4574 gere
2044 4502 2397 4567 sustinuerit,
2460 4518 2580 4571 quae
2642 4518 2767 4557 vera
2817 4503 3131 4573 insipientia
3186 4514 3291 4573 est,
3334 4523 3445 4576 quo

1878 4604 2036 4665 pacto
2067 4602 2317 4663 paratum
2352 4593 2742 4661 peccatoribus
2770 4593 3069 4662 judicium,
3119 4606 3176 4649 ct
3216 4597 3447 4651 damna-

1875 4689 2077 4741 tionem
2108 4685 2505 4756 apprehendet,
2538 4693 2591 4736 ct
2625 4684 2679 4736 in
2709 4684 2898 4736 dolore
2928 4684 3113 4739 cordis
3148 4687 3228 4739 sui
3259 4688 3440 4757 plora-

1876 4779 1993 4834 bit?
2029 4778 2121 4833 Sic
2150 4784 2373 4829 recusat
2425 4773 2680 4827 tribulari
2738 4774 3022 4829 laboribus
3085 4785 3139 4831 et
3180 4783 3446 4834 azrnninis

1874 4868 2240 4941 perferendis,
2289 4867 2423 4922 dum
2474 4867 2799 4921 incurvatur
2832 4882 3008 4937 usque
3055 4868 3111 4923 in
3166 4870 3349 4935 tidem,
3394 4886 3447 4925 et.

1876 4970 1989 5015 tota
2030 4960 2117 5013 die
2154 4958 2541 5011 constristatus
2565 4956 2895 5025 ingreditur,
2933 4958 3060 5011 dun:
3092 4957 3368 5030 aﬂligitur,
3394 4976 3448 5015 (ιι

1873 5054 2199 5109 humiliatur
2225 5050 2411 5111 nimis,
2450 5049 2599 5117 rugit
2632 5063 2659 5100 a
2692 5049 2904 5115 gemitu
2943 5050 3131 5106 cordis
3162 5054 3271 5115 sui,
3300 5066 3354 5108 et
3389 5061 3443 5107 tu

1872 5159 2132 5216 tanquam
2170 5158 2359 5212 passer
2401 5141 2683 5195 solitarius
2726 5140 2777 5193 in
2817 5149 2983 5202 tecto.
3022 5151 3077 5197 et
3103 5144 3444 5200 assiuiilatur

1871 5243 2122 5310 pelicano
2153 5238 2207 5291 iu
2250 5233 2550 5291 solitudine
2578 5273 2591 5296 ,
2634 5233 2763 5286 dum
2795 5231 3086 5290 all‘ecti'one
3136 5238 3302 5290 animi
3348 5238 3438 5292 lto-

1870 5347 1997 5405 spes
2023 5343 2077 5386 et
2100 5329 2419 5401 peregrinus
2442 5327 2500 5379 lit
2530 5326 2597 5380 ad
2622 5326 2833 5391 omnia.
2851 5341 2973 5395 quae
3005 5326 3057 5380 in
3085 5330 3441 5388 monasterio.

1868 5435 1923 5480 ct
1952 5426 2006 5478 in
2046 5421 2250 5476 mundo
2290 5427 2441 5480 sunt,
2470 5426 2524 5472 et
2563 5417 2614 5470 in
2649 5418 2833 5487 parvis
2865 5432 3019 5487 teque
3050 5426 3111 5473 ut
3142 5419 3196 5472 in
3231 5423 3443 5489 magnis

1872 5517 2009 5573 nihil
2052 5516 2098 5569 ei
2145 5513 2292 5576 licet,
2335 5511 2465 5564 dum
2510 5510 2724 5563 laborat
2757 5510 2809 5563 in
2841 5510 3071 5580 gemitu,
3112 5517 3166 5564 et
3198 5510 3439 5565 cinerem

1874 5620 2134 5678 tauquam
2166 5619 2362 5675 panem
2394 5604 2717 5664 manducat,
2759 5608 2815 5654 et
2866 5610 3055 5671 polum
3109 5615 3273 5656 suum
3314 5615 3439 5656 cum

1983 5812 2019 5839 “
2067 5810 2222 5861 l‘inm.
2270 5823 2326 5861 ιι.
2376 5806 2460 5858 15.
2540 5802 2756 5854 "Ps-al.
2795 5816 2979 5853 cvm.
3022 5800 3137 5853 5-35.
3219 5800 3263 5831 "
3295 5799 3441 5855 Psal.

2273 5879 2312 5906 ⁸⁷
2356 5876 2456 5930 Job
2494 5889 2599 5937 MV,
2642 5872 2671 5925 i
2710 5887 2820 5925 sec.
2858 5868 3020 5922 LXX.

3068 5965 3133 6023 16
