4170 6452
743 411 851 471 495

1960 411 2345 473 SYMEONIS
2380 411 2745 473 JUNIORlS

3910 416 4021 477 596

746 535 815 580 ab
849 523 1123 580 effrenatis
1156 523 1532 579 aﬂ‘ectionihus
1567 539 1793 595 regnum
1820 524 2097 594 quoddam
2129 534 2320 595 tyran-
2351 528 2397 585 Α
2427 534 2656 577 sanctus
2689 535 2786 592 per
2833 521 3158 589 prophetam
3221 519 3389 575 David
3430 522 3609 592 inquit
3643 539 3655 574 :
3692 524 3811 576 Non
3874 529 4018 579 acri-

748 618 1041 687 nidemqne
1094 618 1409 685 patiamur?
1468 619 1601 671 Cum
1670 618 2027 673 facultatibus
2090 617 2321 681 nostris,

745 713 907 764 etiam
950 725 1069 780 quae
1118 708 1361 764 diximus
1400 710 1668 764 malorum
1702 722 2030 767 consuetam
2084 712 2324 766 servitu-

746 814 875 865 tem,
926 819 1138 873 quaso,
1174 803 1552 873 projician:us,
1590 819 1729 858 neve
1780 806 1869 858 hic
1925 804 2319 868 consistamus,

744 912 931 949 verum
970 897 1313 965 pmtiitcntite
1359 897 1613 967 laerymis
1650 913 1869 967 quoque
1902 913 2093 951 eorum
2126 897 2321 953 sordes

744 989 995 1042 studiose
1025 990 1338 1044 abluamus.
1370 990 1841 1054 Quemadmodum
1873 991 2020 1043 enim
2068 992 2186 1060 ipse
2215 992 2319 1043 im-

743 1093 985 1149 perator,
1023 1080 1114 1149 qui
1156 1080 1410 1134 diadema
1457 1089 1511 1135 et
1566 1097 1868 1152 purpuram
1919 1082 2132 1151 imperii
2169 1098 2319 1152 sym-

742 1175 864 1229 bola
905 1181 1098 1238 gestat,
1134 1174 1227 1243 qui
1260 1175 1562 1228 immensos
1584 1176 1703 1227 auri
1732 1176 2058 1244 argentique
2090 1176 2317 1227 thesau-

738 1282 829 1321 ros
897 1266 1179 1336 possidet,
1237 1276 1290 1321 et
1350 1268 1405 1320 in
1472 1269 1672 1320 throno
1735 1268 1952 1321 excelso
2000 1275 2054 1320 et
2108 1269 2319 1322 elevato

738 1360 1014 1420 considet,
1060 1359 1104 1412 si
1159 1373 1375 1411 cretntm
1416 1371 1480 1409 ac
1508 1356 1790 1426 fuliginem
1840 1356 2093 1409 alicunde
2130 1357 2319 1411 volens

737 1454 1046 1516 sustulerit,
1095 1453 1339 1521 ipsisque
1397 1452 1652 1506 manibus
1704 1460 1869 1504 totam
1904 1451 2101 1505 faciem
2158 1468 2315 1505 suam

736 1545 1025 1605 oblevet'it,
1053 1555 1217 1614 atque
1261 1560 1456 1598 omnes
1488 1560 1686 1599 sensus
1727 1546 2095 1606 ohstruxerit,
2131 1559 2189 1598 ut
2213 1561 2316 1600 ne-

735 1652 843 1707 que
896 1637 1125 1700 audire,
1169 1651 1349 1705 neque
1389 1636 1606 1690 odorari
1650 1639 1824 1705 possit
1878 1638 2128 1693 :deinde
2186 1638 2313 1691 facti

737 1731 1029 1799 paenitens,
1072 1738 1124 1784 et
1159 1745 1219 1783 se
1266 1730 1407 1782 malo
1445 1731 1548 1784 hoc
1604 1730 1841 1783 liberare
1894 1746 2172 1800 qumrens,
2205 1748 2313 1786 non

734 1826 992 1881 celeriter
1043 1822 1359 1877 cubiculum
1397 1838 1557 1876 suum
1612 1824 1976 1892 ingrediatur,
2031 1824 2316 1894 multaque

735 1934 878 1989 aqua
936 1919 1109 1972 lutum
1163 1916 1296 1969 illud
1349 1930 1412 1968 ac
1459 1914 1743 1984 fuliginem
1796 1916 2006 1979 abluat,
2035 1924 2201 1984 atque
2235 1917 2312 1969 ita

734 2011 919 2064 denuo
960 2011 1011 2062 in
1048 2010 1208 2071 solio,
1244 2017 1301 2061 ιιι
1334 2018 1495 2061 antea
1518 2048 1532 2072 ,
1584 2009 1905 2070 mundatus,
1945 2011 1999 2062 in
2030 2009 2191 2073 solio,
2225 2012 2314 2061 in-

734 2119 932 2173 quam,
972 2102 1125 2171 regni
1165 2102 1248 2156 sui
1291 2103 1553 2164 resideat,
1588 2103 1683 2157 sed
1716 2102 1881 2173 hujus
1916 2104 2037 2157 leco
2062 2112 2313 2157 tantum-

734 2197 902 2249 modo
940 2211 1134 2249 omnes
1189 2195 1481 2249 thesauros
1510 2210 1641 2247 suos
1668 2196 1963 2263 egentibus
1998 2195 2314 2264 dispertiat,

731 2289 1031 2356 muniaque
1095 2287 1237 2341 bona
1292 2300 1389 2338 sua
1447 2286 1673 2339 mobilia
1736 2294 1791 2340 et
1861 2288 2165 2341 immobilia
2206 2288 2315 2342 illis

730 2380 1079 2446 dilargiatur,
1150 2376 1286 2431 nihil
1320 2375 1451 2429 hinc
1516 2375 1622 2429 sibi
1678 2376 1943 2445 proderit,
1994 2376 2098 2431 nisi
2171 2390 2313 2444 aqua

731 2474 906 2527 lutum
958 2486 1021 2526 ac
1072 2470 1356 2539 fuliginem
1412 2468 1690 2524 abluerit:
1751 2469 1883 2537 quin
1934 2470 2105 2525 etiam
2159 2470 2312 2539 aspi-

729 2564 1009 2618 cientibus
1039 2563 1209 2616 risum
1239 2562 1503 2624 movebit,
1561 2562 1615 2615 in
1665 2562 1846 2616 medio
1882 2563 2221 2617 asseclarum
2249 2576 2315 2617 ac.

729 2671 1025 2726 procerum
1082 2669 1306 2707 suorum
1377 2654 1554 2707 instar
1623 2653 1862 2723 potatenti
1934 2668 2030 2706 seu
2102 2654 2312 2721 spectri

727 2751 1035 2804 obversans
1079 2766 1092 2804 :
1131 2748 1213 2799 sic
1249 2762 1346 2799 nec
1400 2747 1542 2801 alius
1568 2746 1844 2816 quispiam
1894 2747 1999 2801 sibi
2030 2759 2308 2816 questum

729 2844 969 2911 colliget,
1000 2842 1044 2895 si
1090 2840 1347 2893 erunibus
1373 2841 1572 2909 Opibus
1613 2843 1731 2893 suis
1772 2841 1824 2893 in
1855 2856 2129 2909 pauperes
2168 2840 2311 2894 ellu-

728 2939 828 2999 sis,
853 2937 1106 3005 quamvis
1136 2932 1377 2999 inopiam
1417 2933 1947 3002 mendicitatemque
1975 2938 2309 3003 susceperit,

728 3038 959 3094 pt’CC:tt'::
1003 3035 1183 3077 tamen
1228 3038 1336 3077 non
1372 3023 1618 3081 desierit,
1656 3038 1755 3075 nec
1794 3039 1887 3092 per
1923 3024 2307 3093 paenitentiam

725 3124 781 3170 et
841 3117 1115 3186 laerymas
1175 3117 1415 3169 animam
1481 3131 1638 3168 suam
1698 3116 1916 3169 eluerit.
1979 3116 2307 3186 Quicunque

2425 617 2570 686 piant
2605 614 2670 669 de
2703 623 2860 668 domo
2892 624 2982 667 tua
3009 616 3221 677 ritulos,
3245 626 3294 668 et
3318 616 3383 668 de
3407 618 3648 686 gregibus
3678 621 3779 670 tuis
3807 620 4015 678 hircus.

2424 711 2676 776 quoniam
2712 726 2827 762 mea
2858 721 2979 763 sunt
3030 710 3212 763 omnia
3228 710 3296 771 ⁸⁸,
3333 717 3387 764 et
3412 726 3533 780 qur
3569 725 3895 780 Sequuntur.
3947 714 4016 765 Et

2425 814 2645 853 rursum
2690 818 2704 854 :
2743 800 2803 854 Si
2834 802 3108 867 voluisses,
3140 802 3472 871 sacriﬁcium
3512 804 3768 855 det/issem
3797 806 4010 870 υιὶιμ-ε,

2423 893 2751 946 Italucuustis
2784 912 2886 947 non
2922 895 3293 950 delcctaberis.
3344 897 3687 961 Sacrificium
3745 897 3850 949 Deo
3891 901 4011 964 spi-

2426 989 2559 1038 ritus
2598 988 2986 1040 coutribulatus
3022 1004 3039 1041 :
3069 1005 3161 1041 cor
3212 992 3498 1042 confritum
3554 1002 3601 1042 et
3631 992 4007 1052 humiliantur,

2422 1078 2587 1145 Deus,
2620 1097 2725 1133 non
2756 1081 3013 1148 despicies
3032 1081 3099 1133 ⁸⁸.
3140 1082 3263 1135 llwc
3307 1084 3473 1136 etiam
3519 1098 3643 1136 cum
3690 1087 3860 1137 sciret
3894 1082 4006 1133 lto-

2424 1171 2628 1234 mintts,
2660 1174 2920 1226 diccbat:
2962 1171 3146 1226 Nolite
3205 1185 3415 1241 putare,
3457 1177 3704 1243 quoniam
3736 1177 3849 1227 ’ἐπὶ
3893 1177 4011 1227 solo

2421 1280 2535 1317 rere
2581 1264 2746 1333 legem
2829 1277 2923 1317 aut
2974 1266 3277 1333 prop/tetas.
3323 1265 3447 1319 Non
3495 1268 3607 1320 rcui
3653 1268 3870 1327 solt-ere,
3906 1268 4003 1317 sed

2420 1358 2796 1425 adimplere”.
2833 1356 2952 1410 Non
2993 1361 3139 1411 enim
3194 1375 3289 1428 per
3321 1370 3539 1413 terrena
3574 1360 4003 1417 medicamenta.

2422 1454 2524 1504 hoc
2555 1461 2664 1514 est,
2710 1468 2805 1520 per
2865 1454 3185 1521 corporales
3212 1454 3462 1523 justittas
3498 1454 3793 1517 donorum,
3825 1457 4002 1507 sacri-

2422 1546 2690 1609 ﬁciorum,
2745 1547 3219 1614 holocaustorttm,
3255 1556 3308 1602 et
3348 1549 3683 1617 reliquorum
3720 1548 3787 1601 ab
3815 1548 3999 1600 anima

2422 1635 2673 1689 niorbum
2755 1635 3208 1704 inaspectahih-m
3310 1637 3660 1691 tnrbidorum
3753 1647 4000 1690 motuum

2418 1728 2693 1795 depellere
2747 1736 2987 1796 poterat.
3024 1727 3160 1781 Hine
3210 1736 3264 1782 ct
3310 1726 3601 1783 Joannes:
3640 1728 3773 1781 Ecce
3823 1732 4001 1797 Agnus

2424 1820 2539 1882 Dei,
2580 1822 2671 1887 qui
2702 1821 2843 1874 tollit
2875 1833 3095 1888 peccata
3125 1823 3309 1875 mundi
3331 1823 3401 1875 ⁸⁸.
3436 1821 3498 1875 Ει
3521 1822 3717 1876 iterum
3748 1821 3952 1875 Paulus
3983 1837 4001 1872 τ

2346 1878 2528 1967 BLcJ:
2586 1915 2729 1967 enim
2792 1915 3013 1981 spiritus
3074 1916 3198 1968 vita:
3247 1915 3415 1985 (quod
3487 1924 3571 1968 cst
3619 1914 3998 1984 Evangeliith

2420 2004 2658 2059 liberavit
2711 2021 2807 2058 nos
2861 2022 2892 2058 α
2940 2005 3049 2075 lege
3109 2007 3311 2074 peccati
3386 2015 3434 2058 et
3481 2006 3750 2058 mortis".
3810 2004 3998 2057 PlaCet

2420 2106 2603 2151 autem
2634 2097 2877 2160 discere,
2928 2098 3205 2166 quomodo
3245 2097 3504 2152 Christus
3538 2098 3711 2167 legem
3770 2104 3823 2148 et
3869 2110 3997 2160 pro~

2418 2188 2616 2255 phetas
2657 2188 2920 2254 impleat?
2951 2188 3061 2241 Lex
3108 2192 3184 2241 ait
3219 2206 3232 2241 :
3266 2186 3390 2242 Non
3422 2190 3676 2252 occidas;
3715 2187 3996 2246 Christus,

2415 2280 2496 2333 Ne
2521 2281 2797 2333 irascaris.
2827 2279 2961 2341 Lex,
2995 2279 3118 2333 Non
3154 2281 3539 2347 ma'cltaberis;
3566 2280 3842 2345 Christus,
3874 2278 3995 2333 Non

2414 2377 2775 2443 concupisces.
2832 2371 2967 2436 Lex,
3006 2373 3128 2427 Non
3192 2375 3490 2444 pejerabis;
3543 2374 3815 2439 Christus,
3870 2374 3995 2427 Non

2411 2470 2619 2536 iurabis
2658 2468 2957 2522 cumino".
2993 2468 3099 2534 Qui
3132 2484 3265 2538 ergo
3289 2485 3395 2523 non
3439 2470 3717 2529 irascitur,
3750 2470 3844 2538 qui
3872 2478 3997 2521 tan.

2413 2565 2536 2619 dem
2581 2563 2839 2618 occidet?
2868 2564 2962 2633 qui
3002 2579 3108 2617 non
3141 2563 3511 2631 concupiscit.
3554 2562 3830 2633 quomodo
3856 2554 3992 2615 nire-

2410 2652 2712 2709 chabitur?
2742 2655 2835 2722 qui
2872 2654 3092 2722 penitus
3146 2669 3254 2707 non
3309 2653 3485 2721 jurat,
3529 2653 3809 2722 quomodo
3842 2654 3990 2720 peie-

2414 2745 2593 2799 rabit?
2646 2744 2865 2800 radices
2897 2747 3047 2799 enim
3082 2753 3440 2815 peccatorum
3494 2744 3745 2799 Salvator
3780 2762 3873 2812 per
3911 2748 3991 2797 le-

2409 2854 2531 2908 gem
2581 2837 2825 2907 Spiritus
2858 2840 2944 2893 sui
2994 2838 3063 2892 ab
3122 2839 3225 2891 ista
3282 2840 3466 2891 anima
3524 2840 3727 2891 evellit.
3780 2838 3842 2890 bit
3877 2840 3989 2892 hnc

2412 2933 2697 3003 plenitudo
2733 2934 2889 3002 legis,
2920 2942 2979 2985 ut
3014 2934 3176 2985 homo
3201 2934 3293 2995 sit,
3320 2943 3374 2987 et
3408 2935 3550 2986 vivat
3582 2935 3633 2985 in
3670 2934 3806 2986 solis
3832 2950 3987 2985 nian-

2408 3026 2553 3080 datis
2581 3025 2723 3095 ejus,
2760 3036 2819 3080 ut
2853 3028 2969 3080 sola
3006 3026 3157 3079 illius
3192 3026 3345 3093 jussa
3380 3034 3563 3079 servet
3618 3034 3666 3078 et
3706 3038 3985 3093 operetur.

2408 3116 2616 3172 Contra
2703 3119 2888 3171 omnia
2951 3119 3100 3171 enim
3173 3130 3398 3186 peccata
3472 3120 3652 3171 omnia
3733 3121 3985 3171 mandata

726 3207 875 3259 cnim
942 3206 1126 3267 homo,
1180 3206 1412 3275 perinde
1446 3216 1504 3257 ut
1538 3220 1640 3273 ego
1674 3207 1992 3269 damnatus,
2040 3211 2302 3276 peccavit.
2335 3224 2379 3285 ς
2410 3208 2616 3263 Christi
2655 3210 2817 3263 nobis
2865 3211 2994 3262 data
3023 3221 3177 3267 sunt.
3207 3221 3257 3262 et
3292 3209 3345 3261 in
3396 3208 3480 3263 his
3530 3209 3663 3263 solis
3696 3210 3984 3261 vivendum

726 3309 782 3354 et
822 3314 982 3353 ('(Bno
1014 3306 1358 3367 voluptatum
1408 3315 1603 3352 sensus
1632 3299 1827 3352 aninue
1855 3315 1968 3354 sua:
1999 3300 2304 3366 obtttravit,

726 3394 983 3463 quamvis
1022 3407 1133 3446 rem
1173 3406 1330 3445 suam
1370 3405 1588 3444 omnem
1629 3392 1963 3460 pauperibus
1995 3392 2304 3457 donaverit,

726 3499 1061 3553 omnemque
1114 3483 1341 3551 gloriam
1394 3484 1745 3553 dignitatum,
1780 3476 2150 3552 pulcherrime
2182 3485 2310 3539 tedi-

729 3578 920 3629 ficatas
971 3575 1138 3638 :cdcs,
1193 3576 1404 3629 nobiles
1489 3591 1685 3644 equos,
1757 3592 1989 3647 greges,
2035 3589 2307 3643 armenta,

726 3682 940 3730 servos,
972 3682 1189 3719 onmem
1224 3682 1379 3720 suam
1431 3666 1715 3730 latniliam,
1745 3679 1800 3721 et
1847 3678 2114 3737 cognatos
2176 3674 2308 3725 reli-

727 3760 954 3829 querit,
1012 3774 1284 3828 egensque
1320 3799 1332 3820 ,
1390 3768 1443 3812 et
1502 3760 1659 3827 inops
1728 3761 1983 3815 monachi
2058 3764 2306 3818 habitum

730 3854 993 3914 induerit,
1046 3860 1312 3915 attamen,
1351 3861 1406 3903 ut
1449 3867 1505 3905 re
1539 3853 1776 3921 quadam
1822 3854 1944 3907 vita:
1972 3869 2086 3907 sua:
2113 3870 2308 3911 neces-

730 3944 876 3997 saria
926 3954 1047 4009 eget
1101 3944 1441 4010 pmtiitetttire
1492 3944 1772 4012 lacrytnis,
1828 3945 2031 4012 quibus
2089 3960 2307 3999 crnnum

731 4044 1087 4105 peccatorum
1148 4050 1374 4086 suorum
1452 4034 1695 4099 abluat,
1764 4051 1941 4104 eoque
1992 4038 2208 4106 magis,
2259 4041 2306 4093 si

729 4131 929 4191 adhuc,
983 4128 1451 4197 quemadmodum
1485 4143 1607 4195 ego,
1661 4126 1943 4197 fuliginem
1976 4139 2032 4182 et
2084 4145 2305 4185 caenum

729 4221 1090 4289 plurimorum
1123 4218 1453 4272 delictorum
1484 4234 1709 4271 suorttm
1738 4234 1848 4273 non
1880 4223 1933 4273 in
1960 4222 2102 4276 facie
2127 4226 2306 4277 solum

728 4323 783 4368 et
814 4313 1093 4375 manibus,
1127 4310 1222 4365 sed
1266 4315 1493 4365 omnino
1527 4312 1578 4365 in
1624 4322 1737 4366 toto
1788 4328 2022 4383 corpore
2072 4317 2310 4371 circurn-

733 4404 895 4458 ierat.
933 4404 1087 4457 llaud
1124 4404 1268 4457 enim
1300 4405 1461 4457 unica
1496 4403 1817 4459 facultatum
1850 4406 2070 4478 largitio
2114 4410 2181 4462 ad
2209 4428 2307 4479 pu-

732 4512 852 4549 rum
891 4495 1060 4548 anin.i
1092 4503 1290 4548 statqu
1320 4495 1478 4547 nobis
1504 4502 1588 4548 sat
1614 4502 1719 4559 est,
1755 4494 1974 4561 fratres,
2003 4498 2113 4551 nisi
2135 4500 2305 4553 etiam

731 4586 1097 4639 lamentemur
1125 4594 1176 4638 et
1207 4585 1480 4654 ploremus
1514 4600 1578 4638 ex
1617 4588 1823 4641 animo.

801 4675 941 4730 Puto
968 4676 1247 4745 equidem,
1283 4675 1384 4729 nisi
1411 4690 1511 4745 ego
1542 4678 1925 4747 memetipsum
1958 4680 2107 4733 omni
2141 4680 2309 4735 sedu-

732 4770 886 4822 litate
918 4782 944 4819 a
972 4767 1201 4820 maculis
1227 4778 1575 4834 peccatorum
1602 4784 1850 4823 meorum
1884 4770 2023 4825 fusis
2049 4772 2309 4844 lacrymis

731 4874 1054 4929 expurgem,
1093 4860 1188 4912 sed
1225 4858 1297 4910 ita
1337 4868 1588 4927 turpatus
1620 4862 1785 4914 vitam
1837 4865 2311 4937 compleam,jure

731 4952 941 5021 optimo
974 4966 1058 5004 me
1104 4967 1132 5001 a
1171 4948 1282 5002 Deo
1334 4959 1389 5003 et
1414 4952 1625 5021 angelis
1670 4953 1790 5022 ejus
1822 4955 2068 5023 irrisum,
2100 4969 2155 5013 et
2182 4977 2307 5016 cum

731 5041 1074 5097 diemouibus
1127 5041 1180 5094 in
1218 5041 1393 5112 ignem
1428 5054 1694 5098 aeternum
1727 5045 2082 5103 deturbatum
2116 5050 2207 5105 iri.
2244 5052 2312 5108 Et

734 5148 923 5188 revera
986 5132 1067 5185 sic
1111 5140 1221 5196 est,
1274 5132 1515 5197 fratres;
1546 5129 1704 5187 Nihil
1746 5138 1887 5189 enim
1936 5139 2216 5195 intulimus
2256 5145 2311 5198 iu

731 5229 869 5279 [tunc
911 5224 1259 5288 mundum”,
1303 5235 1361 5278 ut
1389 5242 1515 5279 cum
1556 5232 1999 5296 peceaverimus,
2042 5235 2093 5288 id
2130 5238 2309 5304 ipsum

734 5324 847 5376 Deo
877 5322 945 5375 ad
987 5334 1212 5390 peccata
1249 5332 1435 5375 nostra
1487 5324 1805 5378 redimenda
1834 5329 1999 5393 pretii
2031 5329 2155 5382 loco
2180 5347 2309 5400 per-

734 5417 1015 5471 solvamus
1055 5434 1067 5468 :
1100 5415 1243 5480 Quid
1278 5417 1415 5468 enim
1445 5416 1594 5469 dabit
1618 5419 1777 5472 homo
1810 5420 1939 5485 Deo,
1972 5423 2049 5475 ait
2070 5424 2309 5493 Aposto-

739 5508 849 5570 lus,
887 5517 934 5561 et
990 5511 1309 5561 retribuetur
1332 5509 1491 5571 ei“_?
1529 5509 1639 5565 lloe
1670 5522 1755 5567 est
1796 5529 1986 5567 verum
2019 5517 2311 5584 judicium,

740 5602 854 5653 haec
902 5600 1050 5671 jnsta
1115 5610 1169 5653 et
1223 5616 1349 5654 vera
1414 5601 1733 5671 humilitas;
1795 5608 2024 5660 sicutet
2069 5606 2313 5677 Spiritus

806 5739 1176 5815 '°I‘Ti_llt.\'l,
1214 5743 1265 5795 'i.
1340 5748 1381 5780 "
1436 5743 1597 5800 Rern.
1656 5765 1731 5815 χι,
1793 5750 1884 5803 '55.

733 5812 824 5863 99.
902 5811 948 5841 “
983 5812 1141 5863 ltom.
1199 5829 1317 5877 viti,
1352 5814 1405 5868 ἓ.

736 5882 780 5915 ⁸³
805 5880 964 5936 Joan.
1004 5896 1133 5943 xvti,
1166 5880 1255 5935 ‘ll.

1996 5748 2043 5783 ⁸³
2067 5750 2215 5805 Psal.
2252 5766 2399 5814 uix,
2430 5751 2481 5805 9.

1486 5818 1528 5847 ³⁷
1565 5817 1736 5875 lima,
1775 5836 1863 5886 ιι,
1896 5821 1962 5877 13
2005 5837 2158 5892 seqq.
2188 5838 2214 5889 ς
2255 5823 2444 5876 Matth.
2476 5839 2528 5884 ν,
2578 5824 2640 5875 2|
2705 5838 2861 5892 seqq-

2414 3310 2581 3369 atque
2620 3302 2963 3368 operantium
2990 3300 3040 3353 ei
3083 3301 3175 3369 qui
3222 3301 3385 3351 vitam
3422 3306 3683 3351 aeternam
3708 3299 3986 3351 desiderat

2413 3394 2647 3459 adipisci
2684 3412 2697 3448 :
2727 3394 2781 3446 in
2807 3392 3027 3446 caeteris
3064 3392 3323 3444 omnibus
3356 3407 3478 3444 esse
3506 3391 3654 3443 velut
3682 3400 3984 3445 mortuum,

2412 3487 2557 3540 Omni
2600 3487 2884 3541 iunctione
2934 3499 3214 3540 carentem
3249 3504 3261 3539 :
3300 3486 3357 3538 Si
3392 3486 3548 3537 verba
3581 3502 3694 3536 mea
3744 3486 3798 3535 iu
3849 3485 3985 3535 vobis

2412 3582 2728 3641 manserint,
2783 3581 2858 3632 ait
2916 3580 3213 3643 Dominus,
3262 3580 3605 3645 quodcunque
3672 3578 3987 3638 rultte’t‘ilta‘,

2410 3672 2619 3737 patetis,
2678 3683 2725 3723 ct
2772 3673 2861 3739 lict
2905 3676 3043 3723 vobis
3068 3673 3134 3725 “‘.
3174 3673 3483 3739 Sequuntur
3556 3687 3688 3739 t‘t‘go
3757 3668 3987 3720 Verbum

2411 3765 2625 3827 sedulo,
2663 3766 2838 3818 donec
2873 3769 2938 3817 ad
2974 3768 3148 3817 locum
3186 3767 3574 3835 perveniamus
3607 3765 3697 3815 ubi
3726 3765 3985 3815 Christus

2414 3856 2533 3924 ipse
2596 3866 2680 3910 est
2716 3875 2729 3910 :
2765 3860 2892 3909 illuc
2930 3859 3075 3911 enim
3135 3873 3193 3911 se
3242 3869 3534 3926 sequentes
3608 3858 3795 3914 trahit,
3836 3865 3890 3906 ct
3936 3872 3987 3905 in

2414 3950 2615 4005 Sancta
2667 3963 2986 4005 sanctorqu
3030 3950 3351 4015 introducit,
3387 3962 3444 4003 ut
3510 3964 3740 4019 magnus
3803 3952 3988 4016 ponti-

2412 4043 2497 4098 fex
2527 4062 2635 4111 quo
2660 4083 2673 4106 ,
2704 4044 2883 4112 quoad
2943 4061 3043 4096 nos
3084 4045 3298 4106 attinet,
3335 4045 3449 4111 ipse
3483 4058 3582 4110 pro
3650 4044 3811 4095 nobis
3845 4040 3989 4094 Pra‘-

2410 4153 2609 4192 cursor
2642 4136 2913 4198 introivit,
2953 4140 3095 4188 sicut
3128 4138 3359 4202 ipsemet
3390 4135 3565 4201 inquit
3596 4152 3609 4187 z
3648 4131 3818 4184 Nemo
3850 4141 3989 4184 venit

2412 4231 2482 4282 ad
2515 4228 2752 4289 Patrem,
2792 4229 2897 4280 nisi
2927 4244 3019 4296 per
3048 4243 3151 4279 me.
3183 4226 3289 4294 ligo
3325 4228 3458 4277 enim
3486 4241 3601 4276 sum
3640 4224 3744 4279 ria,
3775 4222 3991 4283 raritas,

2411 4331 2459 4374 et
2493 4320 2683 4373 rita".
2722 4318 2785 4371 Et
2826 4322 2933 4372 alio
2960 4322 3079 4371 loco
3113 4336 3125 4371 :
3178 4317 3325 4379 γυιο,
3357 4316 3539 4377 l’ater,
3568 4325 3619 4365 ut
3645 4331 3775 4381 quos
3802 4314 3994 4363 dedisti

2414 4413 2565 4472 mihi,
2604 4411 2693 4463 ubi
2726 4427 2818 4479 ego
2860 4428 2997 4472 sum,
3030 4422 3075 4462 et
3118 4410 3200 4462 illi
3274 4411 3380 4460 sint
3442 4423 3663 4466 mecum,
3699 4416 3753 4457 ut
3786 4406 3991 4457 rideant

2413 4506 2716 4557 claritatem
2773 4520 2943 4557 meum
3013 4520 3171 4570 quam
3220 4502 3416 4554 dedisti
3446 4500 3652 4551 mihi".
3692 4498 3828 4550 Cum
3874 4498 3993 4563 ipm

2340 4573 2385 4628 Β
2419 4601 2605 4667 itaque
2641 4598 2792 4652 cruci
2822 4597 3182 4665 conligantur,
3219 4610 3315 4663 per
3340 4594 3587 4646 omnium
3624 4600 3990 4644 tentattonuri

2420 4707 2522 4745 nos
2576 4690 2951 4745 inuidentium
2996 4690 3373 4749 tolerantiam,
3424 4697 3478 4741 ct
3528 4702 3626 4755 per
3686 4684 3993 4751 voluptates

2420 4780 2585 4847 hujus
2648 4782 2773 4833 vitae
2819 4778 3250 4832 commoriamur
3307 4776 3380 4837 ei,
3415 4786 3473 4827 ut
3527 4777 3687 4833 etiam
3748 4772 3997 4824 vivamus

2419 4888 2543 4927 cum
2570 4886 2659 4926 eo.
2702 4871 2837 4926 Cum
2888 4872 3010 4939 ipso
3042 4871 3197 4939 puris
3221 4870 3498 4921 mentibus
3530 4868 3672 4920 viam
3701 4866 3765 4917 ad
3793 4864 3991 4917 cazlnm

2420 4967 2715 5018 ducentem
2760 4962 3130 5016 ambulemus.
3161 4960 3552 5014 Gradientibus
3596 4957 3801 5010 etenim
3835 4956 3996 5007 nobis

2423 5073 2523 5127 per
2558 5060 2700 5111 viam
2736 5056 3123 5109 mandatorum
3157 5052 3370 5106 Domini
3402 5066 3465 5105 ac
3493 5051 3583 5103 Dei
3615 5048 3811 5111 nostri,
3840 5062 3998 5100 eum-

2422 5168 2531 5220 que
2565 5149 2951 5217 sequentibus,
3006 5161 3106 5200 nec
3160 5156 3308 5199 retro
3354 5144 3541 5214 pedem
3604 5142 3993 5202 referentibus,

2424 5241 2559 5294 nihil
2613 5241 2874 5293 inimicus
2909 5253 3110 5291 nocere
3146 5238 3369 5305 poterit,
3426 5234 3663 5287 Inarime
3689 5233 3736 5284 si
3767 5247 3892 5284 cum
3929 5234 3998 5283 ti-

2422 5334 2530 5387 deii
2566 5335 2731 5395 duce,
2772 5333 3049 5399 bonisque
3093 5331 3395 5383 comitibus
3434 5330 3846 5381 incesserimus.
3889 5324 4001 5377 Me-

2424 5435 2645 5479 tuamus
2674 5425 2985 5490 exemplum
3017 5422 3089 5475 ob
3139 5422 3483 5475 sterilitatem
3511 5420 3813 5472 maledicta:
3838 5418 3996 5480 ficus,

2422 5527 2476 5572 et
2511 5518 2736 5571 Christo
2765 5520 2962 5585 dignos
3010 5515 3349 5585 pmriitentie
3391 5514 3605 5567 fructus
3646 5512 3943 5565 oﬂeramus
3980 5530 3993 5564 :

2423 5626 2491 5665 ne
2546 5624 2641 5680 per
2693 5611 2963 5679 ignaviam
3033 5608 3231 5661 animae
3282 5606 3667 5667 dormitantes,
3725 5606 3998 5672 lampade,

2558 5752 2605 5783 ³³
2630 5750 2775 5807 ΙδδειΙ.
2804 5750 2962 5812 1.,18.
2987 5749 3073 5803 19.
3150 5748 3196 5778 ⁸³
3222 5747 3414 5800 Matth.
3441 5747 3607 5804 v.17.
3688 5744 3733 5776 ³³
3767 5742 3924 5800 Joan.
3960 5759 4001 5806 I,

2937 5818 2983 5851 "
3020 5820 3179 5874 Joaa.
3237 5835 3322 5882 sv,
3356 5818 3409 5870 7.
3489 5817 3535 5847 "
3565 5817 3725 5869 Junii.
3770 5834 3877 5876 sn,
3944 5826 3998 5867 ti.
