4170 6452
193 415 299 477 497

1520 437 1806 500 ORATIO
1860 440 2143 501 XXXIII.

3347 441 3445 512 498

198 546 322 597 qua:
354 547 419 583 ex
466 531 573 584 illis
625 533 811 599 ardet,
835 550 1145 604 careamus,
1175 548 1229 595 et
1270 558 1359 605 nc,
1391 542 1521 596 dum
1555 553 1776 615 tempus
1804 552 1854 610 Α
1883 549 2081 603 merito
2116 547 2404 619 expulsus,
2432 557 2485 603 ct
2516 547 2714 604 exsilio
2740 551 3004 607 multatus
3038 554 3193 618 vixit,
3221 571 3281 608 ac
3305 572 3452 608 mor-

201 628 289 673 est
327 622 620 688 operandi,
655 638 751 692 per
784 624 1033 683 fallacias
1068 631 1195 683 vita:
1223 642 1506 701 vagantes,
1542 635 1776 703 virgini-

202 712 308 765 bus
365 712 530 767 fatuis
573 716 785 770 similes
815 717 1161 778 efﬁciamur:
1200 725 1296 778 sed
1351 740 1453 794 pro
1507 726 1775 781 bonorqu

196 818 430 872 operum
452 810 823 875 proportione,
839 809 1102 866 talentum
1120 815 1310 882 gratiae
1328 819 1777 887 multiplici‘mus.

198 896 494 954 l'niversis
519 902 690 965 enim,
716 905 877 956 etiam
895 906 1072 971 laicis,
1093 924 1201 962 non
1230 914 1514 968 monachis
1540 925 1773 983 tantum,

196 1007 445 1060 semper,
485 1001 540 1045 et
595 998 795 1062 quovis
843 1006 1091 1069 tempore
1143 1004 1525 1070 paenitentiam
1558 1023 1772 1081 .agere,

197 1080 353 1145 fiere.
408 1094 465 1138 et
531 1087 643 1140 Deo
674 1091 1012 1159 supplicare,
1050 1108 1258 1162 perque
1297 1080 1775 1168 actioneshujus-

195 1174 415 1225 cemodi
471 1176 637 1229 etiam
684 1189 915 1234 exteras
956 1182 1187 1238 virtutes
1216 1201 1407 1241 omnes
1457 1204 1776 1259 comparare

195 1266 462 1332 possibile
493 1277 600 1322 est.

262 1402 379 1455 Hoc
428 1404 501 1457 ita
559 1421 706 1470 esse,
737 1424 933 1478 magna
962 1411 1051 1465 illa
1087 1412 1369 1478 columna,
1400 1425 1453 1470 et
1509 1418 1773 1486 magister

192 1493 476 1559 Ecclesia),
497 1497 739 1555 Joannes
763 1501 1221 1572 Chrysostomus,
1252 1507 1382 1561 mihi
1419 1513 1577 1563 testis
1611 1527 1769 1565 acce-

192 1587 292 1647 dit,
331 1587 460 1639 dum
506 1593 779 1657 psalmum
836 1593 1056 1650 Davidis
1103 1598 1620 1669 quinquagesimum
1676 1620 1770 1655 ex-

194 1678 398 1741 planat.
430 1679 640 1734 Asserit
666 1685 839 1751 enim,
869 1687 959 1754 qui
988 1704 1241 1755 uxorem,
1271 1692 1493 1757 liberos,
1517 1698 1766 1763 ancillas,

192 1784 482 1823 servorum
541 1773 815 1843 ingentem
871 1794 1185 1845 numerum,
1221 1785 1429 1852 amplas
1478 1785 1769 1843 facultates

194 1862 377 1925 habet,
436 1876 491 1916 et
543 1866 712 1921 rebus
750 1868 915 1938 hujus
951 1874 1138 1926 sat-culi
1188 1875 1389 1929 eximie
1424 1888 1564 1941 oret,
1602 1894 1766 1946 posse

192 1968 298 2005 non
334 1955 513 2009 solum
546 1968 604 2010 ut
633 1959 809 2027 ploret
841 1964 1109 2029 quotidie,
1138 1977 1189 2019 et
1222 1976 1363 2031 oret,
1396 1979 1449 2022 et
1480 1972 1762 2039 paeniteat,

192 2045 286 2097 sed
324 2049 514 2113 ctiam,
556 2060 613 2105 ut
667 2052 730 2105 ad
765 2054 990 2110 virtutis
1052 2059 1442 2127 perfectionem
1482 2065 1767 2127 ascendat,

192 2134 234 2185 si
266 2135 418 2197 velit,
452 2146 503 2190 et
540 2140 807 2208 Spiritum
858 2152 1110 2198 sanctum
1156 2148 1415 2217 accipiat.
1450 2161 1503 2205 et
1557 2154 1769 2209 amicus

193 2227 288 2279 Dei
355 2229 471 2293 fiat,
527 2240 580 2285 ct
618 2234 844 2301 insuper
872 2236 992 2303 ejus
1026 2239 1241 2293 visione
1299 2240 1533 2307 fruatur,
1570 2248 1765 2311 quales

189 2320 357 2371 etiam
394 2330 519 2374 ante
573 2322 779 2379 Christi
822 2325 1119 2384 adventum
1176 2332 1403 2385 fuerunt
1465 2335 1764 2399 Abraham.

193 2414 347 2465 Isaae
400 2422 455 2466 et
510 2412 704 2480 Jacolt,
736 2425 790 2470 et
838 2420 930 2488 qui
988 2421 1129 2474 inter
1172 2422 1489 2481 Sodomitas
1546 2428 1766 2483 vivebat

192 2504 317 2566 Lot,
354 2512 432 2569 et,
477 2517 528 2557 ut
591 2507 793 2562 multos
848 2511 985 2566 alios
1027 2518 1464 2583 praitermittam,
1510 2519 1686 2575 Moses
1714 2533 1767 2575 et

197 2598 386 2651 David.
421 2598 479 2651 in
514 2615 652 2652 nova
690 2612 869 2655 autem
908 2605 1248 2672 gratia,eum
1299 2610 1441 2665 llcus
1483 2630 1544 2665 ac
1574 2614 1762 2666 Salsa-

193 2697 283 2737 tor
313 2696 506 2741 noster
539 2693 816 2758 apparuit,
853 2692 1049 2749 Petrus
1082 2698 1346 2765 piscator,
1371 2712 1417 2752 et
1447 2703 1765 2757 illitteratus

188 2792 313 2829 cum
350 2795 536 2842 socru,
579 2791 633 2834 et
671 2784 795 2838 aliis
837 2798 1165 2853 praesentem
1203 2808 1325 2847 esse
1357 2794 1525 2848 Deum
1565 2798 1763 2865 praedi-

189 2885 341 2921 tans.
366 2867 653 2939 Reliquos,
685 2877 869 2942 plures
900 2895 1061 2945 quam
1098 2880 1212 2933 sint
1240 2884 1547 2949 pluviarum
1573 2898 1762 2957 gutta»,

190 2966 284 3011 aut
310 2960 482 3013 stella‘
514 2962 661 3023 celi,
704 2966 828 3033 quis
882 2973 1308 3035 percensuerit?
1338 2990 1514 3044 reges,
1552 2979 1759 3045 princi-

190 3066 309 3117 pes.
340 3051 608 3122 dynastas
640 3056 731 3118 (nc
764 3061 1038 3113 nominem
1071 3079 1357 3131 pauperes,
1386 3076 1439 3120 et
1468 3072 1561 3129 qui
1597 3085 1758 3138 parva

189 3144 241 3195 in
297 3160 355 3198 re
408 3146 577 3198 vitam
612 3150 893 3215 agitarunt
944 3152 1124 3224 suam)
1188 3171 1419 3224 quorum
1484 3160 1670 3225 urbes,
1711 3174 1759 3215 et

189 3234 413 3297 domus,
449 3244 504 3289 et
541 3239 903 3295 ecclesiarum
954 3261 1141 3309 naves,
1191 3263 1330 3316 quas
1370 3250 1443 3301 illi
1477 3254 1757 3320 magnitier.
1794 3277 1805 3313 ί

190 3327 612 3387 condiderunt:
669 3347 906 3401 quorum
959 3342 1268 3407 gerocomia
1300 3382 1314 3405 ,
1374 3358 1469 3396 seu
1539 3346 1764 3400 senibus

188 3419 399 3473 alendis
438 3419 742 3488 domicilia,
776 3435 831 3481 et
877 3429 1217 3484 xenodochia
1270 3443 1492 3487 manent
1518 3476 1531 3497 ,
1566 3446 1619 3489 et
1672 3453 1765 3490 ex-

189 3519 341 3564 stant
370 3528 546 3582 usque
600 3516 780 3580 hodie,
813 3534 936 3589 qua:
985 3521 1066 3573 illi
1100 3526 1428 3593 superstites
1466 3528 1762 3592 habebant,

186 3611 240 3651 et
272 3602 339 3655 iis
364 3604 453 3669 pie
498 3608 813 3675 utebantur,
864 3626 973 3664 non
1004 3620 1062 3666 ut
1088 3617 1347 3683 propriis,
1383 3620 1477 3672 sed
1512 3629 1567 3672 ut
1619 3624 1760 3673 serti

187 3693 404 3747 Domini
445 3710 508 3749 ea
539 3712 661 3767 qua:
716 3701 850 3771 ipsis
902 3704 1170 3763 Dominus
1220 3709 1487 3773 dedisset,
1517 3712 1763 3766 admini-

183 3796 447 3853 strantes,
483 3800 537 3843 et
579 3791 684 3845 hoc
720 3795 926 3850 mundo
955 3806 1172 3855 utentes
1200 3802 1422 3868 quidem
1457 3804 1761 3858 secundnm

183 3876 338 3929 Pauli
375 3893 591 3943 vocem,
634 3897 742 3935 non
797 3895 979 3939 autem
1028 3889 1403 3946 abutentes".
1440 3892 1571 3945 Nam
1633 3910 1760 3962 pro-

184 3980 370 4035 pterea
408 3970 570 4024 etiam
606 3971 659 4025 in
692 3972 794 4028 hac
817 3976 922 4028 vita
951 3976 1137 4047 inclyti
1162 3990 1215 4033 et
1242 3980 1486 4035 illustres
1513 3982 1759 4046 fuerunt,

187 4075 236 4113 et
278 4078 427 4116 nunc
477 4072 626 4126 sunt.
659 4074 713 4118 et
764 4068 984 4121 sarculis
1027 4071 1528 4130 innumerabilibus
1577 4086 1761 4143 eruunt,

184 4164 350 4224 atque
410 4156 462 4209 in
526 4158 849 4213 coelestibus
900 4162 1007 4216 illis
1039 4164 1265 4219 sedibus
1290 4167 1455 4221 etiam
1499 4170 1754 4237 amplius.

181 4246 339 4311 Quod
380 4248 483 4301 nisi
517 4250 677 4318 pigri,
714 4252 938 4311 inertes.
972 4257 1467 4327 mandatorumque
1499 4270 1761 4314 contem-

182 4351 369 4408 ptores
416 4355 691 4404 essemus,
739 4345 831 4398 sed
878 4346 1075 4411 seduli,
1137 4351 1382 4413 excitati,
1442 4352 1757 4421 vigilantes,

187 4430 323 4483 nihil
379 4432 732 4487 abdicatione
769 4451 975 4497 rerum.
1037 4451 1131 4493 aut
1186 4452 1433 4506 tonsura,
1488 4455 1580 4499 aut
1631 4447 1756 4514 fuga

181 4521 373 4582 rutundi
395 4538 534 4591 opus
575 4525 922 4580 haberemus.
950 4525 1061 4581 lioc
1084 4541 1134 4581 ut
1170 4533 1466 4599 probemus
1489 4574 1502 4595 ,
1536 4540 1755 4591 auscul-

180 4615 435 4668 tandum.

251 4750 400 4805 Deus
429 4752 498 4804 ab
558 4752 716 4807 initio
752 4753 1030 4811 hominem
1093 4762 1338 4813 onmium
1383 4770 1752 4829 terrenarum,

176 4843 306 4907 quin
351 4842 639 4906 omnium,
672 4860 793 4911 qua!
822 4845 1111 4914 comp‘cxu
1145 4850 1270 4902 ueli
1316 4852 1753 4917 continerentur,

177 4949 360 5002 regem
423 4935 734 4989 constituit.
772 4936 905 4990 Nam
954 4940 1059 5001 Sui,
1117 4942 1270 5003 luna,
1326 4952 1471 4996 astra
1535 4961 1757 5014 prepter

177 5025 457 5078 hominem
487 5027 645 5093 plane
679 5040 858 5080 creata
892 5038 1041 5084 sunt.
1067 5028 1208 5097 Quid
1244 5033 1430 5098 igitur,
1464 5051 1585 5088 tum
1613 5047 1759 5091 eeset

178 5133 269 5171 rex
303 5117 500 5169 borum
542 5134 665 5186 quae
701 5120 954 5174 videntur
1002 5120 1286 5176 omnium?
1337 5124 1475 5178 Nunt
1521 5130 1633 5180 haec
1674 5130 1747 5182 illi

173 5208 239 5263 ad
272 5208 532 5263 virtutem
570 5209 955 5278 impedimento
987 5210 1246 5268 fuerunt?
1276 5233 1383 5269 non
1423 5232 1575 5281 sane,
1608 5235 1740 5284 non,

172 5302 400 5370 inquam
435 5318 448 5353 ς
483 5302 730 5369 quinimo
776 5303 1054 5371 majorem
1089 5306 1143 5358 iu
1197 5311 1417 5362 modum
1451 5312 1743 5366 inclaruisv

171 5403 277 5458 set,
313 5396 359 5447 si
394 5393 504 5447 Deo
549 5393 819 5448 conditori
870 5411 973 5450 suo
1023 5412 1052 5450 a
1086 5414 1193 5467 quo
1234 5400 1347 5453 hmc
1379 5404 1557 5455 omnia
1594 5419 1750 5457 acce-

173 5494 349 5555 perat,
380 5495 575 5553 gratns
600 5487 916 5542 mansisset.
948 5487 1080 5541 Nam
1113 5491 1159 5545 si
1193 5494 1505 5547 mandatum
1536 5496 1749 5549 Domini

170 5593 276 5630 non
329 5575 607 5645 fregisset,
641 5592 864 5645 regnum
917 5579 1062 5632 istud
1104 5597 1211 5633 non
1270 5583 1618 5651 perdidisset,
1657 5586 1747 5641 Dei

169 5667 342 5734 gloria
376 5683 488 5720 non
518 5676 690 5721 semet
726 5670 1186 5738 spoliasseLQuia
1233 5690 1362 5729 vero
1391 5693 1555 5734 serus
1599 5679 1746 5745 fecit,

250 5850 290 5877 "
324 5848 362 5903 ll
394 5848 522 5904 Cnr.
555 5866 652 5916 \‘tl,
684 5855 769 5908 3t.
888 5855 954 5886 “‘
992 5853 1129 5910 Gen.
1168 5872 1249 5923 Ill,
1296 5858 1327 5912 9
1384 5874 1539 5931 seqq.

1883 650 1987 695 tem
2030 641 2183 695 obiit.

1950 732 2136 787 Dicam
2192 733 2289 789 tibi
2333 732 2619 802 quiddam,
2654 734 2796 800 quod
2859 750 2981 789 meo
3026 735 3236 805 judicio
3288 750 3448 790 nemo

1878 826 2055 879 adhuc
2088 828 2225 882 satis
2247 827 2581 897 explanavit.
2617 825 2891 891 Quidnam
2918 829 3096 897 ergo?
3129 828 3350 883 attende
3379 828 3447 882 ad

1876 917 2116 973 divinam
2154 919 2497 989 Scripturam
2518 920 2607 976 "‘.
2636 920 2699 973 Et
2726 920 2859 975 dixit
2886 921 3023 975 Deus
3060 922 3284 982 Artamo,
3320 929 3443 990 post

1878 1012 2383 1080 praevaricationem
2435 1022 2564 1081 puta
2601 1032 2611 1065 :
2652 1013 2843 1077 Attum,
2882 1013 2971 1067 ubi
3018 1015 3113 1068 es?
3159 1014 3290 1083 quid
3341 1015 3445 1069 sibi

1875 1106 1990 1157 vult
2027 1105 2111 1158 his
2147 1107 2330 1160 verbis
2368 1105 2613 1159 omnium
2672 1105 3037 1160 l’rocreator?
3084 1106 3343 1170 Omnino,
3382 1108 3446 1160 ad

1876 1212 2097 1251 sensum
2142 1211 2306 1250 casus
2355 1197 2438 1252 sui
2466 1214 2589 1251 eum
2625 1197 2921 1263 adducere,
2957 1210 3122 1267 atque
3157 1200 3220 1251 ad
3273 1202 3451 1268 ρτὩΙΙῘ-

1878 1290 2105 1342 tentiam
2147 1304 2447 1358 provocare
2497 1292 2709 1354 volens,
2747 1291 2942 1360 inquit,
2993 1292 3186 1355 Adam,
3229 1293 3315 1344 ubi
3353 1282 3451 1345 es’.’

1872 1382 2173 1435 Considera
2222 1384 2480 1447 tcipsum,
2518 1392 2571 1436 et
2608 1387 2884 1455 perpende
2921 1386 3221 1439 nuditatem
3276 1394 3444 1438 tuam.

1876 1471 2010 1527 Vide
2044 1475 2188 1543 quali
2245 1475 2591 1534 indumento.
2626 1476 2771 1543 quali
2828 1476 2999 1545 gloria
3035 1475 3281 1546 privatus
3342 1476 3446 1530 sis.

1874 1566 2065 1629 Adam,
2100 1569 2186 1620 ubi
2214 1584 2267 1619 es
2289 1571 2313 1623 .’
2338 1569 2483 1621 velut
2513 1568 2558 1622 si
2587 1585 2707 1622 cum
2737 1567 3071 1629 hortaretur,
3108 1584 3170 1622 ac
3205 1568 3404 1621 diceret
3429 1585 3444 1621 :

1873 1658 2029 1721 IIem,
2058 1660 2333 1726 resipisee,
2363 1662 2551 1724 miser,
2584 1663 2704 1715 hem
2732 1663 2992 1731 egredere
3026 1662 3116 1716 tibi
3143 1672 3196 1715 te
3218 1661 3448 1715 abscon-

1872 1752 2026 1806 disti.
2063 1752 2143 1805 Mc
2177 1752 2348 1806 latere
2383 1764 2433 1807 te
2476 1770 2639 1819 posse
2675 1754 3002 1809 existimas?
3050 1755 3156 1817 die,
3192 1752 3442 1808 Peccavi.

1876 1842 1940 1895 At
1980 1843 2069 1895 ille
2106 1844 2208 1896 hoc
2259 1860 2366 1897 non
2412 1845 2566 1906 dicit,
2604 1847 2685 1898 vel
2721 1845 2911 1916 potius
2952 1862 3051 1911 ego
3107 1846 3297 1899 infelix
3336 1861 3443 1898 nou

1800 1920 1837 1973 Β
1868 1934 2007 1992 diro.
2063 1952 2246 1988 meum
2307 1937 2451 1989 enim
2510 1939 2710 1990 malum
2772 1943 2875 1990 hoc
2911 1946 3012 1992 est.
3048 1938 3151 1992 Sed
3188 1938 3316 2006 quid
3360 1952 3446 1989 re-

1872 2025 2143 2091 spondet?
2176 2024 2359 2078 Vocem
2385 2039 2530 2079 tuam
2560 2030 2758 2081 mntiri.
2793 2030 3185 2082 denti-humilis
3210 2031 3261 2080 in
3283 2044 3445 2094 para-

1869 2118 2005 2177 diso,
2051 2128 2096 2169 et
2148 2119 2324 2179 timui,
2361 2135 2418 2169 eo
2466 2118 2604 2183 quod
2662 2121 2831 2171 mutus
2860 2136 3047 2181 essent,
3089 2130 3134 2171 et
3195 2120 3446 2172 abscondi

1870 2226 1971 2261 me.
2014 2208 2157 2275 Quid
2201 2223 2391 2265 contra
2435 2210 2618 2265 Deus?
2652 2211 2716 2263 Et
2741 2214 2856 2280 quis
2894 2213 3144 2265 indicavit
3171 2212 3283 2273 tibi,
3305 2214 3443 2281 quod

1870 2304 2039 2355 nudus
2100 2321 2255 2366 esses,
2291 2306 2397 2377 nisi
2445 2306 2569 2372 quia
2603 2305 2666 2355 de
2694 2306 2835 2374 ligno
2878 2308 2941 2359 de
2969 2323 3067 2374 quo
3091 2321 3443 2371 prn'teperam

1871 2396 1983 2457 tibi,
2025 2405 2080 2448 ut
2114 2395 2178 2449 (te
2205 2413 2263 2449 eo
2293 2398 2404 2450 solo
2431 2414 2530 2449 uou
2562 2398 2876 2455 comederes.
2902 2397 3176 2450 contectiin
3205 2397 3229 2449 ?
3257 2396 3440 2458 Vides,

1869 2487 2067 2541 dilecte
2102 2530 2115 2547 ,
2178 2488 2651 2554 lnnpattimitatem
2721 2487 3019 2541 Dei?Cum
3079 2488 3286 2542 diceret
3330 2490 3444 2557 ipse

1870 2579 2097 2639 Adamo,
2142 2576 2235 2630 t'hi
2264 2596 2312 2631 ea
2343 2580 2362 2612 ’
2393 2590 2442 2631 et
2477 2580 2565 2631 ille
2595 2596 2700 2631 non
2737 2581 2920 2633 statim
2954 2588 3236 2649 peet-atum
3273 2577 3444 2631 confi-

1869 2684 2097 2735 teretur,
2156 2672 2250 2723 sed
2309 2673 2681 2740 respoinleri-t.
2744 2671 2927 2725 Vocem
2970 2683 3113 2724 tuam
3167 2672 3443 2735 audivi,ct

1871 2764 2044 2823 timui,
2078 2779 2137 2815 eo
2173 2763 2314 2831 quod
2366 2766 2539 2816 titulus
2584 2780 2775 2828 essem,
2823 2774 2874 2818 et
2904 2765 3154 2817 abscondi
3204 2781 3303 2824 me,
3335 2779 3441 2816 non

1869 2862 1952 2905 est.
1990 2855 2183 2917 iratus,
2230 2869 2338 2906 non
2391 2863 2473 2906 est
2506 2864 2732 2922 repente
2766 2870 2995 2908 aversus
3025 2873 3037 2914 ;
3077 2854 3171 2907 sed
3203 2855 3441 2907 secunda

1870 2943 2023 2994 illum
2081 2944 2386 3008 quaestione.
2419 2942 2714 3011 dignatur,
2751 2954 2802 2997 et
2832 2944 2909 2997 ait
2942 2962 2955 2996 :
2992 2943 3125 3009 Qui:
3176 2946 3313 2996 enim
3356 2946 3441 2997 in-

1868 3031 2064 3083 dicavit
2104 3032 2221 3088 titvi.
2254 3032 2392 3099 quod
2427 3033 2598 3085 nudus
2623 3050 2782 3096 esses,
2817 3034 3063 3103 nisiquia
3091 3034 3156 3086 de
3187 3035 3351 3103 tigno,
3380 3035 3443 3088 de

1888 3140 1967 3163 ιυη
2005 3142 2355 3187 pra-remrem
2388 3126 2500 3181 tibi.
2538 3136 2592 3177 ut
2629 3125 2692 3179 de
2726 3142 2784 3180 eo
2814 3127 2926 3180 solo
2972 3140 3074 3179 non
3123 3127 3439 3187 romedcres.

1869 3216 2189 3265 romedtstt.‘
2245 3214 2484 3283 illit'iiigt‘
2534 3215 2965 3282 profunditatem
3001 3230 3321 3269 sermonum
3354 3230 3442 3268 sa-

1869 3306 2085 3372 pientize
2125 3304 2213 3357 Det
2291 3306 2432 3371 Quid
2471 3307 2657 3361 dicis?
2713 3307 2866 3370 Quod
2913 3307 3088 3360 nudus
3144 3324 3329 3371 essent,
3360 3308 3443 3361 iu-

1865 3399 2005 3463 quit.
2057 3397 2352 3452 Peccatum
2411 3406 2567 3451 tuum
2631 3398 2978 3453 abscondis?
3032 3413 3098 3452 an
3160 3410 3318 3468 putas
3358 3414 3442 3452 me

1866 3495 2080 3541 tantum
2117 3503 2320 3555 enrpus
2377 3496 2533 3541 tuum
2568 3489 2778 3553 videre,
2815 3504 2911 3541 cor
2936 3498 3142 3551 autem,
3182 3500 3237 3543 et
3288 3492 3442 3559 cogi-

1864 3580 2101 3633 tationes
2150 3588 2277 3631 tuas
2325 3595 2433 3634 non
2474 3582 2827 3650 perspicere?
2858 3582 3128 3651 Sperabat
3159 3584 3302 3635 enim
3344 3585 3437 3637 dc—

1863 3670 2019 3725 lusus
2053 3672 2317 3734 Adamus,
2363 3672 2531 3725 Deum
2557 3673 2814 3741 ignorare
2849 3684 3133 3741 peccatum
3167 3674 3360 3743 ipsius,
3386 3681 3440 3727 ct

1862 3766 1945 3818 sic
2005 3764 2412 3833 quodammodo
2464 3780 2649 3818 secum
2711 3765 3061 3833 loquebatur.
3134 3764 3191 3819 Si
3244 3765 3440 3817 dixero

1863 3871 1948 3909 me
1996 3855 2206 3910 nudum
2266 3872 2410 3922 esse,
2452 3859 2709 3913 nesciens
2745 3857 2913 3921 Deus,
2948 3866 3176 3926 quaeret,
3208 3874 3308 3913 cur
3339 3874 3439 3911 uu-

1860 3947 1965 4002 dus
1995 3948 2121 4004 sim.
2152 3947 2307 4003 Tune
2359 3950 2490 4003 mihi
2526 3966 2725 4019 negare
2760 3951 2969 4015 licebit,
3001 3960 3056 4007 et
3088 3952 3295 4017 dicere,
3338 3967 3439 4004 nco

1862 4038 2002 4102 scio,
2044 4055 2380 4110 possumque
2432 4042 2599 4095 latere
2632 4044 2807 4108 illum,
2845 4054 2898 4098 ct
2953 4046 3184 4114 primam
3237 4045 3435 4099 stolam

1860 4133 2129 4202 recipere.
2166 4133 2261 4186 Sin
2294 4135 2500 4195 minus.
2535 4146 2718 4190 tamen
2751 4152 2835 4190 me
2868 4151 2977 4190 non
3010 4136 3213 4207 ejicict,
3250 4145 3431 4189 tamen

1861 4223 1917 4278 in
1947 4225 2205 4278 exsilium
2239 4241 2348 4279 non
2382 4228 2578 4280 mittet.
2607 4226 2730 4281 ":20
2764 4228 2858 4283 illo
2888 4229 3031 4298 apud
3066 4244 3125 4283 se
3155 4229 3435 4281 volutante

1862 4313 1943 4381 (ut
1966 4322 2022 4367 et
2044 4330 2191 4367 nunc
2224 4316 2382 4369 multi
2418 4317 2653 4380 faciunt,
2692 4328 2745 4371 et
2774 4335 2877 4385 ego
2903 4321 3139 4388 primus,
3175 4333 3273 4373 sua
3310 4334 3436 4387 pec-

1860 4414 1983 4459 cata
2008 4407 2379 4469 occultantes)
2420 4407 2560 4463 Dens
2592 4413 2790 4465 nolens
2828 4411 3120 4466 adversum
3162 4427 3257 4465 eos
3292 4411 3435 4464 ntul-

1861 4494 2110 4562 tiplicarc
2136 4496 2408 4563 judicium
2441 4513 2503 4551 ac.
2532 4498 2972 4562 damnationem,
3010 4503 3087 4556 ait
3119 4520 3131 4556 :
3188 4501 3255 4555 Et
3296 4502 3435 4554 unde

1861 4588 2021 4649 nosti,
2051 4589 2191 4655 quod
2238 4587 2413 4641 nudus
2466 4589 2562 4655 sis,
2625 4591 2728 4643 nisi
2758 4593 2882 4660 quia
2915 4592 2980 4645 de
3027 4593 3192 4662 ligno,
3238 4593 3302 4645 de
3330 4609 3432 4659 quc

1855 4691 2211 4743 prmceperam
2277 4679 2370 4731 tibi
2424 4696 2487 4731 ne
2540 4681 2858 4745 catttcderes,
2916 4684 3236 4739 contulisti?
3273 4683 3431 4752 quasi

1855 4768 2085 4822 diceret.
2123 4768 2186 4821 Et
2220 4772 2447 4824 omnino
2499 4785 2582 4823 me
2613 4772 2783 4826 latere
2828 4775 3026 4840 putas?
3078 4790 3251 4843 egone
3299 4775 3429 4841 quid

1857 4859 2057 4915 feceris
2105 4862 2345 4929 ignoro?
2397 4878 2502 4915 non
2559 4864 2734 4927 dices,
2794 4864 3182 4921 l’eecavi?die
3245 4870 3429 4931 miser,

1856 4953 2049 5014 etiam,
2086 4967 2281 5007 revera
2316 4953 2641 5008 mandatum
2678 4965 2827 5010 tuum
2880 4965 3261 5026 transgressus
3285 4972 3428 5009 sum.

1858 5046 2054 5099 Audivi
2086 5048 2380 5100 consilium
2416 5050 2691 5114 mulieris,
2723 5058 2774 5104 et
2818 5050 3005 5116 lapsus
3056 5066 3178 5104 sum
3203 5091 3216 5111 ,
3260 5052 3422 5105 decc'

1856 5144 1985 5205 ptus
2017 5152 2138 5191 sum
2179 5140 2552 5203 vehementer,
2591 5141 2664 5194 illi
2705 5156 2925 5209 parens,
2977 5151 3032 5195 et
3075 5144 3175 5195 tibi
3237 5143 3429 5197 iuobe-

1856 5228 2034 5282 diens.
2084 5227 2348 5286 Miserere
2389 5233 2518 5286 mei.
2554 5233 2721 5301 Atqui
2780 5250 2889 5287 non
2938 5234 3076 5287 dicit
3112 5236 3279 5297 istud,
3319 5251 3426 5288 non

1857 5319 2200 5384 humiliatur,
2248 5339 2358 5377 non
2408 5323 2693 5379 ﬂectitur:
2748 5325 2955 5379 Nervus
2996 5327 3200 5394 ferreus
3253 5344 3428 5381 rem:

1857 5412 2029 5465 cordis
2104 5413 2220 5481 ejus
2249 5415 2315 5477 “,
2350 5415 2507 5482 quasi
2538 5416 2802 5470 nimirum
2853 5427 2907 5473 et
2946 5428 3048 5486 ego
3076 5418 3251 5471 miser
3280 5434 3425 5474 suin.

1858 5500 1915 5554 Si
1952 5504 2055 5558 hoe
2080 5507 2307 5559 verbum
2343 5506 2693 5574 protulisset,
2724 5508 2777 5559 in
2814 5508 3072 5574 paradiso
3106 5512 3426 5569 niansisset,

1859 5601 2143 5663 totamque
2186 5595 2335 5647 illam
2388 5596 2672 5665 periodum
2732 5597 2999 5650 malorum
3065 5597 3427 5659 inﬁnitarum,

1854 5700 1979 5754 quae
2044 5687 2441 5744 exterminatus
2493 5688 2768 5753 subiit,ct
2828 5699 2902 5743 tot
2970 5691 3192 5753 sarcula,
3229 5688 3430 5758 quibus

1621 5864 1662 5893 ”
1696 5862 1800 5920 lsa.
1847 5881 2035 5931 nvttt,
2093 5869 2144 5921 4.
