4170 6452
723 388 831 456 503

1961 398 2347 462 SYMEONIS
2369 399 2733 465 IUNIORIS

3870 402 3979 469 504

723 502 799 557 rei
832 512 1001 560 testes
1033 516 1159 561 sunt
1190 511 1359 564 sancti
1387 550 1402 572 .
1438 513 1529 581 qui
1580 517 1745 569 etiam
1778 528 1951 572 morte
1981 518 2091 586 jun
2140 518 2291 575 obita
2319 521 2365 577 Î”
2396 518 2541 573 cium
2569 532 2747 586 tuum,
2775 527 2829 576 et
2854 518 3100 575 defensio
3124 535 3234 575 non
3263 530 3347 575 est
3378 519 3597 573 inventa
3624 519 3676 572 in
3710 532 3804 573 ore
3829 533 3976 574 mec.

722 601 899 662 ipsum
927 635 943 659 ,
970 605 1026 651 et
1054 599 1331 655 ministros
1360 602 1477 670 ejus
1509 614 1566 659 ut
1603 608 1889 676 languidos
1916 651 1929 673 ,
1963 622 2015 665 et
2043 612 2291 668 imbecil-

722 683 800 738 les
830 686 1137 756 repellunt,
1181 706 1241 745 ae
1278 691 1482 763 fugant.
1523 695 1840 755 Maledictus
1887 702 2063 760 factus
2111 715 2195 759 est
2235 708 2290 761 in

721 788 887 831 cruce
911 779 1137 835 suffixus
1167 780 1508 849 (Maledicta:
1537 786 1681 841 enim
1709 831 1723 854 ,
1758 789 1930 861 inquit
1962 791 2242 864 Scriptura
2271 836 2287 861 ,

720 871 901 922 omnia.
938 872 1030 938 qui
1071 874 1256 940 pendet
1288 876 1342 929 in
1372 878 1513 948 ligno
1550 880 1620 951 ")
1667 889 1721 935 et
1754 874 2060 939 universam
2098 886 2287 941 Adami

722 962 1157 1021 uialcdictionetn
1211 982 1240 1020 a
1298 969 1457 1024 nobis
1509 973 1738 1043 depulit.
1784 973 2031 1031 Mortuus
2081 988 2205 1040 est,
2238 986 2292 1032 et

722 1063 892 1108 morte
930 1071 1027 1111 sua
1058 1068 1286 1112 mortem
1314 1065 1564 1130 peremit.
1600 1065 1945 1130 Resurrexit,
1977 1078 2030 1122 et
2061 1070 2291 1135 inimici,

718 1144 810 1212 qui
863 1162 958 1213 per
1009 1157 1236 1202 mortem
1270 1161 1325 1206 et
1368 1165 1650 1224 peccatum
1706 1170 2032 1230 potestatem
2086 1163 2141 1217 in
2191 1179 2293 1220 nos

717 1236 1045 1316 exercebat,
1093 1240 1353 1297 virtutem
1415 1248 1898 1321 operationemque
1957 1253 2174 1309 delevit.
2235 1252 2293 1311 In

721 1327 1056 1383 mortiferum
1110 1335 1311 1404 quippe
1362 1352 1669 1403 venenum,
1718 1351 1772 1395 et
1825 1344 1974 1397 virus
2038 1346 2291 1414 peccati,

720 1418 974 1474 ineffabili
1008 1423 1249 1488 deitatis.
1280 1438 1334 1482 et
1358 1431 1539 1485 carnis
1577 1448 1690 1486 sua:
1721 1435 1934 1490 vivillca
1971 1437 2296 1494 etiicaeitate

720 1508 917 1576 injecta
946 1552 961 1576 ,
1003 1529 1177 1581 genus
1209 1517 1509 1575 hmnanum
1578 1522 1647 1577 ab
1703 1527 2024 1595 Operatione
2088 1529 2293 1586 inimici

717 1600 1048 1658 omnimodis
1072 1604 1341 1664 liberavit.
1380 1611 1482 1665 Per
1508 1628 1725 1670 sacrum
1755 1628 1936 1673 autem
1986 1620 2255 1689 baptisma
2279 1664 2293 1688 ,

717 1698 771 1741 et
820 1698 1263 1753 communionem
1316 1702 1768 1761 intemeratorum
1829 1710 1948 1778 ejus
2008 1715 2298 1783 mysterio-

722 1794 863 1871 rum,
893 1788 1141 1856 corporis
1172 1806 1390 1861 nempe.
1412 1805 1463 1850 et
1495 1800 1779 1866 sanguinis
1804 1804 2059 1871 pretiosi,
2097 1820 2292 1860 emun-

715 1870 857 1929 dans
924 1891 1021 1932 nos
1047 1879 1093 1910 "
1127 1921 1147 1945 ,
1195 1891 1249 1937 et
1298 1887 1624 1952 vivificaris,
1670 1870 1930 1959 sanctos,
1981 1907 2033 1947 ct
2083 1899 2288 1964 peccati

718 1976 887 2027 puros
917 1966 1113 2023 reddit.
1163 1970 1269 2027 Sed
1297 1983 1351 2029 et
1382 1992 1597 2033 rursum
1636 1981 1845 2036 arbitrii
1880 1984 2131 2040 libertate
2157 2003 2291 2042 con-

717 2050 966 2109 decorari
997 2057 1159 2125 sinit,
1191 2072 1248 2115 ut
1277 2080 1387 2119 non
1416 2069 1623 2133 coacti,
1657 2072 1750 2125 sed
1784 2073 2028 2128 Volcntes
2063 2074 2293 2131 Dotnino

717 2145 924 2201 servire
950 2150 1230 2210 videamur
1261 2174 1274 2209 :
1307 2168 1361 2212 et
1400 2163 1859 2229 quemadmodum
1892 2167 1959 2220 ab
1995 2167 2151 2223 initio
2175 2182 2294 2225 erat

716 2235 955 2294 Adamus
990 2243 1044 2297 in
1101 2248 1354 2315 paradiso
1398 2253 1534 2308 liber
1562 2298 1575 2320 ,
1605 2269 1872 2331 extraque
1922 2264 2026 2318 vim
2078 2274 2132 2318 et
2164 2280 2291 2336 pec-

715 2340 900 2385 Catum
953 2337 1234 2397 voluntate
1279 2346 1457 2400 soluta
1514 2363 1577 2404 ac
1633 2352 1799 2407 libera
1859 2356 2144 2412 obediebat
2187 2359 2292 2411 ini-

716 2423 880 2485 mico.
932 2440 962 2480 a
1003 2444 1110 2498 quo
1167 2434 1427 2506 deceptus
1478 2444 1798 2500 mandatum
1862 2448 1953 2502 Dei
2019 2450 2290 2505 violavit:

714 2516 794 2613 sic
824 2525 877 2572 et
911 2535 1011 2577 nos
1039 2540 1068 2577 e
1094 2540 1250 2581 sacre
1278 2530 1602 2600 baptismate
1636 2544 1936 2609 regenerati
1965 2581 1979 2604 ,
2014 2545 2295 2599 servitutis

708 2624 843 2679 jnge
866 2627 892 2663 a
929 2615 1089 2671 nobis
1126 2618 1375 2688 depulso,
1421 2628 1593 2680 nostri
1625 2630 1767 2698 juris
1801 2632 2068 2705 liberique
2112 2639 2295 2692 reddi-

714 2716 839 2794 mur
880 2721 894 2758 :
931 2720 994 2760 ac
1026 2710 1129 2764 nisi
1164 2715 1307 2769 ultro
1338 2716 1562 2773 inimico
1608 2722 1987 2794 obtemperare
2023 2730 2254 2783 velimus
2280 2769 2295 2790 .

713 2792 818 2888 alia
853 2798 1088 2865 quadam
1120 2804 1204 2857 via
1240 2815 1431 2861 centra
1473 2825 1575 2864 nos
1612 2792 1964 2870 molirivnihil
2009 2829 2210 2888 potest.
2241 2821 2295 2875 Si

710 2886 859 2939 enim
908 2902 1038 2945 ante
1072 2892 1241 2965 legem
1274 2906 1329 2953 et
1359 2900 1654 2957 adventum
1699 2905 1902 2960 Christi
1935 2886 2023 2964 his
2045 2894 2300 2969 omnibus

714 2989 970 3035 carentes
1019 2987 1239 3044 auxiliis
1298 2990 1499 3057 multi,
1558 2994 1668 3051 imo
1703 2998 2132 3058 innumerabiles
2192 3003 2300 3058 Deo

712 3069 1083 3166 placuerunt,
1115 3090 1166 3133 et
1216 3091 1367 3136 extra
1419 3088 1638 3155 culpam
1702 3091 1958 3146 vixerunt
2008 3094 2059 3165 (e
2098 3098 2299 3166 quibus

2393 609 2539 665 Nihil
2568 613 2712 668 enim
2747 628 2912 683 super
2931 621 3132 666 terram
3165 612 3291 673 feci,
3322 611 3465 682 quod
3496 612 3719 665 unicum
3748 611 3974 664 verbum

2392 705 2633 757 otiosum
2683 706 2797 758 oris
2831 704 2935 757 mei
2978 718 3334 771 compensare
3362 709 3547 771 queat.
3605 700 3740 755 Nam
3775 701 3823 756 si
3859 718 3981 755 om-

2393 810 2516 847 nem
2545 794 2813 863 justitiam
2866 795 3056 849 fecerit
3110 794 3273 847 homo
3297 833 3311 855 .
3344 801 3599 862 tauquam
3632 808 3825 848 servus
3853 833 3869 853 .
3918 801 3976 846 et

2392 886 2605 941 debitor
2634 887 2803 943 faciet
2832 929 2846 952 ,
2875 887 3378 957 compensationem
3417 896 3596 939 autem
3629 885 3839 955 peccati
3889 900 3915 938 s
3942 884 3974 936 si

2394 981 2601 1033 nullam
2635 980 2896 1035 inveniet.
2961 977 3173 1034 Etenim
3208 978 3583 1033 misericordia
3621 977 3718 1031 abs
3770 986 3822 1029 te
3857 977 3977 1029 solo

2391 1081 2475 1125 est
2503 1112 2516 1135 ,
2546 1080 2601 1126 et
2630 1081 2912 1140 peceatum
2945 1086 3093 1126 mors
3120 1078 3228 1127 est.
3257 1069 3351 1134 [Et
3382 1070 3635 1139 quisnam
3666 1084 3759 1136 per
3794 1068 3974 1136 ipsum

2396 1162 2637 1216 moriens
2661 1202 2676 1227 ,
2710 1162 2875 1217 etiam
2910 1177 3005 1232 per
3032 1163 3272 1229 seipsum
3307 1159 3606 1229 resurgat?
3639 1160 3824 1213 nullus
3850 1173 3977 1210 om-

2395 1254 2546 1309 nino.
2602 1254 2681 1308 Tu
2726 1255 2880 1310 solus
2944 1261 3195 1308 mortuus
3266 1250 3656 1315 resurrexisti,
3714 1250 3976 1319 quoniam

2397 1354 2679 1415 peccatum
2729 1360 2838 1400 non
2872 1345 3186 1408 admisisti,
3237 1359 3338 1397 nec
3392 1344 3646 1397 inventus
3680 1351 3763 1395 est
3817 1340 3980 1394 dolus

2398 1434 2450 1487 in
2485 1450 2581 1489 ore
2611 1443 2705 1489 tuo
2736 1436 2786 1467 "
2811 1474 2826 1489 .
2861 1433 2980 1488 Jatn
3023 1450 3154 1488 vero
3186 1434 3312 1502 quis
3352 1432 3614 1486 nrorietur
3648 1432 3700 1485 in
3736 1432 3978 1500 peccatis

2394 1535 2448 1582 et
2497 1543 2605 1581 non
2651 1527 2897 1595 capietur
2930 1525 3313 1595 paenitudine:
3352 1534 3406 1577 at
3448 1523 3582 1576 nihil
3622 1522 3670 1576 ei
3710 1521 3976 1590 proderit.

2400 1621 2490 1674 Sic
2538 1630 2590 1672 et
2636 1635 2721 1673 me
2747 1662 2761 1682 ,
2796 1619 3021 1673 Domine
3050 1618 3400 1688 omnipotens
3427 1658 3440 1679 ,
3473 1616 3701 1685 paenitet
3752 1614 3974 1682 quidem

2397 1712 2660 1766 malorum
2721 1728 2843 1781 qua:
2896 1711 3149 1780 patravi,
3208 1727 3315 1763 non
3380 1711 3596 1780 prolicit
3654 1719 3835 1761 autetn
3908 1710 3978 1760 al

2392 1803 2666 1871 ju5titiam
2700 1802 2830 1856 tuihi
2866 1801 3183 1869 poenitentia
3233 1814 3350 1852 mea
3388 1816 3401 1853 :
3432 1806 3519 1852 est
3552 1798 3696 1851 enim
3737 1804 3980 1848 tantums

2396 1896 2557 1951 modo
2588 1895 2793 1965 peccati
2824 1894 3048 1965 agnitio.
3075 1894 3134 1948 Et
3154 1907 3299 1946 nunc
3329 1893 3478 1946 vides
3502 1890 3709 1957 omnia,
3732 1888 3980 1941 ouninm

2395 1992 2697 2060 inspector,
2726 1989 2948 2043 Domine
2974 2029 2987 2052 ,
3023 1989 3114 2055 qui
3159 2002 3426 2056 nusquam
3484 1984 3616 2038 mihi
3659 1982 3849 2036 relicta
3898 1988 3984 2033 cst

2397 2080 2591 2134 salutis
2629 2079 2872 2141 occasio,
2904 2076 2997 2133 sed
3039 2077 3220 2130 vivum
3272 2091 3358 2129 me
3378 2074 3636 2155 infernus
3666 2070 3977 2142 deglutivit.

2396 2170 2475 2223 'lâ€˜u
2507 2178 2687 2223 autem
2719 2170 2869 2224 solus
2908 2179 3063 2239 potes
3096 2184 3179 2221 me
3214 2167 3478 2221 reducere
3525 2173 3579 2220 et
3644 2178 3839 2218 sanare
3876 2162 3981 2214 do-

2399 2264 2565 2316 lorem
2598 2264 2782 2317 cordis
2819 2264 2922 2317 mei
2952 2304 2967 2329 ,
3001 2266 3263 2331 quoniam
3310 2272 3501 2331 potens
3551 2270 3633 2314 cst
3663 2272 3856 2310 manus
3882 2263 3977 2308 ttâ€˜a

2398 2353 2463 2406 ad
2518 2355 2702 2407 omnia
2731 2395 2744 2417 ,
2782 2364 2834 2407 et
2869 2354 2922 2407 in
2984 2353 3121 2408 lines
3174 2354 3499 2423 ahyssorutn
3555 2362 3848 2420 pcnclrans
3874 2388 3891 2410 ,
3927 2356 3982 2399 et

2398 2443 2581 2496 omnia
2619 2458 2716 2512 pro
2769 2452 2902 2496 nutu
2952 2450 3047 2496 tuo
3078 2457 3334 2512 operans.
3394 2439 3513 2493 Non
3550 2438 3724 2491 audeo
3750 2439 3930 2489 dicere
3963 2472 3981 2496 ,

2401 2532 2658 2587 Miserere
2692 2532 2795 2586 mei
2822 2571 2837 2595 ,
2866 2548 2985 2586 sum
3014 2531 3157 2586 enim
3193 2532 3447 2600 indignus
3484 2528 3883 2583 misericordia.
3916 2526 3983 2577 At

2403 2638 2457 2682 Î¹Î¹Î¹
2487 2667 2501 2690 ,
2536 2626 2765 2682 Domine
2792 2667 2806 2690 ,
2834 2626 2977 2681 nosd
3008 2624 3193 2680 omnia
3221 2662 3237 2687 ,
3270 2633 3354 2688 et,
3382 2636 3438 2677 ut
3490 2622 3639 2676 novit
3674 2621 3984 2688 benignius

2403 2730 2515 2781 tua,
2547 2719 2627 2772 fac
2656 2720 2708 2772 in
2743 2733 2848 2780 me,
2882 2717 2974 2788 qui
3005 2718 3168 2772 etiam
3211 2717 3325 2787 ipsa
3363 2716 3470 2768 vita
3499 2715 3752 2784 indignus
3779 2727 3922 2765 sum.

2473 2810 2565 2865 Sic
2603 2811 2748 2875 erit,
2789 2809 2987 2864 fratres
3014 2849 3028 2873 ,
3058 2810 3149 2879 qui
3206 2824 3390 2862 coram
3441 2806 3549 2860 Deo
3606 2805 3985 2872 omnipotente

2404 2902 2685 2972 pe:cavit,
2723 2913 2775 2959 et
2815 2902 3011 2956 timore
3061 2900 3254 2971 judicii
3287 2944 3300 2965 ,
3327 2899 3739 2965 aversionisque
3782 2895 3875 2946 Dei
3914 2896 3983 2946 Ï…á¼·Î¹

2404 3012 2483 3054 se.
2516 2994 2681 3049 animi
2714 3010 2937 3049 sensum
2971 2995 3192 3064 accipit.
3243 2992 3432 3045 Timor
3466 2992 3611 3045 enim
3647 2988 3857 3042 Domini
3882 3026 3895 3048 ,
3929 2995 3983 3040 et

2406 3084 2598 3138 notitia
2651 3083 3030 3137 retrilmtionis
3064 3084 3185 3153 ejus
3238 3085 3311 3135 ita
3360 3096 3556 3136 carnes
3607 3077 3889 3149 liquefacit
3927 3084 3984 3130 et

708 3161 917 3255 justum
958 3166 1139 3223 l'Inoch
1174 3176 1531 3233 translatione
1572 3180 1895 3249 honoravit,
1928 3161 2295 3243 Eliamâ€”curru

2404 3192 2530 3232 ossa
2581 3178 2853 3241 conterit,
2894 3185 2954 3229 ut
3003 3176 3140 3245 lapis
3189 3190 3220 3230 a
3270 3175 3521 3229 machina
3571 3187 3872 3242 suspensus
3926 3170 3980 3222 in

715 3253 873 3351 igneo
904 3259 1053 3315 velut
1084 3263 1137 3316 in
1170 3266 1369 3321 coelum
1405 3274 1751 3343 assumpsit).
1779 3277 1912 3345 qttid
1939 3295 2039 3333 nos
2068 3296 2296 3351 respon-

693 3344 965 3436 debimus
992 3392 1007 3416 ,
1040 3353 1134 3421 qui
1188 3366 1311 3426 post
1366 3362 1595 3429 gratiam
1625 3404 1640 3427 ,
1672 3344 1943 3436 talemque
1984 3384 2049 3423 ac
2084 3344 2293 3425 talitam

714 3433 1160 3505 beneï¬centiam,
1194 3455 1315 3514 post
1369 3452 1561 3506 mortis
1601 3462 1656 3508 et
1704 3433 1911 3524 peccati
1956 3456 2292 3515 destructio-

716 3543 838 3581 nem
863 3572 877 3594 ,
911 3541 1033 3600 post
1069 3534 1320 3604 baptismi
1357 3546 1862 3612 regenerationem,
1898 3559 1949 3602 et
1977 3561 2293 3606 sanctorum

718 3623 1035 3690 angelorum
1100 3632 1447 3698 custodiant,
1497 3645 1552 3689 et
1585 3637 1756 3706 ipsam
1824 3639 2065 3709 Spiritus
2118 3646 2295 3699 sancti

714 3714 1190 3775 ohumlirationem
1219 3762 1233 3787 ,
1267 3723 1672 3798 adventumque
1706 3748 1873 3801 super
1907 3750 2007 3789 nos
2036 3777 2050 3797 ,
2092 3752 2162 3791 ne
2190 3738 2298 3793 illis

715 3807 937 3874 quidem
970 3811 1061 3878 qui
1096 3823 1221 3868 ante
1249 3818 1477 3882 gratiam
1514 3818 1752 3886 fuerunt,
1783 3838 1940 3891 pares
1966 3826 2294 3891 invenimur.

717 3899 811 3954 sed
846 3902 1057 3971 ignavia
1093 3909 1337 3977 corrupti
1367 3950 1383 3975 ,
1436 3910 1529 3964 Dei
1560 3914 1715 3982 jussa
1748 3915 2134 3983 vilipendimns
2166 3957 2180 3982 ,
2232 3935 2297 3974 ac

717 3997 1063 4065 prtelerimus
1087 4000 1111 4053 ?
1139 4000 1306 4056 Porro
1338 4005 1556 4071 gravius
1592 4022 1693 4063 nos
1725 4009 1974 4077 punitmn
2016 4011 2102 4075 iri,
2132 4026 2296 4081 quam

718 4087 811 4154 qui
847 4088 898 4141 in
933 4089 1046 4158 lege
1090 4106 1492 4161 peccaverunt,
1525 4096 1568 4151 si
1620 4097 1674 4151 in
1708 4104 1946 4168 peccatis
1983 4117 2301 4171 permanse-

718 4179 933 4244 "imus,
967 4192 1195 4237 sanctus
1251 4184 1454 4242 Paulus
1515 4190 1599 4243 his
1657 4192 1833 4247 verbis
1879 4192 2190 4253 indicnvit:
2236 4195 2299 4263 Si

718 4273 859 4325 enim
888 4277 978 4342 qui
1024 4292 1117 4343 per
1162 4279 1375 4347 angelos
1416 4280 1588 4336 dictus
1624 4294 1701 4336 est
1747 4302 1947 4352 sermo,
2000 4288 2175 4357 factus
2222 4299 2300 4343 est

719 4361 936 4427 ï¬rmus,
970 4372 1019 4417 et
1045 4367 1216 4419 omnis
1240 4372 1610 4434 prtevaricatio
1636 4383 1684 4425 et
1719 4373 2069 4427 iuobedicntia
2101 4377 2301 4444 accepit

711 4451 920 4523 justam
968 4460 1220 4512 mercedis
1265 4462 1662 4516 retributionem
1688 4504 1702 4527 ,
1730 4468 1993 4533 quomodo
2038 4483 2130 4520 nos
2162 4468 2299 4536 Î¸á½·Î³Ï‰-

718 4546 916 4615 giemus
940 4550 988 4601 si
1013 4558 1217 4602 tantam
1244 4554 1626 4620 neglexerimus
1655 4558 1881 4610 salutem
1898 4559 1941 4589 "
1975 4560 1999 4612 á¼²

790 4637 908 4693 ÎÎ¿Î¹Î¹
939 4656 1069 4711 ergo
1097 4642 1385 4705 Adamum,
1420 4648 1512 4699 sed
1546 4650 1896 4719 semetipsum
1931 4654 2305 4723 unusquisque

721 4740 968 4784 nostrum
1017 4744 1239 4786 accuset
1282 4745 1333 4787 et
1381 4737 1783 4804 reprehendat,
1826 4742 1877 4793 in
1936 4742 2303 4813 quodcunque

722 4832 1004 4892 peccatum
1039 4826 1312 4890 inciderit,
1350 4838 1404 4881 et
1437 4830 1482 4881 si
1514 4829 1679 4882 vitam
1719 4841 1978 4886 aeternam
2014 4834 2141 4887 velit
2172 4853 2304 4889 eon-

720 4915 873 4984 sequi
915 4914 969 4969 in
1009 4913 1259 4977 Domino.
1308 4919 1683 4985 paenitentiam
1711 4958 1725 4982 ,
1780 4930 1838 4973 ut
1885 4921 1975 4975 ille
2008 4925 2304 4990 ostendat,

721 5007 857 5061 ï¬‚ens
909 5008 962 5061 in
994 5007 1182 5062 dolore
1215 5010 1397 5063 cordis
1427 5010 1511 5063 sui
1548 5049 1561 5073 ,
1615 5021 1665 5063 et
1704 5011 1756 5065 in
1793 5015 2069 5084 agnitione
2104 5018 2185 5069 sui
2237 5019 2303 5070 al

720 5099 1147 5166 omnipotentem
1203 5098 1490 5153 Dominum
1547 5101 1791 5156 clamans
1840 5119 1855 5156 :
1908 5102 2049 5158 Ecce
2104 5107 2293 5171 vides,

724 5190 970 5255 Domine,
1005 5190 1174 5260 (quid
1220 5200 1302 5246 est
1334 5202 1511 5245 autem
1554 5195 1697 5263 quod
1746 5204 1802 5248 tu
1834 5212 1939 5249 non
1976 5198 2247 5268 videas?)
2278 5237 2295 5263 ,

721 5297 822 5351 ego
876 5298 1014 5351 opus
1070 5297 1331 5336 manuum
1396 5295 1646 5345 tuarum.
1698 5301 1861 5354 opera
1916 5286 2294 5343 IllalldJIOl'lllll

721 5382 944 5427 tuorum
998 5388 1103 5427 non
1162 5372 1262 5428 feci
1321 5375 1474 5429 :sed
1527 5392 1623 5444 per
1680 5378 1965 5436 stultitiam
2017 5381 2163 5433 omni
2214 5397 2299 5435 me

727 5464 935 5519 scelere
985 5466 1220 5535 alligavi.
1273 5467 1351 5520 Tu
1398 5468 1561 5537 igitur
1616 5470 1791 5524 bonus
1842 5471 2103 5525 Dominus
2134 5512 2148 5534 ,
2198 5490 2298 5543 ego

726 5565 910 5610 autem
942 5571 1051 5610 non
1091 5561 1486 5627 cognoscebant
1521 5571 1589 5615 te.
1624 5560 1776 5615 Nunc
1804 5563 1981 5615 audivi
2016 5565 2079 5616 de
2122 5574 2206 5628 te,
2245 5575 2297 5619 et

726 5650 1068 5716 contremui,
1119 5659 1172 5705 et
1206 5652 1334 5720 quid
1384 5655 1577 5709 faciant
1628 5654 1831 5710 nescio.
1877 5654 2117 5709 Intellexi
2150 5655 2296 5723 judi-

799 5836 844 5865 â€
878 5832 1038 5891 Deut.
1076 5835 1317 5902 â€œ1,23;
1352 5836 1632 5904 GulalJtt,
1683 5840 1762 5893 l3.
1846 5841 1889 5867 "â€˜
1935 5836 2139 5894 lJoan.

2208 5855 2243 5906 Î¹,
2307 5838 2385 5893 lii.

2399 3274 2661 3330 torculari
2697 3290 2834 3329 uvas
2864 3273 3211 3343 comprimit,
3243 3273 3594 3327 vehementer
3635 3269 3760 3323 inde
3794 3270 3981 3321 vinum

2398 3367 2678 3437 exprimit.
2727 3364 2861 3419 Nam
2892 3380 3026 3419 uvas
3058 3366 3150 3435 qtti
3184 3364 3401 3419 calcant
3436 3364 3707 3434 prinmm,
3740 3372 3986 3430 postmo-

2398 3459 2523 3512 dum
2551 3473 2644 3512 eas
2685 3472 2820 3513 saxo
2849 3457 3270 3528 superimmisso
3310 3458 3622 3527 exprimunt
3647 3495 3662 3517 ,
3686 3464 3739 3506 et
3770 3453 3837 3506 iis
3866 3466 3986 3506 om-

2401 3567 2522 3606 nem
2553 3552 2663 3606 vini
2706 3552 2987 3606 humorem
3023 3552 3267 3604 demunt.
3318 3549 3598 3604 lloininem
3654 3557 3834 3599 autem
3890 3543 3986 3597 Dei

2401 3643 2648 3697 timorem
2689 3642 2995 3711 ingressum
3023 3682 3037 3705 ,
3077 3640 3192 3709 ipse
3234 3641 3398 3695 timor
3444 3637 3701 3692 omnibus
3749 3651 3808 3689 se
3846 3651 3983 3689 eon-

2400 3732 2728 3787 culcandum
2788 3734 3027 3801 praebere
3060 3731 3211 3786 facit.
3267 3732 3328 3783 Et
3381 3746 3504 3786 cum
3542 3729 3889 3795 superbiam,
3928 3735 3984 3779 et

2402 3827 2756 3897 cogitationis
2786 3828 2973 3879 carnis
3003 3868 3017 3889 ,
3053 3840 3203 3878 vume
3235 3824 3421 3894 gloriae
3470 3822 3702 3892 cupidus
3741 3822 3987 3889 perfecte

2402 3920 2748 3983 contriverit,
2788 3928 2953 3987 atque
2981 3917 3263 3978 deleverit,
3295 3926 3423 3970 tunc
3457 3928 3642 3969 sancta
3681 3913 3989 3973 humilitas,

2403 4012 2491 4067 ille
2518 4012 2657 4083 lapis
2683 4053 2697 4077 ,
2732 4011 2825 4077 qui
2857 4019 3036 4064 mente
3073 4010 3393 4080 percipitur,
3430 4007 3742 4061 levissimus
3783 4015 3835 4059 et
3873 4004 3983 4056 uti-

2402 4106 2644 4159 lissitnus
2696 4104 2931 4172 desuper
2988 4101 3247 4169 illapsus,
3314 4101 3400 4155 ubi
3462 4109 3633 4154 totum
3695 4101 3984 4152 humorem

2402 4196 2702 4253 carnalium
2734 4195 3075 4263 voluptatum
3111 4192 3573 4261 aï¬‚â€™ectionumque
3604 4192 3941 4259 expresserit
3971 4229 3983 4248 .

2405 4293 2639 4343 animam
2667 4288 2737 4341 ita
2763 4300 3080 4355 expressam
3106 4324 3121 4349 ,
3157 4284 3366 4339 fructus
3417 4282 3560 4337 haud
3612 4284 3827 4336 inanem
3887 4284 3988 4337 de-

2404 4389 2674 4436 monstrat
2728 4399 2740 4433 :
2792 4378 2887 4433 sed
2942 4392 3065 4432 cum
3133 4392 3251 4430 eam
3318 4376 3541 4429 llutnine
3610 4375 3981 4444 lacrymaruat

2407 4474 2730 4543 perfuderit,
2760 4486 2956 4540 aquam
2990 4471 3167 4524 vivam
3203 4470 3468 4523 scaturire
3504 4467 3662 4531 facit,
3696 4477 3749 4520 et
3778 4466 3982 4520 inflicm

2335 4546 2435 4618 Da
2491 4573 2718 4632 peccato
2779 4564 2999 4613 vulnera
3057 4568 3255 4625 sanat,
3305 4574 3609 4628 eorumque
3669 4560 3879 4611 saniem
3934 4567 3992 4611 ct

2408 4657 2588 4709 ulcera
2626 4655 2816 4714 abluit,
2848 4662 2902 4706 et
2932 4653 3207 4705 hominem
3245 4652 3396 4703 illum
3431 4659 3602 4704 totunt
3636 4650 3759 4703 nive
3795 4650 3989 4702 randi-

2403 4747 2613 4800 diorem
2669 4744 2846 4798 reddit
2880 4762 2892 4796 :
2932 4743 3092 4796 modo
3138 4758 3206 4796 ne
3262 4743 3387 4809 quis
3435 4740 3601 4793 dubio
3649 4750 3703 4793 et
3758 4741 3987 4809 ancipiti

2403 4839 2567 4892 corde
2595 4837 2661 4890 ad
2700 4835 2864 4888 Deum
2895 4833 3141 4888 accedat.
3178 4833 3453 4886 Duiiitatio
3484 4832 3629 4886 enim
3664 4833 3851 4885 cordis
3877 4844 3985 4895 est,

2405 4926 2718 4981 ratiocinari
2746 4967 2761 4989 ,
2794 4933 2887 4978 aut
2918 4924 3075 4994 plane
3103 4939 3288 4978 secum
3323 4924 3392 4975 ita
3427 4926 3669 4988 cogitare
3696 4951 3719 4971 Ï
3758 4923 3993 4975 misere-

2405 5021 2552 5073 bitztr
2576 5019 2679 5072 tuei
2706 5018 2866 5079 Deus,
2900 5031 3077 5069 annon
3134 5014 3525 5069 miserebitur?
3554 5013 3691 5067 illud
3720 5055 3734 5079 ,
3761 5032 3943 5067 annon
3968 5017 3994 5069 2

2404 5108 2801 5162 incredulitatis
2850 5116 2953 5161 est.
3002 5106 3157 5172 Quod
3210 5106 3254 5158 si
3299 5121 3405 5158 non
3456 5104 3677 5165 credis.
3727 5120 3850 5157 eum
3908 5107 3990 5159 tui

2405 5203 2651 5258 misereri
2682 5203 2818 5254 velle
2847 5216 3013 5269 supra
3041 5216 3203 5270 quam
3236 5208 3544 5267 exspectas.
3576 5198 3705 5265 quid
3741 5200 3987 5256 accedis,

2403 5309 2640 5363 eumque
2675 5292 2871 5361 rogas?
2903 5293 3169 5360 Ancipitis
3201 5302 3380 5343 autem
3412 5288 3594 5341 cordis
3626 5296 3708 5341 est
3738 5328 3751 5348 ,
3790 5304 3898 5342 non
3931 5290 3989 5343 in

2407 5393 2634 5438 mortem
2675 5398 2901 5452 prorsus
2930 5382 3167 5450 scipsum
3202 5381 3413 5433 tradi-re
3437 5419 3449 5441 ,
3494 5386 3989 5446 propter.regt:u.;i

2406 5473 2668 5526 ctelorum
2703 5488 2716 5523 :
2746 5472 2838 5524 sed
2874 5471 2942 5523 de
2976 5471 3041 5523 iis
3085 5486 3203 5524 c-se
3236 5469 3532 5522 sollicitum
3560 5509 3574 5532 ,
3608 5484 3727 5536 qua:
3755 5468 3822 5520 ad
3862 5485 3990 5522 caro

2411 5579 2531 5615 nem
2564 5571 2831 5630 spectant.
2884 5558 2987 5625 Qui
3018 5560 3160 5613 enim
3220 5559 3547 5611 laborio~am
3601 5558 3989 5627 pmniIentiant

2411 5654 2540 5722 agit,
2574 5653 2675 5706 hoe
2714 5653 2889 5706 solum
2921 5667 3113 5705 cavere
3141 5650 3319 5714 debet,
3354 5666 3419 5705 ne
3450 5650 3686 5719 seipsum
3730 5650 3990 5705 machina

2468 5840 2503 5860 â€
2549 5838 2691 5895 llcbt'
2751 5854 2807 5903 Î¹Î¹,
2845 5840 2901 5901 :3,
2938 5837 2988 5891 5.
3073 5838 3114 5865 Î»Î½â¶
3156 5835 3349 5892 llâ€™cttâ€˜.
3384 5850 3440 5901 Î¹Î¹,
3471 5832 3560 5886 '32.
