4170 6452
206 400 317 463 505

195 516 381 582 aliqua
431 518 779 589 exstinguat,
834 529 888 575 et
952 524 1037 575 sui
1093 522 1367 579 homicida
1425 524 1516 577 fiat

191 608 391 675 gratia,
423 617 519 661 aut
546 625 612 662 ex
646 611 755 665 alto
780 628 837 666 se
866 615 1239 684 praecipitans,
1268 626 1360 673 aut
1380 618 1726 685 strangulans
1756 658 1769 681 ,

188 706 283 749 aut
325 699 474 751 aliud
512 710 700 756 contra
752 713 1004 759 naturam
1055 707 1156 760 sibi
1208 707 1468 763 inferens.
1539 708 1611 761 De
1644 712 1773 763 reli-

184 791 336 858 quis,
367 807 463 858 per
491 809 613 862 quze
638 810 840 865 corpus
875 800 943 850 ali
975 814 1041 852 ac
1097 803 1276 855 vivere
1308 807 1433 865 scit,
1473 818 1538 857 ne
1566 813 1720 857 curet
1757 823 1770 856 :

186 881 497 936 secundum
570 884 701 938 illud
756 900 1071 944 sanctorum
1131 894 1412 948 oraculum
1466 915 1476 944 :
1541 895 1774 961 Qurerite

182 972 417 1036 primunt
458 991 678 1044 regnum
716 977 813 1031 Dei
841 1020 856 1045 ,
910 992 959 1033 et
989 983 1099 1034 Iure
1131 986 1308 1037 onmia
1362 986 1449 1055 (ad
1503 1004 1659 1041 usum
1692 991 1773 1041 vi-

186 1062 386 1115 delicet
439 1067 687 1135 corporis
747 1073 1092 1138 necessaria)
1146 1076 1465 1142 adﬁcientur
1527 1080 1666 1132 vobis
1700 1081 1769 1134 “.

189 1150 379 1208 Potest
410 1171 669 1227 namque,
699 1160 792 1228 qui
824 1161 987 1216 vitam
1017 1164 1070 1218 in
1099 1166 1397 1222 certamine
1419 1169 1590 1234 ducit,
1622 1181 1675 1225 et
1707 1188 1771 1225 ex

188 1248 521 1317 praescripto
549 1249 831 1320 Evangelii
866 1254 1021 1323 vivit,
1056 1257 1175 1313 solo
1202 1273 1340 1329 pane
1363 1301 1379 1324 ,
1432 1270 1487 1315 et
1530 1279 1668 1332 aqua
1699 1265 1768 1318 ali

186 1339 435 1404 quotidie
461 1382 474 1403 ,
514 1353 567 1396 et
605 1345 822 1410 vivere,
850 1358 902 1402 et
953 1349 1192 1404 habitior
1242 1368 1365 1408 esse
1391 1392 1407 1415 ,
1467 1370 1629 1423 quam
1675 1357 1769 1426 qni

186 1428 396 1482 Iliensis
462 1430 870 1492 delicatioribus
948 1442 1303 1497 accumbunt.
1376 1444 1643 1511 Quoclrca
1717 1461 1769 1502 et

187 1515 395 1571 Paulus
428 1520 593 1587 hujus
631 1524 708 1577 rei
732 1540 937 1593 gnarus
960 1528 1208 1597 dicebat,
1240 1547 1566 1604 semperque
1590 1539 1723 1591 dicit
1751 1559 1765 1593 :

186 1609 457 1663 Habentes
505 1614 696 1665 victum
724 1655 738 1674 .
773 1627 822 1670 et
870 1620 1061 1687 quibus
1121 1633 1360 1692 tegamur
1406 1626 1485 1679 Itis
1539 1632 1769 1681 contenti

185 1699 351 1751 simus
388 1702 439 1755 ί.
477 1701 540 1755 Et
590 1720 807 1761 rursum
856 1726 870 1762 :
909 1709 975 1763 Ut
1011 1712 1061 1766 in
1110 1714 1256 1769 nobis
1296 1718 1424 1780 ipsis
1460 1735 1766 1787 responsum

188 1789 374 1840 mortis
418 1790 697 1857 habentes,
742 1813 844 1849 non
880 1801 1040 1853 simul
1070 1802 1287 1870 ﬁdentes
1319 1806 1372 1859 in
1414 1807 1560 1861 nobis
1599 1810 1725 1876 ipsis
1750 1849 1765 1875 ,

184 1881 274 1931 seri
305 1882 359 1933 in
391 1881 515 1945 Deo,
549 1888 639 1954 qui
667 1892 886 1941 suscitat
922 1906 1153 1947 mortuos
1184 1897 1224 1950 '.

255 1967 362 2034 En,
386 1970 584 2028 fratres
610 1974 815 2039 dilecti,
849 1978 1162 2044 docuimus,
1190 1987 1467 2052 quomodo
1496 1988 1560 2042 ad
1594 1987 1760 2043 Deum

192 2065 594 2129 accedendum,
645 2076 699 2121 et
756 2072 933 2139 qualis
983 2075 1031 2126 ei
1079 2077 1401 2143 pmnitentia
1453 2082 1761 2138 exhibenda

185 2152 278 2204 sit.
330 2152 407 2207 Ne
450 2156 618 2223 igitur
658 2160 728 2213 ab
768 2177 832 2214 ea
887 2179 1060 2233 usque
1108 2168 1174 2219 ad
1227 2169 1485 2224 ultimum
1532 2173 1761 2229 halitum

190 2256 442 2298 nostrum
505 2248 861 2318 desistamus,
918 2272 1095 2326 neque
1147 2260 1275 2314 boni
1333 2262 1493 2333 hujus
1546 2268 1760 2324 COIlSiili

188 2347 287 2385 nos
310 2338 493 2404 capiat
520 2339 745 2395 oblivio.
783 2342 839 2396 Si
865 2345 1008 2398 enim
1039 2349 1103 2401 ad
1136 2348 1268 2411 haec.
1304 2350 1415 2406 Deo
1442 2357 1760 2425 adjuvante,

186 2435 242 2478 et
291 2429 356 2480 ad
416 2429 517 2484 hoc
570 2448 708 2501 onus
760 2440 1095 2503 pmnitentiae
1162 2445 1598 2514 ineubuerimus,
1656 2454 1759 2523 ipsi

188 2523 397 2575 sensim
432 2525 641 2594 majora
674 2532 935 2599 mysmria
971 2536 1358 2605 intelligemus,
1397 2557 1634 2613 superna
1669 2547 1760 2601 illa

186 2615 363 2678 gratia
413 2616 590 2672 edocti
643 2638 659 2675 :
704 2636 805 2678 nec
856 2624 1034 2681 solum
1083 2630 1207 2684 l'ons
1242 2632 1631 2704 lacrymarum,
1663 2640 1759 2694 sed

188 2703 355 2758 etiam
410 2712 657 2766 omnium
703 2730 991 2784 pravarum
1040 2703 1392 2781 affectionum
1440 2729 1654 2791 horror.
1708 2744 1762 2789 et

189 2793 451 2848 alienatio
486 2813 583 2866 per
617 2801 1000 2866 hujuscemodi
1035 2812 1287 2866 actiones
1324 2814 1483 2867 nobis
1527 2816 1760 2871 donabi—

189 2892 300 2939 tnr.
335 2884 470 2939 Nam
523 2894 900 2960 pteniteutiam
936 2907 990 2953 et
1022 2906 1500 2971 compunctionem
1545 2923 1762 2981 semper

187 2978 502 3045 exquirere,
536 2992 589 3035 et
618 2987 856 3041 scrutari
890 3004 1011 3058 qua!
1037 2992 1101 3046 ad
1135 2994 1455 3062 iugenduut,
1494 2978 1756 3066 ﬂendum,

186 3069 490 3124 dolendum
539 3076 781 3142 valeant,
829 3095 1006 3151 eaque
1050 3086 1212 3139 enixe
1271 3099 1551 3155 praestare,
1599 3102 1654 3145 et
1705 3094 1758 3147 in

1497 412 1785 472 ORATIO
1819 413 2103 479 XXXI".

3343 424 3448 487 506

1566 539 1580 576 :
1625 525 1772 579 verbi
1805 530 1848 585 Α
1881 523 2111 580 fricuisti
2149 526 2424 590 manibus,
2459 535 2515 580 ut
2548 528 2786 583 fructum
2819 527 3063 583 laborum
3095 537 3315 585 tuorum
3352 532 3450 585 ab-

1878 615 2117 669 solutum
2149 617 2467 686 aspiceres?
2504 634 2570 671 eo
2605 630 2784 673 autem
2818 626 3087 687 spectato,
3120 637 3248 673 num
3280 621 3448 675 alitus

1877 706 1943 759 ad
1987 711 2353 775 saturitatem,
2396 720 2451 764 et
2483 710 2690 764 viribus
2734 711 2913 766 factus
2945 727 3005 768 es
3039 714 3353 768 robustior?
3389 714 3445 769 Si

1877 797 2071 852 horum
2103 809 2288 855 certus
2319 817 2399 865 es,
2438 801 2625 869 pedes,
2649 811 2704 855 et
2737 804 2961 872 vestigia
2994 804 3193 873 pedum
3227 813 3445 857 tuorum

1875 890 2068 955 adoro,
2109 899 2161 945 et
2192 895 2503 958 cxosculor,
2539 909 2646 948 non
2682 894 2827 949 enim
2860 895 3060 962 dignus
3093 911 3212 950 smn
3247 895 3444 948 faciem

1875 990 2025 1034 tttam
2056 982 2315 1035 osculari.
2360 981 2684 1052 Triumpho,
2726 994 2781 1039 et
2817 985 3052 1048 cxsulta,
3087 999 3211 1040 cum
3245 988 3447 1057 gaudio

1875 1073 2158 1140 colligens,
2199 1088 2321 1141 quae
2397 1090 2520 1129 cum
2570 1075 2752 1131 labore
2801 1088 2856 1131 et
2910 1078 3236 1132 lassitudine
3279 1081 3445 1134 senii-

1875 1164 2043 1218 uasti.
2075 1165 2170 1217 Sin
2196 1174 2378 1219 autem
2400 1175 2455 1220 et
2485 1168 2601 1236 ipsa
2630 1183 2751 1237 qua:
2781 1183 2811 1221 a
2844 1184 2928 1223 me
2957 1170 3214 1223 dicuntur
3240 1172 3442 1234 neseis,

1873 1263 1924 1308 et
1958 1270 2135 1323 neque
2165 1271 2232 1309 an
2267 1259 2321 1312 in
2355 1268 2502 1313 terra
2536 1269 2648 1324 tua,
2684 1261 2736 1314 in
2772 1274 2926 1330 agro,
2971 1261 3220 1329 inquam,
3259 1261 3446 1317 cordis

1874 1346 1977 1407 tui,
2011 1345 2079 1400 de
2122 1345 2391 1416 fructibus
2430 1351 2752 1407 melioribus
2778 1354 3113 1407 semiustum
3140 1354 3234 1418 sit,
3272 1355 3442 1416 nosti,

1874 1449 2033 1489 narra
2087 1437 2245 1504 mihi,
2295 1448 2578 1496 extremos
2618 1442 2769 1496 orbis
2813 1451 3087 1498 terrarum
3137 1446 3270 1497 lines
3309 1444 3440 1497 dum

1871 1527 2079 1589 obiisti,
2120 1535 2176 1582 et
2219 1530 2408 1585 ultima
2448 1533 2619 1605 pelagi
2673 1535 2846 1602 spatia
2894 1551 3152 1590 emensus
3193 1550 3276 1597 es,
3306 1536 3440 1605 quid

1872 1617 2188 1684 proiecisti?
2228 1618 2369 1675 Nihil
2405 1625 2616 1691 utique.
2660 1625 2717 1682 Si
2760 1627 2906 1679 enim
2942 1626 2997 1680 in
3035 1627 3439 1697 clcemosynam

1871 1706 2071 1761 dedero
2112 1718 2284 1764 totmn
2343 1714 2628 1779 mundum,
2663 1731 2769 1769 non
2814 1725 2994 1771 tamen
3037 1717 3104 1771 de
3148 1718 3302 1783 meis,
3347 1718 3440 1772 sed

1871 1810 2011 1858 esto.
2047 1802 2111 1853 de
2144 1803 2300 1863 meis.
2334 1819 2418 1857 mc
2448 1818 2631 1858 autem
2663 1807 2865 1860 nudum
2898 1817 2952 1861 et
2988 1809 3203 1877 inopem
3241 1810 3441 1873 sivero,

1869 1895 1922 1941 et
1955 1890 2025 1940 ita
2061 1888 2113 1941 in
2148 1891 2413 1944 bonorum
2446 1903 2686 1963 egestate
2712 1897 3059 1959 moriturum,
3095 1910 3149 1952 et
3180 1899 3245 1951 ad
3277 1902 3441 1953 terri-

1870 1978 1976 2031 bile
2004 1980 2207 2034 (Zhristi
2234 1985 2470 2037 tribunal
2502 1986 2830 2046 sistendum.
2856 1990 2987 2058 quid
3023 1991 3151 2043 ntihi
3179 1992 3442 2060 prodest?

1868 2070 2092 2127 indutos
2142 2083 2197 2128 et
2249 2086 2473 2130 ornatos
2531 2096 2560 2130 e
2609 2094 2841 2148 corpore
2886 2083 3035 2136 exire
3080 2094 3340 2153 Oportet,
3391 2088 3438 2139 si

1866 2162 2028 2216 modo
2063 2166 2291 2217 velimus
2320 2166 2373 2219 itt
2405 2167 2612 2235 nuptiis
2654 2168 2814 2238 Regis
2843 2186 2949 2225 una
2987 2189 3108 2225 cura
3141 2174 3261 2242 ejus
3299 2176 3438 2227 anti-

1865 2256 1947 2309 cis
1989 2255 2353 2311 discumbere.
2404 2259 2543 2323 Quid
2587 2276 2749 2330 porro
2790 2274 2899 2327 est,
2937 2265 3082 2329 quod
3128 2274 3180 2319 et
3215 2282 3335 2335 ego,
3383 2280 3437 2319 t'l

1866 2361 2056 2402 omnes
2097 2350 2258 2403 amici
2300 2350 2418 2418 ejus
2456 2354 2851 2421 superinducre
2883 2355 3167 2419 debemus,
3205 2372 3271 2411 ne
3308 2369 3379 2412 ιιι·
3407 2376 3436 2413 c

1866 2440 1995 2494 nudi
2033 2444 2432 2511 appareamus?
2458 2444 2711 2501 Christus
2745 2458 2798 2502 et
2833 2448 2972 2504 Deus
3001 2448 3219 2506 fratrea.

1934 2530 2090 2597 Quod
2139 2534 2185 2587 si
2236 2535 2576 2601 universum,
2631 2539 2722 2606 qui
2771 2540 2877 2594 sub
2913 2541 3056 2596 caelo
3103 2550 3206 2603 est.
3246 2546 3436 2599 orbem

1866 2638 2249 2694 peragravero,
2285 2631 2602 2697 nullamque
2641 2632 2940 2700 regionem,
2975 2642 3069 2687 aut
3102 2635 3314 2701 urbem,
3345 2649 3439 2692 aut

1862 2715 2151 2770 ecclesiam
2201 2724 2623 2787 prmtermisero,
2678 2722 2729 2774 in
2782 2739 2947 2792 quam
2992 2740 3098 2779 non
3147 2725 3433 2781 adoratum

1862 2807 2155 2872 introeant,
2195 2810 2454 2879 ipsasque
2482 2814 2617 2867 bene
2644 2813 3069 2883 perlustravero,
3104 2826 3155 2871 et
3184 2828 3439 2873 accurate

1862 2914 2191 2969 Cognovero,
2242 2917 2412 2972 regno
2455 2912 2636 2957 autem
2673 2904 2881 2960 ccelcsti
2915 2907 3195 2973 exeidero,
3236 2910 3434 2977 ecquid

1864 3009 1971 3047 non
2008 2994 2205 3047 melius
2231 3004 2368 3058 erat,
2409 3012 2493 3049 me
2528 3013 2809 3066 nunquam
2850 3008 3036 3052 natum
3070 3016 3213 3064 esse,
3248 3017 3344 3054 nec
3381 3002 3435 3053 in

1865 3092 2069 3137 terram
2106 3086 2395 3149 cecidisse,
2439 3096 2528 3139 aut
2571 3089 2825 3156 spiritum
2882 3089 3027 3143 hunc
3072 3090 3277 3143 ducere
3322 3104 3435 3143 etr-

187 3161 343 3214 nullo
373 3163 476 3217 sibi
513 3169 756 3234 potiores
790 3173 1026 3241 deferre,
1058 3185 1151 3231 aut
1181 3180 1291 3233 ulla
1319 3195 1382 3233 ex
1420 3192 1572 3252 parte
1603 3187 1754 3240 carui

1866 3172 2035 3240 pisse,
2063 3182 2115 3226 et
2152 3175 2326 3227 oculis
2358 3180 2529 3229 solem
2562 3177 2885 3245 aspexisse?
2917 3176 3116 3244 Etiam,
3161 3181 3263 3232 hoe
3303 3180 3432 3232 mihi

186 3253 463 3322 obsequi,
498 3264 823 3329 compendio
857 3269 1094 3333 quodam
1146 3269 1421 3327 hominem
1462 3276 1530 3328 ad
1566 3276 1755 3344 perfe-

182 3346 451 3412 ctionem,
477 3353 615 3404 ctad
652 3356 965 3422 puritatem,
994 3358 1397 3433 aﬂectuumque
1433 3370 1758 3425 vacuitatem

184 3436 429 3501 deducit,
484 3449 537 3493 et
585 3446 762 3498 sancti
819 3447 1059 3514 Spiritus
1103 3455 1424 3525 participem
1471 3458 1654 3517 efﬁcit.
1696 3462 1761 3515 Et

188 3528 303 3581 haec
331 3529 578 3597 quidem,
618 3537 662 3588 si
713 3541 1093 3607 pmnitentiam
1162 3555 1217 3599 et
1253 3549 1636 3605 contritionem
1675 3551 1760 3605 di-

184 3617 509 3676 iexerimus.
552 3626 646 3679 Siti
676 3630 1040 3699 noluerinms,
1070 3652 1301 3707 quaeque
1332 3641 1477 3695 dicta
1520 3652 1671 3707 sunt,
1703 3645 1756 3697 in

184 3709 253 3764 iis
289 3712 409 3765 sine
445 3713 849 3775 intermissione
880 3739 989 3778 non
1018 3726 1506 3798 elaboraret-imus,
1539 3750 1606 3789 ne
1635 3736 1758 3804 quis

183 3811 366 3856 tamen
425 3806 678 3877 loquatur
727 3812 911 3883 itnpic,
954 3826 1007 3871 et
1050 3819 1197 3872 dicat
1239 3821 1289 3875 id
1330 3838 1454 3877 esse
1500 3825 1759 3893 impossi-

183 3891 335 3943 bile:
366 3907 489 3956 nec,
516 3897 661 3963 quod
695 3900 795 3953 ista
833 3903 884 3955 in
920 3905 1157 3959 medium
1189 3910 1369 3971 attuli,
1405 3926 1493 3967 me
1524 3891 1755 3969 multum

182 3984 469 4039 abundare
521 3990 656 4053 otio,
713 4008 889 4063 neque
944 4010 1228 4053 recenseat
1272 4002 1429 4068 mihi,
1492 4014 1755 4074 quantum

181 4077 304 4128 auri
341 4081 666 4149 argentique
693 4082 1060 4152 distribuerit,
1092 4105 1157 4145 ac
1188 4093 1513 4162 disperserit
1554 4114 1567 4149 :
1620 4113 1757 4153 neve

180 4164 351 4227 dicat,
385 4176 465 4221 tot
495 4179 547 4222 et
581 4180 657 4224 tot
684 4177 749 4227 de
780 4174 1135 4235 facultatibus
1166 4185 1301 4238 meis
1326 4188 1503 4242 nudos
1538 4193 1753 4257 vestivi,

180 4262 496 4315 esurientes
528 4265 661 4329 alui,
694 4268 945 4324 sitientes
986 4275 1185 4341 potavi.
1223 4279 1405 4330 omnia
1444 4296 1561 4334 mea
1588 4281 1758 4337 dilar-

178 4352 330 4417 gitus
362 4368 507 4417 sum,
550 4361 672 4410 veni
708 4360 761 4411 in
808 4360 956 4415 hunc
1001 4374 1261 4432 montem,
1298 4370 1495 4424 intravi
1534 4374 1585 4426 in
1618 4374 1757 4429 hanc

180 4442 527 4509 speiunram,
564 4449 629 4500 ad
664 4448 875 4503 Domini
902 4455 1214 4521 sepulcrum
1246 4461 1481 4527 accessi,
1516 4465 1568 4516 in
1596 4480 1754 4520 mon-

1865 3263 2059 3318 mclius
2092 3273 2227 3316 erat.
2264 3263 2403 3329 Quid
2450 3267 2613 3333 igitur
2644 3267 2860 3333 faciam,
2892 3284 2959 3321 ne
2994 3268 3093 3322 hoc
3131 3285 3294 3337 regno
3327 3272 3435 3339 pri-

1864 3357 2000 3410 ver‘!
2058 3358 2113 3409 Si
2174 3357 2392 3413 functus
2454 3362 2709 3414 omnibus
2768 3363 3099 3430 pmnitentiae
3149 3364 3432 3429 operibus,

1866 3446 2128 3517 Spiritum
2167 3463 2417 3505 sanctum
2460 3467 2742 3522 accvpero.
2783 3453 2933 3509 Istud
2978 3455 3177 3524 quippe
3215 3465 3301 3509 est
3344 3472 3433 3509 se-

1864 3552 1988 3591 tnen
2027 3537 2254 3599 Christi,
2291 3554 2384 3607 per
2429 3542 2569 3607 quod
2625 3557 2723 3596 nos
2768 3558 3058 3612 pauperes,
3088 3554 3140 3596 et
3175 3545 3435 3599 mortales

1861 3629 1984 3697 ejus
2021 3631 2269 3698 cognatis
2294 3634 2648 3686 aseribimur.
2686 3633 2840 3699 Quod
2873 3637 2916 3688 si
2950 3635 3211 3689 ceciderit
3244 3636 3298 3689 in
3326 3645 3434 3690 ter-

1862 3733 1976 3772 ram
2021 3720 2240 3781 bonam,
2295 3720 2532 3775 fructum
2588 3723 2710 3785 fert,
2760 3740 2926 3777 unum
2977 3726 3333 3790 tricesimum,
3379 3738 3435 3781 et

1860 3813 2006 3866 aliud
2036 3815 2460 3880 sexagesimum.
2494 3814 2635 3867 aliud
2671 3817 3034 3870 centesimum
3059 3818 3099 3872 ⁸,
3129 3820 3302 3886 Atque
3330 3819 3434 3872 hoe

1862 3905 2040 3972 ipsum
2092 3915 2176 3960 est
2225 3922 2452 3975 regnum
2501 3910 2765 3962 cmlorum
2806 3926 2818 3961 :
2863 3918 3056 3963 cmtera
3099 3915 3281 3965 omnia
3315 3900 3434 3968 sine

1862 3996 1965 4050 hoc
2015 3997 2150 4050 nihil
2206 4000 2482 4053 commodi
2534 3999 2759 4056 habent.
2810 3998 2924 4055 Nisi
2982 4002 3158 4066 enim,
3213 4003 3431 4067 fratres,

1862 4089 2033 4140 nostri
2088 4088 2331 4157 ipsorum
2383 4089 2765 4155 misereantur,
2820 4103 2872 4144 et
2918 4108 3012 4161 per
3051 4094 3430 4161 paenitentiam

1860 4180 2072 4233 animas
2108 4189 2328 4235 nostras
2378 4192 2656 4250 purgatas,
2693 4198 2755 4236 ac
2797 4184 3018 4237 luminis
3058 4186 3245 4253 plenas
3283 4187 3434 4241 inve-

1860 4270 2102 4333 niamus,
2135 4272 2269 4325 nihil
2306 4287 2406 4325 nos
2443 4275 2547 4325 alia
2576 4274 2772 4328 fet-isse
2798 4274 3032 4343 juvabit,
3064 4287 3121 4328 ut
3147 4276 3221 4329 ait
3254 4275 3434 4330 Domi-

1862 4377 1985 4423 nus,
2019 4371 2071 4415 et
2114 4363 2256 4417 Deus
2288 4374 2477 4418 noster
2512 4382 2524 4416 :
2564 4364 2704 4429 Quid
2742 4368 2955 4432 prodest
2991 4368 3209 4431 homini,
3240 4370 3285 4422 si
3314 4372 3433 4423 uni-

1860 4469 2065 4505 versum
2117 4454 2370 4507 mundum
2411 4457 2661 4519 lucretur,
2713 4459 2904 4512 anime
2948 4474 3065 4511 vero
3112 4475 3222 4514 sua:
3266 4460 3432 4513 detri-

180 4542 290 4584 letn
328 4536 608 4589 Oli\arunt
657 4543 900 4603 ascendi,
940 4552 992 4595 (ιι
1039 4561 1182 4600 nunc
1223 4549 1276 4601 in
1323 4549 1425 4602 hoc
1472 4566 1753 4608 ηιοηηειρ-
1787 4533 1830 4586 Ι)
1862 4554 2089 4596 mentum
2118 4547 2395 4612 patiatur?
2425 4558 2517 4599 aut
2565 4565 2723 4614 quam
2769 4549 2917 4602 dabit
2955 4550 3107 4603 homo
3142 4562 3429 4605 commuta-

179 4618 326 4672 rium
364 4636 451 4675 me
480 4624 683 4691 abdidi,
718 4637 771 4680 et
800 4630 912 4697 jam
945 4630 1235 4699 detonsus,
1268 4648 1360 4690 aut
1392 4639 1556 4693 etiam
1594 4652 1751 4698 antea

176 4709 469 4777 detonsus,
514 4716 567 4768 in
609 4719 742 4770 cella
773 4721 962 4787 sedeo,
1000 4733 1210 4778 tantum
1243 4743 1531 4783 numerum
1561 4748 1752 4800 preca-

175 4802 390 4855 tionutn
424 4804 679 4870 fundens,
708 4825 830 4863 cum
862 4813 946 4866 his
975 4816 1248 4879 salvahor,
1282 4826 1335 4871 et
1367 4820 1571 4876 sutlicit
1597 4826 1750 4880 tnihi.

175 4893 255 4947 Ne
297 4896 395 4948 tibi
446 4897 628 4951 fucum
681 4900 871 4966 facias,
921 4906 1239 4977 quicunque
1284 4925 1368 4975 es,
1416 4911 1605 4977 irater,
1657 4933 1757 4971 nec

177 4984 419 5051 teipsum
455 4989 611 5043 vanis
635 4993 1063 5060 cogitationibus
1092 4999 1416 5067 insipienter
1444 5005 1752 5061 consolere.

176 5073 305 5129 llxc
354 5077 501 5131 enim
546 5084 730 5135 omnia
780 5085 943 5149 bona,
991 5098 1043 5140 et
1090 5091 1245 5144 valde
1287 5093 1426 5146 bona
1475 5105 1627 5159 sunt,
1661 5100 1753 5151 sed

175 5182 368 5221 semen
422 5178 631 5224 tantum
679 5191 801 5228 esse
856 5178 1016 5229 scito.
1077 5178 1210 5235 Vide
1268 5182 1433 5251 igitur
1486 5192 1749 5259 (exempli

173 5264 368 5327 causa)
399 5276 590 5331 agrum
625 5269 924 5333 renovasti,
962 5270 1148 5323 lituum
1196 5276 1472 5341 Sparsisti,
1519 5281 1749 5335 tribulos

173 5349 402 5410 vellisti,
431 5354 739 5409 seminasti.
775 5356 892 5411 Non
925 5374 1055 5428 ergo
1076 5377 1141 5413 ex
1172 5363 1334 5415 herba
1372 5374 1528 5418 terr.e
1558 5382 1743 5422 semen

173 5456 235 5494 se
256 5444 572 5509 ostendere,
599 5462 728 5500 nutn
759 5452 999 5505 crevisse
1024 5456 1380 5521 comperisti?
1410 5474 1537 5511 num
1568 5461 1749 5527 spicas

174 5535 538 5601 prodeuntes,
578 5553 705 5591 num
750 5541 902 5595 albas
945 5544 1140 5597 anima:
1173 5552 1279 5599 tua?
1324 5558 1556 5615 segetes,
1600 5559 1654 5604 et
1684 5553 1750 5605 ad

174 5637 413 5677 messem
443 5626 674 5684 idoneas
723 5635 1095 5702 conspexisti?
1129 5637 1322 5690 rellisti
1362 5641 1545 5708 spicas
1579 5640 1751 5697 inde?

244 5734 514 5813 alpha“.
551 5756 622 5803 τι,
666 5745 753 5799 53,
866 5747 880 5778 ¹
920 5746 1107 5801 lTint.
1165 5765 1233 5813 vr,
1293 5750 1341 5807 8.

176 5820 229 5867 1,
260 5805 350 5860 39.

1448 5756 1467 5785 ³
1494 5753 1533 5808 il
1574 5754 1700 5809 Cor.
1739 5772 1773 5815 ι,
1808 5758 1859 5809 9.

1862 4634 2053 4687 tionem
2088 4650 2181 4702 pro
2208 4640 2388 4689 anima
2421 4653 2516 4689 sua
2542 4639 2598 4690 ~?
2629 4640 2693 4692 lit
2728 4638 2920 4692 iterum
2954 4659 2967 4694 :
3004 4640 3107 4705 Qui
3140 4644 3433 4710 perdiderit

1862 4727 2094 4779 animum
2127 4745 2301 4795 suam,
2344 4732 2459 4783 sive
2509 4732 2733 4795 mundo,
2782 4740 2875 4784 aut
2912 4733 2978 4785 iis
3009 4732 3103 4800 qui
3140 4734 3193 4786 in
3232 4736 3431 4790 niuudo

1861 4831 1991 4874 sunt
2043 4830 2336 4884 inortuam,
2379 4832 2433 4876 et
2477 4826 2595 4875 s‘ne
2645 4840 2811 4878 sensu
2855 4826 3171 4889 reddiderit,
3222 4839 3425 4895 propter

1858 4927 1958 4973 me,
1989 4913 2212 4965 inveniet
2244 4914 2419 4966 eant'.
2454 4915 2555 4978 Qui
2593 4924 2775 4968 autem
2807 4918 3073 4969 invenerit
3103 4933 3221 4971 eam
3251 4920 3303 4971 in
3334 4920 3432 4973 ali-

1856 5018 1962 5070 qua
1992 5005 2175 5056 carnis
2206 5006 2505 5069 voluntate,
2542 5007 2729 5071 perdet
2760 5023 2901 5060 eam.
2935 5008 2989 5060 Si
3021 5009 3186 5076 igitur
3213 5011 3427 5065 animas

1858 5103 2076 5148 nostras
2127 5110 2234 5147 non
2286 5097 2357 5147 ita
2413 5109 2631 5165 propter
2680 5098 2961 5152 Christum
3004 5099 3427 5168 perdiderimus,

1864 5199 2193 5254 rursumque
2226 5187 2616 5250 invenerimus,
2666 5189 2885 5257 quando
2915 5204 3039 5243 cum
3088 5191 3307 5245 Christo
3348 5193 3431 5246 rio

1859 5282 1970 5327 tam
2022 5278 2412 5345 sempiternam
2455 5280 2774 5341 vixerimus,
2819 5281 2945 5349 quid
2992 5282 3199 5350 reliqua
3241 5284 3424 5337 omnia

1857 5369 2016 5421 nobis
2042 5370 2390 5422 emolumenti
2415 5371 2660 5423 dabunt?
2687 5371 2917 5426 Prorsus
2942 5373 3076 5425 nihil
3104 5376 3423 5441 proderunt,

1852 5457 2034 5511 dilecti
2073 5460 2213 5510 servi
2256 5461 2480 5521 Christi,
2532 5478 2628 5514 nec
2667 5462 2734 5515 ab
2770 5464 2991 5517 aeternis
3037 5461 3273 5519 ﬂammis
3322 5480 3422 5519 nos

1854 5562 2116 5602 asset-ent.
2144 5552 2325 5615 Quare
2349 5553 2555 5614 onmia,
2589 5560 2643 5606 et
2674 5568 2864 5607 omnes
2895 5556 3288 5624 relinquentes,
3320 5572 3423 5611 nos

1855 5642 2001 5707 ipsos
2034 5641 2205 5705 solus,
2240 5652 2294 5694 et
2323 5652 2510 5696 nostra
2549 5654 2810 5713 perpetuo
2836 5644 3213 5714 inspiciamus,
3245 5647 3421 5703 donec

1981 5759 1999 5788 ’
2031 5756 2215 5810 .‘latth.
2250 5757 2365 5822 sui,
2393 5756 2443 5811 8.
2560 5758 2573 5787 "
2604 5758 2791 5813 Matth.
2844 5774 2949 5822 κη,
2975 5759 3065 5814 ‘26.
3176 5763 3197 5795 ⁸
3226 5758 3416 5816 Matth.
