  <div class='ocr_page' id='page_1' title='image "/cluster/home/n/w/nwhite01/storage/ocr_20150623/120/nnc1.0046979972/249.png"; bbox 0 0 4170 6452; ppageno 0'>
   <div class='ocr_carea' id='block_1_1' title="bbox 736 374 845 442">
    <p class='ocr_par' dir='ltr' id='par_1_1' title="bbox 736 374 845 442">
     <span class='ocr_line' id='line_1_1' title="bbox 736 374 845 442; baseline -0.009 -9"><span class='ocrx_word' id='word_1_1' title='bbox 736 374 845 442; x_wconf 76' lang='lat'><strong>507</strong></span> 
     </span>
    </p>
   </div>
   <div class='ocr_carea' id='block_1_2' title="bbox 1977 387 2761 450">
    <p class='ocr_par' dir='ltr' id='par_1_2' title="bbox 1977 387 2761 450">
     <span class='ocr_line' id='line_1_2' title="bbox 1977 387 2761 450; baseline 0.004 -4"><span class='ocrx_word' id='word_1_2' title='bbox 1977 387 2357 450; x_wconf 81' lang='lat' dir='ltr'><strong>SYMEONIS</strong></span> <span class='ocrx_word' id='word_1_3' title='bbox 2395 389 2761 450; x_wconf 77' lang='lat' dir='ltr'><strong>JUNlOlllS</strong></span> 
     </span>
    </p>
   </div>
   <div class='ocr_carea' id='block_1_3' title="bbox 3891 388 4000 454">
    <p class='ocr_par' dir='ltr' id='par_1_3' title="bbox 3891 388 4000 454">
     <span class='ocr_line' id='line_1_3' title="bbox 3891 388 4000 454; baseline 0 0"><span class='ocrx_word' id='word_1_4' title='bbox 3891 388 4000 454; x_wconf 79' lang='lat'><strong>508</strong></span> 
     </span>
    </p>
   </div>
   <div class='ocr_carea' id='block_1_4' title="bbox 736 490 4000 571">
    <p class='ocr_par' dir='ltr' id='par_1_4' title="bbox 736 490 4000 571">
     <span class='ocr_line' id='line_1_4' title="bbox 736 490 4000 571; baseline 0.002 -24"><span class='ocrx_word' id='word_1_5' title='bbox 736 490 807 547; x_wconf 84' lang='lat' dir='ltr'><strong>iis</strong></span> <span class='ocrx_word' id='word_1_6' title='bbox 855 507 976 561; x_wconf 68' lang='lat' dir='ltr'><strong>quae</strong></span> <span class='ocrx_word' id='word_1_7' title='bbox 1018 492 1330 553; x_wconf 88' lang='lat' dir='ltr'><strong>deterioris.</strong></span> <span class='ocrx_word' id='word_1_8' title='bbox 1365 491 1416 547; x_wconf 81' lang='lat' dir='ltr'><strong>id</strong></span> <span class='ocrx_word' id='word_1_9' title='bbox 1454 502 1559 558; x_wconf 86' lang='lat' dir='ltr'><strong>est,</strong></span> <span class='ocrx_word' id='word_1_10' title='bbox 1594 496 1848 566; x_wconf 84' lang='lat' dir='ltr'><strong>corporis</strong></span> <span class='ocrx_word' id='word_1_11' title='bbox 1884 506 2034 564; x_wconf 90' lang='lat' dir='ltr'><strong>sunt,</strong></span> <span class='ocrx_word' id='word_1_12' title='bbox 2066 499 2227 556; x_wconf 91' lang='lat' dir='ltr'><strong>victis</strong></span> <span class='ocrx_word' id='word_1_13' title='bbox 2259 507 2313 556; x_wconf 93' lang='lat' dir='ltr'><strong>et</strong></span> <span class='ocrx_word' id='word_1_14' title='bbox 2342 506 2390 563; x_wconf 81' lang='grc' dir='ltr'><strong>Α</strong></span> <span class='ocrx_word' id='word_1_15' title='bbox 2418 515 2633 557; x_wconf 91' lang='lat' dir='ltr'><strong>omnem</strong></span> <span class='ocrx_word' id='word_1_16' title='bbox 2661 502 2822 571; x_wconf 83' lang='lat' dir='ltr'><strong>hujus</strong></span> <span class='ocrx_word' id='word_1_17' title='bbox 2845 500 2965 555; x_wconf 82' lang='lat' dir='ltr'><strong>vitae</strong></span> <span class='ocrx_word' id='word_1_18' title='bbox 2988 498 3410 555; x_wconf 74' lang='lat' dir='ltr'><strong>sollicitudinem</strong></span> <span class='ocrx_word' id='word_1_19' title='bbox 3436 500 3819 555; x_wconf 81' lang='lat' dir='ltr'><strong>arnandetnus.</strong></span> <span class='ocrx_word' id='word_1_20' title='bbox 3849 498 4000 556; x_wconf 84' lang='lat' dir='ltr'><strong>Ode-</strong></span> 
     </span>
    </p>
   </div>
   <div class='ocr_carea' id='block_1_5' title="bbox 735 586 2313 658">
    <p class='ocr_par' dir='ltr' id='par_1_5' title="bbox 735 586 2313 658">
     <span class='ocr_line' id='line_1_5' title="bbox 735 586 2313 658; baseline 0.004 -17"><span class='ocrx_word' id='word_1_21' title='bbox 735 586 1017 652; x_wconf 82' lang='lat' dir='ltr'><strong>edomitis,</strong></span> <span class='ocrx_word' id='word_1_22' title='bbox 1076 595 1129 641; x_wconf 92' lang='lat' dir='ltr'><strong>et</strong></span> <span class='ocrx_word' id='word_1_23' title='bbox 1189 586 1426 649; x_wconf 88' lang='lat' dir='ltr'><strong>meliori,</strong></span> <span class='ocrx_word' id='word_1_24' title='bbox 1489 602 1683 658; x_wconf 86' lang='lat' dir='ltr'><strong>nempe</strong></span> <span class='ocrx_word' id='word_1_25' title='bbox 1744 591 1967 655; x_wconf 89' lang='lat' dir='ltr'><strong>rationi,</strong></span> <span class='ocrx_word' id='word_1_26' title='bbox 2022 602 2075 645; x_wconf 89' lang='lat' dir='ltr'><strong>et</strong></span> <span class='ocrx_word' id='word_1_27' title='bbox 2127 594 2313 648; x_wconf 86' lang='lat' dir='ltr'><strong>animo</strong></span> 
     </span>
    </p>
   </div>
   <div class='ocr_carea' id='block_1_6' title="bbox 737 676 2308 749">
    <p class='ocr_par' dir='ltr' id='par_1_6' title="bbox 737 676 2308 749">
     <span class='ocr_line' id='line_1_6' title="bbox 737 676 2308 749; baseline 0.005 -20"><span class='ocrx_word' id='word_1_28' title='bbox 737 676 997 740; x_wconf 74' lang='lat' dir='ltr'><strong>subditis,</strong></span> <span class='ocrx_word' id='word_1_29' title='bbox 1030 688 1082 731; x_wconf 92' lang='lat' dir='ltr'><strong>et</strong></span> <span class='ocrx_word' id='word_1_30' title='bbox 1118 678 1188 729; x_wconf 92' lang='lat' dir='ltr'><strong>ita</strong></span> <span class='ocrx_word' id='word_1_31' title='bbox 1228 679 1380 747; x_wconf 81' lang='lat' dir='ltr'><strong>pacis</strong></span> <span class='ocrx_word' id='word_1_32' title='bbox 1412 678 1625 748; x_wconf 88' lang='lat' dir='ltr'><strong>Spiritu</strong></span> <span class='ocrx_word' id='word_1_33' title='bbox 1676 680 1946 749; x_wconf 90' lang='lat' dir='ltr'><strong>perfruiti,</strong></span> <span class='ocrx_word' id='word_1_34' title='bbox 2000 696 2030 736; x_wconf 89' lang='lat' dir='ltr'><strong>a</strong></span> <span class='ocrx_word' id='word_1_35' title='bbox 2072 686 2308 739; x_wconf 90' lang='lat' dir='ltr'><strong>tumultu</strong></span> 
     </span>
    </p>
   </div>
   <div class='ocr_carea' id='block_1_7' title="bbox 737 767 2313 841">
    <p class='ocr_par' dir='ltr' id='par_1_7' title="bbox 737 767 2313 841">
     <span class='ocr_line' id='line_1_7' title="bbox 737 767 2313 841; baseline 0.007 -23"><span class='ocrx_word' id='word_1_36' title='bbox 737 767 1017 820; x_wconf 80' lang='lat' dir='ltr'><strong>terrestris</strong></span> <span class='ocrx_word' id='word_1_37' title='bbox 1046 767 1272 835; x_wconf 73' lang='lat' dir='ltr'><strong>spiritus</strong></span> <span class='ocrx_word' id='word_1_38' title='bbox 1311 769 1690 839; x_wconf 83' lang='lat' dir='ltr'><strong>expediantur,</strong></span> <span class='ocrx_word' id='word_1_39' title='bbox 1714 783 1765 827; x_wconf 89' lang='lat' dir='ltr'><strong>et</strong></span> <span class='ocrx_word' id='word_1_40' title='bbox 1801 772 1856 827; x_wconf 92' lang='lat' dir='ltr'><strong>in</strong></span> <span class='ocrx_word' id='word_1_41' title='bbox 1893 781 2108 841; x_wconf 91' lang='lat' dir='ltr'><strong>portum</strong></span> <span class='ocrx_word' id='word_1_42' title='bbox 2140 775 2313 830; x_wconf 76' lang='lat' dir='ltr'><strong>beatae</strong></span> 
     </span>
    </p>
   </div>
   <div class='ocr_carea' id='block_1_8' title="bbox 736 856 1599 929">
    <p class='ocr_par' dir='ltr' id='par_1_8' title="bbox 736 856 1599 929">
     <span class='ocr_line' id='line_1_8' title="bbox 736 856 1599 929; baseline 0.01 -21"><span class='ocrx_word' id='word_1_43' title='bbox 736 856 941 924; x_wconf 75' lang='lat' dir='ltr'><strong>quietis</strong></span> <span class='ocrx_word' id='word_1_44' title='bbox 974 866 1176 912; x_wconf 76' lang='lat' dir='ltr'><strong>nostra:</strong></span> <span class='ocrx_word' id='word_1_45' title='bbox 1209 859 1599 929; x_wconf 86' lang='lat' dir='ltr'><strong>ingrediamnr.</strong></span> 
     </span>
    </p>
   </div>
   <div class='ocr_carea' id='block_1_9' title="bbox 808 945 2310 1027">
    <p class='ocr_par' dir='ltr' id='par_1_9' title="bbox 808 945 2310 1027">
     <span class='ocr_line' id='line_1_9' title="bbox 808 945 2310 1027; baseline 0.011 -30"><span class='ocrx_word' id='word_1_46' title='bbox 808 945 1010 1002; x_wconf 79' lang='lat' dir='ltr'><strong>Beatus</strong></span> <span class='ocrx_word' id='word_1_47' title='bbox 1044 949 1231 1018; x_wconf 80' lang='lat' dir='ltr'><strong>igitur,</strong></span> <span class='ocrx_word' id='word_1_48' title='bbox 1263 952 1381 1019; x_wconf 89' lang='lat' dir='ltr'><strong>qui,</strong></span> <span class='ocrx_word' id='word_1_49' title='bbox 1415 967 1537 1021; x_wconf 63' lang='lat' dir='ltr'><strong>qua:</strong></span> <span class='ocrx_word' id='word_1_50' title='bbox 1559 954 1796 1011; x_wconf 77' lang='lat' dir='ltr'><strong>diximus</strong></span> <span class='ocrx_word' id='word_1_51' title='bbox 1834 973 1960 1011; x_wconf 87' lang='lat' dir='ltr'><strong>cum</strong></span> <span class='ocrx_word' id='word_1_52' title='bbox 2000 960 2103 1013; x_wconf 70' lang='lat' dir='ltr'><strong>title</strong></span> <span class='ocrx_word' id='word_1_53' title='bbox 2134 959 2310 1027; x_wconf 84' lang='lat' dir='ltr'><strong>audit,</strong></span> 
     </span>
    </p>
   </div>
   <div class='ocr_carea' id='block_1_10' title="bbox 735 1040 2311 1119">
    <p class='ocr_par' dir='ltr' id='par_1_10' title="bbox 735 1040 2311 1119">
     <span class='ocr_line' id='line_1_10' title="bbox 735 1040 2311 1119; baseline 0.008 -28"><span class='ocrx_word' id='word_1_54' title='bbox 735 1049 789 1092; x_wconf 80' lang='lat' dir='ltr'><strong>et</strong></span> <span class='ocrx_word' id='word_1_55' title='bbox 818 1040 885 1092; x_wconf 88' lang='lat' dir='ltr'><strong>ad</strong></span> <span class='ocrx_word' id='word_1_56' title='bbox 925 1057 1160 1110; x_wconf 90' lang='lat' dir='ltr'><strong>unguem</strong></span> <span class='ocrx_word' id='word_1_57' title='bbox 1191 1057 1254 1096; x_wconf 91' lang='lat' dir='ltr'><strong>ea</strong></span> <span class='ocrx_word' id='word_1_58' title='bbox 1285 1046 1625 1113; x_wconf 77' lang='lat' dir='ltr'><strong>exsequitur,</strong></span> <span class='ocrx_word' id='word_1_59' title='bbox 1660 1056 1712 1101; x_wconf 91' lang='lat' dir='ltr'><strong>et</strong></span> <span class='ocrx_word' id='word_1_60' title='bbox 1744 1048 1886 1104; x_wconf 86' lang='lat' dir='ltr'><strong>hanc</strong></span> <span class='ocrx_word' id='word_1_61' title='bbox 1921 1065 2103 1104; x_wconf 82' lang='lat' dir='ltr'><strong>veram</strong></span> <span class='ocrx_word' id='word_1_62' title='bbox 2138 1051 2311 1119; x_wconf 58' lang='lat' dir='ltr'><strong>paeni-</strong></span> 
     </span>
    </p>
   </div>
   <div class='ocr_carea' id='block_1_11' title="bbox 737 1132 2308 1211">
    <p class='ocr_par' dir='ltr' id='par_1_11' title="bbox 737 1132 2308 1211">
     <span class='ocr_line' id='line_1_11' title="bbox 737 1132 2308 1211; baseline 0.008 -30"><span class='ocrx_word' id='word_1_63' title='bbox 737 1132 923 1185; x_wconf 71' lang='lat' dir='ltr'><strong>tentia:</strong></span> <span class='ocrx_word' id='word_1_64' title='bbox 952 1133 1241 1200; x_wconf 78' lang='lat' dir='ltr'><strong>imaginem</strong></span> <span class='ocrx_word' id='word_1_65' title='bbox 1292 1134 1832 1209; x_wconf 89' lang='lat' dir='ltr'><strong>descriptionemque</strong></span> <span class='ocrx_word' id='word_1_66' title='bbox 1856 1141 2123 1205; x_wconf 86' lang='lat' dir='ltr'><strong>imitatur,</strong></span> <span class='ocrx_word' id='word_1_67' title='bbox 2147 1158 2308 1211; x_wconf 81' lang='lat' dir='ltr'><strong>quant</strong></span> 
     </span>
    </p>
   </div>
   <div class='ocr_carea' id='block_1_12' title="bbox 736 1222 2309 1301">
    <p class='ocr_par' dir='ltr' id='par_1_12' title="bbox 736 1222 2309 1301">
     <span class='ocr_line' id='line_1_12' title="bbox 736 1222 2309 1301; baseline 0.009 -30"><span class='ocrx_word' id='word_1_68' title='bbox 736 1222 890 1290; x_wconf 82' lang='lat' dir='ltr'><strong>prius</strong></span> <span class='ocrx_word' id='word_1_69' title='bbox 921 1225 1107 1290; x_wconf 76' lang='lat' dir='ltr'><strong>praxis</strong></span> <span class='ocrx_word' id='word_1_70' title='bbox 1134 1232 1322 1278; x_wconf 91' lang='lat' dir='ltr'><strong>nostra</strong></span> <span class='ocrx_word' id='word_1_71' title='bbox 1351 1225 1615 1295; x_wconf 78' lang='lat' dir='ltr'><strong>implevit,</strong></span> <span class='ocrx_word' id='word_1_72' title='bbox 1648 1230 1998 1298; x_wconf 87' lang='lat' dir='ltr'><strong>postmodum</strong></span> <span class='ocrx_word' id='word_1_73' title='bbox 2024 1230 2309 1301; x_wconf 70' lang='lat' dir='ltr'><strong>Scriptura</strong></span> 
     </span>
    </p>
   </div>
   <div class='ocr_carea' id='block_1_13' title="bbox 736 1314 2312 1393">
    <p class='ocr_par' dir='ltr' id='par_1_13' title="bbox 736 1314 2312 1393">
     <span class='ocr_line' id='line_1_13' title="bbox 736 1314 2312 1393; baseline 0.008 -28"><span class='ocrx_word' id='word_1_74' title='bbox 736 1314 920 1368; x_wconf 88' lang='lat' dir='ltr'><strong>verbis</strong></span> <span class='ocrx_word' id='word_1_75' title='bbox 947 1316 1244 1371; x_wconf 88' lang='lat' dir='ltr'><strong>commisit.</strong></span> <span class='ocrx_word' id='word_1_76' title='bbox 1279 1317 1411 1371; x_wconf 73' lang='lat' dir='ltr'><strong>Nam</strong></span> <span class='ocrx_word' id='word_1_77' title='bbox 1441 1334 1566 1372; x_wconf 90' lang='lat' dir='ltr'><strong>cum</strong></span> <span class='ocrx_word' id='word_1_78' title='bbox 1602 1320 1741 1374; x_wconf 80' lang='lat' dir='ltr'><strong>bona</strong></span> <span class='ocrx_word' id='word_1_79' title='bbox 1772 1321 2127 1387; x_wconf 87' lang='lat' dir='ltr'><strong>intellectum,</strong></span> <span class='ocrx_word' id='word_1_80' title='bbox 2162 1327 2312 1393; x_wconf 80' lang='lat' dir='ltr'><strong>cogi-</strong></span> 
     </span>
    </p>
   </div>
   <div class='ocr_carea' id='block_1_14' title="bbox 734 1405 2311 1482">
    <p class='ocr_par' dir='ltr' id='par_1_14' title="bbox 734 1405 2311 1482">
     <span class='ocr_line' id='line_1_14' title="bbox 734 1405 2311 1482; baseline 0.011 -27"><span class='ocrx_word' id='word_1_81' title='bbox 734 1405 1021 1471; x_wconf 86' lang='lat' dir='ltr'><strong>tationem,</strong></span> <span class='ocrx_word' id='word_1_82' title='bbox 1068 1423 1383 1465; x_wconf 87' lang='lat' dir='ltr'><strong>sermonem</strong></span> <span class='ocrx_word' id='word_1_83' title='bbox 1436 1415 1758 1482; x_wconf 84' lang='lat' dir='ltr'><strong>superantia</strong></span> <span class='ocrx_word' id='word_1_84' title='bbox 1809 1415 2098 1478; x_wconf 89' lang='lat' dir='ltr'><strong>invenerit,</strong></span> <span class='ocrx_word' id='word_1_85' title='bbox 2140 1418 2311 1471; x_wconf 84' lang='lat' dir='ltr'><strong>mise-</strong></span> 
     </span>
    </p>
   </div>
   <div class='ocr_carea' id='block_1_15' title="bbox 734 1504 2310 1576">
    <p class='ocr_par' dir='ltr' id='par_1_15' title="bbox 734 1504 2310 1576">
     <span class='ocr_line' id='line_1_15' title="bbox 734 1504 2310 1576; baseline 0.006 -27"><span class='ocrx_word' id='word_1_86' title='bbox 734 1512 851 1550; x_wconf 86' lang='lat' dir='ltr'><strong>ram</strong></span> <span class='ocrx_word' id='word_1_87' title='bbox 882 1514 1103 1553; x_wconf 89' lang='lat' dir='ltr'><strong>manum</strong></span> <span class='ocrx_word' id='word_1_88' title='bbox 1140 1518 1340 1565; x_wconf 87' lang='lat' dir='ltr'><strong>meam,</strong></span> <span class='ocrx_word' id='word_1_89' title='bbox 1373 1518 1495 1573; x_wconf 65' lang='lat' dir='ltr'><strong>quae</strong></span> <span class='ocrx_word' id='word_1_90' title='bbox 1529 1504 1632 1559; x_wconf 89' lang='lat' dir='ltr'><strong>hoc</strong></span> <span class='ocrx_word' id='word_1_91' title='bbox 1670 1506 1911 1574; x_wconf 87' lang='lat' dir='ltr'><strong>scripsit,</strong></span> <span class='ocrx_word' id='word_1_92' title='bbox 1946 1506 2157 1560; x_wconf 85' lang='lat' dir='ltr'><strong>beatam</strong></span> <span class='ocrx_word' id='word_1_93' title='bbox 2186 1522 2310 1576; x_wconf 85' lang='lat' dir='ltr'><strong>pro-</strong></span> 
     </span>
    </p>
   </div>
   <div class='ocr_carea' id='block_1_16' title="bbox 733 1589 2309 1666">
    <p class='ocr_par' dir='ltr' id='par_1_16' title="bbox 733 1589 2309 1666">
     <span class='ocr_line' id='line_1_16' title="bbox 733 1589 2309 1666; baseline 0.008 -27"><span class='ocrx_word' id='word_1_94' title='bbox 733 1589 1030 1655; x_wconf 82' lang='lat' dir='ltr'><strong>nuntiahit,</strong></span> <span class='ocrx_word' id='word_1_95' title='bbox 1060 1600 1113 1645; x_wconf 92' lang='lat' dir='ltr'><strong>et</strong></span> <span class='ocrx_word' id='word_1_96' title='bbox 1142 1594 1579 1662; x_wconf 83' lang='lat' dir='ltr'><strong>misericordem,</strong></span> <span class='ocrx_word' id='word_1_97' title='bbox 1614 1597 1913 1666; x_wconf 69' lang='lat' dir='ltr'><strong>multaeque</strong></span> <span class='ocrx_word' id='word_1_98' title='bbox 1938 1599 2309 1655; x_wconf 88' lang='lat' dir='ltr'><strong>miserationis</strong></span> 
     </span>
    </p>
   </div>
   <div class='ocr_carea' id='block_1_17' title="bbox 734 1677 2308 1759">
    <p class='ocr_par' dir='ltr' id='par_1_17' title="bbox 734 1677 2308 1759">
     <span class='ocr_line' id='line_1_17' title="bbox 734 1677 2308 1759; baseline 0.009 -29"><span class='ocrx_word' id='word_1_99' title='bbox 734 1677 1025 1734; x_wconf 81' lang='lat' dir='ltr'><strong>Dotninum</strong></span> <span class='ocrx_word' id='word_1_100' title='bbox 1067 1685 1406 1751; x_wconf 57' lang='lat' dir='ltr'><strong>praedicabit,</strong></span> <span class='ocrx_word' id='word_1_101' title='bbox 1450 1689 1543 1758; x_wconf 88' lang='lat' dir='ltr'><strong>qui</strong></span> <span class='ocrx_word' id='word_1_102' title='bbox 1589 1704 1684 1757; x_wconf 89' lang='lat' dir='ltr'><strong>per</strong></span> <span class='ocrx_word' id='word_1_103' title='bbox 1721 1691 1962 1759; x_wconf 80' lang='lat' dir='ltr'><strong>linguam</strong></span> <span class='ocrx_word' id='word_1_104' title='bbox 2010 1690 2308 1757; x_wconf 84' lang='lat' dir='ltr'><strong>sordidam,</strong></span> 
     </span>
    </p>
   </div>
   <div class='ocr_carea' id='block_1_18' title="bbox 731 1772 2309 1847">
    <p class='ocr_par' dir='ltr' id='par_1_18' title="bbox 731 1772 2309 1847">
     <span class='ocr_line' id='line_1_18' title="bbox 731 1772 2309 1847; baseline 0.008 -26"><span class='ocrx_word' id='word_1_105' title='bbox 731 1782 785 1822; x_wconf 81' lang='lat' dir='ltr'><strong>et</strong></span> <span class='ocrx_word' id='word_1_106' title='bbox 820 1772 1187 1835; x_wconf 87' lang='lat' dir='ltr'><strong>immundam.</strong></span> <span class='ocrx_word' id='word_1_107' title='bbox 1222 1786 1277 1832; x_wconf 94' lang='lat' dir='ltr'><strong>et</strong></span> <span class='ocrx_word' id='word_1_108' title='bbox 1306 1794 1369 1833; x_wconf 88' lang='lat' dir='ltr'><strong>os</strong></span> <span class='ocrx_word' id='word_1_109' title='bbox 1402 1781 1676 1847; x_wconf 90' lang='lat' dir='ltr'><strong>impurum</strong></span> <span class='ocrx_word' id='word_1_110' title='bbox 1722 1782 1835 1835; x_wconf 75' lang='lat' dir='ltr'><strong>haec</strong></span> <span class='ocrx_word' id='word_1_111' title='bbox 1869 1783 2140 1846; x_wconf 89' lang='lat' dir='ltr'><strong>scriptura</strong></span> <span class='ocrx_word' id='word_1_112' title='bbox 2180 1797 2309 1835; x_wconf 88' lang='lat' dir='ltr'><strong>con—</strong></span> 
     </span>
    </p>
   </div>
   <div class='ocr_carea' id='block_1_19' title="bbox 731 1864 2309 1943">
    <p class='ocr_par' dir='ltr' id='par_1_19' title="bbox 731 1864 2309 1943">
     <span class='ocr_line' id='line_1_19' title="bbox 731 1864 2309 1943; baseline 0.007 -28"><span class='ocrx_word' id='word_1_113' title='bbox 731 1864 991 1932; x_wconf 76' lang='lat' dir='ltr'><strong>signavit,</strong></span> <span class='ocrx_word' id='word_1_114' title='bbox 1018 1867 1084 1919; x_wconf 57' lang='lat' dir='ltr'><strong>all</strong></span> <span class='ocrx_word' id='word_1_115' title='bbox 1147 1870 1450 1939; x_wconf 79' lang='lat' dir='ltr'><strong>exemplum</strong></span> <span class='ocrx_word' id='word_1_116' title='bbox 1477 1873 1854 1929; x_wconf 85' lang='lat' dir='ltr'><strong>conversionis</strong></span> <span class='ocrx_word' id='word_1_117' title='bbox 1879 1884 1930 1928; x_wconf 92' lang='lat' dir='ltr'><strong>et</strong></span> <span class='ocrx_word' id='word_1_118' title='bbox 1956 1874 2309 1943; x_wconf 72' lang='lat' dir='ltr'><strong>pcenitentize,</strong></span> 
     </span>
    </p>
   </div>
   <div class='ocr_carea' id='block_1_20' title="bbox 730 1956 2312 2037">
    <p class='ocr_par' dir='ltr' id='par_1_20' title="bbox 730 1956 2312 2037">
     <span class='ocr_line' id='line_1_20' title="bbox 730 1956 2312 2037; baseline 0.009 -31"><span class='ocrx_word' id='word_1_119' title='bbox 730 1968 785 2007; x_wconf 85' lang='lat' dir='ltr'><strong>et</strong></span> <span class='ocrx_word' id='word_1_120' title='bbox 814 1956 881 2009; x_wconf 89' lang='lat' dir='ltr'><strong>ad</strong></span> <span class='ocrx_word' id='word_1_121' title='bbox 919 1959 1057 2012; x_wconf 86' lang='lat' dir='ltr'><strong>viam</strong></span> <span class='ocrx_word' id='word_1_122' title='bbox 1096 1961 1357 2016; x_wconf 87' lang='lat' dir='ltr'><strong>directam</strong></span> <span class='ocrx_word' id='word_1_123' title='bbox 1415 1967 1871 2037; x_wconf 87' lang='lat' dir='ltr'><strong>verissimamque</strong></span> <span class='ocrx_word' id='word_1_124' title='bbox 1898 1982 2089 2021; x_wconf 83' lang='lat' dir='ltr'><strong>eorum</strong></span> <span class='ocrx_word' id='word_1_125' title='bbox 2120 1967 2210 2037; x_wconf 87' lang='lat' dir='ltr'><strong>qui</strong></span> <span class='ocrx_word' id='word_1_126' title='bbox 2245 1982 2312 2021; x_wconf 82' lang='lat' dir='ltr'><strong>ex</strong></span> 
     </span>
    </p>
   </div>
   <div class='ocr_carea' id='block_1_21' title="bbox 732 2051 2313 2126">
    <p class='ocr_par' dir='ltr' id='par_1_21' title="bbox 732 2051 2313 2126">
     <span class='ocr_line' id='line_1_21' title="bbox 732 2051 2313 2126; baseline 0.007 -26"><span class='ocrx_word' id='word_1_127' title='bbox 732 2057 846 2101; x_wconf 82' lang='lat' dir='ltr'><strong>tota</strong></span> <span class='ocrx_word' id='word_1_128' title='bbox 875 2051 1052 2102; x_wconf 90' lang='lat' dir='ltr'><strong>anima</strong></span> <span class='ocrx_word' id='word_1_129' title='bbox 1079 2055 1261 2107; x_wconf 88' lang='lat' dir='ltr'><strong>sanari</strong></span> <span class='ocrx_word' id='word_1_130' title='bbox 1295 2059 1714 2126; x_wconf 81' lang='lat' dir='ltr'><strong>concupiscunt,</strong></span> <span class='ocrx_word' id='word_1_131' title='bbox 1749 2068 1802 2112; x_wconf 91' lang='lat' dir='ltr'><strong>et</strong></span> <span class='ocrx_word' id='word_1_132' title='bbox 1861 2074 2087 2126; x_wconf 81' lang='lat' dir='ltr'><strong>regnum</strong></span> <span class='ocrx_word' id='word_1_133' title='bbox 2116 2060 2313 2112; x_wconf 81' lang='lat' dir='ltr'><strong>vitam—</strong></span> 
     </span>
    </p>
   </div>
   <div class='ocr_carea' id='block_1_22' title="bbox 732 2138 2318 2218">
    <p class='ocr_par' dir='ltr' id='par_1_22' title="bbox 732 2138 2318 2218">
     <span class='ocr_line' id='line_1_22' title="bbox 732 2138 2318 2218; baseline 0.008 -28"><span class='ocrx_word' id='word_1_134' title='bbox 732 2152 841 2205; x_wconf 81' lang='lat' dir='ltr'><strong>que</strong></span> <span class='ocrx_word' id='word_1_135' title='bbox 882 2138 1272 2209; x_wconf 80' lang='lat' dir='ltr'><strong>immultalem,</strong></span> <span class='ocrx_word' id='word_1_136' title='bbox 1308 2160 1369 2200; x_wconf 91' lang='lat' dir='ltr'><strong>ac</strong></span> <span class='ocrx_word' id='word_1_137' title='bbox 1400 2148 1679 2201; x_wconf 72' lang='lat' dir='ltr'><strong>ctelestem</strong></span> <span class='ocrx_word' id='word_1_138' title='bbox 1718 2164 1816 2218; x_wconf 89' lang='lat' dir='ltr'><strong>pro</strong></span> <span class='ocrx_word' id='word_1_139' title='bbox 1844 2149 2163 2203; x_wconf 73' lang='lat' dir='ltr'><strong>limreditate</strong></span> <span class='ocrx_word' id='word_1_140' title='bbox 2197 2148 2318 2202; x_wconf 87' lang='lat' dir='ltr'><strong>adi-</strong></span> 
     </span>
    </p>
   </div>
   <div class='ocr_carea' id='block_1_23' title="bbox 732 2233 2311 2313">
    <p class='ocr_par' dir='ltr' id='par_1_23' title="bbox 732 2233 2311 2313">
     <span class='ocr_line' id='line_1_23' title="bbox 732 2233 2311 2313; baseline 0.008 -32"><span class='ocrx_word' id='word_1_141' title='bbox 732 2233 839 2283; x_wconf 86' lang='lat' dir='ltr'><strong>turi</strong></span> <span class='ocrx_word' id='word_1_142' title='bbox 875 2244 1027 2288; x_wconf 90' lang='lat' dir='ltr'><strong>sunt.</strong></span> <span class='ocrx_word' id='word_1_143' title='bbox 1064 2236 1433 2302; x_wconf 86' lang='lat' dir='ltr'><strong>Quamobrem</strong></span> <span class='ocrx_word' id='word_1_144' title='bbox 1460 2256 1591 2309; x_wconf 77' lang='lat' dir='ltr'><strong>rogo</strong></span> <span class='ocrx_word' id='word_1_145' title='bbox 1616 2256 1737 2306; x_wconf 88' lang='lat' dir='ltr'><strong>vos,</strong></span> <span class='ocrx_word' id='word_1_146' title='bbox 1764 2242 1815 2294; x_wconf 92' lang='lat' dir='ltr'><strong>in</strong></span> <span class='ocrx_word' id='word_1_147' title='bbox 1838 2240 2061 2313; x_wconf 80' lang='lat' dir='ltr'><strong>Christo</strong></span> <span class='ocrx_word' id='word_1_148' title='bbox 2092 2242 2311 2304; x_wconf 88' lang='lat' dir='ltr'><strong>fratres,</strong></span> 
     </span>
    </p>
   </div>
   <div class='ocr_carea' id='block_1_24' title="bbox 733 2329 2312 2398">
    <p class='ocr_par' dir='ltr' id='par_1_24' title="bbox 733 2329 2312 2398">
     <span class='ocr_line' id='line_1_24' title="bbox 733 2329 2312 2398; baseline 0.008 -24"><span class='ocrx_word' id='word_1_149' title='bbox 733 2329 924 2390; x_wconf 88' lang='lat' dir='ltr'><strong>procul</strong></span> <span class='ocrx_word' id='word_1_150' title='bbox 977 2342 1005 2379; x_wconf 88' lang='lat' dir='ltr'><strong>a</strong></span> <span class='ocrx_word' id='word_1_151' title='bbox 1051 2330 1209 2385; x_wconf 87' lang='lat' dir='ltr'><strong>nobis</strong></span> <span class='ocrx_word' id='word_1_152' title='bbox 1264 2345 1482 2387; x_wconf 86' lang='lat' dir='ltr'><strong>omnem</strong></span> <span class='ocrx_word' id='word_1_153' title='bbox 1530 2331 1874 2388; x_wconf 79' lang='lat' dir='ltr'><strong>aﬂ‘ectionem</strong></span> <span class='ocrx_word' id='word_1_154' title='bbox 1918 2332 2217 2398; x_wconf 88' lang='lat' dir='ltr'><strong>turbidam,</strong></span> <span class='ocrx_word' id='word_1_155' title='bbox 2258 2340 2312 2389; x_wconf 91' lang='lat' dir='ltr'><strong>et</strong></span> 
     </span>
    </p>
   </div>
   <div class='ocr_carea' id='block_1_25' title="bbox 737 2520 2784 2551">
    <p class='ocr_par' dir='ltr' id='par_1_25' title="bbox 737 2520 2784 2551">
     <span class='ocr_line' id='line_1_25' title="bbox 737 2520 2784 2551; baseline 0 -4"><span class='ocrx_word' id='word_1_156' title='bbox 737 2520 2784 2551; x_wconf 52' lang='grc' dir='ltr'><strong>ΜΨ</strong></span> 
     </span>
    </p>
   </div>
   <div class='ocr_carea' id='block_1_26' title="bbox 2416 591 3995 664">
    <p class='ocr_par' dir='ltr' id='par_1_26' title="bbox 2416 591 3995 664">
     <span class='ocr_line' id='line_1_26' title="bbox 2416 591 3995 664; baseline -0.001 -16"><span class='ocrx_word' id='word_1_157' title='bbox 2416 595 2592 649; x_wconf 86' lang='lat' dir='ltr'><strong>rimus</strong></span> <span class='ocrx_word' id='word_1_158' title='bbox 2653 595 2955 663; x_wconf 84' lang='lat' dir='ltr'><strong>voluptates</strong></span> <span class='ocrx_word' id='word_1_159' title='bbox 3014 594 3225 654; x_wconf 85' lang='lat' dir='ltr'><strong>carnis,</strong></span> <span class='ocrx_word' id='word_1_160' title='bbox 3267 591 3641 661; x_wconf 79' lang='lat' dir='ltr'><strong>jucunditates</strong></span> <span class='ocrx_word' id='word_1_161' title='bbox 3698 594 3995 664; x_wconf 88' lang='lat' dir='ltr'><strong>corporis,</strong></span> 
     </span>
    </p>
   </div>
   <div class='ocr_carea' id='block_1_27' title="bbox 2416 684 3995 754">
    <p class='ocr_par' dir='ltr' id='par_1_27' title="bbox 2416 684 3995 754">
     <span class='ocr_line' id='line_1_27' title="bbox 2416 684 3995 754; baseline -0.003 -13"><span class='ocrx_word' id='word_1_162' title='bbox 2416 686 2839 750; x_wconf 85' lang='lat' dir='ltr'><strong>oblectamenta,</strong></span> <span class='ocrx_word' id='word_1_163' title='bbox 2865 694 2919 740; x_wconf 91' lang='lat' dir='ltr'><strong>et</strong></span> <span class='ocrx_word' id='word_1_164' title='bbox 2945 686 3141 747; x_wconf 85' lang='lat' dir='ltr'><strong>otium,</strong></span> <span class='ocrx_word' id='word_1_165' title='bbox 3171 700 3263 754; x_wconf 90' lang='lat' dir='ltr'><strong>per</strong></span> <span class='ocrx_word' id='word_1_166' title='bbox 3289 699 3411 753; x_wconf 65' lang='lat' dir='ltr'><strong>qua</strong></span> <span class='ocrx_word' id='word_1_167' title='bbox 3437 686 3581 753; x_wconf 90' lang='lat' dir='ltr'><strong>quod</strong></span> <span class='ocrx_word' id='word_1_168' title='bbox 3612 684 3860 740; x_wconf 76' lang='lat' dir='ltr'><strong>deterius</strong></span> <span class='ocrx_word' id='word_1_169' title='bbox 3884 698 3995 746; x_wconf 70' lang='grc' dir='ltr'><em>ρει,</em></span> 
     </span>
    </p>
   </div>
   <div class='ocr_carea' id='block_1_28' title="bbox 2414 775 3996 846">
    <p class='ocr_par' dir='ltr' id='par_1_28' title="bbox 2414 775 3996 846">
     <span class='ocr_line' id='line_1_28' title="bbox 2414 775 3996 846; baseline -0.003 -16"><span class='ocrx_word' id='word_1_170' title='bbox 2414 778 2611 846; x_wconf 87' lang='lat' dir='ltr'><strong>potiori</strong></span> <span class='ocrx_word' id='word_1_171' title='bbox 2647 777 2928 845; x_wconf 68' lang='lat' dir='ltr'><strong>praevalet,</strong></span> <span class='ocrx_word' id='word_1_172' title='bbox 2975 786 3028 829; x_wconf 92' lang='lat' dir='ltr'><strong>et</strong></span> <span class='ocrx_word' id='word_1_173' title='bbox 3077 777 3240 844; x_wconf 83' lang='lat' dir='ltr'><strong>agite.</strong></span> <span class='ocrx_word' id='word_1_174' title='bbox 3275 775 3644 842; x_wconf 81' lang='lat' dir='ltr'><strong>suscipiamus</strong></span> <span class='ocrx_word' id='word_1_175' title='bbox 3680 776 3841 828; x_wconf 74' lang='lat' dir='ltr'><strong>[idem</strong></span> <span class='ocrx_word' id='word_1_176' title='bbox 3877 776 3996 829; x_wconf 90' lang='lat' dir='ltr'><strong>sin-</strong></span> 
     </span>
    </p>
   </div>
   <div class='ocr_carea' id='block_1_29' title="bbox 2415 867 3996 939">
    <p class='ocr_par' dir='ltr' id='par_1_29' title="bbox 2415 867 3996 939">
     <span class='ocr_line' id='line_1_29' title="bbox 2415 867 3996 939; baseline -0.003 -15"><span class='ocrx_word' id='word_1_177' title='bbox 2415 886 2596 925; x_wconf 86' lang='lat' dir='ltr'><strong>ceram</strong></span> <span class='ocrx_word' id='word_1_178' title='bbox 2644 883 2773 939; x_wconf 85' lang='lat' dir='ltr'><strong>erga</strong></span> <span class='ocrx_word' id='word_1_179' title='bbox 2817 868 3007 934; x_wconf 89' lang='lat' dir='ltr'><strong>Deum,</strong></span> <span class='ocrx_word' id='word_1_180' title='bbox 3054 876 3109 922; x_wconf 88' lang='lat' dir='ltr'><strong>et</strong></span> <span class='ocrx_word' id='word_1_181' title='bbox 3162 869 3255 935; x_wconf 86' lang='lat' dir='ltr'><strong>qui</strong></span> <span class='ocrx_word' id='word_1_182' title='bbox 3295 867 3597 922; x_wconf 90' lang='lat' dir='ltr'><strong>secundum</strong></span> <span class='ocrx_word' id='word_1_183' title='bbox 3647 867 3819 919; x_wconf 86' lang='lat' dir='ltr'><strong>Deum</strong></span> <span class='ocrx_word' id='word_1_184' title='bbox 3861 878 3996 919; x_wconf 89' lang='lat' dir='ltr'><strong>sunt</strong></span> 
     </span>
    </p>
   </div>
   <div class='ocr_carea' id='block_1_30' title="bbox 2419 957 3997 1032">
    <p class='ocr_par' dir='ltr' id='par_1_30' title="bbox 2419 957 3997 1032">
     <span class='ocr_line' id='line_1_30' title="bbox 2419 957 3997 1032; baseline -0.004 -17"><span class='ocrx_word' id='word_1_185' title='bbox 2419 972 2602 1032; x_wconf 73' lang='lat' dir='ltr'><strong>patres</strong></span> <span class='ocrx_word' id='word_1_186' title='bbox 2642 977 2705 1015; x_wconf 89' lang='lat' dir='ltr'><strong>ac</strong></span> <span class='ocrx_word' id='word_1_187' title='bbox 2759 960 2954 1014; x_wconf 83' lang='lat' dir='ltr'><strong>fratres</strong></span> <span class='ocrx_word' id='word_1_188' title='bbox 2999 960 3194 1013; x_wconf 90' lang='lat' dir='ltr'><strong>nostri.</strong></span> <span class='ocrx_word' id='word_1_189' title='bbox 3238 957 3629 1014; x_wconf 87' lang='lat' dir='ltr'><strong>Possideamus</strong></span> <span class='ocrx_word' id='word_1_190' title='bbox 3656 973 3753 1011; x_wconf 89' lang='lat' dir='ltr'><strong>cur</strong></span> <span class='ocrx_word' id='word_1_191' title='bbox 3784 959 3997 1011; x_wconf 86' lang='lat' dir='ltr'><strong>contri-</strong></span> 
     </span>
    </p>
   </div>
   <div class='ocr_carea' id='block_1_31' title="bbox 2414 1049 3987 1119">
    <p class='ocr_par' dir='ltr' id='par_1_31' title="bbox 2414 1049 3987 1119">
     <span class='ocr_line' id='line_1_31' title="bbox 2414 1049 3987 1119; baseline -0.006 -10"><span class='ocrx_word' id='word_1_192' title='bbox 2414 1065 2528 1109; x_wconf 86' lang='lat' dir='ltr'><strong>tum</strong></span> <span class='ocrx_word' id='word_1_193' title='bbox 2568 1063 2618 1107; x_wconf 91' lang='lat' dir='ltr'><strong>ct</strong></span> <span class='ocrx_word' id='word_1_194' title='bbox 2656 1051 3002 1106; x_wconf 89' lang='lat' dir='ltr'><strong>humiliatum</strong></span> <span class='ocrx_word' id='word_1_195' title='bbox 3037 1052 3230 1104; x_wconf 68' lang='lat' dir='ltr'><strong>animae</strong></span> <span class='ocrx_word' id='word_1_196' title='bbox 3263 1051 3518 1119; x_wconf 81' lang='lat' dir='ltr'><strong>spiritum</strong></span> <span class='ocrx_word' id='word_1_197' title='bbox 3540 1091 3555 1115; x_wconf 91' lang='lat'><strong>,</strong></span> <span class='ocrx_word' id='word_1_198' title='bbox 3591 1058 3644 1103; x_wconf 92' lang='lat' dir='ltr'><strong>et</strong></span> <span class='ocrx_word' id='word_1_199' title='bbox 3678 1065 3774 1116; x_wconf 86' lang='lat' dir='ltr'><strong>per</strong></span> <span class='ocrx_word' id='word_1_200' title='bbox 3808 1049 3987 1116; x_wconf 69' lang='lat' dir='ltr'><strong>paeni-</strong></span> 
     </span>
    </p>
   </div>
   <div class='ocr_carea' id='block_1_32' title="bbox 2415 1142 3992 1216">
    <p class='ocr_par' dir='ltr' id='par_1_32' title="bbox 2415 1142 3992 1216">
     <span class='ocr_line' id='line_1_32' title="bbox 2415 1142 3992 1216; baseline -0.006 -15"><span class='ocrx_word' id='word_1_201' title='bbox 2415 1150 2665 1210; x_wconf 87' lang='lat' dir='ltr'><strong>tentiam,</strong></span> <span class='ocrx_word' id='word_1_202' title='bbox 2694 1154 2748 1199; x_wconf 91' lang='lat' dir='ltr'><strong>et</strong></span> <span class='ocrx_word' id='word_1_203' title='bbox 2781 1147 3050 1216; x_wconf 83' lang='lat' dir='ltr'><strong>laerymas</strong></span> <span class='ocrx_word' id='word_1_204' title='bbox 3092 1160 3190 1198; x_wconf 93' lang='lat' dir='ltr'><strong>cor</strong></span> <span class='ocrx_word' id='word_1_205' title='bbox 3224 1160 3420 1213; x_wconf 88' lang='lat' dir='ltr'><strong>purum</strong></span> <span class='ocrx_word' id='word_1_206' title='bbox 3456 1143 3526 1197; x_wconf 89' lang='lat' dir='ltr'><strong>ab</strong></span> <span class='ocrx_word' id='word_1_207' title='bbox 3559 1143 3709 1196; x_wconf 87' lang='lat' dir='ltr'><strong>omni</strong></span> <span class='ocrx_word' id='word_1_208' title='bbox 3752 1142 3992 1203; x_wconf 83' lang='lat' dir='ltr'><strong>macula,</strong></span> 
     </span>
    </p>
   </div>
   <div class='ocr_carea' id='block_1_33' title="bbox 2412 1230 3993 1306">
    <p class='ocr_par' dir='ltr' id='par_1_33' title="bbox 2412 1230 3993 1306">
     <span class='ocr_line' id='line_1_33' title="bbox 2412 1230 3993 1306; baseline -0.005 -14"><span class='ocrx_word' id='word_1_209' title='bbox 2412 1246 2466 1292; x_wconf 89' lang='lat' dir='ltr'><strong>et</strong></span> <span class='ocrx_word' id='word_1_210' title='bbox 2498 1237 2619 1289; x_wconf 85' lang='lat' dir='ltr'><strong>labe</strong></span> <span class='ocrx_word' id='word_1_211' title='bbox 2653 1237 2887 1306; x_wconf 85' lang='lat' dir='ltr'><strong>peccati,</strong></span> <span class='ocrx_word' id='word_1_212' title='bbox 2927 1244 2985 1289; x_wconf 93' lang='lat' dir='ltr'><strong>ut</strong></span> <span class='ocrx_word' id='word_1_213' title='bbox 3031 1236 3194 1288; x_wconf 91' lang='lat' dir='ltr'><strong>etiam</strong></span> <span class='ocrx_word' id='word_1_214' title='bbox 3241 1234 3516 1303; x_wconf 87' lang='lat' dir='ltr'><strong>possimus</strong></span> <span class='ocrx_word' id='word_1_215' title='bbox 3562 1234 3847 1301; x_wconf 76' lang='lat' dir='ltr'><strong>pervenire</strong></span> <span class='ocrx_word' id='word_1_216' title='bbox 3891 1230 3993 1284; x_wconf 84' lang='lat' dir='ltr'><strong>ali-</strong></span> 
     </span>
    </p>
   </div>
   <div class='ocr_carea' id='block_1_34' title="bbox 2414 1320 3995 1395">
    <p class='ocr_par' dir='ltr' id='par_1_34' title="bbox 2414 1320 3995 1395">
     <span class='ocr_line' id='line_1_34' title="bbox 2414 1320 3995 1395; baseline -0.003 -17"><span class='ocrx_word' id='word_1_217' title='bbox 2414 1324 2636 1395; x_wconf 87' lang='lat' dir='ltr'><strong>quando</strong></span> <span class='ocrx_word' id='word_1_218' title='bbox 2697 1325 2762 1377; x_wconf 90' lang='lat' dir='ltr'><strong>ad</strong></span> <span class='ocrx_word' id='word_1_219' title='bbox 2821 1324 3267 1393; x_wconf 35' lang='lat' dir='ltr'><strong>co:i.pendiosatu</strong></span> <span class='ocrx_word' id='word_1_220' title='bbox 3322 1338 3631 1376; x_wconf 88' lang='lat' dir='ltr'><strong>mensuram</strong></span> <span class='ocrx_word' id='word_1_221' title='bbox 3686 1320 3995 1391; x_wconf 80' lang='lat' dir='ltr'><strong>spiritualis</strong></span> 
     </span>
    </p>
   </div>
   <div class='ocr_carea' id='block_1_35' title="bbox 2413 1412 3996 1481">
    <p class='ocr_par' dir='ltr' id='par_1_35' title="bbox 2413 1412 3996 1481">
     <span class='ocr_line' id='line_1_35' title="bbox 2413 1412 3996 1481; baseline -0.004 -10"><span class='ocrx_word' id='word_1_222' title='bbox 2413 1419 2611 1481; x_wconf 82' lang='lat' dir='ltr'><strong>a-tatis,</strong></span> <span class='ocrx_word' id='word_1_223' title='bbox 2657 1427 2710 1472; x_wconf 91' lang='lat' dir='ltr'><strong>et</strong></span> <span class='ocrx_word' id='word_1_224' title='bbox 2759 1416 2942 1470; x_wconf 84' lang='lat' dir='ltr'><strong>videre</strong></span> <span class='ocrx_word' id='word_1_225' title='bbox 2977 1431 3041 1470; x_wconf 86' lang='lat' dir='ltr'><strong>ac</strong></span> <span class='ocrx_word' id='word_1_226' title='bbox 3078 1417 3185 1470; x_wconf 82' lang='lat' dir='ltr'><strong>frui</strong></span> <span class='ocrx_word' id='word_1_227' title='bbox 3219 1417 3378 1469; x_wconf 89' lang='lat' dir='ltr'><strong>bonis</strong></span> <span class='ocrx_word' id='word_1_228' title='bbox 3409 1415 3806 1477; x_wconf 77' lang='lat' dir='ltr'><strong>iuell‘abilibus,</strong></span> <span class='ocrx_word' id='word_1_229' title='bbox 3839 1412 3996 1466; x_wconf 90' lang='lat' dir='ltr'><strong>inde-</strong></span> 
     </span>
    </p>
   </div>
   <div class='ocr_carea' id='block_1_36' title="bbox 2415 1504 3996 1576">
    <p class='ocr_par' dir='ltr' id='par_1_36' title="bbox 2415 1504 3996 1576">
     <span class='ocr_line' id='line_1_36' title="bbox 2415 1504 3996 1576; baseline -0.001 -17"><span class='ocrx_word' id='word_1_230' title='bbox 2415 1508 2734 1575; x_wconf 78' lang='lat' dir='ltr'><strong>quedivino</strong></span> <span class='ocrx_word' id='word_1_231' title='bbox 2768 1507 2994 1571; x_wconf 89' lang='lat' dir='ltr'><strong>lumine,</strong></span> <span class='ocrx_word' id='word_1_232' title='bbox 3023 1508 3277 1576; x_wconf 85' lang='lat' dir='ltr'><strong>quamvis</strong></span> <span class='ocrx_word' id='word_1_233' title='bbox 3310 1523 3416 1562; x_wconf 93' lang='lat' dir='ltr'><strong>non</strong></span> <span class='ocrx_word' id='word_1_234' title='bbox 3449 1513 3852 1569; x_wconf 85' lang='lat' dir='ltr'><strong>consummate,</strong></span> <span class='ocrx_word' id='word_1_235' title='bbox 3896 1504 3996 1560; x_wconf 84' lang='lat' dir='ltr'><strong>sed</strong></span> 
     </span>
    </p>
   </div>
   <div class='ocr_carea' id='block_1_37' title="bbox 2414 1597 4000 1669">
    <p class='ocr_par' dir='ltr' id='par_1_37' title="bbox 2414 1597 4000 1669">
     <span class='ocr_line' id='line_1_37' title="bbox 2414 1597 4000 1669; baseline -0.003 -16"><span class='ocrx_word' id='word_1_236' title='bbox 2414 1613 2478 1653; x_wconf 80' lang='lat' dir='ltr'><strong>ex</strong></span> <span class='ocrx_word' id='word_1_237' title='bbox 2512 1607 2687 1668; x_wconf 86' lang='lat' dir='ltr'><strong>parte,</strong></span> <span class='ocrx_word' id='word_1_238' title='bbox 2729 1608 2783 1653; x_wconf 87' lang='lat' dir='ltr'><strong>et</strong></span> <span class='ocrx_word' id='word_1_239' title='bbox 2827 1615 2926 1669; x_wconf 90' lang='lat' dir='ltr'><strong>pro</strong></span> <span class='ocrx_word' id='word_1_240' title='bbox 2972 1610 3134 1668; x_wconf 85' lang='lat' dir='ltr'><strong>captu</strong></span> <span class='ocrx_word' id='word_1_241' title='bbox 3176 1608 3388 1662; x_wconf 88' lang='lat' dir='ltr'><strong>nostro,</strong></span> <span class='ocrx_word' id='word_1_242' title='bbox 3425 1597 3732 1653; x_wconf 87' lang='lat' dir='ltr'><strong>secundmn</strong></span> <span class='ocrx_word' id='word_1_243' title='bbox 3766 1612 4000 1667; x_wconf 81' lang='lat' dir='ltr'><strong>propor—</strong></span> 
     </span>
    </p>
   </div>
   <div class='ocr_carea' id='block_1_38' title="bbox 2414 1687 3996 1760">
    <p class='ocr_par' dir='ltr' id='par_1_38' title="bbox 2414 1687 3996 1760">
     <span class='ocr_line' id='line_1_38' title="bbox 2414 1687 3996 1760; baseline -0.004 -17"><span class='ocrx_word' id='word_1_244' title='bbox 2414 1690 2622 1745; x_wconf 88' lang='lat' dir='ltr'><strong>tionem</strong></span> <span class='ocrx_word' id='word_1_245' title='bbox 2666 1691 2947 1760; x_wconf 87' lang='lat' dir='ltr'><strong>puritatis,</strong></span> <span class='ocrx_word' id='word_1_246' title='bbox 2991 1702 3047 1745; x_wconf 90' lang='lat' dir='ltr'><strong>et</strong></span> <span class='ocrx_word' id='word_1_247' title='bbox 3091 1691 3419 1745; x_wconf 76' lang='lat' dir='ltr'><strong>innocentia:</strong></span> <span class='ocrx_word' id='word_1_248' title='bbox 3456 1698 3679 1744; x_wconf 74' lang='lat' dir='ltr'><strong>nostrae.</strong></span> <span class='ocrx_word' id='word_1_249' title='bbox 3723 1688 3814 1742; x_wconf 88' lang='lat' dir='ltr'><strong>Sic</strong></span> <span class='ocrx_word' id='word_1_250' title='bbox 3848 1687 3996 1740; x_wconf 86' lang='lat' dir='ltr'><strong>enim</strong></span> 
     </span>
    </p>
   </div>
   <div class='ocr_carea' id='block_1_39' title="bbox 2414 1781 4000 1847">
    <p class='ocr_par' dir='ltr' id='par_1_39' title="bbox 2414 1781 4000 1847">
     <span class='ocr_line' id='line_1_39' title="bbox 2414 1781 4000 1847; baseline -0.005 -9"><span class='ocrx_word' id='word_1_251' title='bbox 2414 1792 2469 1838; x_wconf 86' lang='lat' dir='ltr'><strong>et</strong></span> <span class='ocrx_word' id='word_1_252' title='bbox 2528 1798 2628 1838; x_wconf 89' lang='lat' dir='ltr'><strong>nos</strong></span> <span class='ocrx_word' id='word_1_253' title='bbox 2681 1784 2933 1837; x_wconf 89' lang='lat' dir='ltr'><strong>uniemus</strong></span> <span class='ocrx_word' id='word_1_254' title='bbox 2983 1784 3113 1847; x_wconf 90' lang='lat' dir='ltr'><strong>Deo,</strong></span> <span class='ocrx_word' id='word_1_255' title='bbox 3156 1793 3209 1838; x_wconf 87' lang='lat' dir='ltr'><strong>et</strong></span> <span class='ocrx_word' id='word_1_256' title='bbox 3249 1783 3390 1838; x_wconf 87' lang='lat' dir='ltr'><strong>Deus</strong></span> <span class='ocrx_word' id='word_1_257' title='bbox 3454 1784 3672 1837; x_wconf 86' lang='lat' dir='ltr'><strong>unietur</strong></span> <span class='ocrx_word' id='word_1_258' title='bbox 3712 1781 3892 1844; x_wconf 85' lang='lat' dir='ltr'><strong>nobis,</strong></span> <span class='ocrx_word' id='word_1_259' title='bbox 3943 1788 4000 1831; x_wconf 84' lang='lat' dir='ltr'><strong>et</strong></span> 
     </span>
    </p>
   </div>
   <div class='ocr_carea' id='block_1_40' title="bbox 2415 1874 4001 1933">
    <p class='ocr_par' dir='ltr' id='par_1_40' title="bbox 2415 1874 4001 1933">
     <span class='ocr_line' id='line_1_40' title="bbox 2415 1874 4001 1933; baseline -0.005 -4"><span class='ocrx_word' id='word_1_260' title='bbox 2415 1875 2811 1930; x_wconf 88' lang='lat' dir='ltr'><strong>consuetudine</strong></span> <span class='ocrx_word' id='word_1_261' title='bbox 2861 1882 3053 1929; x_wconf 85' lang='lat' dir='ltr'><strong>nostra</strong></span> <span class='ocrx_word' id='word_1_262' title='bbox 3101 1875 3388 1929; x_wconf 91' lang='lat' dir='ltr'><strong>utentibus</strong></span> <span class='ocrx_word' id='word_1_263' title='bbox 3438 1874 3644 1928; x_wconf 89' lang='lat' dir='ltr'><strong>erimus</strong></span> <span class='ocrx_word' id='word_1_264' title='bbox 3692 1874 3902 1933; x_wconf 88' lang='lat' dir='ltr'><strong>lumen,</strong></span> <span class='ocrx_word' id='word_1_265' title='bbox 3943 1879 4001 1923; x_wconf 85' lang='lat' dir='ltr'><strong>et</strong></span> 
     </span>
    </p>
   </div>
   <div class='ocr_carea' id='block_1_41' title="bbox 2420 1960 3996 2034">
    <p class='ocr_par' dir='ltr' id='par_1_41' title="bbox 2420 1960 3996 2034">
     <span class='ocr_line' id='line_1_41' title="bbox 2420 1960 3996 2034; baseline -0.003 -14"><span class='ocrx_word' id='word_1_266' title='bbox 2420 1966 2524 2029; x_wconf 87' lang='lat' dir='ltr'><strong>sol,</strong></span> <span class='ocrx_word' id='word_1_267' title='bbox 2562 1966 2629 2019; x_wconf 88' lang='lat' dir='ltr'><strong>ad</strong></span> <span class='ocrx_word' id='word_1_268' title='bbox 2662 1979 2913 2034; x_wconf 87' lang='lat' dir='ltr'><strong>magnam</strong></span> <span class='ocrx_word' id='word_1_269' title='bbox 2946 1980 3136 2019; x_wconf 85' lang='lat' dir='ltr'><strong>eorum</strong></span> <span class='ocrx_word' id='word_1_270' title='bbox 3176 1967 3470 2019; x_wconf 87' lang='lat' dir='ltr'><strong>utilitatem</strong></span> <span class='ocrx_word' id='word_1_271' title='bbox 3514 1965 3568 2018; x_wconf 90' lang='lat' dir='ltr'><strong>in</strong></span> <span class='ocrx_word' id='word_1_272' title='bbox 3608 1964 3832 2019; x_wconf 83' lang='lat' dir='ltr'><strong>Christo</strong></span> <span class='ocrx_word' id='word_1_273' title='bbox 3864 1960 3996 2016; x_wconf 81' lang='lat' dir='ltr'><strong>Jesu</strong></span> 
     </span>
    </p>
   </div>
   <div class='ocr_carea' id='block_1_42' title="bbox 2422 2056 4000 2127">
    <p class='ocr_par' dir='ltr' id='par_1_42' title="bbox 2422 2056 4000 2127">
     <span class='ocr_line' id='line_1_42' title="bbox 2422 2056 4000 2127; baseline -0.004 -16"><span class='ocrx_word' id='word_1_274' title='bbox 2422 2057 2654 2113; x_wconf 90' lang='lat' dir='ltr'><strong>Domino</strong></span> <span class='ocrx_word' id='word_1_275' title='bbox 2685 2068 2896 2122; x_wconf 91' lang='lat' dir='ltr'><strong>nostro,</strong></span> <span class='ocrx_word' id='word_1_276' title='bbox 2942 2073 3106 2127; x_wconf 84' lang='lat' dir='ltr'><strong>quem</strong></span> <span class='ocrx_word' id='word_1_277' title='bbox 3145 2057 3301 2113; x_wconf 89' lang='lat' dir='ltr'><strong>decet</strong></span> <span class='ocrx_word' id='word_1_278' title='bbox 3348 2059 3529 2112; x_wconf 89' lang='lat' dir='ltr'><strong>omnis</strong></span> <span class='ocrx_word' id='word_1_279' title='bbox 3564 2058 3758 2125; x_wconf 86' lang='lat' dir='ltr'><strong>gloria,</strong></span> <span class='ocrx_word' id='word_1_280' title='bbox 3796 2056 4000 2118; x_wconf 85' lang='lat' dir='ltr'><strong>honor,</strong></span> 
     </span>
    </p>
   </div>
   <div class='ocr_carea' id='block_1_43' title="bbox 2421 2148 4001 2217">
    <p class='ocr_par' dir='ltr' id='par_1_43' title="bbox 2421 2148 4001 2217">
     <span class='ocr_line' id='line_1_43' title="bbox 2421 2148 4001 2217; baseline -0.004 -11"><span class='ocrx_word' id='word_1_281' title='bbox 2421 2161 2477 2206; x_wconf 89' lang='lat' dir='ltr'><strong>et</strong></span> <span class='ocrx_word' id='word_1_282' title='bbox 2513 2151 2780 2215; x_wconf 89' lang='lat' dir='ltr'><strong>adoratio,</strong></span> <span class='ocrx_word' id='word_1_283' title='bbox 2823 2167 2946 2205; x_wconf 91' lang='lat' dir='ltr'><strong>cum</strong></span> <span class='ocrx_word' id='word_1_284' title='bbox 2983 2150 3145 2205; x_wconf 89' lang='lat' dir='ltr'><strong>Patre</strong></span> <span class='ocrx_word' id='word_1_285' title='bbox 3176 2160 3233 2205; x_wconf 89' lang='lat' dir='ltr'><strong>et</strong></span> <span class='ocrx_word' id='word_1_286' title='bbox 3270 2152 3645 2217; x_wconf 88' lang='lat' dir='ltr'><strong>sanctissimo,</strong></span> <span class='ocrx_word' id='word_1_287' title='bbox 3688 2165 3754 2204; x_wconf 87' lang='lat' dir='ltr'><strong>ac</strong></span> <span class='ocrx_word' id='word_1_288' title='bbox 3783 2148 4001 2201; x_wconf 64' lang='lat' dir='ltr'><strong>\‘ivitlco</strong></span> 
     </span>
    </p>
   </div>
   <div class='ocr_carea' id='block_1_44' title="bbox 2419 2238 3977 2311">
    <p class='ocr_par' dir='ltr' id='par_1_44' title="bbox 2419 2238 3977 2311">
     <span class='ocr_line' id='line_1_44' title="bbox 2419 2238 3977 2311; baseline -0.003 -15"><span class='ocrx_word' id='word_1_289' title='bbox 2419 2241 2627 2311; x_wconf 88' lang='lat' dir='ltr'><strong>Spiritu</strong></span> <span class='ocrx_word' id='word_1_290' title='bbox 2658 2280 2674 2306; x_wconf 88' lang='lat'><strong>,</strong></span> <span class='ocrx_word' id='word_1_291' title='bbox 2712 2256 2857 2296; x_wconf 90' lang='lat' dir='ltr'><strong>nunc</strong></span> <span class='ocrx_word' id='word_1_292' title='bbox 2896 2251 2951 2297; x_wconf 85' lang='lat' dir='ltr'><strong>et</strong></span> <span class='ocrx_word' id='word_1_293' title='bbox 2977 2256 3214 2311; x_wconf 82' lang='lat' dir='ltr'><strong>semper,</strong></span> <span class='ocrx_word' id='word_1_294' title='bbox 3248 2250 3301 2297; x_wconf 91' lang='lat' dir='ltr'><strong>et</strong></span> <span class='ocrx_word' id='word_1_295' title='bbox 3332 2243 3385 2296; x_wconf 89' lang='lat' dir='ltr'><strong>in</strong></span> <span class='ocrx_word' id='word_1_296' title='bbox 3414 2242 3615 2298; x_wconf 73' lang='lat' dir='ltr'><strong>saecula</strong></span> <span class='ocrx_word' id='word_1_297' title='bbox 3645 2238 3977 2303; x_wconf 66' lang='lat' dir='ltr'><strong>saeculorum</strong></span> 
     </span>
    </p>
   </div>
   <div class='ocr_carea' id='block_1_45' title="bbox 2421 2333 2613 2391">
    <p class='ocr_par' dir='ltr' id='par_1_45' title="bbox 2421 2333 2613 2391">
     <span class='ocr_line' id='line_1_45' title="bbox 2421 2333 2613 2391; baseline 0.016 -3"><span class='ocrx_word' id='word_1_298' title='bbox 2421 2333 2613 2391; x_wconf 82' lang='lat' dir='ltr'><strong>Amen.</strong></span> 
     </span>
    </p>
   </div>
   <div class='ocr_carea' id='block_1_46' title="bbox 1805 2677 2937 2742">
    <p class='ocr_par' dir='ltr' id='par_1_46' title="bbox 1805 2677 2937 2742">
     <span class='ocr_line' id='line_1_46' title="bbox 1805 2677 2937 2742; baseline 0.002 -2"><span class='ocrx_word' id='word_1_299' title='bbox 1805 2679 2230 2742; x_wconf 84' lang='lat' dir='ltr'><strong>EPILOGUS</strong></span> <span class='ocrx_word' id='word_1_300' title='bbox 2284 2677 2397 2740; x_wconf 82' lang='lat' dir='ltr'><strong><em>AD</em></strong></span> <span class='ocrx_word' id='word_1_301' title='bbox 2446 2678 2937 2742; x_wconf 80' lang='lat' dir='ltr'><strong>LECTOREM.</strong></span> 
     </span>
    </p>
   </div>
   <div class='ocr_carea' id='block_1_47' title="bbox 809 2989 2317 3059">
    <p class='ocr_par' dir='ltr' id='par_1_47' title="bbox 809 2989 2317 3059">
     <span class='ocr_line' id='line_1_47' title="bbox 809 2989 2317 3059; baseline 0.002 -16"><span class='ocrx_word' id='word_1_302' title='bbox 809 2989 1087 3044; x_wconf 75' lang='lat' dir='ltr'><strong>Laudetttr</strong></span> <span class='ocrx_word' id='word_1_303' title='bbox 1125 2990 1289 3053; x_wconf 90' lang='lat' dir='ltr'><strong>Deus,</strong></span> <span class='ocrx_word' id='word_1_304' title='bbox 1335 2990 1427 3059; x_wconf 91' lang='lat' dir='ltr'><strong>qui</strong></span> <span class='ocrx_word' id='word_1_305' title='bbox 1461 2989 1590 3045; x_wconf 90' lang='lat' dir='ltr'><strong>huic</strong></span> <span class='ocrx_word' id='word_1_306' title='bbox 1626 2989 1796 3045; x_wconf 88' lang='lat' dir='ltr'><strong>labori</strong></span> <span class='ocrx_word' id='word_1_307' title='bbox 1835 2992 1996 3045; x_wconf 86' lang='lat' dir='ltr'><strong>linem</strong></span> <span class='ocrx_word' id='word_1_308' title='bbox 2040 2992 2207 3047; x_wconf 86' lang='lat' dir='ltr'><strong>dedit.</strong></span> <span class='ocrx_word' id='word_1_309' title='bbox 2248 2991 2317 3046; x_wconf 84' lang='lat' dir='ltr'><strong>At</strong></span> 
     </span>
    </p>
   </div>
   <div class='ocr_carea' id='block_1_48' title="bbox 741 3081 2315 3151">
    <p class='ocr_par' dir='ltr' id='par_1_48' title="bbox 741 3081 2315 3151">
     <span class='ocr_line' id='line_1_48' title="bbox 741 3081 2315 3151; baseline 0.003 -17"><span class='ocrx_word' id='word_1_310' title='bbox 741 3093 820 3147; x_wconf 91' lang='lat' dir='ltr'><strong>tu,</strong></span> <span class='ocrx_word' id='word_1_311' title='bbox 856 3083 1048 3146; x_wconf 88' lang='lat' dir='ltr'><strong>lector,</strong></span> <span class='ocrx_word' id='word_1_312' title='bbox 1078 3081 1170 3151; x_wconf 94' lang='lat' dir='ltr'><strong>qui</strong></span> <span class='ocrx_word' id='word_1_313' title='bbox 1216 3081 1269 3135; x_wconf 92' lang='lat' dir='ltr'><strong>in</strong></span> <span class='ocrx_word' id='word_1_314' title='bbox 1306 3083 1453 3135; x_wconf 88' lang='lat' dir='ltr'><strong>hunc</strong></span> <span class='ocrx_word' id='word_1_315' title='bbox 1482 3082 1681 3136; x_wconf 87' lang='lat' dir='ltr'><strong>librttm</strong></span> <span class='ocrx_word' id='word_1_316' title='bbox 1716 3082 2001 3146; x_wconf 88' lang='lat' dir='ltr'><strong>incideris,</strong></span> <span class='ocrx_word' id='word_1_317' title='bbox 2035 3093 2218 3139; x_wconf 90' lang='lat' dir='ltr'><strong>mente</strong></span> <span class='ocrx_word' id='word_1_318' title='bbox 2247 3084 2315 3138; x_wconf 87' lang='lat' dir='ltr'><strong>ab</strong></span> 
     </span>
    </p>
   </div>
   <div class='ocr_carea' id='block_1_49' title="bbox 2424 2986 4005 3057">
    <p class='ocr_par' dir='ltr' id='par_1_49' title="bbox 2424 2986 4005 3057">
     <span class='ocr_line' id='line_1_49' title="bbox 2424 2986 4005 3057; baseline -0.001 -10"><span class='ocrx_word' id='word_1_319' title='bbox 2424 2992 2637 3057; x_wconf 75' lang='lat' dir='ltr'><strong>vivens,</strong></span> <span class='ocrx_word' id='word_1_320' title='bbox 2682 2992 2878 3046; x_wconf 61' lang='lat' dir='ltr'><strong>animae</strong></span> <span class='ocrx_word' id='word_1_321' title='bbox 2927 2999 3032 3044; x_wconf 73' lang='lat' dir='ltr'><strong>tute</strong></span> <span class='ocrx_word' id='word_1_322' title='bbox 3072 2996 3285 3043; x_wconf 60' lang='lat' dir='ltr'><strong>atatem</strong></span> <span class='ocrx_word' id='word_1_323' title='bbox 3322 2991 3461 3043; x_wconf 91' lang='lat' dir='ltr'><strong>ultra</strong></span> <span class='ocrx_word' id='word_1_324' title='bbox 3498 2986 3768 3057; x_wconf 73' lang='lat' dir='ltr'><strong>phmnicis</strong></span> <span class='ocrx_word' id='word_1_325' title='bbox 3803 2990 4005 3045; x_wconf 63' lang='lat' dir='ltr'><strong>saecula</strong></span> 
     </span>
    </p>
   </div>
   <div class='ocr_carea' id='block_1_50' title="bbox 2427 3078 4003 3153">
    <p class='ocr_par' dir='ltr' id='par_1_50' title="bbox 2427 3078 4003 3153">
     <span class='ocr_line' id='line_1_50' title="bbox 2427 3078 4003 3153; baseline -0.002 -16"><span class='ocrx_word' id='word_1_326' title='bbox 2427 3083 2676 3153; x_wconf 79' lang='lat' dir='ltr'><strong>augebis,</strong></span> <span class='ocrx_word' id='word_1_327' title='bbox 2724 3083 2899 3137; x_wconf 92' lang='lat' dir='ltr'><strong>donec</strong></span> <span class='ocrx_word' id='word_1_328' title='bbox 2950 3083 3032 3135; x_wconf 91' lang='lat' dir='ltr'><strong>vir</strong></span> <span class='ocrx_word' id='word_1_329' title='bbox 3071 3079 3180 3149; x_wconf 87' lang='lat' dir='ltr'><strong>jam</strong></span> <span class='ocrx_word' id='word_1_330' title='bbox 3230 3079 3531 3149; x_wconf 87' lang='lat' dir='ltr'><strong>perfectus,</strong></span> <span class='ocrx_word' id='word_1_331' title='bbox 3573 3078 3638 3132; x_wconf 93' lang='lat' dir='ltr'><strong>ad</strong></span> <span class='ocrx_word' id='word_1_332' title='bbox 3688 3094 4003 3134; x_wconf 85' lang='lat' dir='ltr'><strong>mensuram</strong></span> 
     </span>
    </p>
   </div>
   <div class='ocr_carea' id='block_1_51' title="bbox 735 3154 4005 3242">
    <p class='ocr_par' dir='ltr' id='par_1_51' title="bbox 735 3154 4005 3242">
     <span class='ocr_line' id='line_1_51' title="bbox 735 3154 4005 3242; baseline -0.002 -13"><span class='ocrx_word' id='word_1_333' title='bbox 735 3174 887 3229; x_wconf 79' lang='lat' dir='ltr'><strong>Ouini</strong></span> <span class='ocrx_word' id='word_1_334' title='bbox 914 3187 1048 3227; x_wconf 90' lang='lat' dir='ltr'><strong>cura</strong></span> <span class='ocrx_word' id='word_1_335' title='bbox 1075 3172 1240 3242; x_wconf 87' lang='lat' dir='ltr'><strong>hujus</strong></span> <span class='ocrx_word' id='word_1_336' title='bbox 1268 3174 1456 3227; x_wconf 88' lang='lat' dir='ltr'><strong>tnuudi</strong></span> <span class='ocrx_word' id='word_1_337' title='bbox 1491 3188 1720 3239; x_wconf 88' lang='lat' dir='ltr'><strong>vacuus,</strong></span> <span class='ocrx_word' id='word_1_338' title='bbox 1748 3182 1806 3228; x_wconf 93' lang='lat' dir='ltr'><strong>ut</strong></span> <span class='ocrx_word' id='word_1_339' title='bbox 1838 3174 2016 3239; x_wconf 90' lang='lat' dir='ltr'><strong>decet,</strong></span> <span class='ocrx_word' id='word_1_340' title='bbox 2044 3183 2095 3229; x_wconf 92' lang='lat' dir='ltr'><strong>te</strong></span> <span class='ocrx_word' id='word_1_341' title='bbox 2123 3175 2319 3230; x_wconf 86' lang='lat' dir='ltr'><strong>adhibe</strong></span> <span class='ocrx_word' id='word_1_342' title='bbox 2346 3154 2391 3217; x_wconf 63' lang='grc' dir='ltr'><strong>(ἶ</strong></span> <span class='ocrx_word' id='word_1_343' title='bbox 2427 3178 2615 3232; x_wconf 82' lang='lat' dir='ltr'><strong>venias</strong></span> <span class='ocrx_word' id='word_1_344' title='bbox 2650 3175 2851 3237; x_wconf 62' lang='lat' dir='ltr'><strong>aetatis,</strong></span> <span class='ocrx_word' id='word_1_345' title='bbox 2903 3188 3010 3242; x_wconf 90' lang='lat' dir='ltr'><strong>qua</strong></span> <span class='ocrx_word' id='word_1_346' title='bbox 3064 3174 3235 3227; x_wconf 85' lang='lat' dir='ltr'><strong>fuisse</strong></span> <span class='ocrx_word' id='word_1_347' title='bbox 3286 3170 3575 3226; x_wconf 90' lang='lat' dir='ltr'><strong>Dominum</strong></span> <span class='ocrx_word' id='word_1_348' title='bbox 3612 3180 3853 3225; x_wconf 84' lang='lat' dir='ltr'><strong>constat.</strong></span> <span class='ocrx_word' id='word_1_349' title='bbox 3903 3170 4005 3225; x_wconf 84' lang='lat' dir='ltr'><strong>Ubi</strong></span> 
     </span>
    </p>
   </div>
   <div class='ocr_carea' id='block_1_52' title="bbox 738 3265 2317 3334">
    <p class='ocr_par' dir='ltr' id='par_1_52' title="bbox 738 3265 2317 3334">
     <span class='ocr_line' id='line_1_52' title="bbox 738 3265 2317 3334; baseline 0.001 -13"><span class='ocrx_word' id='word_1_350' title='bbox 738 3265 1093 3321; x_wconf 84' lang='lat' dir='ltr'><strong>sermonibus</strong></span> <span class='ocrx_word' id='word_1_351' title='bbox 1128 3265 1271 3331; x_wconf 91' lang='lat' dir='ltr'><strong>istis,</strong></span> <span class='ocrx_word' id='word_1_352' title='bbox 1304 3281 1443 3334; x_wconf 84' lang='lat' dir='ltr'><strong>quos</strong></span> <span class='ocrx_word' id='word_1_353' title='bbox 1487 3266 1673 3321; x_wconf 89' lang='lat' dir='ltr'><strong>studio</strong></span> <span class='ocrx_word' id='word_1_354' title='bbox 1713 3275 1767 3321; x_wconf 88' lang='lat' dir='ltr'><strong>et</strong></span> <span class='ocrx_word' id='word_1_355' title='bbox 1831 3267 2017 3322; x_wconf 92' lang='lat' dir='ltr'><strong>labore</strong></span> <span class='ocrx_word' id='word_1_356' title='bbox 2048 3282 2148 3323; x_wconf 89' lang='lat' dir='ltr'><strong>suo</strong></span> <span class='ocrx_word' id='word_1_357' title='bbox 2182 3283 2317 3322; x_wconf 86' lang='lat' dir='ltr'><strong>eon-</strong></span> 
     </span>
    </p>
   </div>
   <div class='ocr_carea' id='block_1_53' title="bbox 742 3355 2316 3428">
    <p class='ocr_par' dir='ltr' id='par_1_53' title="bbox 742 3355 2316 3428">
     <span class='ocr_line' id='line_1_53' title="bbox 742 3355 2316 3428; baseline 0.001 -20"><span class='ocrx_word' id='word_1_358' title='bbox 742 3356 871 3410; x_wconf 88' lang='lat' dir='ltr'><strong>fecit</strong></span> <span class='ocrx_word' id='word_1_359' title='bbox 912 3355 1258 3410; x_wconf 86' lang='lat' dir='ltr'><strong>venerandus</strong></span> <span class='ocrx_word' id='word_1_360' title='bbox 1303 3355 1412 3417; x_wconf 83' lang='lat' dir='ltr'><strong>ille.</strong></span> <span class='ocrx_word' id='word_1_361' title='bbox 1470 3363 1524 3409; x_wconf 92' lang='lat' dir='ltr'><strong>et</strong></span> <span class='ocrx_word' id='word_1_362' title='bbox 1573 3357 1815 3425; x_wconf 85' lang='lat' dir='ltr'><strong>inclytus</strong></span> <span class='ocrx_word' id='word_1_363' title='bbox 1850 3356 2011 3411; x_wconf 73' lang='lat' dir='ltr'><strong>Pater</strong></span> <span class='ocrx_word' id='word_1_364' title='bbox 2053 3356 2316 3428; x_wconf 86' lang='lat' dir='ltr'><strong>Symeon,</strong></span> 
     </span>
    </p>
   </div>
   <div class='ocr_carea' id='block_1_54' title="bbox 740 3445 2319 3518">
    <p class='ocr_par' dir='ltr' id='par_1_54' title="bbox 740 3445 2319 3518">
     <span class='ocr_line' id='line_1_54' title="bbox 740 3445 2319 3518; baseline 0.004 -19"><span class='ocrx_word' id='word_1_365' title='bbox 740 3448 834 3516; x_wconf 90' lang='lat' dir='ltr'><strong>qui</strong></span> <span class='ocrx_word' id='word_1_366' title='bbox 866 3448 1202 3501; x_wconf 88' lang='lat' dir='ltr'><strong>monasterio</strong></span> <span class='ocrx_word' id='word_1_367' title='bbox 1226 3448 1292 3500; x_wconf 89' lang='lat' dir='ltr'><strong>ad</strong></span> <span class='ocrx_word' id='word_1_368' title='bbox 1324 3445 1683 3517; x_wconf 81' lang='lat' dir='ltr'><strong>Xylocercum</strong></span> <span class='ocrx_word' id='word_1_369' title='bbox 1719 3448 1953 3518; x_wconf 73' lang='lat' dir='ltr'><strong>prmfuit.</strong></span> <span class='ocrx_word' id='word_1_370' title='bbox 1980 3448 2194 3503; x_wconf 90' lang='lat' dir='ltr'><strong>Etcum</strong></span> <span class='ocrx_word' id='word_1_371' title='bbox 2222 3465 2319 3506; x_wconf 90' lang='lat' dir='ltr'><strong>eos</strong></span> 
     </span>
    </p>
   </div>
   <div class='ocr_carea' id='block_1_55' title="bbox 739 3540 2321 3612">
    <p class='ocr_par' dir='ltr' id='par_1_55' title="bbox 739 3540 2321 3612">
     <span class='ocr_line' id='line_1_55' title="bbox 739 3540 2321 3612; baseline 0.005 -21"><span class='ocrx_word' id='word_1_372' title='bbox 739 3541 948 3594; x_wconf 73' lang='lat' dir='ltr'><strong>videris</strong></span> <span class='ocrx_word' id='word_1_373' title='bbox 978 3554 1098 3594; x_wconf 88' lang='lat' dir='ltr'><strong>esse</strong></span> <span class='ocrx_word' id='word_1_374' title='bbox 1137 3549 1247 3594; x_wconf 89' lang='lat' dir='ltr'><strong>tres</strong></span> <span class='ocrx_word' id='word_1_375' title='bbox 1288 3548 1342 3594; x_wconf 92' lang='lat' dir='ltr'><strong>et</strong></span> <span class='ocrx_word' id='word_1_376' title='bbox 1384 3541 1629 3609; x_wconf 82' lang='lat' dir='ltr'><strong>triginta,</strong></span> <span class='ocrx_word' id='word_1_377' title='bbox 1671 3540 1897 3595; x_wconf 88' lang='lat' dir='ltr'><strong>totidem</strong></span> <span class='ocrx_word' id='word_1_378' title='bbox 1941 3556 2139 3605; x_wconf 86' lang='lat' dir='ltr'><strong>annos,</strong></span> <span class='ocrx_word' id='word_1_379' title='bbox 2178 3558 2321 3612; x_wconf 84' lang='lat' dir='ltr'><strong>quos</strong></span> 
     </span>
    </p>
   </div>
   <div class='ocr_carea' id='block_1_56' title="bbox 743 3632 2320 3701">
    <p class='ocr_par' dir='ltr' id='par_1_56' title="bbox 743 3632 2320 3701">
     <span class='ocr_line' id='line_1_56' title="bbox 743 3632 2320 3701; baseline 0.004 -18"><span class='ocrx_word' id='word_1_380' title='bbox 743 3632 1009 3687; x_wconf 83' lang='lat' dir='ltr'><strong>Dominus</strong></span> <span class='ocrx_word' id='word_1_381' title='bbox 1042 3641 1229 3687; x_wconf 91' lang='lat' dir='ltr'><strong>noster</strong></span> <span class='ocrx_word' id='word_1_382' title='bbox 1258 3646 1488 3701; x_wconf 86' lang='lat' dir='ltr'><strong>corpore</strong></span> <span class='ocrx_word' id='word_1_383' title='bbox 1517 3633 1759 3686; x_wconf 88' lang='lat' dir='ltr'><strong>humano</strong></span> <span class='ocrx_word' id='word_1_384' title='bbox 1789 3636 2044 3697; x_wconf 80' lang='lat' dir='ltr'><strong>vestitus,</strong></span> <span class='ocrx_word' id='word_1_385' title='bbox 2082 3645 2141 3689; x_wconf 90' lang='lat' dir='ltr'><strong>ut</strong></span> <span class='ocrx_word' id='word_1_386' title='bbox 2172 3650 2320 3689; x_wconf 89' lang='lat' dir='ltr'><strong>mor-</strong></span> 
     </span>
    </p>
   </div>
   <div class='ocr_carea' id='block_1_57' title="bbox 741 3725 2319 3795">
    <p class='ocr_par' dir='ltr' id='par_1_57' title="bbox 741 3725 2319 3795">
     <span class='ocr_line' id='line_1_57' title="bbox 741 3725 2319 3795; baseline 0.001 -15"><span class='ocrx_word' id='word_1_387' title='bbox 741 3728 869 3782; x_wconf 85' lang='lat' dir='ltr'><strong>talis</strong></span> <span class='ocrx_word' id='word_1_388' title='bbox 894 3727 1181 3780; x_wconf 89' lang='lat' dir='ltr'><strong>nohiscum</strong></span> <span class='ocrx_word' id='word_1_389' title='bbox 1214 3725 1270 3779; x_wconf 92' lang='lat' dir='ltr'><strong>in</strong></span> <span class='ocrx_word' id='word_1_390' title='bbox 1304 3726 1467 3780; x_wconf 90' lang='lat' dir='ltr'><strong>terris</strong></span> <span class='ocrx_word' id='word_1_391' title='bbox 1494 3727 1645 3787; x_wconf 87' lang='lat' dir='ltr'><strong>vixit,</strong></span> <span class='ocrx_word' id='word_1_392' title='bbox 1669 3726 1872 3795; x_wconf 85' lang='lat' dir='ltr'><strong>cngita.</strong></span> <span class='ocrx_word' id='word_1_393' title='bbox 1911 3725 1978 3780; x_wconf 88' lang='lat' dir='ltr'><strong>Et</strong></span> <span class='ocrx_word' id='word_1_394' title='bbox 2017 3728 2122 3781; x_wconf 93' lang='lat' dir='ltr'><strong>hoc</strong></span> <span class='ocrx_word' id='word_1_395' title='bbox 2162 3742 2319 3781; x_wconf 84' lang='lat' dir='ltr'><strong>man-</strong></span> 
     </span>
    </p>
   </div>
   <div class='ocr_carea' id='block_1_58' title="bbox 742 3818 2323 3889">
    <p class='ocr_par' dir='ltr' id='par_1_58' title="bbox 742 3818 2323 3889">
     <span class='ocr_line' id='line_1_58' title="bbox 742 3818 2323 3889; baseline 0 -18"><span class='ocrx_word' id='word_1_396' title='bbox 742 3819 881 3873; x_wconf 86' lang='lat' dir='ltr'><strong>dans</strong></span> <span class='ocrx_word' id='word_1_397' title='bbox 911 3818 1119 3881; x_wconf 87' lang='lat' dir='ltr'><strong>animo,</strong></span> <span class='ocrx_word' id='word_1_398' title='bbox 1149 3818 1371 3884; x_wconf 89' lang='lat' dir='ltr'><strong>festina,</strong></span> <span class='ocrx_word' id='word_1_399' title='bbox 1396 3827 1455 3872; x_wconf 93' lang='lat' dir='ltr'><strong>ut</strong></span> <span class='ocrx_word' id='word_1_400' title='bbox 1479 3818 1750 3888; x_wconf 87' lang='lat' dir='ltr'><strong>spirituali</strong></span> <span class='ocrx_word' id='word_1_401' title='bbox 1788 3820 2151 3883; x_wconf 82' lang='lat' dir='ltr'><strong>incremento,</strong></span> <span class='ocrx_word' id='word_1_402' title='bbox 2178 3819 2323 3889; x_wconf 84' lang='lat' dir='ltr'><strong>quod</strong></span> 
     </span>
    </p>
   </div>
   <div class='ocr_carea' id='block_1_59' title="bbox 742 3909 2324 3978">
    <p class='ocr_par' dir='ltr' id='par_1_59' title="bbox 742 3909 2324 3978">
     <span class='ocr_line' id='line_1_59' title="bbox 742 3909 2324 3978; baseline 0.002 -16"><span class='ocrx_word' id='word_1_403' title='bbox 742 3909 885 3963; x_wconf 91' lang='lat' dir='ltr'><strong>liber</strong></span> <span class='ocrx_word' id='word_1_404' title='bbox 911 3909 998 3962; x_wconf 93' lang='lat' dir='ltr'><strong>hic</strong></span> <span class='ocrx_word' id='word_1_405' title='bbox 1027 3911 1257 3978; x_wconf 83' lang='lat' dir='ltr'><strong>exponit</strong></span> <span class='ocrx_word' id='word_1_406' title='bbox 1291 3925 1355 3964; x_wconf 93' lang='lat' dir='ltr'><strong>ac</strong></span> <span class='ocrx_word' id='word_1_407' title='bbox 1383 3910 1648 3974; x_wconf 85' lang='lat' dir='ltr'><strong>declarat,</strong></span> <span class='ocrx_word' id='word_1_408' title='bbox 1683 3912 1935 3966; x_wconf 89' lang='lat' dir='ltr'><strong>celeriter</strong></span> <span class='ocrx_word' id='word_1_409' title='bbox 1962 3926 2139 3966; x_wconf 90' lang='lat' dir='ltr'><strong>annos</strong></span> <span class='ocrx_word' id='word_1_410' title='bbox 2177 3911 2324 3965; x_wconf 91' lang='lat' dir='ltr'><strong>illius</strong></span> 
     </span>
    </p>
   </div>
   <div class='ocr_carea' id='block_1_60' title="bbox 743 4002 2322 4073">
    <p class='ocr_par' dir='ltr' id='par_1_60' title="bbox 743 4002 2322 4073">
     <span class='ocr_line' id='line_1_60' title="bbox 743 4002 2322 4073; baseline 0.003 -20"><span class='ocrx_word' id='word_1_411' title='bbox 743 4016 1023 4069; x_wconf 72' lang='lat' dir='ltr'><strong>exmques,</strong></span> <span class='ocrx_word' id='word_1_412' title='bbox 1064 4017 1127 4054; x_wconf 83' lang='lat' dir='ltr'><strong>ex</strong></span> <span class='ocrx_word' id='word_1_413' title='bbox 1165 4004 1537 4064; x_wconf 82' lang='lat' dir='ltr'><strong>sermonibus,</strong></span> <span class='ocrx_word' id='word_1_414' title='bbox 1577 4003 1823 4073; x_wconf 88' lang='lat' dir='ltr'><strong>inquam,</strong></span> <span class='ocrx_word' id='word_1_415' title='bbox 1864 4002 2005 4057; x_wconf 85' lang='lat' dir='ltr'><strong>haud</strong></span> <span class='ocrx_word' id='word_1_416' title='bbox 2047 4003 2322 4068; x_wconf 87' lang='lat' dir='ltr'><strong>obscuris,</strong></span> 
     </span>
    </p>
   </div>
   <div class='ocr_carea' id='block_1_61' title="bbox 743 4091 2321 4164">
    <p class='ocr_par' dir='ltr' id='par_1_61' title="bbox 743 4091 2321 4164">
     <span class='ocr_line' id='line_1_61' title="bbox 743 4091 2321 4164; baseline 0.002 -18"><span class='ocrx_word' id='word_1_417' title='bbox 743 4100 798 4146; x_wconf 88' lang='lat' dir='ltr'><strong>et</strong></span> <span class='ocrx_word' id='word_1_418' title='bbox 834 4092 1061 4146; x_wconf 87' lang='lat' dir='ltr'><strong>totidem</strong></span> <span class='ocrx_word' id='word_1_419' title='bbox 1091 4108 1320 4146; x_wconf 88' lang='lat' dir='ltr'><strong>numero</strong></span> <span class='ocrx_word' id='word_1_420' title='bbox 1349 4091 1527 4149; x_wconf 88' lang='lat' dir='ltr'><strong>Patris</strong></span> <span class='ocrx_word' id='word_1_421' title='bbox 1556 4096 1742 4164; x_wconf 87' lang='lat' dir='ltr'><strong>hujus.</strong></span> <span class='ocrx_word' id='word_1_422' title='bbox 1770 4093 1919 4161; x_wconf 87' lang='lat' dir='ltr'><strong>Quos</strong></span> <span class='ocrx_word' id='word_1_423' title='bbox 1946 4111 2070 4149; x_wconf 91' lang='lat' dir='ltr'><strong>cum</strong></span> <span class='ocrx_word' id='word_1_424' title='bbox 2126 4095 2321 4164; x_wconf 84' lang='lat' dir='ltr'><strong>legeris</strong></span> 
     </span>
    </p>
   </div>
   <div class='ocr_carea' id='block_1_62' title="bbox 744 4184 2321 4254">
    <p class='ocr_par' dir='ltr' id='par_1_62' title="bbox 744 4184 2321 4254">
     <span class='ocr_line' id='line_1_62' title="bbox 744 4184 2321 4254; baseline 0.004 -19"><span class='ocrx_word' id='word_1_425' title='bbox 744 4192 800 4236; x_wconf 88' lang='lat' dir='ltr'><strong>et</strong></span> <span class='ocrx_word' id='word_1_426' title='bbox 834 4184 1168 4253; x_wconf 80' lang='lat' dir='ltr'><strong>perceperis,</strong></span> <span class='ocrx_word' id='word_1_427' title='bbox 1202 4185 1668 4254; x_wconf 88' lang='lat' dir='ltr'><strong>quemadmodum</strong></span> <span class='ocrx_word' id='word_1_428' title='bbox 1717 4188 1815 4242; x_wconf 92' lang='lat' dir='ltr'><strong>tibi</strong></span> <span class='ocrx_word' id='word_1_429' title='bbox 1867 4189 1974 4243; x_wconf 90' lang='lat' dir='ltr'><strong>vita</strong></span> <span class='ocrx_word' id='word_1_430' title='bbox 2017 4188 2321 4242; x_wconf 92' lang='lat' dir='ltr'><strong>secundum</strong></span> 
     </span>
    </p>
   </div>
   <div class='ocr_carea' id='block_1_63' title="bbox 746 4272 2324 4349">
    <p class='ocr_par' dir='ltr' id='par_1_63' title="bbox 746 4272 2324 4349">
     <span class='ocr_line' id='line_1_63' title="bbox 746 4272 2324 4349; baseline 0.003 -22"><span class='ocrx_word' id='word_1_431' title='bbox 746 4272 920 4327; x_wconf 89' lang='lat' dir='ltr'><strong>Deum</strong></span> <span class='ocrx_word' id='word_1_432' title='bbox 954 4272 1296 4330; x_wconf 89' lang='lat' dir='ltr'><strong>instituenda</strong></span> <span class='ocrx_word' id='word_1_433' title='bbox 1332 4278 1428 4341; x_wconf 88' lang='lat' dir='ltr'><strong>sit,</strong></span> <span class='ocrx_word' id='word_1_434' title='bbox 1469 4292 1793 4349; x_wconf 78' lang='lat' dir='ltr'><strong>cognosces,</strong></span> <span class='ocrx_word' id='word_1_435' title='bbox 1838 4285 1892 4333; x_wconf 91' lang='lat' dir='ltr'><strong>et</strong></span> <span class='ocrx_word' id='word_1_436' title='bbox 1934 4293 2059 4333; x_wconf 92' lang='lat' dir='ltr'><strong>cum</strong></span> <span class='ocrx_word' id='word_1_437' title='bbox 2100 4277 2324 4332; x_wconf 89' lang='lat' dir='ltr'><strong>Christo</strong></span> 
     </span>
    </p>
   </div>
   <div class='ocr_carea' id='block_1_64' title="bbox 814 4453 1296 4523">
    <p class='ocr_par' dir='ltr' id='par_1_64' title="bbox 814 4453 1296 4523">
     <span class='ocr_line' id='line_1_64' title="bbox 814 4453 1296 4523; baseline 0.002 -13"><span class='ocrx_word' id='word_1_438' title='bbox 814 4453 1014 4511; x_wconf 77' lang='lat' dir='ltr'><strong>&#39;Joan.</strong></span> <span class='ocrx_word' id='word_1_439' title='bbox 1044 4472 1176 4523; x_wconf 82' lang='lat' dir='ltr'><strong>xm,</strong></span> <span class='ocrx_word' id='word_1_440' title='bbox 1205 4457 1296 4511; x_wconf 73' lang='grc'><strong>24.</strong></span> 
     </span>
    </p>
   </div>
   <div class='ocr_carea' id='block_1_65' title="bbox 756 4630 2633 4658">
    <p class='ocr_par' dir='ltr' id='par_1_65' title="bbox 756 4630 2633 4658">
     <span class='ocr_line' id='line_1_65' title="bbox 756 4630 2633 4658; baseline 0 -5"><span class='ocrx_word' id='word_1_441' title='bbox 756 4630 2633 4658; x_wconf 65' lang='lat'><strong>~———-——————_——————————————1</strong></span> 
     </span>
    </p>
   </div>
   <div class='ocr_carea' id='block_1_66' title="bbox 2424 3264 4009 3332">
    <p class='ocr_par' dir='ltr' id='par_1_66' title="bbox 2424 3264 4009 3332">
     <span class='ocr_line' id='line_1_66' title="bbox 2424 3264 4009 3332; baseline -0.006 -10"><span class='ocrx_word' id='word_1_442' title='bbox 2424 3283 2534 3322; x_wconf 87' lang='lat' dir='ltr'><strong>una</strong></span> <span class='ocrx_word' id='word_1_443' title='bbox 2565 3283 2689 3321; x_wconf 88' lang='lat' dir='ltr'><strong>cum</strong></span> <span class='ocrx_word' id='word_1_444' title='bbox 2716 3266 2941 3320; x_wconf 90' lang='lat' dir='ltr'><strong>Christo</strong></span> <span class='ocrx_word' id='word_1_445' title='bbox 2971 3266 3052 3319; x_wconf 91' lang='lat' dir='ltr'><strong>sic</strong></span> <span class='ocrx_word' id='word_1_446' title='bbox 3083 3264 3289 3318; x_wconf 86' lang='lat' dir='ltr'><strong>vixeris</strong></span> <span class='ocrx_word' id='word_1_447' title='bbox 3319 3279 3383 3316; x_wconf 83' lang='lat' dir='ltr'><strong>ex</strong></span> <span class='ocrx_word' id='word_1_448' title='bbox 3420 3265 3626 3322; x_wconf 79' lang='lat' dir='ltr'><strong>animo.</strong></span> <span class='ocrx_word' id='word_1_449' title='bbox 3660 3274 3713 3316; x_wconf 90' lang='lat' dir='ltr'><strong>et</strong></span> <span class='ocrx_word' id='word_1_450' title='bbox 3745 3265 4009 3332; x_wconf 82' lang='lat' dir='ltr'><strong>spiritua-</strong></span> 
     </span>
    </p>
   </div>
   <div class='ocr_carea' id='block_1_67' title="bbox 2424 3356 4009 3425">
    <p class='ocr_par' dir='ltr' id='par_1_67' title="bbox 2424 3356 4009 3425">
     <span class='ocr_line' id='line_1_67' title="bbox 2424 3356 4009 3425; baseline -0.005 -12"><span class='ocrx_word' id='word_1_451' title='bbox 2424 3361 2572 3425; x_wconf 85' lang='lat' dir='ltr'><strong>liter,</strong></span> <span class='ocrx_word' id='word_1_452' title='bbox 2614 3357 2801 3412; x_wconf 91' lang='lat' dir='ltr'><strong>unitus</strong></span> <span class='ocrx_word' id='word_1_453' title='bbox 2846 3359 2895 3411; x_wconf 90' lang='lat' dir='ltr'><strong>ei</strong></span> <span class='ocrx_word' id='word_1_454' title='bbox 2936 3365 3204 3425; x_wconf 84' lang='lat' dir='ltr'><strong>quantum</strong></span> <span class='ocrx_word' id='word_1_455' title='bbox 3256 3356 3405 3419; x_wconf 85' lang='lat' dir='ltr'><strong>licet,</strong></span> <span class='ocrx_word' id='word_1_456' title='bbox 3456 3356 3622 3409; x_wconf 86' lang='lat' dir='ltr'><strong>etiam</strong></span> <span class='ocrx_word' id='word_1_457' title='bbox 3666 3369 3791 3407; x_wconf 89' lang='lat' dir='ltr'><strong>cum</strong></span> <span class='ocrx_word' id='word_1_458' title='bbox 3830 3368 3896 3406; x_wconf 89' lang='lat' dir='ltr'><strong>eo</strong></span> <span class='ocrx_word' id='word_1_459' title='bbox 3944 3357 4009 3406; x_wconf 83' lang='lat' dir='ltr'><strong>de</strong></span> 
     </span>
    </p>
   </div>
   <div class='ocr_carea' id='block_1_68' title="bbox 2423 3447 4009 3513">
    <p class='ocr_par' dir='ltr' id='par_1_68' title="bbox 2423 3447 4009 3513">
     <span class='ocr_line' id='line_1_68' title="bbox 2423 3447 4009 3513; baseline -0.006 -7"><span class='ocrx_word' id='word_1_460' title='bbox 2423 3460 2569 3506; x_wconf 77' lang='lat' dir='ltr'><strong>terra</strong></span> <span class='ocrx_word' id='word_1_461' title='bbox 2607 3454 2849 3505; x_wconf 86' lang='lat' dir='ltr'><strong>exaltato</strong></span> <span class='ocrx_word' id='word_1_462' title='bbox 2897 3451 3171 3513; x_wconf 86' lang='lat' dir='ltr'><strong>sublatus,</strong></span> <span class='ocrx_word' id='word_1_463' title='bbox 3226 3449 3292 3501; x_wconf 86' lang='lat' dir='ltr'><strong>ad</strong></span> <span class='ocrx_word' id='word_1_464' title='bbox 3351 3450 3529 3502; x_wconf 86' lang='lat' dir='ltr'><strong>locum</strong></span> <span class='ocrx_word' id='word_1_465' title='bbox 3570 3447 3660 3501; x_wconf 87' lang='lat' dir='ltr'><strong>ubi</strong></span> <span class='ocrx_word' id='word_1_466' title='bbox 3700 3448 3789 3500; x_wconf 90' lang='lat' dir='ltr'><strong>ille</strong></span> <span class='ocrx_word' id='word_1_467' title='bbox 3823 3458 4009 3499; x_wconf 89' lang='lat' dir='ltr'><strong>manet</strong></span> 
     </span>
    </p>
   </div>
   <div class='ocr_carea' id='block_1_69' title="bbox 2426 3541 4007 3615">
    <p class='ocr_par' dir='ltr' id='par_1_69' title="bbox 2426 3541 4007 3615">
     <span class='ocr_line' id='line_1_69' title="bbox 2426 3541 4007 3615; baseline -0.003 -18"><span class='ocrx_word' id='word_1_468' title='bbox 2426 3546 2734 3615; x_wconf 84' lang='lat' dir='ltr'><strong>pervenies.</strong></span> <span class='ocrx_word' id='word_1_469' title='bbox 2762 3542 2953 3596; x_wconf 89' lang='lat' dir='ltr'><strong>Trahit</strong></span> <span class='ocrx_word' id='word_1_470' title='bbox 2975 3543 3121 3595; x_wconf 90' lang='lat' dir='ltr'><strong>enim</strong></span> <span class='ocrx_word' id='word_1_471' title='bbox 3156 3544 3208 3595; x_wconf 93' lang='lat' dir='ltr'><strong>in</strong></span> <span class='ocrx_word' id='word_1_472' title='bbox 3238 3541 3441 3596; x_wconf 91' lang='lat' dir='ltr'><strong>Sancta</strong></span> <span class='ocrx_word' id='word_1_473' title='bbox 3466 3550 3786 3595; x_wconf 88' lang='lat' dir='ltr'><strong>sanctorum</strong></span> <span class='ocrx_word' id='word_1_474' title='bbox 3811 3554 4007 3597; x_wconf 89' lang='lat' dir='ltr'><strong>omnes</strong></span> 
     </span>
    </p>
   </div>
   <div class='ocr_carea' id='block_1_70' title="bbox 2428 3629 4010 3705">
    <p class='ocr_par' dir='ltr' id='par_1_70' title="bbox 2428 3629 4010 3705">
     <span class='ocr_line' id='line_1_70' title="bbox 2428 3629 4010 3705; baseline -0.003 -18"><span class='ocrx_word' id='word_1_475' title='bbox 2428 3637 2522 3705; x_wconf 84' lang='lat' dir='ltr'><strong>qui</strong></span> <span class='ocrx_word' id='word_1_476' title='bbox 2556 3635 2748 3688; x_wconf 83' lang='lat' dir='ltr'><strong>volunt</strong></span> <span class='ocrx_word' id='word_1_477' title='bbox 2781 3633 2835 3686; x_wconf 91' lang='lat' dir='ltr'><strong>in</strong></span> <span class='ocrx_word' id='word_1_478' title='bbox 2865 3633 2985 3702; x_wconf 88' lang='lat' dir='ltr'><strong>ejus</strong></span> <span class='ocrx_word' id='word_1_479' title='bbox 3019 3635 3232 3687; x_wconf 88' lang='lat' dir='ltr'><strong>semitis</strong></span> <span class='ocrx_word' id='word_1_480' title='bbox 3275 3632 3500 3702; x_wconf 85' lang='lat' dir='ltr'><strong>vestigia</strong></span> <span class='ocrx_word' id='word_1_481' title='bbox 3539 3645 3761 3700; x_wconf 82' lang='lat' dir='ltr'><strong>ponere,</strong></span> <span class='ocrx_word' id='word_1_482' title='bbox 3810 3629 4010 3698; x_wconf 88' lang='lat' dir='ltr'><strong>quibus</strong></span> 
     </span>
    </p>
   </div>
   <div class='ocr_carea' id='block_1_71' title="bbox 2429 3720 4012 3797">
    <p class='ocr_par' dir='ltr' id='par_1_71' title="bbox 2429 3720 4012 3797">
     <span class='ocr_line' id='line_1_71' title="bbox 2429 3720 4012 3797; baseline -0.003 -20"><span class='ocrx_word' id='word_1_483' title='bbox 2429 3741 2528 3797; x_wconf 86' lang='lat' dir='ltr'><strong>pro</strong></span> <span class='ocrx_word' id='word_1_484' title='bbox 2580 3724 2742 3780; x_wconf 87' lang='lat' dir='ltr'><strong>nobis</strong></span> <span class='ocrx_word' id='word_1_485' title='bbox 2790 3726 2941 3793; x_wconf 88' lang='lat' dir='ltr'><strong>prior</strong></span> <span class='ocrx_word' id='word_1_486' title='bbox 2988 3724 3103 3793; x_wconf 87' lang='lat' dir='ltr'><strong>ipse</strong></span> <span class='ocrx_word' id='word_1_487' title='bbox 3151 3722 3400 3786; x_wconf 89' lang='lat' dir='ltr'><strong>incessit,</strong></span> <span class='ocrx_word' id='word_1_488' title='bbox 3447 3732 3709 3790; x_wconf 86' lang='lat' dir='ltr'><strong>tanquam</strong></span> <span class='ocrx_word' id='word_1_489' title='bbox 3744 3720 4012 3774; x_wconf 80' lang='lat' dir='ltr'><strong>Mediator</strong></span> 
     </span>
    </p>
   </div>
   <div class='ocr_carea' id='block_1_72' title="bbox 2426 3812 4010 3884">
    <p class='ocr_par' dir='ltr' id='par_1_72' title="bbox 2426 3812 4010 3884">
     <span class='ocr_line' id='line_1_72' title="bbox 2426 3812 4010 3884; baseline -0.006 -11"><span class='ocrx_word' id='word_1_490' title='bbox 2426 3818 2659 3881; x_wconf 78' lang='lat' dir='ltr'><strong>scilicet,</strong></span> <span class='ocrx_word' id='word_1_491' title='bbox 2703 3826 2756 3871; x_wconf 89' lang='lat' dir='ltr'><strong>et</strong></span> <span class='ocrx_word' id='word_1_492' title='bbox 2794 3830 3024 3884; x_wconf 86' lang='lat' dir='ltr'><strong>magnus</strong></span> <span class='ocrx_word' id='word_1_493' title='bbox 3069 3823 3256 3869; x_wconf 64' lang='lat' dir='ltr'><strong>noster</strong></span> <span class='ocrx_word' id='word_1_494' title='bbox 3307 3812 3582 3868; x_wconf 68' lang='lat' dir='ltr'><strong>Pontifex.</strong></span> <span class='ocrx_word' id='word_1_495' title='bbox 3631 3812 3801 3867; x_wconf 72' lang='lat' dir='ltr'><strong>Nemo</strong></span> <span class='ocrx_word' id='word_1_496' title='bbox 3836 3812 4010 3878; x_wconf 89' lang='lat' dir='ltr'><strong>enim,</strong></span> 
     </span>
    </p>
   </div>
   <div class='ocr_carea' id='block_1_73' title="bbox 2424 3900 4010 3979">
    <p class='ocr_par' dir='ltr' id='par_1_73' title="bbox 2424 3900 4010 3979">
     <span class='ocr_line' id='line_1_73' title="bbox 2424 3900 4010 3979; baseline -0.005 -14"><span class='ocrx_word' id='word_1_497' title='bbox 2424 3910 2533 3965; x_wconf 90' lang='lat' dir='ltr'><strong>nisi</strong></span> <span class='ocrx_word' id='word_1_498' title='bbox 2585 3925 2679 3979; x_wconf 91' lang='lat' dir='ltr'><strong>per</strong></span> <span class='ocrx_word' id='word_1_499' title='bbox 2724 3924 2849 3963; x_wconf 90' lang='lat' dir='ltr'><strong>cum</strong></span> <span class='ocrx_word' id='word_1_500' title='bbox 2900 3906 2967 3962; x_wconf 70' lang='lat' dir='ltr'><strong>ad</strong></span> <span class='ocrx_word' id='word_1_501' title='bbox 3011 3905 3229 3961; x_wconf 84' lang='lat' dir='ltr'><strong>Patrem</strong></span> <span class='ocrx_word' id='word_1_502' title='bbox 3281 3908 3479 3969; x_wconf 83' lang='lat' dir='ltr'><strong>veniet,</strong></span> <span class='ocrx_word' id='word_1_503' title='bbox 3536 3900 4010 3975; x_wconf 77' lang='lat' dir='ltr'><strong>quenadmodum</strong></span> 
     </span>
    </p>
   </div>
   <div class='ocr_carea' id='block_1_74' title="bbox 2424 3992 4010 4069">
    <p class='ocr_par' dir='ltr' id='par_1_74' title="bbox 2424 3992 4010 4069">
     <span class='ocr_line' id='line_1_74' title="bbox 2424 3992 4010 4069; baseline -0.007 -13"><span class='ocrx_word' id='word_1_504' title='bbox 2424 4000 2545 4069; x_wconf 92' lang='lat' dir='ltr'><strong>ipse</strong></span> <span class='ocrx_word' id='word_1_505' title='bbox 2576 4000 2884 4053; x_wconf 88' lang='lat' dir='ltr'><strong>allirmavit.</strong></span> <span class='ocrx_word' id='word_1_506' title='bbox 2935 3998 3111 4066; x_wconf 85' lang='lat' dir='ltr'><strong>Cujus</strong></span> <span class='ocrx_word' id='word_1_507' title='bbox 3158 4006 3211 4050; x_wconf 89' lang='lat' dir='ltr'><strong>ct</strong></span> <span class='ocrx_word' id='word_1_508' title='bbox 3248 3998 3350 4051; x_wconf 92' lang='lat' dir='ltr'><strong>hoc</strong></span> <span class='ocrx_word' id='word_1_509' title='bbox 3400 3998 3625 4050; x_wconf 85' lang='lat' dir='ltr'><strong>verbum</strong></span> <span class='ocrx_word' id='word_1_510' title='bbox 3665 4006 3749 4050; x_wconf 69' lang='lat' dir='ltr'><strong>est</strong></span> <span class='ocrx_word' id='word_1_511' title='bbox 3796 4011 3811 4046; x_wconf 88' lang='lat'><strong>:</strong></span> <span class='ocrx_word' id='word_1_512' title='bbox 3858 3992 4010 4057; x_wconf 81' lang='lat' dir='ltr'><strong>l&#39;olo,</strong></span> 
     </span>
    </p>
   </div>
   <div class='ocr_carea' id='block_1_75' title="bbox 2428 4086 4013 4160">
    <p class='ocr_par' dir='ltr' id='par_1_75' title="bbox 2428 4086 4013 4160">
     <span class='ocr_line' id='line_1_75' title="bbox 2428 4086 4013 4160; baseline -0.004 -17"><span class='ocrx_word' id='word_1_513' title='bbox 2428 4089 2612 4155; x_wconf 78' lang='lat' dir='ltr'><strong>Pater,</strong></span> <span class='ocrx_word' id='word_1_514' title='bbox 2641 4106 2770 4160; x_wconf 81' lang='lat' dir='ltr'><strong>quos</strong></span> <span class='ocrx_word' id='word_1_515' title='bbox 2802 4089 2998 4143; x_wconf 80' lang='lat' dir='ltr'><strong>dedisti</strong></span> <span class='ocrx_word' id='word_1_516' title='bbox 3033 4090 3177 4151; x_wconf 77' lang='lat' dir='ltr'><strong>milii,</strong></span> <span class='ocrx_word' id='word_1_517' title='bbox 3210 4098 3267 4140; x_wconf 85' lang='lat' dir='ltr'><strong>ut</strong></span> <span class='ocrx_word' id='word_1_518' title='bbox 3300 4103 3498 4140; x_wconf 76' lang='lat' dir='ltr'><strong>merum</strong></span> <span class='ocrx_word' id='word_1_519' title='bbox 3530 4087 3657 4150; x_wconf 78' lang='lat' dir='ltr'><strong>sint,</strong></span> <span class='ocrx_word' id='word_1_520' title='bbox 3702 4096 3749 4139; x_wconf 86' lang='lat' dir='ltr'><strong>et</strong></span> <span class='ocrx_word' id='word_1_521' title='bbox 3795 4086 4013 4139; x_wconf 74' lang='lat' dir='ltr'><strong>rideant</strong></span> 
     </span>
    </p>
   </div>
   <div class='ocr_carea' id='block_1_76' title="bbox 2425 4180 3520 4255">
    <p class='ocr_par' dir='ltr' id='par_1_76' title="bbox 2425 4180 3520 4255">
     <span class='ocr_line' id='line_1_76' title="bbox 2425 4180 3520 4255; baseline -0.004 -18"><span class='ocrx_word' id='word_1_522' title='bbox 2425 4184 2654 4253; x_wconf 81' lang='lat' dir='ltr'><strong>gloriam</strong></span> <span class='ocrx_word' id='word_1_523' title='bbox 2690 4198 2883 4248; x_wconf 84' lang='lat' dir='ltr'><strong>meam,</strong></span> <span class='ocrx_word' id='word_1_524' title='bbox 2920 4198 3077 4255; x_wconf 83' lang='lat' dir='ltr'><strong>quam</strong></span> <span class='ocrx_word' id='word_1_525' title='bbox 3106 4180 3301 4234; x_wconf 76' lang='lat' dir='ltr'><strong>dedisti</strong></span> <span class='ocrx_word' id='word_1_526' title='bbox 3337 4180 3520 4233; x_wconf 85' lang='lat' dir='ltr'><strong>milti&#39;.</strong></span> 
     </span>
    </p>
   </div>
   <div class='ocr_carea' id='block_1_77' title="bbox 2672 4636 2890 4651">
    <p class='ocr_par' dir='ltr' id='par_1_77' title="bbox 2672 4636 2890 4651">
     <span class='ocr_line' id='line_1_77' title="bbox 2672 4636 2890 4651; baseline -0.014 -1"><span class='ocrx_word' id='word_1_527' title='bbox 2672 4636 2890 4651; x_wconf 56' lang='grc' dir='ltr'><strong>Μ</strong></span> 
     </span>
    </p>
   </div>
   <div class='ocr_carea' id='block_1_78' title="bbox 1383 4784 3371 4971">
    <p class='ocr_par' dir='ltr' id='par_1_78' title="bbox 1383 4784 3371 4971">
     <span class='ocr_line' id='line_1_78' title="bbox 1383 4784 3371 4971; baseline -0.006 -8"><span class='ocrx_word' id='word_1_528' title='bbox 1383 4784 2259 4971; x_wconf 82' lang='lat' dir='ltr'><strong>EJUSDEM</strong></span> <span class='ocrx_word' id='word_1_529' title='bbox 2379 4797 3371 4959; x_wconf 73' lang='lat' dir='ltr'><strong>SYMEONIS</strong></span> 
     </span>
    </p>
   </div>
   <div class='ocr_carea' id='block_1_79' title="bbox 2154 5081 2592 5138">
    <p class='ocr_par' dir='ltr' id='par_1_79' title="bbox 2154 5081 2592 5138">
     <span class='ocr_line' id='line_1_79' title="bbox 2154 5081 2592 5138; baseline -0.005 0"><span class='ocrx_word' id='word_1_530' title='bbox 2154 5081 2592 5138; x_wconf 78' lang='lat' dir='ltr'><strong>PRESBYTER]</strong></span> 
     </span>
    </p>
   </div>
   <div class='ocr_carea' id='block_1_80' title="bbox 849 5233 3930 5322">
    <p class='ocr_par' dir='ltr' id='par_1_80' title="bbox 849 5233 3930 5322">
     <span class='ocr_line' id='line_1_80' title="bbox 849 5233 3930 5322; baseline -0.007 -5"><span class='ocrx_word' id='word_1_531' title='bbox 849 5254 1289 5319; x_wconf 81' lang='lat' dir='ltr'><strong>DIVINORUM</strong></span> <span class='ocrx_word' id='word_1_532' title='bbox 1321 5252 1677 5322; x_wconf 80' lang='lat' dir='ltr'><strong>AMORUM,</strong></span> <span class='ocrx_word' id='word_1_533' title='bbox 1716 5250 1888 5312; x_wconf 88' lang='lat' dir='ltr'><strong>SlVE</strong></span> <span class='ocrx_word' id='word_1_534' title='bbox 1927 5248 2339 5311; x_wconf 81' lang='lat' dir='ltr'><strong>SACRARUM</strong></span> <span class='ocrx_word' id='word_1_535' title='bbox 2376 5240 3121 5310; x_wconf 77' lang='lat' dir='ltr'><strong>COMMENTATIONUM,</strong></span> <span class='ocrx_word' id='word_1_536' title='bbox 3168 5238 3399 5299; x_wconf 80' lang='lat' dir='ltr'><strong>LIBER</strong></span> <span class='ocrx_word' id='word_1_537' title='bbox 3438 5233 3930 5296; x_wconf 80' lang='lat' dir='ltr'><strong>SINGULARIS.</strong></span> 
     </span>
    </p>
   </div>
   <div class='ocr_carea' id='block_1_81' title="bbox 1244 5548 1812 5605">
    <p class='ocr_par' dir='ltr' id='par_1_81' title="bbox 1244 5548 1812 5605">
     <span class='ocr_line' id='line_1_81' title="bbox 1244 5548 1812 5605; baseline 0 -2"><span class='ocrx_word' id='word_1_538' title='bbox 1244 5548 1474 5605; x_wconf 84' lang='lat' dir='ltr'><strong>CAPUT</strong></span> <span class='ocrx_word' id='word_1_539' title='bbox 1519 5549 1812 5605; x_wconf 76' lang='lat' dir='ltr'><strong>PRIMUM.</strong></span> 
     </span>
    </p>
   </div>
   <div class='ocr_carea' id='block_1_82' title="bbox 789 5638 2287 5711">
    <p class='ocr_par' dir='ltr' id='par_1_82' title="bbox 789 5638 2287 5711">
     <span class='ocr_line' id='line_1_82' title="bbox 789 5638 2287 5711; baseline 0 -17"><span class='ocrx_word' id='word_1_540' title='bbox 789 5638 1033 5695; x_wconf 74' lang='lat' dir='ltr'><strong>Precatio</strong></span> <span class='ocrx_word' id='word_1_541' title='bbox 1060 5641 1302 5711; x_wconf 79' lang='lat' dir='ltr'><strong>mystica,</strong></span> <span class='ocrx_word' id='word_1_542' title='bbox 1344 5659 1448 5710; x_wconf 86' lang='lat' dir='ltr'><strong>qua</strong></span> <span class='ocrx_word' id='word_1_543' title='bbox 1481 5639 1715 5710; x_wconf 76' lang='lat' dir='ltr'><strong>Spiritus</strong></span> <span class='ocrx_word' id='word_1_544' title='bbox 1744 5650 1960 5696; x_wconf 77' lang='lat' dir='ltr'><strong>sanctus</strong></span> <span class='ocrx_word' id='word_1_545' title='bbox 1990 5641 2287 5694; x_wconf 82' lang='lat' dir='ltr'><strong>invocatur.</strong></span> 
     </span>
    </p>
   </div>
   <div class='ocr_carea' id='block_1_83' title="bbox 830 5730 2324 5799">
    <p class='ocr_par' dir='ltr' id='par_1_83' title="bbox 830 5730 2324 5799">
     <span class='ocr_line' id='line_1_83' title="bbox 830 5730 2324 5799; baseline -0.001 -13"><span class='ocrx_word' id='word_1_546' title='bbox 830 5730 984 5793; x_wconf 79' lang='lat' dir='ltr'><strong>Veni,</strong></span> <span class='ocrx_word' id='word_1_547' title='bbox 1030 5732 1239 5788; x_wconf 87' lang='lat' dir='ltr'><strong>Lumen</strong></span> <span class='ocrx_word' id='word_1_548' title='bbox 1291 5750 1500 5788; x_wconf 82' lang='lat' dir='ltr'><strong>verum.</strong></span> <span class='ocrx_word' id='word_1_549' title='bbox 1554 5733 1714 5799; x_wconf 75' lang='lat' dir='ltr'><strong>Veni,</strong></span> <span class='ocrx_word' id='word_1_550' title='bbox 1758 5735 1869 5787; x_wconf 87' lang='lat' dir='ltr'><strong>vita</strong></span> <span class='ocrx_word' id='word_1_551' title='bbox 1903 5742 2126 5787; x_wconf 59' lang='lat' dir='ltr'><strong>interna.</strong></span> <span class='ocrx_word' id='word_1_552' title='bbox 2169 5732 2324 5796; x_wconf 84' lang='lat' dir='ltr'><strong>Veni,</strong></span> 
     </span>
    </p>
   </div>
   <div class='ocr_carea' id='block_1_84' title="bbox 765 5822 2329 5895">
    <p class='ocr_par' dir='ltr' id='par_1_84' title="bbox 765 5822 2329 5895">
     <span class='ocr_line' id='line_1_84' title="bbox 765 5822 2329 5895; baseline 0.002 -17"><span class='ocrx_word' id='word_1_553' title='bbox 765 5822 1141 5880; x_wconf 77' lang='lat' dir='ltr'><strong>absconditum</strong></span> <span class='ocrx_word' id='word_1_554' title='bbox 1189 5827 1531 5895; x_wconf 75' lang='lat' dir='ltr'><strong>mysterium.</strong></span> <span class='ocrx_word' id='word_1_555' title='bbox 1593 5826 1750 5892; x_wconf 85' lang='lat' dir='ltr'><strong>Veni,</strong></span> <span class='ocrx_word' id='word_1_556' title='bbox 1804 5824 2084 5882; x_wconf 77' lang='lat' dir='ltr'><strong>Thesauro</strong></span> <span class='ocrx_word' id='word_1_557' title='bbox 2131 5840 2329 5881; x_wconf 83' lang='lat' dir='ltr'><strong>carens</strong></span> 
     </span>
    </p>
   </div>
   <div class='ocr_carea' id='block_1_85' title="bbox 2435 5528 4021 5607">
    <p class='ocr_par' dir='ltr' id='par_1_85' title="bbox 2435 5528 4021 5607">
     <span class='ocr_line' id='line_1_85' title="bbox 2435 5528 4021 5607; baseline -0.011 -6"><span class='ocrx_word' id='word_1_558' title='bbox 2435 5544 2681 5601; x_wconf 88' lang='lat' dir='ltr'><strong>nomine.</strong></span> <span class='ocrx_word' id='word_1_559' title='bbox 2733 5542 2891 5607; x_wconf 88' lang='lat' dir='ltr'><strong>Veni,</strong></span> <span class='ocrx_word' id='word_1_560' title='bbox 2943 5556 3031 5595; x_wconf 76' lang='lat' dir='ltr'><strong>res</strong></span> <span class='ocrx_word' id='word_1_561' title='bbox 3072 5536 3387 5594; x_wconf 81' lang='lat' dir='ltr'><strong>ineffabilis.</strong></span> <span class='ocrx_word' id='word_1_562' title='bbox 3437 5532 3592 5595; x_wconf 83' lang='lat' dir='ltr'><strong>Veni,</strong></span> <span class='ocrx_word' id='word_1_563' title='bbox 3636 5543 3870 5601; x_wconf 83' lang='lat' dir='ltr'><strong>persona</strong></span> <span class='ocrx_word' id='word_1_564' title='bbox 3914 5528 4021 5584; x_wconf 78' lang='lat' dir='ltr'><strong>hu-</strong></span> 
     </span>
    </p>
   </div>
   <div class='ocr_carea' id='block_1_86' title="bbox 2438 5624 4023 5705">
    <p class='ocr_par' dir='ltr' id='par_1_86' title="bbox 2438 5624 4023 5705">
     <span class='ocr_line' id='line_1_86' title="bbox 2438 5624 4023 5705; baseline -0.01 -11"><span class='ocrx_word' id='word_1_565' title='bbox 2438 5654 2657 5694; x_wconf 88' lang='lat' dir='ltr'><strong>manam</strong></span> <span class='ocrx_word' id='word_1_566' title='bbox 2720 5634 3134 5705; x_wconf 87' lang='lat' dir='ltr'><strong>intelligentiam</strong></span> <span class='ocrx_word' id='word_1_567' title='bbox 3221 5630 3459 5699; x_wconf 83' lang='lat' dir='ltr'><strong>fugiens.</strong></span> <span class='ocrx_word' id='word_1_568' title='bbox 3536 5625 3693 5691; x_wconf 72' lang='lat' dir='ltr'><strong>Veni,</strong></span> <span class='ocrx_word' id='word_1_569' title='bbox 3754 5624 4023 5692; x_wconf 85' lang='lat' dir='ltr'><strong>perennis</strong></span> 
     </span>
    </p>
   </div>
   <div class='ocr_carea' id='block_1_87' title="bbox 2437 5714 4024 5800">
    <p class='ocr_par' dir='ltr' id='par_1_87' title="bbox 2437 5714 4024 5800">
     <span class='ocr_line' id='line_1_87' title="bbox 2437 5714 4024 5800; baseline -0.013 -13"><span class='ocrx_word' id='word_1_570' title='bbox 2437 5731 2753 5787; x_wconf 84' lang='lat' dir='ltr'><strong>exsultatio.</strong></span> <span class='ocrx_word' id='word_1_571' title='bbox 2792 5726 2948 5800; x_wconf 82' lang='lat' dir='ltr'><strong>Veni,</strong></span> <span class='ocrx_word' id='word_1_572' title='bbox 2986 5724 3196 5800; x_wconf 87' lang='lat' dir='ltr'><strong>Lumen</strong></span> <span class='ocrx_word' id='word_1_573' title='bbox 3237 5734 3519 5791; x_wconf 86' lang='lat' dir='ltr'><strong>nunquam</strong></span> <span class='ocrx_word' id='word_1_574' title='bbox 3548 5718 3826 5772; x_wconf 72' lang='lat' dir='ltr'><strong>occidens.</strong></span> <span class='ocrx_word' id='word_1_575' title='bbox 3855 5714 4024 5774; x_wconf 86' lang='lat' dir='ltr'><strong>Veni.</strong></span> 
     </span>
    </p>
   </div>
   <div class='ocr_carea' id='block_1_88' title="bbox 2442 5798 4023 5882">
    <p class='ocr_par' dir='ltr' id='par_1_88' title="bbox 2442 5798 4023 5882">
     <span class='ocr_line' id='line_1_88' title="bbox 2442 5798 4023 5882; baseline -0.013 -1"><span class='ocrx_word' id='word_1_576' title='bbox 2442 5824 2687 5881; x_wconf 88' lang='lat' dir='ltr'><strong>omnium</strong></span> <span class='ocrx_word' id='word_1_577' title='bbox 2758 5798 3146 5882; x_wconf 68' lang='lat' dir='ltr'><strong>salvandorum</strong></span> <span class='ocrx_word' id='word_1_578' title='bbox 3214 5830 3340 5871; x_wconf 81' lang='lat' dir='ltr'><strong>vera</strong></span> <span class='ocrx_word' id='word_1_579' title='bbox 3411 5810 3771 5882; x_wconf 71' lang='lat' dir='ltr'><strong>exspectatio.</strong></span> <span class='ocrx_word' id='word_1_580' title='bbox 3855 5805 4023 5872; x_wconf 83' lang='lat' dir='ltr'><strong>chi,</strong></span> 
     </span>
    </p>
   </div>
  </div>
