4170 6452
184 431 295 498 509

1299 437 1729 501 ὒῖῊΝΟΠυΜ
1767 442 2095 503 ᾹΜΟΗΗᾹΙ
2142 445 2393 504 LIBER.

3357 446 3468 509 510

185 556 543 601 mat-tuorum
594 553 966 612 resttscitatio.
1014 555 1167 620 Veni,
1207 570 1415 626 potens,
1454 560 1545 628 qtti
1592 559 1762 612 omni:

1883 559 1971 610 Sir
2010 577 2101 613 ero
2144 560 2436 631 quibusvis
2480 560 2700 628 regibus
2747 557 3059 629 opulentior
3093 577 3106 612 :
3141 567 3193 612 et
3225 562 3456 614 mandu-

183 656 414 709 semper
444 644 563 696 solo
598 653 731 698 nutu
775 646 926 710 facis,
966 648 1246 712 itumutas,
1277 659 1334 705 et
1372 654 1573 705 varias.
1614 651 1771 715 Veni,

184 736 418 801 penitus
502 736 935 808 inaspectabFIis,
1017 742 1301 811 intartilis,
1384 745 1769 814 impalpabilis.

187 826 354 887 Veni.
394 843 611 898 semper
647 846 873 887 manens
910 835 1227 901 immobilis,
1273 838 1474 907 quique
1522 838 1573 891 in
1609 838 1774 892 boras

181 927 342 973 totus
375 926 797 990 transmovet-is,
826 936 877 978 et
912 926 977 979 ad
1010 943 1109 983 nos
1139 930 1295 984 venis
1321 931 1567 998 iacentes
1602 931 1655 983 in
1688 931 1773 983 in~

183 1009 349 1077 fetis,
379 1015 469 1081 qui
503 1032 665 1084 supra
696 1032 887 1071 omnes
912 1021 1080 1073 emlos
1111 1020 1345 1075 habitas.
1373 1008 1547 1086 Veni,
1576 1039 1769 1075 nomen

182 1110 695 1174 exeptatissimum,
744 1120 792 1164 ct
839 1113 1356 1178 celebratissimum,
1406 1116 1473 1168 de
1522 1131 1631 1183 quo
1674 1116 1771 1169 fari

182 1199 319 1266 quid
384 1201 482 1263 sis,
543 1211 636 1254 aut
689 1220 854 1259 nosse
908 1208 1110 1276 qualis,
1169 1220 1263 1262 aut
1316 1209 1617 1277 Cuiusmodi
1673 1208 1771 1272 sis,

183 1293 352 1345 t'oleis
402 1309 628 1361 prorsus
678 1306 929 1366 negatum
982 1309 1087 1353 est.
1134 1300 1292 1365 Veni,
1341 1301 1528 1355 lmtitia
1567 1302 1769 1370 sempi-

182 1390 367 1435 terna.
410 1384 561 1449 Veni,
604 1404 806 1443 corona
844 1391 1343 1447 immarecscibilis.
1383 1393 1542 1455 Veni,
1588 1393 1769 1457 magni

187 1475 277 1529 llei
312 1489 369 1529 et
418 1476 770 1546 ltttperatttris
797 1486 971 1538 nostri
1002 1502 1269 1555 purpura.
1303 1485 1463 1551 Veni,
1491 1501 1627 1539 zona
1658 1486 1771 1554 (l7)

183 1580 243 1622 ut
283 1574 584 1640 crystallus
631 1576 836 1640 lucida,
881 1588 932 1632 et
990 1582 1223 1649 gemmis
1264 1583 1565 1650 variegata.
1611 1578 1767 1641 Veni,

182 1660 462 1728 refugium
517 1666 884 1725 inaccessum.
939 1670 1097 1736 Veni,
1154 1674 1353 1743 regalis
1402 1687 1664 1742 purpura,
1719 1682 1771 1724 et

184 1763 437 1819 angusta:
492 1758 800 1826 majestatis
844 1762 1089 1816 dextera.
1142 1761 1302 1827 Veni,
1360 1778 1517 1832 quem
1572 1765 1770 1817 misera

182 1845 368 1896 anima
419 1861 539 1900 mea
586 1849 940 1915 desideravit,
988 1862 1039 1905 et
1077 1853 1371 1911 desiderat.
1410 1854 1543 1908 Veni
1574 1896 1587 1915 ,
1627 1855 1767 1918 sole,

181 1935 247 1987 ad
297 1939 514 2005 solum;
569 1956 694 1995 sum
740 1944 883 1997 enim
930 1947 1103 2007 solus,
1151 1949 1225 2000 ιιιὶ
1263 1949 1436 2002 vides.
1472 1948 1629 2013 Veni,
1673 1955 1765 2019 qui

184 2044 268 2081 me
299 2034 595 2100 separasti,
633 2043 684 2088 et
707 2037 884 2091 solum
921 2052 1046 2094 esse
1080 2039 1133 2095 in
1170 2048 1315 2094 terra
1355 2040 1555 2097 fecisti.
1601 2042 1764 2109 Veni,

179 2125 273 2189 qui
314 2121 495 2177 faetus
526 2141 585 2180 es
621 2127 955 2183 desiderium
986 2148 1189 2196 meum,
1219 2134 1506 2205 fecistique
1540 2146 1598 2191 ut
1624 2138 1765 2193 desi-

180 2214 439 2269 derarem
477 2228 549 2281 te,
582 2219 646 2271 ad
677 2237 836 2289 quem
875 2224 1122 2293 aspirare
1155 2226 1337 2281 nullus
1374 2237 1569 2297 potest.
1607 2228 1764 2296 Veni,

180 2307 390 2361 halitus
424 2321 475 2365 et
513 2312 619 2366 vita
651 2329 791 2369 mea.
826 2315 982 2381 Veni,
1019 2319 1371 2389 despicabilis
1407 2324 1603 2378 animae
1633 2340 1765 2379 mea:

180 2403 511 2458 consolatio.
569 2404 725 2472 Veni,
780 2411 1064 2477 gaudium,
1114 2424 1166 2466 et
1219 2416 1415 2485 gloria,
1460 2425 1514 2470 et
1555 2416 1765 2471 delicia:

180 2509 314 2547 mea:
351 2497 607 2553 assiduar.
659 2500 876 2561 Gratias
918 2520 1021 2574 ago
1064 2507 1183 2571 tibi,
1219 2509 1440 2577 quando
1469 2525 1612 2564 unus
1652 2527 1765 2564 lite-

178 2599 307 2639 eum
340 2588 569 2657 spiritus
602 2592 739 2647 citra
776 2595 1180 2664 confusionem,
1213 2601 1650 2657 immutationem
1709 2612 1762 2657 et

179 2684 605 2738 conversionem
646 2684 827 2743 factus
864 2705 944 2755 es,
980 2692 1071 2759 qui
1120 2708 1242 2746 eum
1289 2695 1365 2749 sis
1418 2693 1559 2751 Deus
1597 2712 1763 2765 super

178 2774 389 2834 omnia.
420 2776 551 2829 mibi
585 2780 768 2833 omnia
802 2781 979 2837 factus
1002 2800 1062 2839 es
1092 2785 1142 2837 in
1174 2788 1453 2841 omnibus.
1488 2787 1761 2841 Alimonia

180 2864 614 2933 inexplicabilis,
648 2887 769 2940 qum
805 2875 1022 2927 absumi
1058 2878 1373 2945 neutiquam
1406 2888 1581 2944 potes.
1615 2896 1764 2947 qure—

178 2972 286 3025 qtte
343 2960 513 3016 labris
562 2964 759 3018 animae
814 2981 946 3020 mea:
985 2967 1192 3037 jug'ter
1239 2968 1561 3034 affundetis,
1605 2980 1659 3024 et
1710 2973 1760 3023 iu

181 3052 338 3105 fonte
395 3055 577 3109 cordis
632 3057 736 3110 mei
792 3059 1026 3111 ubertim
1074 3062 1330 3116 scaluris.
1376 3062 1759 3116 ΙιιιΙιιιιιι,·ιιιιιιιι

183 3144 497 3213 fulgurans,
551 3156 605 3201 ct
656 3135 937 3206 datmonas
990 3152 1249 3207 adurens.
1309 3153 1607 3218 Lustratio,
1668 3172 1763 3223 per

180 3237 477 3290 continuas
508 3246 561 3293 et
600 3250 816 3295 sanctas
846 3242 1142 3314 lacrymas,
1179 3260 1314 3315 quas
1354 3247 1641 3315 praesentia
1675 3257 1762 3301 tua

182 3328 251 3381 iis
282 3331 350 3382 ad
382 3346 520 3399 quos
552 3334 705 3389 venis
742 3335 989 3405 largitur,
1024 3339 1215 3394 elucns
1257 3354 1365 3394 me.
1399 3339 1619 3396 Gratias
1662 3355 1767 3409 ago

178 3420 303 3482 tibi,
358 3426 617 3490 quoniam
670 3427 786 3481 dies
833 3429 952 3484 sine
1014 3446 1241 3500 vespera
1295 3432 1427 3486 mibi
1464 3434 1645 3486 factus
1681 3449 1764 3497 es,

178 3524 232 3568 ct
264 3515 347 3569 sol
377 3519 516 3570 citra
540 3535 798 3574 occasum
828 3541 840 3575 :
873 3524 965 3592 qui
1001 3539 1106 3578 non
1138 3525 1305 3579 babes
1342 3526 1428 3580 ubi
1461 3537 1510 3579 te
1537 3526 1767 3582 abse0u-

176 3609 304 3670 das,
348 3611 554 3679 quique
588 3613 759 3683 gloria
805 3624 894 3668 tua
930 3617 1122 3681 imples
1160 3617 1436 3672 universa.
1472 3618 1761 3689 Nunquam

178 3712 238 3755 tu
276 3703 347 3755 ab
382 3704 492 3756 ullo
526 3716 577 3759 te
620 3706 982 3773 abscondisti,
1027 3724 1215 3763 verum
1254 3726 1353 3765 nos
1381 3727 1599 3782 semper
1630 3729 1761 3767 nos-

180 3804 294 3848 met
324 3811 355 3848 a
390 3807 441 3850 te
471 3799 885 3860 abscondimus.
922 3802 1047 3854 dum
1074 3802 1138 3853 ad
1178 3811 1229 3856 te
1256 3805 1443 3859 venire
1482 3808 1760 3861 nolumus.

183 3887 283 3943 Ubi
334 3891 482 3943 enim
533 3900 586 3945 te
628 3891 1021 3958 absconderes,
1065 3896 1153 3949 cui
1192 3898 1567 3965 requiescendi
1606 3899 1763 3953 locus

178 3998 461 4052 nusquam
492 3986 618 4038 est?
642 3989 748 4039 Aut
784 4001 882 4039 cur
912 3995 963 4040 te
995 3988 1389 4053 absconderes,
1422 3991 1513 4060 qui
1551 4007 1615 4045 ex
1647 4006 1765 4044 om-

176 4076 343 4129 nibus
403 4079 677 4131 aversaris
742 4078 1038 4143 neminem,
1107 4083 1375 4135 revereris
1441 4084 1763 4136 neminem?

177 4168 335 4223 Nune
371 4170 560 4239 igitur,
593 4172 679 4239 pie
717 4171 969 4234 Domine.
1002 4173 1422 4229 tabernaculum
1451 4175 1505 4229 in
1550 4192 1634 4231 me
1662 4176 1760 4230 tibi

179 4264 305 4333 ﬁge,
335 4273 393 4317 et
417 4264 604 4318 babita
637 4264 689 4318 in
718 4280 827 4330 me,
855 4275 909 4319 et
939 4283 1108 4337 usque
1140 4268 1206 4321 ad
1239 4269 1447 4322 obitum
1480 4284 1656 4321 memu
1696 4286 1762 4324 ne

175 4356 485 4419 divellaris,
530 4372 627 4411 nec
660 4358 935 4428 separeris
972 4375 1001 4413 a
1031 4375 1116 4412 tne
1151 4374 1311 4414 servo
1347 4369 1462 4425 tuo,
1493 4369 1630 4413 utet
1660 4377 1760 4428 ego

180 4451 233 4501 in
286 4450 439 4501 exitu
488 4465 627 4513 meo,
681 4463 733 4503 et
784 4461 906 4521 post
955 4453 1163 4504 exitum
1210 4453 1262 4505 in
1305 4464 1356 4507 te
1398 4454 1666 4517 inveniar,
1708 4467 1761 4509 et

177 4555 400 4608 regnem
432 4544 657 4603 ,‘tccutn,
702 4545 795 4607 qui
843 4557 1060 4607 regnas,
1112 4541 1278 4608 Deus,
1334 4560 1499 4613 super
1552 4548 1756 4600 omnia.

1881 665 2036 713 caus,
2069 666 2130 703 ac
2168 651 2361 704 bibens
2396 662 2465 713 te,
2503 660 2557 703 et
2588 651 2640 702 in
2677 651 2842 704 horas
2871 649 3116 716 singulas
3146 651 3380 706 induens
3409 662 3461 706 te

1882 740 2037 795 fruar
2077 744 2345 796 bonorum
2388 743 2602 797 deliciis
2648 743 3139 796 inenarrabilibus.
3187 744 3456 807 Quoniam

1880 842 1934 884 ιιι
1981 846 2142 885 omne
2177 834 2403 898 bonum,
2438 840 2491 887 et
2530 847 2692 885 omne
2725 831 2917 895 decus,
2957 841 3011 886 et
3034 848 3195 886 omne
3222 834 3461 887 delecta-

1880 932 2125 976 mentmn
2173 940 2255 986 es,
2303 935 2355 976 et
2399 932 2451 976 te
2492 923 2647 977 decet
2697 923 2892 994 gloria,
2938 934 3184 976 sanctam
3227 932 3281 977 et
3322 938 3460 976 eon-

1878 1016 2301 1071 snbstantialctn
2336 1018 2681 1080 Trinitatem,
2716 1032 2837 1086 quae
2887 1017 2941 1070 in
2985 1014 3167 1081 Patre,
3212 1028 3264 1069 et
3295 1016 3458 1079 Filio,

1876 1117 1929 1161 et
1958 1109 2162 1179 Spiritu
2200 1119 2392 1162 sancto
2426 1110 2747 1172 honoratur,
2788 1118 2840 1163 et
2873 1111 3214 1178 agnoscitur,
3244 1117 3298 1162 et
3331 1109 3463 1161 ado-

1878 1212 2053 1265 ratur,
2096 1212 2146 1255 et
2195 1204 2397 1255 colitur
2439 1203 2505 1256 ab
2548 1202 2910 1255 universitate
2956 1202 3196 1255 fidelium
3230 1216 3375 1254 nunc
3406 1209 3462 1254 et

1878 1310 2114 1365 Semper,
2150 1304 2201 1350 et
2242 1311 2337 1365 per
2375 1296 2698 1349 infinitatem
2738 1294 3088 1348 szeeulorum.
3120 1296 3315 1348 Amen.

2497 1430 2724 1487 CAPUT
2764 1432 2833 1488 ll.

1879 1546 1954 1600 De
2000 1547 2179 1601 dirimi
2257 1549 2616 1601 illustratione
2670 1556 2718 1600 et
2774 1546 3167 1599 illuminatione
3225 1544 3456 1609 Spiritus

1949 1621 2141 1672 sancti.
2175 1616 2345 1670 Unum
2380 1636 2493 1671 esse
2521 1621 2690 1670 locum
2724 1617 2909 1681 Deum,
2943 1618 2995 1667 in
3028 1634 3130 1682 quo
3161 1626 3275 1684 post
3319 1632 3459 1665 mor-

1950 1701 2048 1741 tem
2078 1689 2248 1742 sancti
2276 1705 2451 1741 omnes
2482 1690 2810 1755 requiescunt
2836 1703 2852 1739 :
2878 1699 2924 1739 ct
2950 1687 3039 1754 qui
3067 1686 3228 1737 Deum
3255 1687 3454 1747 amisit,

1950 1759 2056 1810 alio
2106 1761 2157 1811 in
2203 1758 2316 1811 loco
2361 1760 2409 1810 iu
2457 1760 2640 1825 [ntura
2697 1760 2803 1811 vita
2858 1758 3086 1811 reauiem
3127 1772 3230 1807 non
3279 1756 3459 1807 inreu-

1947 1838 2145 1881 turum.

1953 1939 2109 2003 ilem,
2137 1941 2281 2010 quod
2316 1942 2462 1996 istud
2498 1949 2606 1993 tam
2642 1939 3015 1994 venerandum
3046 1941 3366 2010 mysterium
3403 1938 3456 1992 in

1879 2047 1964 2085 me
2011 2034 2298 2102 patratur?
2345 2033 2493 2103 quod
2533 2049 2633 2088 nec
2677 2035 2859 2101 lingua
2908 2032 3080 2097 effari,
3124 2048 3223 2087 nec
3261 2047 3458 2086 manus

1879 2123 2092 2177 infirma
2146 2127 2346 2182 litteris
2391 2141 2626 2180 exarare
2663 2134 2860 2193 potest,
2895 2126 2960 2179 ad
3004 2123 3217 2179 Iaudem
3253 2132 3307 2178 et
3338 2123 3455 2192 glo-

1878 2217 2013 2268 riam
2072 2216 2220 2273 illius
2268 2219 2355 2272 cui
2403 2234 2594 2272 revera
2646 2234 2746 2289 par
2789 2219 2933 2282 laus,
2981 2225 3032 2272 et
3083 2218 3264 2270 oratio
3304 2215 3459 2269 nulla

1878 2311 2102 2376 reperiri
2144 2323 2328 2379 queat.
2383 2310 2488 2365 Sed
2522 2313 2566 2363 si
2599 2327 2719 2381 quae
2757 2327 2901 2364 nunc
2950 2312 3003 2364 in
3050 2326 3137 2365 me
3175 2310 3459 2379 deplorato

1877 2410 2135 2469 aguntur,
2196 2403 2489 2457 inetlabilia
2550 2412 2605 2458 et
2665 2404 3072 2473 inexplicabilia
3136 2413 3287 2467 sunt,
3349 2415 3459 2470 quo

1876 2493 2091 2547 tandem
2129 2505 2284 2561 pacto
2316 2498 2384 2560 is,
2419 2496 2511 2564 qui
2544 2497 2669 2550 talia
2733 2497 2966 2566 largitur
3014 2503 3068 2549 ct
3111 2494 3274 2549 eliicit
3301 2533 3314 2555 ,
3361 2506 3457 2546 no-

1874 2587 2004 2638 stris
2035 2588 2299 2641 eueomiis
2361 2598 2412 2642 et
2440 2589 2920 2658 praniieatiouibus
2957 2587 3222 2657 indigebit
3251 2585 3458 2639 ?Certc

1876 2693 1978 2729 ttOu
2013 2680 2437 2748 glot-iticabitur,
2469 2684 2559 2750 qui
2589 2690 2671 2735 est
2701 2680 3035 2748 glornfleatus
3064 2698 3076 2734 :
3103 2678 3456 2749 quemadmo-

1874 2770 2002 2824 dum
2042 2789 2142 2826 nec
2174 2774 2563 2837 illustrabitur,
2606 2789 2706 2829 nec
2736 2776 2916 2829 lumen
2964 2789 2992 2826 a
3039 2775 3197 2827 nobis
3229 2779 3449 2824 mutua-

1877 2866 2023 2917 bitur
2056 2867 2141 2918 hic
2176 2866 2279 2930 sol,
2322 2882 2480 2937 quem
2515 2870 2568 2921 ιιι
2609 2868 2751 2922 coelo
2801 2868 3093 2938 fulgentem
3130 2865 3453 2935 aspicimus.

1875 2959 2174 3023 illuminat,
2226 2976 2327 3013 non
2366 2961 2729 3025 illuminatur,
2762 2962 2941 3014 lucem
2975 2959 3173 3024 fundit,
3219 2973 3325 3011 non
3365 2973 3456 3023 ree

1876 3054 2007 3123 cipit
2037 3072 2048 3107 :
2080 3056 2241 3109 habet
2274 3056 2567 3122 siquidem,
2593 3069 2753 3123 quatn
2780 3053 2827 3107 ei
2857 3067 2882 3105 a
2912 3052 3180 3122 principio
3201 3051 3460 3104 conditor

1875 3157 1958 3202 est
2017 3150 2344 3217 impertitus.
2405 3149 2460 3201 Si
2508 3162 2638 3215 ergo
2688 3147 2780 3215 qui
2823 3146 2989 3199 solem
3040 3144 3164 3198 fecit
3208 3144 3455 3197 onmium

1793 3267 1836 3324 ο
1874 3248 2196 3310 procreatur
2248 3239 2411 3299 Deus,
2458 3241 2529 3292 ita
2585 3238 2733 3305 fecit,
2787 3247 2844 3292 ut
2891 3240 3097 3292 luceret
3154 3235 3459 3291 abundanti

1876 3335 2106 3403 lumine,
2140 3352 2236 3391 nec
2265 3352 2402 3404 Opus
2435 3336 2661 3389 haberet
2689 3336 2800 3388 ullo
2825 3335 2986 3388 modo
3021 3333 3244 3387 aliunde
3274 3332 3455 3399 tuaius

1876 3441 2084 3500 petere,
2138 3434 2410 3499 quomodo
2488 3447 2515 3484 a
2573 3446 2657 3483 me
2706 3430 2795 3482 vili
2854 3427 3174 3497 altjectoque
3222 3426 3452 3497 gloriam

1875 3524 2107 3592 :tcripit-t
2145 3524 2443 3577 fabricator
2468 3524 2623 3586 solis,
2656 3523 2741 3576 cui
2776 3523 2924 3575 nulla
2956 3522 3183 3573 omnino
3216 3534 3273 3572 re
3315 3533 3454 3589 opus

1872 3624 1978 3676 est,
2034 3627 2087 3668 et
2136 3618 2230 3684 qui
2275 3622 2410 3667 nutu
2456 3628 2517 3667 ac
2566 3612 2846 3666 voluntate
2875 3612 3048 3680 (solus
3086 3611 3230 3664 enim
3261 3619 3453 3678 potens

1872 3710 1977 3776 est)
2013 3708 2170 3761 bonis
2209 3708 2467 3762 omnibus
2514 3708 2706 3777 implet
2737 3706 2963 3760 omnia?
2994 3706 3214 3758 Interim
3254 3714 3308 3758 et
3349 3704 3455 3756 litt-

1872 3817 1975 3871 gua
2010 3816 2126 3854 mea
2159 3801 2361 3871 ingenti
2392 3802 2688 3855 verborum
2719 3808 2959 3869 egestate
2989 3798 3221 3863 laborat,
3249 3806 3301 3851 et
3329 3812 3452 3865 qua:

1872 3894 1925 3947 in
1965 3910 2048 3946 tne
2092 3902 2354 3963 aguntur,
2404 3909 2561 3948 mens
2601 3907 2720 3947 mea
2765 3892 2910 3945 videt
2948 3892 3036 3944 illa
3072 3890 3319 3960 quidem.
3356 3888 3452 3944 sed

1871 4002 2146 4055 exponere
2200 4001 2303 4038 non
2349 3986 2512 4039 valet.
2556 3985 2789 4054 ASpicit,
2846 3992 2901 4038 et
2949 3985 3134 4053 eloqui
3164 3985 3301 4045 vult,
3356 3984 3451 4037 sed

1872 4098 1981 4149 quo
2007 4095 2260 4135 sermone
2296 4079 2347 4133 id
2373 4078 2559 4141 faciat,
2588 4094 2694 4131 non
2724 4077 2952 4131 int-cuit.
2981 4074 3223 4130 lntuetur
3247 4075 3450 4145 quippe

1871 4172 2312 4241 inaspectabilia,
2337 4180 2393 4225 et
2421 4172 2603 4225 omnis
2636 4171 2817 4240 ligurze
2855 4169 3219 4238 uudequaque
3248 4183 3449 4237 exper-

1870 4267 1969 4327 tia,
2017 4265 2289 4333 simplicia
2337 4279 2590 4335 prorsus,
2645 4280 2752 4318 non
2786 4263 3113 4332 emuposita,
3151 4270 3204 4317 et
3236 4262 3450 4329 magni-

1873 4356 2060 4411 tudine
2114 4356 2350 4411 infiuita.
2391 4354 2505 4411 Nec
2551 4358 2696 4409 enim
2742 4356 3073 4425 principium
3113 4354 3306 4417 ullum,
3350 4370 3450 4409 nec

1872 4449 2031 4503 finem
2069 4452 2354 4519 perspicit,
2380 4458 2435 4504 et
2465 4452 2700 4503 medium
2736 4450 2893 4516 plane
2934 4449 3165 4515 ignorat,
3194 4462 3293 4501 uec
3320 4448 3448 4513 scit,

1870 4544 2092 4611 quinam
2147 4541 2359 4604 eiierat,
2410 4543 2554 4611 quod
2609 4543 2773 4594 videt.
2818 4539 3013 4594 Tutum
3059 4539 3337 4610 quoddam
3394 4541 3448 4593 in

174 4632 352 4693 Mane,
384 4628 634 4693 Domine,
684 4640 737 4685 et
786 4650 852 4686 ne
896 4650 981 4687 tne
1017 4634 1191 4687 solmn
1239 4637 1506 4706 relinque,
1546 4649 1601 4692 ιιι
1635 4654 1757 4691 cum
1791 4626 1841 4685 D
1870 4649 2104 4696 Summa,
2153 4645 2207 4687 ut
2261 4634 2522 4697 arbitror,
2575 4642 2627 4688 et
2679 4634 3000 4700 neutiquam
3043 4631 3160 4701 ipsa
3207 4634 3447 4687 essentia

177 4726 434 4776 venerint
470 4722 676 4776 inimici
717 4726 843 4789 mei,
877 4727 969 4795 qui
1002 4731 1352 4783 continenter
1382 4740 1634 4798 qumrunt
1664 4732 1760 4785 dc-

173 4834 372 4869 vorare
422 4818 665 4870 animam
713 4834 907 4885 meam,
940 4831 1099 4889 teque
1142 4821 1283 4875 intra
1319 4839 1403 4876 me
1448 4836 1759 4879 manentem

178 4911 509 4977 l‘t'ptfl'erllll,
542 4911 759 4978 penitus
795 4912 1126 4982 penitusque
1160 4914 1453 4983 refugiant,
1487 4934 1585 4971 nec
1622 4935 1760 4987 pra!-

174 5005 393 5054 wieant
452 5004 605 5063 Inibi,
640 5019 763 5056 cum
794 5013 844 5057 te
878 5005 1155 5057 fortiorem
1191 5010 1449 5061 outttibus
1497 5009 1646 5063 intus
1704 5014 1754 5064 in

176 5095 458 5149 domicilio
485 5095 713 5147 bumilis
737 5096 930 5149 anima:
954 5114 1084 5151 inca:
1107 5099 1433 5150 residentem
1461 5115 1762 5168 (:Ouspcxe-

172 5195 306 5243 rint.
354 5191 518 5249 Sane,
573 5196 630 5241 ut
685 5206 891 5241 Illt'lllttl'
937 5191 1083 5242 fuisti
1134 5193 1261 5256 mei,
1329 5193 1578 5257 Domine,
1633 5212 1756 5247 cum

172 5286 226 5336 in
267 5282 474 5335 munth
505 5297 707 5342 essem,
742 5289 795 5334 et
828 5299 911 5335 me
953 5284 1127 5337 inscio
1164 5286 1277 5353 ipse
1317 5286 1527 5353 eb-gisti
1563 5303 1667 5348 tne,
1703 5298 1754 5341 et

172 5391 198 5424 a
231 5374 441 5424 mun-lo
475 5372 781 5434 retnovisti,
822 5381 988 5441 atque
1021 5384 1147 5427 ante
1192 5377 1384 5430 lacieut
1423 5377 1609 5447 gloria:
1650 5390 1754 5433 tum

169 5464 508 5519 constituisti
537 5483 548 5516 :
581 5466 661 5519 sic
692 5466 853 5518 etiam
883 5468 1043 5519 modo
1073 5468 1218 5521 intus
1253 5486 1334 5522 me
1357 5471 1748 5535 constitutum,

170 5575 390 5627 semper
420 5559 778 5615 iuuuobilem.
813 5572 1035 5628 propter
1073 5572 1217 5615 tuam
1254 5564 1305 5616 in
1341 5580 1424 5617 me
1457 5564 1754 5617 habitatio-

171 5666 293 5703 nem
335 5651 578 5714 custodi,
614 5659 673 5702 ut
713 5652 957 5717 quotidie
997 5653 1218 5707 intuens
1257 5666 1305 5708 te
1340 5670 1441 5725 ego
1477 5667 1749 5724 mortuus,

168 5743 372 5807 vivam,
408 5742 700 5810 possidens
730 5756 781 5798 te
812 5760 907 5814 ego
941 5760 1168 5815 pauper,
1198 5762 1415 5817 semper
1441 5750 1590 5804 dives
1620 5752 1740 5804 sim.

245 5911 357 5981 tl?)
391 5912 522 5968 (20d.
570 5905 750 5969 tuend.
790 5916 1064 5987 ὑπόθημα,
1100 5918 1201 5988 leg.
1250 5918 1521 5991 ὑπὸδυμα.

1869 4741 1969 4781 sua
1998 4768 2011 4789 ,
2055 4726 2149 4779 sed
2199 4727 2618 4796 participatione
2656 4727 2889 4779 videtur.
2943 4725 3159 4780 Etenim
3194 4743 3261 4780 ex
3326 4728 3453 4797 igne

1870 4820 2046 4879 ignem
2080 4821 2363 4883 arcendis,
2411 4830 2463 4873 et
2500 4827 2673 4873 totttm
2710 4819 2859 4889 quod
2894 4828 2978 4873 est
3022 4821 3164 4889 ignis
3195 4824 3400 4890 accipis
3433 4841 3447 4876 :

1866 4913 1983 4981 ipsa
2040 4922 2220 4965 tamen
2262 4923 2458 4965 natura
2498 4913 2641 4980 ignis
2690 4930 2796 4966 non
2840 4914 3042 4977 deficit,
3091 4923 3144 4966 et
3185 4915 3445 4975 indivisa,

1866 5018 1924 5059 ιιι
1962 5015 2107 5069 ante,
2158 5016 2455 5076 permanet.
2495 5005 2907 5071 Verumtamen,
2954 5008 3100 5075 quod
3140 5008 3447 5061 communi-

1873 5109 2054 5163 catur,
2106 5115 2133 5150 a
2190 5107 2366 5167 primo
2424 5109 2765 5168 separatur:
2822 5110 2876 5153 et
2926 5100 3054 5169 quia
3090 5110 3442 5169 corporatura

1872 5192 2134 5258 quiddam
2175 5200 2278 5254 est,
2332 5192 2384 5243 in
2430 5191 2709 5259 lampadas
2740 5192 3055 5259 complures
3098 5191 3441 5258 dispertitur.

1868 5283 2001 5335 lllutl
2047 5294 2228 5337 autem
2264 5284 2548 5353 spirituale
2584 5293 2688 5346 est,
2734 5284 3190 5352 tlivisionetnque,
3238 5286 3443 5338 seetio-

1867 5393 2010 5437 nem,
2061 5380 2461 5444 separationem
2508 5391 2737 5444 prorsus
2770 5376 2975 5428 nullam
3017 5376 3277 5428 admittit.
3322 5374 3439 5429 Non

1853 5471 1996 5523 enim
2046 5470 2301 5537 quoniam
2364 5468 2840 5532 communicatur,
2898 5469 3106 5521 idcirco
3162 5471 3214 5522 iu
3268 5471 3439 5523 multa

1864 5562 2192 5623 secernitur,
2250 5559 2342 5613 sed
2391 5559 2686 5612 iudivisum
2735 5568 3073 5628 perseverat,
3128 5570 3181 5613 et
3242 5561 3294 5613 itt
3356 5576 3442 5613 tne

1861 5668 1963 5716 εει,
1997 5666 2048 5709 et
2079 5656 2130 5707 in
2169 5670 2251 5707 me
2285 5656 2433 5707 intus
2465 5652 2519 5706 in
2569 5652 2770 5705 misero
2821 5654 2987 5707 corde
3028 5668 3147 5706 meo
3181 5662 3439 5722 tanquam

1862 5750 1966 5815 sol,
2011 5756 2102 5802 aut
2129 5747 2319 5803 discus
2359 5748 2493 5804 solis
2529 5746 2716 5816 bujus,
2756 5749 3050 5815 rotundus,
3099 5746 3205 5802 luci
3245 5747 3443 5804 similis
