4170 6452
759 398 863 468 511

2008 402 2390 465 SYMEONIS
2423 403 2793 465 IUNIORIS

3916 397 4018 461 512

760 528 911 583 (nam
956 520 1012 565 et
1055 511 1150 566 lux
1180 513 1286 583 est)
1317 513 1587 571 exoritur.
1612 512 1830 580 Nescio,
1858 522 1919 569 ut
1946 515 2180 580 aiebam,
2208 514 2336 584 quid
2369 518 2414 573 A
2444 513 2563 570 Non
2594 516 2742 570 enim
2781 514 3245 584 quemadmodum
3279 527 3429 567 nunc
3458 512 3513 568 in
3541 512 3723 577 terris,
3752 511 3834 567 sic
3861 513 4022 567 etiam

757 609 827 660 de
852 620 920 659 eo
949 605 1153 662 dicam.
1184 605 1247 661 Et
1280 608 1527 661 volebam
1562 617 1765 674 tacere,
1798 609 1945 679 quod
1978 609 2187 663 utinam
2218 624 2341 679 pos-

757 709 873 750 sem
927 714 941 749 :
990 698 1085 751 sed
1137 697 1471 751 miraculum
1514 698 1888 752 venerationis
1929 699 2152 766 plenum
2188 697 2343 752 solli-

756 787 894 841 citat
954 787 1226 851 animum,
1288 798 1342 842 et
1394 796 1605 842 reserat
1658 788 1938 857 impurum
1994 802 2057 842 os
2110 803 2339 840 meum:

757 881 965 947 quique
1007 896 1153 935 nunc
1200 882 1253 935 in
1290 881 1459 936 corde
1500 897 1625 935 meo
1661 882 1957 935 tenebroso
1990 890 2170 935 ortum
2218 895 2341 948 pro-

757 974 907 1034 tulit,
951 974 1018 1026 ad
1073 974 1432 1042 loquendum,
1484 975 1954 1043 scribendumque
1993 974 2078 1029 vel
2113 974 2339 1028 invitum

758 1080 843 1118 mc
876 1066 1172 1135 compellit.

829 1160 937 1228 Qui
974 1161 1108 1214 mihi
1140 1160 1547 1216 demonstravit
1587 1160 1884 1223 mirabilia,
1916 1176 2036 1229 qua:
2060 1160 2202 1212 oculi
2232 1174 2339 1212 non

756 1253 1131 1318 videruntrqui
1173 1254 1227 1306 in
1259 1268 1344 1306 me
1377 1260 1435 1307 ut
1488 1264 1821 1319 postremum
1851 1268 1914 1306 ac
1947 1252 2190 1305 infimum
2222 1267 2341 1302 nm-

757 1345 907 1396 nium
945 1350 1003 1398 se
1032 1343 1275 1398 demisit.
1307 1344 1408 1409 Qui
1446 1346 1726 1412 apostolos
1756 1343 2075 1410 discipulos,
2108 1352 2163 1396 et
2202 1342 2341 1396 tilios

757 1434 1019 1490 reddidit.
1050 1435 1107 1490 In
1142 1453 1251 1501 me,
1279 1437 1524 1507 inquam,
1556 1453 1718 1507 quem
1748 1437 2053 1497 horribilis,
2089 1445 2141 1489 ct
2172 1436 2343 1489 inter-

759 1524 934 1579 fector
977 1526 1262 1580 hominum
1301 1527 1469 1582 draco
1522 1529 1760 1589 tenebat,
1804 1528 1957 1597 prius
2004 1527 2184 1581 omnis
2232 1525 2341 1579 ini-

754 1616 987 1685 quitatis
1043 1618 1405 1681 ministrum.
1458 1629 1512 1674 et
1558 1620 1896 1685 operarium.
1942 1620 2033 1673 Sol
2084 1619 2193 1682 ille,
2246 1620 2339 1689 qui

753 1712 970 1763 exstitit
1001 1720 1130 1765 ante
1165 1712 1434 1783 originem
1470 1712 1824 1777 szeculorum,
1861 1722 1915 1767 et
1953 1712 2045 1782 qui
2078 1712 2219 1781 apud
2256 1714 2342 1767 inâ€”

756 1800 902 1853 feros
936 1802 1297 1869 respleuduit,
1324 1814 1377 1858 et
1411 1803 1628 1856 tandem
1657 1804 1976 1857 collustrata
2007 1806 2191 1857 anima
2221 1820 2336 1857 mea

754 1893 1001 1949 tenebris
1065 1895 1314 1963 oppleta,
1376 1894 1518 1949 diem
1577 1896 1709 1949 mihi
1768 1912 1995 1966 vespera
2056 1906 2336 1951 carentem

756 1986 983 2056 largitus
1017 1997 1122 2043 est.
1158 1989 1263 2054 Qui
1307 1991 1714 2046 mendicitatem
1747 2008 1921 2047 meam
1961 1995 2118 2049 bonis
2157 1996 2334 2048 omni-

756 2079 860 2133 bus
893 2082 1211 2145 cumulasti,
1247 2090 1301 2136 tu
1351 2100 1665 2138 sermonem
1700 2087 1842 2139 dona
1873 2126 1887 2150 ,
1923 2095 1977 2141 et
2004 2088 2165 2143 verba
2206 2089 2336 2142 mihi

752 2184 1003 2239 suggere,
1030 2172 1098 2225 ad
1121 2176 1496 2228 enarrandum
1533 2174 1809 2230 universis
1841 2191 2005 2244 opera
2037 2186 2128 2230 tua
2166 2178 2334 2231 mira-

752 2262 901 2325 bilia,
936 2280 1059 2331 qua:
1088 2266 1248 2319 hodie
1285 2281 1503 2335 quoque
1531 2277 1764 2335 praestas
1802 2284 1931 2338 erga
1968 2284 2067 2321 nos
2106 2270 2339 2323 famulus

751 2366 876 2409 tuos
915 2376 927 2411 :
962 2366 1100 2410 utet
1128 2357 1221 2427 qui
1272 2357 1326 2411 in
1382 2360 1625 2415 tenebris
1661 2361 1927 2415 socordia:
1972 2362 2335 2427 dormientes,

748 2460 1007 2503 asserunt
1056 2458 1375 2521 peccatores
1428 2466 1535 2504 non
1596 2466 1759 2520 posse
1807 2453 2031 2517 Sub-ari,
2070 2470 2133 2508 ac
2166 2456 2335 2509 veluti

753 2539 1000 2608 Petrum,
1052 2554 1395 2612 cauet-osque
1449 2542 1733 2612 apostolos
1784 2554 2007 2600 sanctos
2038 2556 2092 2598 et
2136 2546 2337 2615 justos,

751 2633 906 2699 ipsos
936 2633 1190 2686 similiter
1225 2634 1660 2689 misericordiam
1693 2636 1948 2705 adipisci,
1998 2638 2051 2691 id
2102 2640 2335 2694 bonitati

749 2734 857 2778 tua:
896 2724 1053 2778 facile
1096 2724 1283 2789 fuisse,
1317 2740 1461 2789 esse,
1504 2734 1560 2780 et
1596 2727 1714 2782 fore
1738 2741 2099 2797 cognoscant,
2151 2744 2205 2786 et
2255 2735 2339 2786 in-

753 2817 1007 2886 telligant
1044 2836 1055 2870 :
1086 2826 1140 2871 ct
1171 2819 1262 2885 qui
1298 2833 1356 2873 se
1387 2819 1684 2887 cpinantur
1730 2822 2013 2889 possidere
2057 2832 2108 2878 te
2156 2824 2337 2878 lumen

749 2908 902 2961 urbis
944 2917 1238 2969 terrarum,
1293 2922 1395 2961 nec
1431 2917 1610 2961 tamen
1648 2914 1701 2961 te
1748 2908 1931 2963 videre
1965 2909 2177 2972 dicunt,
2227 2926 2336 2964 non

751 2999 937 3053 vivere
983 3000 1035 3051 in
1071 2998 1298 3062 lumine,
1333 3014 1444 3051 nou
1488 2998 1811 3062 illuminari,
1855 3015 1963 3054 non
2006 3003 2337 3070 perSpicere,

752 3100 803 3142 te
828 3089 1052 3158 juglcr,
1082 3088 1154 3141 mi
1191 3088 1467 3151 Salvator,
1515 3090 1721 3154 norint,
1753 3098 1806 3144 te
1842 3092 1896 3145 in
1928 3094 2203 3147 mentibus
2245 3110 2340 3146 eo-

2446 615 2579 661 tunc
2618 604 2861 659 futurum
2896 615 3002 661 est.
3052 602 3209 658 Nune
3258 604 3461 672 quippe
3511 603 3603 672 qui
3657 614 3709 658 te
3750 604 4024 666 nesciunt,

2445 696 2534 750 hic
2582 697 2639 751 in
2683 696 2916 761 deliciis,
2959 705 3012 750 et
3056 698 3430 750 voluntatibus
3475 695 3758 763 corporeis
3810 702 4022 748 aetatem

2444 789 2696 856 exigunt,
2732 790 2821 843 hic
2854 790 3155 851 exsultant,
3181 794 3233 839 et
3261 787 3435 840 instar
3462 786 3744 839 brutarum
3779 788 3983 836 animai
4003 810 4025 825 -

2445 881 2579 934 tium
2615 880 2844 935 saltibus
2885 879 3201 933 lasciviunt.
3238 879 3371 943 Qum
3403 878 3470 932 ad
3503 892 3663 932 usum
3694 886 3749 930 et
3780 890 4025 930 commo-

2443 971 2675 1026 ditatem
2711 972 2837 1025 vita:
2878 972 3103 1041 agendae
3134 968 3360 1032 dedisti,
3390 986 3454 1025 ea
3488 971 3593 1025 sibi
3634 969 3860 1031 habent,
3893 979 3947 1021 et
3977 969 4023 1021 iu

2444 1066 2512 1119 iis
2550 1067 2687 1120 solis
2721 1065 3374 1136 delixi,postdiscessum
3407 1081 3472 1119 ex
3510 1068 3610 1119 hac
3642 1066 3764 1117 lucc
3793 1064 4024 1118 similem

2443 1158 2642 1211 anima:
2675 1166 2880 1213 statum
2940 1158 3057 1211 fore
3103 1158 3443 1211 existimant.
3493 1158 3597 1211 Sed
3654 1158 3796 1210 male
3846 1158 4028 1221 conje-

2442 1259 2613 1314 ctant,
2644 1250 2783 1305 male
2803 1253 3045 1319 sapiunt,
3065 1250 3159 1320 qui
3184 1266 3243 1306 se
3272 1268 3383 1307 nou
3416 1260 3621 1315 tecum,
3648 1257 4025 1303 verumtamen

2443 1341 2498 1396 in
2547 1344 2733 1412 requie
2768 1343 2985 1397 futuros
3013 1353 3322 1407 autumant,
3351 1347 3437 1397 cui
3470 1346 3647 1397 lttt'lltll
3681 1344 3977 1412 quemdam
4005 1386 4017 1402 ,

2441 1447 2474 1487 Î¿
2504 1431 2831 1487 dementiam
2857 1473 2872 1495 ,
2909 1446 3063 1488 extra
3115 1449 3342 1504 regnum
3377 1450 3440 1488 ac
3471 1434 3798 1496 thalamum,
3855 1448 3882 1483 a
3934 1448 4021 1502 ge-

2443 1523 2624 1577 henna
2663 1533 2719 1578 ct
2752 1525 2893 1593 ignis
2918 1525 3193 1594 supplicio
3235 1535 3531 1587 semotum,
3582 1540 3682 1579 nec
3724 1540 3848 1577 eum
3887 1526 4023 1575 luci-

2441 1617 2596 1682 dum,
2629 1632 2691 1670 ac
2720 1616 2960 1671 tenebris
3006 1628 3292 1671 vacantem
3344 1616 3714 1679 constituunt,
3768 1616 3819 1667 in
3858 1631 4019 1683 quem

2445 1709 2697 1762 infelices
2730 1708 2806 1761 illi
2840 1707 3099 1763 devenire
3130 1717 3343 1777 optant,
3379 1724 3483 1761 non
3527 1722 3686 1777 egere
3731 1723 3787 1761 se
3823 1717 4021 1760 aeterna

2444 1811 2537 1854 tua
2568 1802 2762 1869 gloria,
2794 1810 2889 1854 aut
2918 1800 3182 1853 caelorum
3216 1815 3406 1868 regno.
3446 1800 3538 1854 sed
3583 1799 3635 1851 in
3682 1798 3873 1865 requie
3919 1796 4025 1849 fure

2445 1896 2797 1949 arbitrantes.
2830 1893 2971 1947 Proh
2999 1894 3227 1947 istorum
3254 1894 3573 1961 caliginem!
3603 1891 3739 1958 pruh
3774 1890 4026 1956 ignoran-

2446 1990 2600 2044 tiaml
2632 1989 2769 2056 proh
2807 1988 3082 2043 miseriam
3106 1998 3159 2040 et
3183 2001 3310 2056 spes
3344 1987 3577 2039 inanes!
3606 1997 3878 2050 nusquam
3917 1981 4017 2034 hoc

2444 2084 2710 2151 scriptum
2749 2090 2927 2136 exstat
2958 2123 2973 2147 ,
3004 2095 3273 2149 nusquam
3303 2080 3407 2133 hoc
3442 2080 3547 2133 erit
3582 2096 3594 2131 :
3633 2091 3821 2131 verum
3860 2078 3914 2127 in
3950 2076 4026 2127 lu-

2445 2177 2592 2231 mine
2622 2176 2970 2238 fclicitatnm,
3001 2174 3090 2245 qui
3125 2185 3315 2229 sancta
3347 2184 3401 2228 et
3429 2174 3608 2227 divina
3640 2171 3940 2240 gesserint,
3973 2170 4019 2224 iu

2443 2267 2686 2321 tenebris
2736 2274 2920 2320 autem
2975 2281 3259 2335 pinnarum
3311 2275 3496 2324 erunt.
3549 2263 3643 2335 qui
3716 2262 4026 2328 iniquitatis

2441 2362 2680 2430 cperarii
2718 2360 2944 2415 fuerint.
2983 2361 3040 2412 in
3076 2359 3257 2413 medio
3297 2366 3478 2412 autem
3512 2358 3692 2410 hiatus
3724 2365 3808 2411 est
3843 2355 4028 2410 formi-

2441 2455 2662 2520 dabilis,
2717 2456 2906 2509 ambos
2953 2468 3276 2510 secernens.
3331 2453 3606 2519 quomodo
3640 2462 3691 2501 tu
3744 2454 3884 2516 ipse,
3931 2446 4027 2498 Dn-

2442 2546 2607 2610 tuine,
2644 2546 2878 2600 docuisti
2912 2547 2955 2610 7,
3004 2546 3098 2614 qui
3146 2545 3258 2597 hare
3307 2542 3649 2610 praeparasti.
3695 2541 3806 2592 lloc
3861 2540 4029 2593 inter-

2441 2640 2642 2692 vallum
2681 2640 2891 2694 homini
2926 2640 2978 2692 in
3032 2640 3214 2709 ipsum
3254 2635 3528 2689 delabenti
3566 2633 3716 2688 omni
3750 2643 4025 2687 tormento

2443 2748 2507 2786 ac.
2539 2732 2812 2801 supplicio
2844 2731 3020 2784 dirius
3068 2732 3189 2791 erit,
3228 2732 3279 2782 in
3318 2731 3578 2797 abyssum
3613 2741 3902 2794 pmnarum
3929 2764 3945 2785 ,
3977 2722 4027 2775 in

2444 2824 2612 2877 chaos
2650 2821 2978 2891 perditionis
3030 2836 3125 2889 per
3159 2828 3323 2887 caput
3364 2816 3655 2871 infeliciter
3690 2830 3750 2868 se
3780 2813 4025 2882 praecipi-

2444 2916 2582 2968 tanti
2608 2953 2621 2976 .
2658 2914 2975 2981 rucntique,
3007 2927 3118 2980 quo
3160 2910 3244 2963 his
3285 2911 3377 2981 qui
3414 2909 3465 2961 in
3508 2908 3757 2962 cruciatu
3802 2921 4029 2960 versan-

2446 3019 2555 3070 tur,
2592 3007 2812 3059 diï¬‚icilc
2841 3012 2926 3059 est
2954 3004 3252 3060 ascendere
3278 3042 3292 3063 .
3319 3014 3373 3055 et
3407 3002 3471 3054 ad
3510 3009 3714 3052 terram
3748 3000 4026 3068 justorum

2448 3109 2804 3151 transmeare.
2850 3098 3055 3150 Malunt
3107 3094 3378 3164 siquidem
3412 3093 3464 3146 in
3503 3093 3624 3161 igne
3653 3107 3775 3144 cum
3816 3089 4031 3143 acerbi-

753 3198 876 3236 rum
930 3198 1035 3234 non
1110 3182 1351 3247 fulsisse,
1407 3198 1507 3237 nec
1556 3185 1859 3240 incoluisse
1910 3201 2102 3240 eorum
2167 3190 2332 3243 corda
2365 3195 2407 3252 (Î¶
2445 3196 2555 3243 tate
2589 3190 2643 3242 in
2672 3189 2915 3242 cinerem
2954 3187 3145 3255 redigi,
3178 3200 3345 3254 quam
3402 3184 3455 3237 in
3499 3180 4027 3235 chanshnrrendum

752 3273 1002 3335 sordida,
1040 3274 1363 3345 frustraque
1405 3291 1502 3331 eos
1552 3291 1690 3331 vana
1728 3292 1823 3349 spe
1865 3279 2167 3341 exsultare,
2204 3279 2335 3341 dum

753 3386 815 3421 se
848 3378 970 3437 post
1007 3368 1170 3423 linem
1208 3369 1369 3438 hujus
1411 3370 1536 3425 vita:
1585 3372 1768 3426 lumen
1798 3381 1949 3428 tuum
1989 3375 2211 3430 visuros
2250 3392 2339 3431 ar-

753 3462 1049 3514 bitrantur.
1080 3459 1214 3513 Nam
1248 3461 1468 3529 pignus,
1503 3473 1557 3517 et
1591 3464 1828 3533 sigillum
1857 3507 1872 3530 ,
1904 3482 2000 3521 seu
2029 3478 2235 3522 tessera
2272 3467 2336 3521 ad

753 3555 1036 3608 dexteram
1073 3553 1412 3609 collocandis
1442 3557 1641 3612 ovibus
1673 3558 1835 3628 plane
1869 3561 1957 3615 hic
1980 3561 2104 3615 data
2143 3571 2247 3617 est.
2280 3564 2337 3617 Si

751 3646 898 3698 enim
944 3646 1320 3713 unusquisque
1354 3659 1584 3704 mortem
1618 3650 1673 3704 in
1702 3666 1761 3706 se
1796 3653 2064 3709 inclusam
2105 3656 2342 3709 circum-

758 3736 881 3801 fs-it,
913 3746 968 3791 et
1013 3745 1139 3805 post
1190 3748 1420 3794 mortem
1473 3740 1734 3796 omnibus
1785 3759 1849 3798 ex
1896 3761 2050 3814 :equo
2106 3746 2339 3801 facultas

754 3826 1020 3894 â€œperandi
1054 3828 1249 3894 deerit,
1275 3838 1329 3884 et
1360 3844 1524 3884 nemo
1558 3848 1654 3887 seu
1685 3833 1836 3899 boni,
1866 3851 1962 3891 seu
2010 3838 2133 3891 mali
2171 3838 2337 3907 quid-

754 3919 898 3984 pâ€™am
926 3932 1088 3986 agere
1122 3921 1342 3987 poterit,
1370 3922 1599 3990 quilibet
1629 3923 1841 3994 utique.
1882 3929 2062 3996 qualis
2094 3939 2206 3983 tum
2250 3932 2332 3985 in-

754 4020 951 4061 uut'us
986 4005 1172 4073 fuerit,
1214 4009 1340 4063 talis
1374 4010 1499 4064 crit.
1538 4009 1685 4067 Istud
1730 4025 1838 4078 est,
1890 4014 2138 4079 Domine,
2190 4020 2336 4088 quod

754 4098 890 4151 mihi
938 4106 1205 4153 terrorem
1244 4108 1656 4173 tremoremque
1707 4106 1921 4161 incutit.
1962 4109 2109 4163 Istud
2145 4124 2337 4169 omnes

750 4208 951 4247 sensus
983 4209 1136 4248 meos
1167 4194 1451 4251 tabefacit.
1486 4198 1657 4252 Sicuti
1715 4215 1893 4255 cmcus
1937 4201 2047 4255 fato
2091 4202 2332 4267 functus.

749 4293 806 4337 et
840 4284 968 4339 illuc
994 4288 1318 4351 translatus,
1357 4305 1637 4357 nunquam
1671 4292 1839 4345 solem
1878 4293 2023 4347 hunc
2048 4310 2210 4347 sensu
2254 4299 2337 4349 vi-

751 4374 913 4427 vendi
950 4377 1282 4444 usurpavit,
1321 4379 1574 4446 quamvis
1622 4382 1749 4433 olim
1793 4384 1846 4434 in
1896 4384 2060 4434 vitam
2097 4384 2334 4449 rediens,

752 4464 960 4518 lumina
997 4467 1313 4535 receperit:
1351 4467 1424 4521 ita
1464 4482 1638 4537 neque
1676 4470 1921 4538 quicum
1960 4482 2141 4526 mente
2192 4490 2334 4528 creca

749 4556 894 4609 diem
919 4565 1224 4611 extremum
1261 4558 1480 4624 obierit,
1518 4568 1571 4614 te
1603 4560 1803 4625 solem,
1829 4561 2203 4630 intelligentiae
2231 4567 2334 4620 soli

751 4656 1066 4715 parentem,
1108 4649 1251 4702 Deus
1290 4666 1466 4715 meus,
1501 4652 1830 4718 intuebitur,
1879 4652 1972 4707 sed
2010 4670 2273 4724 egressus
2305 4674 2335 4713 e

750 4738 992 4791 tenebris
1023 4739 1290 4795 habitabit
1317 4742 1370 4795 in
1398 4744 1660 4810 tenebris,
1695 4752 1857 4814 atque
1883 4746 1934 4799 in
1965 4763 2129 4802 omne
2159 4766 2333 4803 awum

748 4845 779 4882 a
812 4838 865 4883 te
899 4832 1264 4898 separabitur.
1308 4831 1479 4888 Nemo
1534 4836 1860 4903 hominum,
1903 4837 2151 4905 Domine,
2188 4842 2240 4894 in
2284 4851 2336 4897 te

747 4922 1113 4986 credentium,
1178 4940 1341 4979 nemo
1395 4926 1448 4981 in
1509 4931 1731 4982 nomine
1759 4937 1852 4984 tuo
1909 4932 2332 5000 baptizaturum,

750 5031 1008 5083 magnum
1040 5016 1145 5069 hoc
1177 5026 1231 5070 et
1277 5018 1524 5076 horroris
1561 5023 1778 5091 plenum
1830 5040 1971 5078 onus
2016 5028 2329 5089 sustinebit,

752 5118 811 5161 ut
838 5112 936 5163 abs
972 5116 1025 5162 te
1060 5120 1369 5179 separetur.
1412 5110 1535 5165 Dira
1580 5125 1666 5168 est
1702 5118 1847 5170 enim
1884 5117 1990 5171 ista
2026 5120 2330 5182 tribulatio,

752 5198 895 5261 dira,
938 5207 993 5254 et
1040 5200 1409 5264 intoleranda,
1444 5213 1496 5257 et
1546 5217 1747 5259 :eterna
1803 5210 2145 5262 mtestitudo.
2190 5212 2330 5275 Quid

757 5306 1011 5359 namque,
1056 5292 1305 5346 Salvator
1339 5297 1432 5360 mi,
1471 5298 1622 5365 pejus
1649 5314 1772 5352 esse
1810 5310 2009 5368 potest,
2040 5316 2204 5370 quam
2236 5304 2333 5358 abs

758 5391 809 5435 tc
828 5383 1032 5447 divelli,
1060 5395 1225 5455 atque
1248 5388 1498 5457 seiungi?
1526 5391 1658 5458 quid
1700 5392 2078 5457 cruciabilius,
2113 5410 2274 5463 quam
2304 5411 2331 5448 a

753 5474 863 5526 vita
899 5473 1237 5543 disjunctutn
1274 5478 1386 5532 illic
1423 5480 1608 5535 vivere
1640 5482 1821 5536 instar
1860 5485 2062 5537 mortui
2091 5525 2105 5548 ,
2140 5474 2327 5554 priva-

755 5573 982 5633 tumque
1021 5566 1151 5630 vita,
1191 5570 1392 5636 privari
1430 5572 1592 5625 simul
1636 5573 1794 5628 bonis
1842 5576 2159 5631 universis?
2194 5576 2329 5633 Nam

755 5654 851 5725 qui
884 5656 981 5712 abs
1010 5664 1063 5712 te
1091 5670 1400 5729 separatur,
1425 5666 1606 5721 omnis
1629 5667 1755 5723 boui
1774 5669 2046 5740 jacturam
2074 5670 2334 5727 incurrit.

872 5841 894 5875 '
928 5839 1060 5898 Luc.
1086 5855 1203 5911 xvi,
1233 5842 1322 5897 â€˜26.

2444 3297 2504 3336 se
2537 3280 2826 3348 projicere.
2858 3278 2963 3343 Qui
2994 3294 3126 3348 ergo
3171 3277 3284 3331 illic
3318 3286 3439 3346 post
3471 3287 3702 3328 mortem
3738 3291 3863 3329 esse
3893 3290 4030 3328 cou-

2442 3374 2760 3443 cupiscunt,
2792 3372 2986 3426 multis
3012 3371 3269 3439 lacrymis
3303 3378 3357 3422 et
3390 3369 3645 3422 lamentis
3670 3368 3820 3438 digni
3858 3375 3983 3421 sunt
4013 3384 4031 3420 :

2443 3466 2703 3535 quoniam
2732 3473 2791 3518 ut
2821 3464 3066 3532 iumenta
3099 3461 3328 3515 rationis
3355 3461 3628 3529 expertia.
3654 3460 3872 3528 penitus
3896 3459 4035 3512 nilnl

2443 3561 2687 3629 sapiunt,
2731 3558 2951 3611 sibimet
2986 3565 3190 3626 pestem
3214 3552 3831 3622 imprecantur,seipsos
3862 3551 4032 3607 sedu-

2444 3660 2599 3705 cunt.

2512 3744 2590 3797 Tu
2628 3757 2853 3812 regnum
2885 3741 3179 3801 caelorum,
3211 3739 3453 3803 Christe,
3482 3748 3538 3791 tu
3592 3746 3735 3793 terra
3793 3738 4033 3792 mitium.

2442 3835 2522 3888 Tu
2557 3837 2741 3888 virens
2777 3833 3090 3901 paradisus.
3120 3830 3199 3884 Tu
3229 3830 3505 3885 thalamus
3533 3830 3777 3891 divinus,
3804 3838 3860 3884 et
3892 3830 4037 3883 inef-

2444 3927 2645 3981 fabilis.
2692 3926 2773 3980 'l'u
2828 3940 3018 3979 mensa
3064 3923 3376 3977 communis
3423 3923 3692 3976 omnium.
3745 3923 3825 3976 Tu
3878 3925 4037 3991 panis

2446 4022 2589 4073 vine.
2626 4017 2705 4071 'lâ€˜u
2741 4026 2899 4087 potus
2931 4014 3167 4069 maxime
3210 4030 3405 4069 novus.
3436 4012 3519 4068 Tu
3555 4014 3812 4081 poculum
3852 4030 4034 4083 aqum,

2440 4112 2520 4165 Tu
2555 4127 2694 4180 aqua
2730 4110 2873 4162 vine.
2909 4106 2992 4162 Tu
3026 4109 3297 4177 cujusque
3328 4116 3647 4161 sanctorum
3684 4108 3916 4159 lucerna
3956 4108 4040 4159 iu-

2440 4206 2735 4259 exstincta.
2764 4203 2843 4256 Tu
2891 4213 2944 4257 et
2979 4201 3185 4263 tunica,
3218 4209 3272 4255 et
3312 4215 3538 4263 corona,
3589 4209 3643 4253 et
3691 4214 4032 4253 coronarum

2440 4295 2785 4350 distributor.
2831 4293 2912 4347 Tu
2955 4292 3239 4363 gaudium,
3268 4301 3322 4346 et
3354 4292 3597 4360 requies;
3630 4290 3709 4343 Tu
3745 4292 3944 4357 gloria,
3981 4303 4039 4346 et

2441 4388 2675 4441 delicim.
2695 4384 2776 4439 Tu
2808 4384 3124 4440 exsultatio.
3145 4382 3227 4436 Tu
3248 4384 3561 4437 animorum
3594 4383 3939 4452 ineundttas.
3978 4382 4043 4435 Et

2441 4479 2644 4534 lucebit
2674 4480 2841 4547 gratia
2877 4478 3054 4532 sancti
3090 4476 3330 4543 Spiritus
3360 4478 3460 4537 tui,
3493 4474 3633 4531 Deus
3666 4475 4043 4539 meus,instar

2444 4574 2578 4627 solis
2612 4571 2663 4625 in
2697 4571 2957 4625 omnibus
2994 4570 3205 4624 sanctis
3242 4569 3370 4623 tuis.
3403 4567 3465 4620 Et
3500 4569 3711 4623 lucebis
3753 4569 3807 4620 in
3844 4584 4037 4620 eorum

2444 4666 2646 4729 medio,
2676 4664 2768 4718 Sol
2811 4664 3152 4728 inaccessus,
3176 4678 3475 4732 omnesque
3500 4663 3851 4731 proportione
3893 4662 4040 4724 fidei,

2445 4774 2697 4828 operum,
2739 4757 2879 4825 spei,
2904 4755 3216 4815 charitatis,
3251 4754 3507 4823 puritatis
3536 4762 3591 4806 et
3622 4753 4036 4813 illustratinnis.

2445 4864 2507 4901 cx
2537 4847 2741 4916 Spiritu
2780 4857 2895 4906 tuo.
2928 4846 3410 4899 illuminabuntur.
3448 4843 3591 4897 Deus
3625 4845 3739 4897 sole
3776 4844 4027 4910 longani-

2448 4940 2575 5001 mis,
2600 4947 2653 4990 et
2673 4937 2837 5007 judcx
2864 4938 3133 5000 omnium,
3164 4937 3251 4991 his
3281 4938 3374 5005 qui
3407 4937 3728 4990 mansiones
3756 4936 4036 5001 diversas,

2445 5038 2500 5083 et
2531 5030 2648 5083 loca
2676 5028 3474 5093 comminiscuntur,â€˜mensura
3502 5028 3789 5081 charitalis
3814 5042 4037 5080 rursum

2447 5124 2553 5178 erit
2596 5138 2854 5176 mensura
2882 5121 3151 5174 claritatis
3182 5121 3453 5189 ipsorum,
3482 5130 3536 5173 et
3565 5134 3821 5172 mensura
3863 5119 4039 5174 visio-

2447 5218 2533 5271 uis
2570 5226 2700 5276 tute,
2732 5215 2836 5268 erit
2868 5216 3064 5266 iterum
3096 5215 3276 5281 portio
3308 5212 3729 5279 magniï¬centizr
3771 5211 3995 5264 illorum
4025 5253 4037 5270 ,

2444 5307 2643 5365 honor,
2672 5304 2907 5366 delicia),
2935 5311 2990 5356 et
3026 5303 3221 5369 gloria,
3267 5302 3332 5355 ad
3364 5301 3797 5355 distributiones
3853 5304 4021 5354 domu

2448 5413 2588 5461 rum,
2618 5405 2671 5448 et
2702 5397 3054 5449 mansionum
3089 5393 3555 5448 admirandarum.
3605 5391 3720 5445 llnc
3771 5392 4039 5445 taberna-

2447 5489 2570 5541 cula
2598 5489 2837 5549 diversa,
2870 5489 2971 5541 hnc
2998 5488 3183 5540 multa:
3213 5486 3434 5548 domus,
3466 5488 3567 5538 hoc
3598 5485 3755 5538 stulze
3790 5484 4038 5551 Splendi-

2450 5580 2691 5634 dissimae
2719 5583 3016 5634 multarum
3040 5580 3396 5648 dignitatum,
3416 5588 3468 5629 et
3491 5592 3709 5630 coronae
3734 5576 4039 5638 distinctae,

2449 5670 2643 5741 lapilli,
2693 5672 3026 5742 margaritm,
3080 5678 3134 5725 ct
3187 5668 3348 5725 ï¬‚ores
3411 5668 3773 5730 iuunortalcs,
3839 5684 4039 5723 novam
