4170 6452
158 394 267 459 el3

1225 400 1662 464 Dll‘lN’OllUM
1709 400 2034 461 AMORUM
2076 405 2298 463 LIBER

3323 415 3428 477 5H

162 502 431 556 habentes
464 504 721 573 speciem,
772 505 874 558 hoc
903 506 1049 570 lecti,
1085 511 1336 578 stragula:
1361 522 1557 571 vestes,
1599 527 1749 563 men-
1779 515 1822 571 A
1855 509 2094 579 Spiritus
2156 516 2502 571 sermonibus
2557 518 2892 575 incredulus.
2950 520 3007 573 In
3053 525 3202 578 omni
3238 528 3432 597 utique

161 612 244 659 sa,
282 598 464 649 throni
494 635 509 657 ,
544 606 599 651 cl
634 598 899 666 quidquid
937 601 1001 651 ad
1038 602 1370 669 voluptatem
1399 603 1748 670 jttCtttttllSSt.

160 705 311 742 mum
340 702 437 744 est.
469 700 607 751 erat,
630 702 713 745 est
738 703 788 744 et
810 693 932 755 erit,
962 699 1013 746 te
1039 694 1210 744 Solttttt
1230 694 1449 748 intueri.
1472 694 1529 747 Si
1562 695 1745 764 igitur,

161 790 221 833 ut
246 798 413 847 supra
439 783 782 843 dicebamus,
816 798 922 834 non
954 781 1200 837 videntes
1228 785 1403 837 lumen
1435 794 1612 848 tuum,
1647 798 1747 835 nec

161 872 262 923 abs
307 880 363 925 te
391 872 517 936 visi,
550 871 643 924 scd
681 874 942 940 separati,
977 875 1190 928 visione
1224 885 1315 929 tua
1339 913 1354 937 ,
1390 878 1572 927 omnia
1607 874 1746 927 bona

164 962 570 1029 complecteute
620 964 933 1031 privautur,
973 966 1195 1018 ubinam
1230 967 1471 1033 requiem
1494 1008 1507 1029 ,
1541 967 1631 1018 ttbi
1668 966 1749 1016 lo-

164 1068 286 1103 eum
326 1053 518 1105 doli-re
554 1069 783 1106 vaeumu
823 1056 1136 1109 invenient?
1170 1057 1259 1109 ubi
1319 1057 1666 1117 habitabnnt,
1701 1056 1745 1109 si

165 1143 298 1193 l’t'i‘ll
353 1160 459 1196 non
512 1145 752 1197 fuerint?
802 1146 1006 1199 ctenim
1053 1146 1205 1201 Rccti
1261 1148 1575 1202 habitabant
1629 1165 1746 1201 cum

164 1236 312 1285 rultu
344 1246 431 1286 tuo
454 1235 495 1286 ⁸.
524 1235 810 1290 Fortnatus
827 1252 886 1289 es
909 1239 1050 1290 enim
1088 1239 1139 1290 in
1162 1254 1349 1291 eorum
1384 1248 1531 1293 recto
1559 1241 1745 1303 corde,

164 1335 215 1378 ct
256 1326 511 1379 habitant
552 1343 677 1379 cum
718 1327 888 1381 forma
921 1337 1010 1381 tua
1056 1330 1105 1381 in
1139 1338 1210 1392 te,
1243 1329 1459 1383 Christe
1498 1347 1671 1384 meus.

234 1418 279 1470 Ο
318 1420 454 1470 mira
491 1434 601 1478 res,
644 1433 677 1471 ο
722 1420 985 1473 bonitatis
1026 1420 1229 1473 donum
1285 1422 1639 1490 inopinabile,
1693 1424 1743 1476 itt

166 1512 342 1562 forma
383 1510 473 1563 Dei
508 1526 631 1564 esse
670 1512 938 1572 homines.
972 1521 1025 1565 et
1052 1512 1275 1565 formari
1307 1514 1357 1565 in
1402 1514 1554 1580 ipsis.
1581 1530 1743 1581 quem

165 1616 327 1653 nemo
372 1602 540 1670 capit.
577 1603 764 1666 Deum,
796 1604 955 1672 Cujus
1004 1616 1197 1657 natura
1252 1614 1335 1657 est
1387 1606 1744 1673 intariabilis,

165 1705 217 1746 et
258 1695 618 1749 immutabilis
641 1737 655 1758 ,
695 1698 785 1763 qui
831 1698 884 1749 in
919 1698 1175 1751 onmibus
1205 1714 1263 1751 se
1290 1697 1470 1768 dignis
1501 1700 1745 1752 habitare

166 1785 302 1845 vult.
330 1794 387 1837 ιιι
416 1788 644 1855 quilibet
672 1789 722 1839 in
759 1804 816 1841 se
838 1797 1011 1840 totum
1047 1804 1250 1857 regem,
1288 1792 1464 1857 ipsum
1492 1807 1741 1860 regnum,

164 1882 217 1927 et
250 1875 318 1927 ad
354 1890 580 1944 regnum
620 1877 945 1944 pertinentia
970 1878 1184 1938 habeat,
1219 1888 1271 1932 et
1299 1880 1521 1947 fulgeat,
1555 1896 1737 1949 quotu-

168 1966 463 2018 admodum
509 1965 719 2022 refulsit
753 1969 1027 2021 redirivus
1063 1968 1204 2023 Deus
1234 1986 1413 2035 meus,
1446 1972 1738 2041 plusquam

170 2060 303 2113 radii
353 2061 486 2115 stilis
528 2060 709 2129 hujus,
737 2077 900 2131 quem
951 2064 1251 2117 cernimus.
1285 2063 1348 2116 Et
1395 2079 1519 2118 cum
1561 2066 1750 2119 astite-

169 2156 277 2203 rint
309 2154 359 2205 ei
388 2153 481 2221 qui
519 2154 600 2205 sic
630 2153 781 2220 ipsos
812 2154 1176 2223 glorificavit,
1215 2156 1595 2225 magnitudine
1632 2160 1747 2226 glo-

171 2245 282 2305 riw,
319 2253 374 2297 et
405 2244 633 2297 assiduo
661 2245 857 2298 divina:
894 2245 1165 2301 claritatis
1194 2248 1536 2303 incremento
1569 2250 1746 2303 admi-

176 2338 391 2390 ratione
423 2337 639 2390 attoniti
690 2350 929 2392 manent.
988 2338 1096 2392 Nec
1153 2341 1299 2394 enim
1355 2342 1480 2396 ullis
1533 2343 1750 2396 sacculis

164 2428 627 2497 proiicicnzliliuis
659 2432 763 2483 erit
793 2447 805 2481 :
840 2431 1110 2500 siquidem
1134 2434 1322 2494 statio,
1365 2448 1463 2487 seu
1511 2436 1749 2489 cessiitio

165 2520 491 2574 incrementi
534 2524 711 2576 tiuiret
764 2521 818 2576 id
869 2524 1017 2594 quod
1084 2523 1226 2579 ﬁniri
1261 2528 1489 2596 nequit,
1521 2538 1573 2582 et
1601 2543 1752 2581 com-

168 2615 591 2681 prehensionem
624 2630 850 2683 prorsus
886 2617 1484 2686 incomprehensibilis,
1538 2622 1752 2675 satieta-

166 2714 393 2771 tcmque
428 2704 714 2759 iii-luceret
746 2708 912 2773 illius,
949 2725 1055 2778 quo
1098 2710 1284 2763 satiari
1318 2713 1502 2764 nullus
1537 2719 1747 2780 potest:

166 2799 260 2846 sed
290 2798 571 2865 plenitudo
603 2798 744 2866 ejus,
772 2809 823 2852 et
855 2800 1025 2869 gloria
1062 2801 1197 2855 locis
1225 2802 1458 2872 abyssus
1489 2806 1593 2857 erit
1627 2820 1747 2873 pro-

172 2891 376 2951 rectus,
412 2901 463 2943 et
501 2889 620 2944 sine
651 2890 753 2947 line
776 2891 1131 2961 principium.
1162 2892 1223 2946 Et
1254 2895 1393 2947 sicut
1420 2895 1513 2964 qui
1550 2897 1746 2949 habent

164 2981 449 3033 Christum
504 2983 653 3037 intus
705 2982 1032 3047 formatum,
1069 2986 1245 3039 eidem
1272 3025 1284 3048 ,
1318 3003 1634 3056 quanquam
1675 2988 1746 3040 ita

170 3072 428 3143 fulgenti,
464 3085 523 3128 ut
555 3077 694 3129 adiri
734 3086 1192 3146 nequeat,astant
1224 3079 1580 3134 nihilominus
1619 3098 1632 3133 :
1672 3082 1750 3135 sic

1853 604 2016 655 etiam
2053 605 2105 657 hi
2144 615 2323 669 erunt,
2371 625 2556 663 revera
2610 622 2790 664 autem
2849 622 3003 666 extra
3054 616 3295 671 divinum
3353 623 3432 673 ln-

1854 709 1999 755 men,
2054 696 2341 767 ipsumque
2389 700 2578 757 Deum.
2614 701 2683 757 Ut
2724 705 2874 769 reci,
2933 707 3146 763 lucente
3180 711 3316 775 sole,
3375 722 3430 767 et

1855 785 1951 837 toti
1990 787 2310 841 eircmnlusi
2348 791 2571 857 lumine,
2607 803 2791 849 tamen
2824 808 2973 850 extra
3030 800 3214 855 lumen
3251 812 3377 856 sunt
3409 841 3425 865 ,

1853 876 2169 941 cognitione
2220 894 2554 952 aspectuque
2598 886 2666 939 ab
2709 902 2774 941 eo
2815 889 3053 954 sejuncti
3090 908 3102 942 :
3142 895 3221 947 sic
3255 903 3340 946 est
3371 897 3424 948 iu

1852 970 2000 1021 ornui
2044 971 2285 1027 divinum
2321 974 2606 1033 Trinitatis
2642 982 2849 1046 lumen,
2902 992 2953 1035 et
2986 985 3039 1037 in
3091 986 3266 1038 utedio
3299 998 3429 1041 sunt

1857 1075 1945 1127 per
1960 1072 2191 1125 catores,
2233 1068 2475 1122 tenebris
2512 1073 2819 1139 praepediti,
2850 1078 3145 1143 quominus
3174 1077 3418 1142 videant,

1855 1152 2131 1221 ullamqne
2159 1154 2470 1214 Dirinitatis
2500 1164 2778 1217 nmionem
2808 1178 2870 1217 ae
2906 1181 3128 1219 sensum
3166 1166 3422 1221 habeant:

1852 1245 1946 1295 sed
1984 1248 2262 1308 ardentes,
2297 1258 2347 1301 et
2380 1266 2476 1305 sua
2509 1253 2753 1322 ipsorum
2798 1259 3131 1310 conscientia
3168 1260 3429 1313 condem-

1852 1337 1987 1398 nati,
2035 1337 2382 1394 alllictionem
2433 1344 2892 1412 inexplicabilem,
2924 1356 2978 1401 et
3021 1348 3263 1404 dolorem
3306 1352 3426 1406 iue-

1853 1430 2181 1483 narrabilem
2216 1448 2309 1500 per
2336 1435 2533 1487 saecula
2572 1440 2903 1506 sempiterna
2940 1441 3318 1497 sustinebunt.

2450 1568 2678 1623 CAPUT
2731 1570 2822 1625 Ill.

1866 1696 2141 1778 Quomodo
2169 1698 2332 1778 Pater
2361 1704 2444 1755 hic
2464 1706 2795 1778 immutatus,
2826 1718 3207 1778 purgatusque,
3236 1712 3427 1763 arcti--

1928 1769 2057 1821 sime
2084 1786 2199 1850 cum
2238 1770 2343 1850 Deo
2383 1774 2692 1850 conjuurtur
2729 1769 3111 1850 anetina/is-
3158 1769 3222 1833 ea:
3275 1780 3426 1850 quali

1918 1843 2163 1914 euaserit,
2194 1843 2349 1893 verba
2381 1845 2494 1911 ejus
2528 1846 2583 1897 iu
2611 1846 2703 1899 hoc
2735 1851 2903 1914 capite
2932 1843 2997 1899 ad
3032 1848 3194 1901 Deum
3225 1843 3426 1902 amoris

1917 1909 2093 1987 plena”
2130 1909 2518 1987 demonstrant.
2561 1916 2640 1987 ald
2688 1909 2979 1970 extremum
3033 1918 3317 1987 theologia
3361 1935 3425 1973 ae

1920 1980 2120 2047 angelis
2152 1981 2385 2033 disserit.
2426 1982 2689 2063 Principio
2725 1989 2984 2041 orationis
3010 2028 3025 2052 ,
3062 1980 3421 2057 more'juaton

1922 2064 2039 2100 rum
2060 2087 2075 2111 ,
2111 2060 2391 2103 accusator
2415 2060 2499 2105 sui
2533 2064 2628 2107 est.

1919 2156 2049 2223 Quae
2075 2167 2157 2213 est
2183 2163 2306 2223 ista,
2335 2161 2587 2217 Salvator
2621 2166 2715 2227 mi,
2751 2165 3013 2222 immensa
3043 2167 3420 2223 misericordia

1853 2251 1976 2303 tua?
1999 2249 2284 2314 Quomodo
2319 2269 2402 2307 me
2432 2254 2729 2322 impurum,
2757 2273 2841 2311 Ine
2871 2259 3167 2327 perditum,
3198 2276 3285 2315 me
3309 2260 3424 2315 for-

1853 2343 2150 2409 nicarium,
2190 2343 2301 2397 ﬁeri
2341 2347 2645 2399 membrum
2680 2358 2829 2402 tuum
2862 2349 3424 2417 voluistiiQuomodo

1855 2451 1939 2490 me
1972 2436 2109 2490 stola
2149 2437 2507 2501 lucidissima,
2542 2440 2828 2508 splendore
2857 2443 3295 2498 immortalitatis
3324 2460 3419 2498 co-

1854 2538 2131 2589 rnseante,
2163 2537 2214 2580 et
2261 2528 2439 2581 omnia
2493 2532 2735 2584 membra
2768 2546 2886 2585 mea
2922 2532 3107 2587 lucida
3158 2535 3423 2589 reddente

1854 2619 2158 2673 vestivisti?
2183 2619 2391 2673 Etenim
2424 2636 2623 2689 corpus
2651 2632 2799 2676 tuum
2829 2625 3258 2690 immaculatum,
3290 2628 3424 2681 divi.

1855 2728 2112 2780 numque,
2149 2727 2253 2765 non
2281 2714 2652 2777 eummistum,
2681 2727 2733 2768 et
2770 2719 3125 2771 commistum
3169 2717 3424 2773 ineffabi-

1854 2804 1998 2867 liter,
2023 2812 2191 2855 lotum
2223 2804 2345 2871 igne.
2372 2803 2679 2858 divinitatis
2707 2807 2959 2877 fulgurat.
2990 2807 3052 2862 Et
3083 2810 3184 2864 hoc
3206 2826 3423 2879 quoque

1852 2895 2067 2949 donasti
2104 2896 2256 2959 mihi,
2299 2896 2439 2951 Deus
2472 2912 2647 2951 meus.
2692 2896 2833 2952 Deus
2862 2915 3098 2969 namque
3143 2902 3268 2955 huic
3303 2919 3425 2956 sor-

1853 2988 2004 3052 dido,
2036 2997 2091 3041 et
2124 2990 2391 3042 interitui
2425 2990 2662 3043 obnoxio
2698 2993 3045 3047 tabernaculo
3079 3009 3199 3047 meo
3232 2995 3424 3047 unitur

1855 3096 2055 3147 corpus
2110 3091 2264 3133 tuum
2332 3082 3022 3147 incontaminatissimum,
3077 3093 3129 3136 ct
3197 3087 3422 3154 sanguis

167 3168 293 3220 linis
328 3168 380 3219 in
413 3168 565 3235 ipsis,
588 3170 774 3236 gloria:
805 3180 889 3223 est
925 3172 1156 3226 initium.
1188 3174 1362 3241 Atque
1388 3183 1446 3227 ut
1484 3174 1579 3228 tibi
1611 3190 1743 3229 sen-
1772 3179 1816 3240 C
1854 3188 2007 3226 meus
2054 3173 2415 3242 permiscetur
2468 3176 2722 3241 sanguini
2772 3182 2892 3236 tuo,
2944 3185 3028 3229 sat
3061 3178 3198 3240 scio,
3235 3179 3421 3229 uuitns

167 3275 287 3311 sum
323 3271 675 3329 mentemque
715 3277 888 3315 meam
920 3263 1214 3319 dilucidius
1243 3282 1530 3335 exponam,
1558 3267 1609 3320 in
1639 3268 1744 3322 line

168 3352 447 3405 habebunt
491 3339 925 3421 principium,et
965 3356 1015 3407 iu
1057 3356 1324 3424 principio
1358 3357 1541 3410 linein.
1584 3358 1741 3411 Plus-

167 3458 334 3511 qnam
388 3444 604 3511 plenum
660 3446 899 3514 intellige
932 3447 1089 3508 mibi,
1122 3457 1175 3500 et
1216 3450 1555 3502 accessionis
1598 3449 1742 3502 haud

168 3535 441 3603 indigum,
470 3541 522 3587 et
552 3538 641 3602 qtti
670 3544 918 3600 currunt,
949 3554 1044 3591 eos
1081 3539 1242 3591 linem
1277 3540 1473 3593 infiniti
1510 3557 1617 3595 non
1656 3558 1747 3596 an-

168 3641 462 3681 tevertcre.
510 3629 566 3680 Si
602 3645 838 3698 namque
869 3640 1111 3685 transeat
1144 3635 1344 3686 cmlnm
1385 3634 1527 3687 istud
1551 3676 1564 3698 ,
1601 3636 1744 3705 quod

171 3722 423 3772 ridemus
460 3729 513 3772 et
568 3730 734 3782 terra,
770 3730 822 3772 et
859 3737 980 3789 quae
1012 3723 1063 3775 in
1097 3738 1159 3775 ea
1203 3734 1332 3777 sunt
1362 3727 1550 3778 omnia
1593 3727 1749 3794 (con-

164 3814 309 3876 jecta
343 3814 486 3879 quod
524 3813 658 3877 dixi)
701 3814 804 3865 erit
840 3812 941 3867 loci
974 3817 1420 3883 comprehensio,
1459 3819 1550 3870 ubi
1584 3818 1745 3873 tinem

172 3906 443 3967 invenies,
482 3921 590 3958 non
625 3906 751 3957 dico
783 3920 1131 3975 corporeum,
1168 3910 1262 3961 sed
1292 3911 1477 3963 animo
1508 3912 1746 3980 plenitu-

169 4002 355 4052 dinem
414 4000 600 4052 uiuudi
658 4000 964 4070 incorporei
1012 4004 1216 4070 poteris
1259 4005 1745 4073 comprehendere.

170 4094 285 4144 Nm
320 4104 401 4145 est
445 4105 623 4145 autem
658 4093 915 4154 mundus,
944 4093 1037 4145 sed
1065 4109 1178 4155 aer,
1220 4095 1363 4147 sicut
1392 4106 1550 4149 antea
1596 4115 1607 4149 :
1645 4112 1744 4152 nec

169 4200 283 4245 aer,
311 4182 407 4234 sed
430 4182 814 4236 inenarrabilis
830 4181 999 4251 (quod
1022 4184 1336 4238 universum
1356 4187 1575 4254 vocant)
1592 4189 1752 4257 abys-

168 4291 288 4336 sus,
326 4273 432 4326 line
464 4290 658 4327 carens
691 4275 930 4342 penitus,
956 4277 1242 4344 mqualiter
1274 4276 1514 4345 undique
1542 4285 1653 4331 tota
1683 4295 1747 4332 ex

170 4368 421 4435 partibus
459 4369 721 4435 utrisque.
770 4366 881 4421 lloc
929 4384 1088 4421 omne
1143 4368 1433 4422 divinitate
1480 4372 1749 4437 repletum

170 4469 273 4512 est.
313 4458 420 4523 Qui
456 4474 585 4526 ergo
615 4459 735 4526 ejus
768 4460 1063 4526 participes
1097 4467 1249 4523 sunt,
1278 4467 1332 4512 et
1365 4460 1417 4513 in
1460 4461 1577 4530 ipso
1603 4459 1752 4515 habi-

1850 3278 1970 3316 sum
2007 3263 2169 3317 etiam
2210 3262 2479 3315 divinitati
2515 3273 2641 3326 tuae,
2690 3271 2743 3316 et
2789 3264 3015 3317 ell'ectus
3050 3280 3169 3317 smn
3222 3282 3420 3334 corpus

1850 3366 1998 3408 tuum
2021 3355 2457 3415 mundissimum,
2479 3356 2778 3407 membrum
2811 3353 3093 3424 fulgidum,
3116 3357 3415 3410 membrum

1851 3464 1974 3502 vere
2028 3459 2305 3512 sanetum,
2351 3446 2652 3500 membrum
2709 3450 2866 3516 longe
2904 3448 3156 3509 rutilans,
3200 3447 3421 3515 pelluii-

1848 3542 1998 3604 dum,
2038 3548 2093 3594 et
2142 3539 2457 3608 splendens.
2490 3536 2663 3591 Video
2703 3536 3208 3606 pulchritudinem,
3259 3538 3418 3591 viden

1849 3632 2222 3701 splendorem,
2248 3631 2302 3683 in
2336 3631 2560 3700 speculo
2589 3631 2780 3698 gratia:
2809 3640 2916 3683 tum
2948 3629 3128 3683 lumen
3177 3630 3420 3690 intueor,

1850 3734 1905 3780 ct
1960 3723 2403 3792 inexplicabilem
2463 3720 2728 3791 fulgorem
2762 3722 3111 3789 obstupesco,
3144 3729 3198 3774 et
3247 3731 3425 3773 mente

1850 3818 2077 3876 excedo,
2132 3816 2261 3867 dum
2308 3815 2707 3875 animadverto,
2742 3812 2922 3880 qualis
2970 3812 3202 3874 fuerim,
3244 3812 3422 3881 qualis

1852 3909 2030 3961 factus
2066 3907 2166 3959 sim
2202 3905 2527 3958 mirabiliter
2562 3921 2576 3959 :
2610 3914 2663 3957 et
2696 3908 2878 3967 timeo,
2911 3914 2965 3956 et
3022 3918 3274 3957 revereor
3309 3919 3427 3955 meo

1854 4003 2030 4071 ipsum
2057 4038 2071 4063 ,
2102 4009 2155 4053 et
2188 4009 2443 4068 tauquam
2485 4006 2535 4050 te
2568 4012 2819 4051 rever-eor
2852 4012 2917 4051 ac
2966 4004 3167 4057 metuo,
3201 4004 3257 4048 et
3300 4009 3424 4062 pei-

1851 4095 2044 4163 plcans
2082 4107 2223 4152 sum,
2251 4099 2305 4144 et
2335 4091 2559 4143 omnino
2592 4105 2781 4142 vereor
2818 4088 2904 4142 ubi
2929 4088 3171 4148 sedeam,
3204 4086 3289 4138 cui
3326 4099 3424 4152 ap-

1854 4186 2236 4256 propinquem,
2273 4192 2327 4236 et
2362 4182 2451 4236 ubi
2488 4181 2728 4233 membra
2761 4189 2852 4233 tua
2887 4179 3167 4240 reclinem,
3201 4177 3266 4229 ad
3304 4192 3425 4244 quas

1853 4292 2037 4347 opera,
2071 4287 2135 4329 au
2186 4290 2321 4342 quas
2372 4274 2617 4327 actiones
2659 4282 2767 4325 tam
2827 4272 3227 4325 venerabilibus
3275 4269 3419 4321 divi-

1855 4368 2053 4435 nisque
2090 4364 2351 4418 membris
2393 4364 2607 4416 tandem
2640 4363 2713 4414 uti
2743 4362 2993 4415 debeam.
3022 4359 3094 4411 lla
3127 4361 3255 4412 mihi
3301 4374 3423 4427 qua:

1855 4459 1979 4511 dico
2007 4466 2058 4510 et
2090 4457 2260 4525 loqui,
2298 4464 2351 4509 et
2391 4453 2587 4517 facere,
2613 4470 2645 4506 ο
2685 4452 2904 4536 artifex,
2950 4461 3005 4506 et
3037 4451 3190 4505 lictor
3240 4465 3417 4504 u.eus.

171 4563 291 4603 tant
312 4592 327 4611 ,
370 4549 647 4618 quomodo
679 4559 849 4601 totum
880 4550 1337 4617 complectantur,
1375 4553 1621 4604 utetiam
1661 4567 1748 4604 sa-
1779 4539 1825 4597 Ι)
1855 4554 2010 4616 Nam,
2042 4551 2085 4602 si
2121 4563 2240 4617 qtue
2273 4549 2485 4616 loquor,
2517 4546 2676 4600 factis
2707 4561 2815 4599 non
2847 4554 3065 4613 pratsto,
3089 4542 3265 4596 factus
3295 4558 3419 4606 sum

170 4645 463 4695 turentur?
494 4651 585 4694 aut
627 4640 921 4709 quomodo,
968 4640 1057 4693 dic
1105 4642 1262 4703 mihi,
1320 4643 1480 4694 linem
1549 4642 1747 4695 infiniti

168 4731 436 4803 capient?
487 4731 869 4785 Difﬁcillimum
923 4733 1105 4799 plane,
1151 4742 1205 4785 et
1246 4733 1587 4801 impossibile
1644 4744 1749 4787 est.

172 4825 305 4876 Nam
345 4838 523 4889 neque
555 4823 640 4875 hic
679 4823 728 4874 iu
762 4837 991 4891 corpore
1022 4832 1242 4876 sanctos
1268 4824 1548 4893 degentes,
1577 4839 1750 4891 neque

172 4918 304 4969 illuc
332 4916 385 4967 iu
418 4914 844 4968 Deotranslatos
878 4913 1002 4967 talis
1029 4918 1253 4967 omnino
1274 4916 1532 4983 cegitatio
1563 4916 1751 4968 subire

172 5018 377 5076 potest.
414 5006 756 5074 Obteguntur
790 5020 1031 5073 namque
1071 5003 1273 5057 lumine
1303 5006 1500 5059 divina:
1544 5006 1747 5074 gloria,

171 5099 577 5161 illuminantur,
610 5105 665 5151 et
689 5097 896 5157 lucent,
927 5109 977 5151 et
1014 5097 1367 5150 oblectantur
1426 5097 1481 5149 in
1528 5098 1638 5162 bis,
1695 5106 1750 5151 et

171 5195 359 5247 sciunt
392 5207 516 5246 vere
537 5230 553 5254 ,
591 5190 851 5259 ontnique
879 5200 933 5244 et
959 5190 1116 5259 plena
1153 5188 1255 5243 (ide
1280 5228 1294 5251 ,
1332 5188 1527 5241 borum
1575 5188 1755 5256 perle-

170 5287 414 5340 ctioncm
440 5285 707 5337 inﬁnitam
744 5284 881 5337 fore.
911 5284 949 5335 A
986 5280 1093 5334 Deo
1114 5290 1296 5333 autem
1332 5280 1553 5348 abiecti,
1581 5281 1752 5334 miror

173 5380 263 5433 ubi
303 5379 648 5441 consistent,
690 5377 849 5444 longe
898 5374 1131 5441 sejuncti
1185 5374 1253 5426 ab
1298 5388 1363 5426 eo
1410 5373 1503 5441 qui
1551 5373 1751 5441 ubique

169 5477 275 5524 est.
316 5468 383 5520 Et
413 5483 565 5531 sane,
592 5466 811 5529 fratres,
850 5466 1173 5519 miraculum
1216 5463 1743 5532 obstupescendum,

169 5570 228 5616 et
284 5560 355 5613 ad
380 5559 527 5628 quod
565 5559 701 5613 bene
760 5557 1170 5626 intelligendum
1202 5565 1383 5607 mente
1436 5553 1744 5607 illuminata

168 5668 310 5723 opus
345 5651 437 5713 sit.
483 5660 541 5704 ut
577 5665 681 5705 non
724 5650 933 5704 incidas
967 5650 1017 5701 in
1067 5646 1318 5701 haeresim
1366 5647 1526 5715 quasi
1576 5646 1742 5699 divini

1854 4660 1951 4701 ωε.
1977 4651 2159 4705 acute,
2200 4648 2254 4692 et
2290 4639 2489 4692 frustra
2533 4638 2791 4699 tiuniens,
2822 4645 2874 4689 et
2907 4650 3103 4690 sooum
3153 4636 3415 4702 pulsuum

1856 4735 1994 4789 nihil
2023 4734 2265 4787 sentiens
2298 4730 2340 4785 ’.
2376 4728 2479 4782 Sed
2516 4738 2570 4780 tu
2601 4730 2708 4781 noli
2738 4743 2823 4780 tne
2854 4727 3155 4786 dimittere,
3184 4725 3292 4776 noli
3327 4723 3424 4775 de-

1859 4826 2204 4893 relinquere:
2232 4836 2367 4874 neve
2399 4821 2548 4874 siuas
2574 4820 2830 4872 oberrare
2854 4832 2940 4871 me
2963 4816 3214 4869 Salvator
3242 4831 3421 4875 mens,

1857 4934 1965 4979 tne.
2007 4919 2252 4985 inquam,
2278 4914 2561 4973 miserum,
2596 4912 2929 4971 mendicum,
2957 4924 3020 4962 ac
3052 4911 3421 4977 peregrinum,

1853 5018 1905 5063 et
1940 5007 2125 5061 decem
2187 5004 2417 5057 millium
2468 5004 2798 5055 talentorum
2850 5002 2948 5054 tibi
2984 5000 3288 5053 debitorem
3327 4999 3369 5027 ¹⁹
3404 5014 3418 5049 :

1855 5114 2041 5153 verum
2078 5097 2221 5152 sicut
2249 5096 2399 5159 olim,
2435 5096 2507 5148 ita
2542 5103 2597 5148 et
2620 5110 2767 5147 nunc
2795 5092 2980 5146 facito.
3006 5092 3158 5144 Tunc
3186 5092 3333 5143 enim
3357 5090 3426 5141 ab

1856 5191 2193 5255 han'editate,
2228 5199 2450 5258 totaque
2481 5197 2627 5241 terra
2658 5186 2859 5255 patria,
2905 5192 3080 5254 patre.
3130 5183 3421 5245 fratribus,

1858 5294 2053 5347 matre,
2090 5283 2437 5343 domesticis.
2475 5281 2704 5344 alienis,
2750 5288 2805 5333 et
2844 5278 3095 5347 cognatis
3143 5276 3426 5334 omnibus.

1855 5387 1907 5429 et
1940 5375 2136 5429 amicis
2170 5390 2255 5427 me
2290 5382 2635 5442 precatorem
2664 5409 2680 5435 ,
2721 5379 2776 5427 et
2809 5369 3068 5423 omnibus
3102 5368 3221 5420 istis
3268 5367 3429 5417 vilioc

1857 5482 1968 5521 rem
1997 5466 2523 5535 separasti,tuisque
2544 5465 2688 5517 ulnis
2714 5458 3425 5528 mundissimiscomplexus

1857 5575 1937 5622 es,
1973 5558 2065 5627 qui
2105 5574 2191 5612 me
2225 5557 2487 5611 adversus
2531 5554 2790 5610 beneﬁcia
2824 5564 2917 5609 tua
2949 5554 3220 5624 ingratum
3265 5549 3427 5603 exhi-

1857 5652 2078 5707 bueram
2114 5667 2129 5703 :
2166 5650 2246 5705 sic
2279 5650 2444 5705 etiam
2483 5666 2628 5703 nunc
2665 5658 2721 5701 tu
2758 5647 3078 5702 misericors
3112 5643 3427 5700 miscricor-

242 5837 261 5865 '
303 5832 453 5887 Psal.
494 5833 826 5899 cxxxrx,H.
902 5834 923 5866 '
952 5831 972 5887 1
999 5831 1129 5891 Cor.
1166 5834 1360 5898 mni.
1440 5836 1481 5866 ‘°
1510 5833 1698 5888 Matth.
1748 5848 1901 5891 xx’ttt.
1934 5832 2024 5885 ει.
