4170 6452
776 390 883 452 515

2044 389 2365 447 SYRIEOXI

2471 390 2835 449 .lUNlOltlS
3950 383 4043 450 516

772 510 922 560 diam
960 505 1090 558 mihi
1128 501 1327 567 tribue,
1370 505 1469 559 sic,
1501 502 1749 570 inquam,
1788 502 1895 553 imo
1934 516 2063 553 vero
2101 502 2296 565 magis,
2333 516 2364 550 o
2398 511 2435 561 Α
2472 501 2592 556 il:rc
2646 504 2916 571 subjectio
2962 502 3206 557 omnium
3258 514 3376 569 quae
3432 510 3651 567 aspectu
3713 499 4043 552 sentiuntur.

780 601 919 653 Deus
950 613 1127 662 meus,
1163 606 1215 650 ct
1244 597 1507 649 miserere
1536 594 1662 657 mei,
1691 602 1743 645 et
1776 593 1992 645 custodi
2029 608 2134 656 me,
2160 605 2213 643 et
2247 608 2354 645 non

773 701 957 747 rectos
992 691 1157 744 animi
1191 691 1290 741 mei
1327 690 1566 757 impetus
1609 702 1917 750 couipesm,
1945 694 1998 738 et
2032 686 2095 737 ad
2139 700 2355 737 omnem

777 785 1133 840 tentationem
1165 782 1582 850 molestiamque
1615 780 1736 832 vitze
1784 778 1970 845 hujus,
2010 786 2061 829 et
2108 792 2358 845 quaerun-

775 892 881 945 que
914 876 1029 945 ipse
1066 875 1196 927 mihi
1231 874 1396 927 stulte
1426 887 1575 934 creo,
1606 880 1659 923 t-t
1716 870 1767 922 in
1797 871 2002 939 quibus
2059 883 2141 919 me.
2177 867 2356 919 invida

780 969 1085 1022 Jazmonum
1140 978 1335 1017 natura
1384 971 1578 1027 leniat,
1632 970 1686 1015 et
1740 978 1860 1029 qua:
1914 960 2217 1013 imbecilles
2265 958 2357 1011 isti

775 1057 975 1113 lratrcs
997 1058 1097 1110 mci
1126 1058 1346 1125 pariunt
1372 1055 1503 1107 mihi
1537 1055 1715 1107 verbis
1748 1062 1798 1105 et
1827 1052 2007 1114 factis,
2041 1051 2250 1113 ailuec,
2284 1052 2358 1102 in-

776 1166 964 1218 quam,
1019 1149 1201 1201 omnia
1266 1148 1539 1217 patienter
1584 1145 1907 1215 perferenda
1962 1158 2049 1197 me
2101 1145 2358 1195 idoneum

778 1242 967 1296 redde.
1003 1240 1116 1293 lleu
1153 1254 1261 1302 me,
1293 1238 1418 1307 quia
1452 1238 1697 1289 membra
1731 1251 1849 1288 mea
1892 1243 2229 1288 consumunt
2272 1249 2358 1288 me

777 1342 941 1403 atque
971 1332 1289 1393 coniiciunt,
1333 1342 1385 1383 et
1422 1336 1648 1399 propter
1695 1328 1889 1379 eadem
1940 1341 2157 1377 rursum
2204 1323 2361 1377 doleo

771 1426 1138 1494 lruhorquea
1186 1422 1435 1491 pedibus,
1497 1422 1590 1490 qui
1645 1419 1821 1471 locum
1876 1417 2074 1486 capitis
2127 1418 2359 1469 sortitus

778 1532 921 1571 sum.
969 1516 1167 1569 lncedo
1205 1513 1367 1568 nudis
1400 1513 1650 1581 pedibus,
1682 1519 1737 1562 et
1778 1508 1953 1577 spinis
1991 1522 2356 1575 compuugor,

776 1609 1110 1677 cruciorque
1144 1607 1517 1669 vehementer,
1556 1618 1655 1657 nee
1685 1601 1992 1655 cruciatum
2036 1598 2172 1653 fero.
2209 1600 2361 1652 Alter

776 1703 976 1768 pedum
1018 1713 1263 1754 meorum
1299 1710 1464 1766 porro
1490 1692 1761 1765 procedit,
1804 1693 1943 1745 alter
1976 1692 2172 1744 iterum
2204 1700 2357 1744 retro

775 1795 1139 1856 convertitur,
1175 1792 1280 1844 huc
1311 1791 1439 1844 illuc
1471 1791 1717 1850 tralmnt,
1756 1795 1808 1839 et
1842 1784 2059 1852 rapiunt
2090 1795 2198 1845 me,
2225 1796 2357 1851 sup-

774 1889 1013 1958 plautor,
1045 1894 1098 1941 et
1124 1885 1381 1939 deorsum
1413 1882 1568 1935 cado.
1609 1878 1813 1933 Omnes
1842 1878 2009 1947 igitur
2043 1875 2203 1946 sequi
2242 1889 2354 1929 non

779 1996 1029 2051 possum.
1055 1976 1251 2033 Jaccre
1280 1976 1483 2028 malum
1509 1981 1615 2035 est,
1652 1981 1705 2026 et
1744 1970 2002 2024 incedere
2035 1969 2116 2023 sic
2151 1970 2365 2038 impro-

779 2075 901 2128 vide
925 2072 1169 2126 deterius
1196 2078 1301 2132 est,
1327 2083 1490 2137 quam
1513 2066 1721 2133 jacere,
1744 2065 1964 2131 quando
1996 2077 2189 2115 omnes
2222 2060 2362 2115 alias

776 2168 1117 2221 calamitates
1152 2162 1341 2215 vincit.
1376 2160 1623 2221 Domine,
1652 2156 1853 2226 largire
1882 2156 2014 2209 mihi
2053 2156 2258 2209 luctum
2303 2162 2359 2207 et

775 2258 1287 2327 compunctionem,
1319 2260 1372 2309 et
1394 2253 1620 2320 dignare
1657 2265 1742 2301 me
1774 2250 1983 2302 servire
2018 2246 2141 2309 tibi,
2175 2257 2225 2301 te
2266 2260 2363 2299 co-

778 2361 911 2423 lere,
940 2364 993 2410 et
1024 2368 1242 2409 servare
1266 2359 1454 2405 sancta
1485 2346 1741 2401 mandata
1770 2353 1861 2397 tua
1886 2344 1940 2396 in
1971 2342 2210 2397 tenebris
2239 2341 2364 2394 vitae

780 2451 967 2521 hujus,
987 2450 1113 2516 etin
1147 2445 1351 2499 tnundo
1378 2446 1502 2505 isto,
1528 2442 1618 2509 qui
1652 2440 1892 2495 tristitia:
1925 2439 2078 2491 locus
2102 2434 2367 2491 est.Gra-

779 2545 886 2599 tias
922 2545 1018 2598 tibi
1056 2557 1181 2610 ago,
1213 2555 1338 2594 cum
1365 2538 1531 2593 vitam
1566 2536 1696 2589 mihi
1734 2532 2002 2594 tribuisti,
2031 2531 2365 2597 donastiqua

780 2649 840 2693 ιιι
871 2651 1262 2708 cognoscerem
1289 2675 1303 2699 ,
1335 2645 1389 2688 et
1420 2633 1702 2687 adorarcm
1738 2637 1810 2692 te,
1848 2628 1991 2681 Deus
2024 2641 2204 2680 meus.
2240 2623 2364 2677 llaec

779 2742 865 2789 est
896 2734 1042 2786 enim
1072 2734 1201 2793 vita,
1230 2740 1565 2795 cognoscere
1589 2732 1639 2776 te
1663 2723 1839 2775 solum
1873 2720 2063 2782 Deum,
2090 2726 2147 2773 et
2180 2715 2366 2770 condi-

781 2837 961 2881 torem
1014 2825 1439 2890 eli‘ectoremque
1493 2818 1760 2879 onmium,
1815 2831 1925 2869 non
1974 2824 2160 2868 natum
2191 2852 2204 2874 ,
2256 2827 2364 2866 non

780 2928 1053 2981 creatum,
1090 2917 1266 2970 solum
1301 2914 1511 2981 absque
1553 2909 1844 2978 principio,
1876 2916 1932 2959 et
1984 2904 2187 2957 Filium
2217 2919 2281 2957 ex
2315 2912 2365 2957 te

780 3009 1027 3082 genitum
1072 3008 1137 3070 ”,
1170 3013 1223 3059 et
1273 3003 1656 3072 procedentem
1707 3014 1770 3052 ex
1814 3005 2046 3064 utroque
2099 2994 2366 3063 Spiritum

782 3102 1221 3161 sanctissimum,
1245 3096 1501 3151 omnibus
1523 3092 1959 3162 proscquendam
1983 3088 2237 3142 laudibus
2264 3087 2361 3139 tri-

784 3212 908 3249 nam
940 3194 1227 3255 unitatem,
1258 3204 1420 3260 quam
1461 3190 1691 3243 adorare
1726 3196 1781 3241 et
1814 3184 1901 3255 pie
1933 3185 2135 3247 colere,
2171 3196 2367 3252 quam-
2396 3192 2438 3250 ο

784 3291 868 3343 vis
901 3290 1063 3341 aliam
1099 3285 1329 3356 gloriam
1357 3299 1452 3339 seu
1481 3294 1777 3343 terrenam,
1810 3293 1910 3333 seu
1942 3281 2228 3332 caelestem
2263 3290 2363 3326 an-

785 3384 1018 3441 tecellit.

856 3476 996 3541 Quid
1026 3475 1169 3528 enim
1200 3473 1557 3540 Angelorum,
1587 3469 1715 3537 quid
1746 3464 2236 3535 Archangelorum,
2264 3455 2367 3515 Do-

785 3569 1173 3630 niinationum,
1206 3564 1528 3625 Cherubin),
1566 3572 1619 3617 et
1652 3560 1937 3629 Seraphim
1963 3600 1978 3623 ,
2013 3568 2369 3612 exterarum-

783 3679 892 3732 que
925 3662 1168 3715 omnium
1218 3659 1526 3714 ccelcstiuin
1574 3657 1848 3726 legionum
1897 3653 2068 3724 gloria
2100 3661 2224 3712 est,
2262 3650 2365 3702 nisi

784 3753 968 3809 lumen
999 3750 1456 3812 immortalitatis,
1488 3747 1596 3800 nisi
1629 3746 1912 3816 gaudium,
1950 3743 2053 3797 nisi
2090 3743 2360 3795 illumina-

788 3847 867 3901 tio
910 3847 1035 3898 vita:
1084 3845 1152 3895 ab
1181 3843 1327 3895 omni
1368 3842 1483 3893 {cce
1517 3854 1701 3893 rerum
1742 3840 2103 3891 humanarum
2138 3835 2369 3905 purissi-

785 3936 923 3989 mze?
970 3936 1074 3989 nisi
1110 3950 1279 3988 unum
1326 3934 1510 3987 lumen
1548 3942 1753 3985 sancta:
1785 3929 2076 3983 Trinitatis
2126 3929 2367 3983 divisum

786 4024 1019 4079 indivise
1051 4024 1358 4095 tripliciter,
1399 4022 1548 4092 quod
1599 4038 1767 4074 unum
1805 4030 1887 4074 est
1923 4020 1976 4074 in
2023 4021 2200 4074 tribus
2238 4021 2371 4073 cha~

791 4116 1116 4178 racteribus,
1152 4114 1430 4182 incognite
1465 4112 1745 4181 cognitum
1777 4117 2045 4179 quantum
2076 4108 2234 4161 vult?
2261 4107 2370 4160 Nec

788 4211 933 4262 enim
969 4218 1219 4263 creatura
1252 4206 1570 4261 Creatorem
1612 4206 1694 4259 sic
1733 4213 1905 4258 totum
1945 4209 2126 4273 potest
2168 4216 2372 4271 cogno-

792 4316 967 4367 scere,
1002 4310 1061 4354 ut
1092 4301 1209 4370 ipse
1244 4316 1302 4354 se
1334 4298 1637 4353 secundum
1673 4309 1924 4351 naturam
1963 4311 2119 4349 suam
2159 4311 2369 4365 cogno-

790 4398 896 4450 scit
928 4416 942 4449 ;
980 4395 1075 4448 sed
1141 4409 1235 4463 per
1284 4394 1515 4463 gratiam
1569 4406 1763 4445 omnes
1812 4390 2013 4458 angeli,
2078 4390 2372 4457 omnisque

789 4498 974 4544 creata
1010 4496 1204 4541 natura
1237 4502 1360 4540 eum
1396 4486 1582 4539 vident
1631 4495 1684 4539 et
1717 4484 2041 4553 intelligunt.
2076 4480 2185 4536 Nec
2222 4498 2372 4536 com-

791 4579 1161 4651 prehendunt,
1194 4576 1287 4631 sed
1316 4575 1644 4643 intelligunt,
1669 4584 1940 4644 quatenus
1973 4575 2154 4626 lumen
2183 4573 2367 4637 cazeis,

790 4681 885 4726 aut
917 4673 1078 4726 etiam
1117 4673 1275 4740 plane
1309 4669 1621 4723 videntibus
1665 4666 2005 4721 manifestari
2032 4704 2047 4728 ,
2100 4676 2155 4720 et
2197 4666 2266 4720 ab
2299 4666 2366 4720 iis

787 4761 1044 4831 COgIIOSCi
1091 4760 1346 4815 valuerit.
1386 4758 1518 4812 Nam
1560 4758 1749 4813 oculus
1771 4762 1979 4827 absque
2017 4758 2225 4811 lumine
2256 4772 2368 4811 non

790 4856 955 4917 videt,
980 4854 1073 4908 sed
1109 4862 1165 4907 ιιι
1195 4853 1360 4907 etiam
1388 4853 1589 4917 videat,
1615 4852 1871 4905 alumine
1899 4851 2120 4920 accipit,
2146 4851 2367 4921 quando

790 4946 858 4999 ab
911 4947 1028 5013 ipso
1073 4960 1292 5013 quoque
1330 4943 1632 4997 fabricatus
1678 4952 1785 4997 est.
1830 4942 1938 4996 Seu
1994 4957 2364 5012 corporeum,

791 5051 887 5088 Scu
921 5036 1334 5104 incorporeum,
1370 5036 1555 5088 omnia
1587 5036 1728 5087 Deus
1759 5034 1908 5097 fecit,
1949 5051 2068 5103 qua:
2098 5035 2153 5087 in
2185 5036 2366 5097 cmlis,

790 5133 844 5177 ct
883 5140 1005 5192 qua:
1041 5126 1093 5177 in
1122 5125 1285 5179 terris
1320 5133 1372 5178 et
1398 5140 1517 5193 qua:
1550 5124 1602 5178 in
1640 5125 1854 5194 abyssis
1886 5134 2039 5179 sunt.
2075 5123 2139 5177 Et
2170 5127 2365 5179 horum

790 5215 1037 5267 omnium
1092 5230 1199 5267 una
1250 5215 1357 5269 vita
1397 5226 1450 5267 et
1499 5216 1705 5285 gloria,
1760 5232 1927 5268 unum
1981 5216 2317 5270 desiderium
2354 5255 2369 5279 ,

794 5319 964 5355 unum
1003 5320 1257 5372 regnum,
1292 5305 1517 5369 divitiae,
1549 5305 1832 5374 gaudium.
1858 5320 2086 5371 corona,
2114 5307 2367 5371 victoria,

794 5409 923 5462 pax,
965 5402 1019 5448 et
1051 5396 1233 5449 oumis
1260 5395 1426 5450 decor
1463 5414 1571 5450 non
1604 5398 1744 5451 alius
1780 5409 1883 5460 est,
1917 5414 2083 5467 quam
2126 5400 2367 5468 cognitio

792 5483 1049 5554 principii
1086 5495 1138 5541 et
1170 5503 1353 5541 causa:
1382 5489 1523 5543 unde
1549 5489 1815 5557 producta
1847 5500 1902 5544 et
1932 5500 2051 5545 orta
2086 5503 2216 5545 sunt
2250 5508 2369 5545 our-

794 5579 907 5633 nia.
938 5577 1060 5633 llzec
1080 5591 1163 5633 est
1190 5583 1535 5651 superiorum
1575 5582 2009 5655 inferiorumque
2029 5587 2369 5655 conjunctio.

795 5669 921 5727 Huic
940 5670 1079 5727 ordo
1112 5675 1357 5729 omnium
1394 5691 1513 5744 qua:
1558 5676 1913 5750 intelligentia
1959 5680 2361 5748 percipiuntur.

868 5854 905 5883 ¹¹
950 5851 1103 5907 Joan.
1176 5853 1387 5916 “11,3.

2397 4554 2448 4613 D

2465 596 2613 649 llam:
2663 596 2972 650 habuerunt
3025 594 3202 665 angeli
3245 602 3421 647 status
3480 594 3565 649 sui
3615 592 4044 650 ﬁrmitmlinem,

2462 704 2585 741 cum
2615 688 2877 742 Satanam
2906 696 2962 741 et
2988 688 3171 741 socios
3197 686 3340 755 ejus,
3363 686 3621 756 Opinione
3650 688 3859 749 inilita,
3890 700 4045 753 quam

2461 784 2528 836 tle
2565 794 2737 836 semet
2771 784 3046 837 habebant
3089 783 3375 848 seductos,
3409 784 3477 836 de
3518 782 3655 835 caalo
3688 781 3889 834 cadere
3927 794 4045 832 cer-

2463 878 2673 934 nentes,
2708 872 3025 937 cognitione
3089 880 3143 925 ct
3182 872 3380 925 timore
3411 873 3557 925 aucti
3587 880 3743 925 sunt.
3777 871 3883 934 Qui
3911 871 4046 921 enim

2463 962 2629 1029 hujus
2672 972 2887 1015 tantum
2921 964 3076 1016 obliti
3119 974 3271 1020 sunt.
3315 964 3479 1017 etiam
3517 964 3755 1015 elatione
3799 964 4047 1014 volunta-

2465 1055 2543 1106 ria
2586 1054 2931 1109 deciderunt.
2967 1056 3197 1119 Contra,
3232 1057 3325 1125 qui
3376 1055 3519 1108 istud
3554 1062 3963 1123 Cognovernnt,
3992 1055 4052 1103 ti-

2468 1147 2607 1200 meri
2650 1148 3019 1217 charitatique
3049 1148 3416 1211 adhmrentes,
3448 1148 3670 1201 cxaltati
3707 1161 3859 1201 sunt.
3900 1146 4047 1198 l'ndr

2464 1240 2709 1307 cognitio
2766 1239 3063 1295 Dominica:
3119 1242 3403 1311 potestatis
3455 1242 3781 1294 charituteni
3832 1253 4049 1305 quoque

2465 1332 2838 1399 ampliﬁcavit,
2867 1334 3126 1403 quoniam
3161 1335 3350 1403 plures
3399 1333 3563 1387 etiam
3598 1346 3892 1386 coruscum
3934 1330 4054 1383 Tri-

2465 1424 2652 1481 uitatis
2678 1426 2943 1494 fulgorem
2970 1427 3320 1483 manifestius
3350 1424 3627 1485 videbant,
3666 1434 3720 1478 et
3754 1423 3903 1477 istud
3938 1438 4056 1475 rur-

2464 1533 2582 1572 sum
2622 1536 2839 1574 onmem
2875 1522 3037 1574 aliam
3082 1522 3469 1589 cogitationem
3523 1518 3897 1579 excludebat,
3960 1517 4058 1567 im—

2468 1614 2871 1684 mutabilesque
2916 1616 3151 1669 faciebat
3192 1629 3288 1669 eos
3319 1615 3413 1683 qui
3438 1615 3507 1668 ab
3541 1614 3699 1667 initio
3731 1609 4053 1665 mutabilem

2468 1711 2718 1756 naturam
2750 1714 3096 1777 acceperant,
3133 1707 3185 1761 in
3214 1704 3555 1761 sublimitate
3582 1702 3899 1758 emicatium
3935 1714 4057 1769 p-rr-

2464 1804 2770 1851 manentes.

3052 1909 3285 1966 CAPUT
3364 1912 3464 1969 IV.

2454 2026 2543 2081 ‘Da
2589 2042 2708 2081 vero
2738 2026 2997 2078 monac/io
3044 2035 3092 2078 et
3122 2026 3240 2094 ejus
3273 2025 3461 2093 o/ﬁcio.
3495 2024 3577 2079 Ad
3611 2036 3870 2094 quantum
3926 2040 4056 2077 cou-

2674 2096 3032 2163 templationis
3057 2096 3335 2165 fastigium
3366 2098 3476 2163 ipse
3516 2097 3838 2150 ascenderit.

2535 2188 2862 2258 Quicunque
2892 2190 3196 2245 monachus
3222 2201 3329 2254 est,
3366 2190 3569 2245 mundo
3604 2206 3663 2245 se
3694 2205 3801 2243 non
3840 2189 4055 2249 llilSt‘t'l,

2465 2289 2519 2334 et
2550 2296 2674 2334 cum
2706 2282 2825 2336 solo
2864 2280 2972 2337 Deo
3009 2292 3273 2353 perpetuo
3304 2291 3577 2338 versatur.
3618 2281 3795 2344 Videt,
3818 2281 4053 2336 et'dee-

2470 2385 2580 2439 tur,
2626 2385 2794 2441 amat,
2832 2385 2886 2429 et
2919 2385 3157 2431 amatur;
3188 2376 3273 2429 Fit
3304 2376 3508 2441 lumen,
3560 2376 3750 2430 lucens
3781 2384 4055 2443 quantum

2468 2471 2649 2524 verbis
2676 2469 2951 2525 declarari
2996 2487 3105 2525 non
3146 2479 3349 2541 potest.
3384 2471 3744 2530 Praedicatus.
3780 2471 3957 2539 magis
4001 2484 4056 2522 se

2470 2562 2783 2618 mendicum
2840 2573 3079 2633 reputat,
3131 2575 3185 2619 et
3235 2566 3533 2619 conciliata
3593 2564 3697 2619 sibi
3754 2566 4054 2617 multorum

2469 2656 2737 2722 amicitia,
2776 2657 2951 2711 instar
3007 2657 3246 2728 hospitis
3300 2674 3363 2712 ac
3418 2658 3693 2728 peregrini
3750 2667 3853 2712 est.
3922 2655 4054 2709 llem

2470 2764 2672 2802 novum
2720 2764 2973 2818 prorsus,
3025 2764 3078 2805 et
3117 2752 3265 2821 quod
3320 2766 3433 2805 non
3486 2754 3669 2821 possis
3724 2763 3811 2805 sat
3868 2751 4054 2820 eloqui

2472 2842 2827 2898 miraculum.
2878 2844 2935 2898 ln
2975 2846 3266 2901 immensis
3298 2847 3496 2917 Opibus
3530 2862 3743 2915 pauper
3774 2861 3898 2900 sum
3937 2865 3951 2899 :
4006 2854 4059 2899 et

2469 2950 2594 2989 cum
2631 2935 2943 3004 possideam
2974 2937 3230 3006 plurima,
3287 2938 3421 2991 nihil
3457 2938 3657 2992 habere
3692 2953 3777 2990 me
3812 2947 3969 3005 puto,
4007 2947 4059 2989 et

2472 3028 2524 3082 in
2559 3044 2826 3098 aquarum
2862 3031 3021 3100 copia
3055 3030 3211 3085 sitire
3245 3047 3329 3085 me
3356 3032 3642 3101 proﬁteor.
3679 3029 3742 3084 Et
3770 3032 3899 3101 quis
3921 3030 4059 3083 mihi

2472 3124 2864 3194 suppeditabit,
2901 3140 3010 3193 quo
3046 3125 3311 3181 abundo?
3353 3134 3408 3180 et
3441 3126 3533 3180 ubi
3565 3125 3864 3186 inveniam,
3889 3139 4059 3193 quem

2472 3218 2721 3288 quotidie
2755 3220 2973 3274 cerno?
3011 3230 3067 3275 ct
3106 3221 3390 3289 quomodo
3439 3221 3623 3290 potiar
3656 3235 3721 3273 eo
3751 3218 3844 3288 qui
3882 3219 3940 3270 in
3976 3231 4061 3270 ure

2472 3321 2525 3364 et
2549 3321 2704 3364 extra
2739 3314 3004 3366 mundum
3056 3315 3189 3368 est?
3229 3328 3459 3383 prorsus
3490 3313 3634 3366 enim
3669 3326 3780 3364 non
3818 3310 4056 3363 videtur.

2472 3405 2576 3470 Qui
2626 3406 2793 3459 habet
2844 3422 3008 3461 aures
3062 3408 3344 3474 audiendi,
3405 3407 3616 3472 audiat,
3671 3405 3838 3476 probe
3890 3402 4057 3458 verba

2471 3494 2743 3549 illitti-rati
2778 3496 3120 3566 intelligens.
3750 3510 3753 3511 ⁷

3073 3611 3306 3669 CAPUT
3386 3612 3450 3668 V.

2477 3724 2731 3778 Doctrina
2775 3726 2844 3777 ad
2888 3728 3196 3788 nronachos,
3264 3729 3352 3794 qui
3396 3742 3574 3779 rei-em
3622 3726 3839 3789 mundo,
3894 3739 3946 3781 et
3994 3730 4062 3781 iis

2584 3812 2663 3847 ua:
2695 3796 2748 3845 in
2786 3797 2981 3849 mundo
3029 3808 3178 3855 sunt,
3231 3798 3478 3848 nuntium
3520 3799 3855 3849 remiserunt.
3906 3801 4064 3861 Qua-

2569 3882 2648 3917 em
2685 3865 2841 3987 (fidlem
2873 3868 2992 3933 quis
3023 3883 3149 3936 erga
3179 3865 3392 3920 Patrem
3419 3883 3570 3919 suum
3605 3866 3942 3935 spiritualem
3972 3884 4065 3936 ge-

2569 3952 2663 3987 ere
2723 3951 2748 3987 e
2786 3946 2894 3987 eat.

2548 3952 2663 3988 rere
2685 3946 2894 3993 debeat.

2548 4026 2809 4081 Mundum
2839 4036 3039 4093 totum,
3077 4039 3131 4082 et
3156 4029 3408 4084 homines
3432 4030 3595 4099 hujus
3619 4030 3808 4083 mundi
3838 4030 4061 4094 desere,

2476 4122 2767 4191 solumque
2797 4122 3015 4175 beatum
3048 4122 3254 4176 luctum
3294 4139 3537 4182 assume.
3573 4133 3623 4175 et
3660 4130 3870 4175 tantum
3909 4137 4064 4177 com-

2478 4215 2645 4266 missa
2687 4216 2785 4267 abs
2816 4223 2868 4268 te
2900 4224 3128 4283 peccata
3164 4216 3466 4269 lamentare
3496 4233 3507 4266 :
3546 4215 3807 4283 quoniam
3867 4214 3975 4269 ista
4013 4225 4065 4269 te

2477 4308 2720 4360 omnium
2756 4309 3044 4363 conditore
3079 4308 3328 4369 Christo,
3354 4319 3406 4361 et
3442 4311 3709 4363 societate
3741 4320 4063 4363 sanctorum

2478 4398 2600 4467 ejus
2632 4400 3040 4467 spoliaverunt.
3081 4397 3287 4451 Praeter
3326 4399 3438 4452 lucc
3474 4397 3611 4451 nihil
3649 4398 3749 4450 tibi
3785 4413 3935 4451 curm
3967 4399 4064 4452 sit.

2480 4490 2624 4555 Quin
2657 4491 2820 4543 etiam
2858 4506 3066 4560 corpus
3102 4500 3256 4545 tuum
3310 4500 3367 4543 ut
3420 4490 3665 4561 ignotum
3715 4506 3777 4544 ac
3819 4490 4067 4561 pcregri-

2478 4603 2609 4640 nuru
2648 4586 2871 4651 habeto,
2905 4595 2959 4639 et
2996 4586 3209 4648 oculos,
3245 4585 3412 4639 veluti
3446 4586 3872 4646 condemnatus,
3905 4592 3961 4638 et
3995 4585 4063 4636 ad

2480 4689 2714 4733 mortem
2744 4677 3130 4746 excipiendam
3164 4677 3493 4745 procedens,
3549 4677 3699 4730 humi
3736 4677 3935 4745 dejicc.
3981 4677 4064 4729 Ab

2480 4772 2589 4825 imo
2622 4778 2842 4841 pectore
2873 4772 2978 4824 duc
3015 4773 3251 4841 gemitus
3290 4769 3536 4832 assiduo,
3576 4781 3628 4823 ct
3665 4768 3858 4823 faciem
3910 4780 4062 4823 tuam

2481 4865 2740 4931 lacrymis
2774 4863 3046 4917 duntaxat
3098 4864 3311 4932 prolue,
3363 4865 3554 4931 pedes,
3607 4864 3696 4931 qui
3735 4862 3799 4914 ad
3854 4864 4061 4915 malum

2478 4961 2887 5017 cucurrerunt,
2965 4953 3286 5021 neutiquam
3349 4953 3486 5006 velis
3548 4951 3847 5021 aliquando
3917 4968 4061 5022 aqua

2480 5048 2728 5098 abluere.
2766 5044 2911 5099 Sane
2955 5059 3083 5098 vcro
3117 5047 3281 5097 etiam
3334 5061 3530 5097 manus
3586 5052 3709 5097 tuas
3742 5055 4062 5098 contractas

2480 5136 2639 5198 habe,
2689 5149 2893 5203 easque
2945 5136 3292 5204 impudenter
3348 5137 3413 5187 ad
3462 5134 3627 5187 Deum
3686 5150 3753 5189 ne
3799 5137 4060 5197 extcude,

2474 5243 2615 5296 quas
2667 5228 2733 5281 ad
2768 5238 3053 5297 peccaturo
3108 5242 3486 5297 saepenumero
3559 5229 3883 5284 extendisti.
3935 5230 4063 5282 Lit.-

2474 5335 2639 5388 guam
2676 5320 2943 5374 lubricam
2983 5334 3179 5373 coerce
3214 5334 3312 5388 pro
3366 5319 3512 5371 virili
3545 5336 3556 5371 :
3598 5328 3683 5374 est
3738 5323 3888 5374 enim
3946 5324 4061 5389 ipsa

2477 5416 2655 5469 ia-ilis
2702 5416 2770 5468 ad
2801 5425 3107 5484 peccatum,
3176 5426 3228 5467 et
3290 5430 3384 5483 per
3419 5414 3590 5482 ipsam
3648 5416 3823 5469 solam
3892 5418 4053 5467 etiam

2483 5507 2661 5569 multi,
2713 5515 2765 5557 et
2819 5508 2995 5575 magni
3052 5507 3152 5558 viri
3189 5523 3215 5559 a
3258 5518 3407 5560 recto
3463 5507 3659 5561 itinere
3712 5509 4060 5569 aberrantes,

2484 5612 2711 5664 regnum
2745 5598 3009 5651 ccelorum
3064 5600 3443 5667 perdiderunt.
3487 5600 3592 5653 Sed
3627 5610 3753 5655 ante
3796 5606 3913 5672 sepi
3967 5622 4062 5656 au-

2482 5705 2567 5740 ris
2612 5698 2753 5749 tuas,
2798 5702 2855 5744 ut
2887 5691 3021 5744 nihil
3079 5700 3236 5760 turpe
3268 5707 3330 5746 ac
3361 5707 3561 5748 vanum
3620 5695 3889 5750 audiant:
3948 5707 4057 5750 tuin
