4170 6452
148 376 251 441 517

1222 375 1657 437 DIVINORUM
1692 376 2022 438 AMORUM
2063 377 2310 438 LIBER.

3298 378 3401 441 5|8

149 488 394 541 fortasse
428 496 479 540 ct
514 486 639 539 huic
671 482 990 553 imperabis.
1038 482 1218 539 Patris
1270 487 1349 540 tui
1392 487 1722 543 admonitio-
1755 499 1797 551 Α
1828 504 1955 543 num
1987 503 2139 559 gero,
2177 505 2240 543 ex
2295 490 2794 558 persccntionibns,
2837 499 2890 544 et
2947 490 3148 544 invidia
3205 507 3399 546 eorum

148 578 319 629 nibus
349 575 731 628 tantummodo
760 575 1029 637 ausculta,
1057 576 1107 628 ei
1138 576 1416 629 humiliter
1436 581 1725 646 responde,

148 677 204 720 et
236 683 350 719 non
388 682 549 720 secus
572 682 735 736 quain
766 666 876 719 Deo
903 668 1136 735 cogitata
1171 667 1368 720 mentis
1395 676 1523 731 tuac,
1558 684 1730 737 usque

150 760 216 812 ad
280 760 492 828 primos
555 770 737 813 motus
785 760 995 828 detege,
1057 768 1192 813 nihil
1248 762 1401 815 ilium
1443 764 1580 825 cela,
1632 780 1732 819 nec

152 851 361 919 aliquid
415 866 479 904 eo
518 853 735 904 nolente
788 854 990 920 incipe,
1045 867 1179 906 neve
1210 870 1275 908 eo
1322 857 1492 910 invito
1528 859 1728 918 dormi.

152 958 292 993 neve
345 942 593 1005 comede,
655 957 790 995 neve
846 943 987 999 hibe.
1037 945 1170 997 Cum
1227 949 1339 999 litec
1392 949 1453 1000 ad
1519 956 1731 1017 tempus

154 1034 651 1100 prarstitei-is,iiiliil
687 1038 942 1086 cxunium
983 1038 1303 1104 pnestitisse
1337 1047 1390 1091 te
1425 1042 1727 1107 judicabis.

152 1125 207 1178 In
270 1129 477 1180 sudore
542 1136 598 1180 ιιι
643 1128 885 1195 quidem,
937 1139 988 1182 et
1044 1130 1368 1185 lassitudine
1423 1134 1728 1197 seiuinaSti,

155 1226 401 1271 nonduin
443 1229 620 1271 tamen
658 1221 904 1275 laborum
959 1231 1176 1274 tuorum
1215 1222 1457 1276 fructum
1501 1224 1732 1294 collegi-

153 1314 243 1366 sti.
278 1311 357 1366 Ne
387 1312 576 1365 fallare
606 1314 790 1382 igitur,
825 1324 915 1366 ant
942 1316 1086 1383 quod
1118 1316 1339 1385 (IlliEllS,
1370 1326 1418 1370 te.
1453 1319 1732 1370 invenisse

153 1406 371 1465 eredas,
408 1408 725 1474 priusquam
782 1407 1100 1474 spiritnales
1142 1411 1329 1463 oculus
1378 1411 1729 1476 acquisieris,

156 1504 209 1547 ct
244 1512 411 1549 aures
450 1496 635 1550 cordis
667 1498 739 1548 tui
776 1498 1038 1567 lacryinis
1081 1502 1211 1558 tuis.
1256 1500 1419 1554 elutis
1449 1502 1572 1555 inde
1612 1518 1732 1555 sor-

160 1588 327 1639 uitins
382 1587 701 1655 purgaveris
748 1588 1213 1658 spiritualiterqtie
1253 1589 1464 1655 videas,
1525 1599 1578 1644 et
1632 1605 1731 1645 att-

158 1679 300 1741 tiias,
333 1689 386 1731 et
416 1680 669 1733 sensibus
707 1682 924 1746 penitus
971 1682 1245 1733 immutari
1285 1683 1531 1750 incipias.
1568 1681 1732 1737 Vide-

160 1769 244 1823 bis
294 1770 443 1822 enim
476 1771 779 1837 complura,
821 1786 943 1840 quae
995 1770 1174 1824 cﬂerri
1210 1784 1511 1843 nequeunt,
1550 1783 1603 1827 et
1638 1790 1729 1827 an-

159 1861 275 1914 dies
338 1862 496 1931 longe
562 1863 738 1930 plttra,
807 1878 982 1927 eaque
1043 1866 1307 1932 ingentia,
1379 1882 1498 1935 quae
1550 1868 1732 1935 lingua

159 1953 472 2023 evptiinere
501 1970 606 2006 non
642 1955 869 2021 poteris.
906 1956 1036 2009 Mira
1078 1957 1265 2026 igitur,
1300 1966 1352 2011 et
1382 1960 1734 2013 veneratione

160 2048 320 2116 digna
391 2062 503 2107 res,
560 2047 922 2115 spii-ititaliter
976 2049 1195 2112 audire,
1259 2059 1313 2103 et
1374 2050 1734 2117 Spiiitnaliter

160 2152 380 2204 quoque
413 2138 616 2199 videre,
646 2138 1034 2191 miraculorum
1066 2139 1386 2190 niaximum.
1407 2136 1733 2193 Talishonzo

161 2230 298 2282 nihil
353 2244 474 2281 cum
522 2244 688 2282 carne
736 2232 1098 2300 conjunctnm
1135 2246 1374 2298 utiquam
1428 2232 1650 2298 cogitat,
1683 2240 1737 2285 et

162 2335 367 2374 terram
398 2322 596 2384 calcat,
633 2339 695 2375 ac
727 2324 769 2375 si
812 2340 904 2392 per
942 2339 1123 2376 aerem
1164 2325 1567 2387 ingrederetur,
1620 2338 1735 2375 oni—

162 2416 365 2483 iliaque
396 2416 460 2466 ad
500 2417 605 2466 i‘llil
652 2414 881 2468 Tartara
912 2432 1087 2483 usque
1121 2418 1319 2479 cernit,
1353 2424 1407 2469 et
1440 2430 1558 2484 quin
1594 2414 1734 2469 facta

164 2515 313 2567 Sttttt,
369 2508 629 2575 perspitit
680 2509 883 2562 omnia.
953 2508 1119 2562 Deum
1174 2510 1482 2573 cognoscit,
1542 2511 1735 2563 timore

163 2598 505 2655 percellitur.
557 2608 602 2651 et
646 2608 699 2650 ttt
735 2598 1072 2651 conditorem
1109 2601 1361 2669 precilzits
1419 2610 1731 2656 veneratur.

165 2702 326 2758 atque
348 2691 637 2760 gloriﬁeat.
668 2691 916 2760 Magnum
951 2701 1033 2745 est
1059 2708 1217 2760 porro
1238 2707 1417 2751 uo~se,
1441 2706 1603 2758 quam
1632 2691 1738 2745 late

166 2791 373 2850 pateat,
409 2791 463 2833 et
495 2784 653 2851 quale
684 2783 753 2835 sit
800 2782 923 2850 ejus
983 2784 1308 2850 imperium:
1362 2783 1509 2851 quod
1560 2799 1739 2851 quan-

163 2890 328 2944 quam
383 2890 572 2928 omnes
622 2889 779 2929 nosse
828 2891 890 2928 se
947 2875 1283 2939 existiment,
1322 2883 1507 2928 eri-ant
1559 2886 1737 2929 tamen

169 2968 416 3036 plurimi,
451 2984 517 3020 ne
549 2968 758 3020 dubita.
820 2966 931 3020 Soli
971 2967 1263 3019 illnniinati
1297 2968 1441 3020 istud
1483 2977 1688 3021 norunt
1721 2985 1735 3021 :

167 3059 365 3128 reliqui
396 3060 633 3112 universi
666 3059 719 3128 (ο
750 3059 942 3113 fmdam
976 3060 1339 3127 ignorantiam
1366 3061 1406 3125 l)
1439 3059 1572 3126 ipsis
1603 3075 1740 3129 quo-

166 3168 270 3221 que
296 3150 637 3219 daemonibus
672 3151 879 3217 majore
917 3157 1208 3204 versantur
1245 3149 1296 3201 itt
1334 3150 1592 3219 caligine.

232 3245 535 3306 Caeterum,
565 3258 596 3296 ο
635 3243 860 3295 Domine
892 3250 945 3295 et
973 3242 1193 3294 molitor
1225 3240 1492 3306 omnium,
1530 3242 1618 3309 qui
1654 3256 1739 3296 me

164 3351 193 3391 e
222 3343 370 3390 terra
401 3334 628 3387 mortale
669 3333 867 3387 animal
904 3332 1183 3398 creavisti,
1220 3342 1273 3385 et
1305 3332 1477 3399 gratia
1513 3332 1740 3385 immor-

167 3426 259 3479 tali
298 3426 610 3488 lintiorasti,
645 3423 953 3487 dcdislique
986 3422 1189 3486 vivere,
1226 3422 1397 3489 loqui,
1433 3430 1483 3474 et
1513 3422 1737 3485 moveri,

165 3525 218 3568 et
252 3514 537 3568 celebrare
570 3512 760 3565 laudes
792 3521 915 3564 tuas
944 3512 1327 3564 universorum
1357 3511 1596 3577 Domini,
1626 3514 1740 3579 ipse

167 3616 247 3671 tu,
299 3607 362 3659 da
401 3607 533 3657 mihi
584 3607 785 3657 misero
819 3614 945 3657 ante
998 3614 1049 3657 te
1101 3605 1396 3671 prosterni,
1448 3612 1498 3655 et
1549 3619 1739 3671 rogare

165 3698 557 3753 conditi-entia.
612 3694 824 3748 Etenim
867 3696 1142 3760 quomodo
1178 3695 1227 3746 iii
1277 3694 1420 3746 hunc
1474 3696 1736 3747 mundum

170 3793 472 3860 productus
523 3790 648 3851 sim,
702 3798 754 3840 et
798 3787 925 3855 qttid
983 3789 1085 3839 ista
1142 3788 1275 3845 sint,
1337 3802 1457 3853 qua:
1494 3788 1739 3840 homines

165 3897 291 3935 esse
332 3890 544 3946 rentur,
578 3893 679 3947 ego
715 3878 919 3930 nescio.
954 3876 1085 3941 Qnre
1117 3878 1183 3929 sit
1212 3879 1344 3930 visio
1370 3894 1506 3940 inea,
1538 3893 1571 3930 ο
1599 3877 1739 3931 Dens

170 3990 347 4027 metis.
382 3971 513 4039 quid
558 3986 678 4036 qum
718 3972 1079 4038 aspiciuntur,
1117 3970 1298 4023 dicere
1333 3985 1565 4037 licqtleo.
1600 3969 1738 4034 Quid

169 4068 239 4117 ita
294 4063 588 4115 stultitiam
640 4061 918 4112 induimus
965 4062 1211 4112 homines
1259 4060 1523 4116 universi.
1572 4069 1624 4112 et
1672 4059 1739 4112 de

169 4157 336 4211 rebus
388 4154 699 4222 iudicamus
754 4151 1086 4220 perperam?
1127 4150 1254 4204 Ileri
1304 4151 1540 4219 primum
1595 4151 1736 4212 veni,

168 4263 295 4303 cras
328 4246 549 4307 recedo,
582 4253 635 4295 et
684 4258 765 4295 me
798 4243 885 4295 hic
921 4242 1286 4294 immortalem
1326 4242 1441 4294 fore
1478 4242 1736 4295 arbitror.

170 4341 356 4393 Palam
393 4353 479 4391 me
512 4338 711 4389 habere
745 4344 797 4388 te
832 4336 996 4389 Deum
1029 4335 1319 4397 conﬁteor,
1366 4332 1526 4387 factis
1556 4344 1738 4388 autem

167 4443 217 4485 te
247 4444 389 4498 nego
418 4428 662 4497 quotidie
697 4428 758 4479 ".
818 4425 991 4478 Doceo
1052 4434 1104 4479 te
1154 4436 1426 4479 auctorem
1458 4442 1581 4480 esse
1627 4441 1741 4479 om-

1831 582 1921 649 qui
1958 582 2011 635 iii
2045 582 2245 635 cvsilto
2279 581 2408 633 tttilti
2445 582 2691 634 curando
2736 580 3062 650 tragmdiam
3106 583 3398 649 quamdam

1832 673 2102 727 dederunt
2132 691 2145 726 :
2190 682 2305 733 ulti.
2341 683 2399 726 et
2433 674 2621 727 verius
2661 674 2864 737 dicam,
2899 674 3396 739 lienenterentinm,

1834 766 2208 830 dominorum,
2241 778 2296 821 et
2328 781 2452 820 vere
2502 768 2802 820 allliCOI'il'll
2857 782 3123 820 meorum.
3162 766 3401 831 Quibus,

1833 855 2051 910 Christe
2079 873 2255 919 mens,
2290 874 2387 927 pro
2419 858 2575 909 malis
2603 859 2740 911 bona
2780 858 3018 925 repende
3045 860 3400 929 Senipitei-na,

1833 948 1987 1006 ditia.
2016 957 2070 1002 et
2102 948 2303 1011 divina,
2337 964 2458 1018 qum
2487 958 2537 1000 te
2577 948 2951 1017 diligentibus,
2996 956 3048 1001 et
3097 964 3163 1002 ex
3215 950 3402 1002 animo

1834 1037 2281 1092 desiderantibus
2308 1040 2359 1091 iii
2393 1038 2593 1092 saecula
2637 1038 2964 1092 saeculorum
2999 1040 3363 1095 constituisti.

2422 1145 2650 1201 CAPUT
2729 1146 2816 1201 Vl.

1835 1261 2238 1327 Prmrptiours,
2272 1262 2457 1327 quibus
2491 1271 2604 1327 tyro
2634 1264 2922 1315 monachus
2955 1280 3045 1316 ceu
3081 1262 3323 1317 duribus.
3350 1273 3401 1315 et

1905 1336 2040 1383 vium
2078 1334 2434 1384 munientibus
2466 1336 2531 1383 ad
2565 1334 2933 1398 perfectionem
2970 1345 3140 1385 status
3168 1335 3248 1385 uti
3278 1350 3403 1385 cou-

1908 1404 2116 1453 teudci‘e
2145 1405 2384 1453 ducetur.

1905 1494 1944 1545 Λ
1984 1494 2226 1558 Christo,
2260 1506 2311 1549 et
2365 1494 2595 1549 ferventi
2657 1495 2761 1549 fide
2797 1493 2960 1548 ducto
2996 1494 3285 1564 principio,
3321 1495 3401 1548 sic

1836 1598 1865 1636 a
1900 1584 2103 1637 mundo
2144 1586 2358 1647 secede,
2390 1594 2441 1638 et
2487 1585 2609 1655 fuge
2642 1595 2908 1655 cognatos
2938 1598 3062 1638 cum
3095 1586 3288 1639 amicis
3324 1586 3402 1653 {id

1836 1678 1981 1729 enim
2018 1677 2331 1730 commodat
2361 1678 2792 1745 incipientibus),
2817 1688 2869 1731 et
2895 1678 3074 1732 nudus
3107 1694 3134 1730 a
3171 1677 3407 1731 munda-

1840 1768 1923 1820 nis
1984 1775 2037 1819 et
2065 1768 2434 1821 materialibns
2467 1771 2650 1831 rebus,
2682 1768 2747 1820 ad
2778 1784 2897 1821 enm
2928 1769 3019 1836 qui
3048 1769 3275 1821 materia
3314 1782 3406 1820 va-

1838 1869 1925 1914 cat
1972 1868 2025 1914 te
2057 1860 2270 1920 confer,
2306 1877 2417 1930 quo
2457 1861 2664 1915 nullum
2700 1861 2881 1930 majus
2932 1861 3199 1914 auxilium
3250 1862 3402 1914 inve-

1840 1954 1975 2007 nies.
2013 1954 2526 2008 Pnsillanitnitatem
2565 1970 2782 2009 omnem
2821 1954 2918 2010 abs
2969 1964 3020 2009 te
3050 1953 3290 2023 repelle:
3333 1953 3401 2006 ad

1837 2055 2114 2115 potentem
2168 2047 2372 2115 quippe
2425 2047 2713 2100 Deininum
2752 2046 3074 2116 confugisti.
3126 2045 3264 2111 Quin
3300 2060 3403 2114 po-

1838 2142 1949 2193 tius
1979 2156 2086 2192 non
2123 2139 2283 2193 duliia
2341 2155 2437 2208 spe
2477 2146 2761 2207 concepta,
2800 2138 3035 2201 Domini,
3078 2142 3243 2191 etiam
3279 2153 3406 2205 pas-

1838 2234 2176 2285 surculorum
2228 2247 2417 2283 curam
2495 2231 2733 2299 gerentis
2803 2231 2919 2285 leve
2965 2231 3153 2299 jugutn
3209 2237 3403 2298 porta:

1839 2343 2033 2393 magna
2068 2326 2212 2378 enim
2245 2320 2343 2377 nos
2374 2333 2552 2376 manet
2590 2323 2644 2377 in
2678 2323 2925 2376 futurum
2957 2322 3273 2385 retributio.
3308 2320 3405 2374 Ille

1839 2434 1939 2471 nos
1971 2434 2164 2473 omnes
2222 2418 2480 2471 mortales
2516 2417 2685 2486 gratis
2725 2418 2921 2481 salvat,
2960 2414 3405 2486 quandoquidem

1839 2523 2190 2564 saetosaucto
2219 2510 2388 2578 ipsius
2411 2510 2677 2579 sanguine
2706 2510 2869 2579 empti
2903 2524 3113 2563 sumus.
3140 2506 3407 2577 Etjngum

1840 2605 1969 2657 illud
2003 2606 2205 2657 virtute
2256 2604 2502 2656 vocantis
2559 2604 2696 2656 Deos
2748 2618 2847 2657 nos
2905 2603 3055 2655 facit.
3115 2599 3224 2653 lloc
3259 2601 3405 2654 enim

1841 2696 2011 2750 voluit
2045 2696 2347 2749 incarttatio
2386 2694 2619 2758 Domini,
2654 2703 2712 2747 ut
2746 2710 2912 2763 opere
2959 2695 3141 2747 exitus
3176 2707 3402 2761 operum

1840 2802 2159 2855 Cognosi'as.
2198 2788 2350 2851 Quod
2384 2788 2718 2841 omnimodis
2738 2786 3048 2839 mirabilius
3068 2793 3151 2838 est
3173 2785 3260 2838 his
3286 2799 3408 2853 quae

1840 2879 2116 2936 videntur,
2152 2879 2473 2945 ptaeelarttm
2515 2878 2609 2929 tibi
2647 2878 2863 2928 luernm
2905 2884 3122 2928 tuarum
3154 2884 3409 2944 amputa-

1844 2979 1917 3021 tio
1946 2975 2315 3029 voluntatum,
2343 2967 2485 3019 unde
2523 2978 2571 3019 te.
2608 2980 2903 3036 martyrem
2930 2982 3048 3020 esse
3078 2980 3405 3036 cognoscas.

1843 3056 1972 3122 Qum
2024 3060 2117 3110 tibi
2184 3057 2364 3109 vet-his
2402 3055 2652 3124 prmeipit
2703 3066 2854 3123 pater
2909 3064 3054 3114 tuus,
3090 3068 3150 3103 ea
3194 3053 3403 3104 facito:

1765 3164 1808 3221 (ς
1842 3150 2048 3201 ducunt
2078 3149 2222 3201 cnim
2278 3162 2339 3198 ea
2390 3155 2440 3198 te
2478 3162 2575 3215 per
2631 3145 2769 3197 viam
2830 3144 2967 3196 citra
3021 3142 3409 3195 offcndiculum

1847 3254 2019 3308 ttstpie
2048 3240 2115 3293 ad
2147 3248 2396 3292 mortem.
2438 3237 2630 3306 Magna
2681 3244 2764 3289 est
2815 3236 2929 3289 lucc
2980 3234 3321 3295 sublimitas,
3355 3241 3410 3286 et

1842 3330 2012 3384 Deum
2049 3346 2269 3399 quoque
2306 3329 2355 3383 id
2384 3340 2606 3398 propter
2637 3338 2687 3381 te
2713 3328 2909 3382 l'eeissc
2938 3333 3173 3378 constat.
3213 3324 3406 3378 Statue

1845 3429 1897 3477 te
1929 3423 2257 3475 vilissimum
2296 3437 2420 3475 esse
2451 3422 2719 3484 omnium,
2769 3420 2914 3487 quod
2974 3418 3067 3471 tibi
3101 3417 3304 3488 primas
3353 3418 3410 3469 in

1842 3531 2009 3582 regno
2041 3516 2304 3568 caelorum
2354 3514 2697 3567 conciliabit.
2756 3512 2980 3565 Putate
3036 3509 3407 3581 peregrinum,

1843 3605 2179 3664 mendicum.
2228 3617 2281 3657 et
2321 3606 2676 3673 ahjectiorem
2726 3604 2870 3656 aliis.
2903 3603 3078 3670 Magni
3122 3601 3236 3655 lucc
3288 3615 3410 3654 mo-

1845 3696 2012 3747 menti
2043 3705 2194 3757 sunt,
2252 3700 2296 3747 si
2336 3710 2395 3745 ea
2428 3706 2569 3748 recte
2606 3695 2959 3763 praestiteris.
3018 3691 3254 3745 Omnino
3285 3692 3411 3744 imi-

1844 3794 1990 3838 tator
2020 3796 2138 3839 esto
2189 3787 2425 3847 Domini,
2462 3803 2570 3856 quo
2620 3788 2757 3840 nihil
2810 3796 2989 3855 potest
3023 3786 3252 3854 cogitari
3293 3801 3411 3840 me-

1846 3876 1974 3929 lius.
2010 3873 2180 3929 Luctu
2220 3878 2545 3945 qttotitliano
2581 3877 2720 3931 bene
2773 3880 3080 3945 procedunt
3111 3876 3320 3937 omnia,
3357 3884 3413 3929 ct

1843 3978 1890 4032 is
1926 3976 2048 4033 cibo
2079 3987 2141 4028 ac
2174 3974 2393 4038 potione
2425 3971 2634 4024 dulcior
2662 3979 2769 4033 est,
2805 3970 3086 4022 fluentium
3115 3970 3413 4023 stantium-

1844 4070 2341 4141 querognitimiein
2375 4064 2553 4117 docet.
2601 4064 2743 4115 Ante
2776 4062 2919 4114 enim
2959 4080 2986 4113 a
3037 4069 3153 4113 toto
3204 4062 3410 4114 mundo

1843 4163 2100 4231 sejungit,
2152 4171 2206 4213 et
2246 4161 2510 4212 honorum
2547 4172 2670 4226 quae
2720 4156 2958 4209 diximus
3014 4156 3298 4210 custodem
3333 4156 3408 4209 si-

1843 4256 2071 4311 lentium
2122 4260 2363 4306 exercet.
2398 4250 2631 4304 Radices
2689 4248 3008 4316 omnigenus
3056 4246 3407 4301 aﬂec'tionum

1845 4348 2112 4400 malarum
2149 4351 2206 4397 ut
2235 4341 2456 4394 inutiles
2487 4341 2688 4393 evellit.
2739 4338 3054 4391 Memoriam
3088 4340 3280 4393 mortis
3316 4340 3408 4401 ju-

1844 4456 1962 4511 getn
1999 4441 2175 4492 hahet.
2213 4435 2359 4489 Idem
2401 4432 2727 4486 humilitatis
2775 4432 2998 4485 effector
3043 4438 3148 4485 est.
3206 4429 3289 4484 Ab
3319 4430 3410 4487 his

168 4526 348 4583 nium,
376 4530 430 4573 et
469 4520 589 4571 sine
628 4529 678 4568 ιε
708 4518 910 4568 habere
942 4518 1123 4568 omnia
1176 4518 1473 4570 contendo.
1526 4516 1607 4569 Tu
1643 4534 1735 4571 Sll-
1778 4497 1819 4553 ῃ
1844 4497 1939 4586 ἔοι·
1973 4538 2239 4599 purgatus
2265 4538 2319 4579 οι
2350 4526 2656 4579 illustratus
2692 4523 2853 4591 (mira
2887 4522 2997 4585 res)
3033 4520 3176 4592 quod
3198 4523 3263 4576 ab
3287 4536 3413 4575 om.

168 4615 335 4683 peris,
371 4621 427 4664 et
459 4607 650 4662 inferis
685 4608 990 4675 imperitas,
1024 4616 1077 4661 et
1107 4621 1206 4676 ego
1236 4608 1389 4661 solus
1423 4608 1521 4661 tibi
1553 4609 1736 4673 reniti,

164 4717 217 4759 et
258 4701 547 4758 adversari
580 4715 684 4751 non
711 4701 990 4752 horresco.
1019 4697 1092 4749 Da
1128 4699 1299 4767 inopi,
1331 4699 1394 4750 ila
1430 4700 1740 4751 miserrimo

168 4812 390 4851 omnem
434 4796 631 4848 anima:
667 4793 961 4861 nequitiam
1000 4792 1260 4859 alijicere,
1304 4806 1467 4861 quam
1506 4790 1737 4854 inﬂatio,

168 4908 217 4944 et
260 4902 405 4940 vana
437 4886 604 4937 animi
646 4885 810 4938 elatio
858 4884 959 4936 heu
994 4898 1080 4935 me
1125 4883 1289 4935 simul
1339 4885 1739 4946 comminuunt,

168 4994 218 5033 tl
252 4987 578 5035 conterunt.
623 4975 811 5030 Praebe
866 4975 1252 5036 humilitatem,
1305 4975 1485 5043 praibe
1521 4990 1741 5027 manum

167 5073 605 5145 epitnlatricem,
641 5079 694 5125 et
723 5072 975 5138 absterge
1010 5069 1257 5121 maculas
1289 5069 1485 5119 anitum
1536 5084 1657 5129 ma‘,
1688 5077 1744 5122 et

170 5165 361 5219 suffice
392 5164 526 5217 mihi
566 5164 837 5231 laerynias
878 5159 1233 5229 paenitentiae.
1267 5158 1536 5212 Desidere
1566 5160 1746 5229 lacry-

168 5273 313 5320 mas,
347 5256 623 5325 laerymas
641 5253 855 5311 salutis,
892 5252 1163 5319 lacryuias
1181 5252 1428 5304 eluentes
1458 5249 1741 5317 fuliginem

169 5352 372 5400 anima:
407 5359 561 5407 10123:,
613 5356 810 5410 meque
846 5338 1136 5393 reddci'ites
1172 5338 1381 5391 clarum
1416 5352 1477 5391 ac
1501 5338 1741 5391 lucidum

166 5438 475 5505 deintegro,
500 5433 770 5485 volentem
798 5440 850 5483 te
880 5429 1069 5484 videre
1092 5428 1275 5482 lumen
1308 5426 1521 5493 mundi,
1556 5428 1740 5481 lumen

165 5528 457 5582 oculorum
494 5537 763 5586 ineorum,
797 5536 1063 5584 meorum,
1110 5521 1355 5589 inquam,
1400 5520 1611 5581 miseri,
1648 5519 1740 5587 qui

168 5635 265 5673 cor
296 5617 488 5672 multis
526 5616 690 5683 hujus
722 5615 848 5669 vitae
879 5613 1061 5677 malis,
1095 5621 1149 5667 et
1201 5612 1568 5667 incommodis
1621 5611 1736 5669 olc-

248 5799 294 5830 "
326 5798 432 5851 Tit.
472 5814 507 5862 ι,
551 5798 634 5847 lli.

1847 4622 2009 4675 nibus
2053 4618 2384 4688 exquiritur,
2460 4616 2705 4669 divinum
2754 4614 2936 4667 lumen
2987 4614 3080 4681 qui
3147 4610 3410 4681 praeclare

1847 4715 2058 4775 videas.
2091 4714 2293 4778 dignus
2327 4710 2461 4763 eris.
2491 4706 2682 4760 Telum
2716 4715 2802 4760 est
2846 4705 2992 4759 enim
3046 4702 3409 4756 imtiiateriale

1851 4822 1914 4859 ex
1949 4801 2316 4858 itnmateriali.
2358 4800 2614 4853 Christus
2651 4807 2830 4851 autem
2864 4806 2951 4851 est
2999 4797 3239 4866 perfecta
3272 4794 3407 4848 cha-

1852 4900 2006 4963 ritas,
2040 4912 2143 4965 qua
2179 4896 2273 4964 qtti
2320 4892 2579 4962 praeditus
2611 4899 2717 4954 est,
2775 4890 3069 4958 adoptione
3105 4886 3250 4941 Deus
3300 4894 3406 4940 est.

1844 4988 1909 5042 Et
1946 5004 2014 5041 ea
2047 4989 2259 5039 animas
2292 5000 2348 5037 se
2383 4984 2726 5052 inquiri-lites
2774 4980 3065 5042 illuminat,
3117 4991 3238 5045 qua:
3277 4974 3410 5029 sola:

1842 5079 2046 5140 vivent,
2095 5093 2159 5127 ne
2216 5076 2339 5143 quis
2375 5082 2519 5126 erret
2583 5074 2639 5141 (o
2673 5070 2912 5123 Charitas
2971 5068 3133 5130 lleus,
3175 5074 3231 5120 et
3261 5065 3414 5117 deifi-

1842 5181 1974 5219 cans
1999 5167 2039 5233 ι)
2067 5183 2076 5216 :
2102 5180 2221 5235 quce
2260 5180 2347 5219 res
2373 5172 2649 5233 stuporem
2681 5161 2867 5225 habet,
2887 5167 2940 5214 et
2972 5157 3299 5227 investigata
3322 5161 3413 5209 est

1843 5258 2077 5314 diflicilis

2411 5343 2641 5399 CAPUT
2717 5342 2830 5397 VII.

2086 5420 2328 5473 Amorem
2367 5431 2520 5469 suum
2559 5432 2682 5485 erga
2712 5413 2878 5466 Deum
2914 5411 3171 5466 declarat.

1922 5515 1993 5570 Ut
2040 5514 2180 5582 ignis
2211 5528 2269 5567 es
2308 5508 2637 5571 scaturiens,
2694 5520 2832 5575 aqua
2864 5505 3134 5568 irrorans,
3174 5511 3227 5558 et
3277 5501 3412 5563 uris,

1848 5616 1901 5663 et
1941 5605 2229 5661 dulcedine
2287 5601 2487 5669 adluis,
2540 5608 2596 5655 et
2648 5598 3057 5667 corruptionem
3115 5592 3307 5649 tollis?
3354 5600 3417 5646 ut
