4170 6452
754 401 862 468 519

759 520 1013 577 homines
1065 515 1200 570 deos
1236 512 1368 566 facis
1400 554 1413 574 ,

761 612 959 667 inferis
1013 607 1256 670 reducis,
1287 614 1536 659 mortuos
1578 598 1991 654 immortalitate
2027 598 2199 649 donas
2232 598 2247 644 ξ
2290 602 2348 646 ιιι

758 706 1019 757 tenebras
1053 702 1107 753 in
1141 699 1321 753 lucem
1382 696 1659 764 producis,
1714 703 1926 746 noctem
1984 704 2163 758 pugno
2214 703 2347 739 con-

762 795 964 855 cludis,
1002 809 1098 845 eor
1149 790 1563 856 circumfulges,
1601 801 1688 839 me
1718 793 1895 837 totum
1949 779 2252 835 immittas?
2294 789 2350 831 ιιι

763 897 820 941 te
866 878 1159 953 conjungis
1216 882 1552 941 hOmiuibus,
1608 879 1700 931 Dei
1757 877 1896 930 ﬁlios
1952 873 2111 935 facis,
2165 888 2352 924 amore

765 979 843 1030 tui
872 979 1203 1039 inll'ammas,
1232 974 1529 1042 adoptione
1552 980 1607 1024 et
1632 972 1805 1039 gratia
1833 977 1949 1029 tua,
1975 982 2069 1035 per
2088 965 2351 1033 Spiritum

769 1078 954 1130 tuum,
1007 1068 1292 1129 distantia,
1344 1076 1404 1118 ιιι
1442 1064 1583 1118 Deus
1609 1104 1622 1125 ,
1656 1061 2056 1115 admirabiliter
2087 1057 2353 1126 copulas?

1324 1178 1554 1233 CAPUT
1633 1175 1745 1228 V'lll
1769 1216 1783 1229 .

769 1274 973 1340 Quibus
1008 1271 1377 1341 inanifestetur
1421 1270 1595 1341 Deus,
1635 1278 1684 1322 et
1712 1269 1773 1341 iu
1810 1266 2002 1341 quibus
2047 1281 2141 1341 per
2174 1265 2354 1341 obser-

842 1343 1108 1398 vationem
1143 1335 1517 1395 mandatorum
1546 1335 1828 1408 cjus.boni
1879 1336 2094 1389 habitus
2126 1335 2283 1388 insit.

842 1438 1129 1504 Quomodo
1159 1445 1241 1497 tu,
1274 1435 1367 1503 qui
1400 1449 1460 1487 es
1491 1431 1880 1492 abscomlitus,
1918 1430 2200 1496 inspectas
2235 1442 2356 1479 om-

776 1532 911 1583 nia?
950 1529 1236 1594 Quomodo
1288 1528 1450 1581 nobis
1504 1541 1612 1578 non
1647 1523 1915 1585 cvi-neris,
1959 1530 2013 1574 et
2047 1536 2147 1574 nos
2180 1520 2360 1574 cernis

776 1610 1002 1677 omnes?
1030 1618 1443 1681 Verumtamen,
1471 1632 1577 1669 non
1604 1631 1798 1669 omnes
1826 1630 1966 1683 quos
1993 1614 2167 1677 vides,
2195 1613 2359 1664 etiam

779 1716 1036 1784 aguOScis
1068 1731 1080 1765 :
1123 1712 1217 1766 sed
1278 1710 1573 1778 diligentes
1608 1719 1679 1772 te,
1714 1724 1807 1762 eos
1841 1708 1991 1760 solos
2042 1721 2139 1775 pro
2169 1703 2362 1757 auziris

1936 383 2323 447 SYMEONIS
2379 380 2751 443 JUNlORlS

1469 508 1724 563 tenebras
1783 507 1966 559 lumen
2020 504 2227 563 reddis,
2283 500 2351 553 ab
2386 507 2427 561 Α
2458 501 2651 553 abesse
2679 494 2951 564 suspicor,
3007 490 3151 560 quod
3186 502 3425 542 cernens
3452 484 3812 554 concupisco,
3868 490 3921 532 et
3956 484 4033 532 ui-

3927 372 4031 432 520

2455 589 2530 643 liil
2570 591 2776 644 habere
2811 602 2892 639 me
2926 584 3210 644 existimo,
3271 582 3431 650 plane
3466 579 3700 631 donatas
3735 574 3873 627 mihi
3909 588 4035 642 opu

2453 701 2563 740 non
2604 685 2889 746 sentiens;
2936 695 3035 733 nec
3072 676 3219 747 quod
3272 674 3441 728 solem
3484 672 3728 728 intueor,
3766 667 3821 718 id
3876 682 4034 732 repu-

2455 786 2533 832 to.
2598 776 2848 842 Quonam
2901 771 3111 825 modo?
3178 770 3331 833 audi,
3382 781 3437 823 et
3489 767 3677 821 crede.
3731 764 3891 831 Quod
3945 780 4039 833 ego

2459 870 2673 937 aspicio
2718 876 2805 921 est
2853 865 2959 925 sol,
3013 864 3176 932 cujus
3216 861 3350 916 mihi
3405 875 3601 915 sensus
3654 873 3824 927 supra
3878 871 4035 925 quam

2456 968 2563 1021 dici
2608 961 3127 1035 potestjucuudus,
3182 958 3533 1026 animamque
3590 953 3823 1007 mirifico
3864 963 3914 1004 et
3956 953 4034 1001 di-

2458 1066 2588 1113 viuo
2626 1074 2813 1113 amore
2842 1055 3035 1108 trahit.
3088 1055 3210 1121 ipsa
3266 1064 3497 1105 cernens
3540 1048 3741 1107 uritur,
3798 1054 3853 1098 et
3889 1045 4040 1095 ardet

2460 1166 2667 1213 amore,
2702 1163 2765 1202 ac
2800 1155 2973 1200 totum
3029 1143 3175 1213 quod
3212 1151 3473 1211 apparet,
3524 1141 3668 1193 intra
3732 1151 3793 1191 se
3836 1136 4032 1187 habere

2460 1241 2654 1311 cupit;
2695 1237 2842 1309 quod
2874 1252 3000 1290 cum
3042 1242 3301 1301 nequeat,
3344 1231 3420 1284 ob
3462 1229 3515 1282 id
3575 1227 4036 1285 contristatur,”

2461 1336 2669 1396 videre,
2763 1332 3107 1398 lustrareque
3179 1342 3288 1379 non
3358 1338 3483 1378 esse
3540 1322 3745 1375 honmn
3809 1317 4038 1388 iudicat.

2464 1428 2694 1496 Quando
2725 1426 2895 1495 igitur
2927 1424 3022 1491 qui
3072 1421 3345 1480 cernitur.
3377 1427 3431 1473 et
3468 1431 3496 1469 a
3532 1414 3757 1468 nemine
3790 1427 3913 1477 capi
3950 1425 4042 1479 po-

2464 1533 2593 1587 test,
2628 1530 2683 1577 et
2715 1533 2904 1573 revera
2937 1517 3257 1569 iuam-essus
3287 1521 3391 1573 est,
3426 1508 3641 1562 afﬂictae
3673 1517 3726 1560 et
3786 1504 4014 1557 humilia

2466 1633 2532 1674 ta:
2580 1616 2777 1669 anima:
2807 1628 2941 1667 mea:
2973 1607 3221 1665 misereri
3250 1605 3505 1666 voluerit,
3545 1610 3769 1670 repente
3806 1597 3988 1667 qualis
4018 1612 4045 1647 a

2468 1728 2553 1765 me
2589 1710 2806 1762 videtur
2836 1716 2965 1760 ante
2998 1704 3193 1757 oculos
3229 1699 3468 1769 fulgens,
3502 1697 3632 1749 talis
3681 1702 3835 1747 totus
3866 1694 3921 1744 in
3969 1707 4047 1742 me

781 1807 1057 1875 agnoscis,
1114 1806 1267 1857 etiis
1315 1803 1647 1856 excellenter
1707 1811 1757 1851 te
1820 1797 2139 1851 manifestas
2192 1796 2359 1849 Solem

2477 1817 2768 1861 cci-uscare
2826 1800 3095 1857 ccruitur,
3145 1806 3196 1848 et
3239 1802 3388 1847 totus
3447 1787 3597 1841 omni
3642 1785 3865 1855 gaudio,
3904 1782 4049 1834 omni

2698 1895 2708 1898 -
2906 1891 2918 1898 .
2969 1891 2981 1898 .
3075 1889 3106 1898 ..
3260 1886 3269 1897 .
3313 1886 3324 1896 .
3415 1884 3425 1893 .
3505 1897 3511 1898 ί
3558 1879 3616 1898 ί,
3649 1878 3865 1898 ὢνηω
3912 1888 4049 1898 η...-

781 1898 1189 1949 absconditum.
1233 1894 1435 1947 Omnes
1463 1892 1726 1946 mortales
1756 1890 2065 1955 foruicarii,
2094 1889 2360 1951 adulti-ri,

778 1990 1128 2054 deeoctores,
1163 1997 1511 2057 peccatores,
1552 1983 1857 2053 publicani,
1914 1982 2045 2035 dum
2098 1980 2365 2049 perniten—

780 2084 911 2137 tiam
961 2090 1153 2151 agunt,
1194 2080 1393 2133 divinae
1446 2078 1587 2132 lucis
1625 2086 1731 2130 tuae
1775 2076 1869 2129 ﬁlii
1929 2073 2194 2127 evadunt.
2246 2070 2361 2124 Lux

778 2185 963 2229 autem
997 2176 1223 2227 omnino
1254 2172 1429 2225 lucem
1478 2176 1740 2240 generat:
1799 2168 1987 2235 itaque
2016 2176 2069 2219 et
2121 2163 2223 2234 ipsi
2274 2163 2362 2216 lux

779 2274 913 2319 sunt
946 2264 1039 2317 filii
1072 2262 1191 2326 Dei,
1245 2273 1303 2316 ut
1336 2263 1601 2331 scriptum
1646 2268 1729 2314 est
1759 2261 1848 2322 η’,
1887 2268 1943 2312 et
1990 2257 2064 2311 dii
2096 2272 2191 2326 per
2240 2271 2367 2326 gra-

780 2362 938 2424 tiam,
972 2365 1246 2427 quotquot
1278 2354 1465 2408 diviua
1510 2352 1769 2407 mandata
1826 2362 1917 2404 tua
1969 2351 2140 2420 probe
2174 2366 2366 2405 serv..-

788 2453 997 2504 verint.
1032 2449 1363 2516 Quicunque
1398 2446 1589 2499 mundi
1618 2445 1914 2507 vanitates,
1949 2452 2002 2497 cl.
2027 2442 2367 2512 itnpostttras

781 2546 967 2601 valere
1003 2544 1297 2612 jusserint.
1343 2540 1670 2606 Quicunque
1714 2546 1997 2607 parentes,
2053 2545 2108 2591 et
2163 2534 2366 2590 fratres

784 2640 905 2694 sine
926 2636 1054 2689 odio
1082 2635 1319 2697 oderint,
1356 2632 1678 2701 peregrinos
1711 2647 1792 2695 se,
1822 2640 1877 2684 et
1903 2632 2141 2683 viatores
2176 2629 2229 2682 in
2265 2628 2369 2683 hac

785 2732 899 2783 vita
947 2726 1221 2781 arbitrati.
1260 2725 1590 2792 Quicunque
1626 2724 1836 2776 divitiis
1892 2734 1943 2775 et
1980 2722 2211 2791 pecunia
2245 2736 2365 2775 sese

789 2819 1147 2879 nudaverint,
1192 2816 1520 2883 illarumque
1568 2812 1823 2866 affectum
1860 2811 2083 2882 penitus
2140 2811 2358 2879 abiece-

789 2914 926 2967 riut.
996 2912 1322 2979 Quicunque
1401 2907 1616 2961 inanem
1704 2906 1932 2975 gloriam
1991 2905 2371 2971 humanasque

791 3006 982 3059 laudes
1012 3019 1077 3057 ex
1107 3003 1311 3063 animo,
1340 3010 1563 3069 propter
1594 3000 1873 3053 ccclestem
1908 2996 2134 3066 gloriam
2188 3010 2354 3063 repu-

794 3098 1090 3151 diaverim.
1127 3097 1413 3163 Quotquot
1445 3092 1721 3161 propriam
1755 3090 2093 3143 voluntatem
2131 3087 2373 3157 perfecte

2467 1895 2772 1958 desiderio,
2804 1902 2857 1947 et
2888 1889 3187 1945 dulcedine
3222 1884 3460 1937 visionis
3488 1897 3574 1935 me
3604 1878 3869 1933 humilem
3909 1888 4052 1927 cotu-

2468 1993 2599 2063 plet.
2634 1987 2941 2058 Repentiua
2999 1992 3083 2037 est
3138 1981 3255 2034 lucc
3288 1975 3560 2036 mutatio,
3603 1969 3895 2040 peregrina
3940 1967 4051 2020 hac

2468 2061 2727 2146 variatio,
2789 2096 2888 2133 nec
2929 2076 3116 2131 verbis
3173 2070 3415 2128 describi
3462 2074 3663 2139 potest,
3700 2062 3846 2133 quod
3885 2061 3938 2114 in
3973 2074 4055 2111 me

2470 2176 2770 2247 peragitur.
2798 2171 2854 2225 Si
2887 2171 3034 2225 enim
3081 2168 3258 2221 solem
3295 2165 3467 2227 hunc,
3498 2174 3661 2232 quem
3696 2169 3890 2211 omnes
3925 2166 4055 2207 con-

2470 2282 2715 2331 tuemur,
2746 2269 2891 2321 intra
2930 2278 3027 2317 cor
3070 2276 3236 2316 suum
3272 2255 3632 2312 descendisse
3678 2249 4059 2321 quispiatn,tt

2472 2373 2647 2417 totum
2680 2361 2731 2415 id
2785 2359 3219 2415 inhabitantem,
3272 2359 3327 2405 ct
3360 2364 3518 2417 teque
3570 2347 3843 2399 lucentem
3897 2337 4053 2395 vidit.

2469 2474 2657 2512 nonne
2694 2452 2963 2509 miraculo
2996 2450 3264 2505 attonitus
3295 2487 3309 2509 ,
3346 2452 3400 2499 et
3434 2456 3571 2511 pene
3619 2436 3894 2493 exanimis
3934 2432 4057 2489 fuit,

2470 2559 2525 2606 et
2557 2564 2751 2603 omnes
2796 2545 2887 2615 qui
2938 2558 3065 2597 eum
3119 2539 3403 2599 viderunt,
3438 2527 3900 2602 obstupuerunt?
3938 2523 4053 2578 lam

2472 2648 2565 2717 qui
2600 2644 2732 2698 solis
2761 2651 3069 2695 creatorem
3119 2614 3292 2689 insiar
3327 2628 3618 2684 luiuiuaris
3660 2624 3829 2693 hujus
3880 2622 3939 2674 in
3996 2635 4057 2670 se

2475 2714 2877 2809 splendentem,
2914 2736 3260 2799 operantem,
3314 2724 3632 2792 loquentem
3684 2714 3883 2775 Cernit,
3921 2724 4055 2780 quo-

2475 2805 2637 2884 modo
2673 2834 2896 2895 aspectu
2934 2837 3041 2874 non
3068 2814 3473 2886 obstupescet?
3503 2808 3779 2882 quomodo
3799 2805 4061 2872 religione

2475 2939 2583 2977 non
2611 2916 2975 2991 perfundetur
3004 2915 3026 2966 ἲ
3058 2910 3339 2981 quomodo
3380 2922 3486 2960 non
3520 2905 3728 2972 diliget,
3760 2914 3788 2953 a
3832 2912 3942 2966 quo
3975 2895 4057 2941 vi-

2476 3024 2586 3069 tam
2622 3010 2886 3080 accepit?
2930 3006 3189 3060 lloiuiues
3246 3002 3350 3056 sibi
3386 2999 3598 3054 similes
3650 2994 3902 3048 hmniucs
3941 2986 4062 3038 d.li-

2478 3120 2635 3181 guut,
2670 3105 2893 3175 quando
2929 3110 3190 3171 proastare
3223 3094 3477 3149 nonnihil
3508 3090 3632 3143 aliis
3658 3087 3935 3139 videntur.
3965 3081 4065 3131 Ast

792 3186 1248 3256 exstirpaveriut,
1290 3197 1342 3237 et
1394 3180 1856 3251 quemadmodum
1889 3195 2018 3233 oves
2054 3182 2375 3233 innocentes
2402 3184 2445 3240 ε
2480 3172 2731 3255 Immin,“
2794 3194 3169 3252 cond-"orem,
3229 3186 3409 3240 solum
3454 3179 3850 3236 immortalem.
3885 3172 4067 3223 οιιιηῑ-

792 3297 921 3349 erga
987 3288 1265 3348 pastorem
1326 3292 1383 3330 se
1423 3277 1716 3344 gt'bSCi'illl.
1765 3273 2093 3341 Quicunque
2139 3286 2372 3341 corpore

795 3373 861 3426 ad
893 3371 1193 3440 quamlibet
1233 3368 1514 3420 actionem
1569 3382 1788 3435 pravam
1845 3367 2074 3431 mortui,
2109 3366 2372 3419 virtutum

797 3465 966 3517 labori
1012 3462 1418 3525 iusutlaverint,
1473 3469 1529 3512 et
1578 3476 1641 3513 cx
1693 3459 1808 3513 sola
1868 3458 2236 3512 moderatoris
2289 3458 2375 3511 sui

796 3558 1079 3610 voluntate
1112 3554 1369 3616 vixerint,
1427 3552 1739 3605 obedientia
1782 3551 2006 3613 mortui,
2063 3552 2378 3618 iterumque

798 3647 1079 3702 virilicati.
1127 3646 1456 3713 Quicunque
1490 3644 1687 3697 timore
1729 3642 1846 3705 Dei,
1893 3654 1945 3695 ct
1994 3644 2380 3697 recordatione

800 3741 1014 3802 mortis,
1052 3740 1105 3792 in
1150 3738 1399 3805 singulos
1435 3736 1550 3789 dies
1600 3745 1654 3789 et
1690 3746 1882 3790 noctes
1913 3736 2182 3805 lacrymas
2223 3735 2379 3790 fude-

799 3833 934 3897 riut,
984 3840 1035 3885 et
1090 3830 1394 3885 secundum
1432 3828 1769 3881 intellectum
1824 3828 1890 3879 ad
1943 3827 2107 3896 pedes
2164 3826 2381 3881 Domini

802 3924 1254 3994 procumbentes.
1309 3920 1756 3974 misericordiam
1816 3928 1869 3973 et
1902 3919 2115 3973 veniam
2147 3920 2380 3973 delicto-

805 4029 927 4066 rum
970 4011 1363 4081 flagitaverint.
1420 4009 1484 4062 lli
1523 4011 1793 4063 bonorum
1830 4010 2076 4062 omnium
2106 4015 2382 4063 exercita-

805 4109 978 4169 tione,
1014 4115 1069 4159 et
1112 4119 1215 4158 usu
1261 4104 1507 4157 habitum
1562 4103 1689 4156 boni
1730 4103 2137 4171 adipiscuntur,
2196 4103 2385 4166 lugen-

809 4209 1001 4266 tesquc
1031 4194 1297 4265 quotidie,
1331 4202 1385 4249 et
1422 4203 1840 4264 perseveranter
1872 4194 2178 4263 pulsantes,
2217 4197 2385 4249 mise-

807 4286 1107 4341 ricordiam
1137 4296 1582 4355 consequuntur.
1624 4284 1688 4339 lli
1728 4286 1943 4342 crebris
1979 4287 2389 4341 obsecrationi-

808 4381 917 4435 bus
969 4380 1371 4448 gemitibusque
1420 4379 1908 4441 inenarrabilibus,
1940 4388 1994 4433 et
2023 4380 2386 4450 lacrymarum

812 4473 1060 4526 fontibus
1117 4473 1360 4525 animam
1399 4479 1736 4538 expurgant,
1785 4486 1950 4540 quam
1990 4482 2274 4542 purgatam
2307 4476 2388 4527 vi-

2479 3290 2662 3347 modis
2699 3294 2999 3356 potentem,
3028 3281 3153 3350 quis
3186 3278 3367 3330 visum
3402 3289 3512 3328 non
3544 3268 3792 3323 amabit?
3834 3266 3910 3319 Ex
3946 3269 4065 3317 sola

2486 3382 2776 3435 auditione
2833 3376 2987 3431 multi
3049 3373 3208 3426 fidem
3253 3369 3522 3421 habentes
3570 3379 3693 3415 eum
3732 3362 4064 3417 dilexerunt,

2481 3484 2535 3531 et
2586 3475 2756 3525 vitam
2811 3468 2933 3537 ejus
2968 3477 3136 3518 causa
3179 3464 3485 3531 posuerunt
3541 3453 3740 3511 sancti,
3784 3458 3839 3504 et
3874 3450 4067 3501 vivunt

2481 3566 2865 3622 nihilominus.
2911 3557 3003 3611 Ast
3043 3554 3139 3624 qui
3193 3550 3426 3605 visionis
3453 3556 3505 3601 et
3537 3544 3760 3599 luminis
3792 3542 3913 3610 ejus
3946 3555 4067 3609 par-

2481 3658 2681 3726 ticipes
2722 3653 2850 3707 facti
2888 3659 3038 3710 sunt,
3082 3644 3291 3713 cogniti
3325 3640 3394 3693 ab
3428 3640 3569 3708 ipso,
3602 3644 3657 3687 ct
3689 3637 4069 3701 cognoverunt

2486 3754 2691 3822 ipsum,
2725 3744 3004 3815 quomodo
3054 3753 3165 3793 non
3197 3733 3488 3795 amabunt,
3519 3726 3749 3797 quaeso?
3795 3725 4071 3795 quomodo

2488 3817 2709 3913 propter
2758 3851 2883 3890 eum
2934 3848 3039 3887 non
3098 3829 3366 3897 lugebunt
3431 3819 3737 3891 perpetuo?
3790 3817 4069 3885 quomoda

2490 3952 2596 3989 non
2632 3932 2921 3992 mumlum,
2949 3934 3003 3981 ct
3030 3940 3150 3994 qua:
3176 3922 3231 3974 in
3269 3917 3480 3972 mundo
3514 3924 3642 3969 sunt
3672 3907 4075 3968 contemnunt?

2489 4025 2766 4096 quomodo
2801 4036 2905 4074 non
2942 4030 3160 4072 onmem
3216 4012 3483 4066 honorem
3534 4016 3586 4059 et
3616 4007 3847 4075 gloriam
3886 4004 4071 4070 despi-

2491 4122 2657 4180 cieut,
2692 4115 2783 4185 qui
2820 4111 2967 4166 omni
3012 4107 3185 4179 gloria
3221 4101 3495 4163 terrestri,
3528 4098 3677 4151 omni
3718 4100 3929 4149 honore
3960 4109 4073 4145 ina-

2489 4214 2663 4283 jores,
2694 4222 2845 4267 eum,
2881 4203 2973 4273 qui
3009 4210 3092 4255 est
3128 4208 3284 4253 extra
3325 4205 3555 4255 terram,
3602 4201 3656 4243 ct
3682 4198 3837 4242 extra
3888 4187 4073 4237 omnia

2493 4278 2872 4372 aspectabilia,
2933 4297 3039 4348 imo
3085 4305 3218 4346 vero
3268 4287 3363 4359 qui
3416 4282 3665 4339 condidit
3720 4278 4074 4349 aspcctabiiiu

2497 4397 2777 4456 universa,
2827 4402 2880 4444 et
2919 4386 3147 4457 gloriam
3203 4379 3574 4436 immortalem
3618 4378 3979 4431 invenerunt,
4029 4376 4077 4418 et

2501 4493 2858 4556 acceperunt,
2907 4483 3160 4548 citraque
3192 4475 3468 4531 defectum
3512 4485 3677 4525 omne
3708 4469 3913 4523 bonum
3955 4464 4078 4517 inde

811 4563 1004 4617 dentes
1055 4564 1336 4617 incensum
1360 4562 1690 4617 desiderium
1714 4578 1834 4616 eam
1860 4564 2015 4631 plene
2040 4574 2374 4635 cxpurgatan

2501 4532 2858 4556 ““‘Vr"'"'-v
2917 4532 2978 4535 νη
3071 4532 3086 4548 ι

2502 4577 2751 4634 habent?
2793 4575 2937 4640 Quin
2971 4582 3025 4626 ct
3056 4584 3279 4625 omnem
3313 4563 3713 4636 appetentiam,
3774 4572 3942 4613 omne
3983 4557 4077 4609 dc-

812 4655 1027 4707 videndi
1061 4655 1398 4725 concipiunt.
1442 4654 1746 4717 'Quoniam
1801 4663 1984 4708 autem
2039 4655 2198 4708 finem
2260 4657 2399 4711 lucis

814 4746 1063 4801 invenire
1092 4763 1203 4801 non
1233 4746 1441 4810 valent,
1477 4748 1665 4801 omnis
1720 4747 1975 4816 purgatio
2030 4746 2164 4815 ipsis
2195 4747 2397 4818 impcr~

814 4838 957 4892 fecta
988 4850 1093 4892 est.

887 4952 1389 5021 Quantumcunque
1446 4953 1590 5005 enim
1657 4960 1921 5022 purgatus
1974 4952 2148 5015 fuero,
2200 4961 2252 5006 et
2314 4952 2398 5004 ni-

816 5050 976 5096 tucro
1012 5045 1198 5105 miser,
1232 5051 1285 5097 et
1322 5055 1807 5111 quantumcunque
1840 5060 1868 5095 a
1916 5058 2001 5096 me
2034 5044 2184 5098 visus
2210 5044 2396 5105 fuerit,

816 5149 1061 5204 purgans
1094 5148 1179 5187 me
1211 5134 1474 5202 Spiritus,
1505 5150 1727 5204 semper
1780 5136 1912 5189 mihi
1944 5146 1997 5189 et
2030 5136 2395 5205 purgationis,

816 5234 872 5277 ct
897 5224 1128 5279 visionis
1158 5225 1493 5292 principium
1533 5226 1769 5279 videtur.
1801 5228 1856 5279 In
1921 5228 2193 5296 profundo
2247 5229 2394 5281 enim

818 5317 1052 5381 infinito,
1112 5318 1166 5369 in
1219 5316 1510 5371 altitudine
1542 5321 1813 5374 immensa
1862 5321 1989 5387 quis
2032 5320 2269 5374 medium
2305 5331 2399 5374 aut

819 5408 985 5461 tinem
1019 5408 1339 5463 invenerit?
1381 5407 1609 5466 Multum
1652 5426 1776 5467 esse
1809 5412 1948 5476 scio,
1999 5412 2093 5467 sed
2129 5425 2396 5483 quantum

820 5502 920 5564 sit,
991 5502 1203 5555 nescio.
1272 5500 1405 5556 Plus
1458 5503 1581 5573 plus
1641 5505 1911 5568 desidero,
1963 5516 2017 5561 et
2054 5507 2403 5561 continenter

819 5607 1003 5663 gemo,
1055 5593 1184 5663 quia
1216 5594 1476 5663 exiguum
1511 5605 1617 5659 est,
1666 5599 1813 5665 quod
1866 5601 2053 5654 datum
2109 5608 2194 5656 est
2260 5602 2401 5671 (etsi

822 5686 1053 5741 multum
1101 5700 1226 5741 esse
1286 5688 1507 5760 Opinor)
1564 5690 1630 5746 ad
1666 5693 1739 5758 id,
1799 5694 1945 5765 quod
2007 5705 2199 5764 procul
2254 5710 2404 5751 amo

756 5852 821 5911 τις
898 5866 965 5898 ιι·
1002 5863 1148 5916 Psal.
1175 5880 1362 5926 mm,
1388 5864 1444 5920 6.

2499 4672 2766 4729 sideriqu
2798 4668 3262 4732 sempiternorum
3316 4660 3612 4720 bonorum,
3668 4665 3973 4720 rerumque
4004 4650 4079 4702 di-

2501 4766 2775 4824 vinarum,
2809 4775 2872 4814 ex
2906 4756 3099 4811 eodem
3129 4753 3276 4808 fonte
3308 4765 3525 4819 semper
3547 4749 3788 4809 vivente,
3820 4756 4077 4813 tanquam

2504 4857 2725 4909 divitias
2761 4854 3103 4905 hauserunt:
3142 4860 3253 4915 quo
3283 4854 3341 4899 et
3390 4842 3574 4904 nobis,
3612 4838 3865 4900 Domine,
3902 4838 4077 4889 abnu-

2501 4949 2698 5001 danter
2726 4942 2921 4999 satiari
2954 4938 3220 5001 concede,
3254 4944 3308 4992 et
3350 4934 3613 4990 omnibus
3651 4929 3999 4988 amantibus,
4032 4934 4073 4974 ιιι

2501 5036 2882 5109 quaerentibus
2918 5045 2967 5087 te.
2998 5047 3062 5086 ex
3094 5030 3302 5091 animo,
3354 5035 3413 5080 ut
3445 5035 3499 5081 et
3525 5022 3630 5093 ipsi
3667 5038 3767 5076 nos
3801 5035 3929 5073 cum
3961 5034 4079 5073 sau-

2501 5134 2607 5187 ctis
2660 5131 2770 5185 tuis
2822 5137 3027 5183 :eterna
3085 5124 3349 5178 felicitate
3418 5121 3473 5175 in
3523 5117 3706 5173 omnia
3754 5114 4075 5169 sazculoruu:

2501 5228 2680 5297 spatia
2715 5224 3079 5278 oblectemur.
3115 5220 3310 5271 Amen.

3107 5329 3335 5387 CAPUT
3392 5326 3481 5383 IX.

2500 5454 2733 5525 Spiritus
2763 5453 2939 5508 sancti
2986 5458 3301 5518 compotem,
3334 5446 3398 5525 at»
3430 5444 3680 5525 ejusdem
3704 5440 3911 5492 Iuntina
3947 5438 4078 5497 rupi,

2573 5537 2622 5581 et
2648 5542 2811 5593 supra
2850 5539 3029 5576 omnes
3072 5513 3495 5588 perturbationes
3554 5513 3705 5581 ferri,
3756 5527 3849 5563 nec
3904 5523 4078 5561 earum

2573 5607 2820 5653 contactu
2853 5594 3000 5649 lwdi.

2577 5689 2765 5744 f’rob!
2831 5688 3006 5759 proli!
3061 5684 3289 5740 Domine
3345 5678 3736 5749 omnipotens,
3807 5674 3937 5744 quis
4005 5682 4080 5723 tua
