4170 6452
167 408 264 473 521

167 604 774 678 comprehensibilitate
824 602 1189 672 implebitur?
1234 602 1361 669 quis
1396 616 1518 654 cum
1554 615 1650 668 pro
1683 614 1749 652 eo

167 721 232 759 ac
263 704 419 757 decet
456 701 512 754 in
533 697 806 752 mandatis
834 697 942 750 tuis
961 695 1343 759 ambulaverit,
1377 694 1538 748 etiam
1568 694 1747 747 vultus

172 797 248 850 tui
287 795 473 847 lumen
497 789 766 860 aspiciet?
801 787 1054 858 Magnum
1085 786 1382 856 quoddam,
1427 794 1480 838 et
1510 785 1751 838 admira-

175 887 305 949 bile,
341 895 398 942 et
422 884 567 954 quod
601 884 828 937 omnino
867 880 1244 949 intelligentia:
1267 882 1376 932 vim
1413 889 1658 947 superet,
1697 879 1747 930 in

172 982 273 1034 hoc
307 980 463 1050 gravi
516 987 568 1032 et
619 978 912 1032 tenebroso
968 975 1174 1030 mundo
1206 973 1472 1026 viventem
1545 970 1747 1023 aul'crri

169 1087 197 1125 e
231 1070 442 1123 mundo
472 1085 596 1123 cum
623 1083 868 1136 corpore.
895 1053 1027 1119 ilem
1057 1065 1372 1136 mysterium
1403 1062 1707 1116 inauditum
1734 1063 1744 1112 !

170 1164 310 1231 Quis
351 1164 619 1233 parietem
669 1177 781 1215 sua:
815 1161 1000 1215 carnis
1037 1167 1419 1228 transgressus
1466 1155 1593 1209 est?
1628 1153 1752 1224 quis

171 1258 420 1326 pervasit
487 1253 864 1322 corruptionis
913 1253 1228 1321 caliginem,
1276 1258 1500 1318 totoque
1549 1245 1752 1300 mundo

173 1351 398 1403 deserto
433 1343 843 1413 latuit?Papa:,
879 1360 1044 1412 quam
1097 1342 1275 1396 facilis
1332 1341 1433 1393 ista
1488 1336 1750 1406 cognitio,

173 1449 225 1494 et
263 1455 374 1493 non
405 1438 624 1493 subtilis
644 1438 848 1491 oratio!
877 1434 979 1490 Ubi
1019 1433 1198 1496 latuit,
1232 1433 1322 1502 qui
1351 1431 1612 1484 mundum
1643 1435 1754 1480 tra-

170 1532 330 1600 jecit,
357 1540 412 1584 et
440 1540 596 1583 estra
624 1529 808 1582 omnia
853 1543 975 1596 qua:
1009 1526 1229 1580 videbat
1263 1539 1324 1579 se
1350 1520 1589 1575 extulit?
1639 1519 1753 1582 dic,

177 1625 456 1692 sapientia
493 1622 805 1692 sapientum
843 1618 1128 1686 reproliata
1155 1657 1170 1680 ,
1226 1631 1292 1669 ne
1339 1616 1517 1667 dicam
1579 1627 1609 1664 a
1647 1612 1754 1665 Deo

178 1717 350 1774 stulta
375 1715 537 1778 facta,
569 1721 627 1767 ut
656 1713 831 1780 inquit
859 1709 1060 1763 Paulus
1084 1709 1147 1773 ¹³,
1177 1718 1230 1761 et
1256 1706 1482 1776 quilibet
1513 1704 1604 1757 Dei
1637 1718 1754 1756 ser-

1228 396 1667 460 DlVlNORUM
1711 396 2044 456 AMORUM
2079 397 2332 461 LIBER.

166 514 546 586 iuaspectabili
598 509 1010 581 pulchritudine
1033 508 1358 563 satiabitur?
1387 509 1511 577 quis
1547 518 1636 561 tua
1667 509 1745 560 in-
1773 504 1827 567 Δ

2447 506 2672 562 CAPUT
2728 507 2822 562 ΧΙ.

1855 620 2018 674 Deum
2050 623 2146 675 sibi
2188 623 2321 676 sicut
2354 621 2528 676 Paulo
2549 632 2596 674 et
2633 621 2899 689 Stephano
2931 621 3186 689 apostolis
3228 625 3423 680 risum.

2240 709 2356 746 cum
2383 702 2598 761 stupore
2633 705 3026 748 commemorat.

1923 783 2055 849 Qum
2081 783 2246 853 hujus
2278 783 2524 839 miraculi
2552 785 2787 844 novitas,
2821 784 2966 853 quod
2990 794 3042 839 et
3064 799 3210 839 nunc
3241 793 3425 854 patra-

1857 877 1985 929 tur?
2007 877 2150 931 Deus
2173 879 2338 931 etiam
2360 877 2519 930 hodie
2550 892 2577 929 a
2612 876 2990 945 peccatoribus
3021 881 3134 930 vult
3157 877 3420 947 conspici,

1854 970 1946 1039 qui
1975 969 2086 1038 jam
2111 971 2240 1023 olim
2268 969 2534 1033 ascendit,
2556 979 2605 1023 et
2632 970 2683 1023 in
2716 971 2871 1032 cretis
2896 978 3123 1038 paterno
3145 971 3198 1024 in
3224 973 3423 1027 throno

1856 1063 2150 1116 considens
2186 1074 2269 1115 est
2328 1062 2710 1116 absconditus.
2768 1062 3008 1116 Abstulit
3060 1067 3202 1114 enim
3249 1079 3307 1117 se
3357 1062 3425 1118 ab

1857 1155 2037 1209 oculis
2077 1163 2390 1208 sanctorum
2425 1155 2821 1221 apostolorum,
2880 1163 2935 1206 ut
2988 1152 3324 1216 audivimus,
3373 1166 3427 1205 et

1855 1249 2006 1304 solus
2039 1254 2225 1316 postea
2253 1246 2564 1316 Stephanus
2595 1246 2764 1300 eteius
2803 1255 3023 1314 apertos
3056 1247 3210 1310 vidit,
3236 1259 3301 1300 ac
3343 1247 3419 1298 di-

1858 1342 1981 1394 xit:
2033 1339 2193 1393 Video
2241 1337 2441 1390 Filium
2501 1347 2726 1391 stantem
2759 1354 2790 1390 α
2840 1339 3045 1390 dextris
3095 1339 3280 1406 gloria!
3318 1335 3426 1388 Ιά-

1859 1435 1956 1485 tris
1988 1431 2052 1484 “.
2083 1434 2260 1499 Atque
2287 1431 2491 1484 idcirco
2519 1432 2585 1482 ab
2613 1430 2748 1498 ipsis
2777 1431 2909 1500 legis
2935 1429 3257 1484 doctoribus
3291 1429 3394 1498 lapi
3413 1458 3427 1468 -

1857 1524 2022 1579 dibus
2054 1525 2310 1587 obrutus,
2350 1537 2446 1592 pro
2496 1532 2704 1575 natura:
2736 1522 3054 1575 tenditione
3091 1521 3341 1583 moritur,
3375 1531 3429 1574 et

1859 1615 1990 1668 vivit
2020 1630 2135 1668 :cvo
2163 1617 2519 1682 sempiterno.
2562 1614 2944 1667 Verumtamen
2980 1621 3099 1666 erat
3139 1613 3255 1682 ipse
3297 1627 3430 1678 apo-

1861 1709 2059 1771 stolus,
2089 1716 2142 1762 et
2175 1718 2292 1762 Ct'al
2324 1706 2554 1761 sanctifie
2578 1718 2720 1770 atus,
2750 1716 2802 1760 et
2827 1715 3183 1761 sacrosancto
3221 1706 3430 1775 Spiritu

176 1823 304 1862 vus.
363 1805 466 1859 Hic
489 1813 572 1859 est
603 1805 682 1858 vir
720 1801 1120 1870 concupiscens
1174 1798 1449 1867 spiritum.
1487 1795 1588 1850 llic
1621 1809 1751 1847 cor-
1785 1840 1829 1897 Β
1863 1799 2104 1869 undique
2157 1802 2374 1868 plenus,
2442 1798 2602 1851 Initio
2672 1809 2850 1851 autem
2901 1798 3304 1867 promulgatum
3346 1807 3432 1852 es:

176 1913 312 1968 pore
344 1897 560 1966 corpori
590 1896 1039 1964 appropinquans
1085 1899 1267 1961 potest
1296 1888 1493 1959 spiritu
1525 1895 1752 1942 sanctus

175 2005 323 2047 esse.
359 1990 520 2044 Extra
573 1988 837 2042 mundum
900 1987 1045 2039 enim
1098 1995 1152 2037 et
1188 1983 1303 2037 haec
1353 1996 1606 2051 corpora,
1650 1996 1755 2033 non

178 2094 266 2140 est
309 2084 582 2154 appetitus
612 2079 852 2135 carnalis
885 2076 1212 2142 aﬁ‘ectionis,
1239 2075 1335 2130 sed
1371 2075 1614 2128 vacuitas
1633 2088 1757 2143 pas-

178 2181 428 2241 sionum,
452 2191 616 2246 quam
639 2175 730 2243 qui
762 2172 971 2237 dilexit,
991 2178 1046 2226 et
1070 2186 1130 2225 ex
1161 2185 1224 2224 ea
1257 2169 1552 2224 dilectione
1588 2168 1756 2222 vitam

181 2269 478 2334 lucrifecit,
515 2282 662 2331 eum,
717 2265 932 2320 etiamsi
973 2265 1230 2318 indecore
1266 2278 1324 2316 se
1378 2268 1678 2330 gerentem,
1706 2265 1760 2310 et

182 2363 252 2416 ad
283 2361 562 2414 actionem
613 2356 928 2427 hujusniodi
963 2356 1119 2424 quasi
1163 2353 1504 2424 transfugam
1534 2367 1592 2406 se
1621 2365 1756 2405 con-

183 2453 458 2508 ferentem
499 2450 706 2515 videas,
740 2449 881 2503 scito
911 2448 961 2500 id
993 2461 1198 2515 corpus
1231 2453 1504 2499 mortuum
1552 2442 1755 2499 facere.

184 2546 304 2600 Non
371 2545 498 2600 dico
549 2558 754 2612 corpus
807 2543 926 2596 sine
983 2541 1188 2605 anima,
1231 2554 1354 2609 quae
1409 2537 1485 2590 illi
1550 2545 1757 2591 motuin

186 2638 372 2699 aliert,
411 2637 507 2691 sed
565 2636 682 2690 sine
713 2636 851 2688 mala
898 2632 1224 2701 cupiditate.
1292 2629 1551 2698 Voluptas
1609 2629 1758 2682 enim

181 2731 470 2800 praeclarae
497 2728 786 2789 ἀπαθείας,
811 2734 865 2780 et
893 2727 1040 2794 quod
1070 2723 1264 2778 exinde
1297 2719 1760 2788 incredibilique-

187 2826 313 2875 dam
351 2822 515 2874 modo
545 2837 628 2873 me
659 2819 836 2888 diligit
871 2819 1077 2879 lumen,
1122 2825 1295 2871 totam
1342 2815 1474 2869 mihi
1517 2821 1757 2868 mentem

186 2913 496 2984 percellens
571 2911 807 2980 abripit,
863 2911 1150 2980 ipsamque
1203 2909 1404 2962 nudam
1465 2906 1759 2962 continens

189 3003 537 3060 imiuatcriali
565 3018 748 3062 manu,
780 3017 891 3055 non
927 3018 1011 3056 me
1055 3016 1154 3056 sua
1205 2999 1457 3055 claritate
1485 2996 1758 3062 excidere,

191 3109 285 3151 aut
317 3097 522 3166 aliquid
550 3111 672 3149 cum
705 3096 898 3149 vitiosa
933 3095 1176 3148 motione
1217 3093 1575 3162 conjunctum
1615 3091 1761 3160 cogi-

190 3195 309 3238 tare
337 3187 542 3255 patitur
568 3201 582 3238 :
613 3184 709 3239 sed
740 3184 1124 3254 complectitur
1150 3183 1519 3247 continenter,
1549 3189 1604 3237 et
1639 3182 1761 3235 aui-
1789 3173 1833 3234 C

193 3292 339 3329 mam
372 3291 545 3329 meam
586 3285 758 3330 torret
810 3290 984 3341 amor,
1026 3290 1127 3331 nec
1175 3283 1260 3331 est
1305 3275 1369 3329 in
1428 3290 1513 3330 me
1566 3288 1764 3330 sensus

196 3369 365 3421 alius.
402 3367 623 3432 Quanto
655 3368 798 3422 enim
849 3368 1250 3424 mundissimus
1281 3367 1440 3437 panis
1476 3365 1604 3420 ﬁmo
1636 3381 1765 3435 pre-

195 3460 390 3511 tiosior
428 3468 485 3512 et
530 3458 754 3513 suavior
777 3469 880 3524 est,
921 3469 1073 3513 tanto
1110 3459 1345 3528 amplius
1376 3464 1430 3514 et
1456 3459 1578 3512 sine
1605 3471 1761 3512 com-

196 3553 487 3621 paratione
515 3553 748 3620 amplius
771 3567 1006 3621 superna
1035 3551 1265 3606 infernis
1283 3560 1544 3622 pra~stant
1625 3552 1765 3620 apud

195 3642 346 3706 illos,
370 3642 462 3711 qui
485 3657 546 3696 ca
569 3643 706 3697 bene
730 3651 1109 3710 gustaverunt.
1139 3641 1437 3697 Erubescat
1457 3643 1768 3709 sapientum

199 3736 513 3804 sapientia,
572 3749 717 3789 verae
763 3735 1099 3805 cognitionis
1149 3749 1372 3806 expers.
1437 3736 1770 3804 Simplicitas

197 3831 348 3883 enim
403 3838 718 3882 nostrorum
756 3843 1073 3884 sermonum
1108 3831 1290 3898 reipsa
1335 3829 1632 3899 legitimam
1685 3843 1772 3880 sa-

200 3922 469 3991 pientiam
502 3922 766 3990 possidet,
787 3937 909 3992 quae
933 3923 1333 3977 consuetudine
1357 3923 1540 3976 divina
1583 3921 1772 3975 h-uens

200 4014 357 4066 illum
393 4013 608 4075 adorat,
646 4028 676 4066 a
716 4026 824 4082 quo
860 4015 1041 4070 omnis
1098 4013 1371 4084 sapientia
1416 4015 1470 4066 in
1509 4013 1610 4066 hac
1663 4013 1772 4065 vita

200 4107 406 4158 donata
439 4113 544 4168 est,
579 4119 676 4174 per
701 4120 864 4174 quam
892 4108 1153 4176 reﬁngor,
1202 4114 1297 4158 aut
1348 4104 1512 4159 etiam
1573 4103 1775 4158 deitate

200 4196 427 4250 alliciar.

805 4329 1036 4390 CAPUT
1095 4331 1161 4387 Χ.

1862 1892 2217 1961 Evangelium
2242 1890 2574 1944 multitudini
2596 1889 2916 1953 inlidelium,
2934 1890 3023 1957 qui
3053 1889 3429 1957 apostolorum

1860 1999 2026 2055 opera
2061 1984 2113 2037 in
2153 1983 2434 2038 Christum
2470 1983 2778 2046 credentes,
2831 1980 2991 2036 etiam
3026 1982 3258 2050 gratiam
3305 1981 3430 2035 ﬁdei

1859 2079 2063 2130 donum
2105 2081 2458 2145 acceperunt.
2499 2074 2571 2130 At
2616 2077 2762 2130 enim
2800 2090 2946 2129 nunc
3003 2088 3093 2128 res
3141 2089 3281 2127 nova
3317 2073 3431 2126 hate

1859 2184 1979 2238 quae
2008 2169 2063 2223 in
2099 2183 2184 2222 me
2209 2166 2284 2229 ﬁt,
2317 2166 2576 2235 quidnam
2603 2165 2706 2220 sibi
2733 2163 2884 2220 vult?
2922 2163 3063 2231 Quid
3096 2165 3183 2219 his
3221 2179 3343 2233 quat
3377 2164 3432 2217 in

1862 2277 1948 2317 me
1987 2271 2372 2330 perpetrantur
2422 2258 2496 2311 ita
2536 2257 2918 2325 obstupeseo?
2969 2256 3094 2326 quis
3146 2256 3234 2310 hic
3281 2256 3440 2311 beni—

1858 2356 2086 2427 gnitatis
2116 2354 2333 2419 modus,
2366 2367 2529 2422 quem
2562 2351 2854 2422 experior?
2914 2349 3077 2405 Novae
3106 2348 3312 2404 divitiae
3342 2351 3438 2404 bo-

1861 2451 2069 2514 nitatis,
2098 2447 2240 2502 alius
2275 2447 2397 2502 fons
2434 2445 2848 2511 misericordiae,
2879 2445 3054 2500 multo
3097 2445 3218 2515 plus
3267 2459 3432 2514 quam

1861 2544 1992 2599 olim
2032 2541 2344 2597 eﬁ‘nndens.
2405 2538 2589 2594 Multis
2651 2537 2800 2592 enim
2842 2551 2906 2592 ex
2948 2535 3284 2606 benignitate
3341 2535 3435 2589 Dei

1863 2633 2241 2690 misericordia
2293 2632 2576 2701 impertita
2631 2640 2716 2686 est
2756 2637 3177 2683 :verumtamen
3233 2638 3288 2684 et
3335 2630 3436 2699 ipsi

1863 2728 2142 2796 proprium
2172 2723 2454 2795 quiddam,
2491 2724 2648 2778 ﬁdem
2675 2721 2931 2776 nimirum
2968 2720 3288 2784 all’erebant,
3312 2737 3435 2776 cum

1864 2820 1986 2876 aliis
2018 2819 2310 2873 virtutibus
2363 2817 2720 2885 probatisque
2775 2813 3109 2869 actionibus.
3157 2813 3270 2884 Ego
3309 2828 3439 2867 vero

1865 2913 1951 2967 his
1987 2909 2244 2965 omnibus
2275 2924 2363 2965 me
2403 2922 2594 2962 carere
2620 2905 2921 2978 perspicio.
2951 2914 3005 2959 et
3044 2906 3180 2969 scio,
3211 2914 3265 2958 et
3297 2903 3441 2959 ferre

1865 3019 2101 3075 nequeo,
2143 3018 2266 3073 qua:
2299 3002 2352 3056 in
2380 3017 2468 3056 me
2514 3002 2582 3056 ab
2629 3013 2788 3056 utero
2853 3001 3044 3055 matris
3093 2999 3438 3070 deploratum

1867 3097 2004 3151 ﬁunt
2026 3110 2057 3149 a
2082 3093 2215 3161 Deo,
2240 3095 2332 3165 qui
2367 3095 2538 3150 verbo
2568 3109 2786 3149 omnem
2821 3103 3074 3147 naturam
3110 3092 3440 3162 procreavit,

1869 3204 2099 3262 quaeque
2128 3199 2182 3244 et
2215 3189 2398 3242 animo
2426 3189 2671 3257 cogitare
2699 3186 3018 3252 reformido,
3056 3187 3254 3239 nedum
3292 3193 3349 3239 ut
3377 3199 3440 3235 ea

1871 3282 2120 3338 scribere
2173 3280 2432 3336 audeam.
2469 3278 2605 3333 Nam
2642 3293 2892 3348 quamam
2932 3292 3127 3331 manus
3182 3276 3310 3331 huic
3362 3275 3441 3329 rei

1871 3375 2172 3434 inserviet?
2209 3375 2334 3446 quis
2366 3373 2610 3429 calamus
2643 3372 2932 3426 exarabit?
2962 3371 3088 3439 quis
3126 3383 3309 3424 sermo
3329 3368 3442 3423 elo-

1871 3467 2254 3537 quetur?qu'.e
2280 3465 2463 3535 lingua
2499 3461 2882 3518 renuntiabit?
2913 3477 3033 3530 qua:
3060 3461 3208 3536 labra
3261 3460 3444 3528 expri-

1873 3570 2040 3620 ment,
2075 3573 2194 3628 quae
2229 3559 2282 3611 in
2327 3571 2413 3610 me
2463 3564 2770 3610 cernuntur
2799 3554 2941 3619 ﬁeri,
2975 3561 3030 3608 et
3061 3563 3171 3608 tota
3203 3552 3291 3607 die
3321 3567 3444 3620 per-

1874 3652 2004 3706 ﬁci?
2033 3651 2243 3706 Etenim
2295 3657 2348 3703 et
2403 3649 2458 3703 in
2487 3649 2601 3717 ipsa
2641 3657 2821 3712 nocte,
2852 3656 2906 3701 et
2936 3647 2988 3699 in
3023 3646 3156 3715 ipsis
3210 3645 3446 3700 tenebris

1873 3760 1997 3796 cum
2034 3753 2270 3797 tremore
2306 3741 2588 3796 Christum
2641 3744 2809 3793 caelos
2835 3738 2972 3792 mihi
3002 3739 3338 3807 aperientem
3372 3738 3445 3788 vi-

1873 3839 1996 3901 ilco,
2052 3837 2344 3905 ipsumque
2400 3834 2851 3902 prospicientem,
2883 3839 2937 3885 et
2972 3830 3028 3886 in
3061 3845 3146 3884 me
3185 3829 3442 3883 deorsum

1876 3926 2200 3989 intuentem,
2234 3939 2356 3978 cum
2395 3923 2553 3977 Patre
2587 3934 2638 3977 et
2671 3920 2901 3992 Spiritu,
2936 3921 3141 3975 lumine
3195 3929 3279 3976 ter
3313 3933 3446 3973 san-

1876 4026 1980 4071 cto.
2009 4015 2187 4069 Unum
2222 4014 2383 4085 igitur
2415 4016 2466 4068 in
2492 4015 2693 4076 tribus,
2725 4023 2778 4067 et
2811 4016 2864 4068 in
2892 4027 2998 4067 uno
3023 4013 3123 4065 tria
3155 4012 3331 4080 ipsum
3361 4011 3447 4063 lu-

1877 4126 1998 4163 men
2035 4111 2195 4179 plane
2229 4118 2336 4172 cst,
2378 4118 2433 4162 et
2467 4109 2648 4162 lumen
2684 4122 2851 4162 unum
2881 4107 3005 4169 tria,
3038 4105 3182 4173 quod
3213 4112 3270 4159 et
3294 4103 3445 4171 plus-

1877 4217 2038 4271 quam
2075 4201 2157 4256 sol
2191 4201 2429 4255 animam
2474 4215 2647 4254 meam
2701 4200 2950 4264 irradiat,
3001 4209 3054 4251 et
3093 4204 3328 4251 mentem
3368 4207 3448 4248 te-

1880 4293 2066 4348 nebris
2100 4292 2334 4348 offusam
2384 4292 2640 4347 illustrat.
2685 4290 2741 4345 Si
2806 4291 2951 4344 enim
3020 4289 3246 4344 vidisset
3297 4305 3449 4343 mens

1887 4402 2027 4450 mea,
2060 4387 2125 4438 ab
2155 4386 2310 4439 initio
2341 4385 2590 4439 vidisset.
2632 4384 2737 4437 Sed
2767 4398 2942 4438 caecus
2967 4397 3139 4444 eram,
3167 4382 3296 4435 mihi
3329 4398 3451 4435 rre-

207 4466 511 4522 Tristiziam
541 4483 606 4520 ex
639 4467 780 4522 obitu
811 4469 1094 4548 charorum
1125 4471 1283 4524 etiam
1333 4469 1656 4523 robustiores
1691 4479 1771 4524 at.
1813 4501 1856 4556 ο
1887 4480 2016 4543 dite,
2050 4493 2148 4531 nec
2179 4477 2448 4537 videbam,
2470 4484 2636 4546 atque
2657 4476 2778 4529 ideo
2813 4473 3136 4527 miraculum
3168 4473 3341 4541 magis
3366 4487 3453 4527 me

891 4543 1103 4610 tingere.

279 4655 420 4708 item
481 4667 678 4706 novam
721 4660 776 4706 et
818 4654 1309 4722 obstupesceudam
1367 4655 1568 4711 audivi.
1614 4655 1781 4712 Natu-

205 4760 344 4810 ram,
391 4747 482 4797 cui
523 4743 660 4796 nihil
701 4757 823 4796 cum
855 4745 1020 4798 rebus
1048 4747 1271 4800 cadui'is
1323 4749 1663 4811 commercii,
1705 4749 1781 4802 ιδ.

207 4837 349 4906 pide,
381 4837 474 4890 cui
503 4850 699 4890 nomen
731 4837 980 4902 adamas,
1017 4837 1332 4892 solidiorem
1360 4841 1468 4909 pati
1509 4842 1774 4910 potuisse.

205 4928 304 4994 Qui
328 4929 471 4997 lapis
493 4942 617 4982 cum
648 4943 746 4981 nec
766 4927 906 4996 igne,
929 4945 1026 4981 nec
1055 4930 1196 4985 ferro
1223 4935 1524 4994 mollescat,
1555 4934 1776 5002 plumbo

207 5022 550 5091 implicatus,
584 5032 710 5074 cera
747 5020 803 5073 lit
832 5022 1067 5075 mollior.
1126 5022 1284 5078 Modo
1341 5025 1549 5080 credidi
1598 5037 1777 5096 guttas

209 5129 369 5183 aqua:
427 5113 590 5184 longo
623 5114 798 5182 spatio
833 5116 886 5168 in
930 5127 1141 5184 petram
1194 5118 1474 5183 cadentes,
1523 5134 1642 5173 eam
1692 5136 1781 5175 ca-

211 5223 357 5260 vare.
385 5207 451 5260 Et
474 5206 716 5275 profecto
748 5207 880 5262 nihil
908 5218 990 5264 est
1023 5211 1076 5262 in
1098 5209 1204 5264 vita
1224 5212 1580 5267 immutabile.
1611 5213 1780 5269 Nemo

215 5313 298 5350 me
329 5313 396 5352 ex
433 5312 672 5352 occursu
726 5300 958 5366 judicet.
999 5298 1109 5365 Vae,
1169 5302 1382 5371 fugacia
1443 5305 1608 5372 hujus
1657 5305 1780 5359 vit:e

215 5387 356 5442 bona
395 5397 656 5454 tanquam
711 5387 863 5440 ﬁrma
892 5398 944 5441 et
981 5389 1156 5442 valida
1207 5391 1460 5454 intuenti,
1497 5401 1552 5446 et
1584 5395 1788 5447 laetanti

218 5479 270 5530 in
317 5478 452 5531 illis.
494 5476 694 5532 Eadem
726 5480 800 5532 illi
829 5496 927 5534 usu
959 5481 1198 5544 venient,
1236 5499 1357 5551 quae
1394 5485 1528 5537 mihi
1559 5487 1782 5539 misero.

217 5573 332 5627 Nox
369 5589 456 5627 me
505 5587 532 5625 a
572 5573 737 5628 fratre
780 5575 1124 5644 dulcissimo,
1165 5579 1470 5649 interrupto
1506 5581 1789 5636 charitatis

219 5666 455 5720 indiviso
487 5666 690 5721 lumine
718 5671 1010 5738 separavit.

295 5855 340 5884 "
370 5854 387 5906 Ι
421 5852 547 5908 Cor.
591 5857 741 5913 t,19.
823 5854 862 5883 "‘
890 5852 1118 5919 Acl.vtt,
1149 5855 1238 5909 55.

542 5949 810 6007 “Tum.
855 5949 966 6007 Cn.
1011 5947 1103 6007 (ἶῖ
1119 5949 1188 6006 .\'.

1886 4569 2299 4639 obstupefacit,
2369 4582 2494 4622 cum
2554 4566 2778 4620 oculum
2839 4566 3040 4620 mentis
3093 4565 3342 4634 aperiat,
3397 4575 3454 4618 et

1882 4661 2289 4733 quodammodo
2327 4661 2511 4714 videre
2539 4659 2654 4720 det,
2697 4669 2750 4712 et
2794 4666 2880 4710 est
2906 4659 3087 4728 ipsum
3123 4656 3268 4725 quod
3297 4655 3455 4710 vide-

1884 4763 1992 4809 tur.
2030 4755 2148 4824 Ipse
2182 4750 2325 4807 enim
2370 4749 2554 4803 lumen
2588 4749 2644 4802 in
2693 4746 2906 4800 lumine
2938 4751 3167 4816 apparet
3219 4743 3423 4798 videnti

1885 4851 2005 4913 bus,
2039 4856 2092 4900 et
2121 4845 2213 4914 qui
2250 4844 2301 4896 in
2336 4840 2543 4895 lumine
2599 4839 2812 4900 vident,
2854 4839 3034 4906 ipsum
3094 4851 3312 4888 rursum
3372 4835 3452 4887 vi-

1887 4942 2036 5005 dent,
2069 4941 2124 4994 in
2155 4939 2358 4991 lumine
2391 4937 2536 4990 enim
2595 4933 2833 5002 Spiritus
2868 4930 3077 4993 vident,
3114 4929 3210 4998 qui
3242 4927 3452 4988 vident,

1886 5045 1939 5087 et
1973 5033 2027 5085 in
2056 5033 2156 5084 hoc
2183 5028 2454 5090 videntes,
2489 5027 2684 5081 Filium
2734 5024 3096 5094 perspiciunt.
3134 5020 3237 5086 Qui
3270 5029 3452 5072 autem

1897 5127 2096 5196 dignus
2128 5130 2213 5178 est
2240 5123 2481 5185 habitus,
2519 5123 2699 5175 videre
2723 5117 2949 5182 Filium,
2981 5117 3199 5170 Patrem
3234 5127 3455 5181 quoque

1890 5218 2054 5273 videt.
2095 5216 2307 5270 l’atrem
2335 5225 2516 5269 autem
2558 5213 2771 5276 videns,
2798 5226 2922 5266 eum
2950 5208 3088 5263 Filio
3122 5207 3345 5259 omnino
3371 5202 3454 5255 vi-

1891 5313 1999 5372 det.
2045 5311 2188 5364 sicut
2209 5317 2260 5362 et
2287 5322 2450 5368 nunc,
2492 5314 2550 5359 ut
2579 5304 2785 5360 dictqu
2817 5310 2921 5368 est,
2953 5303 3005 5355 in
3034 5315 3118 5352 me
3148 5299 3222 5352 ﬁt.
3257 5297 3319 5350 Et
3347 5311 3456 5349 non

1889 5401 2258 5472 intelligibilia
2294 5402 2639 5469 aliquantum
2698 5397 2939 5463 intelligo
2973 5413 2985 5447 ε
3017 5404 3070 5446 et
3131 5407 3277 5444 nunc
3344 5391 3461 5457 pul-

1889 5491 2232 5546 chritudines
2268 5500 2490 5558 propter
2546 5488 2728 5541 lumen
2781 5481 3186 5541 inaecessibilc,
3238 5487 3459 5546 propter

1889 5583 2114 5654 gloriam
2149 5597 2255 5636 non
2284 5577 2666 5637 sustinendam
2723 5570 3246 5642 iucontemplabiles
3273 5582 3458 5638 praem

1891 5675 2120 5745 aspicio.

2988 5937 3052 5998 17
