4170 6452
743 371 844 435 593

1969 368 2336 428 ΞΙΜΕΟΝΙΞ
2379 371 2740 430 JUNlORlS

3881 379 3981 442 594

810 488 1086 539 Attonitus
1127 480 1197 535 fio
1240 481 1612 541 vehementer,
1645 488 1698 534 et
1731 487 1967 534 tremore
2008 482 2299 550 cori-ipior,
2335 488 2376 541 Α
2410 484 2477 535 ab
2501 500 2585 548 eo,
2619 487 2706 550 qui
2740 499 2824 542 est
2862 489 2919 540 io
2950 488 3246 560 principio,
3280 500 3406 549 ante
3439 494 3620 546 omnia
3653 496 3876 552 saecula.
3920 512 3983 550 ex

743 592 864 631 cum
895 575 998 630 nisi
1031 588 1192 627 unam
1224 582 1430 643 guttam
1455 584 1519 623 ex
1558 570 1758 640 abysso
1805 570 2040 634 videam,
2085 573 2304 624 univcr-

743 674 878 726 sitas
920 679 1103 722 autem
1138 680 1431 735 aquarum,
1465 673 1524 717 ut
1561 663 1615 717 in
1665 673 1816 732 gutta
1871 662 2303 726 demonstratur,

743 774 982 829 quanam
1015 756 1274 826 qualitate
1310 762 1364 806 et
1396 753 1579 822 specie
1614 753 1684 806 sit
1713 771 1725 806 :
1774 751 1919 806 sicut
1973 767 2037 805 ex
2096 752 2306 806 fimbria

745 862 918 907 totum
945 859 1174 912 textum,
1209 856 1286 909 et,
1315 856 1374 900 ut
1408 847 1582 909 aiunt,
1627 859 1692 899 ex
1723 859 1903 913 ungue
1941 845 2045 898 leo.
2090 842 2180 897 Sic
2229 853 2306 897 to-

748 958 861 1000 tum
911 945 962 996 iu
999 957 1169 1012 parvo
1225 940 1544 1010 amplexaus
1595 937 1770 999 video,
1824 939 2110 1005 ipsumque
2157 937 2306 990 illum

743 1037 1048 1098 Christum,
1078 1043 1131 1088 et
1157 1033 1322 1087 Deum
1360 1046 1539 1084 meum
1569 1031 1761 1084 adoro.
1800 1030 2094 1083 Solabatur
2127 1039 2306 1083 autem

747 1142 831 1178 me
859 1124 1132 1186 nonnihil,
1161 1121 1304 1190 quod
1336 1135 1445 1174 non
1475 1119 1796 1183 devorarer,
1835 1118 1982 1187 quod
2016 1133 2124 1171 non
2160 1131 2308 1171 com-

745 1220 995 1296 burerer,
1015 1216 1148 1269 velut
1180 1231 1296 1267 cera
1321 1231 1350 1268 a
1371 1215 1504 1283 (acie
1522 1214 1681 1282 ignis,
1710 1222 1768 1266 ut
1789 1211 2213 1280 dixitProplieta
2243 1210 2306 1274 ”,

744 1312 871 1380 quia
905 1311 1058 1377 longe
1080 1308 1344 1361 distarem
1381 1321 1409 1358 a
1449 1306 1653 1358 lumine
1679 1305 2064 1366 iuaccessibili,
2095 1311 2149 1356 et
2181 1317 2311 1356 con-

745 1403 994 1455 sisterem
1023 1402 1073 1452 in
1111 1399 1302 1452 mediis
1328 1397 1592 1460 tenebris,
1620 1406 1674 1450 ct
1697 1399 1780 1449 liis
1804 1397 2138 1457 occultarcr,
2169 1396 2311 1448 unde

743 1495 889 1547 velut
923 1477 1015 1562 per
1058 1492 1330 1544 modicum
1368 1489 1611 1544 foramen
1673 1489 2038 1557 prospiciens,
2087 1490 2312 1554 veitigi.

745 1604 867 1640 nem
899 1586 1172 1652 patiebar.
1213 1583 1267 1636 In
1302 1584 1387 1637 his
1417 1583 1544 1636 dum
1587 1582 1730 1644 vivo,
1762 1591 2114 1648 mentemque
2147 1581 2311 1634 disti-

747 1694 868 1735 neo.
904 1686 956 1735 et
987 1677 1144 1746 quasi
1174 1677 1225 1729 iu
1257 1675 1455 1728 coelum
1487 1689 1573 1727 me
1619 1683 1748 1742 pulo
1780 1673 2079 1740 5u5picere,
2116 1673 2314 1725 timeo-

745 1786 872 1838 que,
917 1785 982 1823 ne
1015 1768 1238 1838 propior
1263 1766 1395 1819 mihi
1428 1764 1604 1817 laetus
1638 1778 1723 1816 me
1749 1762 1913 1826 afﬂet,
1941 1765 2120 1832 ipsum
2156 1765 2309 1818 illum

747 1862 956 1924 inveni,
1019 1875 1180 1927 quem
1241 1857 1555 1926 Stephanus
1609 1855 1764 1910 malis
1821 1857 2023 1924 apertis
2076 1856 2226 1920 vidit,
2263 1865 2315 1909 ct
2352 1840 2391 1898 Β

747 1959 933 2020 postea
967 1949 1167 2003 Paulus
1196 1962 1318 2001 cum
1366 1947 1614 2011 vidisset,
1647 1956 1956 1999 excaecatus
1989 1951 2072 1997 est
2121 1945 2184 2008 ”,
2234 1954 2314 1997 to-

749 2058 863 2100 tum
929 2043 1175 2114 profecto
1230 2051 1288 2096 ut
1349 2042 1524 2110 ignem
1597 2041 1649 2092 in
1705 2038 1883 2092 medio
1946 2039 2127 2092 cordis
2184 2039 2310 2093 mei.

746 2138 1113 2204 Quamobrem
1169 2135 1435 2188 miraculo
1497 2130 1891 2198 tremefactus,
1948 2141 2001 2185 et
2068 2132 2311 2200 trepidus

746 2230 924 2290 valde,
952 2237 1005 2281 ct
1036 2227 1230 2280 solutis
1271 2226 1503 2288 viribus,
1532 2225 1598 2277 de
1627 2234 1810 2278 mente
1865 2225 2101 2286 decessi,
2163 2233 2312 2278 totus

749 2321 1182 2376 batsitabuutlus.
1224 2319 1341 2373 Non
1405 2319 1690 2372 sustinens
1746 2327 1926 2370 autem
1991 2319 2313 2370 immensam

746 2414 997 2483 gloriam,
1025 2412 1077 2464 in
1111 2420 1268 2464 nocte
1295 2409 1487 2461 harum
1519 2410 1832 2461 notitiaruiu
1855 2422 2079 2462 aversus
2103 2408 2312 2478 aufugi,

746 2515 1036 2574 tectusque
1083 2501 1534 2572 cogitationibus,
1596 2502 1650 2555 in
1690 2500 1774 2554 liis
1826 2500 1977 2554 velut
2029 2501 2081 2555 in
2118 2516 2315 2554 monu-

749 2611 993 2655 mentum
1032 2599 1331 2666 iugressus,
1360 2606 1412 2648 et
1453 2611 1551 2664 pro
1595 2595 1770 2663 lapide
1818 2595 1921 2648 hoc
1967 2596 2312 2649 crassissimo

747 2708 979 2761 corpore
1011 2689 1376 2759 superposito,
1409 2688 1655 2741 obtectus
1688 2702 1832 2752 sum,
1861 2694 1915 2740 et
1955 2688 2313 2745 absconditus

745 2789 1002 2858 opinione
1041 2799 1159 2836 mea
1189 2798 1219 2835 a
1253 2790 1520 2852 praesente
1555 2782 1779 2849 ubique,
1845 2781 1938 2848 qui
1985 2780 2115 2833 (illiti
2167 2796 2314 2835 mor-

746 2891 899 2934 tuum
934 2893 996 2929 ac
1029 2876 1303 2943 Sepultum
1337 2890 1421 2928 me
1458 2874 1736 2927 excitavit.
1768 2871 2030 2929 Tremens
2063 2875 2233 2940 enim,
2261 2882 2312 2929 et

746 2990 855 3029 non
900 2973 1040 3041 potis
1074 2971 1254 3023 videre
1281 2969 1402 3036 ejus
1436 2968 1686 3036 gloriam,
1725 2967 1914 3020 subire
1937 2967 2071 3036 elegi
2109 2970 2310 3036 potius,

744 3075 799 3121 ct
828 3079 1047 3118 manere
1083 3064 1133 3115 iu
1172 3061 1448 3129 sepulcro,
1483 3069 1537 3112 et
1565 3058 1813 3114 habitare
1868 3075 1989 3112 cum
2053 3059 2308 3124 mortuis,

743 3159 936 3216 vivens
978 3157 1094 3225 ipse
1139 3156 1192 3206 in
1234 3153 1512 3220 sepulcro,
1560 3167 1726 3220 quam
1772 3161 1829 3206 ut
1866 3152 1992 3219 igne
2035 3152 2129 3205 illo
2156 3167 2309 3204 com-

749 3252 945 3306 bustus
999 3247 1248 3299 funditus
1277 3249 1530 3311 perirem.
1575 3242 1651 3297 lbi
1689 3242 1970 3297 sedentem
2003 3260 2088 3298 me
2120 3244 2314 3314 despe-

748 3353 949 3406 ratum,
1007 3339 1232 3394 omnino
1276 3339 1393 3392 sine
1449 3337 1553 3391 fine
1616 3336 1928 3401 lamentari,
1991 3344 2046 3390 ct
2102 3338 2313 3405 plorare

748 3442 984 3506 Oportet,
1017 3432 1144 3501 quia
1205 3431 1517 3484 desiderato
1557 3427 1876 3490 frustratus,
1909 3444 2052 3482 nunc
2090 3429 2142 3483 in
2201 3445 2316 3483 mo-

751 3537 1011 3581 uuinento
1072 3524 1360 3578 delitesco.
1417 3520 1620 3575 Vivens
1686 3530 1867 3574 autem
1909 3530 2163 3575 mortuus
2211 3523 2314 3576 sub

751 3634 916 3682 terra,
965 3629 1019 3672 et
1060 3617 1239 3686 lapide
1286 3623 1574 3670 contectus
1603 3653 1618 3679 ,
1669 3615 1838 3667 vitam
1905 3615 2087 3669 inveni
2146 3618 2313 3670 Deum

753 3715 956 3778 ipsum,
988 3710 1080 3777 qui
1114 3709 1280 3760 vitam
1310 3705 1483 3770 dedit,
1510 3705 1601 3759 cui
1642 3705 1714 3760 sit
1741 3705 1934 3775 gloria,
1971 3715 2023 3760 et
2051 3706 2229 3760 honor
2258 3707 2312 3761 in

753 3807 976 3863 sa-cula.

1343 3929 1569 3987 CAPUT
1605 3928 1718 3983 XII.

751 4087 827 4140 De
856 4085 1056 4138 uni/ate
1087 4083 1386 4137 omnimodo
1416 4082 1848 4152 τριςυποστὰτου
1892 4080 2152 4143 Deitatis;
2187 4088 2233 4130 et
2262 4081 2315 4131 in

820 4160 1004 4222 quibus
1027 4172 1079 4207 se
1108 4156 1312 4220 aliquit!
1341 4170 1451 4205 esse
1483 4153 1647 4212 dicat,
1682 4152 1966 4204 hinniliaus
1994 4167 2047 4203 se
2075 4152 2171 4203 [mc
2200 4165 2318 4201 cou-

821 4227 1064 4295 fessionc,
1097 4236 1143 4277 et
1172 4224 1528 4291 arrogantiam
1555 4222 1916 4290 pudefacieus.

821 4361 1131 4428 Quomodo,
1159 4376 1279 4429 qua:
1303 4359 1594 4427 aliquando
1631 4358 1686 4412 in
1719 4374 1805 4413 mc
1834 4357 2108 4424 delevisti,
2172 4357 2316 4412 Deus

752 4471 929 4519 meus,
969 4454 1339 4514 reviviscunt,
1389 4468 1586 4520 meque
1646 4454 1930 4515 cruciant,
1968 4463 2021 4505 et
2056 4454 2316 4505 tenebras

2415 574 2594 640 l‘atre,
2639 593 2763 632 cum
2827 579 3036 648 Spiritu
3087 593 3306 642 saneto.
3339 584 3478 638 Filio
3538 593 3592 639 et
3645 585 3825 639 Verbo
3868 587 3982 642 Dei.

2416 664 2592 733 (Deest
2628 667 2680 718 in
2709 679 2930 738 utroque
2962 673 3256 739 exemplari
3278 675 3475 744 pagina
3499 675 3730 743 fortasse
3761 678 3985 744 ima)....

2417 766 2475 812 et
2512 762 2565 812 in
2599 775 2686 815 me
2716 764 3030 831 producunt
3067 766 3296 830 bestias,
3319 775 3374 820 et
3407 767 3672 823 draciines
3713 769 3844 820 milii
3897 784 3990 820 na-

2417 859 2668 918 scuntur,
2713 863 2769 908 et
2805 856 3044 925 reptilia,
3077 865 3131 910 et
3177 873 3483 928 serpentes,
3516 862 3756 914 membra
3795 863 3992 915 anima:

2420 959 2549 996 mea:
2574 954 2834 1000 vexantes
2869 963 3106 1019 semper.
3140 949 3290 1014 Vana
3324 955 3526 1021 quippe
3579 962 3632 1006 et
3669 955 3852 1008 inanis
3877 957 3993 1024 g'o—

2418 1036 2496 1088 ria
2534 1039 2747 1091 mordet
2779 1053 2886 1100 me,
2917 1049 2971 1094 et
3007 1043 3196 1096 dentes
3245 1043 3423 1113 infigit
3457 1045 3510 1097 in
3552 1059 3647 1098 cor
3690 1062 3895 1108 meum,
3925 1063 3990 1101 ex

2417 1141 2526 1196 quo
2548 1127 2765 1183 infirmo
2796 1130 2902 1197 iam
2965 1143 3018 1185 et
3055 1136 3218 1202 plane
3259 1134 3434 1188 fracto
3468 1151 3553 1189 me
3583 1152 3747 1190 canes
3776 1138 3992 1192 feroces

2418 1221 2742 1274 exstiterunt
2795 1233 2850 1277 et
2906 1222 3143 1279 ferarum
3174 1228 3490 1281 multitudo.
3514 1228 3765 1298 Cumque
3795 1232 3992 1298 jacen-

2421 1319 2524 1364 tem
2556 1313 2914 1378 invenissent,
2953 1317 3310 1372 comederunt
3342 1334 3448 1372 mc.
3484 1318 3699 1373 Deliciae
3727 1323 3873 1374 enim
3939 1332 3993 1375 et

2423 1404 2614 1458 laudes
2658 1407 2909 1460 humana:
2947 1409 3354 1464 emcdullarunt
3416 1424 3468 1466 et
3497 1429 3836 1467 enervat-unt
3869 1419 3993 1468 ani-

2423 1510 2562 1548 mam
2603 1513 2795 1562 meam,
2831 1501 3284 1571 abstuleruntque
3320 1505 3452 1556 milii
3510 1507 3677 1559 robur
3717 1518 3770 1560 et
3799 1510 3996 1560 alacri-

2421 1596 2584 1639 tatem
2611 1604 2806 1642 meam.
2843 1591 2953 1646 lleu
2987 1597 3102 1647 me!
3137 1597 3229 1663 qui
3256 1597 3490 1649 scribam
3523 1600 3747 1650 omnia?
3784 1600 3992 1668 Magni.

2424 1678 2520 1732 fica
2547 1689 2726 1733 autem
2763 1685 3024 1750 opinione
3055 1685 3121 1739 de
3154 1702 3240 1739 me
3266 1688 3408 1754 ipso,
3436 1689 3652 1755 inertia,
3687 1694 3992 1760 Voluptate,

2422 1787 2551 1825 cura
2585 1774 2901 1830 hominibus
2925 1779 3196 1846 placendi,
3225 1791 3484 1850 tauquam
3517 1784 3822 1838 latronibus
3861 1784 3992 1840 mihi

2425 1867 2719 1937 impositis,
2780 1871 3045 1939 utrinque
3103 1872 3409 1934 trahentes,
3474 1874 3848 1928 distraxerunt
3885 1894 3992 1930 me.

2425 1960 2490 2013 Et
2521 1961 2634 2013 haec
2676 1962 2900 2031 quidem
2936 1963 3113 2017 ablata
3170 1966 3470 2019 sobrietate
3504 1975 3556 2019 ct
3588 1969 3951 2036 temperantia
3980 1985 3992 2030 ;

2425 2052 2538 2107 lirec
2571 2069 2701 2108 vero
2725 2069 2890 2122 opera
2923 2055 3092 2121 bona,
3122 2065 3174 2111 et
3204 2059 3449 2112 aetiones
3473 2060 3774 2112 secundum
3800 2059 3991 2124 Deum,

2423 2153 2480 2197 ut
2516 2160 2544 2198 a
2577 2146 2756 2214 seipsa
2792 2148 3068 2216 profectas
3099 2160 3407 2213 ostentans,
3444 2161 3721 2204 mortuum
3758 2167 3845 2204 me
3873 2151 3994 2204 red-

2423 2237 2703 2292 diderunt.
2734 2239 2852 2304 Dic,
2890 2243 3110 2302 amabo,
3137 2257 3204 2295 an
3241 2257 3346 2297 non
3377 2245 3708 2307 miserabile,
3744 2254 3798 2297 et
3831 2245 3995 2296 misc-

2423 2329 2637 2383 ratione
2693 2331 3085 2399 dignissimum
3149 2343 3252 2396 est,
3294 2348 3417 2386 eum
3477 2341 3588 2386 tam
3648 2335 3836 2387 multa:
3871 2333 3998 2387 affe-

2421 2426 2655 2488 (tiones,
2689 2432 2742 2479 et
2772 2427 3008 2495 impetus
3036 2425 3331 2479 turbulenti
3364 2427 3418 2479 in
3447 2441 3533 2480 me
3559 2435 3786 2494 repente
3819 2428 3997 2480 irrue-

2421 2527 2571 2583 runt,
2602 2531 2655 2573 et
2687 2521 2835 2572 omni
2876 2521 3080 2573 virtute
3138 2529 3366 2574 exutum
3399 2533 3462 2574 ac
3494 2521 3867 2588 despoliatum
3913 2520 3997 2572 in-

2421 2619 2782 2676 teremeruut,
2813 2627 3034 2667 rursum
3093 2627 3179 2665 me
3235 2613 3413 2682 ipsum
3467 2614 3678 2677 nescio,
3737 2622 3794 2667 et
3860 2613 3998 2667 nihil

2421 2719 2609 2759 eorum
2644 2721 2764 2774 qua:
2790 2705 2922 2759 milii
2951 2705 3302 2773 contigerunt
3330 2719 3660 2776 agnoscens,
3693 2714 3883 2759 statuo
3916 2722 4001 2760 me

2422 2798 2686 2865 majorem
2716 2798 2996 2860 omnibus,
3033 2807 3084 2852 et
3121 2806 3414 2851 vacantem
3456 2799 3997 2866 perturbationibus,

2420 2893 2474 2937 et
2533 2887 2712 2939 virum
2779 2896 3057 2951 sanctum,
3119 2895 3176 2940 et
3237 2889 3566 2956 sapientem,
3625 2887 4000 2954 eximiumqne

2421 2977 2760 3045 theologum,
2795 2988 2848 3032 et
2874 2980 2997 3046 jure
3029 2980 3402 3034 venerandum
3433 2980 3501 3031 ab
3537 2981 3811 3033 universis
3850 2995 3997 3032 mor-

2422 3070 2646 3124 talibus.
2690 3069 2795 3124 Sed
2843 3079 2898 3125 et
2949 3087 3072 3124 cmn
3107 3071 3338 3134 laudor,
3367 3080 3426 3125 ut
3465 3071 3679 3124 laudem
3733 3072 3991 3135 meritus,

2420 3175 2610 3215 omnes
2639 3162 2936 3227 advocans,
2973 3164 3041 3216 ab
3073 3164 3141 3218 iis
3182 3164 3315 3217 mihi
3359 3165 3587 3219 honoris
3612 3167 3990 3218 testimonium

2422 3252 2789 3320 colligendum
2828 3262 2978 3320 puto.
3013 3254 3369 3324 Congregatis
3398 3256 3542 3307 enim
3577 3255 3707 3319 illis,
3741 3270 3843 3323 ego
3877 3272 3994 3307 am-

2422 3343 2564 3408 plius
2601 3344 2932 3408 intumeseo,
2967 3351 3020 3397 et
3060 3345 3256 3396 crebro
3291 3345 3704 3412 circumspicio,
3757 3361 3824 3399 ne
3855 3346 3994 3398 forte

2421 3434 2545 3501 quis
2588 3434 2747 3497 absit,
2779 3435 2871 3503 qui
2911 3449 2996 3488 me
3029 3449 3136 3486 non
3172 3436 3374 3490 videat.
3407 3436 3564 3501 Quod
3598 3438 3642 3491 si
3672 3439 3810 3491 forte
3836 3441 3994 3507 quis-

2421 3527 2566 3593 piam
2620 3525 2764 3579 limis
2809 3527 2984 3579 oculis
3016 3541 3103 3580 me
3135 3529 3436 3595 aspexerit,
3471 3529 3764 3597 malignor,
3792 3541 3845 3584 et
3869 3547 4000 3585 con-

2422 3617 2613 3677 vicior,
2643 3625 2696 3669 et
2735 3616 2800 3669 de
2832 3616 2924 3668 illo
2978 3617 3225 3681 detraho,
3271 3628 3329 3671 ut
3362 3629 3415 3672 et
3470 3620 3607 3687 ipsc,
3639 3621 3726 3673 liis
3772 3623 3999 3686 auditis,

2423 3708 2791 3760 convitiorum
2843 3721 3094 3761 meorum
3120 3708 3414 3777 impatiens
3441 3711 3644 3773 veniat,
3667 3727 3752 3765 me
3776 3715 4000 3777 salutet,

2424 3813 2666 3868 memque
2707 3799 2852 3862 fidei,
2888 3815 3246 3869 mearumque
3305 3817 3552 3870 precum,
3595 3817 3649 3856 et
3705 3805 4002 3859 cliaiitatis

2426 3889 2684 3958 indiguus
2713 3900 2994 3959 appareat.
3024 3890 3183 3955 Quod
3215 3893 3281 3945 de
3313 3893 3543 3961 reliquis
3562 3895 3821 3947 omnibus
3853 3898 4000 3952 dico.

2431 3981 2588 4035 Venit
2619 3983 2782 4046 alios,
2819 3995 2872 4036 et
2904 3983 3345 4036 benedictionem
3379 3999 3555 4038 meam
3594 3996 3861 4052 reportat,
3892 4003 4007 4042 ser-

2425 4088 2618 4128 mones
2665 4083 2718 4127 et
2746 4075 3064 4128 doctrinam
3104 4090 3281 4129 meam
3313 4077 3615 4130 auscultat.
3646 4077 3786 4131 l’roh
3815 4081 4006 4133 stulti-

2428 4170 2559 4222 tiam
2624 4171 2822 4222 meaml
2872 4168 3160 4233 Quomodo
3228 4170 3529 4223 nuditatem
3601 4186 3662 4224 ac
3716 4173 4000 4226 miseriam

2427 4277 2604 4316 meam
2643 4276 2753 4314 non
2789 4276 2980 4324 cerno,
3012 4271 3066 4315 et
3100 4262 3292 4329 plagas
3351 4277 3459 4314 non
3519 4263 3717 4325 sentio,
3758 4278 3867 4317 non
3920 4267 4008 4318 tri.

2429 4363 2567 4417 stor,
2615 4369 2724 4408 non
2764 4353 2890 4415 fleo,
2925 4369 3022 4406 nec
3074 4355 3417 4407 sanationem
3452 4371 3639 4424 quazro
3680 4357 3732 4409 in
3767 4373 4004 4412 nosoeo-

2428 4447 2537 4500 mio
2562 4447 2778 4514 iacens.
2814 4461 2913 4499 nec
2967 4460 3192 4500 accerso
3222 4446 3466 4501 medicos
3532 4449 3829 4503 ostendens
3863 4452 4007 4504 vibi-

752 4547 887 4601 milii
926 4544 1175 4598 faciunt?
1210 4545 1676 4613 perturbationes,
1705 4547 1952 4611 inquam,
1986 4546 2100 4605 irzn,
2133 4555 2186 4598 et
2215 4561 2311 4598 ος-
2351 4551 2393 4606 ι)
2428 4556 2519 4596 ces
2553 4554 2700 4593 meas
2765 4547 2819 4592 et
2871 4539 3134 4607 detegens
3171 4539 3281 4593 illis
3327 4541 3492 4593 etiam
3545 4543 3794 4596 occultas
3833 4546 4004 4598 animi

754 4635 1175 4692 candescentise.
1202 4635 1350 4688 unde
1385 4650 1574 4702 vapor.
1609 4645 1660 4688 et
1717 4636 1891 4704 caligo
1927 4636 2197 4689 invadunt
2230 4651 2322 4688 ca-

751 4738 852 4799 put
882 4744 1081 4789 meum,
1116 4737 1505 4795 czeranturque
1552 4729 1696 4782 oculi
1760 4730 2131 4798 intelligentia:
2168 4744 2318 4782 mete.

757 4821 970 4875 Etenim
1003 4821 1151 4874 velut
1199 4820 1498 4874 connivere
1547 4830 1603 4874 et
1659 4821 1878 4873 occludi
1942 4831 2233 4889 coguntur,
2269 4828 2323 4874 et

760 4929 854 4969 tuo
883 4913 1087 4982 spolior
1118 4913 1354 4976 lumine;
1389 4915 1535 4982 quod
1566 4928 1693 4967 cum
1714 4929 1876 4967 nemo
1896 4929 2001 4966 nou
2027 4914 2321 4978 desideret,

757 5009 914 5077 pauci
945 5017 1124 5059 tamen
1165 5007 1482 5074 exquirunt.
1515 5004 1656 5071 Quin
1687 5006 1850 5058 etiam
1889 5021 2025 5074 quos
2067 5007 2178 5058 tuis
2232 5019 2318 5057 ar-

755 5099 909 5152 canis
941 5097 1189 5164 dignatus
1226 5111 1306 5158 es.
1336 5103 1389 5149 et
1417 5097 1482 5148 ad
1516 5095 1850 5150 materialetn
1879 5096 2318 5149 communionem

757 5207 880 5244 cum
915 5205 1081 5244 sensu
1116 5203 1220 5242 non
1244 5188 1538 5249 niateriali,
1565 5187 1949 5251 ineﬂabilium,
1980 5197 2032 5242 ct
2065 5188 2320 5242 omnibus

757 5282 1165 5336 tremeudorum
1220 5281 1604 5348 mysteriorum
1656 5292 1874 5334 tuorum
1934 5280 2227 5340 admisisti,
2270 5290 2323 5335 et

757 5375 958 5429 dedisti
1004 5375 1083 5428 eis
1114 5381 1172 5426 ut
1208 5383 1602 5441 cognoscerent
1635 5373 1964 5428 invisibilem
2010 5374 2063 5425 in
2097 5374 2321 5426 νίδὶιιίιιο

762 5470 860 5521 lius
899 5466 1151 5534 gloriam,
1185 5480 1498 5533 novumque
1543 5466 1866 5533 mysterium
1909 5466 1962 5518 in
2001 5465 2204 5520 mundo
2235 5464 2314 5520 fa-

758 5567 908 5611 ctum
939 5554 1256 5624 (admodum
1289 5557 1446 5624 pauci
1476 5564 1627 5621 sunt,
1677 5566 1760 5611 sat
1786 5557 1922 5620 scio,
1951 5557 2044 5626 qui
2100 5558 2212 5610 lucc
2251 5558 2319 5610 li-

757 5649 924 5718 quido
965 5648 1108 5718 apud
1163 5648 1404 5703 animum
1459 5665 1620 5705 suum
1666 5650 2018 5720 contemplati
2075 5650 2315 5719 fuerunt)

830 5832 870 5863 "
898 5830 1041 5887 l’sal.
1093 5845 1261 5898 uvtt,
1296 5831 1348 5884 5.
1430 5831 1472 5863 η
1507 5830 1627 5889 Act.
1665 5849 1737 5898 ix,
1775 5831 1828 5887 8.

2429 4635 2532 4687 mei
2594 4633 2966 4701 aegritudines,
3001 4641 3058 4683 ut
3118 4632 3266 4685 sicca
3319 4635 3616 4701 emplastra
3677 4643 3730 4686 et
3793 4640 4006 4692 ustoria

2431 4726 2753 4793 imponant,
2809 4738 2933 4791 qua:
2998 4723 3214 4775 fortiter
3273 4725 3532 4777 sanitatis
3610 4731 4007 4794 recuperandre

2427 4830 2591 4870 causa
2659 4815 3005 4870 sustineam?
3035 4813 3142 4868 Sed
3183 4814 3364 4884 potius
3399 4815 3541 4869 addo
3591 4817 3816 4872 vulnera
3867 4837 4007 4890 quo-

2425 4908 2576 4962 tidie.

2497 5003 2564 5051 At
2601 5009 2680 5063 tu,
2708 5016 2740 5054 ο
2777 4999 2920 5054 Deus
2953 5016 3130 5066 meus,
3166 5001 3428 5056 miserere
3455 5003 3582 5067 mei,
3616 5003 3709 5071 qui
3742 5004 4004 5074 deceptus

2431 5111 2548 5148 sum
2587 5104 2641 5149 et
2681 5096 2902 5160 erravi;
2941 5107 2994 5149 et
3027 5097 3280 5149 timorem
3334 5103 3490 5148 tuum
3551 5099 3734 5150 insere
3802 5098 3856 5149 iu
3909 5114 4007 5154 cor

2431 5202 2632 5251 meum,
2688 5195 2745 5239 nt
2794 5186 3094 5241 secundum
3136 5188 3391 5241 mandata
3455 5197 3545 5240 tua
3615 5189 3879 5241 mundum
3919 5191 4005 5242 fu-

2431 5278 2594 5344 giant,
2625 5287 2678 5330 et
2712 5276 2943 5339 oderim,
2980 5285 3034 5329 et
3082 5277 3293 5329 salubri
3354 5285 3501 5329 metu
3560 5277 3885 5329 contraham
3922 5294 4005 5331 me

2431 5371 2723 5436 sapienter.
2759 5368 2833 5421 Ne
2873 5371 3047 5430 sinas,
3091 5369 3333 5430 Christe,
3369 5384 3455 5422 me
3510 5368 3566 5421 in
3618 5369 3803 5420 medio
3856 5370 4005 5422 illius

2429 5463 2687 5516 obcrrare
2715 5462 3199 5529 vagarique;nam
3246 5471 3298 5514 te
3355 5460 3554 5522 solum,
3584 5463 3852 5515 hactenus
3899 5474 4002 5514 nan

2429 5555 2708 5618 dilectum,
2750 5555 2936 5623 diligo,
2979 5561 3034 5606 et
3067 5563 3160 5607 tua
3191 5554 3366 5608 solum
3401 5562 3669 5623 pracepta
3711 5569 3798 5606 me
3828 5569 4008 5608 serva-

2431 5660 2612 5704 turum
2637 5648 2872 5713 conlido,
2900 5647 2993 5716 qui
3023 5656 3173 5701 totus
3206 5661 3325 5700 sum
3361 5647 3414 5700 in
3451 5645 3618 5711 vitiis,
3672 5661 3775 5700 nec
3804 5660 4006 5714 ςοεηοο
