  <div class='ocr_page' id='page_1' title='image "/cluster/home/n/w/nwhite01/storage/ocr_20150623/120/nnc1.0046979972/258.png"; bbox 0 0 4170 6452; ppageno 0'>
   <div class='ocr_carea' id='block_1_1' title="bbox 134 426 243 490">
    <p class='ocr_par' dir='ltr' id='par_1_1' title="bbox 134 426 243 490">
     <span class='ocr_line' id='line_1_1' title="bbox 134 426 243 490; baseline -0.055 0"><span class='ocrx_word' id='word_1_1' title='bbox 134 426 243 490; x_wconf 79' lang='grc'><strong>525</strong></span> 
     </span>
    </p>
   </div>
   <div class='ocr_carea' id='block_1_2' title="bbox 1206 394 2295 469">
    <p class='ocr_par' dir='ltr' id='par_1_2' title="bbox 1206 394 2295 469">
     <span class='ocr_line' id='line_1_2' title="bbox 1206 394 2295 469; baseline -0.017 -1"><span class='ocrx_word' id='word_1_2' title='bbox 1206 403 1645 469; x_wconf 72' lang='lat' dir='ltr'><strong>DIVINORUM</strong></span> <span class='ocrx_word' id='word_1_3' title='bbox 1677 398 2011 458; x_wconf 73' lang='lat' dir='ltr'><strong>AMORUM</strong></span> <span class='ocrx_word' id='word_1_4' title='bbox 2046 394 2295 455; x_wconf 73' lang='lat' dir='ltr'><strong>LIBER.</strong></span> 
     </span>
    </p>
   </div>
   <div class='ocr_carea' id='block_1_3' title="bbox 3283 384 3388 447">
    <p class='ocr_par' dir='ltr' id='par_1_3' title="bbox 3283 384 3388 447">
     <span class='ocr_line' id='line_1_3' title="bbox 3283 384 3388 447; baseline -0.019 0"><span class='ocrx_word' id='word_1_5' title='bbox 3283 384 3388 447; x_wconf 73' lang='lat'><strong>526</strong></span> 
     </span>
    </p>
   </div>
   <div class='ocr_carea' id='block_1_4' title="bbox 136 499 3390 598">
    <p class='ocr_par' dir='ltr' id='par_1_4' title="bbox 136 499 3390 598">
     <span class='ocr_line' id='line_1_4' title="bbox 136 499 3390 598; baseline -0.01 -11"><span class='ocrx_word' id='word_1_6' title='bbox 136 540 185 587; x_wconf 73' lang='lat' dir='ltr'><strong>vi</strong></span> <span class='ocrx_word' id='word_1_7' title='bbox 235 545 311 588; x_wconf 85' lang='lat' dir='ltr'><strong>te.</strong></span> <span class='ocrx_word' id='word_1_8' title='bbox 356 532 491 598; x_wconf 83' lang='lat' dir='ltr'><strong>Quis</strong></span> <span class='ocrx_word' id='word_1_9' title='bbox 519 528 720 585; x_wconf 82' lang='lat' dir='ltr'><strong>etenim</strong></span> <span class='ocrx_word' id='word_1_10' title='bbox 757 533 807 581; x_wconf 91' lang='lat' dir='ltr'><strong>te</strong></span> <span class='ocrx_word' id='word_1_11' title='bbox 842 524 1122 594; x_wconf 81' lang='lat' dir='ltr'><strong>cognovit,</strong></span> <span class='ocrx_word' id='word_1_12' title='bbox 1167 530 1220 577; x_wconf 92' lang='lat' dir='ltr'><strong>ct</strong></span> <span class='ocrx_word' id='word_1_13' title='bbox 1267 521 1454 575; x_wconf 88' lang='lat' dir='ltr'><strong>mundi</strong></span> <span class='ocrx_word' id='word_1_14' title='bbox 1486 518 1712 590; x_wconf 75' lang='lat' dir='ltr'><strong>gloriam</strong></span> <span class='ocrx_word' id='word_1_15' title='bbox 1747 521 1789 577; x_wconf 79' lang='grc' dir='ltr'>Α</span> <span class='ocrx_word' id='word_1_16' title='bbox 1822 514 1939 567; x_wconf 89' lang='lat' dir='ltr'><strong>sine</strong></span> <span class='ocrx_word' id='word_1_17' title='bbox 1973 526 2173 573; x_wconf 78' lang='lat' dir='ltr'><strong>sensu,</strong></span> <span class='ocrx_word' id='word_1_18' title='bbox 2210 509 2384 561; x_wconf 85' lang='lat' dir='ltr'><strong>instar</strong></span> <span class='ocrx_word' id='word_1_19' title='bbox 2418 504 2516 560; x_wconf 90' lang='lat' dir='ltr'><strong>luti</strong></span> <span class='ocrx_word' id='word_1_20' title='bbox 2553 511 2658 557; x_wconf 85' lang='lat' dir='ltr'><strong>est.</strong></span> <span class='ocrx_word' id='word_1_21' title='bbox 2703 501 2894 555; x_wconf 87' lang='lat' dir='ltr'><strong>Totam</strong></span> <span class='ocrx_word' id='word_1_22' title='bbox 2922 499 3121 554; x_wconf 78' lang='lat' dir='ltr'><strong>animae</strong></span> <span class='ocrx_word' id='word_1_23' title='bbox 3150 500 3390 556; x_wconf 88' lang='lat' dir='ltr'><strong>hominis</strong></span> 
     </span>
    </p>
   </div>
   <div class='ocr_carea' id='block_1_5' title="bbox 134 608 1712 689">
    <p class='ocr_par' dir='ltr' id='par_1_5' title="bbox 134 608 1712 689">
     <span class='ocr_line' id='line_1_5' title="bbox 134 608 1712 689; baseline -0.013 -8"><span class='ocrx_word' id='word_1_24' title='bbox 134 625 459 681; x_wconf 71' lang='lat' dir='ltr'><strong>desiderat?</strong></span> <span class='ocrx_word' id='word_1_25' title='bbox 488 632 580 675; x_wconf 87' lang='lat' dir='ltr'><strong>aut</strong></span> <span class='ocrx_word' id='word_1_26' title='bbox 610 621 735 689; x_wconf 73' lang='lat' dir='ltr'><strong>quis</strong></span> <span class='ocrx_word' id='word_1_27' title='bbox 777 628 827 673; x_wconf 91' lang='lat' dir='ltr'><strong>te</strong></span> <span class='ocrx_word' id='word_1_28' title='bbox 867 623 1036 681; x_wconf 90' lang='lat' dir='ltr'><strong>amat,</strong></span> <span class='ocrx_word' id='word_1_29' title='bbox 1098 622 1151 669; x_wconf 91' lang='lat' dir='ltr'><strong>et</strong></span> <span class='ocrx_word' id='word_1_30' title='bbox 1201 621 1397 682; x_wconf 66' lang='lat' dir='ltr'><strong>praeter</strong></span> <span class='ocrx_word' id='word_1_31' title='bbox 1454 619 1507 665; x_wconf 88' lang='lat' dir='ltr'><strong>te</strong></span> <span class='ocrx_word' id='word_1_32' title='bbox 1565 608 1712 662; x_wconf 97' lang='lat' dir='ltr'><strong>aliud</strong></span> 
     </span>
    </p>
   </div>
   <div class='ocr_carea' id='block_1_6' title="bbox 136 703 1716 788">
    <p class='ocr_par' dir='ltr' id='par_1_6' title="bbox 136 703 1716 788">
     <span class='ocr_line' id='line_1_6' title="bbox 136 703 1716 788; baseline -0.011 -16"><span class='ocrx_word' id='word_1_33' title='bbox 136 718 370 788; x_wconf 73' lang='lat' dir='ltr'><strong>quaerit?</strong></span> <span class='ocrx_word' id='word_1_34' title='bbox 400 730 590 783; x_wconf 89' lang='lat' dir='ltr'><strong>nempe</strong></span> <span class='ocrx_word' id='word_1_35' title='bbox 623 724 681 767; x_wconf 93' lang='lat' dir='ltr'><strong>ut</strong></span> <span class='ocrx_word' id='word_1_36' title='bbox 709 727 901 766; x_wconf 91' lang='lat' dir='ltr'><strong>omnes</strong></span> <span class='ocrx_word' id='word_1_37' title='bbox 942 709 1009 765; x_wconf 90' lang='lat' dir='ltr'><strong>ad</strong></span> <span class='ocrx_word' id='word_1_38' title='bbox 1038 724 1096 763; x_wconf 87' lang='lat' dir='ltr'><strong>se</strong></span> <span class='ocrx_word' id='word_1_39' title='bbox 1132 707 1491 770; x_wconf 86' lang='lat' dir='ltr'><strong>laudandum,</strong></span> <span class='ocrx_word' id='word_1_40' title='bbox 1533 713 1586 759; x_wconf 87' lang='lat' dir='ltr'><strong>et</strong></span> <span class='ocrx_word' id='word_1_41' title='bbox 1616 703 1716 757; x_wconf 88' lang='lat' dir='ltr'><strong>ad-</strong></span> 
     </span>
    </p>
   </div>
   <div class='ocr_carea' id='block_1_7' title="bbox 140 797 1718 871">
    <p class='ocr_par' dir='ltr' id='par_1_7' title="bbox 140 797 1718 871">
     <span class='ocr_line' id='line_1_7' title="bbox 140 797 1718 871; baseline -0.011 -8"><span class='ocrx_word' id='word_1_42' title='bbox 140 810 455 864; x_wconf 86' lang='lat' dir='ltr'><strong>mirandum</strong></span> <span class='ocrx_word' id='word_1_43' title='bbox 489 807 752 868; x_wconf 87' lang='lat' dir='ltr'><strong>advocet;</strong></span> <span class='ocrx_word' id='word_1_44' title='bbox 802 812 897 855; x_wconf 90' lang='lat' dir='ltr'><strong>aut</strong></span> <span class='ocrx_word' id='word_1_45' title='bbox 928 801 1260 871; x_wconf 89' lang='lat' dir='ltr'><strong>quihusdam</strong></span> <span class='ocrx_word' id='word_1_46' title='bbox 1304 797 1586 862; x_wconf 89' lang='lat' dir='ltr'><strong>aduletur;</strong></span> <span class='ocrx_word' id='word_1_47' title='bbox 1624 802 1718 847; x_wconf 91' lang='lat' dir='ltr'><strong>aut</strong></span> 
     </span>
    </p>
   </div>
   <div class='ocr_carea' id='block_1_8' title="bbox 138 886 1719 954">
    <p class='ocr_par' dir='ltr' id='par_1_8' title="bbox 138 886 1719 954">
     <span class='ocr_line' id='line_1_8' title="bbox 138 886 1719 954; baseline -0.008 -1"><span class='ocrx_word' id='word_1_48' title='bbox 138 886 389 954; x_wconf 30' lang='lat' dir='ltr'><strong>ontni&#39;um</strong></span> <span class='ocrx_word' id='word_1_49' title='bbox 418 898 690 952; x_wconf 89' lang='lat' dir='ltr'><strong>amicitias</strong></span> <span class='ocrx_word' id='word_1_50' title='bbox 725 896 827 949; x_wconf 82' lang='lat' dir='ltr'><strong>sibi</strong></span> <span class='ocrx_word' id='word_1_51' title='bbox 855 895 1151 949; x_wconf 90' lang='lat' dir='ltr'><strong>conciliare</strong></span> <span class='ocrx_word' id='word_1_52' title='bbox 1179 891 1419 945; x_wconf 84' lang='lat' dir='ltr'><strong>studeat.</strong></span> <span class='ocrx_word' id='word_1_53' title='bbox 1454 888 1576 943; x_wconf 71' lang='lat' dir='ltr'><strong>[lare</strong></span> <span class='ocrx_word' id='word_1_54' title='bbox 1599 887 1719 942; x_wconf 92' lang='lat' dir='ltr'><strong>nul-</strong></span> 
     </span>
    </p>
   </div>
   <div class='ocr_carea' id='block_1_9' title="bbox 140 979 1721 1054">
    <p class='ocr_par' dir='ltr' id='par_1_9' title="bbox 140 979 1721 1054">
     <span class='ocr_line' id='line_1_9' title="bbox 140 979 1721 1054; baseline -0.008 -10"><span class='ocrx_word' id='word_1_55' title='bbox 140 991 228 1044; x_wconf 89' lang='lat' dir='ltr'><strong>lus</strong></span> <span class='ocrx_word' id='word_1_56' title='bbox 276 1004 563 1043; x_wconf 87' lang='lat' dir='ltr'><strong>servorum</strong></span> <span class='ocrx_word' id='word_1_57' title='bbox 614 998 831 1041; x_wconf 91' lang='lat' dir='ltr'><strong>tuorum</strong></span> <span class='ocrx_word' id='word_1_58' title='bbox 882 998 1266 1054; x_wconf 88' lang='lat' dir='ltr'><strong>germanorum</strong></span> <span class='ocrx_word' id='word_1_59' title='bbox 1312 981 1476 1045; x_wconf 78' lang='lat' dir='ltr'><strong>fecit;</strong></span> <span class='ocrx_word' id='word_1_60' title='bbox 1514 988 1567 1033; x_wconf 90' lang='lat' dir='ltr'><strong>et</strong></span> <span class='ocrx_word' id='word_1_61' title='bbox 1616 979 1721 1032; x_wconf 90' lang='lat' dir='ltr'><strong>hoc</strong></span> 
     </span>
    </p>
   </div>
   <div class='ocr_carea' id='block_1_10' title="bbox 141 1068 1721 1149">
    <p class='ocr_par' dir='ltr' id='par_1_10' title="bbox 141 1068 1721 1149">
     <span class='ocr_line' id='line_1_10' title="bbox 141 1068 1721 1149; baseline -0.007 -14"><span class='ocrx_word' id='word_1_62' title='bbox 141 1094 225 1135; x_wconf 88' lang='lat' dir='ltr'><strong>cst</strong></span> <span class='ocrx_word' id='word_1_63' title='bbox 273 1083 425 1149; x_wconf 85' lang='lat' dir='ltr'><strong>quod</strong></span> <span class='ocrx_word' id='word_1_64' title='bbox 472 1095 557 1132; x_wconf 88' lang='lat' dir='ltr'><strong>me</strong></span> <span class='ocrx_word' id='word_1_65' title='bbox 603 1077 838 1142; x_wconf 82' lang='lat' dir='ltr'><strong>cruciat,</strong></span> <span class='ocrx_word' id='word_1_66' title='bbox 890 1084 941 1129; x_wconf 92' lang='lat' dir='ltr'><strong>et</strong></span> <span class='ocrx_word' id='word_1_67' title='bbox 996 1076 1048 1128; x_wconf 89' lang='lat' dir='ltr'><strong>in</strong></span> <span class='ocrx_word' id='word_1_68' title='bbox 1082 1072 1361 1126; x_wconf 81' lang='lat' dir='ltr'><strong>tristitiam</strong></span> <span class='ocrx_word' id='word_1_69' title='bbox 1410 1070 1523 1132; x_wconf 90' lang='lat' dir='ltr'><strong>dat,</strong></span> <span class='ocrx_word' id='word_1_70' title='bbox 1578 1068 1721 1124; x_wconf 87' lang='lat' dir='ltr'><strong>Deus</strong></span> 
     </span>
    </p>
   </div>
   <div class='ocr_carea' id='block_1_11' title="bbox 143 1162 1717 1240">
    <p class='ocr_par' dir='ltr' id='par_1_11' title="bbox 143 1162 1717 1240">
     <span class='ocr_line' id='line_1_11' title="bbox 143 1162 1717 1240; baseline -0.008 -15"><span class='ocrx_word' id='word_1_71' title='bbox 143 1187 324 1234; x_wconf 89' lang='lat' dir='ltr'><strong>meus,</strong></span> <span class='ocrx_word' id='word_1_72' title='bbox 356 1170 485 1240; x_wconf 83' lang='lat' dir='ltr'><strong>quia</strong></span> <span class='ocrx_word' id='word_1_73' title='bbox 518 1169 677 1223; x_wconf 87' lang='lat' dir='ltr'><strong>video</strong></span> <span class='ocrx_word' id='word_1_74' title='bbox 710 1183 793 1221; x_wconf 90' lang='lat' dir='ltr'><strong>me</strong></span> <span class='ocrx_word' id='word_1_75' title='bbox 843 1168 897 1221; x_wconf 92' lang='lat' dir='ltr'><strong>in</strong></span> <span class='ocrx_word' id='word_1_76' title='bbox 944 1167 1028 1220; x_wconf 91' lang='lat' dir='ltr'><strong>his</strong></span> <span class='ocrx_word' id='word_1_77' title='bbox 1073 1164 1339 1218; x_wconf 74' lang='lat' dir='ltr'><strong>servitute</strong></span> <span class='ocrx_word' id='word_1_78' title='bbox 1388 1162 1673 1215; x_wconf 88' lang='lat' dir='ltr'><strong>subactum</strong></span> <span class='ocrx_word' id='word_1_79' title='bbox 1703 1202 1717 1226; x_wconf 89' lang='lat'><strong>,</strong></span> 
     </span>
    </p>
   </div>
   <div class='ocr_carea' id='block_1_12' title="bbox 146 1255 1721 1334">
    <p class='ocr_par' dir='ltr' id='par_1_12' title="bbox 146 1255 1721 1334">
     <span class='ocr_line' id='line_1_12' title="bbox 146 1255 1721 1334; baseline -0.008 -15"><span class='ocrx_word' id='word_1_80' title='bbox 146 1281 244 1319; x_wconf 84' lang='lat' dir='ltr'><strong>nec</strong></span> <span class='ocrx_word' id='word_1_81' title='bbox 283 1262 607 1334; x_wconf 65' lang='lat' dir='ltr'><strong>persuaderi</strong></span> <span class='ocrx_word' id='word_1_82' title='bbox 638 1262 691 1315; x_wconf 92' lang='lat' dir='ltr'><strong>in</strong></span> <span class='ocrx_word' id='word_1_83' title='bbox 732 1262 953 1314; x_wconf 89' lang='lat' dir='ltr'><strong>alteram</strong></span> <span class='ocrx_word' id='word_1_84' title='bbox 1011 1269 1246 1329; x_wconf 88' lang='lat' dir='ltr'><strong>partetn,</strong></span> <span class='ocrx_word' id='word_1_85' title='bbox 1299 1271 1396 1311; x_wconf 91' lang='lat' dir='ltr'><strong>nec</strong></span> <span class='ocrx_word' id='word_1_86' title='bbox 1446 1255 1721 1309; x_wconf 87' lang='lat' dir='ltr'><strong>humiliari</strong></span> 
     </span>
    </p>
   </div>
   <div class='ocr_carea' id='block_1_13' title="bbox 142 1348 1720 1427">
    <p class='ocr_par' dir='ltr' id='par_1_13' title="bbox 142 1348 1720 1427">
     <span class='ocr_line' id='line_1_13' title="bbox 142 1348 1720 1427; baseline -0.007 -18"><span class='ocrx_word' id='word_1_87' title='bbox 142 1373 397 1427; x_wconf 74' lang='lat' dir='ltr'><strong>pOSs&#39;ttm,</strong></span> <span class='ocrx_word' id='word_1_88' title='bbox 423 1371 523 1410; x_wconf 90' lang='lat' dir='ltr'><strong>nec</strong></span> <span class='ocrx_word' id='word_1_89' title='bbox 556 1365 700 1408; x_wconf 89' lang='lat' dir='ltr'><strong>tuam</strong></span> <span class='ocrx_word' id='word_1_90' title='bbox 730 1354 903 1408; x_wconf 92' lang='lat' dir='ltr'><strong>solius</strong></span> <span class='ocrx_word' id='word_1_91' title='bbox 935 1354 1161 1423; x_wconf 78' lang='lat' dir='ltr'><strong>gloriam</strong></span> <span class='ocrx_word' id='word_1_92' title='bbox 1186 1365 1432 1419; x_wconf 68' lang='lat' dir='ltr'><strong>quarrere</strong></span> <span class='ocrx_word' id='word_1_93' title='bbox 1468 1348 1720 1412; x_wconf 85' lang='lat' dir='ltr'><strong>instituo,</strong></span> 
     </span>
    </p>
   </div>
   <div class='ocr_carea' id='block_1_14' title="bbox 143 1444 1725 1517">
    <p class='ocr_par' dir='ltr' id='par_1_14' title="bbox 143 1444 1725 1517">
     <span class='ocr_line' id='line_1_14' title="bbox 143 1444 1725 1517; baseline -0.005 -16"><span class='ocrx_word' id='word_1_94' title='bbox 143 1464 244 1517; x_wconf 82' lang='lat' dir='ltr'><strong>per</strong></span> <span class='ocrx_word' id='word_1_95' title='bbox 291 1462 459 1516; x_wconf 89' lang='lat' dir='ltr'><strong>quam</strong></span> <span class='ocrx_word' id='word_1_96' title='bbox 493 1448 842 1500; x_wconf 88' lang='lat' dir='ltr'><strong>demoustrer</strong></span> <span class='ocrx_word' id='word_1_97' title='bbox 883 1444 1074 1507; x_wconf 82' lang='lat' dir='ltr'><strong>ﬁdelis,</strong></span> <span class='ocrx_word' id='word_1_98' title='bbox 1128 1458 1190 1497; x_wconf 89' lang='lat' dir='ltr'><strong>ac</strong></span> <span class='ocrx_word' id='word_1_99' title='bbox 1226 1458 1420 1497; x_wconf 88' lang='lat' dir='ltr'><strong>servus</strong></span> <span class='ocrx_word' id='word_1_100' title='bbox 1465 1448 1616 1499; x_wconf 89' lang='lat' dir='ltr'><strong>tuus.</strong></span> <span class='ocrx_word' id='word_1_101' title='bbox 1671 1449 1725 1493; x_wconf 92' lang='lat' dir='ltr'><strong>ct</strong></span> 
     </span>
    </p>
   </div>
   <div class='ocr_carea' id='block_1_15' title="bbox 145 1533 1725 1610">
    <p class='ocr_par' dir='ltr' id='par_1_15' title="bbox 145 1533 1725 1610">
     <span class='ocr_line' id='line_1_15' title="bbox 145 1533 1725 1610; baseline -0.007 -17"><span class='ocrx_word' id='word_1_102' title='bbox 145 1558 240 1610; x_wconf 77' lang='lat' dir='ltr'><strong>per</strong></span> <span class='ocrx_word' id='word_1_103' title='bbox 272 1556 439 1609; x_wconf 79' lang='lat' dir='ltr'><strong>quam</strong></span> <span class='ocrx_word' id='word_1_104' title='bbox 473 1541 770 1608; x_wconf 66' lang='lat' dir='ltr'><strong>(prmeipue</strong></span> <span class='ocrx_word' id='word_1_105' title='bbox 803 1538 856 1591; x_wconf 92' lang='lat' dir='ltr'><strong>in</strong></span> <span class='ocrx_word' id='word_1_106' title='bbox 888 1538 1093 1590; x_wconf 80' lang='lat' dir='ltr'><strong>vilitate</strong></span> <span class='ocrx_word' id='word_1_107' title='bbox 1138 1545 1192 1589; x_wconf 91' lang='lat' dir='ltr'><strong>ct</strong></span> <span class='ocrx_word' id='word_1_108' title='bbox 1233 1533 1607 1593; x_wconf 81' lang='lat' dir='ltr'><strong>mendicitate,</strong></span> <span class='ocrx_word' id='word_1_109' title='bbox 1660 1544 1725 1583; x_wconf 89' lang='lat' dir='ltr'><strong>ac</strong></span> 
     </span>
    </p>
   </div>
   <div class='ocr_carea' id='block_1_16' title="bbox 143 1620 1724 1695">
    <p class='ocr_par' dir='ltr' id='par_1_16' title="bbox 143 1620 1724 1695">
     <span class='ocr_line' id='line_1_16' title="bbox 143 1620 1724 1695; baseline -0.004 -15"><span class='ocrx_word' id='word_1_110' title='bbox 143 1629 452 1687; x_wconf 80' lang='lat' dir='ltr'><strong>laberibus)</strong></span> <span class='ocrx_word' id='word_1_111' title='bbox 482 1644 589 1681; x_wconf 88' lang='lat' dir='ltr'><strong>non</strong></span> <span class='ocrx_word' id='word_1_112' title='bbox 623 1626 1018 1695; x_wconf 84' lang='lat' dir='ltr'><strong>potentioribus</strong></span> <span class='ocrx_word' id='word_1_113' title='bbox 1060 1625 1241 1685; x_wconf 85' lang='lat' dir='ltr'><strong>modo,</strong></span> <span class='ocrx_word' id='word_1_114' title='bbox 1284 1625 1378 1675; x_wconf 79' lang='lat' dir='ltr'><strong>sed</strong></span> <span class='ocrx_word' id='word_1_115' title='bbox 1410 1630 1463 1674; x_wconf 88' lang='lat' dir='ltr'><strong>et</strong></span> <span class='ocrx_word' id='word_1_116' title='bbox 1499 1620 1724 1688; x_wconf 79' lang='lat' dir='ltr'><strong>regibus</strong></span> 
     </span>
    </p>
   </div>
   <div class='ocr_carea' id='block_1_17' title="bbox 143 1711 1724 1790">
    <p class='ocr_par' dir='ltr' id='par_1_17' title="bbox 143 1711 1724 1790">
     <span class='ocr_line' id='line_1_17' title="bbox 143 1711 1724 1790; baseline -0.008 -16"><span class='ocrx_word' id='word_1_117' title='bbox 143 1736 287 1790; x_wconf 86' lang='lat' dir='ltr'><strong>queo</strong></span> <span class='ocrx_word' id='word_1_118' title='bbox 318 1720 437 1773; x_wconf 82' lang='lat' dir='ltr'><strong>ﬁeri</strong></span> <span class='ocrx_word' id='word_1_119' title='bbox 461 1720 770 1771; x_wconf 76' lang='lat' dir='ltr'><strong>sublimior.</strong></span> <span class='ocrx_word' id='word_1_120' title='bbox 801 1716 1045 1770; x_wconf 84' lang='lat' dir='ltr'><strong>Flectere</strong></span> <span class='ocrx_word' id='word_1_121' title='bbox 1087 1714 1273 1783; x_wconf 84' lang='lat' dir='ltr'><strong>igitur,</strong></span> <span class='ocrx_word' id='word_1_122' title='bbox 1311 1711 1454 1766; x_wconf 84' lang='lat' dir='ltr'><strong>Deus</strong></span> <span class='ocrx_word' id='word_1_123' title='bbox 1475 1711 1724 1765; x_wconf 90' lang='lat' dir='ltr'><strong>omnium</strong></span> 
     </span>
    </p>
   </div>
   <div class='ocr_carea' id='block_1_18' title="bbox 144 1805 1723 1880">
    <p class='ocr_par' dir='ltr' id='par_1_18' title="bbox 144 1805 1723 1880">
     <span class='ocr_line' id='line_1_18' title="bbox 144 1805 1723 1880; baseline -0.007 -14"><span class='ocrx_word' id='word_1_124' title='bbox 144 1814 351 1880; x_wconf 78' lang='lat' dir='ltr'><strong>opifex,</strong></span> <span class='ocrx_word' id='word_1_125' title='bbox 392 1813 457 1865; x_wconf 89' lang='lat' dir='ltr'><strong>ad</strong></span> <span class='ocrx_word' id='word_1_126' title='bbox 486 1810 832 1864; x_wconf 84' lang='lat' dir='ltr'><strong>tribuendam</strong></span> <span class='ocrx_word' id='word_1_127' title='bbox 862 1807 1296 1861; x_wconf 87' lang='lat' dir='ltr'><strong>misericordiam</strong></span> <span class='ocrx_word' id='word_1_128' title='bbox 1328 1805 1527 1857; x_wconf 71' lang='lat' dir='ltr'><strong>anima:</strong></span> <span class='ocrx_word' id='word_1_129' title='bbox 1565 1817 1723 1866; x_wconf 74' lang='lat' dir='ltr'><strong>mete,</strong></span> 
     </span>
    </p>
   </div>
   <div class='ocr_carea' id='block_1_19' title="bbox 145 1897 1729 1974">
    <p class='ocr_par' dir='ltr' id='par_1_19' title="bbox 145 1897 1729 1974">
     <span class='ocr_line' id='line_1_19' title="bbox 145 1897 1729 1974; baseline -0.004 -19"><span class='ocrx_word' id='word_1_130' title='bbox 145 1909 238 1974; x_wconf 83' lang='lat' dir='ltr'><strong>qui</strong></span> <span class='ocrx_word' id='word_1_131' title='bbox 265 1908 409 1958; x_wconf 85' lang='lat' dir='ltr'><strong>bene</strong></span> <span class='ocrx_word' id='word_1_132' title='bbox 445 1915 499 1957; x_wconf 91' lang='lat' dir='ltr'><strong>ut</strong></span> <span class='ocrx_word' id='word_1_133' title='bbox 523 1917 723 1965; x_wconf 79' lang='lat' dir='ltr'><strong>essem,</strong></span> <span class='ocrx_word' id='word_1_134' title='bbox 753 1900 952 1955; x_wconf 85' lang='lat' dir='ltr'><strong>dedisti</strong></span> <span class='ocrx_word' id='word_1_135' title='bbox 984 1899 1138 1961; x_wconf 90' lang='lat' dir='ltr'><strong>mihi,</strong></span> <span class='ocrx_word' id='word_1_136' title='bbox 1166 1905 1221 1951; x_wconf 92' lang='lat' dir='ltr'><strong>et</strong></span> <span class='ocrx_word' id='word_1_137' title='bbox 1251 1897 1612 1964; x_wconf 78' lang='lat' dir='ltr'><strong>cognitionem</strong></span> <span class='ocrx_word' id='word_1_138' title='bbox 1641 1910 1729 1948; x_wconf 83' lang='lat' dir='ltr'><strong>ve-</strong></span> 
     </span>
    </p>
   </div>
   <div class='ocr_carea' id='block_1_20' title="bbox 144 1988 1726 2065">
    <p class='ocr_par' dir='ltr' id='par_1_20' title="bbox 144 1988 1726 2065">
     <span class='ocr_line' id='line_1_20' title="bbox 144 1988 1726 2065; baseline -0.007 -13"><span class='ocrx_word' id='word_1_139' title='bbox 144 2015 262 2052; x_wconf 88' lang='lat' dir='ltr'><strong>ram</strong></span> <span class='ocrx_word' id='word_1_140' title='bbox 308 1998 535 2065; x_wconf 74' lang='lat' dir='ltr'><strong>largire,</strong></span> <span class='ocrx_word' id='word_1_141' title='bbox 567 2006 623 2047; x_wconf 90' lang='lat' dir='ltr'><strong>ut</strong></span> <span class='ocrx_word' id='word_1_142' title='bbox 654 1995 812 2049; x_wconf 89' lang='lat' dir='ltr'><strong>bonis</strong></span> <span class='ocrx_word' id='word_1_143' title='bbox 860 1994 968 2046; x_wconf 89' lang='lat' dir='ltr'><strong>tuis</strong></span> <span class='ocrx_word' id='word_1_144' title='bbox 999 1992 1220 2046; x_wconf 78' lang='lat' dir='ltr'><strong>aeternis</strong></span> <span class='ocrx_word' id='word_1_145' title='bbox 1280 1999 1333 2042; x_wconf 87' lang='lat' dir='ltr'><strong>et</strong></span> <span class='ocrx_word' id='word_1_146' title='bbox 1365 1989 1501 2044; x_wconf 87' lang='lat' dir='ltr'><strong>solis</strong></span> <span class='ocrx_word' id='word_1_147' title='bbox 1543 1988 1726 2041; x_wconf 89' lang='lat' dir='ltr'><strong>sciens</strong></span> 
     </span>
    </p>
   </div>
   <div class='ocr_carea' id='block_1_21' title="bbox 146 2082 1726 2163">
    <p class='ocr_par' dir='ltr' id='par_1_21' title="bbox 146 2082 1726 2163">
     <span class='ocr_line' id='line_1_21' title="bbox 146 2082 1726 2163; baseline -0.009 -16"><span class='ocrx_word' id='word_1_148' title='bbox 146 2105 199 2147; x_wconf 82' lang='lat' dir='ltr'><strong>et</strong></span> <span class='ocrx_word' id='word_1_149' title='bbox 232 2094 482 2163; x_wconf 82' lang='lat' dir='ltr'><strong>prudens</strong></span> <span class='ocrx_word' id='word_1_150' title='bbox 517 2091 835 2151; x_wconf 66' lang='lat' dir='ltr'><strong>inliteream,</strong></span> <span class='ocrx_word' id='word_1_151' title='bbox 872 2086 1216 2155; x_wconf 87' lang='lat' dir='ltr'><strong>gloriamque</strong></span> <span class='ocrx_word' id='word_1_152' title='bbox 1247 2091 1393 2135; x_wconf 85' lang='lat' dir='ltr'><strong>luant</strong></span> <span class='ocrx_word' id='word_1_153' title='bbox 1434 2096 1499 2135; x_wconf 77' lang='lat' dir='ltr'><strong>ex</strong></span> <span class='ocrx_word' id='word_1_154' title='bbox 1543 2082 1726 2134; x_wconf 86' lang='lat' dir='ltr'><strong>animo</strong></span> 
     </span>
    </p>
   </div>
   <div class='ocr_carea' id='block_1_22' title="bbox 148 2171 1727 2255">
    <p class='ocr_par' dir='ltr' id='par_1_22' title="bbox 148 2171 1727 2255">
     <span class='ocr_line' id='line_1_22' title="bbox 148 2171 1727 2255; baseline -0.008 -20"><span class='ocrx_word' id='word_1_155' title='bbox 148 2188 373 2255; x_wconf 81' lang='lat' dir='ltr'><strong>diligam</strong></span> <span class='ocrx_word' id='word_1_156' title='bbox 407 2194 461 2237; x_wconf 92' lang='lat' dir='ltr'><strong>et</strong></span> <span class='ocrx_word' id='word_1_157' title='bbox 494 2197 759 2251; x_wconf 72' lang='lat' dir='ltr'><strong>quaeram,</strong></span> <span class='ocrx_word' id='word_1_158' title='bbox 793 2180 1088 2231; x_wconf 84' lang='lat' dir='ltr'><strong>humanam</strong></span> <span class='ocrx_word' id='word_1_159' title='bbox 1140 2190 1203 2229; x_wconf 81' lang='lat' dir='ltr'><strong>ac</strong></span> <span class='ocrx_word' id='word_1_160' title='bbox 1242 2184 1513 2228; x_wconf 87' lang='lat' dir='ltr'><strong>terrenam</strong></span> <span class='ocrx_word' id='word_1_161' title='bbox 1553 2171 1727 2225; x_wconf 88' lang='lat' dir='ltr'><strong>neuti-</strong></span> 
     </span>
    </p>
   </div>
   <div class='ocr_carea' id='block_1_23' title="bbox 148 2271 1729 2346">
    <p class='ocr_par' dir='ltr' id='par_1_23' title="bbox 148 2271 1729 2346">
     <span class='ocr_line' id='line_1_23' title="bbox 148 2271 1729 2346; baseline -0.008 -18"><span class='ocrx_word' id='word_1_162' title='bbox 148 2293 312 2346; x_wconf 78' lang='lat' dir='ltr'><strong>quam</strong></span> <span class='ocrx_word' id='word_1_163' title='bbox 357 2290 581 2338; x_wconf 88' lang='lat' dir='ltr'><strong>curem;</strong></span> <span class='ocrx_word' id='word_1_164' title='bbox 616 2280 673 2325; x_wconf 87' lang='lat' dir='ltr'><strong>ut</strong></span> <span class='ocrx_word' id='word_1_165' title='bbox 709 2271 804 2324; x_wconf 82' lang='lat' dir='ltr'><strong>tibi</strong></span> <span class='ocrx_word' id='word_1_166' title='bbox 839 2286 1007 2332; x_wconf 80' lang='lat' dir='ltr'><strong>nunc,</strong></span> <span class='ocrx_word' id='word_1_167' title='bbox 1058 2276 1110 2322; x_wconf 87' lang='lat' dir='ltr'><strong>et</strong></span> <span class='ocrx_word' id='word_1_168' title='bbox 1160 2274 1282 2336; x_wconf 88' lang='lat' dir='ltr'><strong>post</strong></span> <span class='ocrx_word' id='word_1_169' title='bbox 1332 2274 1561 2319; x_wconf 88' lang='lat' dir='ltr'><strong>mortem</strong></span> <span class='ocrx_word' id='word_1_170' title='bbox 1596 2276 1729 2316; x_wconf 86' lang='lat' dir='ltr'><strong>con-</strong></span> 
     </span>
    </p>
   </div>
   <div class='ocr_carea' id='block_1_24' title="bbox 144 2359 1720 2438">
    <p class='ocr_par' dir='ltr' id='par_1_24' title="bbox 144 2359 1720 2438">
     <span class='ocr_line' id='line_1_24' title="bbox 144 2359 1720 2438; baseline -0.006 -21"><span class='ocrx_word' id='word_1_171' title='bbox 144 2372 368 2438; x_wconf 75' lang='lat' dir='ltr'><strong>jungar.</strong></span> <span class='ocrx_word' id='word_1_172' title='bbox 408 2374 466 2421; x_wconf 91' lang='lat' dir='ltr'><strong>ct</strong></span> <span class='ocrx_word' id='word_1_173' title='bbox 511 2380 724 2421; x_wconf 89' lang='lat' dir='ltr'><strong>merear</strong></span> <span class='ocrx_word' id='word_1_174' title='bbox 754 2378 983 2434; x_wconf 89' lang='lat' dir='ltr'><strong>regnare</strong></span> <span class='ocrx_word' id='word_1_175' title='bbox 1026 2370 1228 2425; x_wconf 85' lang='lat' dir='ltr'><strong>tecmn,</strong></span> <span class='ocrx_word' id='word_1_176' title='bbox 1261 2359 1350 2428; x_wconf 90' lang='lat' dir='ltr'><strong>qui</strong></span> <span class='ocrx_word' id='word_1_177' title='bbox 1383 2373 1501 2412; x_wconf 88' lang='lat' dir='ltr'><strong>mea</strong></span> <span class='ocrx_word' id='word_1_178' title='bbox 1554 2369 1720 2410; x_wconf 86' lang='lat' dir='ltr'><strong>causa</strong></span> 
     </span>
    </p>
   </div>
   <div class='ocr_carea' id='block_1_25' title="bbox 150 2461 1724 2530">
    <p class='ocr_par' dir='ltr' id='par_1_25' title="bbox 150 2461 1724 2530">
     <span class='ocr_line' id='line_1_25' title="bbox 150 2461 1724 2530; baseline -0.008 -16"><span class='ocrx_word' id='word_1_179' title='bbox 150 2461 576 2530; x_wconf 64' lang='lat' dir='ltr'><strong>ignominiosam</strong></span> <span class='ocrx_word' id='word_1_180' title='bbox 611 2473 796 2511; x_wconf 84' lang='lat' dir='ltr'><strong>necem</strong></span> <span class='ocrx_word' id='word_1_181' title='bbox 827 2471 886 2510; x_wconf 90' lang='lat' dir='ltr'><strong>es</strong></span> <span class='ocrx_word' id='word_1_182' title='bbox 912 2468 1224 2525; x_wconf 86' lang='lat' dir='ltr'><strong>perpessus,</strong></span> <span class='ocrx_word' id='word_1_183' title='bbox 1249 2461 1303 2505; x_wconf 87' lang='lat' dir='ltr'><strong>et</strong></span> <span class='ocrx_word' id='word_1_184' title='bbox 1333 2464 1548 2504; x_wconf 88' lang='lat' dir='ltr'><strong>omnem</strong></span> <span class='ocrx_word' id='word_1_185' title='bbox 1580 2462 1724 2501; x_wconf 77' lang='lat' dir='ltr'><strong>(eco-</strong></span> 
     </span>
    </p>
   </div>
   <div class='ocr_carea' id='block_1_26' title="bbox 152 2541 1727 2621">
    <p class='ocr_par' dir='ltr' id='par_1_26' title="bbox 152 2541 1727 2621">
     <span class='ocr_line' id='line_1_26' title="bbox 152 2541 1727 2621; baseline -0.008 -15"><span class='ocrx_word' id='word_1_186' title='bbox 152 2555 395 2606; x_wconf 80' lang='lat' dir='ltr'><strong>nozuiatu</strong></span> <span class='ocrx_word' id='word_1_187' title='bbox 429 2551 749 2621; x_wconf 71' lang='lat' dir='ltr'><strong>impievisti.</strong></span> <span class='ocrx_word' id='word_1_188' title='bbox 782 2548 935 2601; x_wconf 88' lang='lat' dir='ltr'><strong>Tunc</strong></span> <span class='ocrx_word' id='word_1_189' title='bbox 966 2546 1292 2601; x_wconf 88' lang='lat' dir='ltr'><strong>mortalibus</strong></span> <span class='ocrx_word' id='word_1_190' title='bbox 1326 2541 1600 2597; x_wconf 70' lang='lat' dir='ltr'><strong>universis</strong></span> <span class='ocrx_word' id='word_1_191' title='bbox 1633 2552 1727 2593; x_wconf 88' lang='lat' dir='ltr'><strong>ero</strong></span> 
     </span>
    </p>
   </div>
   <div class='ocr_carea' id='block_1_27' title="bbox 152 2632 1725 2704">
    <p class='ocr_par' dir='ltr' id='par_1_27' title="bbox 152 2632 1725 2704">
     <span class='ocr_line' id='line_1_27' title="bbox 152 2632 1725 2704; baseline -0.009 -5"><span class='ocrx_word' id='word_1_192' title='bbox 152 2646 436 2699; x_wconf 68' lang='lat' dir='ltr'><strong>illustrior.</strong></span> <span class='ocrx_word' id='word_1_193' title='bbox 461 2645 653 2697; x_wconf 79' lang='lat' dir='ltr'><strong>Amen.</strong></span> <span class='ocrx_word' id='word_1_194' title='bbox 674 2641 748 2694; x_wconf 89' lang='lat' dir='ltr'><strong>Ita</strong></span> <span class='ocrx_word' id='word_1_195' title='bbox 777 2643 890 2704; x_wconf 87' lang='lat' dir='ltr'><strong>liat,</strong></span> <span class='ocrx_word' id='word_1_196' title='bbox 917 2639 1165 2702; x_wconf 84' lang='lat' dir='ltr'><strong>Domine,</strong></span> <span class='ocrx_word' id='word_1_197' title='bbox 1197 2650 1342 2688; x_wconf 88' lang='lat' dir='ltr'><strong>nunc</strong></span> <span class='ocrx_word' id='word_1_198' title='bbox 1362 2643 1415 2688; x_wconf 89' lang='lat' dir='ltr'><strong>et</strong></span> <span class='ocrx_word' id='word_1_199' title='bbox 1439 2636 1490 2687; x_wconf 94' lang='lat' dir='ltr'><strong>in</strong></span> <span class='ocrx_word' id='word_1_200' title='bbox 1509 2632 1725 2688; x_wconf 76' lang='lat' dir='ltr'><strong>smcula.</strong></span> 
     </span>
    </p>
   </div>
   <div class='ocr_carea' id='block_1_28' title="bbox 737 2793 1145 2851">
    <p class='ocr_par' dir='ltr' id='par_1_28' title="bbox 737 2793 1145 2851">
     <span class='ocr_line' id='line_1_28' title="bbox 737 2793 1145 2851; baseline -0.007 -1"><span class='ocrx_word' id='word_1_201' title='bbox 737 2794 964 2851; x_wconf 73' lang='lat' dir='ltr'><strong>CAPUT</strong></span> <span class='ocrx_word' id='word_1_202' title='bbox 1005 2793 1145 2847; x_wconf 82' lang='lat' dir='ltr'><strong>Xlll.</strong></span> 
     </span>
    </p>
   </div>
   <div class='ocr_carea' id='block_1_29' title="bbox 152 2924 1727 3002">
    <p class='ocr_par' dir='ltr' id='par_1_29' title="bbox 152 2924 1727 3002">
     <span class='ocr_line' id='line_1_29' title="bbox 152 2924 1727 3002; baseline -0.008 -14"><span class='ocrx_word' id='word_1_203' title='bbox 152 2936 233 2988; x_wconf 66' lang='lat' dir='ltr'><strong>.ld</strong></span> <span class='ocrx_word' id='word_1_204' title='bbox 280 2932 645 3002; x_wconf 65' lang='lat' dir='ltr'><strong>pwttitentiam</strong></span> <span class='ocrx_word' id='word_1_205' title='bbox 699 2929 1016 3002; x_wconf 76' lang='lat' dir='ltr'><strong>cohortatio,</strong></span> <span class='ocrx_word' id='word_1_206' title='bbox 1071 2935 1118 2980; x_wconf 83' lang='lat' dir='ltr'><strong>et</strong></span> <span class='ocrx_word' id='word_1_207' title='bbox 1168 2924 1427 3002; x_wconf 71' lang='lat' dir='ltr'><strong>quomodo</strong></span> <span class='ocrx_word' id='word_1_208' title='bbox 1460 2924 1727 3002; x_wconf 70' lang='lat' dir='ltr'><strong>_eoltm_t_as</strong></span> 
     </span>
    </p>
   </div>
   <div class='ocr_carea' id='block_1_30' title="bbox 221 2994 1729 3068">
    <p class='ocr_par' dir='ltr' id='par_1_30' title="bbox 221 2994 1729 3068">
     <span class='ocr_line' id='line_1_30' title="bbox 221 2994 1729 3068; baseline -0.007 -12"><span class='ocrx_word' id='word_1_209' title='bbox 221 2994 429 3065; x_wconf 59' lang='lat' dir='ltr'><strong>cui-nis,</strong></span> <span class='ocrx_word' id='word_1_210' title='bbox 466 3003 723 3056; x_wconf 78' lang='lat' dir='ltr'><strong>tulimtult&#39;</strong></span> <span class='ocrx_word' id='word_1_211' title='bbox 757 3001 977 3068; x_wconf 76' lang='lat' dir='ltr'><strong>spiritus</strong></span> <span class='ocrx_word' id='word_1_212' title='bbox 1027 2997 1294 3064; x_wconf 78' lang='lat' dir='ltr'><strong>copulata,</strong></span> <span class='ocrx_word' id='word_1_213' title='bbox 1328 2994 1591 3046; x_wconf 68' lang='lat' dir='ltr'><strong>[continent</strong></span> <span class='ocrx_word' id='word_1_214' title='bbox 1622 2994 1729 3045; x_wconf 81' lang='lat' dir='ltr'><strong>Deo</strong></span> 
     </span>
    </p>
   </div>
   <div class='ocr_carea' id='block_1_31' title="bbox 222 3073 689 3126">
    <p class='ocr_par' dir='ltr' id='par_1_31' title="bbox 222 3073 689 3126">
     <span class='ocr_line' id='line_1_31' title="bbox 222 3073 689 3126; baseline -0.006 0"><span class='ocrx_word' id='word_1_215' title='bbox 222 3074 453 3126; x_wconf 71' lang='lat' dir='ltr'><strong>similem</strong></span> <span class='ocrx_word' id='word_1_216' title='bbox 486 3073 689 3124; x_wconf 78' lang='lat' dir='ltr'><strong>reddat.</strong></span> 
     </span>
    </p>
   </div>
   <div class='ocr_carea' id='block_1_32' title="bbox 226 3168 1731 3247">
    <p class='ocr_par' dir='ltr' id='par_1_32' title="bbox 226 3168 1731 3247">
     <span class='ocr_line' id='line_1_32' title="bbox 226 3168 1731 3247; baseline -0.008 -14"><span class='ocrx_word' id='word_1_217' title='bbox 226 3180 517 3247; x_wconf 73' lang='lat' dir='ltr'><strong>Illacrytno</strong></span> <span class='ocrx_word' id='word_1_218' title='bbox 561 3188 615 3231; x_wconf 89' lang='lat' dir='ltr'><strong>et</strong></span> <span class='ocrx_word' id='word_1_219' title='bbox 673 3190 1034 3245; x_wconf 88' lang='lat' dir='ltr'><strong>eompungor,</strong></span> <span class='ocrx_word' id='word_1_220' title='bbox 1076 3187 1198 3227; x_wconf 92' lang='lat' dir='ltr'><strong>cum</strong></span> <span class='ocrx_word' id='word_1_221' title='bbox 1237 3172 1370 3226; x_wconf 90' lang='lat' dir='ltr'><strong>mihi</strong></span> <span class='ocrx_word' id='word_1_222' title='bbox 1404 3170 1582 3225; x_wconf 91' lang='lat' dir='ltr'><strong>lumen</strong></span> <span class='ocrx_word' id='word_1_223' title='bbox 1622 3168 1731 3222; x_wconf 89' lang='lat' dir='ltr'><strong>l&#39;ul-</strong></span> 
     </span>
    </p>
   </div>
   <div class='ocr_carea' id='block_1_33' title="bbox 1823 592 3394 663">
    <p class='ocr_par' dir='ltr' id='par_1_33' title="bbox 1823 592 3394 663">
     <span class='ocr_line' id='line_1_33' title="bbox 1823 592 3394 663; baseline -0.006 -10"><span class='ocrx_word' id='word_1_224' title='bbox 1823 607 2156 656; x_wconf 75' lang='lat' dir='ltr'><strong>votuntatem</strong></span> <span class='ocrx_word' id='word_1_225' title='bbox 2221 613 2384 651; x_wconf 91' lang='lat' dir='ltr'><strong>unam</strong></span> <span class='ocrx_word' id='word_1_226' title='bbox 2445 610 2572 651; x_wconf 86' lang='lat' dir='ltr'><strong>esse</strong></span> <span class='ocrx_word' id='word_1_227' title='bbox 2605 603 2761 663; x_wconf 89' lang='lat' dir='ltr'><strong>puto.</strong></span> <span class='ocrx_word' id='word_1_228' title='bbox 2790 592 2892 657; x_wconf 86' lang='lat' dir='ltr'><strong>Qui</strong></span> <span class='ocrx_word' id='word_1_229' title='bbox 2936 606 3068 661; x_wconf 85' lang='lat' dir='ltr'><strong>ergo</strong></span> <span class='ocrx_word' id='word_1_230' title='bbox 3115 606 3272 645; x_wconf 88' lang='lat' dir='ltr'><strong>suam</strong></span> <span class='ocrx_word' id='word_1_231' title='bbox 3304 593 3394 647; x_wconf 79' lang='lat' dir='ltr'><strong>di-</strong></span> 
     </span>
    </p>
   </div>
   <div class='ocr_carea' id='block_1_34' title="bbox 1820 684 3391 764">
    <p class='ocr_par' dir='ltr' id='par_1_34' title="bbox 1820 684 3391 764">
     <span class='ocr_line' id='line_1_34' title="bbox 1820 684 3391 764; baseline -0.01 -13"><span class='ocrx_word' id='word_1_232' title='bbox 1820 697 1947 751; x_wconf 76' lang='lat' dir='ltr'><strong>vino</strong></span> <span class='ocrx_word' id='word_1_233' title='bbox 2006 693 2235 764; x_wconf 79' lang='lat' dir='ltr'><strong>Spiritui</strong></span> <span class='ocrx_word' id='word_1_234' title='bbox 2295 689 2676 757; x_wconf 76' lang='lat' dir='ltr'><strong>coniunxerit,</strong></span> <span class='ocrx_word' id='word_1_235' title='bbox 2739 688 2852 741; x_wconf 84' lang='lat' dir='ltr'><strong>Deo</strong></span> <span class='ocrx_word' id='word_1_236' title='bbox 2922 686 3120 740; x_wconf 88' lang='lat' dir='ltr'><strong>similis</strong></span> <span class='ocrx_word' id='word_1_237' title='bbox 3179 684 3391 748; x_wconf 81' lang='lat' dir='ltr'><strong>evasit;</strong></span> 
     </span>
    </p>
   </div>
   <div class='ocr_carea' id='block_1_35' title="bbox 1820 778 3396 856">
    <p class='ocr_par' dir='ltr' id='par_1_35' title="bbox 1820 778 3396 856">
     <span class='ocr_line' id='line_1_35' title="bbox 1820 778 3396 856; baseline -0.011 -13"><span class='ocrx_word' id='word_1_238' title='bbox 1820 790 2042 844; x_wconf 86' lang='lat' dir='ltr'><strong>Christo</strong></span> <span class='ocrx_word' id='word_1_239' title='bbox 2098 788 2151 840; x_wconf 89' lang='lat' dir='ltr'><strong>in</strong></span> <span class='ocrx_word' id='word_1_240' title='bbox 2191 796 2384 856; x_wconf 83' lang='lat' dir='ltr'><strong>pertus</strong></span> <span class='ocrx_word' id='word_1_241' title='bbox 2420 790 2668 845; x_wconf 88' lang='lat' dir='ltr'><strong>accepto,</strong></span> <span class='ocrx_word' id='word_1_242' title='bbox 2706 780 3060 835; x_wconf 86' lang='lat' dir='ltr'><strong>Christianus</strong></span> <span class='ocrx_word' id='word_1_243' title='bbox 3109 793 3137 829; x_wconf 84' lang='lat' dir='ltr'><strong>a</strong></span> <span class='ocrx_word' id='word_1_244' title='bbox 3171 778 3396 834; x_wconf 83' lang='lat' dir='ltr'><strong>Christo</strong></span> 
     </span>
    </p>
   </div>
   <div class='ocr_carea' id='block_1_36' title="bbox 1824 871 3400 943">
    <p class='ocr_par' dir='ltr' id='par_1_36' title="bbox 1824 871 3400 943">
     <span class='ocr_line' id='line_1_36' title="bbox 1824 871 3400 943; baseline -0.009 -9"><span class='ocrx_word' id='word_1_245' title='bbox 1824 887 1930 943; x_wconf 89' lang='lat' dir='ltr'><strong>est,</strong></span> <span class='ocrx_word' id='word_1_246' title='bbox 1966 880 2250 933; x_wconf 79' lang='lat' dir='ltr'><strong>Christum</strong></span> <span class='ocrx_word' id='word_1_247' title='bbox 2300 877 2595 931; x_wconf 84' lang='lat' dir='ltr'><strong>formatum</strong></span> <span class='ocrx_word' id='word_1_248' title='bbox 2631 873 2685 925; x_wconf 91' lang='lat' dir='ltr'><strong>in</strong></span> <span class='ocrx_word' id='word_1_249' title='bbox 2719 872 2921 940; x_wconf 83' lang='lat' dir='ltr'><strong>seipse,</strong></span> <span class='ocrx_word' id='word_1_250' title='bbox 2973 871 3400 938; x_wconf 83' lang='lat' dir='ltr'><strong>incomprehen-</strong></span> 
     </span>
    </p>
   </div>
   <div class='ocr_carea' id='block_1_37' title="bbox 1824 961 3398 1033">
    <p class='ocr_par' dir='ltr' id='par_1_37' title="bbox 1824 961 3398 1033">
     <span class='ocr_line' id='line_1_37' title="bbox 1824 961 3398 1033; baseline -0.007 -9"><span class='ocrx_word' id='word_1_251' title='bbox 1824 986 1968 1033; x_wconf 89' lang='lat' dir='ltr'><strong>sum,</strong></span> <span class='ocrx_word' id='word_1_252' title='bbox 2005 970 2206 1032; x_wconf 87' lang='lat' dir='ltr'><strong>solum,</strong></span> <span class='ocrx_word' id='word_1_253' title='bbox 2245 978 2301 1023; x_wconf 90' lang='lat' dir='ltr'><strong>et</strong></span> <span class='ocrx_word' id='word_1_254' title='bbox 2354 982 2542 1021; x_wconf 79' lang='lat' dir='ltr'><strong>revera</strong></span> <span class='ocrx_word' id='word_1_255' title='bbox 2595 965 2856 1019; x_wconf 88' lang='lat' dir='ltr'><strong>omnibus</strong></span> <span class='ocrx_word' id='word_1_256' title='bbox 2905 963 3148 1017; x_wconf 92' lang='lat' dir='ltr'><strong>conditis</strong></span> <span class='ocrx_word' id='word_1_257' title='bbox 3183 961 3398 1014; x_wconf 88' lang='lat' dir='ltr'><strong>naturis</strong></span> 
     </span>
    </p>
   </div>
   <div class='ocr_carea' id='block_1_38' title="bbox 1826 1052 3399 1129">
    <p class='ocr_par' dir='ltr' id='par_1_38' title="bbox 1826 1052 3399 1129">
     <span class='ocr_line' id='line_1_38' title="bbox 1826 1052 3399 1129; baseline -0.009 -12"><span class='ocrx_word' id='word_1_258' title='bbox 1826 1065 2174 1117; x_wconf 81' lang='lat' dir='ltr'><strong>inaccessum</strong></span> <span class='ocrx_word' id='word_1_259' title='bbox 2229 1062 2384 1129; x_wconf 80' lang='lat' dir='ltr'><strong>plane</strong></span> <span class='ocrx_word' id='word_1_260' title='bbox 2429 1060 2480 1111; x_wconf 90' lang='lat' dir='ltr'><strong>in</strong></span> <span class='ocrx_word' id='word_1_261' title='bbox 2523 1072 2583 1113; x_wconf 92' lang='lat' dir='ltr'><strong>se</strong></span> <span class='ocrx_word' id='word_1_262' title='bbox 2623 1055 2938 1111; x_wconf 89' lang='lat' dir='ltr'><strong>continens.</strong></span> <span class='ocrx_word' id='word_1_263' title='bbox 2982 1052 3109 1117; x_wconf 85' lang='lat' dir='ltr'><strong>Sed,</strong></span> <span class='ocrx_word' id='word_1_264' title='bbox 3146 1059 3399 1107; x_wconf 89' lang='lat' dir='ltr'><strong>onatura</strong></span> 
     </span>
    </p>
   </div>
   <div class='ocr_carea' id='block_1_39' title="bbox 1828 1146 3401 1220">
    <p class='ocr_par' dir='ltr' id='par_1_39' title="bbox 1828 1146 3401 1220">
     <span class='ocr_line' id='line_1_39' title="bbox 1828 1146 3401 1220; baseline -0.008 -11"><span class='ocrx_word' id='word_1_265' title='bbox 1828 1158 2174 1217; x_wconf 84' lang='lat' dir='ltr'><strong>intemerata,</strong></span> <span class='ocrx_word' id='word_1_266' title='bbox 2234 1152 2474 1207; x_wconf 55' lang='lat' dir='ltr'><strong>essentia</strong></span> <span class='ocrx_word' id='word_1_267' title='bbox 2528 1150 2768 1214; x_wconf 81' lang='lat' dir='ltr'><strong>occulta,</strong></span> <span class='ocrx_word' id='word_1_268' title='bbox 2838 1149 3028 1220; x_wconf 83' lang='lat' dir='ltr'><strong>ignota</strong></span> <span class='ocrx_word' id='word_1_269' title='bbox 3086 1146 3401 1215; x_wconf 80' lang='lat' dir='ltr'><strong>benignitas</strong></span> 
     </span>
    </p>
   </div>
   <div class='ocr_carea' id='block_1_40' title="bbox 1827 1234 3406 1318">
    <p class='ocr_par' dir='ltr' id='par_1_40' title="bbox 1827 1234 3406 1318">
     <span class='ocr_line' id='line_1_40' title="bbox 1827 1234 3406 1318; baseline -0.009 -18"><span class='ocrx_word' id='word_1_270' title='bbox 1827 1247 2082 1318; x_wconf 85' lang='lat' dir='ltr'><strong>plurimis</strong></span> <span class='ocrx_word' id='word_1_271' title='bbox 2133 1242 2476 1304; x_wconf 86' lang='lat' dir='ltr'><strong>hominibus,</strong></span> <span class='ocrx_word' id='word_1_272' title='bbox 2515 1237 2897 1293; x_wconf 87' lang='lat' dir='ltr'><strong>misericordia</strong></span> <span class='ocrx_word' id='word_1_273' title='bbox 2947 1250 3071 1305; x_wconf 76' lang='lat' dir='ltr'><strong>qua:</strong></span> <span class='ocrx_word' id='word_1_274' title='bbox 3112 1249 3219 1287; x_wconf 91' lang='lat' dir='ltr'><strong>non</strong></span> <span class='ocrx_word' id='word_1_275' title='bbox 3250 1234 3406 1287; x_wconf 81' lang='lat' dir='ltr'><strong>vide-</strong></span> 
     </span>
    </p>
   </div>
   <div class='ocr_carea' id='block_1_41' title="bbox 1828 1324 3401 1392">
    <p class='ocr_par' dir='ltr' id='par_1_41' title="bbox 1828 1324 3401 1392">
     <span class='ocr_line' id='line_1_41' title="bbox 1828 1324 3401 1392; baseline -0.008 -2"><span class='ocrx_word' id='word_1_276' title='bbox 1828 1347 1918 1391; x_wconf 92' lang='lat' dir='ltr'><strong>tur</strong></span> <span class='ocrx_word' id='word_1_277' title='bbox 1955 1351 1983 1389; x_wconf 86' lang='lat' dir='ltr'><strong>a</strong></span> <span class='ocrx_word' id='word_1_278' title='bbox 2028 1335 2193 1390; x_wconf 90' lang='lat' dir='ltr'><strong>stulte</strong></span> <span class='ocrx_word' id='word_1_279' title='bbox 2251 1332 2565 1388; x_wconf 77' lang='lat' dir='ltr'><strong>viventibus</strong></span> <span class='ocrx_word' id='word_1_280' title='bbox 2626 1327 2993 1392; x_wconf 86' lang='lat' dir='ltr'><strong>invariabilis,</strong></span> <span class='ocrx_word' id='word_1_281' title='bbox 3060 1324 3401 1387; x_wconf 88' lang='lat' dir='ltr'><strong>insecabilis,</strong></span> 
     </span>
    </p>
   </div>
   <div class='ocr_carea' id='block_1_42' title="bbox 1828 1420 3407 1501">
    <p class='ocr_par' dir='ltr' id='par_1_42' title="bbox 1828 1420 3407 1501">
     <span class='ocr_line' id='line_1_42' title="bbox 1828 1420 3407 1501; baseline -0.009 -20"><span class='ocrx_word' id='word_1_282' title='bbox 1828 1436 1913 1481; x_wconf 88' lang='lat' dir='ltr'><strong>ter</strong></span> <span class='ocrx_word' id='word_1_283' title='bbox 1942 1438 2133 1480; x_wconf 88' lang='lat' dir='ltr'><strong>sancta</strong></span> <span class='ocrx_word' id='word_1_284' title='bbox 2169 1426 2435 1501; x_wconf 79' lang='lat' dir='ltr'><strong>essentia,</strong></span> <span class='ocrx_word' id='word_1_285' title='bbox 2479 1422 2715 1491; x_wconf 75' lang='lat' dir='ltr'><strong>simplex</strong></span> <span class='ocrx_word' id='word_1_286' title='bbox 2749 1420 2955 1483; x_wconf 89' lang='lat' dir='ltr'><strong>lumen,</strong></span> <span class='ocrx_word' id='word_1_287' title='bbox 2975 1428 3029 1471; x_wconf 91' lang='lat' dir='ltr'><strong>et</strong></span> <span class='ocrx_word' id='word_1_288' title='bbox 3057 1430 3256 1472; x_wconf 85' lang='lat' dir='ltr'><strong>carens</strong></span> <span class='ocrx_word' id='word_1_289' title='bbox 3284 1429 3407 1483; x_wconf 77' lang='lat' dir='ltr'><strong>spe-</strong></span> 
     </span>
    </p>
   </div>
   <div class='ocr_carea' id='block_1_43' title="bbox 1828 1506 3407 1582">
    <p class='ocr_par' dir='ltr' id='par_1_43' title="bbox 1828 1506 3407 1582">
     <span class='ocr_line' id='line_1_43' title="bbox 1828 1506 3407 1582; baseline -0.008 -10"><span class='ocrx_word' id='word_1_290' title='bbox 1828 1522 1936 1579; x_wconf 90' lang='lat' dir='ltr'><strong>cie,</strong></span> <span class='ocrx_word' id='word_1_291' title='bbox 1973 1518 2203 1570; x_wconf 89' lang='lat' dir='ltr'><strong>minime</strong></span> <span class='ocrx_word' id='word_1_292' title='bbox 2236 1514 2623 1582; x_wconf 88' lang='lat' dir='ltr'><strong>compositum,</strong></span> <span class='ocrx_word' id='word_1_293' title='bbox 2679 1513 3092 1580; x_wconf 83' lang='lat' dir='ltr'><strong>incorporeum,</strong></span> <span class='ocrx_word' id='word_1_294' title='bbox 3147 1506 3407 1578; x_wconf 82' lang='lat' dir='ltr'><strong>quodque</strong></span> 
     </span>
    </p>
   </div>
   <div class='ocr_carea' id='block_1_44' title="bbox 1828 1598 3407 1674">
    <p class='ocr_par' dir='ltr' id='par_1_44' title="bbox 1828 1598 3407 1674">
     <span class='ocr_line' id='line_1_44' title="bbox 1828 1598 3407 1674; baseline -0.007 -12"><span class='ocrx_word' id='word_1_295' title='bbox 1828 1611 2037 1663; x_wconf 89' lang='lat' dir='ltr'><strong>anulla</strong></span> <span class='ocrx_word' id='word_1_296' title='bbox 2097 1616 2293 1661; x_wconf 80' lang='lat' dir='ltr'><strong>natura</strong></span> <span class='ocrx_word' id='word_1_297' title='bbox 2345 1606 2465 1674; x_wconf 90' lang='lat' dir='ltr'><strong>capi</strong></span> <span class='ocrx_word' id='word_1_298' title='bbox 2542 1613 2708 1672; x_wconf 84' lang='lat' dir='ltr'><strong>atque</strong></span> <span class='ocrx_word' id='word_1_299' title='bbox 2764 1598 3157 1671; x_wconf 87' lang='lat' dir='ltr'><strong>comprehendi</strong></span> <span class='ocrx_word' id='word_1_300' title='bbox 3228 1606 3407 1667; x_wconf 87' lang='lat' dir='ltr'><strong>potes,</strong></span> 
     </span>
    </p>
   </div>
   <div class='ocr_carea' id='block_1_45' title="bbox 1829 1691 3409 1767">
    <p class='ocr_par' dir='ltr' id='par_1_45' title="bbox 1829 1691 3409 1767">
     <span class='ocr_line' id='line_1_45' title="bbox 1829 1691 3409 1767; baseline -0.008 -15"><span class='ocrx_word' id='word_1_301' title='bbox 1829 1699 2126 1767; x_wconf 82' lang='lat' dir='ltr'><strong>quomodo,</strong></span> <span class='ocrx_word' id='word_1_302' title='bbox 2167 1712 2199 1751; x_wconf 93' lang='grc' dir='ltr'>ο</span> <span class='ocrx_word' id='word_1_303' title='bbox 2251 1712 2370 1760; x_wconf 73' lang='lat' dir='ltr'><strong>rex,</strong></span> <span class='ocrx_word' id='word_1_304' title='bbox 2413 1694 2592 1749; x_wconf 91' lang='lat' dir='ltr'><strong>oculis</strong></span> <span class='ocrx_word' id='word_1_305' title='bbox 2646 1692 2905 1745; x_wconf 87' lang='lat' dir='ltr'><strong>humanis</strong></span> <span class='ocrx_word' id='word_1_306' title='bbox 2959 1691 3210 1757; x_wconf 85' lang='lat' dir='ltr'><strong>objectus</strong></span> <span class='ocrx_word' id='word_1_307' title='bbox 3248 1701 3310 1741; x_wconf 88' lang='lat' dir='ltr'><strong>es</strong></span> <span class='ocrx_word' id='word_1_308' title='bbox 3349 1695 3409 1739; x_wconf 83' lang='grc' dir='ltr'><strong>ιιι</strong></span> 
     </span>
    </p>
   </div>
   <div class='ocr_carea' id='block_1_46' title="bbox 1830 1783 3407 1858">
    <p class='ocr_par' dir='ltr' id='par_1_46' title="bbox 1830 1783 3407 1858">
     <span class='ocr_line' id='line_1_46' title="bbox 1830 1783 3407 1858; baseline -0.006 -16"><span class='ocrx_word' id='word_1_309' title='bbox 1830 1804 1952 1857; x_wconf 83' lang='lat' dir='ltr'><strong>ego,</strong></span> <span class='ocrx_word' id='word_1_310' title='bbox 1982 1789 2237 1858; x_wconf 86' lang='lat' dir='ltr'><strong>cognitus</strong></span> <span class='ocrx_word' id='word_1_311' title='bbox 2265 1790 2333 1841; x_wconf 90' lang='lat' dir='ltr'><strong>ab</strong></span> <span class='ocrx_word' id='word_1_312' title='bbox 2363 1789 2448 1841; x_wconf 90' lang='lat' dir='ltr'><strong>his</strong></span> <span class='ocrx_word' id='word_1_313' title='bbox 2476 1787 2570 1855; x_wconf 90' lang='lat' dir='ltr'><strong>qui</strong></span> <span class='ocrx_word' id='word_1_314' title='bbox 2602 1786 2659 1840; x_wconf 91' lang='lat' dir='ltr'><strong>in</strong></span> <span class='ocrx_word' id='word_1_315' title='bbox 2714 1783 2924 1838; x_wconf 85' lang='lat' dir='ltr'><strong>mundo</strong></span> <span class='ocrx_word' id='word_1_316' title='bbox 2962 1788 3110 1844; x_wconf 91' lang='lat' dir='ltr'><strong>sunt,</strong></span> <span class='ocrx_word' id='word_1_317' title='bbox 3159 1787 3407 1848; x_wconf 80' lang='lat' dir='ltr'><strong>gestatus</strong></span> 
     </span>
    </p>
   </div>
   <div class='ocr_carea' id='block_1_47' title="bbox 1833 1865 3407 1941">
    <p class='ocr_par' dir='ltr' id='par_1_47' title="bbox 1833 1865 3407 1941">
     <span class='ocr_line' id='line_1_47' title="bbox 1833 1865 3407 1941; baseline -0.01 -8"><span class='ocrx_word' id='word_1_318' title='bbox 1833 1889 2038 1933; x_wconf 78' lang='lat' dir='ltr'><strong>sancta:</strong></span> <span class='ocrx_word' id='word_1_319' title='bbox 2090 1877 2284 1931; x_wconf 79' lang='lat' dir='ltr'><strong>Matris</strong></span> <span class='ocrx_word' id='word_1_320' title='bbox 2313 1886 2419 1930; x_wconf 61' lang='lat' dir='ltr'><strong>tua:</strong></span> <span class='ocrx_word' id='word_1_321' title='bbox 2459 1875 2737 1939; x_wconf 85' lang='lat' dir='ltr'><strong>uiauibus,</strong></span> <span class='ocrx_word' id='word_1_322' title='bbox 2766 1874 2970 1941; x_wconf 85' lang='lat' dir='ltr'><strong>ligatus</strong></span> <span class='ocrx_word' id='word_1_323' title='bbox 3024 1878 3083 1923; x_wconf 93' lang='lat' dir='ltr'><strong>ut</strong></span> <span class='ocrx_word' id='word_1_324' title='bbox 3109 1865 3407 1931; x_wconf 88' lang='lat' dir='ltr'><strong>homicida,</strong></span> 
     </span>
    </p>
   </div>
   <div class='ocr_carea' id='block_1_48' title="bbox 1835 1958 3407 2038">
    <p class='ocr_par' dir='ltr' id='par_1_48' title="bbox 1835 1958 3407 2038">
     <span class='ocr_line' id='line_1_48' title="bbox 1835 1958 3407 2038; baseline -0.008 -16"><span class='ocrx_word' id='word_1_325' title='bbox 1835 1982 2034 2038; x_wconf 89' lang='lat' dir='ltr'><strong>passus</strong></span> <span class='ocrx_word' id='word_1_326' title='bbox 2060 1977 2119 2020; x_wconf 88' lang='lat' dir='ltr'><strong>ut</strong></span> <span class='ocrx_word' id='word_1_327' title='bbox 2152 1964 2459 2028; x_wconf 82' lang='lat' dir='ltr'><strong>maleﬁcus,</strong></span> <span class='ocrx_word' id='word_1_328' title='bbox 2500 1963 2631 2017; x_wconf 89' lang='lat' dir='ltr'><strong>dum</strong></span> <span class='ocrx_word' id='word_1_329' title='bbox 2664 1976 2750 2016; x_wconf 89' lang='lat' dir='ltr'><strong>me</strong></span> <span class='ocrx_word' id='word_1_330' title='bbox 2793 1975 3023 2030; x_wconf 88' lang='lat' dir='ltr'><strong>prorsus</strong></span> <span class='ocrx_word' id='word_1_331' title='bbox 3053 1959 3270 2014; x_wconf 85' lang='lat' dir='ltr'><strong>salvare</strong></span> <span class='ocrx_word' id='word_1_332' title='bbox 3302 1958 3407 2022; x_wconf 83' lang='lat' dir='ltr'><strong>vis,</strong></span> 
     </span>
    </p>
   </div>
   <div class='ocr_carea' id='block_1_49' title="bbox 1835 2051 3412 2129">
    <p class='ocr_par' dir='ltr' id='par_1_49' title="bbox 1835 2051 3412 2129">
     <span class='ocr_line' id='line_1_49' title="bbox 1835 2051 3412 2129; baseline -0.007 -14"><span class='ocrx_word' id='word_1_333' title='bbox 1835 2070 1890 2115; x_wconf 89' lang='lat' dir='ltr'><strong>et</strong></span> <span class='ocrx_word' id='word_1_334' title='bbox 1923 2061 1975 2114; x_wconf 91' lang='lat' dir='ltr'><strong>in</strong></span> <span class='ocrx_word' id='word_1_335' title='bbox 2009 2058 2328 2129; x_wconf 87' lang='lat' dir='ltr'><strong>paradisum</strong></span> <span class='ocrx_word' id='word_1_336' title='bbox 2379 2056 2564 2126; x_wconf 74' lang='lat' dir='ltr'><strong>gloria:</strong></span> <span class='ocrx_word' id='word_1_337' title='bbox 2609 2054 2796 2109; x_wconf 88' lang='lat' dir='ltr'><strong>denuo</strong></span> <span class='ocrx_word' id='word_1_338' title='bbox 2827 2052 3113 2107; x_wconf 86' lang='lat' dir='ltr'><strong>reducere.</strong></span> <span class='ocrx_word' id='word_1_339' title='bbox 3146 2051 3273 2104; x_wconf 66' lang='lat' dir='ltr'><strong>Haec</strong></span> <span class='ocrx_word' id='word_1_340' title='bbox 3323 2061 3412 2105; x_wconf 83' lang='lat' dir='ltr'><strong>est</strong></span> 
     </span>
    </p>
   </div>
   <div class='ocr_carea' id='block_1_50' title="bbox 1838 2142 3411 2213">
    <p class='ocr_par' dir='ltr' id='par_1_50' title="bbox 1838 2142 3411 2213">
     <span class='ocr_line' id='line_1_50' title="bbox 1838 2142 3411 2213; baseline -0.009 -4"><span class='ocrx_word' id='word_1_341' title='bbox 1838 2154 2145 2209; x_wconf 65' lang='lat' dir='ltr'><strong>economia</strong></span> <span class='ocrx_word' id='word_1_342' title='bbox 2178 2163 2293 2213; x_wconf 84' lang='lat' dir='ltr'><strong>tua,</strong></span> <span class='ocrx_word' id='word_1_343' title='bbox 2326 2151 2439 2204; x_wconf 67' lang='lat' dir='ltr'><strong>hate</strong></span> <span class='ocrx_word' id='word_1_344' title='bbox 2471 2163 2641 2203; x_wconf 84' lang='lat' dir='ltr'><strong>causa</strong></span> <span class='ocrx_word' id='word_1_345' title='bbox 2673 2148 2945 2200; x_wconf 74' lang='lat' dir='ltr'><strong>adventus</strong></span> <span class='ocrx_word' id='word_1_346' title='bbox 2978 2144 3077 2208; x_wconf 92' lang='lat' dir='ltr'><strong>tui,</strong></span> <span class='ocrx_word' id='word_1_347' title='bbox 3104 2144 3219 2197; x_wconf 70' lang='lat' dir='ltr'><strong>hate</strong></span> <span class='ocrx_word' id='word_1_348' title='bbox 3241 2142 3411 2197; x_wconf 56' lang='lat' dir='ltr'><strong>arise.</strong></span> 
     </span>
    </p>
   </div>
   <div class='ocr_carea' id='block_1_51' title="bbox 1838 2232 3411 2306">
    <p class='ocr_par' dir='ltr' id='par_1_51' title="bbox 1838 2232 3411 2306">
     <span class='ocr_line' id='line_1_51' title="bbox 1838 2232 3411 2306; baseline -0.01 -7"><span class='ocrx_word' id='word_1_349' title='bbox 1838 2245 2109 2306; x_wconf 89' lang='lat' dir='ltr'><strong>ricordia,</strong></span> <span class='ocrx_word' id='word_1_350' title='bbox 2144 2252 2198 2296; x_wconf 91' lang='lat' dir='ltr'><strong>et</strong></span> <span class='ocrx_word' id='word_1_351' title='bbox 2249 2241 2569 2294; x_wconf 90' lang='lat' dir='ltr'><strong>hutnauitas</strong></span> <span class='ocrx_word' id='word_1_352' title='bbox 2615 2248 2729 2301; x_wconf 90' lang='lat' dir='ltr'><strong>tua,</strong></span> <span class='ocrx_word' id='word_1_353' title='bbox 2766 2235 3024 2291; x_wconf 89' lang='lat' dir='ltr'><strong>omnibus</strong></span> <span class='ocrx_word' id='word_1_354' title='bbox 3081 2232 3411 2287; x_wconf 88' lang='lat' dir='ltr'><strong>mortalibus</strong></span> 
     </span>
    </p>
   </div>
   <div class='ocr_carea' id='block_1_52' title="bbox 1837 2325 3411 2397">
    <p class='ocr_par' dir='ltr' id='par_1_52' title="bbox 1837 2325 3411 2397">
     <span class='ocr_line' id='line_1_52' title="bbox 1837 2325 3411 2397; baseline -0.008 -6"><span class='ocrx_word' id='word_1_355' title='bbox 1837 2337 2000 2392; x_wconf 89' lang='lat' dir='ltr'><strong>nobis</strong></span> <span class='ocrx_word' id='word_1_356' title='bbox 2033 2335 2304 2397; x_wconf 79' lang='lat' dir='ltr'><strong>exhibita,</strong></span> <span class='ocrx_word' id='word_1_357' title='bbox 2337 2332 2616 2396; x_wconf 78' lang='lat' dir='ltr'><strong>fidelibus,</strong></span> <span class='ocrx_word' id='word_1_358' title='bbox 2644 2329 2987 2392; x_wconf 72' lang='lat' dir='ltr'><strong>infidelibus,</strong></span> <span class='ocrx_word' id='word_1_359' title='bbox 3012 2325 3251 2381; x_wconf 90' lang='lat' dir='ltr'><strong>ethnicis</strong></span> <span class='ocrx_word' id='word_1_360' title='bbox 3282 2338 3411 2393; x_wconf 85' lang='lat' dir='ltr'><strong>pec-</strong></span> 
     </span>
    </p>
   </div>
   <div class='ocr_carea' id='block_1_53' title="bbox 1836 2415 3412 2495">
    <p class='ocr_par' dir='ltr' id='par_1_53' title="bbox 1836 2415 3412 2495">
     <span class='ocr_line' id='line_1_53' title="bbox 1836 2415 3412 2495; baseline -0.01 -9"><span class='ocrx_word' id='word_1_361' title='bbox 1836 2431 2143 2495; x_wconf 71' lang='lat' dir='ltr'><strong>catoribus,</strong></span> <span class='ocrx_word' id='word_1_362' title='bbox 2194 2436 2250 2482; x_wconf 87' lang='lat' dir='ltr'><strong>et</strong></span> <span class='ocrx_word' id='word_1_363' title='bbox 2296 2427 2534 2482; x_wconf 87' lang='lat' dir='ltr'><strong>sanctis.</strong></span> <span class='ocrx_word' id='word_1_364' title='bbox 2575 2424 2741 2478; x_wconf 82' lang='lat' dir='ltr'><strong>Facta</strong></span> <span class='ocrx_word' id='word_1_365' title='bbox 2793 2428 2879 2476; x_wconf 89' lang='lat' dir='ltr'><strong>est</strong></span> <span class='ocrx_word' id='word_1_366' title='bbox 2928 2421 3076 2476; x_wconf 89' lang='lat' dir='ltr'><strong>enim</strong></span> <span class='ocrx_word' id='word_1_367' title='bbox 3141 2415 3412 2488; x_wconf 78' lang='lat' dir='ltr'><strong>apparitio</strong></span> 
     </span>
    </p>
   </div>
   <div class='ocr_carea' id='block_1_54' title="bbox 1838 2513 3415 2576">
    <p class='ocr_par' dir='ltr' id='par_1_54' title="bbox 1838 2513 3415 2576">
     <span class='ocr_line' id='line_1_54' title="bbox 1838 2513 3415 2576; baseline -0.01 0"><span class='ocrx_word' id='word_1_368' title='bbox 1838 2530 1929 2576; x_wconf 83' lang='lat' dir='ltr'><strong>tua</strong></span> <span class='ocrx_word' id='word_1_369' title='bbox 1965 2522 2018 2574; x_wconf 92' lang='lat' dir='ltr'><strong>iu</strong></span> <span class='ocrx_word' id='word_1_370' title='bbox 2059 2536 2224 2575; x_wconf 89' lang='lat' dir='ltr'><strong>carne</strong></span> <span class='ocrx_word' id='word_1_371' title='bbox 2252 2518 2563 2574; x_wconf 88' lang='lat' dir='ltr'><strong>communis</strong></span> <span class='ocrx_word' id='word_1_372' title='bbox 2595 2514 2844 2571; x_wconf 86' lang='lat' dir='ltr'><strong>omnium</strong></span> <span class='ocrx_word' id='word_1_373' title='bbox 2875 2513 3129 2566; x_wconf 85' lang='lat' dir='ltr'><strong>vivorum</strong></span> <span class='ocrx_word' id='word_1_374' title='bbox 3161 2524 3226 2563; x_wconf 91' lang='lat' dir='ltr'><strong>ac</strong></span> <span class='ocrx_word' id='word_1_375' title='bbox 3258 2522 3415 2562; x_wconf 70' lang='grc' dir='ltr'>ωσι-υ</span> 
     </span>
    </p>
   </div>
   <div class='ocr_carea' id='block_1_55' title="bbox 1840 2608 2682 2678">
    <p class='ocr_par' dir='ltr' id='par_1_55' title="bbox 1840 2608 2682 2678">
     <span class='ocr_line' id='line_1_55' title="bbox 1840 2608 2682 2678; baseline -0.007 -11"><span class='ocrx_word' id='word_1_376' title='bbox 1840 2623 2055 2667; x_wconf 89' lang='lat' dir='ltr'><strong>tuorum</strong></span> <span class='ocrx_word' id='word_1_377' title='bbox 2096 2611 2246 2665; x_wconf 79' lang='lat' dir='ltr'><strong>Salus</strong></span> <span class='ocrx_word' id='word_1_378' title='bbox 2276 2620 2329 2663; x_wconf 92' lang='lat' dir='ltr'><strong>ct</strong></span> <span class='ocrx_word' id='word_1_379' title='bbox 2362 2608 2682 2678; x_wconf 83' lang='lat' dir='ltr'><strong>redemptio.</strong></span> 
     </span>
    </p>
   </div>
   <div class='ocr_carea' id='block_1_56' title="bbox 1910 2695 3410 2768">
    <p class='ocr_par' dir='ltr' id='par_1_56' title="bbox 1910 2695 3410 2768">
     <span class='ocr_line' id='line_1_56' title="bbox 1910 2695 3410 2768; baseline -0.011 -7"><span class='ocrx_word' id='word_1_380' title='bbox 1910 2704 2063 2768; x_wconf 83' lang='lat' dir='ltr'><strong>Quod</strong></span> <span class='ocrx_word' id='word_1_381' title='bbox 2102 2710 2285 2756; x_wconf 89' lang='lat' dir='ltr'><strong>autem</strong></span> <span class='ocrx_word' id='word_1_382' title='bbox 2320 2700 2373 2753; x_wconf 90' lang='lat' dir='ltr'><strong>in</strong></span> <span class='ocrx_word' id='word_1_383' title='bbox 2412 2715 2497 2753; x_wconf 88' lang='lat' dir='ltr'><strong>tne</strong></span> <span class='ocrx_word' id='word_1_384' title='bbox 2547 2698 2760 2766; x_wconf 85' lang='lat' dir='ltr'><strong>perdito</strong></span> <span class='ocrx_word' id='word_1_385' title='bbox 2810 2695 3044 2759; x_wconf 91' lang='lat' dir='ltr'><strong>occulte,</strong></span> <span class='ocrx_word' id='word_1_386' title='bbox 3073 2704 3126 2749; x_wconf 90' lang='lat' dir='ltr'><strong>et</strong></span> <span class='ocrx_word' id='word_1_387' title='bbox 3159 2708 3410 2749; x_wconf 84' lang='lat' dir='ltr'><strong>seorsum</strong></span> 
     </span>
    </p>
   </div>
   <div class='ocr_carea' id='block_1_57' title="bbox 1838 2785 3413 2866">
    <p class='ocr_par' dir='ltr' id='par_1_57' title="bbox 1838 2785 3413 2866">
     <span class='ocr_line' id='line_1_57' title="bbox 1838 2785 3413 2866; baseline -0.008 -15"><span class='ocrx_word' id='word_1_388' title='bbox 1838 2797 1893 2851; x_wconf 83' lang='lat' dir='ltr'><strong>in</strong></span> <span class='ocrx_word' id='word_1_389' title='bbox 1928 2796 2237 2866; x_wconf 82' lang='lat' dir='ltr'><strong>ignorantia</strong></span> <span class='ocrx_word' id='word_1_390' title='bbox 2273 2792 2637 2861; x_wconf 84' lang='lat' dir='ltr'><strong>cognoscibili</strong></span> <span class='ocrx_word' id='word_1_391' title='bbox 2679 2789 2812 2842; x_wconf 90' lang='lat' dir='ltr'><strong>mihi</strong></span> <span class='ocrx_word' id='word_1_392' title='bbox 2845 2788 3066 2857; x_wconf 78' lang='lat' dir='ltr'><strong>quidem</strong></span> <span class='ocrx_word' id='word_1_393' title='bbox 3091 2797 3263 2851; x_wconf 86' lang='lat' dir='ltr'><strong>certe,</strong></span> <span class='ocrx_word' id='word_1_394' title='bbox 3289 2785 3413 2839; x_wconf 84' lang='lat' dir='ltr'><strong>aliis</strong></span> 
     </span>
    </p>
   </div>
   <div class='ocr_carea' id='block_1_58' title="bbox 1840 2876 3416 2955">
    <p class='ocr_par' dir='ltr' id='par_1_58' title="bbox 1840 2876 3416 2955">
     <span class='ocr_line' id='line_1_58' title="bbox 1840 2876 3416 2955; baseline -0.006 -14"><span class='ocrx_word' id='word_1_395' title='bbox 1840 2899 2019 2942; x_wconf 86' lang='lat' dir='ltr'><strong>autem</strong></span> <span class='ocrx_word' id='word_1_396' title='bbox 2054 2903 2184 2950; x_wconf 84' lang='lat' dir='ltr'><strong>non,</strong></span> <span class='ocrx_word' id='word_1_397' title='bbox 2212 2885 2511 2955; x_wconf 79' lang='lat' dir='ltr'><strong>perfectum</strong></span> <span class='ocrx_word' id='word_1_398' title='bbox 2550 2890 2657 2947; x_wconf 89' lang='lat' dir='ltr'><strong>est,</strong></span> <span class='ocrx_word' id='word_1_399' title='bbox 2692 2895 2813 2950; x_wconf 65' lang='lat' dir='ltr'><strong>qua:</strong></span> <span class='ocrx_word' id='word_1_400' title='bbox 2857 2881 3042 2950; x_wconf 80' lang='lat' dir='ltr'><strong>lingua</strong></span> <span class='ocrx_word' id='word_1_401' title='bbox 3078 2876 3416 2948; x_wconf 75' lang='lat' dir='ltr'><strong>eloquetur?</strong></span> 
     </span>
    </p>
   </div>
   <div class='ocr_carea' id='block_1_59' title="bbox 1838 2973 3411 3053">
    <p class='ocr_par' dir='ltr' id='par_1_59' title="bbox 1838 2973 3411 3053">
     <span class='ocr_line' id='line_1_59' title="bbox 1838 2973 3411 3053; baseline -0.008 -16"><span class='ocrx_word' id='word_1_402' title='bbox 1838 2998 1961 3053; x_wconf 69' lang='lat' dir='ltr'><strong>quae</strong></span> <span class='ocrx_word' id='word_1_403' title='bbox 1992 2997 2147 3036; x_wconf 90' lang='lat' dir='ltr'><strong>mens</strong></span> <span class='ocrx_word' id='word_1_404' title='bbox 2176 2977 2675 3050; x_wconf 85' lang='lat' dir='ltr'><strong>interpretabitur?</strong></span> <span class='ocrx_word' id='word_1_405' title='bbox 2700 2979 2827 3047; x_wconf 91' lang='lat' dir='ltr'><strong>quis</strong></span> <span class='ocrx_word' id='word_1_406' title='bbox 2863 2989 3049 3031; x_wconf 88' lang='lat' dir='ltr'><strong>sermo</strong></span> <span class='ocrx_word' id='word_1_407' title='bbox 3076 2973 3411 3038; x_wconf 88' lang='lat' dir='ltr'><strong>enuntiabit,</strong></span> 
     </span>
    </p>
   </div>
   <div class='ocr_carea' id='block_1_60' title="bbox 1840 3067 3416 3129">
    <p class='ocr_par' dir='ltr' id='par_1_60' title="bbox 1840 3067 3416 3129">
     <span class='ocr_line' id='line_1_60' title="bbox 1840 3067 3416 3129; baseline -0.004 -3"><span class='ocrx_word' id='word_1_408' title='bbox 1840 3082 1901 3128; x_wconf 92' lang='lat' dir='ltr'><strong>ut</strong></span> <span class='ocrx_word' id='word_1_409' title='bbox 1943 3082 1997 3129; x_wconf 87' lang='lat' dir='ltr'><strong>et</strong></span> <span class='ocrx_word' id='word_1_410' title='bbox 2049 3087 2246 3126; x_wconf 83' lang='lat' dir='ltr'><strong>manus</strong></span> <span class='ocrx_word' id='word_1_411' title='bbox 2293 3085 2412 3124; x_wconf 88' lang='lat' dir='ltr'><strong>mea</strong></span> <span class='ocrx_word' id='word_1_412' title='bbox 2448 3070 2647 3124; x_wconf 87' lang='lat' dir='ltr'><strong>litteris</strong></span> <span class='ocrx_word' id='word_1_413' title='bbox 2680 3067 2911 3123; x_wconf 78' lang='lat' dir='ltr'><strong>exaret?</strong></span> <span class='ocrx_word' id='word_1_414' title='bbox 2968 3082 3095 3121; x_wconf 86' lang='lat' dir='ltr'><strong>vere</strong></span> <span class='ocrx_word' id='word_1_415' title='bbox 3117 3067 3264 3120; x_wconf 89' lang='lat' dir='ltr'><strong>enim</strong></span> <span class='ocrx_word' id='word_1_416' title='bbox 3304 3075 3416 3120; x_wconf 86' lang='lat' dir='ltr'><strong>trc-</strong></span> 
     </span>
    </p>
   </div>
   <div class='ocr_carea' id='block_1_61' title="bbox 1842 3157 3414 3231">
    <p class='ocr_par' dir='ltr' id='par_1_61' title="bbox 1842 3157 3414 3231">
     <span class='ocr_line' id='line_1_61' title="bbox 1842 3157 3414 3231; baseline -0.006 -12"><span class='ocrx_word' id='word_1_417' title='bbox 1842 3167 2117 3231; x_wconf 81' lang='lat' dir='ltr'><strong>ntendnm,</strong></span> <span class='ocrx_word' id='word_1_418' title='bbox 2152 3166 2495 3219; x_wconf 86' lang='lat' dir='ltr'><strong>tremendum</strong></span> <span class='ocrx_word' id='word_1_419' title='bbox 2535 3171 2639 3227; x_wconf 85' lang='lat' dir='ltr'><strong>est,</strong></span> <span class='ocrx_word' id='word_1_420' title='bbox 2692 3162 2944 3230; x_wconf 87' lang='lat' dir='ltr'><strong>inquam,</strong></span> <span class='ocrx_word' id='word_1_421' title='bbox 2993 3174 3093 3215; x_wconf 90' lang='lat' dir='ltr'><strong>nec</strong></span> <span class='ocrx_word' id='word_1_422' title='bbox 3124 3159 3256 3214; x_wconf 88' lang='lat' dir='ltr'><strong>satis</strong></span> <span class='ocrx_word' id='word_1_423' title='bbox 3305 3157 3414 3211; x_wconf 90' lang='lat' dir='ltr'><strong>dici</strong></span> 
     </span>
    </p>
   </div>
   <div class='ocr_carea' id='block_1_62' title="bbox 159 3229 3413 3339">
    <p class='ocr_par' dir='ltr' id='par_1_62' title="bbox 159 3229 3413 3339">
     <span class='ocr_line' id='line_1_62' title="bbox 159 3229 3413 3339; baseline -0.007 -15"><span class='ocrx_word' id='word_1_424' title='bbox 159 3274 248 3335; x_wconf 84' lang='lat' dir='ltr'><strong>sit,</strong></span> <span class='ocrx_word' id='word_1_425' title='bbox 284 3273 554 3339; x_wconf 75' lang='lat' dir='ltr'><strong>videoque</strong></span> <span class='ocrx_word' id='word_1_426' title='bbox 586 3270 996 3323; x_wconf 88' lang='lat' dir='ltr'><strong>mendicitatem</strong></span> <span class='ocrx_word' id='word_1_427' title='bbox 1032 3282 1228 3331; x_wconf 87' lang='lat' dir='ltr'><strong>meam,</strong></span> <span class='ocrx_word' id='word_1_428' title='bbox 1261 3275 1315 3319; x_wconf 87' lang='lat' dir='ltr'><strong>et</strong></span> <span class='ocrx_word' id='word_1_429' title='bbox 1337 3276 1613 3333; x_wconf 86' lang='lat' dir='ltr'><strong>cognosco</strong></span> <span class='ocrx_word' id='word_1_430' title='bbox 1639 3262 1731 3316; x_wconf 86' lang='lat' dir='ltr'><strong>ubi</strong></span> <span class='ocrx_word' id='word_1_431' title='bbox 1762 3229 1805 3288; x_wconf 69' lang='grc' dir='ltr'><strong>θ</strong></span> <span class='ocrx_word' id='word_1_432' title='bbox 1842 3262 2047 3324; x_wconf 85' lang='lat' dir='ltr'><strong>potest,</strong></span> <span class='ocrx_word' id='word_1_433' title='bbox 2102 3257 2249 3322; x_wconf 89' lang='lat' dir='ltr'><strong>quod</strong></span> <span class='ocrx_word' id='word_1_434' title='bbox 2299 3270 2327 3306; x_wconf 89' lang='lat' dir='ltr'><strong>a</strong></span> <span class='ocrx_word' id='word_1_435' title='bbox 2374 3268 2458 3307; x_wconf 93' lang='lat' dir='ltr'><strong>me</strong></span> <span class='ocrx_word' id='word_1_436' title='bbox 2492 3253 2711 3306; x_wconf 86' lang='lat' dir='ltr'><strong>videtur</strong></span> <span class='ocrx_word' id='word_1_437' title='bbox 2758 3252 2966 3317; x_wconf 88' lang='lat' dir='ltr'><strong>lumen,</strong></span> <span class='ocrx_word' id='word_1_438' title='bbox 2994 3251 3140 3320; x_wconf 90' lang='lat' dir='ltr'><strong>quod</strong></span> <span class='ocrx_word' id='word_1_439' title='bbox 3175 3250 3413 3303; x_wconf 84' lang='lat' dir='ltr'><strong>mundus</strong></span> 
     </span>
    </p>
   </div>
   <div class='ocr_carea' id='block_1_63' title="bbox 160 3356 1738 3433">
    <p class='ocr_par' dir='ltr' id='par_1_63' title="bbox 160 3356 1738 3433">
     <span class='ocr_line' id='line_1_63' title="bbox 160 3356 1738 3433; baseline -0.01 -13"><span class='ocrx_word' id='word_1_440' title='bbox 160 3382 302 3429; x_wconf 89' lang='lat' dir='ltr'><strong>sum,</strong></span> <span class='ocrx_word' id='word_1_441' title='bbox 331 3374 383 3419; x_wconf 89' lang='lat' dir='ltr'><strong>et</strong></span> <span class='ocrx_word' id='word_1_442' title='bbox 417 3363 635 3433; x_wconf 86' lang='lat' dir='ltr'><strong>qualem</strong></span> <span class='ocrx_word' id='word_1_443' title='bbox 670 3362 931 3414; x_wconf 88' lang='lat' dir='ltr'><strong>mundtnu</strong></span> <span class='ocrx_word' id='word_1_444' title='bbox 959 3359 1220 3420; x_wconf 90' lang='lat' dir='ltr'><strong>incolam,</strong></span> <span class='ocrx_word' id='word_1_445' title='bbox 1248 3356 1495 3409; x_wconf 78' lang='lat' dir='ltr'><strong>mortalis</strong></span> <span class='ocrx_word' id='word_1_446' title='bbox 1530 3365 1738 3407; x_wconf 61' lang='lat' dir='ltr'><strong>moria.</strong></span> 
     </span>
    </p>
   </div>
   <div class='ocr_carea' id='block_1_64' title="bbox 161 3448 1734 3513">
    <p class='ocr_par' dir='ltr' id='par_1_64' title="bbox 161 3448 1734 3513">
     <span class='ocr_line' id='line_1_64' title="bbox 161 3448 1734 3513; baseline -0.008 -4"><span class='ocrx_word' id='word_1_447' title='bbox 161 3457 264 3509; x_wconf 81' lang='lat' dir='ltr'><strong>lem</strong></span> <span class='ocrx_word' id='word_1_448' title='bbox 320 3462 378 3508; x_wconf 89' lang='lat' dir='ltr'><strong>et</strong></span> <span class='ocrx_word' id='word_1_449' title='bbox 405 3455 750 3506; x_wconf 90' lang='lat' dir='ltr'><strong>interiturum</strong></span> <span class='ocrx_word' id='word_1_450' title='bbox 782 3450 1014 3505; x_wconf 90' lang='lat' dir='ltr'><strong>scilicet.</strong></span> <span class='ocrx_word' id='word_1_451' title='bbox 1051 3448 1300 3503; x_wconf 81' lang='lat' dir='ltr'><strong>Delector</strong></span> <span class='ocrx_word' id='word_1_452' title='bbox 1329 3460 1461 3501; x_wconf 87' lang='lat' dir='ltr'><strong>vero</strong></span> <span class='ocrx_word' id='word_1_453' title='bbox 1512 3454 1567 3498; x_wconf 91' lang='lat' dir='ltr'><strong>et</strong></span> <span class='ocrx_word' id='word_1_454' title='bbox 1596 3460 1734 3513; x_wconf 82' lang='lat' dir='ltr'><strong>gau-</strong></span> 
     </span>
    </p>
   </div>
   <div class='ocr_carea' id='block_1_65' title="bbox 160 3538 1737 3614">
    <p class='ocr_par' dir='ltr' id='par_1_65' title="bbox 160 3538 1737 3614">
     <span class='ocr_line' id='line_1_65' title="bbox 160 3538 1737 3614; baseline -0.007 -16"><span class='ocrx_word' id='word_1_455' title='bbox 160 3546 283 3611; x_wconf 81' lang='lat' dir='ltr'><strong>deo,</strong></span> <span class='ocrx_word' id='word_1_456' title='bbox 315 3546 533 3614; x_wconf 88' lang='lat' dir='ltr'><strong>quoties</strong></span> <span class='ocrx_word' id='word_1_457' title='bbox 565 3552 768 3597; x_wconf 89' lang='lat' dir='ltr'><strong>statum</strong></span> <span class='ocrx_word' id='word_1_458' title='bbox 821 3556 1003 3596; x_wconf 89' lang='lat' dir='ltr'><strong>meum</strong></span> <span class='ocrx_word' id='word_1_459' title='bbox 1063 3550 1116 3594; x_wconf 88' lang='lat' dir='ltr'><strong>ct</strong></span> <span class='ocrx_word' id='word_1_460' title='bbox 1159 3554 1479 3595; x_wconf 85' lang='lat' dir='ltr'><strong>concessam</strong></span> <span class='ocrx_word' id='word_1_461' title='bbox 1525 3538 1655 3589; x_wconf 86' lang='lat' dir='ltr'><strong>mihi</strong></span> <span class='ocrx_word' id='word_1_462' title='bbox 1709 3549 1737 3586; x_wconf 92' lang='lat' dir='ltr'><strong>a</strong></span> 
     </span>
    </p>
   </div>
   <div class='ocr_carea' id='block_1_66' title="bbox 165 3628 1738 3707">
    <p class='ocr_par' dir='ltr' id='par_1_66' title="bbox 165 3628 1738 3707">
     <span class='ocr_line' id='line_1_66' title="bbox 165 3628 1738 3707; baseline -0.006 -18"><span class='ocrx_word' id='word_1_463' title='bbox 165 3636 272 3689; x_wconf 78' lang='lat' dir='ltr'><strong>Dl‘O</strong></span> <span class='ocrx_word' id='word_1_464' title='bbox 297 3637 528 3707; x_wconf 86' lang='lat' dir='ltr'><strong>gloriam</strong></span> <span class='ocrx_word' id='word_1_465' title='bbox 581 3634 872 3703; x_wconf 78' lang='lat' dir='ltr'><strong>perspicio,</strong></span> <span class='ocrx_word' id='word_1_466' title='bbox 906 3648 970 3687; x_wconf 89' lang='lat' dir='ltr'><strong>ac</strong></span> <span class='ocrx_word' id='word_1_467' title='bbox 1016 3648 1101 3685; x_wconf 87' lang='lat' dir='ltr'><strong>me</strong></span> <span class='ocrx_word' id='word_1_468' title='bbox 1141 3632 1289 3685; x_wconf 86' lang='lat' dir='ltr'><strong>velut</strong></span> <span class='ocrx_word' id='word_1_469' title='bbox 1334 3631 1587 3699; x_wconf 84' lang='lat' dir='ltr'><strong>angelum</strong></span> <span class='ocrx_word' id='word_1_470' title='bbox 1632 3628 1738 3681; x_wconf 89' lang='lat' dir='ltr'><strong>Do-</strong></span> 
     </span>
    </p>
   </div>
   <div class='ocr_carea' id='block_1_67' title="bbox 164 3725 1740 3783">
    <p class='ocr_par' dir='ltr' id='par_1_67' title="bbox 164 3725 1740 3783">
     <span class='ocr_line' id='line_1_67' title="bbox 164 3725 1740 3783; baseline -0.006 0"><span class='ocrx_word' id='word_1_471' title='bbox 164 3732 297 3783; x_wconf 86' lang='lat' dir='ltr'><strong>mini</strong></span> <span class='ocrx_word' id='word_1_472' title='bbox 334 3741 506 3782; x_wconf 78' lang='lat' dir='ltr'><strong>totutn</strong></span> <span class='ocrx_word' id='word_1_473' title='bbox 541 3728 857 3781; x_wconf 89' lang='lat' dir='ltr'><strong>indumento</strong></span> <span class='ocrx_word' id='word_1_474' title='bbox 882 3742 989 3780; x_wconf 90' lang='lat' dir='ltr'><strong>non</strong></span> <span class='ocrx_word' id='word_1_475' title='bbox 1023 3725 1290 3780; x_wconf 89' lang='lat' dir='ltr'><strong>materiali</strong></span> <span class='ocrx_word' id='word_1_476' title='bbox 1323 3732 1578 3778; x_wconf 85' lang='lat' dir='ltr'><strong>ornatum</strong></span> <span class='ocrx_word' id='word_1_477' title='bbox 1605 3738 1740 3777; x_wconf 87' lang='lat' dir='ltr'><strong>con-</strong></span> 
     </span>
    </p>
   </div>
   <div class='ocr_carea' id='block_1_68' title="bbox 160 3815 1738 3889">
    <p class='ocr_par' dir='ltr' id='par_1_68' title="bbox 160 3815 1738 3889">
     <span class='ocr_line' id='line_1_68' title="bbox 160 3815 1738 3889; baseline -0.006 -12"><span class='ocrx_word' id='word_1_478' title='bbox 160 3823 329 3889; x_wconf 82' lang='lat' dir='ltr'><strong>jecto.</strong></span> <span class='ocrx_word' id='word_1_479' title='bbox 359 3821 629 3875; x_wconf 87' lang='lat' dir='ltr'><strong>Gaudium</strong></span> <span class='ocrx_word' id='word_1_480' title='bbox 656 3820 822 3886; x_wconf 79' lang='lat' dir='ltr'><strong>igitur</strong></span> <span class='ocrx_word' id='word_1_481' title='bbox 865 3818 1141 3886; x_wconf 82' lang='lat' dir='ltr'><strong>largitoris</strong></span> <span class='ocrx_word' id='word_1_482' title='bbox 1190 3824 1247 3870; x_wconf 89' lang='lat' dir='ltr'><strong>et</strong></span> <span class='ocrx_word' id='word_1_483' title='bbox 1282 3815 1624 3870; x_wconf 85' lang='lat' dir='ltr'><strong>immutantis</strong></span> <span class='ocrx_word' id='word_1_484' title='bbox 1654 3828 1738 3867; x_wconf 87' lang='lat' dir='ltr'><strong>me</strong></span> 
     </span>
    </p>
   </div>
   <div class='ocr_carea' id='block_1_69' title="bbox 168 3905 1740 3970">
    <p class='ocr_par' dir='ltr' id='par_1_69' title="bbox 168 3905 1740 3970">
     <span class='ocr_line' id='line_1_69' title="bbox 168 3905 1740 3970; baseline -0.008 -1"><span class='ocrx_word' id='word_1_485' title='bbox 168 3916 259 3969; x_wconf 89' lang='lat' dir='ltr'><strong>Dei</strong></span> <span class='ocrx_word' id='word_1_486' title='bbox 300 3911 639 3966; x_wconf 83' lang='lat' dir='ltr'><strong>desiderium</strong></span> <span class='ocrx_word' id='word_1_487' title='bbox 676 3912 732 3964; x_wconf 87' lang='lat' dir='ltr'><strong>in</strong></span> <span class='ocrx_word' id='word_1_488' title='bbox 776 3924 861 3962; x_wconf 90' lang='lat' dir='ltr'><strong>me</strong></span> <span class='ocrx_word' id='word_1_489' title='bbox 906 3907 1254 3970; x_wconf 66' lang='lat' dir='ltr'><strong>exsuscitat,</strong></span> <span class='ocrx_word' id='word_1_490' title='bbox 1292 3905 1627 3961; x_wconf 83' lang='lat' dir='ltr'><strong>desiderium</strong></span> <span class='ocrx_word' id='word_1_491' title='bbox 1658 3905 1740 3957; x_wconf 88' lang='lat' dir='ltr'><strong>la-</strong></span> 
     </span>
    </p>
   </div>
   <div class='ocr_carea' id='block_1_70' title="bbox 168 3998 1741 4078">
    <p class='ocr_par' dir='ltr' id='par_1_70' title="bbox 168 3998 1741 4078">
     <span class='ocr_line' id='line_1_70' title="bbox 168 3998 1741 4078; baseline -0.006 -17"><span class='ocrx_word' id='word_1_492' title='bbox 168 4021 482 4078; x_wconf 68' lang='lat' dir='ltr'><strong>crymarum</strong></span> <span class='ocrx_word' id='word_1_493' title='bbox 515 4004 715 4059; x_wconf 81' lang='lat' dir='ltr'><strong>ﬂuenta</strong></span> <span class='ocrx_word' id='word_1_494' title='bbox 750 4002 1045 4071; x_wconf 86' lang='lat' dir='ltr'><strong>protrudit,</strong></span> <span class='ocrx_word' id='word_1_495' title='bbox 1079 4009 1133 4055; x_wconf 92' lang='lat' dir='ltr'><strong>ct</strong></span> <span class='ocrx_word' id='word_1_496' title='bbox 1160 4015 1245 4054; x_wconf 92' lang='lat' dir='ltr'><strong>me</strong></span> <span class='ocrx_word' id='word_1_497' title='bbox 1276 4000 1503 4053; x_wconf 88' lang='lat' dir='ltr'><strong>uberius</strong></span> <span class='ocrx_word' id='word_1_498' title='bbox 1536 3998 1741 4053; x_wconf 80' lang='lat' dir='ltr'><strong>illumi-</strong></span> 
     </span>
    </p>
   </div>
   <div class='ocr_carea' id='block_1_71' title="bbox 172 4092 1742 4162">
    <p class='ocr_par' dir='ltr' id='par_1_71' title="bbox 172 4092 1742 4162">
     <span class='ocr_line' id='line_1_71' title="bbox 172 4092 1742 4162; baseline -0.006 -9"><span class='ocrx_word' id='word_1_499' title='bbox 172 4111 281 4153; x_wconf 87' lang='lat' dir='ltr'><strong>nat.</strong></span> <span class='ocrx_word' id='word_1_500' title='bbox 317 4098 539 4159; x_wconf 75' lang='lat' dir='ltr'><strong>Audite,</strong></span> <span class='ocrx_word' id='word_1_501' title='bbox 573 4096 662 4162; x_wconf 85' lang='lat' dir='ltr'><strong>qui</strong></span> <span class='ocrx_word' id='word_1_502' title='bbox 696 4095 746 4147; x_wconf 91' lang='lat' dir='ltr'><strong>in</strong></span> <span class='ocrx_word' id='word_1_503' title='bbox 784 4095 978 4155; x_wconf 82' lang='lat' dir='ltr'><strong>Deum,</strong></span> <span class='ocrx_word' id='word_1_504' title='bbox 1014 4102 1066 4146; x_wconf 91' lang='lat' dir='ltr'><strong>ut</strong></span> <span class='ocrx_word' id='word_1_505' title='bbox 1099 4108 1222 4161; x_wconf 85' lang='lat' dir='ltr'><strong>ego,</strong></span> <span class='ocrx_word' id='word_1_506' title='bbox 1256 4092 1527 4159; x_wconf 87' lang='lat' dir='ltr'><strong>peccatis;</strong></span> <span class='ocrx_word' id='word_1_507' title='bbox 1559 4092 1742 4144; x_wconf 82' lang='lat' dir='ltr'><strong>elabo-</strong></span> 
     </span>
    </p>
   </div>
   <div class='ocr_carea' id='block_1_72' title="bbox 172 4180 1743 4250">
    <p class='ocr_par' dir='ltr' id='par_1_72' title="bbox 172 4180 1743 4250">
     <span class='ocr_line' id='line_1_72' title="bbox 172 4180 1743 4250; baseline -0.006 -8"><span class='ocrx_word' id='word_1_508' title='bbox 172 4201 281 4243; x_wconf 77' lang='lat' dir='ltr'><strong>rate</strong></span> <span class='ocrx_word' id='word_1_509' title='bbox 311 4200 367 4243; x_wconf 77' lang='lat' dir='ltr'><strong>et</strong></span> <span class='ocrx_word' id='word_1_510' title='bbox 398 4188 604 4241; x_wconf 85' lang='lat' dir='ltr'><strong>currite</strong></span> <span class='ocrx_word' id='word_1_511' title='bbox 639 4188 691 4238; x_wconf 90' lang='lat' dir='ltr'><strong>in</strong></span> <span class='ocrx_word' id='word_1_512' title='bbox 729 4186 886 4237; x_wconf 87' lang='lat' dir='ltr'><strong>bonis</strong></span> <span class='ocrx_word' id='word_1_513' title='bbox 919 4183 1200 4250; x_wconf 83' lang='lat' dir='ltr'><strong>operibus,</strong></span> <span class='ocrx_word' id='word_1_514' title='bbox 1235 4180 1743 4250; x_wconf 87' lang='lat' dir='ltr'><strong>utcomprehenda-</strong></span> 
     </span>
    </p>
   </div>
   <div class='ocr_carea' id='block_1_73' title="bbox 169 4270 1739 4346">
    <p class='ocr_par' dir='ltr' id='par_1_73' title="bbox 169 4270 1739 4346">
     <span class='ocr_line' id='line_1_73' title="bbox 169 4270 1739 4346; baseline -0.006 -13"><span class='ocrx_word' id='word_1_515' title='bbox 169 4283 254 4343; x_wconf 82' lang='lat' dir='ltr'><strong>tis,</strong></span> <span class='ocrx_word' id='word_1_516' title='bbox 296 4289 352 4333; x_wconf 92' lang='lat' dir='ltr'><strong>et</strong></span> <span class='ocrx_word' id='word_1_517' title='bbox 396 4276 836 4346; x_wconf 87' lang='lat' dir='ltr'><strong>eomplectamini</strong></span> <span class='ocrx_word' id='word_1_518' title='bbox 875 4274 1016 4342; x_wconf 83' lang='lat' dir='ltr'><strong>ignis</strong></span> <span class='ocrx_word' id='word_1_519' title='bbox 1055 4273 1287 4326; x_wconf 87' lang='lat' dir='ltr'><strong>materia</strong></span> <span class='ocrx_word' id='word_1_520' title='bbox 1333 4270 1582 4326; x_wconf 75' lang='lat' dir='ltr'><strong>vacantis</strong></span> <span class='ocrx_word' id='word_1_521' title='bbox 1620 4285 1739 4324; x_wconf 85' lang='lat' dir='ltr'><strong>ma-</strong></span> 
     </span>
    </p>
   </div>
   <div class='ocr_carea' id='block_1_74' title="bbox 170 4364 1739 4439">
    <p class='ocr_par' dir='ltr' id='par_1_74' title="bbox 170 4364 1739 4439">
     <span class='ocr_line' id='line_1_74' title="bbox 170 4364 1739 4439; baseline -0.005 -13"><span class='ocrx_word' id='word_1_522' title='bbox 170 4375 358 4427; x_wconf 71' lang='lat' dir='ltr'><strong>teriam</strong></span> <span class='ocrx_word' id='word_1_523' title='bbox 390 4373 534 4439; x_wconf 88' lang='lat' dir='ltr'><strong>(cum</strong></span> <span class='ocrx_word' id='word_1_524' title='bbox 565 4369 686 4423; x_wconf 85' lang='lat' dir='ltr'><strong>dico</strong></span> <span class='ocrx_word' id='word_1_525' title='bbox 718 4368 1029 4426; x_wconf 85' lang='lat' dir='ltr'><strong>materiam,</strong></span> <span class='ocrx_word' id='word_1_526' title='bbox 1059 4365 1302 4419; x_wconf 77' lang='lat' dir='ltr'><strong>divinam</strong></span> <span class='ocrx_word' id='word_1_527' title='bbox 1350 4364 1447 4419; x_wconf 89' lang='lat' dir='ltr'><strong>tibi</strong></span> <span class='ocrx_word' id='word_1_528' title='bbox 1489 4373 1739 4418; x_wconf 90' lang='lat' dir='ltr'><strong>naturam</strong></span> 
     </span>
    </p>
   </div>
   <div class='ocr_carea' id='block_1_75' title="bbox 171 4455 1740 4532">
    <p class='ocr_par' dir='ltr' id='par_1_75' title="bbox 171 4455 1740 4532">
     <span class='ocr_line' id='line_1_75' title="bbox 171 4455 1740 4532; baseline -0.007 -14"><span class='ocrx_word' id='word_1_529' title='bbox 171 4462 443 4532; x_wconf 76' lang='lat' dir='ltr'><strong>signiﬁco)</strong></span> <span class='ocrx_word' id='word_1_530' title='bbox 486 4468 538 4513; x_wconf 87' lang='lat' dir='ltr'><strong>et</strong></span> <span class='ocrx_word' id='word_1_531' title='bbox 566 4458 878 4513; x_wconf 72' lang='lat' dir='ltr'><strong>accendatis</strong></span> <span class='ocrx_word' id='word_1_532' title='bbox 910 4458 1343 4510; x_wconf 85' lang='lat' dir='ltr'><strong>intellecutalem</strong></span> <span class='ocrx_word' id='word_1_533' title='bbox 1368 4457 1564 4508; x_wconf 69' lang='lat' dir='ltr'><strong>animae</strong></span> <span class='ocrx_word' id='word_1_534' title='bbox 1600 4455 1740 4508; x_wconf 88' lang='lat' dir='ltr'><strong>lam-</strong></span> 
     </span>
    </p>
   </div>
   <div class='ocr_carea' id='block_1_76' title="bbox 1844 3342 3417 3415">
    <p class='ocr_par' dir='ltr' id='par_1_76' title="bbox 1844 3342 3417 3415">
     <span class='ocr_line' id='line_1_76' title="bbox 1844 3342 3417 3415; baseline -0.004 -15"><span class='ocrx_word' id='word_1_535' title='bbox 1844 3349 1948 3401; x_wconf 86' lang='lat' dir='ltr'><strong>iste</strong></span> <span class='ocrx_word' id='word_1_536' title='bbox 1996 3360 2104 3402; x_wconf 89' lang='lat' dir='ltr'><strong>non</strong></span> <span class='ocrx_word' id='word_1_537' title='bbox 2154 3347 2339 3402; x_wconf 86' lang='lat' dir='ltr'><strong>habet.</strong></span> <span class='ocrx_word' id='word_1_538' title='bbox 2374 3344 2439 3399; x_wconf 84' lang='lat' dir='ltr'><strong>Et</strong></span> <span class='ocrx_word' id='word_1_539' title='bbox 2469 3345 2647 3415; x_wconf 76' lang='lat' dir='ltr'><strong>diligit</strong></span> <span class='ocrx_word' id='word_1_540' title='bbox 2688 3359 2795 3409; x_wconf 88' lang='lat' dir='ltr'><strong>me,</strong></span> <span class='ocrx_word' id='word_1_541' title='bbox 2829 3344 2923 3412; x_wconf 87' lang='lat' dir='ltr'><strong>qui</strong></span> <span class='ocrx_word' id='word_1_542' title='bbox 2958 3344 3012 3397; x_wconf 91' lang='lat' dir='ltr'><strong>in</strong></span> <span class='ocrx_word' id='word_1_543' title='bbox 3045 3343 3150 3398; x_wconf 91' lang='lat' dir='ltr'><strong>hoc</strong></span> <span class='ocrx_word' id='word_1_544' title='bbox 3206 3342 3417 3397; x_wconf 88' lang='lat' dir='ltr'><strong>mundo</strong></span> 
     </span>
    </p>
   </div>
   <div class='ocr_carea' id='block_1_77' title="bbox 1841 3434 3414 3509">
    <p class='ocr_par' dir='ltr' id='par_1_77' title="bbox 1841 3434 3414 3509">
     <span class='ocr_line' id='line_1_77' title="bbox 1841 3434 3414 3509; baseline -0.003 -17"><span class='ocrx_word' id='word_1_545' title='bbox 1841 3455 1949 3496; x_wconf 89' lang='lat' dir='ltr'><strong>non</strong></span> <span class='ocrx_word' id='word_1_546' title='bbox 1983 3448 2089 3495; x_wconf 90' lang='lat' dir='ltr'><strong>est.</strong></span> <span class='ocrx_word' id='word_1_547' title='bbox 2123 3440 2185 3492; x_wconf 78' lang='lat' dir='ltr'><strong>Et</strong></span> <span class='ocrx_word' id='word_1_548' title='bbox 2216 3453 2318 3509; x_wconf 85' lang='lat' dir='ltr'><strong>ego</strong></span> <span class='ocrx_word' id='word_1_549' title='bbox 2360 3440 2414 3493; x_wconf 93' lang='lat' dir='ltr'><strong>in</strong></span> <span class='ocrx_word' id='word_1_550' title='bbox 2467 3439 2649 3493; x_wconf 85' lang='lat' dir='ltr'><strong>medio</strong></span> <span class='ocrx_word' id='word_1_551' title='bbox 2680 3437 2830 3493; x_wconf 68' lang='lat' dir='ltr'><strong>cellae</strong></span> <span class='ocrx_word' id='word_1_552' title='bbox 2865 3450 2999 3491; x_wconf 67' lang='lat' dir='ltr'><strong>meat</strong></span> <span class='ocrx_word' id='word_1_553' title='bbox 3048 3435 3208 3491; x_wconf 83' lang='lat' dir='ltr'><strong>video</strong></span> <span class='ocrx_word' id='word_1_554' title='bbox 3234 3434 3414 3498; x_wconf 89' lang='lat' dir='ltr'><strong>illum,</strong></span> 
     </span>
    </p>
   </div>
   <div class='ocr_carea' id='block_1_78' title="bbox 1840 3528 3411 3601">
    <p class='ocr_par' dir='ltr' id='par_1_78' title="bbox 1840 3528 3411 3601">
     <span class='ocr_line' id='line_1_78' title="bbox 1840 3528 3411 3601; baseline -0.003 -16"><span class='ocrx_word' id='word_1_555' title='bbox 1840 3534 1933 3601; x_wconf 89' lang='lat' dir='ltr'><strong>qui</strong></span> <span class='ocrx_word' id='word_1_556' title='bbox 1978 3542 2129 3585; x_wconf 78' lang='lat' dir='ltr'><strong>extra</strong></span> <span class='ocrx_word' id='word_1_557' title='bbox 2174 3531 2439 3585; x_wconf 91' lang='lat' dir='ltr'><strong>mundum</strong></span> <span class='ocrx_word' id='word_1_558' title='bbox 2474 3538 2582 3585; x_wconf 90' lang='lat' dir='ltr'><strong>cst.</strong></span> <span class='ocrx_word' id='word_1_559' title='bbox 2632 3530 2812 3599; x_wconf 86' lang='lat' dir='ltr'><strong>Super</strong></span> <span class='ocrx_word' id='word_1_560' title='bbox 2837 3528 3038 3583; x_wconf 88' lang='lat' dir='ltr'><strong>lectulo</strong></span> <span class='ocrx_word' id='word_1_561' title='bbox 3070 3544 3191 3584; x_wconf 89' lang='lat' dir='ltr'><strong>meo</strong></span> <span class='ocrx_word' id='word_1_562' title='bbox 3221 3530 3411 3593; x_wconf 84' lang='lat' dir='ltr'><strong>sedeo,</strong></span> 
     </span>
    </p>
   </div>
   <div class='ocr_carea' id='block_1_79' title="bbox 1838 3621 3416 3691">
    <p class='ocr_par' dir='ltr' id='par_1_79' title="bbox 1838 3621 3416 3691">
     <span class='ocr_line' id='line_1_79' title="bbox 1838 3621 3416 3691; baseline -0.004 -12"><span class='ocrx_word' id='word_1_563' title='bbox 1838 3634 1891 3679; x_wconf 90' lang='lat' dir='ltr'><strong>et</strong></span> <span class='ocrx_word' id='word_1_564' title='bbox 1924 3634 2078 3678; x_wconf 79' lang='lat' dir='ltr'><strong>extra</strong></span> <span class='ocrx_word' id='word_1_565' title='bbox 2114 3626 2377 3676; x_wconf 88' lang='lat' dir='ltr'><strong>tnttndum</strong></span> <span class='ocrx_word' id='word_1_566' title='bbox 2422 3636 2638 3677; x_wconf 88' lang='lat' dir='ltr'><strong>versor.</strong></span> <span class='ocrx_word' id='word_1_567' title='bbox 2678 3622 2814 3675; x_wconf 86' lang='lat' dir='ltr'><strong>Eum</strong></span> <span class='ocrx_word' id='word_1_568' title='bbox 2846 3630 3031 3675; x_wconf 89' lang='lat' dir='ltr'><strong>autem</strong></span> <span class='ocrx_word' id='word_1_569' title='bbox 3070 3621 3165 3691; x_wconf 86' lang='lat' dir='ltr'><strong>qui</strong></span> <span class='ocrx_word' id='word_1_570' title='bbox 3195 3634 3416 3690; x_wconf 87' lang='lat' dir='ltr'><strong>semper</strong></span> 
     </span>
    </p>
   </div>
   <div class='ocr_carea' id='block_1_80' title="bbox 1840 3712 3417 3783">
    <p class='ocr_par' dir='ltr' id='par_1_80' title="bbox 1840 3712 3417 3783">
     <span class='ocr_line' id='line_1_80' title="bbox 1840 3712 3417 3783; baseline -0.001 -16"><span class='ocrx_word' id='word_1_571' title='bbox 1840 3725 1946 3780; x_wconf 84' lang='lat' dir='ltr'><strong>est,</strong></span> <span class='ocrx_word' id='word_1_572' title='bbox 1985 3722 2039 3769; x_wconf 90' lang='lat' dir='ltr'><strong>et</strong></span> <span class='ocrx_word' id='word_1_573' title='bbox 2073 3724 2253 3768; x_wconf 89' lang='lat' dir='ltr'><strong>tamen</strong></span> <span class='ocrx_word' id='word_1_574' title='bbox 2313 3716 2537 3783; x_wconf 84' lang='lat' dir='ltr'><strong>genitus</strong></span> <span class='ocrx_word' id='word_1_575' title='bbox 2563 3722 2649 3768; x_wconf 91' lang='lat' dir='ltr'><strong>est</strong></span> <span class='ocrx_word' id='word_1_576' title='bbox 2682 3715 2864 3781; x_wconf 87' lang='lat' dir='ltr'><strong>video,</strong></span> <span class='ocrx_word' id='word_1_577' title='bbox 2913 3714 3008 3783; x_wconf 88' lang='lat' dir='ltr'><strong>qui</strong></span> <span class='ocrx_word' id='word_1_578' title='bbox 3044 3728 3170 3768; x_wconf 89' lang='lat' dir='ltr'><strong>cum</strong></span> <span class='ocrx_word' id='word_1_579' title='bbox 3221 3720 3277 3767; x_wconf 85' lang='lat' dir='ltr'><strong>et.</strong></span> <span class='ocrx_word' id='word_1_580' title='bbox 3334 3712 3417 3766; x_wconf 84' lang='lat' dir='ltr'><strong>lo-</strong></span> 
     </span>
    </p>
   </div>
   <div class='ocr_carea' id='block_1_81' title="bbox 1841 3799 3417 3872">
    <p class='ocr_par' dir='ltr' id='par_1_81' title="bbox 1841 3799 3417 3872">
     <span class='ocr_line' id='line_1_81' title="bbox 1841 3799 3417 3872; baseline -0.001 -16"><span class='ocrx_word' id='word_1_581' title='bbox 1841 3819 1981 3872; x_wconf 87' lang='lat' dir='ltr'><strong>quor</strong></span> <span class='ocrx_word' id='word_1_582' title='bbox 2044 3803 2327 3871; x_wconf 88' lang='lat' dir='ltr'><strong>audeoque</strong></span> <span class='ocrx_word' id='word_1_583' title='bbox 2376 3801 2583 3865; x_wconf 84' lang='lat' dir='ltr'><strong>dicere,</strong></span> <span class='ocrx_word' id='word_1_584' title='bbox 2636 3806 2806 3865; x_wconf 80' lang='lat' dir='ltr'><strong>Arno,</strong></span> <span class='ocrx_word' id='word_1_585' title='bbox 2860 3800 3122 3870; x_wconf 88' lang='lat' dir='ltr'><strong>quoniam</strong></span> <span class='ocrx_word' id='word_1_586' title='bbox 3178 3799 3267 3853; x_wconf 89' lang='lat' dir='ltr'><strong>ille</strong></span> <span class='ocrx_word' id='word_1_587' title='bbox 3330 3814 3417 3855; x_wconf 88' lang='lat' dir='ltr'><strong>me</strong></span> 
     </span>
    </p>
   </div>
   <div class='ocr_carea' id='block_1_82' title="bbox 1843 3889 3418 3962">
    <p class='ocr_par' dir='ltr' id='par_1_82' title="bbox 1843 3889 3418 3962">
     <span class='ocr_line' id='line_1_82' title="bbox 1843 3889 3418 3962; baseline -0.003 -14"><span class='ocrx_word' id='word_1_588' title='bbox 1843 3905 2005 3949; x_wconf 91' lang='lat' dir='ltr'><strong>amat.</strong></span> <span class='ocrx_word' id='word_1_589' title='bbox 2035 3894 2163 3948; x_wconf 87' lang='lat' dir='ltr'><strong>Sola</strong></span> <span class='ocrx_word' id='word_1_590' title='bbox 2194 3895 2315 3962; x_wconf 81' lang='lat' dir='ltr'><strong>ejus</strong></span> <span class='ocrx_word' id='word_1_591' title='bbox 2355 3893 2747 3962; x_wconf 85' lang='lat' dir='ltr'><strong>contemplatio</strong></span> <span class='ocrx_word' id='word_1_592' title='bbox 2779 3892 3055 3961; x_wconf 60' lang='lat' dir='ltr'><strong>praeclara:</strong></span> <span class='ocrx_word' id='word_1_593' title='bbox 3086 3890 3217 3944; x_wconf 89' lang='lat' dir='ltr'><strong>mihi</strong></span> <span class='ocrx_word' id='word_1_594' title='bbox 3248 3889 3418 3959; x_wconf 82' lang='lat' dir='ltr'><strong>dapes</strong></span> 
     </span>
    </p>
   </div>
   <div class='ocr_carea' id='block_1_83' title="bbox 1840 3984 3417 4053">
    <p class='ocr_par' dir='ltr' id='par_1_83' title="bbox 1840 3984 3417 4053">
     <span class='ocr_line' id='line_1_83' title="bbox 1840 3984 3417 4053; baseline -0.004 -11"><span class='ocrx_word' id='word_1_595' title='bbox 1840 3996 1895 4042; x_wconf 91' lang='lat' dir='ltr'><strong>ct</strong></span> <span class='ocrx_word' id='word_1_596' title='bbox 1942 3989 2282 4041; x_wconf 89' lang='lat' dir='ltr'><strong>nutrimenta</strong></span> <span class='ocrx_word' id='word_1_597' title='bbox 2328 3995 2490 4049; x_wconf 84' lang='lat' dir='ltr'><strong>sunt;</strong></span> <span class='ocrx_word' id='word_1_598' title='bbox 2527 3986 2716 4052; x_wconf 87' lang='lat' dir='ltr'><strong>illique</strong></span> <span class='ocrx_word' id='word_1_599' title='bbox 2780 3985 2966 4040; x_wconf 90' lang='lat' dir='ltr'><strong>unitus</strong></span> <span class='ocrx_word' id='word_1_600' title='bbox 3018 3998 3184 4053; x_wconf 85' lang='lat' dir='ltr'><strong>supra</strong></span> <span class='ocrx_word' id='word_1_601' title='bbox 3244 3984 3417 4037; x_wconf 77' lang='lat' dir='ltr'><strong>eteius</strong></span> 
     </span>
    </p>
   </div>
   <div class='ocr_carea' id='block_1_84' title="bbox 1844 4075 3415 4136">
    <p class='ocr_par' dir='ltr' id='par_1_84' title="bbox 1844 4075 3415 4136">
     <span class='ocr_line' id='line_1_84' title="bbox 1844 4075 3415 4136; baseline -0.004 -3"><span class='ocrx_word' id='word_1_602' title='bbox 1844 4080 2069 4136; x_wconf 84' lang='lat' dir='ltr'><strong>scande.</strong></span> <span class='ocrx_word' id='word_1_603' title='bbox 2104 4079 2170 4132; x_wconf 85' lang='lat' dir='ltr'><strong>Et</strong></span> <span class='ocrx_word' id='word_1_604' title='bbox 2230 4078 2334 4134; x_wconf 91' lang='lat' dir='ltr'><strong>hoc</strong></span> <span class='ocrx_word' id='word_1_605' title='bbox 2385 4094 2573 4133; x_wconf 86' lang='lat' dir='ltr'><strong>verum</strong></span> <span class='ocrx_word' id='word_1_606' title='bbox 2608 4093 2671 4133; x_wconf 89' lang='lat' dir='ltr'><strong>ac</strong></span> <span class='ocrx_word' id='word_1_607' title='bbox 2700 4087 2910 4133; x_wconf 88' lang='lat' dir='ltr'><strong>certum</strong></span> <span class='ocrx_word' id='word_1_608' title='bbox 2965 4091 3087 4132; x_wconf 86' lang='lat' dir='ltr'><strong>esse</strong></span> <span class='ocrx_word' id='word_1_609' title='bbox 3126 4076 3265 4132; x_wconf 90' lang='lat' dir='ltr'><strong>scio.</strong></span> <span class='ocrx_word' id='word_1_610' title='bbox 3311 4075 3415 4131; x_wconf 85' lang='lat' dir='ltr'><strong>Ubi</strong></span> 
     </span>
    </p>
   </div>
   <div class='ocr_carea' id='block_1_85' title="bbox 1845 4168 3417 4240">
    <p class='ocr_par' dir='ltr' id='par_1_85' title="bbox 1845 4168 3417 4240">
     <span class='ocr_line' id='line_1_85' title="bbox 1845 4168 3417 4240; baseline -0.001 -14"><span class='ocrx_word' id='word_1_611' title='bbox 1845 4180 2027 4226; x_wconf 86' lang='lat' dir='ltr'><strong>autem</strong></span> <span class='ocrx_word' id='word_1_612' title='bbox 2062 4172 2164 4226; x_wconf 84' lang='lat' dir='ltr'><strong>hoc</strong></span> <span class='ocrx_word' id='word_1_613' title='bbox 2188 4186 2390 4240; x_wconf 87' lang='lat' dir='ltr'><strong>corpus</strong></span> <span class='ocrx_word' id='word_1_614' title='bbox 2417 4183 2529 4226; x_wconf 91' lang='lat' dir='ltr'><strong>tum</strong></span> <span class='ocrx_word' id='word_1_615' title='bbox 2552 4171 2646 4235; x_wconf 91' lang='lat' dir='ltr'><strong>sit,</strong></span> <span class='ocrx_word' id='word_1_616' title='bbox 2671 4170 2884 4225; x_wconf 86' lang='lat' dir='ltr'><strong>nescio.</strong></span> <span class='ocrx_word' id='word_1_617' title='bbox 2910 4168 3039 4225; x_wconf 87' lang='lat' dir='ltr'><strong>Scio</strong></span> <span class='ocrx_word' id='word_1_618' title='bbox 3059 4168 3417 4231; x_wconf 83' lang='lat' dir='ltr'><strong>descendere.</strong></span> 
     </span>
    </p>
   </div>
   <div class='ocr_carea' id='block_1_86' title="bbox 1844 4261 3415 4333">
    <p class='ocr_par' dir='ltr' id='par_1_86' title="bbox 1844 4261 3415 4333">
     <span class='ocr_line' id='line_1_86' title="bbox 1844 4261 3415 4333; baseline -0.001 -17"><span class='ocrx_word' id='word_1_619' title='bbox 1844 4265 1937 4333; x_wconf 92' lang='lat' dir='ltr'><strong>qui</strong></span> <span class='ocrx_word' id='word_1_620' title='bbox 1976 4272 2061 4319; x_wconf 85' lang='lat' dir='ltr'><strong>est</strong></span> <span class='ocrx_word' id='word_1_621' title='bbox 2096 4264 2416 4317; x_wconf 80' lang='lat' dir='ltr'><strong>immobilis.</strong></span> <span class='ocrx_word' id='word_1_622' title='bbox 2465 4261 2597 4317; x_wconf 87' lang='lat' dir='ltr'><strong>Scio</strong></span> <span class='ocrx_word' id='word_1_623' title='bbox 2633 4278 2664 4315; x_wconf 90' lang='lat' dir='ltr'><strong>a</strong></span> <span class='ocrx_word' id='word_1_624' title='bbox 2703 4278 2790 4315; x_wconf 89' lang='lat' dir='ltr'><strong>me</strong></span> <span class='ocrx_word' id='word_1_625' title='bbox 2843 4262 3039 4324; x_wconf 80' lang='lat' dir='ltr'><strong>videri,</strong></span> <span class='ocrx_word' id='word_1_626' title='bbox 3076 4262 3171 4332; x_wconf 85' lang='lat' dir='ltr'><strong>qui</strong></span> <span class='ocrx_word' id='word_1_627' title='bbox 3218 4270 3415 4315; x_wconf 79' lang='lat' dir='ltr'><strong>natura</strong></span> 
     </span>
    </p>
   </div>
   <div class='ocr_carea' id='block_1_87' title="bbox 1845 4355 3418 4425">
    <p class='ocr_par' dir='ltr' id='par_1_87' title="bbox 1845 4355 3418 4425">
     <span class='ocr_line' id='line_1_87' title="bbox 1845 4355 3418 4425; baseline -0.004 -13"><span class='ocrx_word' id='word_1_628' title='bbox 1845 4366 1929 4412; x_wconf 91' lang='lat' dir='ltr'><strong>cst</strong></span> <span class='ocrx_word' id='word_1_629' title='bbox 1982 4358 2421 4425; x_wconf 83' lang='lat' dir='ltr'><strong>inaspectabilis.</strong></span> <span class='ocrx_word' id='word_1_630' title='bbox 2473 4355 2627 4419; x_wconf 82' lang='lat' dir='ltr'><strong>Seio,</strong></span> <span class='ocrx_word' id='word_1_631' title='bbox 2682 4356 2774 4425; x_wconf 89' lang='lat' dir='ltr'><strong>qui</strong></span> <span class='ocrx_word' id='word_1_632' title='bbox 2828 4355 2899 4411; x_wconf 84' lang='lat' dir='ltr'><strong>ab</strong></span> <span class='ocrx_word' id='word_1_633' title='bbox 2957 4356 3105 4409; x_wconf 90' lang='lat' dir='ltr'><strong>omni</strong></span> <span class='ocrx_word' id='word_1_634' title='bbox 3165 4364 3418 4408; x_wconf 84' lang='lat' dir='ltr'><strong>creatura</strong></span> 
     </span>
    </p>
   </div>
   <div class='ocr_carea' id='block_1_88' title="bbox 1846 4445 3421 4519">
    <p class='ocr_par' dir='ltr' id='par_1_88' title="bbox 1846 4445 3421 4519">
     <span class='ocr_line' id='line_1_88' title="bbox 1846 4445 3421 4519; baseline -0.001 -17"><span class='ocrx_word' id='word_1_635' title='bbox 1846 4448 2005 4519; x_wconf 88' lang='lat' dir='ltr'><strong>longe</strong></span> <span class='ocrx_word' id='word_1_636' title='bbox 2066 4449 2259 4513; x_wconf 78' lang='lat' dir='ltr'><strong>distat,</strong></span> <span class='ocrx_word' id='word_1_637' title='bbox 2294 4450 2459 4502; x_wconf 89' lang='lat' dir='ltr'><strong>abeo</strong></span> <span class='ocrx_word' id='word_1_638' title='bbox 2495 4448 2699 4517; x_wconf 87' lang='lat' dir='ltr'><strong>accipi,</strong></span> <span class='ocrx_word' id='word_1_639' title='bbox 2754 4455 2808 4502; x_wconf 90' lang='lat' dir='ltr'><strong>et</strong></span> <span class='ocrx_word' id='word_1_640' title='bbox 2874 4448 3017 4501; x_wconf 90' lang='lat' dir='ltr'><strong>inter</strong></span> <span class='ocrx_word' id='word_1_641' title='bbox 3076 4446 3236 4499; x_wconf 87' lang='lat' dir='ltr'><strong>ulnas</strong></span> <span class='ocrx_word' id='word_1_642' title='bbox 3299 4445 3421 4517; x_wconf 82' lang='lat' dir='ltr'><strong>ejus</strong></span> 
     </span>
    </p>
   </div>
   <div class='ocr_carea' id='block_1_89' title="bbox 170 4538 3421 4631">
    <p class='ocr_par' dir='ltr' id='par_1_89' title="bbox 170 4538 3421 4631">
     <span class='ocr_line' id='line_1_89' title="bbox 170 4538 3421 4631; baseline -0.004 -27"><span class='ocrx_word' id='word_1_643' title='bbox 170 4555 382 4623; x_wconf 71' lang='lat' dir='ltr'><strong>pedem,</strong></span> <span class='ocrx_word' id='word_1_644' title='bbox 421 4560 482 4604; x_wconf 91' lang='lat' dir='ltr'><strong>ut</strong></span> <span class='ocrx_word' id='word_1_645' title='bbox 518 4551 660 4603; x_wconf 85' lang='lat' dir='ltr'><strong>tiatis</strong></span> <span class='ocrx_word' id='word_1_646' title='bbox 695 4550 840 4603; x_wconf 84' lang='lat' dir='ltr'><strong>soles</strong></span> <span class='ocrx_word' id='word_1_647' title='bbox 918 4550 972 4602; x_wconf 91' lang='lat' dir='ltr'><strong>in</strong></span> <span class='ocrx_word' id='word_1_648' title='bbox 1023 4549 1230 4602; x_wconf 89' lang='lat' dir='ltr'><strong>mundo</strong></span> <span class='ocrx_word' id='word_1_649' title='bbox 1281 4548 1617 4602; x_wconf 87' lang='lat' dir='ltr'><strong>collucentes</strong></span> <span class='ocrx_word' id='word_1_650' title='bbox 1688 4555 1745 4601; x_wconf 90' lang='lat' dir='ltr'><strong>et</strong></span> <span class='ocrx_word' id='word_1_651' title='bbox 1782 4577 1823 4631; x_wconf 69' lang='grc' dir='ltr'>ο</span> <span class='ocrx_word' id='word_1_652' title='bbox 1853 4541 2137 4606; x_wconf 87' lang='lat' dir='ltr'><strong>abscondi,</strong></span> <span class='ocrx_word' id='word_1_653' title='bbox 2173 4549 2228 4595; x_wconf 92' lang='lat' dir='ltr'><strong>ct</strong></span> <span class='ocrx_word' id='word_1_654' title='bbox 2276 4552 2408 4594; x_wconf 91' lang='lat' dir='ltr'><strong>tunc</strong></span> <span class='ocrx_word' id='word_1_655' title='bbox 2439 4549 2593 4593; x_wconf 80' lang='lat' dir='ltr'><strong>extra</strong></span> <span class='ocrx_word' id='word_1_656' title='bbox 2620 4549 2793 4593; x_wconf 88' lang='lat' dir='ltr'><strong>totum</strong></span> <span class='ocrx_word' id='word_1_657' title='bbox 2821 4540 3085 4592; x_wconf 82' lang='lat' dir='ltr'><strong>mundum</strong></span> <span class='ocrx_word' id='word_1_658' title='bbox 3145 4552 3232 4591; x_wconf 91' lang='lat' dir='ltr'><strong>me</strong></span> <span class='ocrx_word' id='word_1_659' title='bbox 3264 4538 3421 4593; x_wconf 86' lang='lat' dir='ltr'><strong>inve-</strong></span> 
     </span>
    </p>
   </div>
   <div class='ocr_carea' id='block_1_90' title="bbox 173 4640 1748 4715">
    <p class='ocr_par' dir='ltr' id='par_1_90' title="bbox 173 4640 1748 4715">
     <span class='ocr_line' id='line_1_90' title="bbox 173 4640 1748 4715; baseline -0.004 -15"><span class='ocrx_word' id='word_1_660' title='bbox 173 4662 519 4715; x_wconf 76' lang='lat' dir='ltr'><strong>nequaquam</strong></span> <span class='ocrx_word' id='word_1_661' title='bbox 552 4644 654 4695; x_wconf 84' lang='lat' dir='ltr'><strong>visi</strong></span> <span class='ocrx_word' id='word_1_662' title='bbox 688 4644 756 4695; x_wconf 87' lang='lat' dir='ltr'><strong>ab</strong></span> <span class='ocrx_word' id='word_1_663' title='bbox 787 4642 871 4695; x_wconf 86' lang='lat' dir='ltr'><strong>his</strong></span> <span class='ocrx_word' id='word_1_664' title='bbox 898 4642 990 4711; x_wconf 91' lang='lat' dir='ltr'><strong>qui</strong></span> <span class='ocrx_word' id='word_1_665' title='bbox 1028 4643 1081 4696; x_wconf 87' lang='lat' dir='ltr'><strong>in</strong></span> <span class='ocrx_word' id='word_1_666' title='bbox 1111 4642 1316 4695; x_wconf 88' lang='lat' dir='ltr'><strong>mundo</strong></span> <span class='ocrx_word' id='word_1_667' title='bbox 1343 4651 1509 4703; x_wconf 89' lang='lat' dir='ltr'><strong>sunt;</strong></span> <span class='ocrx_word' id='word_1_668' title='bbox 1548 4651 1604 4694; x_wconf 94' lang='lat' dir='ltr'><strong>ut</strong></span> <span class='ocrx_word' id='word_1_669' title='bbox 1628 4640 1748 4694; x_wconf 86' lang='lat' dir='ltr'><strong>sitis</strong></span> 
     </span>
    </p>
   </div>
   <div class='ocr_carea' id='block_1_91' title="bbox 174 4732 1746 4802">
    <p class='ocr_par' dir='ltr' id='par_1_91' title="bbox 174 4732 1746 4802">
     <span class='ocr_line' id='line_1_91' title="bbox 174 4732 1746 4802; baseline -0.004 -11"><span class='ocrx_word' id='word_1_670' title='bbox 174 4742 309 4793; x_wconf 83' lang='lat' dir='ltr'><strong>sicut</strong></span> <span class='ocrx_word' id='word_1_671' title='bbox 334 4739 435 4799; x_wconf 91' lang='lat' dir='ltr'><strong>dii,</strong></span> <span class='ocrx_word' id='word_1_672' title='bbox 468 4747 634 4789; x_wconf 88' lang='lat' dir='ltr'><strong>totam</strong></span> <span class='ocrx_word' id='word_1_673' title='bbox 667 4733 757 4787; x_wconf 91' lang='lat' dir='ltr'><strong>Dei</strong></span> <span class='ocrx_word' id='word_1_674' title='bbox 794 4734 1022 4802; x_wconf 89' lang='lat' dir='ltr'><strong>gloriam</strong></span> <span class='ocrx_word' id='word_1_675' title='bbox 1065 4735 1206 4785; x_wconf 86' lang='lat' dir='ltr'><strong>intra</strong></span> <span class='ocrx_word' id='word_1_676' title='bbox 1245 4748 1341 4785; x_wconf 87' lang='lat' dir='ltr'><strong>vos</strong></span> <span class='ocrx_word' id='word_1_677' title='bbox 1372 4732 1746 4801; x_wconf 74' lang='lat' dir='ltr'><strong>possidentes,</strong></span> 
     </span>
    </p>
   </div>
   <div class='ocr_carea' id='block_1_92' title="bbox 174 4824 1743 4893">
    <p class='ocr_par' dir='ltr' id='par_1_92' title="bbox 174 4824 1743 4893">
     <span class='ocr_line' id='line_1_92' title="bbox 174 4824 1743 4893; baseline -0.003 -12"><span class='ocrx_word' id='word_1_678' title='bbox 174 4830 222 4882; x_wconf 91' lang='lat' dir='ltr'><strong>in</strong></span> <span class='ocrx_word' id='word_1_679' title='bbox 249 4827 463 4882; x_wconf 86' lang='lat' dir='ltr'><strong>duabus</strong></span> <span class='ocrx_word' id='word_1_680' title='bbox 491 4826 770 4889; x_wconf 84' lang='lat' dir='ltr'><strong>essentiis,</strong></span> <span class='ocrx_word' id='word_1_681' title='bbox 794 4825 1007 4878; x_wconf 89' lang='lat' dir='ltr'><strong>duabus</strong></span> <span class='ocrx_word' id='word_1_682' title='bbox 1032 4824 1257 4878; x_wconf 91' lang='lat' dir='ltr'><strong>omnino</strong></span> <span class='ocrx_word' id='word_1_683' title='bbox 1282 4827 1514 4887; x_wconf 86' lang='lat' dir='ltr'><strong>naturis,</strong></span> <span class='ocrx_word' id='word_1_684' title='bbox 1542 4824 1743 4893; x_wconf 85' lang='lat' dir='ltr'><strong>duplici</strong></span> 
     </span>
    </p>
   </div>
   <div class='ocr_carea' id='block_1_93' title="bbox 174 4915 1744 4986">
    <p class='ocr_par' dir='ltr' id='par_1_93' title="bbox 174 4915 1744 4986">
     <span class='ocr_line' id='line_1_93' title="bbox 174 4915 1744 4986; baseline -0.001 -15"><span class='ocrx_word' id='word_1_685' title='bbox 174 4919 472 4982; x_wconf 66' lang='lat' dir='ltr'><strong>intinctione,</strong></span> <span class='ocrx_word' id='word_1_686' title='bbox 493 4918 705 4986; x_wconf 88' lang='lat' dir='ltr'><strong>gemina</strong></span> <span class='ocrx_word' id='word_1_687' title='bbox 725 4917 1021 4979; x_wconf 84' lang='lat' dir='ltr'><strong>voluntate,</strong></span> <span class='ocrx_word' id='word_1_688' title='bbox 1049 4915 1509 4983; x_wconf 88' lang='lat' dir='ltr'><strong>quemadmodum</strong></span> <span class='ocrx_word' id='word_1_689' title='bbox 1538 4915 1744 4969; x_wconf 78' lang='lat' dir='ltr'><strong>Paulus</strong></span> 
     </span>
    </p>
   </div>
   <div class='ocr_carea' id='block_1_94' title="bbox 172 5008 1738 5078">
    <p class='ocr_par' dir='ltr' id='par_1_94' title="bbox 172 5008 1738 5078">
     <span class='ocr_line' id='line_1_94' title="bbox 172 5008 1738 5078; baseline -0.001 -13"><span class='ocrx_word' id='word_1_690' title='bbox 172 5012 452 5066; x_wconf 80' lang='lat' dir='ltr'><strong>clamat&quot;.</strong></span> <span class='ocrx_word' id='word_1_691' title='bbox 484 5012 602 5062; x_wconf 78' lang='lat' dir='ltr'><strong>Alia</strong></span> <span class='ocrx_word' id='word_1_692' title='bbox 626 5017 709 5063; x_wconf 89' lang='lat' dir='ltr'><strong>est</strong></span> <span class='ocrx_word' id='word_1_693' title='bbox 743 5009 1011 5078; x_wconf 88' lang='lat' dir='ltr'><strong>siquidem</strong></span> <span class='ocrx_word' id='word_1_694' title='bbox 1053 5008 1209 5063; x_wconf 66' lang='lat' dir='ltr'><strong>ﬂuxa:</strong></span> <span class='ocrx_word' id='word_1_695' title='bbox 1248 5010 1431 5064; x_wconf 85' lang='lat' dir='ltr'><strong>carnis</strong></span> <span class='ocrx_word' id='word_1_696' title='bbox 1466 5011 1738 5075; x_wconf 80' lang='lat' dir='ltr'><strong>voluntas,</strong></span> 
     </span>
    </p>
   </div>
   <div class='ocr_carea' id='block_1_95' title="bbox 176 5098 1740 5166">
    <p class='ocr_par' dir='ltr' id='par_1_95' title="bbox 176 5098 1740 5166">
     <span class='ocr_line' id='line_1_95' title="bbox 176 5098 1740 5166; baseline 0.003 -17"><span class='ocrx_word' id='word_1_697' title='bbox 176 5099 271 5151; x_wconf 66' lang='lat' dir='ltr'><strong>alia</strong></span> <span class='ocrx_word' id='word_1_698' title='bbox 302 5099 534 5166; x_wconf 83' lang='lat' dir='ltr'><strong>spiritus</strong></span> <span class='ocrx_word' id='word_1_699' title='bbox 554 5106 606 5149; x_wconf 86' lang='lat' dir='ltr'><strong>et</strong></span> <span class='ocrx_word' id='word_1_700' title='bbox 639 5098 836 5151; x_wconf 73' lang='lat' dir='ltr'><strong>animae</strong></span> <span class='ocrx_word' id='word_1_701' title='bbox 869 5113 1001 5151; x_wconf 66' lang='lat' dir='ltr'><strong>mea:</strong></span> <span class='ocrx_word' id='word_1_702' title='bbox 1031 5114 1045 5148; x_wconf 89' lang='lat'><strong>:</strong></span> <span class='ocrx_word' id='word_1_703' title='bbox 1077 5108 1450 5153; x_wconf 87' lang='lat' dir='ltr'><strong>verumtamen</strong></span> <span class='ocrx_word' id='word_1_704' title='bbox 1494 5114 1599 5153; x_wconf 89' lang='lat' dir='ltr'><strong>non</strong></span> <span class='ocrx_word' id='word_1_705' title='bbox 1643 5104 1740 5154; x_wconf 90' lang='lat' dir='ltr'><strong>tri-</strong></span> 
     </span>
    </p>
   </div>
   <div class='ocr_carea' id='block_1_96' title="bbox 176 5185 1739 5260">
    <p class='ocr_par' dir='ltr' id='par_1_96' title="bbox 176 5185 1739 5260">
     <span class='ocr_line' id='line_1_96' title="bbox 176 5185 1739 5260; baseline 0.005 -24"><span class='ocrx_word' id='word_1_706' title='bbox 176 5188 313 5254; x_wconf 75' lang='lat' dir='ltr'><strong>plex,</strong></span> <span class='ocrx_word' id='word_1_707' title='bbox 331 5186 427 5239; x_wconf 89' lang='lat' dir='ltr'><strong>sed</strong></span> <span class='ocrx_word' id='word_1_708' title='bbox 456 5186 677 5253; x_wconf 71' lang='lat' dir='ltr'><strong>duplex,</strong></span> <span class='ocrx_word' id='word_1_709' title='bbox 701 5194 757 5238; x_wconf 92' lang='lat' dir='ltr'><strong>ut</strong></span> <span class='ocrx_word' id='word_1_710' title='bbox 788 5185 970 5251; x_wconf 90' lang='lat' dir='ltr'><strong>homo,</strong></span> <span class='ocrx_word' id='word_1_711' title='bbox 992 5202 1137 5241; x_wconf 91' lang='lat' dir='ltr'><strong>sum.</strong></span> <span class='ocrx_word' id='word_1_712' title='bbox 1164 5187 1358 5241; x_wconf 81' lang='lat' dir='ltr'><strong>Anima</strong></span> <span class='ocrx_word' id='word_1_713' title='bbox 1383 5204 1500 5243; x_wconf 84' lang='lat' dir='ltr'><strong>mea</strong></span> <span class='ocrx_word' id='word_1_714' title='bbox 1523 5190 1739 5260; x_wconf 88' lang='lat' dir='ltr'><strong>corpori</strong></span> 
     </span>
    </p>
   </div>
   <div class='ocr_carea' id='block_1_97' title="bbox 178 5275 1741 5347">
    <p class='ocr_par' dir='ltr' id='par_1_97' title="bbox 178 5275 1741 5347">
     <span class='ocr_line' id='line_1_97' title="bbox 178 5275 1741 5347; baseline 0.004 -20"><span class='ocrx_word' id='word_1_715' title='bbox 178 5294 291 5329; x_wconf 56' lang='lat' dir='ltr'><strong>meo</strong></span> <span class='ocrx_word' id='word_1_716' title='bbox 324 5275 691 5344; x_wconf 65' lang='lat' dir='ltr'><strong>inexplicabili</strong></span> <span class='ocrx_word' id='word_1_717' title='bbox 748 5276 967 5329; x_wconf 83' lang='lat' dir='ltr'><strong>vinculo</strong></span> <span class='ocrx_word' id='word_1_718' title='bbox 1014 5277 1266 5347; x_wconf 82' lang='lat' dir='ltr'><strong>colligata</strong></span> <span class='ocrx_word' id='word_1_719' title='bbox 1328 5289 1431 5333; x_wconf 88' lang='lat' dir='ltr'><strong>est.</strong></span> <span class='ocrx_word' id='word_1_720' title='bbox 1486 5280 1741 5334; x_wconf 83' lang='lat' dir='ltr'><strong>Attamen</strong></span> 
     </span>
    </p>
   </div>
   <div class='ocr_carea' id='block_1_98' title="bbox 178 5369 1738 5438">
    <p class='ocr_par' dir='ltr' id='par_1_98' title="bbox 178 5369 1738 5438">
     <span class='ocr_line' id='line_1_98' title="bbox 178 5369 1738 5438; baseline 0.004 -20"><span class='ocrx_word' id='word_1_721' title='bbox 178 5370 445 5423; x_wconf 81' lang='lat' dir='ltr'><strong>utrumvis</strong></span> <span class='ocrx_word' id='word_1_722' title='bbox 461 5377 827 5436; x_wconf 79' lang='lat' dir='ltr'><strong>congruenter</strong></span> <span class='ocrx_word' id='word_1_723' title='bbox 852 5383 951 5422; x_wconf 85' lang='lat' dir='ltr'><strong>sua</strong></span> <span class='ocrx_word' id='word_1_724' title='bbox 978 5369 1738 5438; x_wconf 67' lang='lat' dir='ltr'><strong>quairit,corpus,comederc,</strong></span> 
     </span>
    </p>
   </div>
   <div class='ocr_carea' id='block_1_99' title="bbox 176 5458 1745 5527">
    <p class='ocr_par' dir='ltr' id='par_1_99' title="bbox 176 5458 1745 5527">
     <span class='ocr_line' id='line_1_99' title="bbox 176 5458 1745 5527; baseline 0.003 -17"><span class='ocrx_word' id='word_1_725' title='bbox 176 5458 381 5519; x_wconf 77' lang='lat' dir='ltr'><strong>bibere,</strong></span> <span class='ocrx_word' id='word_1_726' title='bbox 412 5459 684 5522; x_wconf 85' lang='lat' dir='ltr'><strong>dormire;</strong></span> <span class='ocrx_word' id='word_1_727' title='bbox 713 5473 849 5527; x_wconf 89' lang='lat' dir='ltr'><strong>quas</strong></span> <span class='ocrx_word' id='word_1_728' title='bbox 877 5460 1042 5513; x_wconf 86' lang='lat' dir='ltr'><strong>etiam</strong></span> <span class='ocrx_word' id='word_1_729' title='bbox 1079 5460 1268 5515; x_wconf 88' lang='lat' dir='ltr'><strong>carnis</strong></span> <span class='ocrx_word' id='word_1_730' title='bbox 1292 5473 1521 5516; x_wconf 74' lang='lat' dir='ltr'><strong>terrenae</strong></span> <span class='ocrx_word' id='word_1_731' title='bbox 1553 5464 1745 5517; x_wconf 87' lang='lat' dir='ltr'><strong>volun-</strong></span> 
     </span>
    </p>
   </div>
   <div class='ocr_carea' id='block_1_100' title="bbox 179 5547 1742 5619">
    <p class='ocr_par' dir='ltr' id='par_1_100' title="bbox 179 5547 1742 5619">
     <span class='ocr_line' id='line_1_100' title="bbox 179 5547 1742 5619; baseline 0.003 -20"><span class='ocrx_word' id='word_1_732' title='bbox 179 5556 311 5601; x_wconf 85' lang='lat' dir='ltr'><strong>tates</strong></span> <span class='ocrx_word' id='word_1_733' title='bbox 335 5547 570 5615; x_wconf 88' lang='lat' dir='ltr'><strong>appello.</strong></span> <span class='ocrx_word' id='word_1_734' title='bbox 600 5547 755 5610; x_wconf 86' lang='lat' dir='ltr'><strong>Quod</strong></span> <span class='ocrx_word' id='word_1_735' title='bbox 789 5555 1079 5615; x_wconf 88' lang='lat' dir='ltr'><strong>postquam</strong></span> <span class='ocrx_word' id='word_1_736' title='bbox 1115 5549 1185 5601; x_wconf 89' lang='lat' dir='ltr'><strong>ab</strong></span> <span class='ocrx_word' id='word_1_737' title='bbox 1214 5550 1395 5601; x_wconf 90' lang='lat' dir='ltr'><strong>anima</strong></span> <span class='ocrx_word' id='word_1_738' title='bbox 1428 5560 1742 5619; x_wconf 88' lang='lat' dir='ltr'><strong>separatum</strong></span> 
     </span>
    </p>
   </div>
   <div class='ocr_carea' id='block_1_101' title="bbox 179 5636 1742 5705">
    <p class='ocr_par' dir='ltr' id='par_1_101' title="bbox 179 5636 1742 5705">
     <span class='ocr_line' id='line_1_101' title="bbox 179 5636 1742 5705; baseline 0 -16"><span class='ocrx_word' id='word_1_739' title='bbox 179 5636 363 5701; x_wconf 79' lang='lat' dir='ltr'><strong>fuerit,</strong></span> <span class='ocrx_word' id='word_1_740' title='bbox 394 5636 534 5690; x_wconf 88' lang='lat' dir='ltr'><strong>nihil</strong></span> <span class='ocrx_word' id='word_1_741' title='bbox 563 5636 773 5705; x_wconf 87' lang='lat' dir='ltr'><strong>appetit</strong></span> <span class='ocrx_word' id='word_1_742' title='bbox 819 5636 1204 5705; x_wconf 85' lang='lat' dir='ltr'><strong>hujuscemodi</strong></span> <span class='ocrx_word' id='word_1_743' title='bbox 1251 5655 1264 5691; x_wconf 88' lang='lat'><strong>:</strong></span> <span class='ocrx_word' id='word_1_744' title='bbox 1296 5638 1390 5693; x_wconf 87' lang='lat' dir='ltr'><strong>sed</strong></span> <span class='ocrx_word' id='word_1_745' title='bbox 1436 5647 1742 5702; x_wconf 90' lang='lat' dir='ltr'><strong>mortuum,</strong></span> 
     </span>
    </p>
   </div>
   <div class='ocr_carea' id='block_1_102' title="bbox 249 5812 1787 5888">
    <p class='ocr_par' dir='ltr' id='par_1_102' title="bbox 249 5812 1787 5888">
     <span class='ocr_line' id='line_1_102' title="bbox 249 5812 1787 5888; baseline 0.008 -24"><span class='ocrx_word' id='word_1_746' title='bbox 249 5815 294 5847; x_wconf 77' lang='grc'><strong>⁸⁷</strong></span> <span class='ocrx_word' id='word_1_747' title='bbox 324 5812 595 5879; x_wconf 55' lang='lat' dir='ltr'><strong>Romam,</strong></span> <span class='ocrx_word' id='word_1_748' title='bbox 623 5816 691 5868; x_wconf 66' lang='grc'><strong>14</strong></span> <span class='ocrx_word' id='word_1_749' title='bbox 722 5832 875 5888; x_wconf 85' lang='lat' dir='ltr'><strong>seqq.</strong></span> <span class='ocrx_word' id='word_1_750' title='bbox 912 5872 917 5878; x_wconf 85' lang='grc'>,</span> <span class='ocrx_word' id='word_1_751' title='bbox 962 5816 1005 5852; x_wconf 73' lang='grc'><strong>’³</strong></span> <span class='ocrx_word' id='word_1_752' title='bbox 1031 5818 1136 5874; x_wconf 86' lang='lat' dir='ltr'><strong>lsa.</strong></span> <span class='ocrx_word' id='word_1_753' title='bbox 1169 5835 1314 5884; x_wconf 79' lang='lat' dir='ltr'><strong>mv,</strong></span> <span class='ocrx_word' id='word_1_754' title='bbox 1338 5819 1369 5872; x_wconf 71' lang='grc' dir='ltr'>ι</span> <span class='ocrx_word' id='word_1_755' title='bbox 1392 5819 1450 5884; x_wconf 87' lang='grc' dir='ltr'><strong>;ι</strong></span> <span class='ocrx_word' id='word_1_756' title='bbox 1483 5819 1611 5876; x_wconf 87' lang='lat' dir='ltr'><strong>Cor.</strong></span> <span class='ocrx_word' id='word_1_757' title='bbox 1642 5835 1703 5888; x_wconf 88' lang='lat' dir='ltr'><strong>tt,</strong></span> <span class='ocrx_word' id='word_1_758' title='bbox 1734 5819 1787 5877; x_wconf 91' lang='lat'><strong>9.</strong></span> 
     </span>
    </p>
   </div>
   <div class='ocr_carea' id='block_1_103' title="bbox 1852 4631 3424 4703">
    <p class='ocr_par' dir='ltr' id='par_1_103' title="bbox 1852 4631 3424 4703">
     <span class='ocr_line' id='line_1_103' title="bbox 1852 4631 3424 4703; baseline -0.002 -17"><span class='ocrx_word' id='word_1_759' title='bbox 1852 4633 1983 4686; x_wconf 86' lang='lat' dir='ltr'><strong>uiri.</strong></span> <span class='ocrx_word' id='word_1_760' title='bbox 2017 4631 2277 4686; x_wconf 74' lang='lat' dir='ltr'><strong>Vicissim</strong></span> <span class='ocrx_word' id='word_1_761' title='bbox 2310 4647 2412 4703; x_wconf 86' lang='lat' dir='ltr'><strong>ego</strong></span> <span class='ocrx_word' id='word_1_762' title='bbox 2444 4632 2712 4696; x_wconf 87' lang='lat' dir='ltr'><strong>mortalis,</strong></span> <span class='ocrx_word' id='word_1_763' title='bbox 2749 4640 2804 4687; x_wconf 84' lang='lat' dir='ltr'><strong>et</strong></span> <span class='ocrx_word' id='word_1_764' title='bbox 2833 4632 2890 4685; x_wconf 90' lang='lat' dir='ltr'><strong>in</strong></span> <span class='ocrx_word' id='word_1_765' title='bbox 2927 4631 3029 4686; x_wconf 92' lang='lat' dir='ltr'><strong>hoc</strong></span> <span class='ocrx_word' id='word_1_766' title='bbox 3053 4633 3263 4686; x_wconf 88' lang='lat' dir='ltr'><strong>mundo</strong></span> <span class='ocrx_word' id='word_1_767' title='bbox 3297 4645 3424 4700; x_wconf 82' lang='lat' dir='ltr'><strong>par-</strong></span> 
     </span>
    </p>
   </div>
   <div class='ocr_carea' id='block_1_104' title="bbox 1852 4724 3421 4794">
    <p class='ocr_par' dir='ltr' id='par_1_104' title="bbox 1852 4724 3421 4794">
     <span class='ocr_line' id='line_1_104' title="bbox 1852 4724 3421 4794; baseline 0.002 -19"><span class='ocrx_word' id='word_1_768' title='bbox 1852 4739 1951 4779; x_wconf 87' lang='lat' dir='ltr'><strong>vus</strong></span> <span class='ocrx_word' id='word_1_769' title='bbox 1982 4734 2146 4794; x_wconf 87' lang='lat' dir='ltr'><strong>atque</strong></span> <span class='ocrx_word' id='word_1_770' title='bbox 2178 4725 2439 4794; x_wconf 78' lang='lat' dir='ltr'><strong>exiguus,</strong></span> <span class='ocrx_word' id='word_1_771' title='bbox 2472 4724 2614 4777; x_wconf 88' lang='lat' dir='ltr'><strong>intra</strong></span> <span class='ocrx_word' id='word_1_772' title='bbox 2651 4740 2741 4778; x_wconf 89' lang='lat' dir='ltr'><strong>me</strong></span> <span class='ocrx_word' id='word_1_773' title='bbox 2770 4734 3078 4778; x_wconf 86' lang='lat' dir='ltr'><strong>creatorem</strong></span> <span class='ocrx_word' id='word_1_774' title='bbox 3112 4724 3303 4779; x_wconf 89' lang='lat' dir='ltr'><strong>mundi</strong></span> <span class='ocrx_word' id='word_1_775' title='bbox 3334 4734 3421 4778; x_wconf 85' lang='lat' dir='ltr'><strong>to-</strong></span> 
     </span>
    </p>
   </div>
   <div class='ocr_carea' id='block_1_105' title="bbox 1849 4815 3422 4885">
    <p class='ocr_par' dir='ltr' id='par_1_105' title="bbox 1849 4815 3422 4885">
     <span class='ocr_line' id='line_1_105' title="bbox 1849 4815 3422 4885; baseline 0.001 -17"><span class='ocrx_word' id='word_1_776' title='bbox 1849 4825 1964 4868; x_wconf 90' lang='lat' dir='ltr'><strong>tum</strong></span> <span class='ocrx_word' id='word_1_777' title='bbox 2005 4815 2215 4883; x_wconf 76' lang='lat' dir='ltr'><strong>sapicio</strong></span> <span class='ocrx_word' id='word_1_778' title='bbox 2254 4832 2267 4867; x_wconf 88' lang='lat'><strong>:</strong></span> <span class='ocrx_word' id='word_1_779' title='bbox 2305 4825 2359 4870; x_wconf 82' lang='lat' dir='ltr'><strong>et</strong></span> <span class='ocrx_word' id='word_1_780' title='bbox 2394 4815 2522 4868; x_wconf 92' lang='lat' dir='ltr'><strong>dum</strong></span> <span class='ocrx_word' id='word_1_781' title='bbox 2560 4816 2709 4868; x_wconf 87' lang='lat' dir='ltr'><strong>intra</strong></span> <span class='ocrx_word' id='word_1_782' title='bbox 2750 4817 2920 4868; x_wconf 81' lang='lat' dir='ltr'><strong>vitam</strong></span> <span class='ocrx_word' id='word_1_783' title='bbox 2955 4830 3099 4881; x_wconf 89' lang='lat' dir='ltr'><strong>sum,</strong></span> <span class='ocrx_word' id='word_1_784' title='bbox 3140 4824 3422 4885; x_wconf 85' lang='lat' dir='ltr'><strong>totamque</strong></span> 
     </span>
    </p>
   </div>
   <div class='ocr_carea' id='block_1_106' title="bbox 1849 4908 3420 4977">
    <p class='ocr_par' dir='ltr' id='par_1_106' title="bbox 1849 4908 3420 4977">
     <span class='ocr_line' id='line_1_106' title="bbox 1849 4908 3420 4977; baseline 0 -17"><span class='ocrx_word' id='word_1_785' title='bbox 1849 4910 2012 4962; x_wconf 83' lang='lat' dir='ltr'><strong>vitam</strong></span> <span class='ocrx_word' id='word_1_786' title='bbox 2040 4910 2183 4961; x_wconf 88' lang='lat' dir='ltr'><strong>intra</strong></span> <span class='ocrx_word' id='word_1_787' title='bbox 2220 4925 2305 4963; x_wconf 88' lang='lat' dir='ltr'><strong>me</strong></span> <span class='ocrx_word' id='word_1_788' title='bbox 2334 4910 2603 4977; x_wconf 85' lang='lat' dir='ltr'><strong>vigentem</strong></span> <span class='ocrx_word' id='word_1_789' title='bbox 2657 4918 2713 4963; x_wconf 91' lang='lat' dir='ltr'><strong>et</strong></span> <span class='ocrx_word' id='word_1_790' title='bbox 2739 4908 3023 4963; x_wconf 84' lang='lat' dir='ltr'><strong>ﬂorentem</strong></span> <span class='ocrx_word' id='word_1_791' title='bbox 3056 4909 3420 4977; x_wconf 89' lang='lat' dir='ltr'><strong>complector,</strong></span> 
     </span>
    </p>
   </div>
   <div class='ocr_carea' id='block_1_107' title="bbox 1850 5000 3419 5065">
    <p class='ocr_par' dir='ltr' id='par_1_107' title="bbox 1850 5000 3419 5065">
     <span class='ocr_line' id='line_1_107' title="bbox 1850 5000 3419 5065; baseline -0.002 -9"><span class='ocrx_word' id='word_1_792' title='bbox 1850 5018 1939 5056; x_wconf 89' lang='lat' dir='ltr'><strong>mc</strong></span> <span class='ocrx_word' id='word_1_793' title='bbox 1986 5017 2094 5056; x_wconf 89' lang='lat' dir='ltr'><strong>non</strong></span> <span class='ocrx_word' id='word_1_794' title='bbox 2142 5003 2471 5055; x_wconf 87' lang='lat' dir='ltr'><strong>moriturum</strong></span> <span class='ocrx_word' id='word_1_795' title='bbox 2503 5002 2640 5055; x_wconf 88' lang='lat' dir='ltr'><strong>scio.</strong></span> <span class='ocrx_word' id='word_1_796' title='bbox 2702 5000 2759 5053; x_wconf 89' lang='lat' dir='ltr'><strong>In</strong></span> <span class='ocrx_word' id='word_1_797' title='bbox 2797 5001 2964 5054; x_wconf 85' lang='lat' dir='ltr'><strong>corde</strong></span> <span class='ocrx_word' id='word_1_798' title='bbox 2994 5017 3113 5055; x_wconf 87' lang='lat' dir='ltr'><strong>meo</strong></span> <span class='ocrx_word' id='word_1_799' title='bbox 3138 5013 3243 5065; x_wconf 85' lang='lat' dir='ltr'><strong>est,</strong></span> <span class='ocrx_word' id='word_1_800' title='bbox 3277 5014 3329 5054; x_wconf 91' lang='lat' dir='ltr'><strong>et</strong></span> <span class='ocrx_word' id='word_1_801' title='bbox 3365 5002 3419 5053; x_wconf 90' lang='lat' dir='ltr'><strong>in</strong></span> 
     </span>
    </p>
   </div>
   <div class='ocr_carea' id='block_1_108' title="bbox 1850 5092 3423 5159">
    <p class='ocr_par' dir='ltr' id='par_1_108' title="bbox 1850 5092 3423 5159">
     <span class='ocr_line' id='line_1_108' title="bbox 1850 5092 3423 5159; baseline -0.003 -10"><span class='ocrx_word' id='word_1_802' title='bbox 1850 5095 1994 5149; x_wconf 70' lang='lat' dir='ltr'><strong>cmlo</strong></span> <span class='ocrx_word' id='word_1_803' title='bbox 2019 5109 2128 5148; x_wconf 89' lang='lat' dir='ltr'><strong>non</strong></span> <span class='ocrx_word' id='word_1_804' title='bbox 2166 5095 2317 5149; x_wconf 90' lang='lat' dir='ltr'><strong>deest</strong></span> <span class='ocrx_word' id='word_1_805' title='bbox 2355 5111 2368 5147; x_wconf 90' lang='lat'>:</span> <span class='ocrx_word' id='word_1_806' title='bbox 2411 5094 2501 5147; x_wconf 90' lang='lat' dir='ltr'><strong>hic</strong></span> <span class='ocrx_word' id='word_1_807' title='bbox 2540 5102 2594 5147; x_wconf 90' lang='lat' dir='ltr'><strong>et</strong></span> <span class='ocrx_word' id='word_1_808' title='bbox 2632 5094 2704 5147; x_wconf 92' lang='lat' dir='ltr'><strong>ibi</strong></span> <span class='ocrx_word' id='word_1_809' title='bbox 2739 5107 2767 5146; x_wconf 92' lang='lat' dir='ltr'><strong>a</strong></span> <span class='ocrx_word' id='word_1_810' title='bbox 2795 5109 2882 5147; x_wconf 91' lang='lat' dir='ltr'><strong>me</strong></span> <span class='ocrx_word' id='word_1_811' title='bbox 2920 5092 3168 5146; x_wconf 88' lang='lat' dir='ltr'><strong>cernitur</strong></span> <span class='ocrx_word' id='word_1_812' title='bbox 3196 5093 3423 5159; x_wconf 64' lang='lat' dir='ltr'><strong>aequali-</strong></span> 
     </span>
    </p>
   </div>
   <div class='ocr_carea' id='block_1_109' title="bbox 1849 5182 3418 5253">
    <p class='ocr_par' dir='ltr' id='par_1_109' title="bbox 1849 5182 3418 5253">
     <span class='ocr_line' id='line_1_109' title="bbox 1849 5182 3418 5253; baseline -0.002 -15"><span class='ocrx_word' id='word_1_813' title='bbox 1849 5192 1935 5238; x_wconf 85' lang='lat' dir='ltr'><strong>ter</strong></span> <span class='ocrx_word' id='word_1_814' title='bbox 1987 5199 2311 5238; x_wconf 87' lang='lat' dir='ltr'><strong>coruscans.</strong></span> <span class='ocrx_word' id='word_1_815' title='bbox 2341 5182 2589 5249; x_wconf 87' lang='lat' dir='ltr'><strong>Quonam</strong></span> <span class='ocrx_word' id='word_1_816' title='bbox 2641 5191 2821 5237; x_wconf 86' lang='lat' dir='ltr'><strong>autem</strong></span> <span class='ocrx_word' id='word_1_817' title='bbox 2857 5182 3020 5236; x_wconf 90' lang='lat' dir='ltr'><strong>modo</strong></span> <span class='ocrx_word' id='word_1_818' title='bbox 3056 5182 3418 5253; x_wconf 84' lang='lat' dir='ltr'><strong>intelligentia</strong></span> 
     </span>
    </p>
   </div>
   <div class='ocr_carea' id='block_1_110' title="bbox 1851 5275 3419 5345">
    <p class='ocr_par' dir='ltr' id='par_1_110' title="bbox 1851 5275 3419 5345">
     <span class='ocr_line' id='line_1_110' title="bbox 1851 5275 3419 5345; baseline -0.002 -13"><span class='ocrx_word' id='word_1_819' title='bbox 1851 5278 1988 5332; x_wconf 87' lang='lat' dir='ltr'><strong>satis</strong></span> <span class='ocrx_word' id='word_1_820' title='bbox 2033 5293 2371 5345; x_wconf 88' lang='lat' dir='ltr'><strong>consequar,</strong></span> <span class='ocrx_word' id='word_1_821' title='bbox 2423 5292 2532 5345; x_wconf 86' lang='lat' dir='ltr'><strong>quo</strong></span> <span class='ocrx_word' id='word_1_822' title='bbox 2563 5286 2727 5345; x_wconf 89' lang='lat' dir='ltr'><strong>pacto</strong></span> <span class='ocrx_word' id='word_1_823' title='bbox 2761 5278 2874 5329; x_wconf 65' lang='lat' dir='ltr'><strong>haec</strong></span> <span class='ocrx_word' id='word_1_824' title='bbox 2907 5275 3084 5328; x_wconf 77' lang='lat' dir='ltr'><strong>ﬁant?</strong></span> <span class='ocrx_word' id='word_1_825' title='bbox 3139 5283 3231 5328; x_wconf 86' lang='lat' dir='ltr'><strong>aut</strong></span> <span class='ocrx_word' id='word_1_826' title='bbox 3278 5291 3419 5345; x_wconf 86' lang='lat' dir='ltr'><strong>quo-</strong></span> 
     </span>
    </p>
   </div>
   <div class='ocr_carea' id='block_1_111' title="bbox 1849 5367 3421 5436">
    <p class='ocr_par' dir='ltr' id='par_1_111' title="bbox 1849 5367 3421 5436">
     <span class='ocr_line' id='line_1_111' title="bbox 1849 5367 3421 5436; baseline -0.002 -13"><span class='ocrx_word' id='word_1_827' title='bbox 1849 5370 2014 5423; x_wconf 86' lang='lat' dir='ltr'><strong>modo</strong></span> <span class='ocrx_word' id='word_1_828' title='bbox 2040 5371 2136 5423; x_wconf 86' lang='lat' dir='ltr'><strong>tibi</strong></span> <span class='ocrx_word' id='word_1_829' title='bbox 2161 5383 2420 5421; x_wconf 86' lang='lat' dir='ltr'><strong>enarrare</strong></span> <span class='ocrx_word' id='word_1_830' title='bbox 2445 5376 2652 5436; x_wconf 78' lang='lat' dir='ltr'><strong>potero.</strong></span> <span class='ocrx_word' id='word_1_831' title='bbox 2686 5382 2807 5435; x_wconf 66' lang='lat' dir='ltr'><strong>quae</strong></span> <span class='ocrx_word' id='word_1_832' title='bbox 2839 5367 3083 5436; x_wconf 86' lang='lat' dir='ltr'><strong>intelligo</strong></span> <span class='ocrx_word' id='word_1_833' title='bbox 3131 5375 3183 5419; x_wconf 88' lang='lat' dir='ltr'><strong>et</strong></span> <span class='ocrx_word' id='word_1_834' title='bbox 3215 5367 3375 5420; x_wconf 77' lang='lat' dir='ltr'><strong>video</strong></span> <span class='ocrx_word' id='word_1_835' title='bbox 3396 5367 3421 5419; x_wconf 69' lang='grc' dir='ltr'><strong><em>τ</em></strong></span> 
     </span>
    </p>
   </div>
   <div class='ocr_carea' id='block_1_112' title="bbox 1849 5458 3417 5530">
    <p class='ocr_par' dir='ltr' id='par_1_112' title="bbox 1849 5458 3417 5530">
     <span class='ocr_line' id='line_1_112' title="bbox 1849 5458 3417 5530; baseline -0.003 -15"><span class='ocrx_word' id='word_1_836' title='bbox 1849 5461 1990 5515; x_wconf 84' lang='lat' dir='ltr'><strong>Sunt</strong></span> <span class='ocrx_word' id='word_1_837' title='bbox 2024 5465 2171 5516; x_wconf 89' lang='lat' dir='ltr'><strong>enim</strong></span> <span class='ocrx_word' id='word_1_838' title='bbox 2204 5460 2450 5530; x_wconf 79' lang='lat' dir='ltr'><strong>profecto</strong></span> <span class='ocrx_word' id='word_1_839' title='bbox 2469 5460 2634 5513; x_wconf 80' lang='lat' dir='ltr'><strong>elTatu</strong></span> <span class='ocrx_word' id='word_1_840' title='bbox 2665 5458 3048 5528; x_wconf 88' lang='lat' dir='ltr'><strong>impossibilia,</strong></span> <span class='ocrx_word' id='word_1_841' title='bbox 3078 5467 3133 5512; x_wconf 89' lang='lat' dir='ltr'><strong>et</strong></span> <span class='ocrx_word' id='word_1_842' title='bbox 3157 5458 3417 5511; x_wconf 84' lang='lat' dir='ltr'><strong>universe</strong></span> 
     </span>
    </p>
   </div>
   <div class='ocr_carea' id='block_1_113' title="bbox 1849 5549 3418 5620">
    <p class='ocr_par' dir='ltr' id='par_1_113' title="bbox 1849 5549 3418 5620">
     <span class='ocr_line' id='line_1_113' title="bbox 1849 5549 3418 5620; baseline -0.001 -15"><span class='ocrx_word' id='word_1_843' title='bbox 1849 5552 2262 5617; x_wconf 76' lang='lat' dir='ltr'><strong>inenarrabilis,</strong></span> <span class='ocrx_word' id='word_1_844' title='bbox 2298 5566 2419 5620; x_wconf 68' lang='lat' dir='ltr'><strong>qua:</strong></span> <span class='ocrx_word' id='word_1_845' title='bbox 2445 5550 2641 5606; x_wconf 90' lang='lat' dir='ltr'><strong>oculus</strong></span> <span class='ocrx_word' id='word_1_846' title='bbox 2671 5566 2780 5604; x_wconf 94' lang='lat' dir='ltr'><strong>non</strong></span> <span class='ocrx_word' id='word_1_847' title='bbox 2813 5549 2966 5612; x_wconf 83' lang='lat' dir='ltr'><strong>vidit,</strong></span> <span class='ocrx_word' id='word_1_848' title='bbox 2996 5564 3096 5605; x_wconf 87' lang='lat' dir='ltr'><strong>nec</strong></span> <span class='ocrx_word' id='word_1_849' title='bbox 3129 5550 3282 5605; x_wconf 87' lang='lat' dir='ltr'><strong>suris</strong></span> <span class='ocrx_word' id='word_1_850' title='bbox 3313 5564 3418 5604; x_wconf 82' lang='lat' dir='ltr'><strong>au-</strong></span> 
     </span>
    </p>
   </div>
   <div class='ocr_carea' id='block_1_114' title="bbox 1852 5639 3417 5707">
    <p class='ocr_par' dir='ltr' id='par_1_114' title="bbox 1852 5639 3417 5707">
     <span class='ocr_line' id='line_1_114' title="bbox 1852 5639 3417 5707; baseline 0.001 -10"><span class='ocrx_word' id='word_1_851' title='bbox 1852 5641 2011 5707; x_wconf 81' lang='lat' dir='ltr'><strong>divit,</strong></span> <span class='ocrx_word' id='word_1_852' title='bbox 2045 5652 2102 5697; x_wconf 90' lang='lat' dir='ltr'><strong>et</strong></span> <span class='ocrx_word' id='word_1_853' title='bbox 2135 5644 2190 5697; x_wconf 91' lang='lat' dir='ltr'><strong>in</strong></span> <span class='ocrx_word' id='word_1_854' title='bbox 2226 5657 2321 5697; x_wconf 86' lang='lat' dir='ltr'><strong>cor</strong></span> <span class='ocrx_word' id='word_1_855' title='bbox 2356 5642 2581 5698; x_wconf 89' lang='lat' dir='ltr'><strong>carnale</strong></span> <span class='ocrx_word' id='word_1_856' title='bbox 2634 5656 2745 5697; x_wconf 88' lang='lat' dir='ltr'><strong>non</strong></span> <span class='ocrx_word' id='word_1_857' title='bbox 2798 5641 3251 5701; x_wconf 76' lang='lat' dir='ltr'><strong>ascenderunt&quot;.</strong></span> <span class='ocrx_word' id='word_1_858' title='bbox 3277 5639 3417 5698; x_wconf 44' lang='lat' dir='ltr'><strong>Gra‘</strong></span> 
     </span>
    </p>
   </div>
  </div>
