4170 6452
767 334 868 396 521

764 554 818 599 et
841 544 1058 599 donasti
1094 544 1248 609 mihi,
1285 557 1343 600 ut
1376 547 1487 599 hare
1524 549 1786 613 viderem,
1817 559 1872 606 et
1904 552 2338 614 conscriberem.

767 638 1116 706 posterisque
1164 639 1301 692 meis
1330 640 1680 706 praedicarem
1717 641 2108 712 benignitatem
2143 653 2333 708 tuam;

764 736 823 781 ut
853 737 906 780 et
941 742 1089 781 nunc
1146 742 1303 780 saera
1354 728 1455 781 hac
1488 728 1743 784 doctrina
1779 732 2103 788 imbuantur
2126 734 2335 803 populi,

764 824 940 879 tribus
972 833 1025 877 et
1072 824 1291 892 linguae,
1322 825 1466 894 quod
1514 828 1762 882 omnium
1804 827 2016 884 fervide
2069 832 2338 901 paeniten—

762 920 896 971 tium
930 918 1248 986 misereris;
1277 920 1423 975 sicut
1444 921 1814 989 apostolorum
1850 931 2096 992 tuorum,
2129 934 2184 981 et
2218 942 2336 981 om-

760 1012 910 1064 nium
948 1020 1265 1065 sanctorum
1316 1013 1576 1066 misertus
1603 1027 1683 1067 es.
1734 1012 2019 1072 Beuefacis
2069 1018 2208 1082 illis,
2236 1035 2332 1075 eos

762 1104 1026 1164 honoras,
1077 1111 1130 1157 et
1168 1102 1463 1171 glorificas,
1511 1101 1657 1159 Deus
1704 1121 1895 1172 meus;
1930 1116 1989 1162 ut
2022 1126 2145 1162 cum
2181 1110 2330 1165 desi-

755 1192 912 1246 derio
940 1192 1131 1259 inulto,
1167 1203 1221 1249 et
1242 1193 1438 1249 timore
1480 1201 1532 1249 te
1559 1197 1942 1266 exquirentes,
1976 1208 2029 1252 et
2064 1199 2130 1253 ad
2161 1210 2216 1254 te
2242 1216 2331 1256 so-

757 1282 869 1336 lum
940 1283 1127 1337 mundi
1179 1286 1432 1353 opiﬁcem
1467 1300 1788 1350 conversos,
1824 1302 1985 1357 quem
2016 1289 2173 1346 decet
2207 1292 2327 1362 glo-

754 1377 858 1439 ria,
916 1379 1114 1439 honor,
1173 1377 1486 1447 imperium,
1547 1380 1832 1448 maiestas,
1886 1391 1945 1436 ut
2003 1399 2209 1454 regem,
2272 1395 2328 1440 et

753 1464 946 1529 Deum,
996 1481 1059 1520 ac
1115 1469 1403 1521 Dominum
1441 1469 1706 1534 universi,
1755 1488 1899 1527 nunc
1928 1484 1981 1528 et
2015 1476 2325 1532 innumera-

751 1557 951 1615 bilibus
984 1559 1311 1614 saeculorum
1350 1562 1626 1619 aetatibus.
1669 1566 1862 1620 Amen.

1331 1715 1556 1773 CAPUT
1598 1718 1734 1774 XIV.

747 1849 1055 1928 Gratiarum
1080 1853 1218 1907 actio
1259 1852 1339 1928 ad_
1362 1852 1525 1906 Deum
1548 1894 1562 1917 ,
1603 1866 1815 1923 propter
1848 1858 1991 1912 dona
2015 1863 2202 1928 quibus
2247 1866 2313 1917 ab

820 1940 875 1974 eo
903 1923 1152 2002 dignatus
1174 1933 1273 1977 est.
1305 1924 1703 2002 Prwposit‘urw,
1732 1944 1795 1980 ac
1827 1923 2111 2002 sacerdotii
2139 1933 2316 2002 digni-

816 2004 975 2045 latent
1008 1993 1137 2055 ipsis
1162 2010 1365 2063 quoque
1396 1995 1601 2064 angelis
1636 1998 2003 2067 venerabilem,
2030 2018 2092 2054 ac
2125 1993 2310 2072 8αὲρὶ-

815 2065 1048 2115 rietulatn
1078 2080 1209 2116 esse.

811 2215 943 2284 Ego.
974 2216 1225 2285 Domine,
1263 2218 1480 2275 etiamsi
1512 2219 1661 2291 loqui
1690 2222 1873 2289 velim,
1911 2239 2019 2278 non
2054 2241 2306 2295 possum.

739 2307 879 2375 Quid
912 2312 1057 2364 enim
1108 2312 1325 2365 tandem
1358 2312 1570 2382 loquar,
1606 2329 1733 2369 cum
1763 2318 2035 2383 consiliis,
2070 2321 2306 2375 actioni-

742 2403 846 2457 bus
909 2412 963 2457 et
1009 2403 1265 2459 oumibus
1308 2406 1733 2476 cogitationibus
1784 2411 2101 2470 immundus
2155 2415 2308 2469 sim?

734 2493 1105 2553 Nihilominus
1188 2497 1470 2553 vulnerata
1528 2508 1609 2555 est
1671 2503 1851 2557 anima
1904 2519 2046 2569 mea,
2075 2516 2129 2562 et
2158 2509 2306 2562 intus

735 2587 925 2651 ardeo,
955 2588 1180 2655 cupiens
1213 2598 1264 2643 te
1298 2588 1502 2660 alloqui
1538 2593 1732 2649 saltem
1760 2597 2126 2666 aliquantum,
2163 2601 2306 2654 Deus

733 2692 905 2733 meus.
964 2676 1126 2734 Video
1179 2681 1325 2735 enim
1387 2692 1609 2747 memet,
1672 2688 1815 2755 quod
1872 2689 2001 2751 scis,
2039 2697 2092 2743 et
2147 2690 2304 2745 video

731 2770 1010 2838 quomodo
1064 2772 1309 2827 membra
1355 2776 1540 2827 omnia
1580 2778 1829 2845 corporis
1864 2786 1918 2833 et
1946 2779 2142 2833 animae
2169 2796 2302 2837 meae

729 2864 799 2918 ab
822 2864 938 2933 ipso
970 2873 1093 2917 ortu
1121 2866 1551 2935 inquinavcriin,
1586 2879 1734 2924 totus
1760 2882 2045 2937 peccatum
2080 2873 2222 2943 (18).

797 2954 1101 3011 Considera
1188 2959 1671 3027 misericordiam,
1730 2963 2168 3034 benignitatem,
2246 2978 2300 3022 et

729 3048 902 3103 multa
944 3048 1085 3103 bona
1117 3060 1209 3103 tua
1276 3067 1398 3121 qua:
1429 3054 1482 3106 in
1516 3069 1603 3109 me
1632 3066 1891 3124 operatus
1912 3074 1993 3121 es,
2018 3068 2070 3113 et
2102 3061 2296 3117 obmu-

1961 344 2332 405 SlMEONiS
2368 346 2730 414 JUNlORlS

765 454 873 506 tias
905 467 1005 521 ago
1048 453 1164 514 tibi,
1225 453 1476 521 Domine,
1525 456 1785 525 quoniam
1824 458 2086 514 misertus
2133 473 2193 512 es
2233 456 2337 509 mei
2364 459 2415 514 A
2445 471 2503 512 ut
2556 469 2658 517 niei
2698 470 2956 532 misertus

3908 382 4015 452 528

2994 482 3235 538 salvarcs
3272 502 3378 543 me.
3415 490 3527 546 lluc
3569 507 3716 552 certa
3754 500 3857 557 (ide
3885 524 4010 573 per-

2446 569 2672 611 suasum
2722 562 2951 634 habens,
3003 586 3030 625 a
3070 578 3245 643 gratia
3287 589 3377 633 tua
3414 588 3672 651 gaudium
3713 562 4006 664 carpe-bam

2445 646 2803 721 inexplebile,
2835 665 2888 712 et
2920 662 3091 717 solida
3143 683 3241 735 spe
3282 646 3655 735 sustentabar.
3690 681 3763 736 De

2440 750 2621 796 autem
2655 746 2765 802 illis
2790 758 3049 809 extremis
3088 762 3220 827 quid
3254 764 3434 820 dicam
3476 771 3685 837 nescio,
3724 792 3849 844 quae
3888 782 4008 845 tibi,

2444 830 2558 886 Rex
2592 853 2770 904 meus,
2800 845 2852 897 in
2891 862 2977 902 me
3012 848 3125 905 fieri
3157 859 3545 926 complacitum
3597 877 3703 927 est,
3728 885 3852 935 qua:
3887 879 4008 926 ani-

2440 938 2540 980 ma:
2599 943 2663 985 ac
2720 937 2884 990 menti
2947 941 3313 1009 privationem
3357 952 3621 1019 aderunt,
3660 957 4005 1020 functiones-

2434 1033 2542 1087 que
2593 1029 2647 1117 et
2698 1025 3085 1117 intelligendas
3144 1053 3335 1097 omnes
3396 1045 3723 1116 impediunt.
3776 1054 3920 1117 Quin
3952 1070 4005 1113 et

2434 1111 2817 1178 magnitudine
2855 1117 3044 1187 gloriae
3104 1134 3211 1182 tua
3268 1111 3517 1200 gravant,
3554 1145 3608 1189 et
3646 1138 3816 1195 ferme
3846 1160 4003 1198 com-

2432 1213 2654 1256 movent
2705 1221 2791 1261 me
2840 1210 2909 1264 ad
2958 1219 3312 1286 cessandum,
3342 1233 3402 1277 ut
3435 1225 3569 1280 nihil
3605 1230 3819 1301 loquar,
3866 1237 4001 1292 nihil

2431 1291 2654 1361 faciam,
2678 1300 2814 1355 nihil
2852 1303 3045 1362 borum
3071 1312 3362 1383 attingam.

2502 1388 2723 1454 Estuo,
2767 1406 2824 1449 et
2871 1400 3157 1460 admirans
3201 1412 3523 1479 contristor,
3585 1418 3730 1485 quod
3787 1423 3853 1473 ad
3909 1438 3999 1479 res

2428 1479 2588 1543 tales,
2617 1494 2725 1538 tam
2766 1501 3156 1550 sacrosanctas
3189 1513 3273 1553 inc
3301 1502 3564 1567 dederim,
3596 1518 3653 1560 ut
3706 1512 3995 1574 servirem,

2427 1579 2481 1625 ct
2523 1573 2782 1646 liturgum
2817 1595 3036 1651 agerem
3088 1587 3140 1641 in
3176 1590 3244 1644 iis
3281 1607 3381 1662 ego
3420 1597 3607 1662 miser,
3640 1616 3764 1669 quae
3794 1607 3996 1660 intueri

2426 1663 2599 1720 libere
2631 1672 2808 1740 angeli
2857 1688 3153 1746 verentur;
3183 1686 3468 1754 prophetae
3499 1704 3627 1745 cum
3658 1663 3879 1751 -timore
3901 1713 3995 1751 co-

2346 1791 2394 1851 B
2424 1769 2752 1855 gnoveruut,
2804 1767 2967 1820 simul
3021 1770 3089 1825 de
3122 1776 3385 1842 gloriosa,
3426 1790 3482 1834 et
3535 1782 3992 1855 incomprehensa

2424 1851 2727 1904 mt-onomia
2757 1856 3085 1915 audiverunt
3114 1880 3129 1917 :
3165 1870 3419 1934 apostoli,
3452 1851 3744 1947 martyres,
3795 1890 3853 1936 et
3893 1882 3991 1935 do-

2418 1946 2636 1996 ctorum
2662 1944 2867 2002 chorus
2931 1952 3173 2011 clamant
3202 1966 3256 2012 et
3296 1944 3694 2034 vociferantur,
3747 1986 3809 2027 se
3841 1974 3988 2028 indi-

2416 2046 2556 2137 gnos
2579 2035 2757 2102 palam
2790 2041 3175 2108 praedicantes.
3209 2050 3322 2120 Ego
3360 2066 3541 2111 autem
3578 2060 3853 2130 perditus,
3888 2081 3987 2137 ego

2417 2121 2735 2191 fornicator,
2762 2134 3039 2200 quomodo
3109 2137 3345 2196 fratrum
3394 2156 3595 2214 rector,
3630 2121 3982 2211 divinorum-

2412 2226 2519 2281 que
2536 2220 2919 2284 mysteriorum
2939 2226 3219 2294 sacerdos,
3237 2240 3290 2283 ct
3308 2230 3595 2292 Trinitatis
3615 2238 3983 2300 immaculata:

2414 2306 2666 2363 minister
2706 2318 2861 2369 sum?
2891 2314 3125 2380 Quando
3160 2323 3306 2376 enim
3354 2328 3513 2395 panis
3545 2333 3793 2398 ponitur,
3818 2347 3875 2390 et
3911 2339 3988 2391 vi-

2414 2412 2544 2454 num
2581 2401 2837 2460 hauritur
2887 2408 2954 2463 ad
2990 2426 3193 2482 corpus
3256 2425 3312 2471 et
3345 2422 3672 2489 sanguinem
3734 2434 3916 2493 tuum,
3953 2446 3985 2485 o

2410 2488 2677 2559 Verbum,
2722 2499 3181 2586 conficiendum,
3243 2507 3319 2562 ibi
3377 2488 3509 2568 ades
3554 2524 3611 2568 tu
3663 2517 3801 2586 ipse,
3837 2488 3982 2575 Deus

2411 2593 2589 2648 meus,
2631 2593 2685 2638 et
2719 2585 2837 2642 haec
2865 2606 2991 2646 vere
3014 2608 3218 2664 corpus
3260 2607 3413 2653 tuum
3467 2611 3520 2657 et
3561 2585 3789 2677 sanguis
3816 2609 3976 2676 tium,

2409 2687 2741 2739 superventu
2792 2680 3033 2750 Spiritus
3087 2689 3285 2753 sancti,
3318 2691 3633 2764 virtuteque
3680 2699 3976 2767 A'tissimi,

2409 2776 2462 2818 et
2494 2766 2661 2820 Deum
2697 2770 3068 2840 inaccessum,
3095 2778 3176 2831 vel
3212 2782 3394 2850 potius
3417 2785 3753 2845 habitantem
3798 2766 3975 2849 lucem

2407 2856 2858 2917 inaccessibilem
2920 2880 3028 2919 non
3069 2869 3245 2924 solum
3285 2871 3412 2928 huic
3451 2889 3666 2933 natura:
3696 2881 3974 2949 humanae,

2401 2959 2455 3004 et
2486 2955 2828 3024 corruptioni
2868 2958 3144 3026 obnoxiae,
3176 2965 3271 3019 sed
3317 2967 3482 3022 etiam
3533 2975 3795 3031 omnibus
3852 2993 3973 3046 qua:

2400 3044 2615 3100 ratione
2670 3047 3073 3119 intelliguntur,
3131 3057 3448 3126 angelorum
3512 3044 3974 3133 agtniniLus,au-

728 3152 901 3207 ωερε),
940 3144 1442 3212 propemndumque
1485 3146 1742 3216 despero,
1774 3158 1826 3202 θι
1861 3148 2077 3221 amigm.
2110 3157 2292 3208 comi-
2323 3141 2368 3199 ο
2404 3136 2600 3189 demus
2631 3139 2971 3208 contingere.
3003 3140 3117 3197 Hoc
3148 3146 3319 3215 igitur
3347 3164 3637 3218 arcanum,
3678 3155 3782 3211 hoc
3804 3175 3968 3228 supra

725 3243 944 3297 neuter,
979 3250 1040 3288 ac
1073 3236 1267 3289 tristor
1294 3235 1507 3301 infelix,
1547 3240 1676 3309 quia
1708 3241 1966 3297 oumihus
1996 3245 2155 3300 bonis
2184 3248 2294 3304 tuis

727 3326 988 3397 indignus
1017 3342 1161 3382 sum.
1183 3327 1316 3382 Cum
1345 3344 1509 3399 porro
1541 3331 1595 3385 in
1632 3333 1897 3402 meipsum
1930 3334 2290 3405 descendens,

722 3418 1130 3473 multitudinem
1163 3430 1520 3487 peccatorum
1560 3438 1802 3478 meormn
1851 3426 1997 3495 apud
2041 3429 2288 3484 animum

723 3520 938 3580 reputo,
975 3526 1302 3582 mecumque
1336 3516 1542 3582 cogito,
1571 3530 1669 3571 nec
1711 3533 1880 3571 unum
1916 3520 2111 3574 saltem
2155 3535 2293 3590 Opus

718 3603 926 3655 bonum
982 3603 1034 3655 in
1072 3603 1180 3657 vita
1214 3607 1529 3675 suscepisse
1588 3622 1698 3670 me,
1728 3616 1782 3663 et
1832 3624 1932 3678 pro
1980 3611 2289 3681 suppliciis,

719 3706 841 3759 quae
873 3707 939 3746 cx
966 3695 1114 3761 justa
1150 3695 1230 3748 ira
1265 3703 1356 3748 tua
1396 3698 1671 3753 sustinere
1696 3697 1987 3764 debebam,
2018 3711 2076 3755 ut
2108 3705 2201 3771 qui
2240 3714 2290 3759 te

719 3786 922 3855 smpius
950 3787 1333 3851 offendissem,
1372 3790 1624 3858 plurimis
1658 3793 1845 3860 potius
1878 3794 2159 3850 beneficiis
2190 3798 2288 3851 abs

716 3886 770 3931 te
806 3879 1116 3933 humaniter
1164 3882 1505 3935 cumulatum
1542 3899 1686 3947 esse,
1732 3885 1785 3939 in
1841 3884 2286 3957 desperationem

716 3969 977 4033 adducor,
1000 3974 1446 4041 quandoquidem
1475 3975 1651 4029 adhuc
1672 3977 1921 4045 quotidie
1936 3988 2115 4033 errata
2136 3997 2286 4034 erra-

720 4063 789 4116 tis
824 4062 1054 4130 adjicio;
1090 4070 1144 4115 et
1186 4079 1252 4118 ne
1286 4065 1508 4119 multam
1541 4067 1952 4125 miserationem
1980 4072 2284 4144 benignita-

716 4165 1102 4222 temquetuam
1135 4155 1199 4208 ad
1242 4157 1418 4226 majus
1443 4160 1775 4229 supplicium
1821 4163 1951 4217 mihi
1995 4164 2283 4233 imponen-

713 4244 841 4296 dum
877 4254 1060 4298 vertas
1102 4243 1375 4303 formido:
1412 4250 1671 4317 quoniam
1730 4266 1841 4319 quo
1886 4253 2133 4320 pluribus
2169 4272 2281 4312 me-

713 4334 830 4386 ritis
861 4333 958 4388 abs
992 4343 1042 4388 te
1067 4349 1254 4399 ornor,
1289 4352 1355 4392 eo
1395 4340 1566 4407 magis
1598 4341 1844 4410 ingratus
1871 4359 1991 4398 sum
2022 4347 2123 4400 tibi
2155 4363 2276 4417 ego,

712 4424 840 4478 boni
880 4423 1096 4479 Domini
1137 4442 1329 4483 servus
1384 4430 1692 4499 improbus.
1726 4431 1926 4488 Omnia
1972 4436 2139 4504 igitur
2170 4440 2275 4492 alia

712 4514 1084 4581 incommoda,
1133 4519 1382 4585 Domine,
1419 4520 1694 4588 patientiae
1747 4524 1880 4578 mihi
1910 4536 2089 4590 erant,
2121 4543 2273 4598 spem

708 4617 927 4662 aeterna:
969 4609 1093 4662 vitae
1130 4611 1520 4679 suggerentia;
1555 4611 1715 4681 cujus
1748 4615 1824 4668 rei
1862 4630 2029 4671 causa
2066 4621 2275 4686 gaude-

709 4698 832 4750 bam
865 4713 1031 4767 saepe,
1057 4700 1203 4768 quod
1241 4701 1394 4757 solus
1421 4703 1588 4766 nosti,
1624 4705 1869 4759 confisus
1897 4707 2186 4763 clementia
2218 4721 2274 4766 et

710 4788 1087 4843 misericordia
1132 4798 1244 4846 tua.
1271 4793 1352 4846 Ob
1385 4791 1487 4846 hoc
1511 4794 1655 4846 enim
1678 4809 1742 4848 ex
1781 4803 1899 4849 toto
1930 4803 2131 4854 mundo
2160 4804 2273 4858 ele-

705 4880 831 4950 gisti
854 4896 960 4946 me,
993 4889 1157 4952 atque
1189 4884 1257 4939 ab
1297 4886 1491 4939 amicis
1550 4889 1913 4958 cognatisque
1946 4894 2244 4962 sejunxisti

776 5107 888 5179 ('18)
916 5108 1253 5185 Iinmilitatis
1284 5122 1338 5170 et
1368 5115 1632 5185 religiosae
1677 5119 1959 5175 modestue
2003 5134 2130 5177 sunt
2162 5125 2282 5181 istae

700 5194 863 5232 voces
883 5181 1128 5250 ;_simi|es
1147 5183 1219 5236 illi
1242 5181 1542 5239 Davidici}:
1570 5186 1693 5242 Non
1709 5203 1783 5242 est
1803 5194 2007 5244 sanitas
2044 5195 2096 5245 in
2119 5211 2279 5250 carne

702 5264 818 5329 mea
844 5248 1039 5329 ⁵(Ρςςιιιι.
1073 5255 1392 5329 atanvuld):
1426 5256 1489 5307 Et
1510 5272 1536 5329 A:
1566 5256 1755 5311 Lumbi
1787 5263 1888 5313 mei
1921 5263 2123 5329 impleti
2155 5248 2279 5319 sunt

706 5319 1044 5402 ittuaionibus
1066 5320 1234 5391 (Ibid.
1260 5324 1317 5392 8)
1345 5319 1731 5402 Iluquinantur
1758 5319 2007 5385 membra
2024 5337 2274 5402 corporis

701 5404 796 5457 per
826 5398 1106 5461 peccatum
1136 5431 1151 5455 ,
1177 5402 1449 5458 quatenus
1490 5405 1619 5450 sunt
1640 5398 2006 5455 instrumenta
2027 5398 2265 5461 hominis

700 5460 1006 5542 peccantis.
1046 5462 1113 5540 iit
1164 5464 1467 5542 ille_hon_1_o
1508 5467 1564 5519 fit
1616 5476 1763 5542 totus
1802 5480 2087 5542 peccatum
2119 5488 2134 5529 ε
2166 5460 2259 5542 qui

700 5528 953 5610 omnibus
983 5532 1100 5610 suis
1136 5528 1845 5610 pmuitcntiisetmembris
1876 5540 1941 5593 ad
1976 5528 2260 5610 peceatum

699 5597 967 5659 abutitur.
1018 5597 1274 5655 nimirum
1313 5605 1533 5671 quando
1566 5597 1991 5661 immensitateni
2043 5626 2135 5664 seu
2166 5597 2262 5667 ex;

698 5672 1074 5741 superantiam
1129 5673 1206 5725 rei
1258 5674 1494 5741 alicujus
1532 5678 1794 5730 denotare
1836 5682 2105 5739 volumus.
2145 5690 2257 5736 tum

700 5740 975 5794 abstracta
1038 5743 1303 5797 vocabula
1360 5740 1607 5814 subjecto
1676 5748 1997 5803 tribuimus.
2039 5749 2255 5805 Utcum

2402 3233 2659 3279 naturam
2710 3243 2871 3297 opus,
2907 3241 2961 3286 et
3011 3233 3127 3289 [nec
3158 3237 3325 3301 actio,
3358 3242 3424 3295 ad
3457 3258 3621 3311 quam
3654 3248 3970 3305 obeunti-am

2399 3316 2651 3373 delectus
2683 3334 2831 3386 sum,
2882 3325 3077 3380 suadet
3138 3338 3197 3381 ttt
3241 3332 3373 3386 mihi
3434 3335 3512 3387 uti
3550 3347 3807 3404 mortem,
3842 3353 3971 3397 ante

2397 3411 2594 3466 oculos
2653 3428 2981 3483 preponam.
3050 3419 3200 3475 Unde
3253 3425 3568 3492 posthabita
3619 3429 3812 3488 laetitia
3862 3446 3970 3491 tre-

2396 3516 2549 3557 more
2595 3508 2905 3573 concutior,
2939 3524 3064 3564 cum
3097 3515 3269 3569 sciam
3309 3533 3409 3572 nec
3442 3536 3547 3585 me,
3582 3539 3686 3578 nec
3716 3531 3969 3595 quemvis

2395 3596 2563 3651 alium
2615 3613 2718 3668 pro
2764 3601 3033 3671 dignitate
3065 3621 3231 3676 posse
3272 3610 3609 3683 λειτουργεῖν
3664 3621 3967 3688 (sacrificio

2396 3687 2573 3758 fungi)
2619 3699 2674 3745 et
2724 3694 2891 3748 vitam
2934 3696 3075 3751 adeo
3134 3702 3464 3771 angelicam,
3503 3706 3613 3761 imo
3672 3711 3966 3781 plusquam

2392 3781 2691 3847 angelicam
2717 3784 2769 3837 in
2797 3797 3031 3855 corpore
3057 3790 3376 3847 traducere:
3404 3804 3460 3847 ut
3497 3805 3963 3865 quemadmodum

2393 3874 2536 3925 ratio
2583 3874 2765 3937 docet,
2815 3884 2871 3930 et
2916 3878 3119 3935 veritas
3156 3882 3340 3950 habet,
3379 3902 3477 3955 pro
3532 3906 3599 3944 eo
3642 3907 3704 3946 ac
3735 3897 3964 3965 dignum

2390 3974 2496 4028 est,
2552 3967 2879 4026 familiarior
2929 3973 3067 4040 ipsis
3103 3978 3315 4045 angelis
3366 3979 3475 4033 Deo
3525 3982 3652 4049 fiat;
3692 3995 3881 4056 utpote
3912 4005 3966 4046 et

2390 4060 2644 4115 manibus
2686 4070 2951 4127 tractans,
2982 4074 3037 4120 et
3073 4080 3167 4122 ore
3202 4070 3519 4136 absumens,
3565 4079 3711 4145 quod
3766 4081 3836 4135 illi
3868 4098 3966 4136 au-

2386 4160 2551 4218 guste
2607 4166 2980 4221 venerantur,
3042 4168 3097 4213 et
3156 4174 3280 4215 cum
3346 4173 3588 4222 tremore
3673 4172 3966 4230 circumsi-

2386 4252 2556 4298 stunt.

2456 4334 2734 4391 Judicium
2788 4350 2970 4395 autem
3042 4342 3319 4413 fratrum,
3352 4350 3554 4418 quibus
3606 4356 3963 4416 moderandis

2386 4443 2505 4482 sum
2540 4438 2887 4500 prarpositus,
2913 4450 3035 4504 qua:
3065 4438 3249 4493 anima
3284 4446 3581 4509 portaverit
3604 4448 3627 4499 ?
3648 4464 3769 4515 qua:
3800 4468 3958 4511 naeus

2385 4524 2637 4587 sumciet.
2673 4530 2812 4583 citra
2854 4532 3062 4600 justam
3109 4538 3597 4604 reprehensionem
3646 4547 3959 4613 gubernare

2384 4616 2659 4688 cujusque
2682 4620 2947 4686 animum,
2999 4634 3052 4677 et
3092 4639 3290 4681 cuncta
3324 4645 3446 4699 quae
3486 4634 3571 4687 sui
3600 4638 3762 4691 ollicii
3794 4652 3955 4708 sunt,

2390 4710 2513 4765 sine
2592 4712 2897 4768 defectione
2928 4716 3197 4781 conferre,
3232 4734 3400 4789 seque
3437 4722 3616 4790 ipsum
3658 4728 3728 4782 ab
3759 4745 3953 4788 cornu

2382 4803 2641 4857 censuris
2669 4805 2932 4874 eripere?
2964 4806 3077 4861 Hoc
3104 4809 3241 4863 mihi
3275 4816 3591 4883 neutiquam
3622 4820 3785 4875 alicui
3819 4840 3953 4892 pos-

2380 4896 2537 4955 sibile
2580 4896 2816 4953 videtur.
2872 4898 3065 4953 Induxi
3097 4917 3228 4973 ergo
3271 4904 3328 4959 in
3382 4908 3652 4976 animum,
3710 4922 3766 4968 et
3807 4918 3951 4973 male

2380 5129 2619 5201 aliquem
2651 5131 2722 5186 ob
2760 5130 3023 5185 eximium
3065 5132 3234 5186 animi
3269 5136 3581 5201 candorem,
3614 5147 3785 5190 totum
3824 5157 3953 5193 ran-

2376 5199 2556 5253 dorem
2600 5202 2970 5254 nominamus.
3004 5201 3128 5267 Quo
3165 5206 3404 5269 pertinet
3438 5199 3601 5260 etiam
3651 5211 3795 5263 illius
3823 5227 3948 5261 Orn-

2376 5271 2475 5331 tio,
2514 5273 2607 5339 qui
2646 5271 2884 5333 dicebat,
2918 5272 3209 5325 lusriniam
3257 5276 3392 5328 nihil
3444 5279 3593 5330 aliud
3638 5292 3786 5339 esse.
3835 5282 3942 5333 ani

2374 5355 2567 5392 vocem.
2607 5341 2729 5394 llzec
2760 5341 3161 5403 adnotaverim,
3202 5360 3268 5397 ne
3301 5349 3429 5412 quis
3461 5360 3527 5400 ex
3559 5348 3940 5402 haereticorum

2380 5425 2542 5478 grege
2589 5412 2640 5465 in
2698 5413 2843 5481 hunc
2892 5413 3070 5465 locum
3105 5413 3379 5478 incidens,
3404 5418 3702 5471 exsultaret
3725 5417 3803 5479 ὡς
3822 5420 3941 5481 6w;

2374 5483 2454 5542 ei;
2482 5483 2656 5550 ἄχυρα
2682 5480 2992 5548 ἐμπίπτων,
3026 5490 3177 5536 ratus
3203 5498 3265 5537 se
3299 5489 3566 5552 reperisse
3598 5480 3945 5542 stabilimen?

2374 5559 2489 5625 tum
2513 5552 2712 5625 delirio
2744 5566 2845 5604 suo
2876 5552 2955 5625 de
2975 5561 3204 5621 peccato
3235 5555 3465 5623 originis
3487 5557 3649 5609 etiam
3679 5568 3803 5625 post
3839 5561 3937 5611 ba-

2373 5620 2631 5687 ptismum
2696 5622 2749 5673 in
2817 5620 3412 5695 homineremanente,
3455 5620 3713 5695 eumque.
3747 5638 3807 5681 ut
3839 5628 3945 5681 fer--

2372 5697 2612 5742 mentum
2668 5703 2944 5753 massam,
2994 5692 3383 5746 miserabiliter
3422 5692 3701 5750 inliciente
3734 5706 3789 5748 et
3819 5713 3943 5751 tor-

2367 5768 2673 5827 rumpente,
2711 5760 2782 5813 ita
2816 5771 2870 5813 ut
2910 5760 3047 5823 nihil
3084 5762 3153 5814 sit
3214 5762 3366 5830 quod
3403 5764 3470 5818 ab
3505 5767 3609 5819 hac
3641 5767 3731 5821 lue
3758 5779 3938 5820 vacet.
