4170 6452
246 377 357 445 529

1298 380 1746 444 DIVINORUM
1786 378 2117 441 AMORUM
2155 383 2411 446 LIBER.

3389 384 3499 452 530

242 515 373 555 esse
415 498 750 569 discipulus,
803 509 856 555 et
910 502 1015 557 sub
1067 501 1236 557 unius
1293 502 1632 556 voluntatem
1682 500 1828 554 arbi-
1857 501 1903 558 Α
1934 499 2317 568 indignitatem
2352 501 2534 564 video,
2572 515 2746 570 eaque
2779 500 3221 557 consideratione
3262 511 3500 557 utentem

246 591 529 661 triumque
567 592 797 661 subjici,
833 604 886 647 et
923 594 1086 649 unius
1133 609 1426 666 capessere
1472 595 1649 665 jussa,
1676 603 1730 649 et
1753 593 1824 648 ob

243 684 394 738 hunc
421 699 592 737 unum
644 685 873 741 reddere
928 686 1228 751 rationem,
1272 702 1437 757 quam
1500 687 1744 741 moribus
1771 696 1824 741 et

242 775 630 829 voluntatibus
683 778 890 831 servire
947 777 1212 847 plurium,
1245 792 1548 847 eorumque
1610 786 1823 833 mentes

245 869 511 928 scrutari.
558 869 793 922 consiiia
843 872 1169 935 conmerire,
1218 874 1464 928 actiones
1530 884 1577 928 el
1615 873 1823 942 cogita-

244 956 431 1009 tiones
464 959 710 1026 penitius
768 960 1388 1031 investigare;quando
1441 972 1495 1019 et
1554 964 1822 1033 judicium

246 1066 333 1105 me
359 1059 568 1115 manet,
592 1062 647 1106 et
680 1069 1057 1121 responsurus
1088 1074 1209 1113 sum
1250 1074 1349 1128 pro
1378 1060 1444 1114 iis
1478 1074 1599 1129 quae
1636 1074 1826 1128 pecca—

246 1150 397 1206 runt,
432 1146 498 1196 ad
531 1161 673 1213 quos
731 1150 1001 1215 regendos
1036 1166 1140 1221 ego
1207 1168 1411 1208 arcano
1463 1156 1691 1208 omnino
1731 1153 1821 1206 Dei

243 1236 485 1288 consilio
525 1240 735 1293 electus
765 1255 887 1294 sum
916 1244 1091 1297 solus.
1120 1242 1519 1315 Unusquisque
1551 1248 1695 1300 enim
1730 1262 1825 1316 per

243 1340 302 1376 se
348 1326 719 1394 judicabitur,
766 1340 821 1384 et
864 1333 1132 1388 rationem
1192 1337 1352 1405 plene
1414 1338 1604 1393 reddet
1633 1354 1821 1393 eorum

244 1430 367 1482 qua:
400 1418 518 1486 ipse
569 1434 664 1473 seu
710 1420 851 1475 bona
917 1439 1013 1477 seu
1048 1428 1189 1481 mala
1226 1428 1479 1496 gesserit.
1532 1431 1641 1483 Pro
1689 1446 1818 1483 uno-

243 1522 465 1576 quoque
498 1521 689 1566 autem
744 1515 898 1570 solus
931 1532 1034 1586 ego
1079 1520 1326 1574 reddam.
1366 1520 1433 1575 Et
1458 1523 1684 1591 quinam
1710 1525 1823 1578 sal-

246 1598 438 1662 vabor,
490 1613 589 1656 aut
660 1610 938 1674 quomodo
978 1611 1418 1666 misericordiam
1488 1614 1819 1684 itnpettabo,

245 1703 337 1754 qui
372 1703 551 1755 neque
582 1707 680 1757 pro
740 1709 848 1746 una
884 1711 1001 1750 mea
1053 1708 1107 1750 et
1145 1698 1346 1754 misera
1377 1701 1560 1754 anima
1597 1718 1820 1770 possunt

246 1780 415 1832 nllmu
450 1796 592 1850 opus
622 1784 735 1837 ullo
771 1787 933 1840 modo
961 1788 1026 1841 ad
1053 1790 1283 1845 salutem
1320 1804 1602 1862 peractum
1636 1806 1823 1851 osten-

244 1873 393 1936 dere,
423 1889 522 1941 per
551 1877 699 1942 quod
734 1880 889 1949 ignes
931 1890 1169 1937 aeternos
1194 1884 1467 1940 evadant?
1502 1888 1631 1953 Sed,
1660 1904 1693 1943 ο
1729 1892 1823 1945 be-

244 1964 409 2033 nigne
449 1963 726 2031 Salvator,
754 1972 1079 2029 misericors
1109 1982 1165 2028 et
1193 1975 1485 2032 miserator
1526 1997 1538 2033 :
1571 1981 1703 2034 mihi
1732 1983 1825 2037 ab-

240 2058 395 2124 jecto
424 2057 671 2114 divinam
721 2063 926 2134 largire
965 2067 1252 2129 virtutem,
1305 2081 1365 2123 ut
1403 2086 1544 2141 quos
1576 2073 1627 2125 in
1665 2073 1823 2127 [idem

245 2164 424 2202 meam
477 2153 753 2208 tradidisti
808 2157 1032 2221 fratres,
1084 2175 1181 2215 eos
1248 2178 1433 2234 regam
1477 2166 1648 2220 verbo
1699 2181 1821 2220 cum

242 2239 559 2305 prudentia.
594 2254 757 2315 atque
797 2247 863 2301 ad
898 2265 1100 2318 pascua
1137 2253 1315 2322 legum
1369 2265 1585 2312 tuarum
1617 2260 1827 2313 divina-

241 2344 363 2384 rum
398 2334 690 2401 deducam,
731 2346 785 2392 et
832 2338 885 2393 in
920 2343 1236 2399 mansiones
1260 2347 1505 2404 eu‘lcstis
1556 2353 1710 2417 regni
1741 2368 1829 2406 re-

240 2425 472 2477 stituam
537 2429 740 2491 salvos,
796 2430 1023 2498 illaesos,
1076 2439 1341 2493 virtutum
1416 2443 1826 2511 pulchritudine

241 2516 586 2582 splentitlos,
625 2520 822 2590 dignos
854 2524 1179 2582 adoratores
1210 2529 1274 2584 ad
1308 2534 1552 2588 terribile
1585 2537 1825 2592 tribunal

246 2612 429 2660 tuum.
484 2610 550 2663 Et
612 2627 699 2666 me
745 2629 964 2685 quoque
997 2619 1282 2691 indignum
1313 2639 1344 2677 e
1378 2627 1580 2679 mundo
1612 2642 1826 2684 assum-

248 2708 426 2766 ptum,
467 2705 686 2758 tametsi
729 2707 921 2761 multis
969 2721 1322 2779 peccatorum
1360 2719 1511 2772 notis
1555 2720 1823 2785 inustam,

246 2798 431 2843 tamen
460 2796 833 2861 sacerdotem,
867 2810 920 2853 et
950 2801 1203 2857 inutilem
1250 2821 1474 2862 servum
1508 2816 1689 2874 tuum,
1716 2829 1827 2882 quo

242 2884 387 2935 nosti
435 2884 535 2953 jnd
563 2889 674 2951 ciu,
750 2891 940 2946 choris
977 2895 1286 2952 electorum
1360 2916 1486 2955 cum
1536 2903 1826 2974 discipulis

246 2975 384 3029 meis
408 2978 715 3037 adnumera
745 3001 758 3048 ;
799 2993 857 3038 ut
884 2988 1049 3041 simul
1084 3004 1278 3046 omnes
1310 2992 1540 3061 gloriam
1571 3005 1716 3049 tuam
1743 2997 1828 3051 di-

245 3067 435 3119 vinam
470 3070 782 3141 videamus,
809 3086 863 3131 et
895 3080 1056 3135 bonis
1086 3083 1194 3136 tuis
1226 3082 1603 3143 ineti‘abilihus
1635 3089 1825 3145 oblec-

1929 593 2220 659 perculsus
2268 593 2542 656 exclamo,
2575 593 2712 660 Quis
2762 594 2928 664 igitur
2968 608 3069 664 ego
3099 610 3242 659 sum,
3270 609 3303 649 ο
3337 592 3499 659 Deus,

1929 696 1983 741 et
2010 695 2207 740 auctor
2232 687 2531 741 omnium?
2560 698 2614 741 et
2654 688 2786 756 quid
2814 689 3036 743 tandem
3077 687 3178 742 l‘eci
3227 689 3504 745 laudabile

1929 777 1985 834 in
2016 780 2126 833 vita
2172 791 2320 843 mea;
2360 786 2455 832 aut
2506 778 2783 847 quodnam
2816 779 3133 832 mandatum
3160 788 3314 833 tuum
3347 797 3502 835 com-

1929 870 2097 939 plevi,
2122 867 2269 939 quod
2302 868 2395 922 tali
2426 869 2601 939 gloria
2653 883 2736 924 me
2768 869 3161 939 despicabilem
3188 870 3505 940 gloriﬁcas?

1930 959 1998 1014 Et
2030 961 2199 1022 unde.
2230 969 2287 1016 et
2317 974 2424 1030 qua
2485 960 2551 1014 de
2578 975 2744 1014 causa
2775 961 3036 1015 miserum
3068 976 3155 1015 me
3176 962 3264 1016 die
3296 974 3499 1018 noetu-

1930 1069 2038 1122 que
2064 1054 2158 1107 tali
2211 1054 2333 1108 luce
2381 1053 2833 1109 eireumlundere
2890 1054 3151 1124 dignatus
3184 1058 3288 1112 es?
3317 1057 3501 1129 Egone

1930 1145 2229 1215 aliquando
2261 1146 2456 1201 sitiens
2479 1145 2711 1215 quaesivi
2748 1156 2823 1210 te,
2855 1146 2967 1201 Rex
3003 1164 3181 1216 meus,
3211 1164 3386 1220 egone
3421 1150 3501 1205 la-

1930 1238 2162 1293 boribus
2197 1237 2589 1293 mandatorum
2639 1249 2859 1294 tuorum
2900 1239 3232 1312 defatigatus
3263 1251 3319 1297 et
3354 1240 3499 1296 uilli-

1929 1337 2052 1382 ctus
2088 1328 2251 1382 sum?
2298 1342 2472 1396 egone
2532 1329 2867 1384 tentationes
2912 1337 2966 1384 et
3019 1328 3231 1399 ﬂagella
3275 1328 3499 1398 pertuli,

1928 1419 2208 1488 quomodo
2259 1433 2454 1473 omnes
2489 1420 2662 1473 sant-ti
2703 1432 2821 1489 post
2849 1421 3134 1475 hominum
3173 1422 3497 1476 memoriam

1930 1509 2044 1565 inec
2080 1511 2351 1579 patienter
2411 1512 2676 1575 tulerunt,
2709 1520 2768 1566 ιιι
2800 1528 2881 1569 me
2913 1513 3023 1569 illis
3080 1514 3500 1570 adnumeratum

1928 1604 2142 1659 salvum
2174 1619 2297 1659 esse
2331 1606 2511 1661 velis?
2555 1607 2884 1675 Quanquam
2952 1606 3186 1661 mirifice
3226 1609 3501 1662 humanus

1928 1709 1993 1748 ac
2057 1695 2326 1765 benignus
2380 1711 2462 1755 es.
2492 1706 2549 1749 ut
2580 1712 2778 1765 parens
2842 1706 2899 1751 et
2946 1696 3204 1752 conditor
3235 1699 3500 1762 omnium,

1928 1787 2092 1841 audio
2131 1796 2314 1841 tamen
2339 1786 2603 1843 Jacobqu
2645 1787 2926 1842 dicentem
2956 1790 3018 1856 ",
3054 1798 3333 1844 mortuam
3374 1805 3499 1845 esse

1931 1876 2092 1930 ﬁdem
2155 1878 2277 1932 sine
2332 1878 2618 1948 operibus,
2678 1875 2993 1948 horreoque
3042 1880 3339 1949 supplicia,
3400 1895 3501 1949 pro

1930 1978 2083 2021 certo
2111 1968 2225 2023 illic
2262 1969 2424 2024 vilem
2456 1970 2895 2025 homuncionem
2927 1986 3012 2025 me
3046 1973 3348 2026 manentia.
3380 1970 3501 2036 Quo

1931 2070 2091 2130 pacto
2126 2062 2293 2130 igitur
2320 2064 2591 2116 contidam
2642 2078 2766 2132 ego,
2799 2062 3047 2129 Domine,
3074 2078 3161 2119 me
3186 2072 3246 2118 ut
3284 2063 3499 2118 ﬁdelem

1929 2153 1995 2204 ad
2028 2153 2247 2207 illorum
2284 2169 2575 2210 numerum
2608 2164 2962 2225 aggregatum
3005 2156 3097 2219 iri,
3126 2156 3219 2226 qui
3267 2155 3502 2211 antehac

1930 2244 2026 2297 tibi
2056 2245 2386 2311 servierunt,
2446 2260 2571 2299 cum
2609 2246 2723 2315 ipse
2776 2259 2875 2299 nec
2928 2260 3095 2298 unum
3126 2244 3195 2299 de
3227 2242 3501 2298 mandatis

1931 2335 2040 2391 tuis
2073 2339 2410 2391 servaverim
2441 2338 2464 2391 ?
2496 2336 2698 2391 Verum
2731 2339 2858 2391 novi
2892 2346 2945 2391 te
2977 2352 3140 2404 posse
3168 2336 3377 2400 oumia,
3415 2333 3501 2388 fa-

1929 2430 2010 2484 cis
2038 2430 2222 2483 omnia
2254 2437 2312 2483 ut
2360 2428 2463 2492 vis,
2504 2440 2559 2483 et
2608 2428 2901 2500 postremis
2948 2428 3047 2483 das
3088 2435 3151 2482 ιιι
3190 2425 3403 2497 primis,
3448 2434 3503 2483 ct

1930 2521 2077 2591 quod
2137 2521 2336 2575 mirum
2387 2529 2473 2575 est
2531 2521 2712 2585 valde,
2757 2521 3060 2590 primorum
3093 2519 3354 2575 extremis
3387 2519 3501 2591 pri—

1932 2629 2077 2665 mum
2116 2612 2238 2667 das.
2269 2611 2393 2668 llmc
2418 2628 2542 2667 cmn
2580 2611 2681 2666 tibi
2739 2612 2885 2678 dico,
2928 2612 3051 2675 tibi,
3091 2611 3339 2682 inquam,
3367 2626 3501 2666 con-

1931 2705 2096 2758 ditori
2129 2705 2295 2773 hujus
2329 2704 2543 2769 mundi,
2572 2703 2729 2772 prius
2757 2717 2925 2773 supra
2962 2703 3273 2773 apparenti,
3296 2712 3351 2758 et
3381 2718 3504 2757 rur-

1929 2812 2048 2850 sum
2085 2805 2137 2851 te
2160 2798 2489 2860 occultanti,
2526 2812 2591 2850 ac
2634 2804 2823 2866 postea
2856 2812 2940 2850 me
2977 2806 3151 2850 totum
3187 2797 3357 2852 radiis
3392 2796 3505 2850 cir-

1928 2888 2231 2953 cumdanti,
2259 2895 2483 2957 repente
2522 2899 2573 2941 te
2605 2896 2778 2943 totum
2828 2890 2881 2942 in
2910 2902 2994 2942 me
3022 2889 3298 2958 perspicio
3330 2888 3502 2943 exsti-

1930 2980 2087 3042 tisse,
2116 2979 2209 3049 qui
2240 2986 2367 3034 ante
2392 2993 2560 3049 supra
2588 2979 2892 3044 videbaris.
2922 2988 2975 3034 et
3010 2991 3059 3035 te
3090 2984 3286 3035 iterum
3316 2981 3502 3037 occul-

1933 3082 2166 3136 taveras,
2195 3073 2336 3126 sicut
2360 3073 2440 3129 sol
2479 3079 2661 3128 tectus
2692 3074 2934 3128 nubibus
2971 3074 3314 3129 tenuioribus
3365 3088 3501 3129 con-

246 3164 455 3214 trmur.
518 3161 598 3217 Tu
635 3167 781 3221 enim
832 3185 892 3225 es
943 3173 1220 3241 τοιυριεε,
1262 3176 1492 3243 delicias,
1545 3181 1717 3238 decus
1742 3198 1829 3238 π,
1854 3186 1897 3242 c
1934 3166 2234 3234 tractisque
2264 3165 2457 3219 radiis.
2491 3164 2965 3231 Quemadmodum
2993 3166 3084 3221 ille
3114 3178 3227 3222 tum
3255 3168 3500 3237 aspectui

245 3250 442 3309 denter
477 3262 529 3311 te
562 3262 895 3327 amantium,
928 3263 983 3317 in
1023 3268 1357 3335 sempiterna
1392 3270 1612 3326 saecula.

844 3418 1074 3474 CAPUT
1118 3420 1237 3477 XV.

256 3525 713 3605 Vidcneqlorinm
744 3531 858 3594 Dei,
888 3550 1051 3603 quam
1079 3536 1133 3589 in
1167 3552 1223 3591 se
1250 3539 1615 3605 operationem
1647 3558 1827 3597 semc-

318 3600 429 3673 rit._
454 3601 793 3673 llirinitalem
823 3600 935 3657 esse
964 3607 1019 3657 in
1048 3608 1215 3667 omni,
1257 3600 1347 3661 seu
1380 3611 1646 3673 unirerso,
1680 3628 1825 3665 com-

314 3670 669 3750 orelieudique
698 3682 745 3724 et
766 3689 867 3750 non
896 3677 1281 3750 comprehendi:
1300 3680 1362 3730 ab
1394 3680 1474 3732 his
1504 3683 1593 3750 qui
1623 3670 1826 3735 rueren-

321 3751 429 3791 tur.
458 3743 566 3794 [Vos
593 3758 706 3795 esse
746 3744 964 3797 domum
1015 3748 1206 3799 David.
1242 3743 1601 3803 Christum-in
1642 3753 1825 3806 multis

326 3812 574 3892 premeris
617 3816 811 3867 nostris
855 3818 1159 3885 cognitum,
1192 3820 1435 3873 eumdem
1477 3837 1639 3874 unum
1670 3833 1825 3892 atque

322 3880 607 3933 indirisum
637 3899 772 3936 esse.

321 3989 457 4043 Dum
491 4000 541 4046 te
579 3995 816 4058 reVelas,
852 3995 1081 4052 Domine
1114 3998 1527 4069 universorum,
1561 4012 1615 4058 et
1640 4006 1824 4062 vuitus

248 4080 324 4132 tui
352 4082 587 4151 gloriam
640 4087 994 4142 manifestius
1024 4090 1403 4157 demonstras,
1439 4102 1587 4148 totus
1624 4104 1821 4159 tremo,

248 4180 301 4225 te
335 4189 573 4241 superne
614 4179 916 4247 aspiciens,
949 4188 1216 4249 quantum
1266 4198 1367 4251 pro
1413 4183 1607 4238 humili
1643 4195 1698 4240 et
1730 4187 1829 4241 ab-

244 4266 392 4336 jeCta
436 4277 631 4323 natura
689 4286 806 4325 mea
859 4287 1109 4340 possum,
1144 4284 1196 4329 et
1235 4274 1433 4328 timore
1489 4291 1551 4331 ac
1601 4286 1825 4347 stupore

250 4370 546 4429 correptus
591 4362 741 4424 dico,
797 4366 1074 4433 Superaut
1131 4375 1352 4434 captum
1405 4383 1588 4423 meum
1639 4373 1820 4425 omnia

250 4460 366 4515 tua,
412 4452 553 4506 Deus
608 4469 785 4508 meus.
822 4455 955 4509 Sum
999 4457 1148 4510 enim
1207 4460 1543 4525 immundus,
1575 4470 1629 4514 et
1677 4462 1822 4514 indi-

1931 3264 2101 3325 patet,
2137 3270 2190 3311 et
2230 3268 2360 3312 tunc
2401 3258 2597 3313 melius
2638 3260 2886 3313 cernitur
2920 3259 2989 3313 ab
3025 3259 3340 3316 hominibus
3371 3281 3385 3316 :
3420 3262 3501 3316 sic

1928 3360 1983 3404 et
2014 3360 2072 3404 tu
2106 3351 2240 3405 mibi
2269 3351 2608 3410 accessibilis
2646 3367 2729 3417 es,
2760 3352 2937 3408 latens
2970 3353 3112 3407 intra
3154 3368 3261 3419 me,
3297 3354 3499 3426 alioqui

1930 3446 2277 3508 inaccessos,
2328 3445 2506 3499 oculis
2559 3445 2731 3509 meis,
2788 3461 2929 3515 quos
2988 3445 3295 3501 intellectus
3351 3447 3504 3502 novit

1931 3544 2287 3606 conSpectus,
2320 3544 2379 3589 nt
2416 3536 2549 3600 seis,
2592 3537 2855 3607 paulatim
2893 3552 3175 3605 crescens,
3210 3538 3501 3609 majorem-

1928 3642 2037 3698 que
2073 3626 2247 3682 lucem
2305 3626 2642 3692 diffundens,
2674 3635 2730 3683 et
2766 3629 3002 3697 amplius
3032 3643 3357 3686 coruscans.
3392 3631 3504 3685 Ali-

1927 3718 2151 3787 quando
2202 3718 2403 3772 iterum
2454 3718 2587 3773 mihi
2632 3720 2952 3775 iuaccessus
3005 3735 3087 3775 es.
3136 3720 3316 3787 Quare
3360 3721 3500 3790 quod

1928 3809 2320 3879 comprehendi
2346 3825 2454 3863 non
2484 3823 2662 3880 p0tcs,
2697 3810 2822 3866 ideo
2851 3822 2901 3866 te
2935 3813 3179 3877 celebro,
3215 3823 3268 3867 et
3290 3815 3504 3884 magnis

1930 3899 2159 3954 vocibus
2192 3900 2490 3955 bonitatem
2537 3908 2687 3956 tuam
2715 3904 2975 3972 praedico,
3009 3914 3370 3975 naturamque
3409 3920 3506 3960 no-

1935 3998 2108 4045 stram
2144 3990 2547 4060 gloriﬁcantem
2579 3992 2849 4061 glorilico.

2000 4079 2231 4143 Gloria,
2287 4096 2321 4135 ο
2384 4081 2662 4148 Verbum,
2720 4085 3002 4141 immeusze
3051 4086 3503 4145 condescensioni

1930 4180 2057 4227 ture.
2119 4173 2303 4227 Gloria
2356 4175 2747 4230 misericordia:
2812 4184 2939 4230 ιιιω.
3000 4175 3187 4231 Gloria
3220 4182 3499 4248 potentiie.

1928 4266 2111 4321 Gloria
2175 4268 2311 4332 tibi,
2371 4269 2630 4338 quoniam
2710 4269 3118 4337 immutabilis,
3199 4280 3361 4341 atque
3420 4273 3506 4326 in-

1929 4360 2213 4416 variabilis
2290 4377 2568 4426 niauens,
2623 4371 2773 4417 totus
2850 4379 2909 4418 es
2975 4363 3314 4429 iuuuobilis,
3378 4380 3502 4420 cum

1930 4468 2147 4522 semper
2198 4456 2495 4522 movearis,
2536 4462 2686 4509 totus
2717 4465 2872 4510 extra
2907 4466 3215 4511 creaturam
3272 4465 3325 4513 et
3356 4466 3504 4516 totus

248 4558 392 4610 gnus
418 4546 649 4600 omnino
684 4546 884 4600 intueri
918 4556 991 4611 te,
1020 4564 1215 4617 purum
1258 4559 1312 4603 et
1352 4560 1604 4605 sanctum
1638 4552 1824 4607 Domi-
1852 4524 1899 4583 Π
1932 4545 1985 4598 in
2039 4554 2291 4598 et'eaturn
2318 4583 2334 4606 9
2377 4554 2528 4599 lotus
2567 4544 2761 4615 imples
2811 4546 2994 4600 omnia
3034 4557 3088 4601 Cl
3145 4554 3289 4602 ιοιυε
3345 4557 3503 4600 Hm!

250 4651 407 4698 ιιιιιιι,
443 4651 605 4704 quem
650 4648 973 4692 reverentur
996 4641 1197 4709 angeli,
1223 4650 1277 4694 ct
1307 4642 1394 4695 cui
1430 4657 1554 4695 cum
1589 4651 1827 4700 tremore

252 4727 611 4792 ministrant;
656 4729 816 4797 cujus
872 4745 899 4784 a
954 4730 1094 4785 facie
1127 4736 1468 4799 concutitur,
1519 4745 1572 4788 et
1610 4745 1827 4791 contre-

252 4818 433 4872 miSL‘il
477 4824 656 4874 omnis
687 4830 961 4876 creatura.
992 4822 1130 4878 Cum
1161 4825 1275 4879 haec
1299 4825 1433 4887 dixi,
1466 4826 1664 4879 claudo
1695 4842 1828 4882 ocu-

251 4910 356 4974 los,
395 4911 498 4964 hoc
529 4921 637 4975 est,
693 4915 759 4966 ad
809 4912 1023 4968 inlcrna
1072 4927 1263 4970 averto
1322 4926 1559 4972 mentem
1625 4934 1825 4983 meam,

249 5003 379 5071 quia
412 5005 598 5059 videre
626 5020 689 5060 ac
721 5008 1036 5075 perspicere
1079 5005 1307 5063 Deitatis
1343 5019 1447 5063 ture
1480 5011 1823 5079 majestatem

254 5109 359 5147 non
394 5099 666 5150 sustineo.
700 5098 769 5151 Et
826 5107 937 5151 tum
972 5099 1266 5164 lamentor,
1301 5101 1528 5155 orbatus
1571 5102 1825 5171 pulchri-

253 5186 449 5240 tudine
487 5197 604 5252 tua,
639 5204 737 5244 nec
768 5189 885 5245 iero
933 5192 1175 5260 separari
1210 5193 1310 5247 abs
1354 5203 1428 5256 te,
1454 5195 1547 5261 qui
1581 5197 1734 5249 soius
1761 5210 1822 5251 es

251 5277 545 5347 benignus.
584 5279 662 5332 'l'u
691 5295 819 5334 vero
840 5281 920 5334 sic
955 5282 1367 5347 lamentantem,
1402 5292 1455 5338 et
1491 5285 1819 5353 plorantem,

250 5379 447 5432 totum,
484 5373 667 5439 papae!
699 5373 1117 5444 circnmfulges,
1144 5382 1200 5429 et
1230 5378 1563 5447 obstupeﬁo,
1595 5388 1649 5433 et
1685 5382 1820 5435 ube-

251 5467 366 5517 rius
418 5461 598 5517 ﬂuuiit
662 5464 799 5518 mihi
878 5465 1151 5535 lacrymre,
1194 5467 1321 5522 dum
1380 5470 1820 5525 misericordiam

250 5564 399 5607 tuam
433 5571 562 5622 erga
606 5571 691 5609 me
746 5557 1023 5625 perditum
1082 5560 1349 5615 admiror.
1393 5560 1530 5615 Tum
1569 5565 1821 5632 corporis

251 5649 353 5701 mei
391 5650 621 5702 multam
663 5648 987 5715 foeditatem,
1016 5662 1068 5705 et
1099 5651 1430 5709 miserabilis
1455 5654 1650 5709 aninne
1681 5668 1813 5708 mete

331 5832 367 5866 τέ
396 5828 513 5880 Jac.
548 5843 609 5891 ιι,
636 5830 723 5880 2i).

1927 4636 2132 4691 omnia.
2189 4636 2366 4704 Super
2406 4639 2593 4691 omnia
2653 4654 2713 4692 es
2746 4676 2761 4700 ,
2818 4637 3070 4704 Domine,
3126 4654 3293 4708 super
3343 4654 3506 4693 ou'ine

1926 4727 2279 4797 principium,
2300 4743 2465 4796 super
2484 4743 2701 4782 onmem
2726 4729 3045 4790 essentiam,
3071 4745 3233 4797 super
3254 4738 3503 4785 naturam

1927 4828 2158 4880 natura}.
2223 4835 2389 4888 super
2415 4822 2602 4874 omnia
2635 4821 2854 4875 saecula.
2886 4836 3055 4890 super
3084 4836 3245 4875 omne
3296 4821 3502 4887 lumen,

1930 4926 2098 4978 super
2146 4911 2523 4980 iutelligcntes
2572 4912 2861 4965 beatarum
2926 4914 3192 4966 mentium
3235 4926 3503 4967 naturas:

1930 5018 2059 5057 nam
2088 5014 2145 5058 et
2178 5004 2286 5057 illa:
2313 5014 2491 5063 tuum.
2520 5005 2602 5058 vel
2632 5006 2814 5073 potius
2843 5005 3195 5076 cogitationis
3219 5015 3326 5059 tua;
3366 5020 3505 5075 opus

1935 5105 2085 5151 sunt.
2116 5095 2197 5148 Tu
2230 5097 2374 5149 enim
2409 5094 2543 5148 nihil
2571 5110 2631 5149 es
2664 5096 2931 5161 omnium,
2968 5102 3022 5148 et
3051 5094 3304 5164 superior
3327 5094 3505 5147 omni-

1937 5188 2060 5241 bus.
2088 5184 2223 5241 Nam
2277 5188 2611 5241 exstantium
2646 5201 2813 5241 causa
2851 5202 2931 5249 es,
2983 5194 3041 5239 ut
3084 5186 3329 5239 omnium
3378 5200 3506 5253 pro-

1933 5286 2174 5342 creator,
2220 5287 2277 5333 et
2318 5278 2526 5331 idcirco
2577 5285 2864 5346 Separatns
2896 5292 2975 5340 es,
3005 5292 3066 5329 ac
3090 5276 3262 5330 distas
3290 5277 3356 5335 ab
3386 5278 3507 5328 uni~

1931 5374 2209 5438 versis,et
2241 5388 2406 5442 supra
2445 5372 2633 5425 omnia
2674 5387 2795 5440 qua:
2845 5380 2975 5424 snut
3026 5370 3272 5423 eminere
3303 5369 3502 5421 ἰιιιιδΙιὶι

1933 5466 2097 5535 geris,
2131 5466 2412 5519 oculorum
2442 5464 2695 5517 obtutum
2736 5462 3026 5529 eﬂ’ugicus,
3050 5464 3387 5521 inaccessus,
3425 5461 3507 5513 in-

1932 5557 2391 5626 compreliensus,
2447 5555 2732 5616 iutaclilis,
2790 5556 2933 5607 haud
2989 5554 3373 5620 intelligibihs.
3408 5554 3481 5605 im

1934 5646 2237 5709 mutabilis,
2279 5656 2426 5699 totus
2480 5645 2731 5715 simplex,
2762 5653 2816 5697 ct
2871 5656 3047 5699 tamen
3088 5654 3233 5698 totus
3295 5643 3480 5697 vatius
