4170 6452
236 435 342 495 533

234 637 574 690 :.ttitudinem
609 639 753 700 cmii,
784 648 877 690 aut
897 635 1037 689 infra
1059 634 1383 704 profundum
1412 636 1591 706 abyssi
1619 641 1790 691 esset!

234 730 300 782 Et
346 731 621 799 quisnam,
673 741 767 785 aut
822 746 931 799 quo
1002 742 1158 797 pacto
1211 731 1265 783 in
1327 732 1527 784 coelum
1577 731 1792 785 tandem

234 823 541 875 ascendet?
581 835 675 876 aut
732 824 1003 891 quomodo
1045 823 1146 875 sub
1201 831 1398 875 terram
1433 822 1794 887 descendens,

233 912 574 965 si-rtitabitur
604 914 880 979 abyssos?
930 921 983 966 et
1036 913 1408 981 margaritam,
1466 922 1523 967 ut
1564 928 1793 980 granum

232 1002 412 1067 sinapi
452 1003 833 1069 parvissinmm
857 1004 1187 1071 exquirens,
1220 1004 1493 1071 quomodo
1550 1004 1796 1059 invenire

235 1092 477 1157 poterit?
500 1092 627 1154 Sed,
650 1108 683 1146 ο
710 1094 823 1152 filii.
850 1095 1277 1161 congregamini,
1300 1108 1334 1147 ο
1368 1102 1564 1148 matres
1590 1095 1792 1157 adeste,

236 1194 270 1233 ο
326 1194 511 1247 patres
564 1183 877 1249 pr:evenite,
936 1192 1224 1248 antequam
1279 1198 1426 1238 mors
1477 1185 1789 1251 przrveniut,

236 1288 565 1338 uterumque
597 1272 992 1335 Iaincutainini,
1028 1283 1080 1326 ct
1142 1274 1346 1340 plorate
1398 1288 1611 1339 annos,
1649 1276 1790 1343 qnozl

234 1376 360 1414 cum
408 1363 617 1429 parvuli
678 1363 731 1416 iu
792 1363 1109 1430 baptismate
1170 1362 1335 1416 Deum
1403 1367 1790 1433 acceperimus,

234 1452 320 1504 vel
365 1452 545 1518 potitts
603 1452 837 1506 infantes
904 1452 999 1507 filii
1065 1453 1157 1507 Dei
1224 1454 1348 1508 facti
1411 1455 1607 1520 simus,
1668 1472 1791 1508 Cllill

235 1556 641 1608 peccasseoius,
711 1558 835 1597 mox
902 1552 1056 1597 extra
1114 1544 1334 1597 domum
1421 1544 1584 1597 David
1638 1545 1791 1613 ejeeti

234 1630 432 1691 simus,
471 1646 646 1699 neque
702 1632 755 1685 id
814 1635 1171 1696 senserimus,
1245 1642 1297 1687 et
1362 1649 1645 1689 curramus
1703 1651 1795 1704 per

236 1721 664 1786 paenitentiam;
725 1738 822 1791 per
866 1739 986 1777 eam
1046 1726 1245 1794 quippe
1295 1729 1446 1793 e]ecti
1501 1742 1689 1780 omnes
1715 1743 1797 1780 rc-

236 1812 566 1876 grediuntur
613 1815 823 1867 :aliter
875 1813 1085 1883 regredi
1140 1831 1247 1869 non
1279 1817 1423 1881 licet,
1467 1832 1534 1870 ne
1580 1820 1792 1882 errct's,

240 1918 342 1957 nec
407 1905 617 1969 videre,
652 1921 770 1972 qum
816 1906 867 1958 in
900 1922 961 1959 ea
1018 1906 1255 1973 perfecta
1313 1916 1458 1966 sunt.
1505 1908 1797 1975 perficiun-

240 2003 439 2061 torque
465 1995 516 2046 in
592 1995 787 2048 saecula
838 1996 1259 2049 innumerabilia
1334 1998 1386 2049 in
1442 1997 1661 2052 Clit-isto
1694 1998 1799 2050 Deo

238 2100 381 2147 meo,
406 2099 591 2152 .qnem
624 2085 775 2139 decet
800 2087 977 2139 omnis
1036 2088 1230 2156 gloria,
1265 2088 1457 2153 honor,
1482 2089 1797 2142 adoratioiu

237 2177 653 2245 sempiternum.

829 2286 1052 2339 CXI’LTT
1093 2286 1228 2340 ΧΠ.

238 2396 536 2451 Secundum
613 2410 855 2451 naturam
915 2398 1075 2450 Deum
1128 2398 1295 2451 s:.-lnm
1350 2400 1673 2457 amabilem,
1741 2416 1801 2452 nc

308 2468 705 2520 desiderabilem
734 2484 841 2520 esse
871 2485 889 2531 ;
934 2469 1082 2533 cujus
1115 2470 1201 2528 qui
1233 2469 1400 2533 {artus
1424 2471 1490 2521 sit
1520 2474 1797 2535 particeps,

307 2554 425 2589 eum
454 2541 698 2589 bonorum
721 2541 1075 2590 universarum
1114 2537 1440 2603 factumesse
1475 2541 1797 2607 participem.

311 2649 357 2704 Ο
392 2666 513 2718 qua:
564 2666 650 2703 res
682 2651 783 2703 ista
836 2659 940 2702 ωτι
976 2648 1296 2701 venerabifis
1322 2652 1468 2702 omni
1502 2653 1802 2704 creaturae?

238 2742 384 2811 quod
434 2742 537 2794 boc
576 2742 676 2795 sub
705 2741 1115 2808 intelligentiam
1158 2742 1356 2795 cadens
1388 2743 1593 2803 lumen.
1657 2743 1798 2810 quod

238 2834 460 2887 Videtur
516 2837 582 2885 ab
633 2832 942 2885 omnibus?
988 2847 1105 2894 qua:
1160 2832 1274 2885 ista:
1334 2842 1495 2885 tanta:
1577 2834 1797 2894 divitim,

234 2941 373 2991 quas
418 2924 645 2977 omnino
728 2924 1037 2976 mortalium
1108 2926 1292 2979 nullus
1372 2925 1616 2978 invenire
1708 2934 1800 2980 aut

236 3017 521 3081 possidete
551 3015 765 3081 potuit?
826 3022 952 3067 sunt
1011 3016 1152 3067 enim
1194 3015 1445 3070 omnibus
1489 3018 1796 3081 incompre-

241 3107 564 3166 bensibiles,
610 3116 661 3157 et
692 3121 719 3158 a
750 3107 952 3159 mundo
985 3106 1101 3173 capi
1136 3116 1445 3174 nequeunt;
1482 3116 1605 3159 sunt
1641 3122 1801 3173 super

237 3197 426 3249 orbem
492 3206 759 3249 terrarum
806 3197 1319 3259 desideratissimm;
1354 3208 1480 3250 sunt
1512 3192 1797 3264 optabiles,

232 3296 500 3354 quantum
540 3287 700 3341 rebus
752 3289 1176 3353 aspectabilibus
1229 3302 1413 3340 earum
1485 3297 1797 3355 procreatur

234 3380 538 3431 antecellit.
584 3380 759 3447 Atque
811 3379 931 3431 ideo
998 3379 1116 3446 ejus
1172 3379 1445 3431 citaritate
1513 3379 1792 3431 vulneror.

234 3472 519 3537 Quatenus
552 3480 734 3524 autem
792 3486 913 3523 eum
949 3486 1054 3524 non
1110 3471 1285 3536 capio,
1344 3478 1526 3524 mente
1554 3485 1798 3522 maceror

235 3574 287 3615 et
318 3566 566 3622 tabesco,
600 3572 646 3613 et
722 3563 931 3615 ardenti
999 3563 1161 3615 corde
1229 3562 1544 3626 ingemisco,
1593 3570 1643 3614 et
1711 3563 1795 3615 liic

232 3653 342 3705 iilic
370 3652 730 3705 obambulans
756 3666 816 3704 ac
837 3653 1163 3705 circumiens
1196 3652 1561 3704 inflammatus
1591 3667 1795 3720 quaero,

230 3759 332 3796 nec
386 3744 599 3811 uspiam
681 3744 896 3796 invenio
948 3758 1106 3811 quem
1181 3742 1355 3807 diligit
1421 3742 1599 3794 anima
1656 3758 1793 3794 mea.

227 3834 627 3901 Circumspicio
662 3836 930 3894 crebrius,
969 3835 1015 3887 si
1070 3833 1269 3901 possim
1304 3833 1485 3885 videre
1519 3848 1677 3899 quem
1707 3832 1798 3886 de-

228 3926 437 3977 δὶιιιιτο.
499 3924 566 3976 At
612 3925 701 3977 ille
772 3924 926 3991 quasi
972 3924 1399 3991 inaspectabilis,
1444 3924 1658 3991 penitus
1689 3939 1793 3976 non

228 4024 479 4082 appa'et.
536 4015 669 4067 Cum
728 4026 907 4066 autem
995 4029 1214 4080 contero
1282 4014 1560 4082 lamentari
1640 4016 1793 4080 quasi

228 4106 712 4174 despera‘oundns,
753 4114 881 4157 tunc
931 4121 989 4159 se
1047 4105 1175 4157 mihi
1212 4106 1500 4157 videndum
1535 4105 1714 4171 ofiert,
1745 4114 1796 4157 et

226 4198 475 4250 intuetur
506 4214 587 4248 me
636 4196 726 4262 qui
769 4196 1013 4247 intuetur
1071 4196 1277 4249 omnia.
1335 4196 1605 4256 Admiror,
1638 4206 1689 4247 et
1720 4196 1797 4247 in-

224 4288 369 4357 signi
408 4287 816 4350 pulebritnd’ne
865 4287 1232 4355 obstupesco;
1276 4296 1327 4338 et
1355 4287 1624 4353 quoinodo
1659 4288 1797 4339 corio

225 4387 421 4445 aperio
482 4376 822 4442 prospexerit
875 4374 999 4426 inde
1064 4375 1342 4436 Conditor,
1405 4375 1644 4440 mihique
1677 4376 1791 4443 gill-

224 4470 363 4521 riam
407 4484 603 4520 novam
652 4480 699 4520 et
759 4467 1179 4520 inenarrabilem
1240 4468 1646 4520 demonstrauit.
1735 4467 1795 4521 Et

1285 433 1720 493 DIVINORUM
1762 435 2082 495 AMORUM
2120 437 2372 496 LIBER.

234 554 417 600 autem
454 545 587 598 eitra
630 547 1090 614 comparationem
1155 546 1340 607 distat,
1408 556 1463 598 ut
1517 548 1563 601 si
1630 549 1995 615 superAsed
2071 552 2208 605 caalo
2280 566 2497 621 quoque

3336 438 3443 507 534

2584 560 2637 607 et
2708 554 2948 609 omnium
3026 568 3146 622 quin
3218 554 3269 608 in
3301 557 3453 612 caelis

1900 653 2047 703 sunt,
2123 643 2363 695 omnium
2422 641 2679 711 Opiﬁccm
2763 659 2973 697 mecum
3040 644 3450 714 babens,qne-i.

1897 734 2055 787 decet
2115 736 2306 804 gloria,
2384 744 2438 790 et
2526 737 2702 791 bonos
2774 753 2921 791 nunc
3004 747 3058 792 et
3122 739 3175 791 in
3232 740 3452 793 siecttla.

1896 827 2093 880 Amen.

2456 917 2685 972 CAPI'T
2733 919 2895 974 XVII.

1899 1029 2157 1082 Timorem
2192 1047 2439 1098 generare
2488 1032 2817 1093 rlmritatem,
2875 1042 2923 1085 et
2978 1034 3125 1085 illaut
3184 1033 3455 1087 eradicare

1968 1100 2199 1151 timorem
2231 1117 2295 1151 ea:
2324 1102 2525 1159 auium,
2569 1118 2875 1170 manereque
2906 1103 2959 1155 in
3022 1104 3157 1170 ipsa,
3212 1119 3331 1155 cum
3387 1102 3455 1154 sit

1964 1177 2174 1221 sanctus
2216 1170 2519 1237 diuinusque
2553 1169 2803 1237 Spiritus.

1962 1278 2244 1345 Quomodo
2258 1282 2471 1351 hymnis
2490 1283 2808 1347 decantabo,
2827 1284 3100 1352 quomodo
3116 1282 3456 1353 gloritlcabo,

1895 1371 2165 1438 quomodo
2197 1372 2357 1438 digne
2402 1374 2703 1439 prazdicabo
2756 1374 2922 1427 Deum
2970 1390 3145 1427 meum
3206 1374 3294 1441 qui
3348 1385 3455 1427 tam

1896 1463 2058 1515 multa
2084 1474 2301 1531 peccata
2337 1478 2452 1515 nica
2474 1462 2829 1517 dissimulavit
2857 1464 2881 1516 ?
2911 1463 3182 1531 quomodo
3217 1464 3457 1516 attollam

1895 1554 2085 1606 oculos
2110 1568 2280 1619 meos,
2318 1554 2589 1621 quomodo
2617 1556 2853 1621 aperiam
2889 1570 2950 1608 os
2983 1569 3182 1616 meum,
3214 1553 3461 1606 Salvator

1896 1643 2275 1711 mi,quomodo
2312 1644 2538 1697 movebo
2570 1645 2708 1697 labia
2738 1659 2875 1706 mea,
2905 1645 3175 1713 quoiuodo
3199 1644 3265 1697 ad
3296 1644 3462 1695 subli-

1898 1750 1982 1788 me
2018 1736 2213 1789 cmlum
2242 1736 2525 1788 extendam
2562 1749 2753 1788 manus
2774 1750 2941 1796 meas,
2973 1751 3133 1803 quem
3153 1749 3459 1789 sermonem

1899 1822 2186 1885 inveniam,
2204 1825 2400 1891 quibus
2424 1826 2600 1879 verbis
2617 1835 2760 1888 utar,
2777 1828 3046 1895 quomodo
3067 1827 3210 1895 loqui
3231 1826 3461 1890 audebo,

1901 1916 2171 1981 quomodo
2239 1917 2451 1968 veniam
2495 1915 2744 1985 flagitatio
2761 1928 2868 1970 tam
2888 1918 3075 1973 multis
3104 1918 3322 1980 erratis,
3354 1926 3459 1969 tam

1904 2009 2391 2065 innumerabilibus
2441 2010 2727 2079 peceatis?
2778 2009 2936 2063 Certe
2967 2010 3210 2063 facinora
3265 2007 3460 2063 admisi

1901 2100 2051 2152 omni
2124 2100 2338 2168 indigna
2376 2102 2578 2154 venia?
2615 2104 2755 2154 nosti
2788 2111 2842 2153 tu
2875 2102 3003 2169 quid
3030 2103 3231 2156 dicam.
3260 2104 3462 2153 Omnes

1904 2200 2110 2245 natura:
2173 2193 2304 2245 linrs
2382 2193 2631 2257 transiri,
2693 2202 2885 2261 pra-ter
2935 2204 3190 2247 naturam
3238 2194 3461 2263 patratis

1904 2283 2223 2346 sceleribus,
2267 2284 2442 2337 brutis
2494 2287 2820 2341 animalibus
2871 2287 3021 2354 pejor
3049 2287 3248 2347 exstiti,
3288 2287 3458 2340 omni-

1904 2372 2005 2425 bus
2039 2373 2289 2437 niarinis,
2362 2374 2615 2427 omnibus
2689 2376 3064 2439 terrestribus,
3143 2376 3461 2444 pecudibus,

1905 2464 2209 2531 reptilibns,
2264 2464 2393 2517 feris
2424 2480 2610 2517 revera
2657 2465 2896 2519 deterior
2923 2466 3021 2530 fui,
3054 2483 3175 2520 cum
3209 2467 3461 2519 mandata

1904 2564 1993 2607 tua
2028 2555 2245 2608 violavi.
2283 2554 2384 2620 Qui
2438 2556 2603 2625 igitur
2633 2572 2831 2627 corpus
2860 2573 3037 2611 meum
3092 2560 3163 2609 ita
3199 2557 3452 2611 contami-

1907 2645 2047 2703 tzavi,
2102 2655 2153 2697 et
2209 2647 2442 2699 animam
2499 2648 2796 2713 sordidari,
2864 2650 3136 2715 quomodo
3190 2648 3460 2716 apparebo

1907 2734 2025 2795 tibi,
2076 2736 2353 2802 quomodo
2414 2738 2672 2803 aspiciam
2721 2748 2791 2800 te,
2856 2738 3128 2806 quomodo
3181 2739 3262 2791 vel
3318 2746 3459 2792 stare

1904 2828 2065 2879 miser
2098 2836 2222 2879 ante
2280 2838 2631 2895 ronspeitum
2676 2838 2832 2883 tuum
2883 2831 3139 2884 audebo?
3190 2830 3460 2896 quomodo

1906 2931 2011 2969 non
2047 2917 2243 2982 fugiant
2295 2919 2517 2985 gloriam
2574 2928 2746 2982 tuam,
2815 2934 2867 2976 et
2930 2924 3108 2975 lumen
3186 2922 3459 2989 fulgurans

1904 3012 2075 3062 sancti
2118 3008 2350 3076 Spiritus
2378 3012 2507 3064 tui?
2558 3012 2839 3076 Quomodo
2895 3012 3045 3067 solus
3090 3028 3190 3083 ego
3223 3014 3287 3066 ad
3314 3024 3457 3067 tene-

1905 3100 2032 3153 bras
2076 3116 2185 3153 non
2219 3103 2429 3162 vadam,
2465 3111 2517 3155 et
2546 3117 2574 3155 a
2619 3112 2929 3156 sanctorum
2968 3104 3197 3157 rmtibus
3249 3118 3354 3155 non
3381 3118 3446 3156 se-

1902 3192 2155 3257 parabor,
2189 3192 2279 3259 qni
2351 3208 2513 3259 opera
2595 3196 2941 3246 tenebrarum
2988 3194 3131 3247 feci?
3178 3192 3458 3259 Quomodo

1904 3282 2183 3333 sustinebo
2236 3297 2419 3335 vocwu
2459 3294 2627 3343 tuam,
2672 3286 2759 3354 qui
2802 3286 2927 3338 binc
2976 3301 3039 3339 ex
3100 3285 3260 3337 factis
3324 3285 3457 3337 meis

1904 3372 2014 3425 fero
2048 3390 2253 3428 mecum
2310 3376 2711 3427 damnationem
2782 3376 2996 3428 meam?
3044 3384 3187 3427 totus
3241 3374 3457 3435 horreo,

1900 3474 2045 3520 totus
2100 3467 2489 3527 cimtremisco,
2526 3476 2665 3521 totus
2695 3468 2744 3519 in
2792 3470 3037 3521 timorem
3072 3476 3456 3535 stuporemun

1900 3572 2090 3611 versus
2142 3560 2385 3610 exclamo
2415 3557 2479 3609 ad
2529 3567 2602 3610 te.
2664 3557 2807 3620 Srio,
2864 3557 3133 3619 Salvator,
3188 3559 3456 3611 neminem

1900 3649 2123 3718 perinde
2164 3658 2222 3701 ut
2279 3664 2376 3715 ego
2427 3664 2680 3717 peccasse
2740 3650 2857 3711 tibi,
2908 3666 3006 3703 nec
3058 3652 3343 3718 quisquam
3400 3664 3458 3703 se

1901 3740 2086 3795 tantis.
2128 3738 2346 3805 quantis
2382 3753 2477 3804 ego
2547 3738 2763 3805 flagitiis
2826 3741 3098 3794 involvit:
3152 3743 3282 3810 quin
3335 3743 3455 3795 aliis

1898 3832 2059 3882 etiam
2096 3841 2281 3882 auctor
2343 3830 2663 3897 perditionis
2728 3832 2821 3883 fni.
2892 3832 3054 3898 Atqui
3114 3832 3215 3886 hoc
3269 3843 3454 3887 contra

1898 3922 2044 3983 novi,
2102 3922 2200 3974 hoc
2230 3936 2523 3989 persuasus
2570 3937 2713 3981 sum,
2750 3920 2890 3975 Dens
2965 3938 3138 3982 mens,
3178 3939 3283 3976 non
3346 3940 3454 3977 nia-

1899 4012 2230 4079 gnltudinem
2265 4012 2650 4070 admissurum.
2708 4027 2814 4064 non
2875 4013 3269 4066 multitudinem
3328 4030 3452 4081 pec-

1899 4112 2169 4165 catorum,
2209 4119 2381 4171 neque
2432 4104 2827 4171 turpitudinem
2886 4106 3161 4157 actionum
3217 4119 3453 4169 unquam

1898 4194 2286 4263 benignitatem
2361 4206 2531 4255 tuam,
2586 4204 2638 4248 et
2690 4212 2959 4263 magnam,
3021 4198 3128 4249 imo
3161 4213 3288 4250 vero
3311 4200 3454 4267 plus-

1897 4301 2059 4353 quam
2110 4300 2379 4353 magnam,
2436 4292 2487 4336 tt
2522 4298 2682 4351 quam
2722 4288 2867 4336 nulla
2923 4288 3080 4346 ratio,
3127 4286 3268 4337 nulla
3305 4301 3454 4337 mens

1899 4379 2043 4444 capit
2074 4375 2500 4429 misericordiam
2572 4385 2716 4427 tuam
2789 4391 3259 4442 supergressumm
3312 4390 3455 4439 esse,

1898 4483 2056 4536 quam
2118 4466 2333 4533 copiose.
2392 4468 2441 4517 in
2512 4474 2821 4532 peceatores
2885 4464 3139 4527 cffundis,
3192 4466 3317 4517 dum
3350 4465 3453 4518 fer-

225 4558 352 4608 dum
402 4572 503 4619 ego
556 4558 626 4608 ita
669 4572 879 4607 mecum
926 4554 1126 4623 rogito,
1161 4557 1284 4624 quis
1318 4559 1631 4610 tandemilli
1668 4574 1791 4625 pro-
1828 4576 1870 4629 ι)
1902 4568 2089 4612 venter
2143 4566 2309 4620 agunt
2352 4557 2746 4624 poniitentiam,
2798 4572 3000 4625 eosque
3053 4572 3271 4624 purgas,
3305 4568 3355 4607 et
3390 4559 3453 4607 il-

225 4644 347 4709 pior
392 4643 531 4693 fiet?
580 4638 813 4709 ant'qna
846 4644 1055 4695 ratione
1118 4643 1171 4694 in
1233 4645 1577 4697 altitudinem
1614 4647 1795 4699 infini—

223 4744 334 4784 tazn
368 4734 719 4787 elevabitur?
766 4734 883 4801 ipse
914 4736 1053 4786 intra
1104 4750 1188 4787 mc
1228 4738 1401 4795 adest,
1426 4746 1476 4789 et
1516 4738 1565 4788 in
1600 4739 1797 4791 miseio

225 4824 393 4877 corde
434 4838 555 4875 meo
582 4832 856 4885 coruscat,
902 4825 1138 4891 undique
1173 4840 1255 4877 me
1304 4826 1589 4879 immortali
1618 4829 1799 4895 Splen-

225 4916 357 4968 dore
391 4915 760 4973 convestiens,
799 4924 1065 4967 etcuncta
1102 4916 1338 4967 membra
1365 4919 1793 4983 meairradians,

222 5014 400 5060 totum
419 5021 505 5059 me
522 5006 1168 5073 complectens,osculum
1190 5019 1359 5061 totum
1381 5008 1696 5075 itiipertit,et
1714 5020 1795 5065 to-

222 5102 337 5149 tum
362 5110 422 5147 se
442 5095 570 5146 mihi
587 5096 808 5165 indigno
829 5095 1001 5163 dat,et
1017 5098 1136 5164 ejus
1152 5098 1414 5150 cbaritate
1435 5100 1794 5166 pulchritudi-

224 5202 401 5256 neque
440 5186 635 5251 satior,
676 5188 1087 5255 divinitatisque
1121 5191 1394 5255 voluptate
1434 5190 1793 5246 ctdulcediue

224 5277 519 5344 compleor.
554 5275 831 5345 Particeps
878 5277 1118 5342 luminis,
1162 5282 1435 5349 particeps
1481 5283 1546 5335 tio
1581 5284 1788 5349 gloriie,

223 5374 271 5417 et
312 5367 624 5434 resplendet
645 5368 811 5421 facies
832 5384 947 5420 mea
974 5370 1427 5438 quemadmodum
1447 5372 1689 5441 ejus,qui
1710 5386 1792 5427 est

228 5457 557 5510 desiderium
579 5475 781 5523 meum,
801 5468 854 5513 et
872 5464 1051 5515 omnia
1074 5461 1310 5513 membra
1332 5476 1447 5515 mea
1460 5468 1788 5531 clarescunt,

231 5550 609 5618 speciosisque
653 5553 957 5619 speciosior
986 5564 1113 5608 tunc
1152 5558 1239 5620 tio,
1266 5558 1521 5613 divitibus
1546 5560 1787 5621 divitior,

232 5643 543 5707 potentibus
595 5646 852 5698 OlllllII'tlS
915 5649 1205 5713 potentior,
1266 5659 1317 5703 rt
1369 5652 1585 5719 regibus
1619 5652 1788 5719 major

232 5748 369 5795 sum,
424 5742 480 5786 et
539 5738 911 5789 honorabilior
953 5740 1107 5805 longe
1166 5742 1577 5811 quibuscnnque
1659 5743 1788 5799 visi-

234 5823 448 5887 bilibtzs,
516 5842 622 5878 non
655 5840 792 5880 terra
852 5831 1013 5883 modo
1044 5841 1089 5884 Ct
1132 5846 1317 5885 eorum
1373 5849 1487 5901 qum
1522 5836 1571 5887 in
1605 5837 1778 5896 terris,

1901 4651 2158 4711 luminas,
2208 4660 2259 4701 et
2300 4650 2521 4700 luminis
2572 4649 2883 4717 participes,
2936 4657 2988 4701 et
3022 4650 3323 4702 divinitatis
3351 4657 3454 4699 tur

1898 4749 2180 4793 consortes
2261 4738 2445 4802 eﬂieis,
2511 4748 2564 4790 et
2646 4739 2926 4801 carneis
3025 4739 3165 4791 haud
3272 4740 3448 4798 aliter.

1898 4846 2061 4900 quam
2139 4845 2259 4883 eum
2340 4830 2567 4883 sinct'ris
2660 4830 2849 4886 amicis
2936 4831 3194 4897 versaris,
3290 4842 3450 4899 atque

1897 4923 2246 4989 Colloqueris.

1966 5014 2010 5068 Ο
2047 5016 2389 5069 clementiam
2431 5014 2721 5079 infinitam,
2770 5031 2802 5070 ο
2846 5015 3165 5070 cliaritatem
3207 5014 3453 5069 ineffabi-

1898 5107 2000 5155 lem
2037 5104 2049 5155 !
2104 5102 2310 5156 Idcirco
2348 5114 2473 5157 ante
2506 5112 2556 5157 te
2595 5104 2648 5157 in
2679 5120 2850 5171 genua
2888 5105 3129 5172 procido,
3180 5114 3227 5157 et
3257 5120 3450 5173 magno

1894 5203 1947 5247 te.
1982 5196 2218 5248 clamore
2266 5197 2471 5263 appello
2502 5212 2514 5248 :
2551 5196 2688 5247 sicut
2730 5196 3009 5263 prodigum
3036 5204 3086 5248 et
3112 5196 3447 5250 meretricem

1896 5286 1959 5336 ad
2021 5295 2071 5337 te
2116 5286 2432 5337 accedentes
2492 5285 2543 5337 in
2616 5287 2840 5353 gratiam
2910 5286 3179 5354 recepisti,
3244 5288 3314 5340 ita
3362 5302 3447 5340 me

1902 5376 2104 5443 recipe,
2165 5376 2474 5428 misericors
2530 5376 2797 5439 Salvator,
2850 5378 3196 5445 pcenitentem
3231 5394 3295 5431 ex
3326 5380 3444 5431 ani-

1898 5484 2006 5529 mo,
2062 5478 2115 5519 et
2165 5468 2431 5536 lacrymas
2504 5483 2650 5523 meas
2708 5477 2763 5521 ut
2809 5485 2837 5523 e
2883 5469 3029 5524 fonte
3101 5472 3442 5524 continenter

1895 5560 2159 5614 stillantes
2211 5574 2318 5611 non
2353 5568 2690 5627 aspernatus,
2737 5561 2895 5615 ablue
2970 5577 3064 5630 per
3098 5562 3217 5615 illas
3250 5563 3443 5615 animai

1895 5666 2045 5713 turre,
2098 5650 2255 5702 ablue
2312 5652 2576 5719 corporis,
2642 5666 2776 5720 quas
2840 5668 2902 5706 ex
2955 5653 3187 5705 motibus
3219 5668 3324 5704 non
3355 5667 3443 5703 re.-

1892 5740 1996 5792 ctis
2030 5740 2273 5791 contraxi
2315 5739 2571 5793 IllaClIIaS.
2613 5738 2741 5793 lillue
2790 5756 3001 5809 quoque
3037 5752 3131 5792 cor
3165 5755 3341 5793 meum
3371 5740 3441 5792 ab

1893 5830 2037 5882 omni
2071 5831 2330 5897 nequitia.
2361 5827 2490 5883 Illud
2555 5830 2820 5901 siquidem
2876 5831 3023 5887 radix
3086 5839 3138 5884 et
3172 5830 3290 5882 fons
3319 5842 3441 5891 pec-
