4170 6452
770 400 876 459 535

1995 408 2352 467 SlMEONlS
2394 408 2763 473 JUNIORIS

3917 416 4019 479 £135

764 511 867 562 cati
900 519 1005 564 est.
1055 511 1303 581 Nequitia
1352 515 1476 567 mali
1538 516 1882 573 seminator-is
1912 521 2110 573 malum
2150 536 2333 574 semen
2368 527 2411 579 Α
2439 533 2495 575 et
2541 539 2760 577 rursum
2804 525 2923 577 sine
2952 523 3148 578 timore
3195 524 3248 577 in
3300 524 3479 577 anima
3540 540 3647 579 non
3678 526 4021 600 progignitur

774 602 886 656 vilic
923 605 1213 670 germinat,
1248 613 1304 659 et
1347 607 1401 659 in
1435 609 1599 659 altum
1644 624 1920 677 crescens,
1955 627 2139 666 ramos
2167 615 2340 682 pluri-

769 705 886 743 mos
934 692 1300 760 improbitatis
1362 710 1425 749 ac
1469 698 1787 755 vitiositatis
1856 704 2132 771 producit.
2169 704 2341 773 Hujus

765 783 979 838 radices
1012 787 1259 843 funditus
1310 790 1504 852 evelle.
1560 790 1777 846 Christe
1856 809 2036 859 nteus,
2074 797 2343 851 etanimze

764 878 1145 940 atquecordis
1177 880 1281 935 mei
1322 882 1555 952 agellum
1588 899 1778 953 purga,
1816 895 1869 940 et
1903 889 2151 941 timorem
2187 897 2342 945 tuum

767 965 875 1020 illis
927 969 1131 1035 insere,
1184 980 1237 1025 et
1273 971 1337 1025 da
1373 984 1430 1026 ut
1476 977 1687 1030 radices
1714 985 1860 1042 agat,
1907 993 1970 1034 ac
2027 980 2339 1049 repullulet,

764 1060 912 1112 utin
946 1060 1183 1116 sublime
1273 1074 1553 1120 excrescat
1627 1071 1877 1123 custodia
1956 1072 2339 1127 mandatorum

766 1158 1008 1214 tuorum,
1041 1152 1171 1206 dum
1226 1154 1280 1208 in
1330 1155 1494 1210 horas
1542 1160 1790 1227 appouis,
1847 1161 2228 1233 adbibitasque
2267 1164 2344 1215 la—

764 1257 982 1311 crymas
1016 1259 1165 1325 meas
1196 1245 1416 1303 fluentis
1467 1252 1805 1308 scatentibns
1840 1269 2004 1324 auges
2034 1272 2048 1310 :
2080 1272 2189 1324 quo
2218 1255 2342 1311 inde

763 1334 1050 1405 irrigatus.
1108 1340 1481 1411 maximopere
1561 1343 1955 1401 incrementum
2031 1348 2229 1417 capiat,
2290 1358 2341 1402 et

764 1436 1030 1507 quantum
1074 1433 1469 1493 corroboratur
1532 1446 1587 1491 et
1623 1438 1913 1505 attollitur,
1974 1450 2187 1495 tantum
2243 1458 2343 1511 pro

766 1529 884 1572 rata
922 1530 1076 1589 parte
1109 1526 1388 1584 humilitas
1437 1545 1560 1585 cum
1608 1547 1672 1586 eo
1710 1542 1987 1601 angescat,
2021 1537 2106 1589 cui
2138 1536 2339 1588 turbidi

768 1626 952 1671 motus
981 1632 1173 1674 omnes
1224 1621 1449 1688 cedunt,
1499 1633 1551 1677 et
1585 1641 1707 1680 cum
1757 1627 1825 1681 iis
1865 1629 2172 1684 daemonum
2206 1632 2341 1700 pha-

765 1706 890 1760 lanx
932 1711 1231 1779 repellitur,
1282 1729 1443 1782 quam
1499 1720 1730 1773 virtutes
1783 1722 2075 1789 universae,
2146 1733 2205 1779 ut
2257 1741 2343 1780 rc-

764 1799 970 1865 ginam,
1045 1803 1410 1871 circumdare,
1478 1818 1530 1864 et
1606 1822 1866 1881 tanquam
1940 1818 2221 1885 custodes,
2291 1830 2344 1875 et

766 1894 978 1956 amicae,
1013 1904 1066 1949 et
1096 1896 1310 1952 famulae
1384 1900 1658 1958 dominam
1715 1909 1963 1962 comitari
2019 1923 2330 1969 cernuntur.

764 1984 862 2037 llis
908 1995 1087 2040 autem
1154 1996 1499 2062 congregatis
1554 2004 1606 2050 et
1644 2001 2001 2069 consociatis,
2047 2004 2101 2057 in
2163 2006 2340 2060 medio

766 2091 955 2130 earum
992 2080 1139 2134 velut
1172 2084 1336 2138 arbor
1367 2102 1528 2141 secus
1581 2089 1853 2147 decursus
1885 2109 2148 2165 aquarum
2183 2098 2335 2167 plan-

767 2172 977 2225 tatus"
1028 2174 1196 2230 timor
1250 2187 1376 2233 tuus
1460 2182 1775 2250 eﬂlorescit,
1829 2197 1883 2241 et
1941 2192 2147 2246 sensim
2202 2192 2336 2246 mihi

767 2260 953 2314 ﬂorem
992 2279 1192 2319 novum
1271 2271 1533 2327 ostendit.
1603 2273 1811 2330 Novum
1882 2278 2018 2344 dixi,
2078 2283 2337 2352 quoniam

764 2363 963 2407 natura
1014 2359 1196 2413 omnis
1245 2365 1544 2418 secundum
1599 2381 1772 2435 genus
1829 2384 1990 2424 suum
2061 2374 2221 2441 parit,
2287 2382 2340 2428 et

767 2448 1026 2503 arborum
1090 2454 1332 2508 omnium
1388 2473 1572 2513 semen
1625 2462 1925 2517 secundum
1976 2480 2145 2535 genus
2178 2483 2337 2522 suum

769 2542 822 2591 in
879 2556 1210 2614 unaquaque
1241 2546 1403 2603 inest.
1453 2549 1639 2605 Timor
1680 2563 1864 2608 autem
1901 2564 2048 2623 tuus,
2075 2568 2127 2613 et
2152 2559 2338 2616 llorem

767 2649 922 2689 novre
956 2639 1242 2705 cujusdam
1274 2651 1500 2707 naturae,
1547 2655 1599 2698 et
1644 2648 1884 2702 fructum
1936 2667 2088 2721 mque
2116 2669 2338 2720 novum,

766 2738 819 2780 et
855 2742 882 2781 a
917 2744 977 2784 se
1013 2731 1252 2787 alienum
1301 2736 1545 2792 exhibet.
1582 2736 1678 2795 Est
1735 2757 1968 2812 namque
2030 2747 2191 2801 timor
2242 2764 2339 2803 sua

769 2826 963 2873 natura
997 2824 1250 2880 maeroris
1284 2827 1499 2895 plenus,
1535 2839 1588 2885 et
1619 2846 1647 2885 a
1683 2847 1743 2888 se
1780 2846 2100 2907 occupatos,
2128 2854 2343 2912 semper

770 2920 967 2965 moesto
1006 2914 1181 2980 vultu,
1247 2922 1657 2993 contractisque
1717 2930 2032 2997 superciliis
2083 2933 2341 2990 incedere

769 3000 921 3070 facit,
953 3012 1211 3075 tanquam
1247 3026 1451 3074 servos.
1501 3024 1758 3085 tanquam
1810 3021 1995 3077 multis
2025 3025 2340 3081 verberibus

769 3095 983 3164 dignos,
1028 3109 1285 3171 tanquam
1324 3105 1375 3158 in
1431 3107 1592 3163 horas
1631 3112 1873 3167 exscindi
1903 3131 1960 3171 se
1989 3132 2016 3169 a
2050 3128 2219 3173 flltl‘lc
2250 3136 2341 3176 ex-

2449 614 2535 667 bic
2568 614 2797 669 fructus.

2519 704 2659 763 Vere
2710 708 2969 777 quiddam
3022 708 3353 774 mirabilius,
3423 724 3588 778 quam
3663 711 4018 782 cogitatione.

2446 799 2646 854 nedum
2696 814 2952 855 sermone
3003 802 3181 870 possis
3226 802 3471 871 assequi,
3542 803 3795 856 arborem
3839 805 4022 859 labore

2447 893 2645 946 cultam
2720 892 3030 957 norescm'e,
3108 905 3162 950 et
3236 897 3470 948 fructum
3546 895 3711 963 ferre,
3780 896 4018 951 fructum

2448 994 2628 1037 autem
2672 992 2838 1038 totam
2871 985 3118 1039 arborem
3150 985 3408 1039 radicitus
3436 987 3761 1057 exstirpare,
3812 988 4023 1040 solum.

2445 1092 2552 1144 que
2587 1077 2823 1131 fructum
2856 1093 3201 1147 permanere.
3244 1079 3364 1145 Quo
3398 1076 3555 1148 pacto
3574 1079 3784 1135 fructus
3810 1080 4021 1150 absque

2447 1170 2641 1224 arbore
2667 1171 2759 1234 sit,
2788 1170 3064 1239 esplicare
3095 1186 3324 1239 prorsus
3352 1188 3589 1243 nequeo.
3630 1174 3815 1230 Manet
3835 1185 4018 1229 tamen

2446 1271 2500 1317 ct
2553 1271 2635 1316 est
2666 1261 2844 1317 ta'men
2886 1264 3131 1318 cbaritas
3192 1264 3311 1319 sine
3347 1266 3565 1330 timore,
3621 1282 3685 1320 ex
3736 1282 3847 1339 quo
3900 1276 4020 1321 tan-

2446 1367 2609 1423 quam
2673 1364 2899 1423 parente
2951 1354 3230 1424 proﬂuxit.
3281 1356 3533 1411 Charitas
3580 1357 3749 1426 igitur
3799 1373 4017 1412 omnem

2446 1448 2696 1516 profecto
2748 1448 2799 1500 in
2845 1464 2904 1502 se
2937 1449 3176 1502 la'titiam
3214 1452 3479 1515 continet,
3514 1461 3567 1504 et
3599 1451 4016 1520 gaudiojucun-

2445 1537 2717 1607 dilatoque
2738 1554 2797 1593 se
2814 1540 3102 1595 habentem
3120 1544 3386 1605 cumulat,
3410 1542 3679 1611 efficitque
3714 1553 3771 1595 ιιι
3791 1558 3849 1595 se
3870 1554 4017 1597 extra

2447 1632 2711 1684 mundum
2763 1647 2884 1686 esse
2943 1634 3162 1697 sentiat,
3198 1648 3318 1701 qua:
3368 1632 3598 1687 facultas
3648 1633 3699 1685 in
3772 1634 4017 1684 timorem

2448 1724 2763 1792 neutiquam
2800 1725 2966 1778 cadit.
3002 1723 3135 1778 Nam
3167 1741 3289 1779 eum
3344 1726 3390 1780 is
3427 1727 3567 1778 intra
3639 1742 3700 1779 ea
3750 1727 3842 1789 sit,
3903 1742 4023 1794 qua:

2448 1820 2565 1874 visu
2621 1820 2938 1887 exterisque
2995 1822 3248 1876 sensibus
3299 1824 3693 1892 percipiuntur,
3725 1823 4019 1892 quomodo,

2450 1927 2651 1980 qna-so,
2712 1910 2992 1965 timentem
3074 1913 3263 1982 procul
3338 1913 3406 1967 ab
3470 1914 3553 1968 his
3595 1915 3910 1981 sejungere,
3972 1923 4023 1964 et

2448 2004 2566 2073 ejus
2634 2004 3266 2067 sensum)omnimodis
3341 2019 3466 2059 cum
3536 2005 4021 2076 inaspectahilibus

2448 2100 2805 2169 conjungere,
2880 2114 2943 2152 ac
2991 2099 3271 2154 devincire
3326 2100 3432 2153 ulla
3495 2101 3706 2154 ratione
3781 2096 4023 2152 valebit?

2448 2193 2868 2254 Cteterumllos.
2924 2203 2977 2246 et
3009 2192 3243 2255 fructus,
3316 2209 3477 2262 quem
3542 2194 3705 2245 timor
3777 2199 4018 2256 generat,

2449 2287 2709 2347 charitas,
2752 2288 2995 2354 inquam,
3035 2300 3102 2338 an
3132 2286 3247 2339 lucc
3274 2286 3469 2349 valeat,
3509 2285 3692 2345 velim.
3731 2286 3834 2338 ais.
3863 2298 4021 2337 nosse

2449 2380 2760 2450 perspicue.
2816 2380 3059 2448 Exprimi
3135 2379 3247 2431 haec
3312 2388 3616 2446 nequeunt,
3676 2386 3734 2430 ιιι
3794 2376 4022 2429 allirtna-

2450 2474 2967 2527 vizverumtamcn
3044 2471 3267 2526 adverte
3354 2473 3619 2537 animum,
3702 2480 3757 2525 et
3850 2478 3902 2523 te
3932 2470 4023 2522 do~

2448 2566 2608 2623 cebO.

2523 2659 2752 2713 Divinus
2816 2656 3057 2726 Spiritus
3134 2664 3218 2712 est
3269 2656 3535 2717 cbaritas,
3596 2657 3783 2708 lumen
3837 2656 4021 2709 omnia

2449 2766 2710 2821 operans,
2751 2757 2804 2803 et
2860 2748 3165 2802 illustrans.
3224 2746 3611 2801 Verumtamen
3689 2746 3939 2799 nonest
3993 2759 4021 2798 e

2451 2840 2675 2902 mundo,
2713 2854 2890 2907 neque
2951 2838 3177 2892 omnino
3236 2836 3441 2905 aliquid
3498 2834 3708 2898 mundi,
3748 2848 4021 2888 net-crea-

2450 2939 2593 2995 tura,
2636 2930 2763 2999 quia
2800 2929 3119 2987 increatum.
3198 2935 3249 2981 et
3300 2934 3453 2980 extra
3490 2934 3773 2978 creaturas
3809 2922 4025 2976 univer-

2450 3037 2565 3087 sas,
2597 3031 2649 3075 et
2676 3022 2743 3074 ab
2770 3020 3023 3075 omnibus
3048 3028 3383 3088 separatum,
3417 3019 3717 3071 increatum
3747 3016 3803 3069 in
3841 3015 4017 3068 medio

2449 3126 2777 3171 creatorum.
2846 3113 3107 3180 Intellige,
3164 3112 3261 3181 fili,
3285 3112 3412 3179 quid
3474 3110 3619 3165 dico.
3660 3109 3774 3163 lloc
3816 3109 4025 3161 increa-

769 3198 1078 3252 spectantes
1109 3210 1123 3259 ;
1166 3203 1219 3247 et
1252 3195 1443 3251 falcem
1487 3202 1705 3269 quidem
1748 3206 1894 3261 illius
1932 3209 2199 3277 videntes,
2226 3229 2342 3267 mo.
2370 3215 2413 3272 C
2449 3217 2563 3259 tum
2592 3218 2872 3273 nunquam
2915 3202 3087 3257 creari
3116 3210 3315 3271 potest.
3346 3201 3600 3254 Attamen
3618 3200 3662 3253 si
3682 3199 3828 3259 velit,
3863 3198 4021 3250 etiam

772 3290 1015 3336 mentum
1079 3301 1209 3339 vero
1255 3289 1608 3359 ignorantes;
1671 3312 1769 3351 nec
1843 3312 1993 3367 spem
2055 3303 2340 3367 habentes.

773 3388 871 3423 nec
906 3374 1116 3442 plenam
1170 3379 1326 3434 ﬁdem
1380 3384 1635 3451 perfecta:
1685 3390 1892 3455 veniat;
1927 3392 2019 3445 sed
2051 3400 2343 3451 trementes

776 3466 935 3517 ﬁnem
968 3476 1018 3519 ct
1058 3467 1249 3537 judicii
1282 3474 1430 3531 illius
1466 3481 1814 3545 sententiam,
1848 3492 1909 3536 ut
1940 3483 2196 3540 incertam
2226 3489 2345 3542 ani-

778 3555 882 3608 mis
926 3570 991 3611 ac
1021 3563 1279 3614 memoria
1318 3563 1785 3627 circumferentes.
1828 3570 1953 3627 Flos
1992 3575 2156 3642 igitur
2180 3594 2340 3645 quem

773 3647 925 3701 ell'eit
990 3652 1170 3720 specie.
1200 3662 1284 3707 est
1343 3657 1747 3728 inexplicabili;
1803 3666 1896 3719 sed
1931 3668 2111 3722 minus
2161 3678 2341 3727 tamen

774 3738 971 3795 modus
1020 3744 1138 3813 ejus
1181 3746 1439 3812 explicari
1502 3761 1698 3820 potest.
1737 3752 1872 3809 Nam
1929 3758 2058 3813 dum
2106 3764 2344 3832 erumpit

774 3830 1018 3896 videtur;
1056 3836 1752 3913 sedstatimabsconditur,
1783 3848 1928 3917 quod
1964 3866 2064 3905 nec
2098 3830 2343 3910 naturale

776 3937 873 3974 "CC
922 3939 1266 3996 consequens
1331 3941 1436 3998 (⁸81,
1514 3950 1703 3989 verum
1793 3948 2002 3995 natura:
2090 3954 2339 3998 naturam

775 4014 1213 4073 conditionemve
1237 4032 1482 4091 superat,
1518 4035 1883 4099 naturamque
1914 4048 2129 4087 omnem
2162 4043 2343 4092 trans-

774 4105 988 4159 cendit.
1065 4106 1350 4180 Paulisper
1412 4120 1663 4171 cernitur
1732 4120 1832 4177 llos
1881 4131 1988 4176 tam
2046 4124 2341 4193 formosus,

775 4211 940 4262 quam
974 4202 1156 4255 verbis
1204 4207 1370 4260 nullis
1403 4204 1670 4264 declarari
1726 4223 1911 4283 queat,
1948 4224 2001 4271 et
2031 4219 2094 4271 ad
2126 4236 2183 4275 se
2214 4237 2345 4275 con-

779 4291 1147 4354 templandam
1203 4298 1346 4367 rapit
1378 4311 1613 4356 mentem
1676 4321 1875 4372 meam,
1924 4324 2025 4364 nec
2066 4313 2342 4382 quidpiam

778 4397 966 4435 eorum
999 4391 1310 4445 meminisse
1358 4395 1510 4455 sinit.
1564 4412 1683 4466 qua:
1730 4400 1893 4453 timor
1955 4405 2219 4473 suggerit,
2250 4407 2343 4460 sed

779 4477 1022 4529 omnium
1084 4482 1214 4534 mihi
1277 4494 1387 4537 tum
1448 4488 1772 4544 oblivionem
1830 4494 2077 4559 inducit,
2115 4505 2167 4550 et
2204 4510 2345 4550 actu-

2457 3300 2559 3352 boc
2597 3298 2774 3351 facere
2814 3304 3016 3365 potest,
3041 3295 3268 3355 scilicet,
3304 3301 3631 3346 utcreatura
3662 3294 3773 3343 tiat.
3816 3287 4024 3343 Etenim

2453 3389 2714 3451 Verbum,
2746 3388 2951 3456 Spiritu
3008 3394 3364 3455 cooperante,
3400 3393 3452 3440 et
3478 3383 3636 3437 Patre
3687 3382 3761 3435 ita
3792 3382 4024 3441 volente,

2453 3485 2657 3537 nullam
2696 3482 2781 3535 sui
2821 3481 3178 3533 mutationem
3250 3492 3491 3547 passum,
3523 3476 3800 3528 hominem
3830 3474 4026 3535 induit,

2451 3574 2657 3643 quique
2692 3581 2813 3627 erat
2868 3580 3065 3625 natura
3110 3568 3251 3623 Deus
3330 3568 3630 3629 increatus,
3686 3567 3849 3619 modo
3899 3567 4030 3619 inel-

2453 3668 2601 3722 faliili
2640 3674 2894 3719 creatura
2971 3665 3151 3716 factus
3202 3673 3306 3725 est,
3371 3670 3527 3715 eteo
3581 3659 3726 3728 quod
3804 3674 4027 3712 assum-

2454 3777 2517 3832 ps
2554 3769 2636 3812 rat
2662 3757 2933 3818 deificato,
2986 3756 3227 3808 ostendit
3267 3753 3399 3808 mihi
3450 3752 3646 3822 duplex
3705 3752 4027 3804 miraculum

2453 3853 2716 3906 ambabus
2757 3848 3149 3911 funt-tionibus,
3201 3855 3256 3899 et
3319 3845 3696 3897 voluntatibus
3752 3842 4027 3899 similiter.

2454 3945 2799 4005 visibilem,et
2820 3939 3266 4008 invisibilem,qni
3298 3938 3492 3992 teneri.
3516 3952 3613 3990 nec
3634 3934 3809 3990 teneri
3826 3936 4027 4005 possit:

2452 4037 2617 4106 etqui
2672 4035 2966 4104 apparebat
3015 4040 3075 4086 ut
3103 4043 3349 4085 creatura
3386 4031 3438 4083 in
3483 4028 3659 4082 medio
3743 4040 4030 4080 creatura-

2455 4144 2572 4182 rtun
2619 4126 2887 4189 onmium,
2926 4133 2985 4178 ut
3039 4138 3146 4177 non
3208 4130 3459 4175 creatura
3527 4118 3863 4188 disparebat,
3893 4119 4030 4172 sicut

2453 4220 2530 4275 illi
2585 4219 2866 4288 putabant.
2908 4218 2976 4268 At
3052 4215 3200 4269 enim
3261 4214 3575 4281 neutiquam
3620 4211 4030 4272 evaneseebat;

2452 4314 2545 4368 sed
2594 4315 2647 4365 in
2701 4310 2880 4364 medio
2946 4305 3191 4360 omnium
3252 4314 3624 4360 creaturarum
3680 4303 4030 4358 sensibilium

2454 4416 2678 4463 exstans
2719 4402 2978 4465 Verbum,
3032 4414 3155 4453 cum
3202 4412 3267 4451 eo
3323 4396 3468 4466 quod
3502 4404 3883 4465 assumpserat
3942 4410 4031 4449 co-

2456 4502 2722 4571 pulatum,
2776 4504 2834 4547 ut
2908 4502 3160 4547 creatura
3220 4504 3326 4543 non
3392 4488 3739 4543 cernebatur.
3804 4489 4034 4542 Assum-

782 4578 896 4620 tum
951 4571 1150 4626 avolat.
1203 4574 1280 4628 lta
1324 4577 1486 4631 atber
1520 4582 1733 4638 timoris
1780 4584 1973 4639 iterum
2010 4586 2140 4641 llore
2181 4589 2352 4647 desti-
2384 4570 2430 4629 ί)
2460 4570 2607 4664 ptam
2644 4599 2823 4643 autem
2868 4591 3175 4640 creaturam
3235 4580 3442 4642 celans.
3488 4591 3577 4634 aut
3609 4581 3664 4634 in
3716 4580 3954 4633 sublime
3983 4581 4031 4631 io

786 4662 973 4726 tuitur,
1009 4674 1062 4716 et
1094 4680 1193 4735 ego
1257 4669 1309 4721 in
1379 4671 1657 4726 tristitiam
1725 4675 1886 4730 datus
1932 4677 2250 4747 ingemisco,
2301 4688 2355 4734 et

782 4754 846 4804 ad
892 4764 941 4804 te.
982 4755 1230 4824 impense
1284 4759 1549 4829 clamans,
1618 4763 1803 4819 ﬂorem
1860 4766 2041 4821 denuo
2100 4770 2153 4824 in
2188 4773 2354 4828 ramis

782 4845 1086 4911 conspicio,
1122 4858 1176 4902 et
1226 4852 1419 4917 oculis,
1471 4870 1503 4905 ο
1550 4855 1766 4910 Christe
1799 4873 1973 4926 mens,
2033 4862 2086 4913 in
2141 4877 2206 4917 eo
2236 4865 2355 4919 solo

785 4937 1020 5003 deﬁxus,
1070 4956 1175 4994 non
1232 4949 1359 4997 tunc
1418 4946 1670 4999 arborem
1720 4947 1899 5014 video,
1958 4951 2053 5005 sed
2107 4954 2354 5009 crebrius

786 5028 970 5081 liorem
1030 5032 1323 5086 enitentem
1378 5047 1427 5088 ct
1465 5053 1550 5091 me
1601 5047 1717 5092 toto
1790 5056 1915 5095 cum
1958 5042 2231 5097 desiderio
2286 5045 2352 5099 ad

786 5137 844 5174 se
894 5120 1195 5177 trahentem
1251 5127 1485 5192 intueor,
1559 5131 1650 5200 qui
1728 5135 1944 5188 tandem
2002 5136 2056 5189 in
2117 5136 2353 5191 fructum

785 5213 1070 5270 rbatitatis
1105 5232 1518 5277 consummatur
1549 5240 1611 5278 ac
1646 5225 1868 5282 desinit.
1923 5226 2091 5282 Porro
2132 5228 2219 5283 hic
2244 5230 2359 5283 fru-

788 5316 911 5360 etus
968 5309 1038 5359 ab
1086 5310 1282 5364 arbore
1332 5315 1547 5369 timoris
1598 5320 1803 5386 portari
1855 5334 1916 5375 se
1951 5336 2057 5375 non
2113 5321 2358 5390 patitur;

790 5401 883 5459 sed
923 5401 1057 5457 bene
1105 5404 1220 5471 jam
1276 5417 1545 5471 maturus,
1597 5410 1805 5481 absque
1831 5412 2027 5468 arbore
2078 5416 2357 5470 cernitur:

791 5493 941 5545 nullo
998 5497 1140 5549 enim
1178 5501 1339 5552 modo
1397 5502 1560 5555 timor
1612 5504 1664 5557 in
1722 5504 1993 5560 cltaritate
2063 5510 2355 5576 reperitur,

863 5630 905 5660 "
942 5629 1082 5687 Psal.
1130 5647 1169 5693 ι,
1198 5636 1246 5687 5.

862 5789 972 5849 (20)
1014 5792 1421 5859 Intelligendum
1455 5805 1532 5848 est
1569 5796 1668 5849 hoc
1701 5797 1766 5849 de.
1795 5796 2014 5852 Christo
2049 5804 2344 5858 secundum

788 5860 1026 5914 dmnam
1063 5874 1345 5929 naturam;
1380 5871 1530 5936 quod
1558 5870 1776 5934 planum
1807 5870 1862 5922 ﬁt
1915 5886 1977 5923 ex
2021 5875 2194 5926 verbis
2223 5890 2357 5941 pia:-

2460 4681 2687 4755 gloriam
2737 4695 2916 4742 suam,
2961 4691 3083 4747 qua:
3152 4673 3565 4741 intelligentiam
3656 4681 3905 4725 nostram
3948 4687 4033 4722 ex-

2462 4775 2627 4835 cedit,
2675 4771 2935 4827 evehens.
3000 4767 3147 4820 illico
3237 4763 3704 4822 abscondebatur,
3806 4760 3909 4813 hoc
3960 4759 4034 4812 illi

2461 4866 2716 4921 dicebant
2768 4859 3059 4915 evanuisse
3134 4856 3479 4918 Dominum;
3540 4853 3632 4905 sed
3692 4866 3806 4904 rem
3875 4866 3940 4903 ex
3980 4864 4042 4903 se

2450 4959 2737 5014 metientes
2793 4952 2973 5019 plane.
3035 4950 3263 5003 Creator
3324 4946 3469 5001 enim
3551 4943 3825 5003 omnium,
3862 4941 3955 5010 qui
4005 4959 4034 4997 a

2454 5048 2667 5105 nemine
2689 5046 2807 5114 capi
2832 5051 3029 5113 potest.
3059 5052 3138 5103 et,
3168 5050 3227 5093 ut
3255 5038 3420 5099 Deus.
3446 5036 3628 5105 implet
3656 5035 3865 5095 omnia,
3900 5048 4039 5102 quc-

2455 5142 2616 5196 modo
2662 5140 2818 5191 aliter
2878 5131 3296 5189 occultaretur?
3376 5128 3514 5182 Num
3594 5125 3888 5178 Dominum
3972 5123 4036 5177 de

2465 5236 2589 5288 loco
2623 5232 2677 5285 in
2719 5231 2898 5283 locum
2958 5226 3123 5280 alium
3168 5222 3514 5284 translatum,
3572 5227 3629 5272 et
3680 5226 3755 5270 tta
3807 5217 3877 5268 ab
3906 5231 4037 5270 ocu-

2467 5325 2535 5381 lis
2573 5324 2947 5395 apostolorum
2998 5319 3241 5374 ablatum
3318 5315 3473 5369 dices
3508 5311 3671 5383 (‘20)?
3732 5311 3923 5380 Apage
3973 5322 4039 5361 ne

2466 5434 2529 5473 ex
2566 5414 2866 5484 ignorantia
2904 5412 2956 5465 in
2998 5407 3390 5479 blasphemiam
3414 5404 3647 5460 incidas.

2535 5508 2675 5563 Audi
2712 5519 2841 5560 vero
2878 5502 3161 5559 charitatis
3211 5499 3423 5566 eﬂ'ecta,
3487 5500 3532 5555 si
3570 5499 3773 5568 placet.
3812 5506 3867 5553 et
3900 5510 4034 5569 quo-

2454 5804 2817 5857 rcdentibus:
2861 5802 3081 5857 Crantor
3128 5803 3266 5856 enim
3314 5805 3568 5861 omnium.
3605 5804 3695 5870 qui
3751 5820 3780 5855 ιι
3834 5801 4036 5854 nemine

2468 5876 2582 5940 rapi
2606 5884 2792 5941 potest,
2828 5888 2872 5928 et
2904 5885 2955 5925 ut
2989 5874 3122 5926 licus
3150 5877 3327 5937 ample:
3360 5877 3555 5937 omnia,
3590 5873 3851 5941 quomodo
3890 5873 4041 5922 aliter
