4170 6452
192 412 299 479 53Ἱ

1266 416 1709 479 Dll’lNORUM
1747 418 1957 479 ΑΜΟΗ
1971 422 2079 482 UM
2114 422 2368 485 LillEll.

3346 423 3452 489 538

190 527 354 583 modo
399 542 460 580 ea
506 528 678 597 major
729 530 795 584 sit
864 530 1139 594 omnibus.
1182 546 1506 603 cognosces.
1557 533 1768 599 Quibus
1796 533 1846 592 A
1873 549 1978 595 tem
2010 541 2277 595 imbellem
2315 538 2532 609 repulit,
2565 537 2935 593 fortitudinem
2969 536 3180 602 indidit,
3210 551 3447 595 mentem

187 621 499 673 amamus}
530 621 669 675 Num
701 632 751 676 le
794 626 923 677 latet
983 626 1116 679 illud
1165 627 1409 695 Apostoli
1436 629 1501 693 ",
1536 629 1773 684 dicentis

187 713 377 780 potius
407 728 531 766 esse
565 712 884 767 charitaletn
914 716 1136 780 habere,
1165 732 1329 786 quam
1385 718 1536 787 loqui
1572 718 1773 788 linguis

189 803 535 869 angelorum,
568 813 623 858 ct
679 805 879 859 habere
930 822 1147 860 onmem
1201 809 1445 862 omnium
1493 810 1771 864 hominum

187 898 373 962 ﬁdem,
445 898 516 952 ita
575 909 633 952 ut
694 908 908 955 montes
962 903 1288 966 transferas,
1343 918 1506 957 nosse
1553 918 1771 958 omnem

185 992 501 1057 scientiam,
526 1001 581 1045 et
611 991 957 1063 abditissima
990 996 1398 1065 mysteriorum,
1436 995 1773 1052 distribuere

185 1097 383 1137 omnes
419 1082 712 1137 facultates
744 1099 895 1147 suas,
927 1093 983 1138 et
1035 1085 1215 1155 ipsum
1272 1088 1581 1141 mendicum
1630 1090 1768 1153 fleri,

183 1175 353 1229 etiam
404 1190 607 1245 corpus
658 1176 837 1244 ipsum
874 1177 1087 1233 tradere
1120 1188 1341 1248 propter
1398 1179 1676 1235 Christum
1713 1190 1770 1235 ut

180 1268 417 1323 ardeat?
450 1269 516 1323 Et
570 1271 791 1339 quidem
829 1280 981 1327 tanto
1037 1274 1211 1342 major
1247 1274 1330 1330 his
1371 1284 1452 1327 est
1505 1276 1766 1341 Charitas,

180 1361 330 1429 quod
374 1361 513 1427 hac,
556 1364 673 1417 sive
722 1380 914 1427 unum,
948 1366 1064 1417 sive
1096 1366 1303 1427 omnia,
1355 1366 1474 1420 sine
1505 1367 1769 1420 charitate

180 1455 319 1508 nihil
352 1457 570 1524 penitus
604 1458 855 1511 utilitatis
884 1457 1115 1511 afferant
1165 1458 1271 1513 illis
1301 1472 1328 1511 a
1354 1458 1554 1528 quibus
1588 1460 1769 1528 possi—

178 1546 403 1600 dentur.
437 1545 618 1611 Quare
644 1548 963 1617 quicunque
995 1560 1044 1601 et
1086 1563 1115 1601 a
1148 1549 1434 1611 charitate,
1465 1558 1519 1600 et
1549 1549 1617 1602 ab
1646 1549 1766 1603 istis

177 1639 527 1691 enumeratis
559 1640 818 1692 omnibus
875 1640 1054 1693 nudus
1088 1648 1194 1702 est,
1226 1641 1315 1693 dic
1361 1640 1516 1703 mihi,
1542 1640 1633 1693 ubi
1670 1656 1770 1709 ap-

180 1744 214 1795 p
254 1728 436 1782 rebit?
464 1729 593 1797 quid
636 1729 835 1783 faciet?
881 1731 1160 1798 quomodo
1209 1730 1673 1798 interrogantibus
1708 1746 1767 1785 se

182 1820 399 1874 ﬁdi-lem
456 1835 583 1874 esse
636 1821 969 1891 respondere
1033 1822 1296 1877 audebit?
1359 1822 1764 1876 Attendendum

177 1913 352 1979 igitur
384 1911 457 1965 ita
485 1913 725 1980 loquenti
756 1915 823 1967 de
850 1914 1135 1968 charitate.
1172 1913 1347 1968 Sedeo
1396 1915 1449 1968 in
1474 1914 1611 1968 cella
1646 1930 1765 1969 mea

176 2012 347 2056 nocte
374 2010 470 2055 aut
515 2005 623 2064 die,
657 2006 831 2064 adest.
867 2014 927 2057 ut
974 2023 1081 2059 non
1134 2014 1419 2075 appareat,
1463 2012 1606 2059 etut
1659 2020 1765 2059 non

176 2107 572 2165 cognoscatur,
607 2098 868 2151 charLtas.
903 2096 965 2152 Et
994 2113 1115 2153 cum
1144 2108 1297 2153 extra
1328 2107 1608 2155 creaturas
1642 2114 1767 2153 om-

178 2206 302 2251 nes.
342 2204 675 2258 rursumque
705 2206 829 2243 cum
862 2192 1120 2246 Omnibus
1167 2193 1259 2257 sit,
1290 2201 1371 2246 est
1404 2193 1566 2263 ignis,
1599 2202 1651 2246 et
1681 2200 1766 2247 est

177 2284 387 2350 fulgor,
418 2281 477 2334 ﬁt
507 2282 727 2336 luminis
759 2283 978 2349 nebula,
1015 2284 1072 2338 fit
1099 2286 1181 2339 sol
1216 2285 1472 2354 denique.
1506 2285 1574 2341 Ut
1602 2286 1763 2357 ignis,

178 2376 422 2427 animam
451 2374 723 2441 calefacit,
756 2386 809 2429 et
853 2392 951 2430 cor
983 2393 1161 2432 meum
1192 2379 1457 2441 incendit,
1503 2389 1665 2449 atque
1696 2380 1762 2432 ad

176 2465 519 2524 desiderium
546 2476 601 2518 et
624 2482 865 2520 amorem
894 2469 1213 2524 Conditoris
1254 2475 1580 2525 exsusdtat.
1612 2471 1763 2525 Alfa-

173 2559 275 2609 tiiu
330 2566 512 2611 autem
557 2557 972 2626 inﬂammatum,
1027 2570 1082 2614 et
1130 2561 1315 2615 animo
1362 2563 1664 2631 ardentem,
1701 2573 1762 2618 ut

176 2650 441 2717 splendor
470 2651 686 2706 lucidus
708 2667 791 2707 me
824 2660 935 2706 tota
959 2655 1341 2719 circumvolat,
1368 2669 1432 2709 ac
1457 2656 1640 2710 radios
1669 2670 1763 2710 co-

174 2757 376 2799 ruscos
409 2744 465 2797 in
510 2745 749 2798 animam
803 2760 978 2800 meam
1026 2746 1181 2812 jacit.
1231 2755 1581 2817 mentemque
1636 2749 1760 2803 illu-

176 2847 387 2899 straus,
438 2842 491 2888 et
538 2837 906 2905 perspicacem
960 2838 1213 2903 reddens,
1266 2840 1330 2893 ad
1364 2840 1756 2895 sublimitatem

177 2927 657 2993 contemplationis
682 2928 930 2981 idoneam
959 2928 1107 2987 facit.
1130 2931 1290 3001 Atqui
1315 2934 1402 2986 hic
1427 2942 1564 2996 erat,
1590 2950 1753 3005 quem

178 3019 394 3073 timoris
429 3018 616 3074 ﬂorem
654 3036 776 3075 esse
802 3037 969 3091 supra
1004 3024 1140 3078 dixi.
1179 3023 1306 3079 Viso
1337 3035 1518 3080 autem
1569 3029 1754 3097 splen-

175 3104 328 3167 dore,
371 3114 425 3159 et
457 3106 712 3175 impletus
744 3111 942 3177 gaudio
974 3111 1301 3179 incredibili,
1347 3131 1453 3170 non
1490 3132 1610 3170 sum
1655 3119 1747 3172 la:-

1880 647 2054 685 meatn
2088 648 2252 689 sensu
2287 632 2565 686 mundano
2600 631 2774 690 exuit.
2801 637 2854 683 et
2885 628 3127 683 vicissim
3156 644 3319 684 sensu
3362 631 3447 683 in-

1879 722 2172 776 tellectuali
2208 739 2291 777 me
2338 723 2531 776 induit.
2568 721 2648 775 Ab
2679 721 2765 775 his
2798 736 2914 790 qua:
2944 720 3199 775 videntur
3249 736 3333 773 me
3361 735 3447 774 se-

1876 816 2061 879 clusit,
2089 824 2140 869 et
2163 831 2285 869 cum
2321 814 2407 868 his
2434 830 2553 883 qua:
2583 828 2689 867 non
2720 810 2972 865 videntur
3004 813 3312 881 colligavit;
3343 810 3446 866 do-

1875 908 2023 960 navit
2082 908 2211 961 mihi
2266 909 2564 961 increatutn
2624 907 2829 966 videre,
2884 914 2938 959 et
2992 905 3162 959 laetari
3210 904 3354 974 quod
3414 917 3443 956 a

1873 999 2092 1060 creatis,
2122 1008 2176 1052 et
2209 1000 2537 1061 visibilibus,
2569 1007 2624 1052 et
2654 998 2803 1051 brevi
2836 996 3189 1067 pereuntibus
3224 1011 3446 1065 separa-

1871 1099 1961 1144 tns
1988 1106 2186 1154 essem,
2218 1101 2272 1144 et
2324 1092 2653 1157 coniunctus
2700 1104 2824 1142 cum
2876 1088 3143 1148 increato,
3175 1102 3298 1140 cum
3343 1088 3446 1139 im-

1872 1185 2109 1244 mortali,
2141 1193 2195 1237 et
2226 1185 2315 1252 qui
2348 1191 2498 1237 caret
2533 1182 2825 1252 principio,
2860 1190 2914 1235 et
2946 1195 2975 1234 a
3009 1180 3226 1235 nemine
3267 1179 3440 1234 videri

1872 1284 2068 1346 potest.
2098 1276 2203 1332 Ista
2234 1277 2377 1331 enim
2415 1276 2656 1330 charitas
2690 1284 2795 1329 est.

1941 1365 2292 1421 lntendamus
2326 1380 2576 1428 cursum,
2633 1379 2665 1415 o
2700 1362 2906 1423 fideles,
2939 1360 3253 1414 laboremus
3285 1357 3439 1411 festi-

1869 1474 2000 1513 nare
2027 1473 2242 1527 segnes,
2287 1459 2589 1512 excitemur
2626 1453 2825 1523 ignavi,
2874 1464 2931 1508 ut
2965 1451 3252 1506 charitatis
3293 1466 3443 1503 eom-

1868 1558 2046 1619 potes,
2074 1548 2195 1616 ejus
2224 1550 2458 1617 amplius
2490 1547 2682 1601 fiamus
2719 1544 3035 1613 participes,
3061 1553 3113 1596 et
3144 1544 3219 1596 ita
3252 1542 3319 1595 ab
3358 1540 3443 1595 his

1871 1642 2034 1695 rebus
2069 1641 2353 1699 abeuntes.
2387 1648 2442 1695 et
2470 1655 2594 1694 cum
2636 1637 2724 1691 illa
2757 1650 2785 1688 a
2832 1634 3143 1688 visibilibus
3194 1633 3438 1697 adducti,

1869 1731 2098 1785 Domino
2128 1733 2450 1786 assistamus
2479 1748 2493 1784 :
2523 1746 2593 1784 ne
2650 1725 2855 1796 alioqui
2906 1725 3027 1780 sine
3062 1723 3334 1777 cbaritate
3383 1724 3439 1775 in

1870 1824 1975 1889 his,
2009 1837 2133 1893 qua:
2189 1822 2294 1875 sub
2333 1820 2548 1875 videndi
2603 1832 2824 1875 sensum
2884 1814 3110 1880 cadunt,
3169 1821 3225 1867 et
3260 1812 3316 1867 in
3351 1812 3439 1865 his

1870 1914 2139 1972 creaturis
2186 1923 2244 1968 ut
2299 1922 2562 1969 creatura:
2610 1912 2803 1977 relicti,
2864 1911 2918 1966 in
2975 1910 3100 1979 igne
3152 1904 3440 1973 Tartareo,

1870 2010 2338 2076 horribilibusque
2355 2008 2641 2078 suppliciis
2664 2002 3187 2067 inveniamur.Quod
3212 1998 3255 2053 si
3274 1998 3438 2052 etiam

1866 2106 2065 2159 salvari
2100 2106 2243 2165 licet,
2279 2104 2394 2157 sive
2420 2107 2540 2161 hac.
2572 2102 2791 2155 Christe
2824 2099 2981 2162 bone,
3018 2091 3294 2165 quomodo
3317 2099 3440 2144 lan-

1865 2197 1986 2252 dem
2022 2196 2185 2250 Iieet?
2228 2193 2282 2248 Si
2313 2210 2341 2246 a
2375 2193 2494 2247 luce
2527 2207 2865 2261 separemur,
2899 2193 2993 2258 qui
3029 2187 3286 2243 tenebras
3310 2181 3442 2238 effu-

1865 2288 2111 2360 giemus?
2136 2286 2190 2339 Si
2233 2284 2432 2356 gaudio
2473 2284 2770 2353 privetnnr,
2804 2282 3029 2350 quinam
3062 2276 3283 2333 tristitia
3314 2274 3444 2330 libe-

1865 2381 2144 2436 rabimur?
2169 2378 2418 2434 Thalami
2444 2379 2692 2448 ingressu
2727 2372 3013 2445 prohibiti,
3039 2367 3317 2441 quomodo
3347 2366 3442 2421 la-

1863 2474 2138 2531 tabimur?
2178 2471 2395 2527 Exclusi
2449 2485 2637 2540 regno,
2695 2476 2790 2521 tuo
2823 2471 3148 2535 conspectu,
3190 2462 3440 2529 inquam,

1864 2570 2139 2632 Salvator,
2196 2580 2356 2635 quam
2393 2562 2555 2617 aliam
2596 2560 2853 2623 salutem,
2898 2571 3064 2627 quam
3101 2552 3441 2610 consolatio-

1863 2677 2011 2721 nem.
2054 2670 2147 2715 aut
2196 2674 2306 2726 quo
2337 2656 2553 2712 deuuun
2605 2653 2713 2707 alio
2747 2652 2799 2706 in
2852 2651 2971 2705 loco
3002 2646 3251 2702 invenire
3285 2653 3441 2714 pote-

1861 2752 2078 2810 rimus?
2129 2748 2266 2803 Vere
2297 2761 2569 2815 nusquam
2604 2744 2854 2807 omnino,
2880 2740 3099 2797 etiamsi
3134 2738 3187 2792 id
3217 2736 3442 2808 quibus-

1860 2846 1983 2901 dam
2007 2843 2324 2913 insipienter
2358 2839 2608 2894 videatur
2638 2851 2653 2890 :
2682 2836 2948 2906 insipiens
2979 2841 3064 2889 est
3091 2830 3239 2887 enim
3266 2828 3361 2901 qui
3388 2829 3442 2885 id

1858 2937 2018 2992 dicit.

1934 3030 2201 3087 Occurret
2231 3035 2409 3083 autem
2442 3025 2715 3096 quispiam
2752 3024 3008 3087 fortasse,
3036 3019 3317 3094 quomodo
3346 3034 3444 3074 ex-

1860 3137 1939 3181 tra
1978 3138 2205 3194 regnum
2256 3121 2548 3184 caelorum,
2585 3118 2867 3189 quomodo
2917 3125 3075 3170 extra
3113 3114 3441 3173 thalamum.

174 3205 321 3249 talus
369 3198 515 3265 quod
568 3200 851 3256 vidissem.
912 3202 1015 3259 Sed
1064 3206 1183 3276 ipse
1235 3224 1359 3262 cum
1409 3212 1617 3265 ctelesti
1667 3227 1753 3268 me
1780 3229 1825 3290 ο
1856 3226 1909 3272 et
1940 3231 2132 3286 agmen
2162 3214 2439 3283 iustorum
2471 3212 2625 3264 locus
2665 3209 2808 3263 alius
2844 3208 3065 3273 salutis,
3100 3213 3198 3260 aut
3232 3203 3442 3273 requiei

170 3289 376 3359 gaudio
433 3291 792 3359 implet-isset,
845 3296 1102 3361 avolavit,
1164 3314 1464 3369 secumque
1518 3310 1754 3357 tuentem

170 3394 377 3440 meatu,
406 3390 462 3434 et
493 3397 741 3449 sensum,
770 3396 818 3439 ΩΙ
869 3402 1086 3441 omnem
1121 3406 1303 3445 rerum
1355 3394 1757 3449 mundanorum

169 3473 534 3539 cupiditatem
568 3476 816 3532 abstulit.
852 3479 918 3533 Et
950 3481 1246 3551 insequens
1272 3500 1388 3539 mea
1418 3502 1571 3541 mens
1607 3503 1763 3543 com-

175 3564 520 3633 prehendere
559 3569 733 3620 visum
764 3569 1108 3638 splendorem
1142 3575 1485 3630 desiderabat
1522 3594 1535 3629 :
1571 3594 1758 3633 verum

173 3668 279 3706 non
315 3654 637 3706 inveniebat
679 3670 801 3709 eum
834 3666 1167 3727 creaturam,
1216 3678 1317 3716 nec
1350 3663 1425 3717 illi
1454 3664 1758 3733 jucundum

170 3745 480 3804 accidebat,
506 3761 537 3798 θ
559 3748 825 3801 creaturis
853 3765 1079 3818 prorsus
1104 3754 1389 3816 excedere.
1417 3764 1474 3809 ut
1506 3758 1763 3825 splendo-

170 3853 285 3891 rem
325 3837 482 3889 illum
528 3836 777 3898 iucreati.
814 3852 867 3894 et
915 3843 1356 3914 incomprehensi
1396 3848 1759 3915 Comprehen-

169 3930 349 3982 deret.
379 3927 755 3984 Nihilominus
787 3934 1117 3988 circumibat
1162 3940 1367 4002 omnia,
1410 3950 1462 3993 et
1495 3940 1645 3993 illum
1681 3941 1763 3995 vi-

171 4022 305 4075 dere
329 4023 663 4076 conabatur.
693 4024 1059 4080 Scrutabatur
1086 4043 1289 4093 aerem,
1320 4032 1523 4085 ctelum
1552 4032 1760 4098 obibat,

172 4114 409 4185 abyssos
442 4116 891 4183 perambulabat,
921 4126 973 4171 et
1004 4129 1246 4173 extrema
1274 4122 1483 4180 mundi.
1531 4135 1589 4176 ut
1615 4125 1763 4179 vide-

173 4207 359 4270 batur,
395 4208 802 4276 pervestigabat
855 4210 1316 4282 excutiebatque;
1389 4215 1482 4269 sed
1515 4217 1653 4269 nihil
1706 4217 1761 4271 in

175 4300 257 4354 bis
316 4300 583 4353 omnibus
640 4301 971 4365 inveniebat,
1021 4312 1205 4357 creata
1255 4304 1400 4359 enim
1455 4310 1658 4361 omnia.
1700 4307 1765 4361 lit

172 4393 545 4457 lamentabar,
579 4402 635 4447 et
664 4394 936 4462 lugebam,
975 4405 1027 4449 et
1054 4397 1366 4452 medullitus
1402 4399 1681 4465 ardebant,
1710 4410 1765 4456 et

172 4486 337 4539 veluti
398 4496 586 4538 mente
622 4487 894 4540 alienatus
946 4488 1026 4542 sic
1070 4491 1341 4546 vivebam.
1403 4490 1561 4546 Venit
1597 4494 1764 4561 igitur

1863 3326 1970 3365 non
1998 3306 2141 3363 erit?
2179 3305 2392 3359 Stultus
2437 3319 2521 3367 es,
2578 3302 2756 3372 inquit
2783 3300 3049 3362 charitas.
3084 3313 3192 3352 non
3238 3295 3443 3351 audisti

1863 3404 2100 3474 primum
2129 3412 2338 3470 patrem
2374 3406 2525 3450 tuum
2559 3396 2823 3447 Adatnum
2856 3390 3077 3445 unicum
3123 3389 3440 3443 mandatum

1862 3496 1916 3550 in
1968 3493 2221 3564 paradiso
2265 3500 2703 3557 transgressum,
2750 3483 3017 3539 nudatum
3082 3495 3205 3536 esse
3256 3478 3442 3534 divina

1860 3588 2056 3659 gloria,
2082 3592 2136 3640 et
2174 3583 2339 3637 Evam
2365 3596 2489 3636 cum
2526 3580 2645 3649 ipso
2679 3592 2802 3632 mox
2837 3576 2963 3630 inde
3013 3573 3241 3643 cjectam
3272 3571 3326 3626 in
3348 3586 3444 3624 ex-

1863 3680 2068 3741 silium,
2103 3691 2202 3748 pro
2252 3671 2502 3728 mercede
2534 3669 2835 3740 voluptatis
2870 3668 2971 3721 heu
3022 3666 3221 3720 misere
3267 3671 3443 3719 morte

1864 3780 2105 3839 recepta,
2141 3776 2195 3823 et
2229 3768 2335 3822 vita
2362 3764 2658 3819 sudoribus
2685 3775 2748 3816 ac
2779 3758 3064 3813 laboribus
3088 3758 3270 3827 plena,
3304 3756 3442 3824 proh

1862 3860 2019 3913 dolor
2050 3858 2230 3926 ljuste
2257 3855 2475 3910 statutis
2514 3866 2545 3907 a
2595 3855 2702 3908 Deo
2726 3860 2783 3904 et
2811 3848 3024 3904 vivendi
3070 3856 3125 3901 et
3171 3842 3441 3900 moriendi

1863 3945 2241 4017 temporibus?
2270 3944 2360 3998 Sic
2392 3943 2634 3996 futurum
2679 3940 2953 3997 existima,
3002 3950 3129 3991 cum
3171 3933 3438 4002 judicium

1863 4039 2233 4095 exercebitur.
2262 4036 2392 4090 Nam
2417 4035 2510 4105 qui
2543 4048 2573 4087 a
2604 4032 2784 4086 divina
2810 4029 3004 4100 gloria,
3036 4035 3093 4080 ut
3118 4028 3208 4081 ille
3252 4039 3441 4080 revera

1863 4130 2045 4185 nodus
2086 4128 2272 4192 fuerit,
2305 4127 2491 4181 statim
2531 4137 2561 4177 a
2612 4121 2888 4193 paradiso,
2934 4128 2987 4172 et
3035 4132 3165 4170 sane
3198 4130 3229 4169 a
3276 4129 3442 4184 regno

1864 4221 2169 4285 caelorum,
2225 4218 2545 4285 caelestique
2602 4212 2845 4268 thalamo
2877 4208 3144 4274 abigetur,
3189 4204 3441 4277 quamvis

1867 4320 2150 4385 peccatum
2184 4324 2294 4364 non
2326 4307 2600 4371 habuerit,
2631 4304 2726 4359 sed
2760 4301 3052 4357 virtutibus
3084 4312 3289 4352 vacuus
3311 4297 3444 4351 asti-

1866 4406 2012 4461 terit.
2036 4402 2293 4459 Omnium
2327 4415 2491 4470 porro
2523 4398 2785 4452 virtutum
2817 4395 3016 4463 prima,
3048 4392 3230 4461 regina
3258 4398 3311 4443 et
3340 4388 3440 4441 do-

1867 4500 2013 4554 mina
2041 4497 2284 4551 charitas
2309 4502 2394 4549 est
2421 4491 2688 4563 profecto.
2718 4488 2816 4543 llla
2848 4496 3030 4557 caput,
3069 4493 3124 4540 et
3151 4482 3446 4538 vestimen-

173 4588 466 4647 postquam
497 4577 691 4640 voluit,
726 4587 780 4633 et
812 4580 866 4633 in
898 4581 1133 4648 speciem
1185 4582 1376 4636 lucida:
1422 4585 1634 4639 nebulae
1687 4586 1756 4637 ir-
1792 4590 1837 4644 ι)
1870 4602 2009 4656 tum,
2037 4598 2092 4645 ct
2116 4590 2288 4660 gloria
2319 4598 2399 4643 est
2423 4585 2695 4641 omnium.
2732 4580 2865 4635 Sine
2904 4581 3084 4649 capite
3114 4585 3294 4630 autem
3317 4589 3446 4629 cor-

173 4684 369 4731 ruens,
423 4677 599 4722 totum
637 4681 803 4738 caput
830 4686 1011 4725 meum
1059 4674 1299 4727 insidere
1349 4674 1655 4741 videbatur,
1703 4687 1759 4729 ut

173 4759 595 4829 obstupefactus
621 4762 1008 4817 exclainarem.
1061 4769 1129 4817 At
1168 4765 1259 4818 ille
1299 4781 1492 4821 rursus
1529 4769 1756 4823 avolans

177 4858 355 4908 solum
392 4869 479 4910 me
508 4856 773 4923 reliquit;
808 4872 969 4927 quem
1005 4874 1129 4912 cum
1162 4874 1392 4930 operose
1433 4877 1756 4932 quasrcrem,

179 4945 374 4999 iterum
418 4957 644 5011 repente
667 4948 720 5000 in
757 4963 840 5002 me
875 4949 1152 5004 inventum
1181 4952 1373 5014 didici,
1410 4963 1463 5008 et
1499 4957 1550 5007 in
1584 4957 1762 5011 medie

178 5040 365 5091 cordis
401 5039 507 5090 mei
552 5048 608 5091 ut
636 5039 815 5094 lumen
852 5041 1028 5096 instar
1058 5045 1279 5098 rotundi
1316 5046 1453 5099 solis
1478 5047 1629 5101 visus
1654 5058 1760 5102 est.

178 5131 312 5183 Cum
343 5131 427 5184 sic
456 5132 820 5199 apparuisset,
855 5137 1364 5207 cognovissemque,
1405 5148 1459 5193 et
1499 5140 1763 5208 suscipis-

180 5235 310 5288 sem,
356 5224 581 5293 globum
617 5224 930 5281 daemonum
966 5230 1022 5282 in
1056 5227 1239 5299 fugam
1281 5232 1465 5300 vertit,
1502 5234 1762 5290 timidita-

250 5431 293 5462 ²¹
324 5429 341 5484 l
373 5430 507 5487 Cor.
540 5446 663 5499 xm,
687 5432 741 5488 1.

188 5657 537 5708 occultaretur
555 5654 581 5707 .’
610 5653 751 5728 Ergo
785 5653 1003 5723 quando
1029 5654 1285 5713 Christus
1311 5672 1373 5712 ex
1404 5660 1753 5728 praesentium

192 5740 402 5793 aspi-t'ltl
442 5725 825 5784 eianescebat.
863 5740 969 5778 non
1010 5730 1333 5781 movebatur
1362 5725 1419 5781 ut
1468 5731 1608 5784 lleus
1640 5742 1757 5785 erat

192 5796 428 5849 localiter
474 5813 487 5848 :
528 5794 631 5846 etsi
665 5794 912 5846 localiter
945 5800 1264 5850 mnvvlmlur
1315 5808 1371 5850 ul
1407 5800 1569 5851 homo
1599 5811 1713 5854 erat
1741 5820 1752 5863 ;

188 5872 320 5925 quod
356 5866 585 5919 Simeon
620 5872 877 5931 testatur,
904 5881 1031 5919 cum
1059 5866 1125 5922 de
1153 5868 1374 5922 (llitisto
1400 5883 1760 5927 evanescente

1867 4700 1970 4754 pus
2002 4693 2302 4745 mortuum,
2336 4693 2400 4731 ac
2444 4679 2566 4731 sine
2596 4674 2795 4745 spiritu
2825 4683 2931 4727 est.
2978 4671 3192 4737 Corpus
3236 4668 3445 4737 absque

1866 4778 2188 4831 vesdmento
2210 4788 2318 4843 quo
2346 4780 2506 4840 pacto
2530 4768 2734 4823 nudum
2766 4780 2873 4819 non
2906 4763 3024 4816 est?
3060 4761 3298 4815 Virtutes
3323 4761 3443 4813 sine

1863 4868 2130 4922 charitate
2166 4864 2418 4919 marcida:
2444 4868 2499 4916 et
2524 4860 2747 4915 inutiles
2778 4865 2944 4911 sunt:
2973 4863 3023 4909 et
3049 4855 3141 4924 qui
3172 4854 3443 4907 charitate

1862 4959 2118 5029 praeditus
2152 4971 2258 5009 non
2286 4964 2391 5016 cst,
2420 4968 2448 5006 a
2480 4952 2650 5021 gloria
2676 4949 2773 5003 Dei
2808 4945 2989 5000 nudus
3016 4955 3140 5013 est;
3173 4953 3225 4998 et
3253 4958 3445 5013 qnam-

1862 5052 1943 5105 vis
1973 5050 2216 5104 omnium
2248 5048 2511 5101 virtutum
2551 5058 2774 5113 compos
2821 5044 2916 5105 sit.
2965 5040 3145 5095 nudus
3196 5047 3359 5099 astat,
3387 5043 3443 5089 et

1863 5140 2164 5196 nuditatem
2197 5152 2355 5191 suam
2390 5151 2500 5191 non
2524 5135 2728 5197 ferens,
2756 5132 3023 5189 occultari
3048 5130 3273 5183 mavult.
3302 5125 3437 5179 Nam

1862 5248 1985 5289 cum
2044 5232 2126 5288 sic
2164 5230 2401 5286 dedecus
2451 5243 2517 5282 ac
2565 5225 2961 5298 turpitudinem
3020 5223 3236 5286 habeat,
3273 5220 3438 5276 etiam

1866 5664 1943 5713 sic.
1975 5661 2197 5717 scribit:
2233 5663 2571 5729 Assumptam
2609 5668 2782 5713 autem
2812 5667 3111 5729 creaturam
3145 5656 3434 5729 (humani-

1865 5741 2030 5785 talem
2090 5733 2300 5786 scilicet
2335 5726 2512 5799 suain)
2551 5730 2725 5783 (claris
2776 5740 2865 5780 aut
2898 5731 2949 5781 in
2982 5728 3201 5799 sublime
3238 5726 3438 5799 in‘glo-

1867 5805 2000 5854 riam
2031 5820 2203 5862 suam,
2246 5815 2374 5863 t'lc.,
2399 5797 2610 5853 crcheus
2639 5808 2723 5865 (cu
2756 5808 2960 5853 motum
3001 5798 3223 5854 localetn
3276 5797 3436 5851 Chri-

1865 5876 1933 5926 sti
1967 5874 2226 5928 hominis)
2264 5873 2405 5925 illico
2430 5871 2868 5926 abscondantur.
