4170 6452
689 404 792 467 539

1902 397 2267 462 SIMEONIS
2300 396 2662 457 JUNIORIS

3830 393 3932 455 540

688 518 1090 573 damnationem
1140 520 1323 578 habet,
1370 528 1425 573 et
1460 521 1610 573 audit
1659 520 1726 574 ab
1757 518 2133 573 universorum
2165 517 2251 585 ju-
2285 515 2329 572 A
2360 514 2404 569 si
2436 517 2552 583 ipse
2575 530 2791 583 quoque
2818 516 3101 571 mendicus
3127 515 3245 579 tias,
3276 514 3543 583 planeque
3569 525 3664 580 par
3696 511 3933 578 pretium

687 612 828 671 dice,
859 624 964 662 non
1001 609 1120 662 novi
1156 621 1223 663 te.
1261 608 1419 662 Venit
1460 616 1510 663 in
1545 613 1687 663 hunc
1714 612 1973 663 mundum
2003 609 2254 673 Creator,

689 712 890 769 corpus
915 712 963 753 et
1006 703 1243 755 animant
1282 705 1600 768 assumpsit,
1640 704 1893 772 deditque
1926 703 2084 755 nobis
2114 702 2257 755 divi-

688 806 815 843 ttttttt
852 791 1140 858 Spiritum,
1178 796 1268 859 qui
1316 806 1397 847 ρει
1432 795 1695 847 ebaritas.
1742 794 1798 846 Si
1846 795 2027 860 itaque
2061 794 2165 855 vis,
2204 800 2259 844 et

690 884 865 950 placet
900 879 992 935 t'ibi
1026 884 1268 935 divinum
1304 885 1551 938 obtinere
1599 885 1884 951 Spiritum,
1942 883 2102 936 crede
2148 884 2258 936 Deo

686 976 946 1043 perfecte,
996 989 1047 1031 et
1098 978 1304 1045 abuega
1368 990 1417 1032 te
1480 978 1714 1046 perferte
1784 978 2071 1038 similiter;
2131 978 2257 1030 tolle

686 1085 906 1123 crucem
945 1071 1061 1123 sine
1093 1070 1438 1123 haesitatione
1469 1072 1522 1123 in
1556 1072 1834 1134 humeros,
1884 1086 1948 1124 ac
1981 1071 2258 1139 proposito

684 1170 737 1212 et
794 1162 1071 1213 voluntate
1127 1176 1359 1225 morere,
1418 1161 1516 1222 fili,
1566 1172 1627 1215 ut
1684 1164 1849 1216 vitam
1899 1162 2253 1215 immortalem

684 1252 1010 1318 adipiscare.
1046 1252 1121 1304 Ne
1159 1264 1207 1305 te
1243 1254 1577 1322 impostores
1624 1252 1915 1309 fallacibus
1945 1254 2108 1307 dictis
2138 1255 2256 1307 suis

686 1342 992 1411 decipiant,
1030 1345 1328 1397 morientes
1356 1356 1475 1413 post
1511 1358 1739 1400 mortem
1774 1347 1939 1400 vitam
1986 1347 2254 1413 accipere,

686 1451 752 1489 ne
796 1437 1049 1490 credulus
1107 1439 1441 1508 negligenter
1502 1454 1654 1508 agas,
1716 1448 1771 1493 et
1814 1440 1937 1493 vita:
1983 1440 2257 1509 particeps

686 1526 909 1581 minimc
943 1530 1057 1581 tias.

755 1612 1080 1676 Audi'verba
1108 1624 1220 1682 Dei.
1249 1626 1373 1676 audi
1400 1626 1793 1693 apostolorum,
1812 1625 1936 1679 audi
1964 1626 2255 1689 magistro-

686 1729 804 1767 rum
837 1713 1112 1769 Ecrlesize.
1144 1715 1280 1780 Quid
1310 1717 1563 1770 Christus
1595 1719 1649 1771 in
1677 1720 1839 1771 horas
1868 1719 2106 1773 clamat?
2133 1718 2261 1770 Flu-

2358 605 2577 659 dedisse
2638 618 2691 660 te
2756 610 2985 675 cogites,
3040 619 3095 661 et
3148 607 3339 661 dicas:
3402 606 3531 657 Date
3582 602 3932 668 margaritam

2360 698 2514 763 mihi,
2548 697 2675 751 dedi
2733 700 2877 751 enim
2936 700 3118 752 omnia
3174 713 3315 759 mea,
3345 695 3631 749 confestim
3680 694 3872 749 audies
3908 707 3933 742 λ

2359 786 2610 851 Domino,
2646 804 2768 857 qua:
2822 801 2951 843 sunt
2992 792 3091 844 ista
3128 800 3217 843 tua
3248 790 3429 841 omnia
3486 803 3606 855 quae
3636 786 3819 840 dicis?
3854 786 3930 838 Tn

2358 881 2538 932 nudus
2569 895 2829 947 egressus
2864 897 2922 935 es
2959 882 3026 935 de
3055 889 3212 934 utero
3259 880 3447 933 matris
3494 892 3619 943 tum,
3652 890 3706 933 et
3751 880 3934 932 nudus

2358 972 2411 1023 in
2453 972 2761 1039 sepulcrum
2801 974 3025 1025 omnino
3055 972 3279 1032 redibis,
3314 988 3436 1041 qua:
3488 972 3652 1039 igitur
3681 978 3773 1022 tua
3810 984 3933 1023 esse

2354 1061 2574 1128 jac-tas?
2615 1062 2823 1116 Stultus
2847 1078 2905 1116 es
2931 1064 3171 1131 penitus,
3202 1079 3309 1117 non
3344 1062 3626 1129 intelligis,
3661 1076 3759 1114 nec
3784 1063 3932 1115 acci-

2358 1156 2474 1222 pies
2501 1158 2871 1223 margaritam,
2916 1172 3016 1210 nec
3042 1158 3321 1221 continget
3349 1156 3446 1210 tibi
3489 1170 3736 1222 regnum.
3776 1154 3931 1217 Quod

2358 1249 2403 1301 si
2439 1263 2776 1317 qna'cunque
2801 1248 3018 1301 tandem
3056 1248 3150 1300 tibi
3190 1249 3300 1301 sint
3348 1247 3486 1301 bona
3534 1245 3928 1307 consideraris,

2358 1347 2411 1391 et
2448 1347 2498 1391 te
2525 1340 2929 1405 pauperrimum
2964 1338 3258 1408 repereris,
3291 1345 3345 1391 et
3379 1336 3650 1390 accedens
3672 1336 3767 1387 'ita
3805 1351 3927 1387 ριν.

2358 1432 2735 1499 compellaris?
2762 1432 2969 1484 Intuere
2989 1447 3154 1494 nunc,
3186 1430 3458 1493 Salvator,
3488 1446 3583 1484 cor
3608 1440 3661 1481 et
3693 1430 3929 1482 animant

2360 1538 2531 1576 meam
2564 1526 2878 1585 contritam,
2906 1527 3225 1589 castigatam
3258 1524 3513 1594 graviter.
3543 1530 3594 1575 et
3629 1520 3933 1575 inflamma-

2359 1625 2464 1669 tam
2493 1617 2856 1670 vehettteuter.
2886 1618 3101 1685 Aspice,
3139 1616 3386 1681 Domine,
3417 1615 3622 1669 nudum
3662 1628 3778 1677 me;
3813 1611 3929 1664 vide

2357 1719 2627 1778 egentem,
2662 1710 2730 1763 ab
2752 1711 2895 1762 omni
2927 1712 3125 1762 virtute
3152 1709 3415 1769 alienum,
3442 1718 3495 1760 et
3520 1708 3572 1759 in
3608 1705 3695 1759 his
3718 1718 3930 1758 summa

685 1806 833 1858 mina
868 1807 934 1859 de
980 1815 1167 1861 ventre
1232 1809 1409 1862 inme
1470 1810 1811 1862 credentium
1868 1809 2032 1863 ﬂuent
2086 1810 2250 1863 divini

2363 1802 2696 1853 laborantem
2752 1801 2998 1868 ρτιιιιτὶτι,
3053 1816 3150 1854 nec
3210 1799 3526 1863 habentem,
3562 1812 3671 1865 quo
3728 1798 3828 1849 abs
3884 1805 3932 1847 te

686 1896 876 1960 fontis,
910 1914 1064 1969 aquae
1103 1917 1319 1968 semper
1354 1903 1587 1955 viventis
1608 1904 1674 1955 ’³.
1718 1902 1891 1967 Quam
1924 1905 2081 1956 aliam
2115 1904 2255 1958 hanc

683 2005 918 2058 aquam,
968 1994 1069 2045 nisi
1140 1994 1381 2062 Spiritus
1439 1998 1615 2050 sancti
1677 1999 1907 2067 gratiam
1968 1998 2255 2064 intelligit?

682 2078 912 2134 Mundus
946 2093 1123 2134 autem
1156 2086 1321 2137 corde
1368 2088 1554 2141 beatos
1604 2090 1897 2141 nominans
1919 2089 1985 2153 ",
2030 2090 2107 2142 ait
2157 2091 2254 2145 bos

686 2171 853 2225 Deum
912 2174 999 2225 hic
1037 2175 1273 2229 visuros.
1310 2179 1552 2245 Apostoli
1614 2194 1743 2233 vero
1796 2188 1851 2234 et
1891 2182 2138 2247 magistri
2184 2183 2252 2234 ad

682 2276 849 2315 unum
903 2279 1093 2320 omnes
1129 2268 1394 2331 clamant,
1432 2271 1519 2325 hic
1578 2270 1841 2341 Spiritum
1895 2283 2166 2336 sanctum,
2200 2285 2255 2329 et

679 2351 960 2407 Christum
1000 2358 1403 2427 accipiendum,
1441 2362 1486 2416 si
1526 2364 1744 2428 quidem
1793 2365 2024 2420 salutem
2064 2382 2257 2421 conse-

680 2444 856 2497 cttturi
887 2446 1079 2502 simus.
1110 2450 1371 2504 Ausculta
1399 2468 1584 2507 vorent
1617 2456 1850 2517 Doarini,
1878 2458 2002 2510 audi
2030 2458 2251 2511 verbum

680 2530 867 2601 Verbi,
904 2540 1179 2606 quomodo
1211 2557 1434 2611 regnum
1468 2547 1730 2599 caelorum
1760 2547 1871 2613 jam
1899 2565 2045 2603 nunc
2073 2550 2253 2603 homi—

678 2624 837 2675 nibus
872 2626 1247 2695 accipiendum
1306 2633 1596 2697 significet.
1659 2636 1849 2691 Simile
1903 2650 2002 2702 ut,
2052 2639 2250 2709 inquit,

675 2718 922 2779 pretiosa:
979 2725 1287 2789 margarin
1344 2726 1410 2776 ’⁸.
1468 2725 1815 2795 Margaritaut
1887 2746 2011 2783 cum
2071 2735 2251 2796 audis,

677 2808 933 2874 quidnam
981 2814 1223 2879 cogitas?
1256 2831 1379 2867 num
1416 2818 1558 2870 hanc
1588 2834 1761 2887 genus
1788 2820 1983 2890 lapidis
2018 2840 2139 2879 esse
2168 2828 2251 2879 di-

678 2900 854 2954 diris?
893 2917 958 2955 an
1019 2908 1107 2971 qui
1150 2911 1321 2960 teneri
1383 2914 1628 2977 omnino,
1665 2930 1733 2968 an
1785 2916 1880 2983 qui
1942 2918 2115 2971 videri
2149 2922 2250 2975 aii-

678 3004 941 3060 qnantunt
982 3000 1327 3064 pett-st?Abi
1360 3018 1482 3055 cum
1529 3013 1617 3057 tua
1648 3007 2009 3075 blasphemia,
2048 3012 2251 3065 itttelii-

677 3086 859 3152 gentia
895 3096 1105 3142 tantunt
1152 3092 1254 3145 ista
1286 3096 1578 3163 margarita
1613 3100 1934 3168 percipitur.
1979 3102 2252 3159 Mercator

2360 1907 2575 1955 emam;
2613 1891 2755 1948 vide.
2790 1902 2842 1943 et
2896 1892 3158 1944 miserere
3208 1894 3313 1944 mei
3349 1891 3498 1945 solus
3540 1891 3755 1958 patiens
3792 1887 3933 1941 Deus

2360 2000 2534 2038 meus.
2569 1985 2705 2049 Quid
2732 1985 2873 2037 enim
2906 1988 2958 2038 in
3011 1986 3111 2038 hoc
3140 1984 3345 2037 ntundo
3374 1984 3646 2036 inveniant
3684 1982 3931 2045 dignum,

2358 2075 2503 2144 quod
2548 2076 2666 2126 dem
2702 2076 2753 2128 in
2798 2077 3027 2143 pretium
3062 2077 3164 2139 tui,
3204 2076 3295 2144 qui
3328 2076 3501 2129 fecisti
3534 2074 3757 2126 munia?
3791 2072 3928 2136 Quid

2357 2182 2595 2235 namque
2618 2168 2873 2235 persolvit
2904 2170 3189 2230 meretrix,
3223 2168 3350 2236 quid
3409 2166 3715 2220 numeravit
3748 2167 3889 2216 latro
3911 2166 3933 2214 ‘?

2359 2259 2622 2327 Prodigus
2652 2271 2853 2322 autem,
2881 2260 3099 2320 Cbrjste
3128 2261 3372 2327 mi,quas
3402 2260 3498 2312 tibi
3531 2274 3662 2327 opes
3687 2258 3933 2313 obtulit?

2358 2352 2414 2405 Si
2450 2352 2584 2413 hrc,
2613 2354 2855 2419 inquam,
2890 2354 3116 2415 dixeris,
3152 2352 3345 2406 audies
3368 2352 3633 2415 vicissim,
3659 2352 3770 2404 imo
3802 2351 3933 2404 trife-

2354 2446 2545 2499 rchant
2579 2445 2821 2502 divitias.
2858 2447 3096 2515 datoque
3145 2446 3290 2515 quod
3328 2446 3635 2507 habebant,
3672 2447 3935 2511 margari-

2356 2548 2464 2590 tam
2512 2547 2625 2592 toto
2676 2540 2880 2591 mundo
2935 2540 3369 2607 priestatttiorettt
3414 2549 3766 2604 nem-perunt.
3809 2537 3932 2592 llaec

2356 2638 2413 2682 tu
2465 2644 2685 2698 quoque
2740 2631 2786 2683 si
2825 2632 2927 2692 vis,
2962 2632 3092 2682 tttihi
3128 2630 3280 2693 affer,
3310 2641 3364 2685 et
3420 2646 3649 2698 prorsus
3680 2630 3931 2683 eamdem

2355 2723 2611 2790 accipies.
2646 2722 2782 2776 Cum
2815 2723 2896 2775 his
2930 2724 3127 2775 accede
3157 2724 3222 2775 ad
3254 2738 3358 2783 me,
3389 2735 3437 2775 et
3482 2739 3604 2775 mox
3637 2724 3734 2776 tibi
3771 2738 3932 2775 meu—

2355 2815 2543 2867 strabo
2576 2829 2737 2881 quam
2775 2814 2849 2866 illi
2883 2814 3161 2867 consecuti
3194 2823 3323 2867 sunt
3360 2817 3713 2883 margaritam
3752 2834 3762 2868 :
3797 2826 3848 2868 et
3883 2817 3929 2868 si

2354 2908 2525 2974 ipsam
2593 2910 2829 2960 atllma’lt
2881 2909 3118 2970 dederis,
3175 2911 3307 2963 nihil
3357 2911 3577 2978 dignum
3623 2910 3843 2963 dedisse
3880 2918 3934 2963 te

2353 2999 2715 3052 existimabis.
2775 2999 3045 3065 Quidquid
3080 3001 3313 3069 denique
3346 3016 3444 3070 pro
3499 3003 3673 3070 pretio
3717 3004 3931 3071 persol-

2352 3092 2519 3153 veris,
2552 3092 2681 3143 nihil
2709 3100 2759 3145 te
2794 3093 3028 3147 solvisse
3066 3094 3428 3148 arbitrabere.
3466 3094 3596 3163 ligo,
3633 3097 3675 3147 si
3717 3095 3783 3148 ad
3822 3109 3927 3157 mc,

678 3187 859 3232 autem
891 3180 980 3247 qui
1012 3183 1149 3237 hanc
1181 3186 1409 3249 invenit,
1433 3204 1539 3256 qua
1571 3191 1783 3245 τηεοηο
1810 3193 2076 3249 invenem
2105 3213 2248 3253 nunc
2270 3173 2317 3236 C
2353 3189 2409 3232 ttt
2462 3181 2551 3234 illa
2614 3183 2870 3236 meretrix
2898 3224 2910 3245 ,
2946 3186 3273 3249 accesseris,
3309 3187 3464 3253 plane
3494 3186 3667 3237 habeo
3693 3195 3932 3253 potesra-

676 3285 904 3339 expone.
945 3272 997 3326 Si
1035 3291 1139 3328 t:on
1171 3288 1273 3339 est,
1304 3287 1359 3329 ut
1388 3295 1549 3333 manu
1586 3284 1731 3351 tangi
1801 3295 1892 3338 aut
1923 3287 2093 3340 videri
2123 3306 2251 3356 pos-

677 3362 768 3421 sit,
812 3364 898 3417 ubi
951 3366 1113 3433 igitur
1156 3367 1259 3422 istc
1317 3370 1461 3424 illam
1508 3375 1731 3442 reperit,
1772 3378 2050 3443 quomodo
2084 3380 2253 3433 vidit?

676 3453 835 3506 velim
867 3457 996 3508 mihi
1028 3458 1199 3512 dicas.
1225 3460 1510 3525 Quomodo
1542 3464 1706 3517 etiam
1730 3466 1967 3521 venditis
1993 3471 2249 3526 omnibus

675 3545 1004 3613 comparavit
1039 3562 1154 3599 eam
1184 3566 1346 3619 quant
1385 3568 1487 3604 non
1515 3553 1741 3616 invenit,
1767 3570 1933 3624 quam
1958 3574 2064 3612 non
2095 3560 2247 3626 vidit,

675 3650 836 3702 quam
872 3638 923 3689 itt
960 3640 1214 3692 manibus
1236 3655 1343 3694 non
1386 3643 1597 3706 habuit,
1632 3660 1733 3699 nec
1766 3647 1819 3698 in
1850 3647 2032 3700 sinum
2066 3650 2248 3703 immi-

676 3729 789 3779 s'l?
830 3728 1205 3796 Respondebis
1248 3734 1399 3793 mihi,
1436 3734 1538 3787 fide
1589 3736 1703 3790 sola
1746 3747 1802 3791 et
1855 3754 1953 3807 spe
2000 3742 2083 3794 sic
2117 3742 2249 3796 affe-

676 3833 821 3871 eum
854 3820 939 3882 iri,
975 3836 1036 3873 ac
1070 3824 1113 3876 si
1169 3838 1289 3875 eam
1324 3826 1570 3879 haberet.
1613 3828 1776 3898 Atqui
1810 3845 1922 3884 non
1966 3832 2104 3886 dixit
2142 3834 2249 3888 Do-

678 3927 708 3962 r.
735 3912 877 3973 inus,
906 3927 960 3964 et
996 3928 1050 3966 tu
1084 3916 1389 3977 existimas,
1420 3932 1519 3971 nec
1545 3932 1639 3986 spe
1665 3921 1997 3987 inveniendi,
2028 3939 2127 3977 nec
2152 3941 2248 3994 spe

675 4007 977 4074 accipit-udi
1011 4008 1299 4064 facultates
1330 4025 1458 4065 suas
1485 4014 1818 4070 vendidisse.
1841 4016 1982 4081 Quid
2010 4022 2249 4074 erratis?

673 4096 800 4164 quid
855 4112 990 4149 vana
1025 4112 1120 4165 spe
1174 4100 1435 4162 ttititttitti,
1486 4109 1541 4155 et
1598 4103 1722 4157 aliis
1770 4106 1991 4173 quidem
2041 4108 2248 4164 frustra

674 4189 1024 4242 ert-dentibus
1063 4192 1312 4255 exitium,
1340 4192 1492 4245 vobis
1530 4196 1735 4262 grande
1765 4198 2093 4265 supplicium
2124 4203 2246 4255 vul-

676 4281 745 4333 tis
776 4282 1030 4335 struere?
1061 4281 1165 4335 Sed
1219 4284 1412 4337 suadet
1442 4286 1565 4350 tibi,
1604 4295 1663 4339 ttt
1696 4288 1844 4354 prius
1897 4293 2244 4359 margaritam

675 4371 942 4434 invenias,
977 4382 1029 4425 et
1066 4387 1211 4435 cum,
1248 4384 1302 4426 ιιι
1331 4374 1517 4437 nimis,
1548 4384 1600 4429 ct
1637 4379 1902 4434 immense
1946 4384 2243 4449 pretiosam

675 4465 1075 4530 contemplatus
1132 4464 1323 4529 fueris,
1355 4474 1485 4519 tunc
1528 4469 1766 4523 venditis
1803 4474 2063 4527 omnibus
2091 4491 2244 4530 emas

673 4567 813 4606 eam.
853 4554 934 4608 Tu
979 4565 1167 4608 contra
1202 4558 1306 4620 ais,
1360 4556 1413 4609 itt
1454 4573 1570 4626 spe,
1605 4567 1659 4613 ct
1715 4563 1961 4616 ostendis
2010 4572 2063 4617 te
2102 4566 2245 4620 nolle

675 4660 942 4711 qnmrerc,
980 4646 1123 4698 nolle
1172 4647 1436 4707 imenire,
1476 4649 1621 4700 nolle
1657 4648 1908 4706 fortunas
1954 4660 2079 4710 tuas
2118 4672 2247 4710 ven-

672 4736 821 4796 dere,
849 4746 905 4788 ιιι
953 4737 1025 4789 ita
1063 4753 1289 4805 regnum
1331 4740 1597 4792 crelorum
1627 4742 1904 4808 arquiras,
1929 4745 2072 4813 quod
2102 4747 2243 4801 intra

673 4834 744 4887 te,
780 4826 825 4879 si
857 4828 1008 4889 velis,
1052 4828 1314 4881 Dominus
1343 4843 1465 4883 esse
1500 4830 1804 4887 afﬁrmavit.

745 4916 854 4971 Sed
885 4917 1110 4971 forsitan
1155 4919 1206 4970 in
1238 4928 1479 4987 egestate
1508 4937 1588 4985 es,
1618 4937 1717 4977 nec
1744 4938 1963 4989 aurum,
1990 4942 2089 4982 nec
2112 4944 2239 4995 pos-

673 5010 972 5073 sessiones,
1011 5020 1104 5063 attt
1136 5011 1356 5064 divitias
1400 5013 1608 5077 habes;
1640 5022 1697 5067 et
1731 5016 1959 5071 audiens
1992 5020 2239 5073 omnium

672 5101 1029 5155 distractione
1064 5102 1381 5156 facultatum
1426 5105 1863 5160 inaestimabilem
1903 5108 2047 5163 illam
2100 5125 2247 5163 mar-

671 5193 899 5258 garitam
936 5195 1064 5256 etui,
1099 5193 1258 5259 diris,
1288 5210 1408 5261 ego,
1444 5198 1533 5250 cui
1576 5197 1738 5251 nulla:
1789 5210 1916 5253 sunt
1943 5216 2100 5266 oues,
2134 5217 2242 5273 qua

672 5284 889 5334 tandem
913 5284 994 5335 via
1027 5284 1265 5337 divinam
1298 5285 1438 5339 hanc
1469 5298 1521 5340 et
1550 5287 1855 5355 Speciosam
1882 5290 2235 5343 margaritam

673 5386 993 5440 comparare
1024 5376 1249 5441 potero?
1278 5374 1473 5429 llortor
1501 5378 1686 5447 itaque
1713 5388 1787 5443 te,
1838 5387 1898 5431 ut
1938 5395 2102 5448 super
2139 5382 2239 5435 hoc

672 5461 951 5528 sapienter
985 5477 1069 5515 me
1104 5464 1312 5517 audias.
1375 5462 1430 5518 Si
1487 5467 1749 5520 mundum
1804 5469 2142 5532 universum,
2186 5462 2241 5525 ct

672 5568 792 5620 quae
849 5554 900 5607 itt
959 5557 1161 5608 mundo
1197 5567 1324 5611 sunt
1384 5558 1607 5622 habeas,
1644 5568 1697 5613 ct
1747 5574 1808 5613 ca
1849 5560 1902 5613 itt
1938 5562 2236 5630 orpltanos,

675 5646 888 5713 vidu-S,
919 5649 1197 5703 mendicos
1216 5658 1266 5704 et
1284 5660 1504 5718 egentes
1527 5652 1807 5722 dispergas
1828 5668 1890 5708 ac
1916 5653 2238 5717 distribuas,

746 5826 848 5860 HS

824 5831 981 5884 Jmtll.
1041 5847 1130 5893 vtt,
1201 5834 1287 5886 5?.
1369 5833 1411 5862 "
1443 5831 1635 5888 Matth.
1669 5852 1721 5896 ν,
1755 5841 1812 5890 8.

2356 3283 2485 3331 tent,
2520 3272 2679 3336 plane
2714 3274 2888 3327 habeo
2932 3276 3277 3342 margaritas,
3314 3290 3447 3342 quas
3487 3276 3532 3329 si
3565 3274 3803 3327 mundus
3839 3289 3933 3327 ac-

2353 3365 2541 3431 cipiat,
2595 3373 2649 3417 et
2708 3381 2831 3417 cum
2877 3367 3083 3419 mundo
3142 3367 3244 3419 hoc
3306 3367 3536 3419 aliorum
3597 3367 3930 3421 mundorum

2354 3455 2646 3525 myriades,
2682 3471 2747 3509 uc
2778 3473 2883 3510 una
2913 3458 3131 3524 quidem
3163 3458 3455 3525 margarita
3512 3459 3549 3509 tl
3574 3474 3771 3511 esattro
3810 3474 3932 3513 meo

2352 3546 2544 3609 deerit,
2586 3556 2641 3599 et
2672 3547 2889 3599 donabo
2952 3555 3023 3607 te,
3080 3547 3219 3601 sicut
3270 3549 3416 3601 illam
3463 3550 3683 3615 donavi.
3742 3552 3832 3604 Sic
3880 3562 3933 3605 te

2354 3637 2496 3691 Deus
2526 3637 2781 3691 all'abitur
2810 3649 2862 3691 et
2899 3639 3137 3697 docebit,
3173 3642 3448 3707 quomodo
3486 3642 3548 3694 ad
3613 3659 3671 3697 se
3707 3645 3847 3695 latro
3880 3656 3932 3697 οε

2352 3730 2996 3792 meretrix‘accesserint,
3022 3731 3115 3798 qui
3147 3747 3240 3797 per
3264 3731 3449 3785 orbem
3479 3743 3748 3787 terrarum
3782 3735 3928 3786 fama

2349 3818 2726 3877 celebrantur;
2760 3820 3033 3888 quomodo
3069 3822 3196 3873 item
3233 3823 3377 3874 titius
3430 3822 3712 3890 prodigus,
3763 3827 3929 3878 simul

2349 3925 2416 3963 ac
2470 3926 2724 3965 reversus
2768 3920 2875 3975 cst,
2934 3924 3221 3983 susceptus
3258 3914 3351 3968 sit.
3402 3915 3531 3968 l-‘ide
3590 3932 3756 3985 patro
3792 3919 3930 3971 latro

2351 4001 2594 4055 salvatus
2629 4011 2732 4064 est,
2767 4005 2859 4072 qui
2894 4005 3079 4058 multis
3119 4014 3236 4059 erat
3273 4006 3577 4060 sceleribus
3626 4009 3926 4078 nbitgattts;

2352 4109 2451 4148 nec
2493 4095 2791 4157 immerito,
2823 4096 3265 4164 quandoquidem
3320 4101 3469 4151 solus
3501 4100 3637 4166 ipse,
3672 4103 3930 4157 omnibus

2348 4201 2434 4240 mc
2477 4188 2821 4256 negantibus,
2880 4188 3138 4240 omnibus
3192 4187 3512 4240 scandalum
3566 4191 3925 4255 patiettt:b=s~,

2350 4278 2404 4330 in
2438 4292 2604 4331 cruce
2636 4280 2982 4347 pendentem,
3014 4276 3180 4331 Deum
3207 4294 3268 4331 ac
3298 4294 3475 4346 regem
3505 4280 3796 4333 confesms
3821 4290 3927 4339 est.

2345 4379 2400 4423 et
2455 4370 2814 4422 immortalem
2856 4385 2975 4423 esse
3001 4386 3063 4422 ex
3097 4371 3276 4423 animo
3307 4371 3669 4433 exclamavit;
3722 4373 3929 4428 ideirco

2349 4463 2513 4513 etiam
2550 4469 2675 4515 ante
2704 4476 2896 4516 omnes
2941 4477 3167 4530 regnum
3205 4470 3290 4514 est
3324 4462 3571 4529 adeptus.
3624 4463 3928 4517 Meretricis

2354 4564 2556 4616 autem,
2590 4568 2830 4627 amorem
2896 4570 3016 4623 quae
3073 4554 3249 4607 oratio
3300 4556 3705 4623 cnnSequalur?
3762 4572 3925 4627 quem

2352 4647 2561 4701 scilicet
2599 4647 2685 4699 illa
2722 4626 2777 4699 in
2814 4646 2978 4700 corde
3022 4662 3123 4700 suo
3155 4647 3427 4714 gestabat.
3464 4663 3587 4701 cum
3624 4648 3689 4700 ad
3750 4665 3836 4701 me
3871 4660 3928 4700 ut

2354 4738 2520 4791 Deum
2570 4754 2632 4792 ac
2671 4737 2957 4790 Dominum
3005 4738 3307 4791 visibilium
3341 4746 3397 4791 et
3436 4738 3797 4791 invisibilium
3833 4755 3930 4793 ac-

2353 4830 2575 4892 cedens,
2600 4846 2732 4882 vum
2772 4829 2995 4897 largiter
3025 4830 3179 4890 mihi,
3206 4838 3265 4882 ut
3289 4844 3449 4883 nemo
3482 4838 3643 4883 antea
3677 4830 3926 4884 offerret.

2350 4922 2520 4986 Quem
2560 4921 2750 4975 videns
2807 4921 3102 4989 approbavi
3138 4959 3155 4983 ,
3210 4907 3308 4975 nec
3367 4935 3608 4974 amorem
3649 4921 3801 4973 illum
3837 4938 3931 4976 ac-

2349 5015 2506 5083 cepi;
2542 5016 2632 5067 sed
2660 5016 2785 5067 data
2817 5016 2865 5066 ei
2909 5013 3224 5079 margarita,
3260 5014 3449 5083 reliqui
3484 5014 3533 5067 ei
3568 5016 3735 5069 etiam
3770 5030 3920 5068 amo-

2353 5122 2489 5167 rem,
2516 5106 2596 5159 vel
2627 5108 2806 5171 potius
2830 5105 3069 5173 amplius
3092 5120 3214 5159 cum
3245 5105 3492 5167 accendi,
3517 5115 3572 5159 et
3594 5106 3645 5158 itt
3671 5104 3927 5161 ﬂammas

2352 5196 2600 5264 ingentes
2623 5195 2879 5255 excitavi,
2912 5208 3144 5262 eamque
3189 5195 3496 5259 virginibus
3553 5195 3926 5250 honestiorem

2350 5302 2413 5340 ac
2443 5286 2889 5339 vetterabiiiorem
2920 5285 3126 5339 dimisi.
3164 5284 3358 5337 Subito
3383 5285 3523 5337 enim
3552 5285 3723 5353 legent
3754 5296 3926 5338 totam

2352 5390 2408 5431 ιιι
2448 5396 2661 5430 ιιιιιιιιιιι
2700 5392 3076 5446 supergressa,
3134 5388 3229 5428 aut
3285 5386 3544 5442 tanquant
3599 5392 3694 5444 per
3746 5384 3928 5429 scalas

2351 5484 2514 5537 supra
2550 5483 2741 5521 omnes
2775 5467 3005 5521 virtutes
3038 5466 3276 5526 sublata,
3306 5465 3373 5518 ad
3407 5466 3567 5520 tinem
3605 5468 3739 5536 legis
3800 5483 3929 5534 per-

2350 5564 2518 5623 venit,
2551 5564 2640 5630 qui
2677 5568 2758 5613 est
2790 5560 3049 5623 ebaritas,
3087 5568 3141 5613 et
3180 5561 3336 5619 abiit.
3380 5576 3552 5629 usque
3583 5559 3647 5612 ad
3690 5572 3920 5614 mortem

2351 5655 2671 5706 rltaritateut
2712 5653 2933 5707 ill-.csam
2970 5666 3322 5709 conservans.
3361 5653 3623 5707 Similiter
3659 5654 3927 5721 prodigus

1890 5838 1936 5867 ⁸⁵
1992 5833 2181 5888 Matth.
2220 5850 2336 5898 λιιι,
2377 5833 2464 5886 45.
