4170 6452
181 330 278 393 ειη

1246 342 1689 405 DlVlNORUM
1727 343 2054 408 AMORUM
2095 350 2348 411 LIBER.

3328 356 3436 420 542

175 450 296 494 toto
356 460 419 496 es
462 448 625 501 corde
679 464 953 514 reversus,
999 446 1212 509 sincere
1243 457 1495 523 ptenitnit
1547 466 1598 510 et
1633 472 1740 509 cun

1863 460 1955 511 tibi
1993 466 2284 532 margarita
2309 480 2452 528 smn,
2484 467 2570 519 hic
2602 481 2772 521 etnor.
2807 466 2904 523 llic
2941 466 3037 521 tibi
3075 468 3340 531 triticum.
3379 483 3434 524 et

172 545 327 590 esset
356 550 481 593 ante
520 539 660 595 filius
697 559 873 607 meus,
913 559 1019 599 non
1083 558 1342 617 tanquam
1409 548 1552 603 Illius
1602 564 1755 603 meus

174 628 241 681 ad
277 646 365 684 me
397 634 573 686 adiit:
610 635 702 687 Sed
758 637 900 689 sicut
938 654 1080 694 unus
1122 639 1188 694 de
1240 642 1590 696 mercenariis
1621 643 1757 696 meis

176 721 293 774 ﬁeri
334 725 543 790 petivit.
582 726 689 780 Nec
724 744 850 783 vero
879 731 1061 800 lingua
1096 742 1326 794 tantum.
1360 733 1456 789 sed
1489 742 1541 787 et
1573 736 1755 787 animo

172 813 524 882 loquebatur,
553 829 605 873 et
629 837 749 886 qum
781 838 860 875 \‘Cl
880 824 960 876 bis
986 825 1220 889 diccbat,
1245 827 1503 895 operibus
1530 830 1754 882 demon~

175 907 415 961 strabat.
452 909 745 965 llumilitas
780 915 899 980 ejus
936 916 1001 969 ad
1053 920 1483 976 misericordiam
1541 940 1624 976 me
1654 926 1757 976 im-

172 997 338 1063 pulit,
374 1015 537 1061 (luem
572 1017 692 1055 mox
726 1006 916 1067 ditavi,
952 1018 1006 1062 et
1051 1014 1317 1065 continuo
1362 1015 1531 1083 gloria
1561 1016 1754 1077 extuli,

173 1090 437 1154 quoniam
497 1110 562 1146 es
605 1097 790 1149 animo
838 1101 902 1153 ad
964 1117 1049 1154 me
1111 1119 1437 1160 conversum
1482 1109 1750 1173 videbam,

172 1193 297 1232 eum
342 1184 658 1245 neutiquam
714 1187 881 1263 (quod
915 1194 1068 1245 multi
1102 1197 1300 1261 solent)
1344 1206 1575 1252 mentem
1612 1216 1639 1252 a
1672 1217 1755 1254 me

172 1269 497 1327 reum-teret.
536 1275 646 1329 Hoc
679 1283 841 1333 modo
868 1286 1119 1354 quisquis
1147 1288 1212 1341 ad
1244 1306 1327 1344 me
1352 1296 1579 1351 venerit.
1614 1304 1664 1347 et
1696 1310 1754 1349 se

170 1361 303 1414 mihi
336 1365 553 1421 sincere
586 1375 947 1437 prostraverit
975 1379 1224 1441 (audiant
1250 1396 1439 1437 omnes
1471 1385 1751 1453 mortales)

168 1452 460 1509 confestim
495 1475 619 1513 eum
676 1466 991 1534 suscipiam.
1024 1466 1127 1534 Qui
1181 1480 1364 1527 autem
1398 1476 1574 1545 gratia
1634 1493 1752 1531 mea

168 1558 264 1611 per
288 1546 477 1601 dolum
518 1553 679 1621 potiri
717 1557 848 1620 vult,
883 1568 937 1612 et
969 1576 1093 1614 cum
1133 1564 1406 1635 hypocrisi
1452 1585 1548 1624 seu
1581 1572 1752 1624 simu-

172 1635 378 1692 latione
419 1642 484 1696 ad
518 1658 604 1699 me
632 1652 951 1714 accesserit,
979 1662 1073 1709 aut
1101 1656 1507 1725 improbitatem
1539 1663 1748 1729 celans,

171 1740 263 1784 aut
287 1736 555 1803 operibus
587 1740 705 1796 suis
727 1744 1031 1812 confidens,
1061 1757 1155 1802 aut
1187 1751 1444 1819 elatione,
1475 1766 1569 1809 aut
1604 1756 1749 1810 invi-

1863 552 2004 605 Velut
2036 554 2243 625 sinapis
2262 574 2487 625 granum
2515 574 2657 612 sunt.
2682 557 2778 611 lIic
2798 559 2892 613 tibi
2922 560 3251 613 fermentum
3285 577 3430 627 sum,

1858 652 1911 696 et
1945 660 2175 698 massam
2209 655 2356 699 tuam
2389 648 2672 706 termento.
2711 648 2808 703 llic
2837 652 2930 703 tibi
2983 667 3121 720 aqua
3164 662 3217 703 et
3246 654 3433 707 suavis

1858 734 2000 802 ignis
2036 752 2179 791 sum.
2216 738 2316 791 llic
2371 748 2424 791 et
2473 742 2856 793 vestimentum
2902 750 2955 793 et
3006 743 3347 800 alimentum,
3379 750 3435 796 ct

1859 842 2018 881 omne
2051 844 2221 897 genus
2254 832 2495 897 potionis
2526 832 2618 883 tibi
2656 849 2798 896 sum,
2841 833 2884 887 si
2918 834 3078 884 tundo
3105 842 3156 884 tu
3188 834 3291 885 vis.
3329 832 3432 885 Do-

1858 923 2040 976 minus
2065 922 2176 977 ltrec
2202 922 2355 979 dicit.
2401 924 2455 977 Si
2487 926 2653 993 igitur
2687 928 2757 978 ita
2791 942 2854 978 ex
2887 925 3114 977 caducis
3146 926 3331 986 rebus,
3377 934 3433 979 et

1856 1016 2018 1067 talem
2061 1030 2145 1068 me
2173 1019 2526 1085 cegnoveris,
2559 1019 2720 1069 etiam
2755 1017 2827 1069 ibi
2860 1018 3024 1069 talem
3066 1031 3151 1069 me
3185 1017 3429 1078 habebis.

1858 1114 1913 1158 ut
1947 1107 2203 1162 inellahili
2236 1110 2449 1163 ratione
2485 1111 2606 1161 tiam
2636 1109 2729 1162 tibi
2762 1110 2966 1162 omnia.
3010 1108 3105 1161 Sin
3142 1106 3265 1160 hinc.
3292 1108 3429 1160 emi-

1858 1198 2055 1263 graris,
2084 1199 2341 1259 ignorans
2364 1200 2497 1269 quid
2538 1208 2796 1270 operetur
2825 1200 2995 1269 gratia
3026 1215 3168 1260 mea,
3202 1198 3315 1251 illic
3342 1212 3431 1250 me

1858 1292 2240 1345 tantummodo
2296 1293 2535 1359 judicent
2616 1291 3005 1346 inexorabilem
3078 1289 3343 1344 invenies.
3386 1287 3432 1343 0

1852 1381 2071 1436 Christe
2097 1400 2249 1437 meus
2276 1395 2329 1437 ct
2354 1385 2492 1438 Deus
2520 1400 2694 1451 meus,
2722 1400 2789 1439 ne
2814 1399 2898 1438 me
2923 1394 3050 1437 tunc
3075 1384 3428 1445 condemnes.

1858 1489 1991 1527 neve
2015 1477 2189 1543 pmuis
2219 1476 2503 1542 subjicias,
2534 1477 2624 1543 qui
2651 1476 2837 1529 multis
2866 1485 2916 1529 te
2942 1475 3179 1543 peccatis
3204 1472 3427 1536 otl‘endi,

1856 1567 1949 1621 sed
1987 1583 2068 1620 u'c
2113 1577 2172 1620 ut
2228 1583 2393 1621 unum
2424 1566 2493 1620 de
2528 1567 2729 1619 inlimis
2763 1566 2873 1620 tuis
2914 1562 3274 1618 mercenariis
3303 1576 3428 1615 sus-

1855 1658 2008 1724 cipe;
2041 1666 2094 1709 et
2154 1655 2381 1724 dignare.
2434 1673 2520 1710 me
2562 1656 2789 1725 posthac
2831 1656 3038 1710 servire
3073 1653 3195 1715 tibi,
3234 1653 3426 1706 Salva-

1857 1756 1943 1800 tor
1983 1748 2077 1813 mi,
2108 1756 2164 1801 ct
2222 1747 2484 1815 Spiritum
2519 1756 2770 1802 sanctum
2820 1755 2974 1801 tuum
3023 1748 3221 1814 pignus
3274 1742 3426 1813 regni

168 1820 258 1875 dia
302 1830 661 1895 constrictus,
703 1832 793 1888 hic
852 1850 1077 1904 prorsus
1132 1855 1238 1895 non
1276 1842 1495 1898 habebit
1537 1854 1745 1915 partem
1780 1822 1823 1877 Β
1852 1842 2125 1911 accipere,
2162 1851 2216 1895 et
2247 1842 2356 1895 illic
2395 1842 2619 1895 thalami
2651 1842 2731 1895 tui
2764 1841 2935 1908 gloria
2972 1838 3205 1909 perfrui,
3236 1838 3424 1890 viden-

165 1927 407 1971 mecum.
467 1918 592 1977 [hec
627 1923 746 1992 tibi,
801 1933 856 1981 et
890 1930 1166 1987 universis
1208 1932 1348 1989 Deus
1403 1953 1500 2007 per
1530 1956 1634 1996 nos
1694 1942 1747 1996 in

167 2002 339 2061 horas
368 2012 596 2067 occinit.

236 2099 315 2153 Ac
346 2103 390 2157 si
427 2103 602 2170 placet
636 2109 855 2167 aliunde
887 2129 1108 2185 queque
1148 2120 1505 2190 perspicuum
1536 2126 1633 2181 tibi
1670 2127 1747 2182 Ia-

164 2190 334 2258 ciam,
370 2196 456 2249 hic
489 2200 587 2253 tibi
620 2211 790 2260 totum
821 2222 1047 2277 regnum
1074 2212 1337 2268 caelorum
1366 2217 1744 2286 accipiendum

162 2300 307 2347 esse.
338 2290 384 2342 si
416 2301 537 2357 post
569 2296 775 2350 obitum
811 2302 862 2354 in
890 2301 939 2354 id
970 2304 1174 2371 ingredi
1200 2311 1569 2378 concupiscis.
1602 2314 1744 2370 Audi

164 2376 367 2431 iterum
412 2382 465 2434 in
505 2390 780 2450 parabolis
814 2393 1146 2463 loquentem.
1193 2399 1437 2471 Regnum
1471 2409 1743 2464 caelorum

161 2470 251 2522 cui
290 2473 468 2527 simile
501 2476 718 2535 dicant?
750 2485 999 2541 Attende.
1058 2488 1247 2547 Simile
1277 2470 1359 2549 est
1393 2512 1560 2563 grano
1593 2500 1746 2555 sina-

161 2562 268 2628 pis,
304 2567 451 2633 quod
479 2568 640 2623 homo
674 2576 945 2646 quispiam
981 2593 1286 2653 acceptum,
1330 2591 1469 2644 sevit
1504 2591 1556 2647 in
1585 2595 1743 2650 horto

163 2667 283 2717 SttO,
322 2666 377 2710 et
405 2667 839 2731 comprehendit,
889 2683 941 2725 et
992 2689 1181 2729 revera
1222 2678 1275 2732 in
1334 2682 1585 2739 arborem
1629 2704 1745 2741 ma-

163 2762 323 2813 gnam
359 2766 420 2805 se
474 2757 698 2811 sustulit
733 2761 796 2813 ²⁶.
838 2762 931 2818 Dic
988 2775 1043 2820 tu
1098 2768 1207 2837 jam
1265 2775 1357 2842 qui
1398 2775 1510 2830 h;ec
1558 2780 1740 2846 audis,

163 2838 417 2904 quisnam
449 2850 533 2898 est
568 2861 796 2910 grannoni
833 2852 969 2908 istuc
991 2853 1017 2907 ?
1050 2858 1178 2924 quid
1210 2838 1332 2915 esse
1364 2863 1492 2917 illud
1534 2838 1743 2934 putas‘i

163 2930 251 2985 die
297 2932 491 2999 libere,
536 2937 739 3008 alioqui
797 2958 897 3012 ego
960 2947 1156 3011 dicam,
1193 2960 1245 3005 et
1286 2930 1573 3009 veritatem
1631 2958 1743 3013 elo-

162 3037 319 3091 quar.
355 3024 578 3081 Certum
635 3038 721 3085 est
750 3049 977 3104 regnum
1035 3041 1300 3095 caelorum
1357 3059 1584 3101 vocasse
1621 3065 1744 3116 gra-

1851 1940 1960 1986 tcm
1988 1943 2037 1987 te
2070 1933 2236 1987 Deum
2277 1949 2454 1986 memn
2480 1934 2532 1986 in
2566 1949 2786 1988 omnem
2818 1932 3200 1986 aeternitatem.
3227 1931 3422 1982 Amen.

2390 2045 2617 2101 CAPUT
2678 2045 2865 2100 XVIII.

1887 2135 2111 2201 Qualem
2140 2146 2377 2206 oporteat
2412 2153 2525 2191 esse
2562 2137 2897 2199 "tonat-Imm,
2924 2149 3041 2205 qua
3072 2135 3189 2203 ejus
3221 2136 3385 2199 actio,

2401 2218 2448 2261 ct
2481 2208 2571 2276 qui
2600 2223 2867 2289 ascensus.

1919 2298 2127 2353 Anima;
2160 2309 2265 2352 tuae
2295 2297 2515 2353 dommn
2549 2299 2633 2351 t'ac
2667 2298 2952 2366 palatium,
2983 2295 3128 2365 quod
3164 2294 3421 2350 Christus

1849 2392 2230 2446 universorum
2285 2407 2379 2444 rex
2432 2390 2697 2444 inhabitet
2743 2406 2756 2442 :
2808 2388 2894 2443 fac
2937 2398 3122 2442 autem
3160 2387 3419 2457 lacrymis

1847 2485 2203 2551 Stillantibus,
2253 2485 2574 2555 eiulatibus,
2630 2483 3131 2547 lamentationibus,
3182 2494 3418 2550 genuum

1847 2576 2265 2641 ﬂexionibus,'et
2297 2579 2506 2631 crebris
2535 2577 2845 2644 gemitibus,
2873 2577 2919 2631 si
2961 2573 3263 2627 monachus
3290 2585 3422 2627 vere

1851 2670 2097 2739 μονάξων
2127 2685 2249 2724 esse
2281 2670 2385 2724 vis.
2421 2669 2576 2723 Tunc
2619 2684 2723 2721 non
2757 2667 2867 2723 eris
2899 2666 3178 2736 μονάζων,
3228 2665 3280 2719 id
3312 2671 3420 2728 est,

1846 2762 2151 2827 solitarius,
2188 2777 2309 2814 nam
2346 2776 2471 2815 cum
2522 2775 2649 2830 rege
2694 2758 2999 2813 versaberis
3037 2774 3052 2814 :
3092 2756 3200 2810 eris
3231 2762 3415 2808 autem

1849 2853 2096 2923 μονάζων
2141 2853 2438 2908 secundum
2487 2868 2604 2917 nos,
2654 2860 2710 2905 ut
2754 2851 2847 2920 qui
2882 2850 2951 2903 ab
2994 2848 3307 2904 hominibus
3360 2854 3416 2901 et

1845 2943 2051 2997 mundo
2098 2944 2351 2997 universo
2402 2952 2685 3012 separatus
2730 2941 2829 3003 sis,
2867 2940 3011 3009 quod
3056 2946 3141 2993 est
3176 2937 3416 3007 legitime

1846 3034 2100 3103 μονὰζειν
2154 3053 2168 3090 :
2226 3034 2333 3090 Deo
2382 3044 2566 3087 autem
2624 3044 2676 3089 ct
2727 3034 2837 3101 regi
2891 3032 3240 3101 coniunctus,
3303 3042 3415 3082 non

160 3129 313 3170 num.
350 3116 497 3172 Iswd
521 3129 699 3176 autem
722 3140 949 3193 granum
971 3138 1055 3185 est
1080 3131 1251 3188 divini
1277 3134 1513 3204 Spiritus
1540 3143 1735 3209 gratia,
1765 3155 1811 3216 (ς
1848 3127 2116 3197 μονάιξωνι
2142 3126 2233 3180 Sed
2257 3128 2501 3180 ⁰¹¹¹¹⁵ί¹¹¹¹¹
2528 3134 2843 3179 smmum“
2869 3124 3074 3185 socms’
3094 3120 3408 3216 angcmium
3471 3168 3475 3173 ’

159 3201 355 3260 hortus
385 3222 480 3261 cor
505 3211 936 3285 uniuscujusque
962 3219 1233 3288 hominis;
1268 3201 1378 3290 ubi,
1409 3228 1501 3297 qui
1529 3201 1737 3299 accepit

158 3299 435 3365 spiritum,
489 3303 621 3357 serit
673 3305 804 3360 illud
845 3318 899 3362 et
945 3314 1206 3381 contegit,
1242 3316 1643 3386 abseonditque
1681 3320 1735 3373 in

160 3388 369 3444 int'mis
416 3392 742 3462 visceribus,
792 3409 851 3451 ut
885 3415 1049 3455 nemo
1078 3404 1279 3471 videat,
1327 3416 1381 3460 et
1430 3422 1553 3462 cum
1586 3411 1732 3465 Omni

158 3481 453 3537 sedulitate
487 3486 749 3551 custodit,
791 3498 849 3542 ut
880 3493 1164 3559 germinet,
1200 3504 1255 3548 et
1288 3499 1450 3552 arbor
1498 3502 1734 3557 evadens

156 3573 291 3625 caelo
322 3589 384 3626 se
440 3575 615 3632 tollat.
675 3578 731 3632 Si
765 3587 821 3633 tu
862 3582 1120 3650 allirnzas,
1182 3602 1292 3641 non
1332 3587 1441 3655 hic,
1483 3590 1574 3644 sed
1612 3601 1735 3660 post

160 3671 390 3717 mortem
422 3680 612 3722 omnes
644 3682 967 3739 accepturos
1005 3690 1231 3745 regnum
1276 3677 1389 3741 Dei,
1424 3682 1516 3749 qui
1549 3683 1599 3735 id
1630 3682 1734 3736 fer-

158 3765 343 3809 venter
398 3758 655 3825 diligunt,
700 3760 794 3817 Dei
854 3778 916 3817 ac
970 3767 1270 3824 Salvatoris
1320 3772 1496 3825 nostri
1568 3774 1732 3827 verba

156 3851 377 3903 evertis.
408 3850 520 3904 Nisi
548 3854 690 3906 cnim
720 3859 997 3925 acceperis
1021 3876 1249 3929 granum
1278 3865 1507 3934 sinapis,
1534 3867 1600 3920 de
1625 3882 1733 3935 quo

162 3937 312 4003 dixit,
362 3941 474 3994 nisi
534 3941 585 3995 id
651 3944 705 3997 in
751 3948 910 3999 horto
950 3957 1043 4003 tuo
1073 3953 1307 4016 severis,
1337 3957 1601 4011 sementis
1633 3974 1730 4011 ex—

162 4046 273 4094 pers
333 4047 531 4086 manes
590 4036 837 4091 omnino.
870 4036 1026 4103 Quod
1069 4041 1115 4094 si
1144 4044 1311 4096 etiam
1365 4060 1554 4100 semen
1598 4048 1729 4101 illud

157 4121 371 4187 ieceris,
399 4133 452 4176 et
497 4125 576 4179 ch
630 4128 805 4195 spinis
839 4130 1220 4191 suﬂ‘ocaveris.
1275 4136 1356 4189 vel
1402 4138 1596 4190 avibus
1646 4154 1732 4211 ra-

162 4215 412 4281 piendum
478 4219 810 4285 prodideris,
847 4232 940 4275 aut
1003 4225 1337 4293 negligentia
1378 4235 1469 4281 tua
1508 4229 1726 4284 hortum

160 4323 254 4361 non
298 4309 590 4374 rigaveris,
615 4320 667 4365 ct
702 4329 930 4382 granum
958 4326 1115 4384 rupta
1150 4318 1347 4374 tellure
1379 4336 1484 4374 non
1511 4324 1730 4391 prodie-

157 4401 235 4459 rit,
263 4418 375 4455 non
402 4405 819 4472 germinaverit,
848 4423 952 4461 non
979 4408 1215 4462 fructum
1242 4415 1447 4476 tulerit,
1473 4417 1724 4486 agedum,

1841 3220 2428 3289 eonvictor,justorum
2450 3216 2876 3277 contubernalis,
2894 3224 2946 3267 et
2965 3228 3152 3269 revera
3168 3211 3409 3266 omnium

1839 3313 2142 3366 crelcstium
2191 3311 2433 3364 colueres
2473 3309 2703 3364 cﬂ‘ectus
2746 3324 2825 3361 cs.
2876 3305 2994 3371 Quo
3048 3306 3212 3374 igitur
3254 3310 3412 3371 pacto

1842 3402 2111 3473 μονάςων,
2146 3403 2237 3471 qui
2273 3403 2346 3455 ibi
2380 3403 2542 3455 vitam
2583 3400 2761 3463 ducis,
2807 3399 2896 3451 ubi
2942 3396 3229 3452 celebritas
3260 3408 3407 3449 mar-

1839 3505 2039 3566 tyrum,
2070 3494 2159 3548 ubi
2188 3495 2389 3548 chorus
2420 3493 2809 3562 prophetarum
2837 3500 2891 3544 et
2917 3489 3227 3543 divinorum
3279 3501 3411 3555 apo-

1837 3588 2128 3648 stolorum,
2157 3588 2245 3640 ubi
2274 3586 2688 3640 innumerabilis
2707 3583 3408 3653 justorum,episcoporuin,

1837 3680 2291 3749 patriarcharum,
2326 3678 2669 3747 aliorumque
2706 3689 3022 3729 sanetorum
3059 3671 3359 3741 frequentia
3384 3671 3409 3721 ἲ

1836 3771 1939 3837 Qui
1982 3787 2109 3825 vero
2153 3773 2315 3825 etiam
2360 3770 2636 3824 Christum
2683 3770 2736 3823 in
2787 3783 2845 3823 se
2884 3767 3214 3820 habitantem
3248 3760 3406 3831 gerit.

1836 3865 1998 3919 dicite
2049 3864 2201 3925 mihi,
2252 3862 2528 3932 quomodo
2571 3862 2659 3914 hic
2709 3859 2860 3914 solus
2898 3872 3020 3911 esse
3050 3856 3155 3909 dici
3194 3850 3409 3921 potest?

1834 3956 1968 4009 Nam
2001 3971 2125 4007 cum
2169 3954 2387 4009 Christo
2438 3969 2559 4005 meo
2596 3966 2700 4005 una
2742 3959 2824 4005 cst
2856 3951 3040 4011 Pater,
3071 3956 3123 4001 et
3170 3945 3407 4014 Spiritus

1833 4058 2074 4104 Sanctus.
2125 4048 2187 4101 lit
2228 4048 2316 4116 qui
2364 4045 2583 4099 tandem
2624 4045 2797 4106 solus,
2846 4042 2938 4110 qui
2982 4041 3179 4102 tribus,
3217 4048 3275 4090 ut
3309 4038 3403 4091 uni

1833 4140 2119 4209 copulatus
2152 4139 2279 4193 est?
2321 4136 2436 4190 Non
2472 4146 2553 4190 est
2585 4137 2758 4199 solus,
2787 4135 2882 4204 qui
2924 4134 3035 4187 Deo
3070 4140 3155 4186 cst
3194 4130 3401 4194 unitus,

1833 4232 2044 4286 etiamsi
2084 4231 2237 4284 solus
2284 4240 2388 4289 est.
2425 4239 2478 4283 ct
2510 4229 2761 4297 quamvis
2809 4229 2865 4280 in
2906 4226 3222 4285 solitudine,
3253 4232 3306 4277 ct
3346 4224 3399 4275 in

1835 4334 1992 4380 antro
2019 4324 2202 4395 degat.
2235 4324 2408 4390 Quem
2440 4324 2485 4376 si
2512 4338 2621 4376 non
2653 4320 2882 4380 invenit.
2909 4321 2953 4373 si
2993 4335 3096 4372 non
3124 4316 3400 4386 cognovit,

1834 4419 1880 4473 si
1928 4433 2037 4471 non
2088 4418 2297 4486 accepit
2348 4425 2520 4470 totum
2581 4416 2930 4469 incarnatum
2990 4412 3083 4465 Dei
3140 4409 3401 4471 Verbum,

157 4492 315 4545 dicito
358 4509 484 4562 quae
527 4495 621 4548 tibi
659 4514 723 4549 ex
769 4497 871 4551 hac
902 4501 1119 4555 satione
1156 4506 1435 4571 proveniet
1480 4507 1726 4564 utilitas?
1759 4492 1804 4550 ο
1833 4512 1936 4565 heu
1969 4512 2087 4564 me!
2122 4510 2440 4578 neutiquam
2474 4518 2561 4563 est
2601 4507 2902 4561 monachus
2935 4522 2949 4559 :
2988 4503 3081 4558 sed
3117 4503 3275 4573 μόνος
3308 4516 3401 4555 80-

158 4580 380 4646 Quando
415 4596 620 4647 autem,
661 4595 714 4638 et
753 4602 864 4654 quo
912 4588 1019 4641 alio
1069 4600 1317 4661 tempore
1368 4594 1411 4647 si
1466 4612 1572 4649 non
1613 4599 1721 4663 hic,

156 4690 328 4729 semen
362 4675 616 4742 accipis?
646 4675 774 4730 Post
809 4690 1055 4741 nionem.
1093 4682 1295 4751 inquis.
1343 4685 1445 4740 Sed
1502 4688 1723 4743 abcrras

158 4764 217 4817 ab
239 4782 301 4820 eo
328 4767 474 4835 quod
502 4776 581 4820 est
610 4769 807 4822 rationi
839 4783 1292 4829 consentaneum.
1331 4776 1614 4848 InterrOgo
1645 4788 1720 4842 te,

157 4859 405 4925 quoniam
442 4859 495 4910 in
520 4857 680 4913 horto
717 4869 845 4913 tunc
878 4863 1018 4917 istuc
1048 4880 1278 4933 granum
1308 4877 1465 4921 teme
1489 4872 1723 4925 abscon-

156 4950 279 5002 des?
322 4965 568 5018 quonam
617 4951 802 5007 labore
832 4955 1000 5017 coles,
1062 4968 1120 5011 ut
1154 4959 1403 5013 eliciatur
1435 4961 1560 5016 inde
1603 4964 1723 5017 her-

157 5040 375 5097 hescens
408 5059 474 5096 ex
504 5060 569 5097 eo
596 5046 887 5099 viriditas?
918 5045 1081 5111 Vere,
1112 5052 1181 5102 mi
1219 5050 1409 5115 frater,
1437 5058 1714 5124 deceptus,

155 5143 202 5184 ct
253 5136 449 5202 plenus
499 5138 705 5190 erroris
751 5153 830 5192 es.
871 5139 980 5194 Iloc
1014 5142 1159 5195 enim
1213 5152 1426 5212 tempus
1468 5162 1720 5216 operum,

158 5223 411 5289 futurum,
449 5244 779 5284 coronarum
828 5243 931 5289 eSI.
971 5233 1069 5289 llic
1121 5248 1176 5290 tu
1230 5239 1593 5295 arrltabonem
1628 5260 1722 5296 seu

160 5316 345 5384 pignus
392 5320 602 5387 accipe,
646 5321 785 5375 dixit
832 5322 1133 5389 Dominus;
1191 5326 1277 5380 hic
1341 5329 1578 5397 sigillum
1620 5347 1715 5386 seu

158 5418 327 5460 ιδοωιιὶ
359 5424 529 5477 cape;
568 5412 673 5479 iam
708 5416 869 5468 modo
902 5416 1097 5470 animae
1126 5426 1231 5472 tua:
1284 5420 1587 5489 lampadem
1626 5439 1717 5476 ac-

154 5502 333 5561 ccudc,
376 5503 699 5572 priusquam
752 5510 1127 5575 contcnchret,
1194 5512 1515 5582 priusquam
1561 5516 1714 5569 clau—

155 5591 339 5645 dantur
368 5604 539 5662 porta:
577 5596 956 5654 obeuntlorum
1007 5616 1257 5671 operum.
1322 5602 1376 5658 Si
1416 5610 1582 5676 sapis,
1623 5611 1705 5660 hic

150 5772 186 5801 ""
212 5770 395 5826 Μέῑιῐι.
428 5790 546 5837 xm,
587 5775 673 5830 3i.

1834 4606 1941 4667 lus,
1987 4618 2016 4656 a
2059 4602 2166 4656 Deo
2197 4608 2502 4669 separatus,
2544 4607 2597 4653 et
2638 4600 2923 4667 seiunctus
2947 4596 3217 4650 videlicet.
3256 4593 3397 4659 Quin

1828 4698 1989 4750 etiam
2032 4694 2230 4763 singuli
2272 4705 2547 4756 nostrum,
2587 4690 2683 4760 qui
2718 4692 2822 4744 hoc
2852 4690 3037 4742 animo
3072 4702 3286 4750 sumus,
3330 4686 3402 4738 ab

1826 4789 1947 4841 aliis
1988 4786 2305 4840 hominibus
2349 4787 2576 4838 omnino
2623 4781 2927 4843 dissociati,
2976 4788 3029 4832 et
3074 4793 3265 4832 omnes
3310 4793 3400 4828 or-

1824 4879 1986 4946 phani
2020 4894 2083 4931 ac
2115 4878 2343 4932 desolati
2374 4892 2588 4939 sumus,
2624 4873 2840 4928 tametsi
2878 4872 3217 4926 habitatione
3260 4884 3397 4923 con-

1819 4970 1973 5041 jungi
2005 4970 2278 5032 videmur,
2309 4978 2361 5023 et
2387 4969 2684 5021 multorum
2712 4964 3099 5035 aggregatioue
3126 4962 3271 5014 inter
3298 4976 3400 5015 nos

1827 5063 2063 5117 misceri.
2102 5063 2297 5115 Animo
2341 5061 2485 5114 enim
2531 5066 2585 5113 et
2646 5071 2876 5126 corpore
2906 5053 3145 5123 sejuncti
3176 5068 3393 5115 sumus,

1830 5152 1971 5223 quod
2005 5168 2126 5206 esse
2157 5167 2343 5205 verum
2377 5166 2525 5204 mors
2548 5149 2811 5212 ostendit,
2851 5159 3301 5214 unumquemque
3328 5143 3398 5201 ab

1837 5245 2029 5297 amicis
2088 5252 2135 5296 et
2173 5242 2424 5311 cognatis
2456 5241 2746 5301 divellcns,
2779 5249 2835 5293 et
2861 5237 2951 5307 qui
2985 5250 3130 5289 nunc
3158 5234 3397 5299 diligun-

1831 5347 1939 5399 tur,
1984 5350 2173 5389 eornm
2224 5334 2469 5387 omnium
2524 5331 2856 5385 oblivionem
2901 5326 3155 5381 at'fercns.
3210 5324 3300 5376 Sic
3340 5330 3396 5377 et

1825 5444 1950 5487 uox,
1986 5436 2038 5481 ct
2086 5440 2332 5486 somnus,
2376 5434 2430 5478 et
2477 5425 2717 5477 actiones
2744 5423 2888 5483 vim,
2922 5418 3386 5471 consociationem

1825 5520 2139 5578 multorum,
2187 5527 2242 5570 ut
2292 5525 2719 5570 consentaneum
2754 5524 2858 5575 est,
2909 5511 3236 5565 dissolvunt.
3287 5509 3388 5573 Qui

1823 5620 2002 5666 autem
2035 5628 2127 5680 per
2160 5612 2410 5664 virtutem
2436 5609 2629 5663 cellam
2665 5621 2819 5660 suam
2845 5606 3039 5662 uelum
3077 5603 3223 5668 fecit,
3254 5610 3308 5657 et
3334 5603 3390 5658 in
