4170 6452
708 356 814 419 543

1942 359 2311 419 SIMEONIS
2349 359 2713 426 IUNIORIS

3867 373 3970 437 544

710 478 772 517 ea
807 466 1002 525 sedens
1034 465 1347 521 Creatorem
1407 469 1530 522 coeli
1564 477 1615 523 et
1655 476 1812 523 terra:
1853 473 2187 534 considerat,
2234 481 2288 524 et
2312 469 2369 533 Δ
2393 486 2499 526 non
2535 475 2787 543 possunt,
2827 492 2926 534 nec
2960 491 3180 536 exserto
3215 482 3395 552 capite
3440 484 3613 540 libero
3650 486 3776 540 caeli
3815 503 3970 557 aspe-

714 559 857 612 videt
900 567 954 610 ct
988 560 1202 623 odorat,
1248 569 1301 613 et
1348 576 1564 616 semper
1599 571 1681 615 est
1726 578 1848 617 cum
1895 565 2100 618 lumine
2134 566 2289 620 inac-

713 663 894 713 ccsso,
940 650 1143 703 lumine
1187 650 1308 705 sine
1357 668 1582 716 occasu,
1632 656 1835 709 lumine
1873 657 1993 711 sine
2032 671 2285 725 vespera,

715 756 745 795 a
781 756 891 809 quo
930 757 1035 794 non
1077 742 1375 806 dircllitur,
1412 746 1605 812 procul
1646 748 1869 799 omnino
1900 762 2008 800 non
2042 763 2289 804 remove-

716 842 826 895 tur,
861 847 967 885 non
997 833 1104 897 die,
1140 850 1247 887 non
1282 844 1462 897 nocte,
1495 852 1603 890 non
1643 838 1695 890 in
1727 839 1872 902 cibo,
1905 854 2015 892 non
2043 840 2097 892 in
2130 848 2283 909 potu,

717 922 812 976 sed
866 938 966 977 nec
1017 923 1067 976 in
1113 939 1344 989 somno,
1393 935 1488 981 aut
1528 928 1744 991 itinere,
1775 940 1870 983 aut
1904 930 1959 985 in
1992 934 2291 989 mutatione

717 1017 856 1077 loci;
910 1017 1005 1071 Sed
1056 1024 1115 1069 ut
1162 1018 1340 1078 vivus,
1395 1020 1467 1071 ita
1505 1030 1779 1084 mortuus,
1816 1022 1944 1088 imo,
1981 1033 2038 1077 ut
2084 1026 2289 1081 clarius

718 1107 919 1169 dicunt,
957 1110 1137 1161 anima
1171 1126 1399 1178 μίτοι-διεδ
1448 1111 1944 1182 in-sempiternutn
1990 1117 2063 1170 illi
2113 1119 2286 1172 adest.

719 1196 1178 1280 Quomodo-cnim
1213 1216 1413 1269 sponsa
1446 1218 1476 1255 a
1508 1218 1732 1271 sponso,
1766 1215 1860 1259 aut
1890 1212 1971 1261 vir
2003 1212 2071 1265 ab
2099 1226 2288 1275 uxore,

717 1288 803 1339 cui
827 1288 1112 1353 colligatus
1144 1297 1227 1344 est
1257 1293 1444 1356 semel,
1481 1294 1694 1364 sejungi
1724 1300 1935 1365 possit?
1961 1299 2285 1370 chisl:ttm‘,

720 1381 877 1441 cedo,
907 1380 1077 1448 legem
1118 1397 1227 1437 non
1263 1387 1538 1440 servabit?
1570 1388 1673 1453 Qui
1711 1390 1869 1455 dixit,
1906 1391 1973 1445 Et
2004 1404 2157 1447 erunt
2187 1397 2292 1448 duo

720 1469 773 1521 in
807 1486 965 1523 came
1004 1475 1197 1537 una",
1247 1477 1530 1543 quomodo
1572 1494 1695 1532 cum
1734 1482 1850 1549 ipsa
1884 1484 2111 1551 spiritus
2149 1502 2292 1541 unus

723 1577 828 1613 non
865 1562 1002 1616 erit?
1034 1564 1088 1616 lu
1146 1567 1260 1619 viro
1296 1568 1444 1621 enim
1488 1570 1709 1633 mulier,
1734 1571 1786 1625 in
1833 1574 2058 1629 muliere
2101 1577 2205 1639 vir,
2240 1589 2294 1632 et

721 1654 899 1706 anima
933 1656 987 1717 in
1032 1654 1161 1719 Deo,
1202 1665 1256 1711 et
1292 1658 1432 1714 Deus
1460 1660 1513 1714 in
1546 1663 1727 1717 anima
1765 1664 1974 1732 nnitur,
2004 1674 2058 1720 et
2085 1682 2293 1737 cogno-

719 1747 892 1800 scitur
930 1748 984 1799 in
1021 1751 1225 1803 sanctis
1266 1752 1544 1808 omnibus.

793 1838 885 1893 Sic
918 1841 1185 1897 nuinntur
1229 1844 1361 1909 Deo,
1399 1848 1491 1915 qui
1538 1861 1633 1917 per
1666 1848 2048 1918 paenitentiam
2082 1853 2295 1907 animas

722 1946 851 1986 snas
889 1934 940 1986 in
979 1936 1075 1988 hac
1115 1938 1222 1989 vita
1263 1951 1561 2009 purgantes
1614 1944 1869 1996 monachi
1902 1945 2056 2006 fiunt,
2099 1946 2295 1999 semoti

723 2025 791 2077 ab
821 2027 963 2089 aliis,
996 2029 1199 2097 quique
1232 2046 1453 2084 sensum
1483 2031 1687 2086 Christi
1723 2035 2024 2104 accipiunt,
2057 2038 2215 2105 cujus
2245 2048 2299 2093 et

722 2134 782 2175 ns
819 2130 946 2172 sunt
998 2129 1049 2173 et
1084 2122 1265 2190 lingua
1298 2138 1329 2176 a
1362 2125 1651 2179 mendacio
1678 2127 1860 2180 aliena
1897 2137 2003 2192 est,
2038 2145 2162 2183 cum
2190 2147 2295 2200 qua

723 2211 934 2264 Patrem
1003 2214 1435 2282 omnipotentem
1492 2218 1871 2286 alloquuntur,
1936 2229 1991 2274 et
2054 2222 2296 2275 clamant

721 2316 937 2368 semper
986 2320 1000 2357 :
1053 2305 1096 2359 Ο
1143 2304 1327 2370 Pater,
1371 2320 1405 2360 ο
1452 2305 1591 2371 Rex,
1633 2315 1687 2361 et
1724 2308 1991 2364 Conditor
2024 2313 2295 2366 omnium.

725 2392 928 2448 Ilorum
963 2395 1100 2449 cella
1132 2398 1332 2452 cmlum
1377 2405 1481 2461 est,
1523 2400 1736 2467 ipsique
1772 2402 1873 2461 sol,
1911 2411 1965 2456 et
1999 2404 2183 2459 lumen
2217 2415 2299 2460 est

723 2486 775 2539 in
823 2486 959 2556 ipsis
1008 2505 1293 2556 nunquam
1330 2492 1611 2552 occidens,
1655 2508 1717 2545 ac
1751 2493 2017 2559 divinum,
2056 2498 2199 2566 quod
2246 2508 2301 2553 et

722 2595 937 2634 omnem
971 2582 1249 2637 hominem
1286 2588 1591 2642 venientem
1630 2590 1685 2643 in
1722 2591 1866 2644 hunc
1907 2593 2191 2649 mundum.
2230 2608 2296 2646 ex

726 2675 931 2746 Spiritu
986 2689 1178 2734 sancto
1239 2689 1489 2736 renatum
1548 2683 1819 2738 illuminat
1850 2685 1917 2739 ".
1978 2685 2095 2738 Nox
2151 2685 2295 2737 enim

724 2787 832 2823 non
867 2778 951 2823 est
982 2772 1036 2823 in
1070 2773 1199 2834 illis,
1235 2788 1335 2826 nec
1367 2789 1475 2842 quo
1506 2775 1555 2827 id
1592 2776 1755 2829 modo
1788 2776 1897 2838 fiat,
1927 2776 2109 2829 dicere
2135 2792 2298 2843 queo.

726 2862 936 2917 llorreo
969 2863 1114 2917 enim
1157 2865 1285 2917 dum
1323 2865 1441 2919 haec
1488 2865 1584 2918 tibi
1634 2866 1838 2931 scribo,
1873 2877 1927 2920 et
1968 2867 2300 2935 cOgitationc

726 2956 839 3022 ipsa
876 2958 1137 3010 tremisco
1170 2972 1184 3008 :
1229 2955 1324 3009 sed
1360 2957 1531 3011 doceo
1563 2967 1637 3021 te,
1675 2957 1953 3027 quomodo
1982 2967 2036 3012 ct
2066 2973 2171 3026 qua
2209 2973 2298 3011 ra-

728 3048 875 3100 tione
912 3048 1119 3109 vivant.
1165 3048 1259 3117 qui
1299 3047 1407 3101 Deo
1441 3049 1712 3111 serviunt,
1756 3057 1811 3103 et
1850 3050 2002 3103 illum
2040 3065 2149 3119 pra:
2181 3066 2299 3103 om-

2326 1810 2368 1864 Β

2394 575 2485 621 ctu
2515 567 2643 623 frui.
2676 572 2852 639 Atque
2882 572 3026 627 istud
3070 582 3176 640 est,
3215 575 3362 645 quod
3410 576 3534 632 illos
3571 578 3720 645 angit
3750 590 3803 633 et
3834 594 3971 633 con-

2394 659 2601 724 tristat,
2643 662 2789 730 quod
2824 664 3102 718 Christum
3138 672 3312 719 totum
3354 683 3464 721 non
3500 668 3707 727 vident.
3752 678 3951 724 tamets

2394 759 2572 806 totum
2615 755 2832 821 vident;
2869 771 2967 810 nec
2996 773 3025 810 e
3062 757 3302 813 vinculis
3346 761 3594 829 corporis
3626 776 3685 814 sc
3715 761 3973 829 expedire

2394 854 2625 914 queunt,
2672 848 2888 901 etiamsi
2930 850 3459 917 perturbationibus,
3498 862 3551 906 et
3592 852 3739 904 omni
3784 869 3965 905 rerum

2397 934 2591 990 all‘ectu
2642 949 2838 991 vacent
2890 957 2903 993 :
2950 940 3045 993 sed
3094 955 3123 993 a
3159 942 3347 996 tnultis
3392 943 3546 995 liberi
3590 958 3654 996 ac
3685 943 3874 1005 soluti,
3906 946 3963 995 at

2396 1043 2506 1080 uno
2546 1031 2876 1083 retinentur.
2923 1031 3078 1086 Alius
3128 1036 3273 1086 enim
3317 1033 3506 1087 multis
3556 1034 3791 1087 vinculis
3843 1050 3974 1087 con-

2398 1120 2623 1175 stricms
2676 1132 2783 1186 est,
2842 1138 2941 1177 nec
2992 1124 3059 1178 ab
3109 1124 3217 1178 illis
3271 1125 3458 1179 multis
3506 1140 3567 1179 se
3612 1127 3853 1179 solutum
3908 1128 3971 1177 iri

2397 1223 2603 1281 Sperat.
2639 1213 2744 1279 Qui
2778 1225 2957 1269 autem
2995 1217 3216 1269 vincula
3246 1217 3479 1285 plurima
3526 1218 3851 1285 abrumpere
3887 1235 3976 1286 po-

2400 1303 2521 1366 luit,
2558 1310 2613 1356 et
2649 1304 2828 1358 adhuc
2865 1307 2933 1360 ab
2977 1321 3086 1360 uno
3127 1307 3445 1376 impeditur,
3486 1307 3607 1375 plus
3642 1308 3763 1362 aliis
3803 1310 3972 1367 dolet.

2397 1402 2450 1444 et
2497 1392 2564 1446 ab
2610 1392 2701 1445 illo
2740 1407 2960 1463 quoque
3002 1403 3059 1447 ut
3098 1396 3395 1461 eximatur,
3434 1396 3679 1452 studiose
3715 1400 3807 1452 dat
3843 1415 3974 1465 ope-

2400 1497 2539 1546 ram,
2571 1499 2621 1536 tll
2660 1483 2799 1538 liber
2830 1494 3111 1553 appareat,
3142 1497 3198 1539 ut
3226 1487 3468 1555 gaudens
3494 1489 3730 1549 inCedat,
3758 1501 3814 1541 ttt
3849 1504 3973 1542 cum

2403 1572 2758 1627 festinatione
2798 1575 2864 1628 ad
2896 1590 3019 1628 cum
3054 1576 3460 1645 proficiscatur,
3492 1593 3653 1647 quem
3697 1579 3977 1632 desid.-ra-

2399 1667 2496 1728 vit,
2548 1667 2708 1733 cujus
2758 1682 2927 1722 causa
2979 1668 3108 1722 item
3150 1671 3384 1724 vinculis
3424 1670 3631 1724 cxsolvi
3671 1671 3973 1725 contendit.

2402 1757 2550 1810 Illum
2606 1760 2773 1829 igitur
2828 1761 3028 1830 singuli
3096 1762 3273 1816 solum
3332 1772 3676 1829 expetamus,
3725 1764 3818 1832 qui
3877 1780 3976 1818 nos

2403 1851 2580 1904 levare
2638 1852 2757 1906 istis
2820 1853 3056 1906 vinculis
3119 1863 3328 1921 potest;
3398 1855 3550 1907 illum
3630 1866 3974 1923 ereptemus.

2402 1943 2579 2005 illum,
2610 1945 2770 2009 cujus
2805 1945 3216 2014 pulchritudine
3248 1948 3429 1999 omnis
3457 1948 3717 2015 cogitatio
3745 1957 3798 1999 et
3827 1964 3975 2001 mem

2401 2034 2766 2105 obstupescit,
2803 2052 3035 2105 qumque
3083 2038 3320 2090 animam
3355 2054 3569 2093 omnem
3614 2042 3890 2100 vulnerat.
3926 2049 3977 2093 et

2400 2129 2728 2196 quihusdam
2783 2129 2884 2183 alis
2934 2128 2999 2181 ad
3047 2129 3374 2185 charitatcm
3426 2132 3704 2194 subvehit,
3752 2140 3808 2185 et
3852 2147 3975 2185 curn

2402 2218 2515 2273 Deo
2548 2220 2601 2273 in
2635 2235 2796 2275 omne
2830 2237 3005 2275 :cvum
3040 2225 3343 2277 'consociat
3406 2232 3571 2292 atque
3612 2225 3973 2293 conglutinat.

2472 2311 2590 2376 Eia,
2645 2311 2842 2368 fratres
2890 2314 3017 2377 mei,
3070 2314 3135 2367 ad
3192 2316 3339 2368 hunc
3389 2315 3698 2369 aetionibus
3749 2317 3973 2369 currite.

2402 2403 2497 2458 Eia
2542 2404 2727 2469 amici,
2769 2407 3063 2473 exsurgite.
3092 2405 3168 2461 Ne
3205 2408 3538 2475 posteriores
3588 2406 3730 2459 ferre
3768 2408 3970 2459 velitis.

2402 2493 2479 2550 Nc
2510 2510 2606 2549 vos
2640 2496 2866 2548 nimium
2915 2505 3184 2559 amantes,
3232 2496 3388 2550 nobis
3436 2497 3838 2566 obloquamini.
3897 2498 3976 2551 Ne

2402 2586 2679 2641 allirmetis
2751 2588 3092 2656 impossibile
3150 2590 3325 2642 videri
3393 2588 3658 2657 Spiritum
3721 2602 3976 2646 sanctum

2402 2681 2669 2747 accipere.
2723 2680 2801 2733 Ne.
2851 2679 3040 2743 dicite,
3094 2682 3306 2751 absque
3354 2682 3474 2750 ipso
3524 2684 3755 2735 salutent
3816 2698 3978 2751 posse

2402 2771 2544 2826 dari.
2591 2773 2669 2827 Ne
2715 2772 2899 2835 dicite,
2943 2790 3273 2843 quemquam
3318 2774 3483 2840 huius
3533 2775 3827 2829 inscienter
3855 2789 3981 2829 esse

2402 2865 2747 2934 participem.
2800 2863 2878 2917 Ne
2925 2865 3111 2927 dicite,
3156 2865 3333 2935 Deum
3384 2867 3451 2918 ab
3501 2867 3820 2920 hominibus
3870 2881 3978 2919 non

2402 2955 2597 3009 videri.
2652 2954 2727 3009 Ne
2777 2954 2969 3017 dicite,
3015 2954 3263 3009 homines
3316 2955 3559 3008 divinum
3617 2957 3799 3010 lumen
3869 2973 3976 3012 non

2406 3047 2626 3111 videre;
2662 3055 2753 3100 aut
2783 3047 2833 3100 id
2873 3048 2956 3101 his
2984 3048 3323 3115 temporibus
3368 3047 3479 3100 fieri
3515 3062 3620 3101 non
3658 3065 3840 3117 posse.
3874 3049 3981 3105 Ne-

730 3140 891 3193 nibus
920 3141 1266 3206 inquisitum,
1300 3141 1477 3194 solum
1508 3141 1857 3203 invenerunt,
1885 3143 2061 3196 solum
2094 3141 2301 3197 dilexe-

2408 3151 2682 3206 quaquam
2740 3136 2813 3190 ita
2863 3145 2968 3200 est,
3020 3139 3216 3203 amici;
3280 3138 3386 3189 into
3443 3139 3751 3193 volentibus
3813 3143 3980 3195 etiam

727 3238 891 3294 runt;
927 3233 1204 3294 quomodo
1233 3231 1331 3285 soli
1376 3247 1471 3300 per
1498 3232 1866 3287 monasticum
1904 3240 2106 3286 statum
2142 3234 2301 3296 uniti,

727 3337 852 3378 Cum
890 3324 1008 3376 solo
1042 3324 1172 3383 soli.
1220 3325 1475 3392 quamvis
1514 3324 1566 3377 in
1610 3324 1885 3393 frequenti
1928 3326 2150 3393 populo,
2194 3325 2303 3380 sint

728 3416 887 3485 quasi
923 3416 1117 3469 relicti.
1148 3414 1212 3467 lfi
1249 3416 1393 3469 enim
1424 3432 1614 3470 revera
1653 3427 1780 3471 sunt
1813 3418 2088 3479 monachi,
2119 3427 2171 3472 et
2202 3416 2304 3470 soli

733 3506 1081 3575 μονάζοντες,
1117 3505 1211 3573 qui
1240 3521 1364 3558 cum
1402 3506 1522 3559 solo
1549 3504 1678 3567 Deo,
1705 3516 1755 3559 et
1782 3507 1835 3560 in
1871 3506 1979 3561 Deo
2010 3508 2135 3569 soli,
2168 3506 2306 3562 nudi

728 3597 1159 3658 cogitationibus
1219 3604 1275 3649 et
1310 3597 1619 3663 omnigenis
1652 3597 1821 3650 animi
1856 3598 2252 3663 agitationibus
2286 3616 2303 3652 :

730 3687 904 3739 solum
926 3686 1210 3739 intuentur
1226 3686 1393 3738 Deum
1413 3686 1556 3754 apud
1581 3686 2184 3757 animum,cogitantes,
2205 3704 2306 3744 nec

729 3778 1034 3847 cogitantes
1060 3778 1211 3831 infixi
1242 3778 1498 3830 nimirum
1518 3776 1570 3830 in
1590 3778 1819 3841 lumine,
1842 3779 2304 3847 quemadmodum

729 3872 899 3924 telum
920 3870 972 3923 in
998 3869 1324 3936 pariete.aut
1342 3870 1496 3924 stella
1517 3871 1571 3923 in
1590 3870 1856 3936 cmlo,aut
1873 3870 2060 3923 nescio
2077 3886 2186 3939 quo
2200 3872 2307 3928 alio

735 3962 920 4014 modo.
959 3958 1351 4014 Verumtamen
1393 3969 1454 4013 ut
1502 3961 1792 4029 quemdam
1844 3961 2083 4014 lucidum
2128 3962 2309 4015 thala-

736 4068 882 4104 mum
918 4051 1165 4105 habitant
1194 4052 1363 4105 cellas
1404 4066 1557 4113 suas.
1597 4060 1651 4105 et
1684 4067 1743 4106 se
1774 4052 1829 4105 in
1864 4052 2004 4106 cado
2036 4052 2309 4105 arbitran-

733 4148 829 4194 tur
870 4145 1073 4196 vivere.
1122 4141 1260 4195 Num
1293 4151 1475 4195 autem
1516 4158 1647 4197 vere
1687 4142 1957 4209 habitent,
1992 4144 2305 4209 considera,

734 4248 786 4289 et
819 4236 975 4287 fidem
1012 4234 1229 4288 habeto.
1264 4234 1381 4286 Non
1414 4233 1558 4286 enim
1592 4242 1722 4287 sunt
1777 4237 1831 4286 in
1864 4244 2027 4299 terra,
2059 4235 2310 4304 quamvis

736 4336 882 4381 terra
914 4337 1240 4391 teneantur;
1274 4325 1378 4379 'sed
1425 4326 1477 4378 in
1512 4326 1718 4379 lumine
1754 4326 1969 4379 venturi
2004 4327 2189 4380 saeculi
2225 4326 2308 4380 vi-

735 4432 891 4481 vunt,
928 4420 981 4474 in
1012 4435 1118 4488 quo
1146 4420 1390 4474 habitant
1445 4427 1500 4471 et
1536 4419 1880 4472 inambulant
1906 4420 2105 4488 angeli,
2138 4434 2165 4471 a
2199 4434 2309 4489 quo

738 4515 1028 4581 rapiuntur
1099 4510 1440 4580 Principatus
1490 4518 1544 4563 et
1594 4511 1915 4572 Potestates,
1980 4512 2185 4565 Throni
2256 4525 2311 4567 et

741 4605 1152 4658 nominationes
1192 4619 1383 4655 omnes
1425 4603 1843 4657 confirmantur.
1891 4603 1953 4656 Et
1995 4619 2308 4673 quanquam

741 4694 885 4747 Deus
934 4694 1233 4761 requiescit
1296 4692 1348 4745 in
1401 4694 1611 4745 sanctis
1668 4693 1804 4756 suis,
1864 4703 2042 4745 tamen
2098 4694 2151 4745 in
2203 4694 2314 4746 Deo

741 4784 915 4837 sancti
952 4785 1162 4845 vivunt,
1200 4792 1249 4835 ct
1284 4792 1598 4845 moventur,
1625 4784 1969 4837 ambulantes
1993 4786 2048 4837 in
2082 4783 2313 4845 lumine,

740 4877 885 4929 velut
919 4891 1081 4943 super
1115 4875 1453 4943 pavimento.
1488 4872 1734 4927 Miranda
1774 4890 1883 4936 res,
1928 4884 2183 4943 tauquam
2215 4890 2314 4927 an-

740 4968 868 5035 geli,
912 4975 965 5019 et
1017 4966 1107 5019 liiii
1145 4966 1410 5020 Altissimi
1450 4975 1573 5036 post
1607 4974 1837 5019 mortem
1867 4974 2048 5030 erunt,
2081 4968 2154 5019 dii
2187 4982 2311 5021 cum

744 5059 855 5113 Deo
888 5060 1157 5121 viventes,
1201 5074 1323 5111 eum
1365 5074 1432 5113 eo
1473 5059 1565 5127 qui
1615 5068 1809 5113 natura
1845 5066 1952 5121 est,
1997 5059 2047 5109 hi
2092 5058 2184 5127 qui
2219 5072 2316 5126 per

745 5152 1091 5221 adoptionem
1125 5151 1333 5205 similes
1359 5152 1406 5204 ei
1446 5151 1571 5205 facti
1609 5162 1758 5206 sunt.
1790 5149 1903 5205 lloc
1934 5158 2143 5203 tantum
2172 5167 2314 5205 nunc

747 5245 823 5296 illi
869 5242 1093 5305 cedunt,
1144 5244 1288 5312 quod
1322 5259 1552 5313 corpore
1596 5245 1766 5298 vincti
1802 5253 2083 5308 tenentur,
2119 5260 2314 5309 eoque,

748 5341 852 5391 heu
882 5338 1153 5397 velantur,
1191 5346 1242 5389 et
1282 5338 1639 5403 nbteguntnr,
1680 5346 1738 5389 ut
1776 5337 1868 5404 qui
1907 5338 1958 5389 in
1999 5337 2318 5390 carceribus

754 5430 916 5483 vincti
965 5430 1372 5491 custodiuntur,
1408 5429 1500 5499 qui
1550 5432 1743 5489 solum,
1775 5440 1826 5482 τι
1859 5430 2041 5482 radios
2073 5428 2193 5495 ejus
2226 5444 2319 5495 per

755 5522 998 5573 foramen
1044 5520 1412 5587 ingredientes
1464 5521 1800 5589 perspiciunt
1850 5519 2091 5588 quidem,
2140 5520 2317 5587 ipsum

754 5623 935 5665 autem
978 5620 1147 5663 totum
1186 5612 1391 5675 videre,
1428 5622 1480 5666 et
1522 5613 1792 5683 sperniari
1827 5613 2073 5665 custodia
2109 5615 2317 5681 egressi

862 5792 905 5823 ¹⁷
946 5790 1077 5843 Cen.
1116 5808 1177 5852 tt,
1208 5793 1296 5846 ἓξ.
1376 5794 1419 5823 ³⁸⁵
1445 5792 1601 5847 Jour.
1634 5811 1672 5857 ι,
1703 5794 1753 5847 9.

2340 4476 2385 4531 D

2409 3228 2568 3283 facile
2620 3238 2705 3283 est
2754 3247 2768 3282 :
2826 3229 2918 3283 sed
2975 3229 3043 3285 iis
3088 3230 3181 3297 qui
3225 3230 3390 3283 vitam
3432 3246 3460 3284 a
3503 3233 3980 3299 perturbationum

2408 3321 2737 3375 tumultibus
2768 3330 3056 3375 vacantem
3099 3331 3148 3374 et
3183 3322 3428 3376 se-latam
3472 3334 3662 3391 agunt,
3691 3333 3745 3379 et
3778 3328 3983 3393 quibus

2409 3410 2533 3481 puri
2574 3412 2839 3465 mentium
2875 3412 3042 3465 oculi.
3081 3411 3213 3464 Aliis
3241 3423 3588 3480 peccatorum
3620 3414 3986 3472 immnnditia

2407 3505 2707 3558 caecitatem
2755 3505 3000 3569 pariunt,
3041 3520 3159 3574 qua:
3204 3514 3255 3557 et
3294 3504 3385 3557 hic
3430 3512 3483 3557 et
3517 3504 3629 3559 illic
3668 3506 3856 3561 divino
3890 3523 3986 3563 eos

2410 3596 2617 3649 lumine
2645 3595 2963 3665 privabunt,
3002 3605 3078 3660 et,
3125 3594 3258 3649 mihi
3311 3594 3649 3660 credite,.in
3698 3596 3876 3664 ignem
3931 3606 3988 3651 et

2409 3689 2662 3742 tenebras
2693 3686 3127 3741 tuitteut.Videte
3162 3726 3178 3750 ,
3211 3688 3395 3749 amici,
3430 3687 3630 3755 qualis,
3667 3704 3829 3754 quam
3866 3689 3989 3758 pul-

2410 3780 2561 3839 cher,
2596 3781 2668 3834 sit
2700 3778 2984 3832 Dominus.
3036 3777 3155 3839 Eia,
3202 3794 3267 3831 ne
3308 3778 3652 3831 eonniveatis
3685 3779 3888 3841 animo,
3920 3781 3987 3833 ad

2410 3879 2612 3925 terram
2650 3868 3005 3937 aspicientes.
3055 3867 3171 3932 Eia,
3208 3882 3277 3919 ne
3324 3866 3475 3919 euris
3509 3874 3852 3919 terrenorum
3886 3884 3987 3922 ue-

2409 3958 2681 4030 gotiorum
2705 3968 2759 4013 et
2792 3974 2976 4027 apum,
3001 3966 3055 4011 el
3070 3958 3372 4024 cupiditate
3412 3957 3987 4027 glorieloccupemini,

2411 4061 2472 4106 ut
2498 4054 2597 4105 bne
2620 4052 2801 4105 lumen
2834 4052 2956 4103 vita:
2986 4058 3201 4103 :eterna:
3226 4049 3565 4116 relinquatis.
3588 4051 3764 4118 Agite,
3789 4052 3990 4115 venite,

2413 4143 2596 4207 amici,
2641 4157 2879 4207 mecum,
2924 4150 2977 4195 et
3015 4157 3147 4203 una,
3191 4154 3298 4193 non
3326 4140 3562 4208 quidem
3609 4155 3860 4207 corpore,
3896 4144 3991 4196 sed

2416 4235 2598 4288 anima
2632 4244 2687 4287 et
2723 4234 2887 4285 corde
2917 4232 3218 4285 elevemur.
3263 4230 3315 4282 in
3360 4228 3667 4281 humilitate
3708 4236 3850 4284 bono
3889 4232 3996 4284 Do-

2417 4326 2566 4381 mino
2625 4324 3014 4382 acclamantes.
3074 4320 3441 4384 misericordi,
3496 4331 3549 4375 et
3602 4322 3704 4373 soli
3760 4323 3995 4393 benigno

2417 4417 2549 4480 Deo,
2585 4427 2642 4470 et
2674 4416 2898 4469 omnino
2925 4413 3203 4473 exaudiet,
3236 4412 3465 4465 omnino
3514 4412 3866 4465 misnebitur
3888 4456 3903 4479 ,
3944 4425 3996 4468 et

2426 4508 2653 4563 omnino
2702 4506 3058 4566 revelabitur,
3112 4513 3166 4557 et
3196 4504 3424 4556 omnino
3471 4519 3529 4555 se.
3580 4506 3899 4572 patefaciet,
3943 4515 3995 4559 et

2414 4600 2599 4653 lumen
2632 4613 2790 4650 suum
2824 4596 3066 4649 lucidum
3108 4594 3271 4649 nobis
3316 4594 3588 4647 ostendet.
3621 4595 3765 4661 Quid
3799 4613 3995 4663 grava-

2415 4692 2546 4744 tnini
2580 4690 2789 4749 miseri,
2823 4688 2959 4755 quid
3002 4686 3335 4755 pigramini?
3386 4685 3529 4750 Quid
3588 4687 3833 4754 requiem
3878 4702 3996 4740 cor—

2414 4786 2587 4854 poris,
2614 4793 2667 4835 et
2700 4780 2927 4851 gloriam
2960 4780 3290 4833 inhonoram
3337 4786 3392 4831 et
3428 4776 3745 4848 inglorium,
3776 4779 3995 4831 inanem

2412 4886 2466 4933 ct
2500 4891 2695 4929 vanam
2752 4872 3048 4938 mavultis?
3093 4869 3235 4936 Quid
3287 4870 3455 4922 vitam
3509 4870 3697 4922 virtuti
3755 4872 3999 4923 deditam

2414 4984 2539 5024 esse
2571 4969 2831 5027 otiosam,
2863 4979 2917 5018 ct
2964 4978 3162 5019 vocare
3204 4962 3581 5016 sollicitudine
3618 4963 3848 5015 dicitis?
3882 4962 4002 5017 Non

2422 5060 2497 5113 ita
2528 5067 2632 5119 est,
2669 5056 2891 5115 fratres,
2944 5064 3189 5112 nonest.
3249 5066 3319 5105 ne
3369 5050 3591 5105 erretis.
3649 5050 3757 5104 Sed
3807 5066 4005 5119 quem-

2427 5147 2718 5204 admodum
2748 5147 2841 5215 qui
2876 5145 3045 5198 vitam
3080 5142 3399 5198 szceularem
3448 5150 3636 5211 agunt,
3684 5142 4004 5209 habentque

2429 5256 2651 5300 uxores.
2688 5249 2742 5292 et
2777 5238 3002 5300 liberos,
3028 5244 3081 5289 et
3111 5235 3351 5293 divitias.
3389 5247 3452 5285 ac
3490 5233 3852 5300 temporalem
3888 5235 4006 5302 glo-

2429 5336 2563 5388 riam
2602 5340 2885 5401 appctunt,
2922 5330 3165 5383 studium
3216 5327 3496 5389 adhibent,
3546 5335 3597 5377 et
3640 5334 3900 5384 currunt,
3949 5332 4009 5376 ut

2430 5428 2673 5497 Opinioni
2713 5440 2827 5480 sua:
2854 5421 3205 5477 satisfaciant
3232 5438 3245 5471 :
3277 5419 3348 5471 ita
3374 5432 3597 5486 quoque
3624 5417 3807 5470 omnis
3832 5416 4011 5480 poeni.

2430 5530 2574 5583 tens,
2610 5530 2664 5573 et
2698 5520 2805 5571 Deo
2842 5517 3091 5570 serviens
3144 5513 3404 5567 festinare
3450 5511 3632 5569 debet,
3670 5518 3721 5563 et
3770 5510 3824 5563 in
3872 5524 4008 5561 eon-

2435 5616 2586 5665 tinua
2647 5607 3023 5667 sollicitudine
3076 5603 3309 5669 versari,
3342 5601 3619 5673 quomodo
3658 5601 3781 5671 ejus
3822 5601 4005 5670 [uenio
