4170 6452
132 417 239 489 545

1206 403 1279 461 Di
1296 403 1647 466 VINORUM
1683 403 2015 467 AMORUM
2050 408 2303 471 LIBER.

3290 409 3395 471 546

137 516 311 569 tentia
343 516 435 570 [Eat
470 516 823 585 aceeptabilis
875 516 1250 589 perfectaque,
1292 529 1345 574 et
1370 519 1478 575 Deo
1520 522 1717 590 placita
1746 522 1796 582 Α
1822 522 2001 577 solum
2029 523 2219 577 cellam
2248 521 2561 587 occluderc,
2595 531 2648 577 et
2680 522 2828 576 intus
2858 518 3080 584 sedere;
3114 519 3207 573 se-l
3240 522 3283 574 si
3312 520 3393 576 vel

134 607 407 661 servitus.
438 605 577 659 Tum
610 606 719 661 Deo
758 623 824 662 cx
866 608 952 663 his
1002 610 1223 678 pcnitus
1275 610 1582 674 familiaris,
1620 628 1713 680 pe-

135 699 285 752 nitus
313 698 365 752 ei
402 700 621 769 unitur,
659 700 949 770 ipsumque
1014 710 1141 755 ante
1189 704 1380 756 oculos
1433 702 1711 767 intuetur;

132 800 523 861 quantumque
556 795 823 848 voluntati
871 794 991 864 ejus
1026 810 1230 848 morem
1265 811 1454 865 gerere
1490 806 1713 850 Conten-

134 881 234 945 dit,
272 882 487 937 tantam
522 884 625 937 sibi
654 886 797 954 apud
837 900 962 940 eum
992 885 1249 939 ﬁduciam
1312 901 1373 940 ac
1407 887 1712 941 libertatem

136 975 343 1033 sumit;
380 977 527 1043 quod
576 976 778 1030 utinam
825 985 880 1031 et
927 993 1026 1031 nos
1074 977 1252 1032 facere
1290 993 1618 1042 mereamur,
1658 987 1714 1033 et

144 1071 583 1126 misericordiam
644 1074 935 1141 impetrare
989 1088 1111 1126 cum
1170 1074 1429 1128 Omnibus
1484 1076 1711 1136 sanctis,

140 1176 288 1213 nunc
341 1164 562 1231 quidem
605 1175 863 1233 quantam
908 1164 961 1217 in
1000 1164 1105 1217 hac
1142 1166 1247 1218 vita
1296 1166 1514 1231 assequi
1565 1166 1712 1227 liCcl,

139 1250 249 1302 illic
299 1263 482 1305 autem
527 1252 809 1306 Christum
866 1263 1059 1318 totum,
1119 1269 1182 1308 ac
1235 1265 1406 1307 totum
1452 1253 1713 1323 Spiritum

140 1344 193 1395 in
262 1343 424 1399 Patre
496 1360 899 1417 consequamur
965 1348 1020 1402 in
1098 1348 1296 1403 saecula
1366 1348 1714 1404 saeculorum.

139 1435 335 1489 Atreu.

721 1581 950 1639 CAPUT
1005 1583 1148 1640 XIX.

143 1718 218 1771 De
252 1719 606 1773 intellectuati
644 1720 961 1775 reuelatione
990 1721 1321 1790 [auctionum
1354 1718 1518 1771 divini
1558 1720 1720 1772 lumi-

208 1792 317 1852 nis,
346 1791 510 1857 deque
540 1790 743 1852 divina,
778 1801 824 1843 et
864 1807 980 1858 qua:
1015 1792 1192 1842 animo
1239 1793 1475 1841 cernitur
1515 1792 1720 1844 actione

207 1861 355 1912 iliius
387 1874 529 1923 tum,
562 1877 679 1929 qua:
711 1876 829 1913 cum
860 1860 1053 1913 uirtute
1086 1860 1425 1929 transigitur.

210 2008 389 2063 Sinite
422 2025 506 2065 me
538 2010 734 2075 solum,
769 2010 920 2065 cella:
948 2023 1082 2063 mea:
1113 2008 1423 2073 inclusum;
1460 2009 1718 2064 dimittite

142 2117 226 2153 me.
282 2118 409 2155 cum
455 2103 588 2166 Deo,
632 2103 725 2170 qui
780 2102 931 2155 solus
975 2110 1060 2154 est
1104 2100 1405 2171 benignus;
1445 2102 1715 2166 absistite,

141 2194 360 2261 longius
404 2208 505 2248 vos
556 2200 867 2259 removete;
916 2192 1082 2246 sinite
1123 2208 1208 2246 me
1242 2193 1418 2247 solum
1455 2194 1594 2247 mori
1626 2208 1721 2247 co-

141 2300 253 2339 ram
286 2285 423 2348 Deo,
450 2284 541 2353 qui
578 2282 733 2338 tinxit
761 2299 868 2339 me.
890 2282 1061 2338 Nemo
1085 2285 1287 2337 ostium
1314 2283 1525 2352 pulset;
1558 2297 1719 2339 nemo

143 2392 331 2429 vocem
385 2378 607 2442 mittat;
656 2390 817 2432 nemo
867 2385 1231 2444 cognatorum
1305 2376 1719 2445 amicorumque

145 2484 229 2522 tne
274 2469 441 2529 visat,
489 2481 648 2520 neruo
691 2475 929 2520 mentem
976 2480 1151 2519 meam
1203 2480 1230 2518 a
1261 2469 1719 2536 contemplatione

143 2561 267 2613 boni
348 2574 411 2613 ac
462 2559 693 2628 speciosi
748 2557 964 2612 Domini
1016 2557 1334 2623 abstrahat;
1384 2572 1545 2612 nemo
1586 2558 1719 2612 mihi

139 2649 326 2704 cibum
378 2651 657 2719 porrigat;
712 2664 875 2703 nemo
935 2658 1125 2718 potum
1182 2646 1373 2701 aﬂerat
1423 2663 1438 2700 :
1490 2646 1720 2701 sulliciet

141 2740 285 2793 enim
324 2741 455 2794 mihi
498 2741 669 2794 emori
701 2741 755 2794 in
787 2748 1088 2809 conspectu
1124 2740 1218 2794 Dei
1253 2741 1379 2807 mei,
1412 2739 1506 2794 Dei
1549 2742 1717 2795 mise-

142 2832 398 2896 ricordis,
437 2831 534 2888 Dei
575 2834 820 2899 benigni,
857 2834 953 2902 qui
995 2834 1052 2887 in
1093 2842 1269 2888 terras
1310 2834 1617 2896 descendit,
1658 2843 1719 2890 ut

142 2928 458 2988 peccatores
522 2929 763 2985 vocaret,
804 2931 857 2976 et
894 2938 1079 2977 secum
1111 2937 1205 2977 eos
1247 2924 1299 2975 in
1345 2924 1508 2975 vitam
1551 2923 1719 2978 ccelc-

144 3022 283 3067 stein
350 3013 697 3084 perduceret.
721 3011 856 3069 Nolo
910 3013 1087 3068 lucem
1149 3014 1333 3069 mundi
1383 3015 1568 3086 hujus,
1616 3032 1717 3073 nec

142 3107 317 3175 ipsum
353 3111 547 3172 solem,
579 3123 680 3161 nec
712 3123 833 3177 quae
874 3108 926 3161 in
963 3107 1169 3161 mundo
1200 3116 1350 3174 sunt,
1386 3110 1570 3165 videre
1603 3125 1718 3165 am-

140 3199 302 3268 plius.
352 3196 526 3253 Video
575 3213 811 3268 namque
857 3199 1144 3253 Dominum
1182 3215 1386 3263 meum,
1431 3201 1588 3256 video
1629 3216 1714 3256 re-
1746 3239 1787 3294 ε

142 3306 283 3360 gem,
347 3290 505 3345 video
566 3306 751 3343 verum
808 3290 1017 3356 lumen,
1071 3298 1125 3343 et
1179 3292 1448 3359 cujusque
1497 3293 1719 3345 luminis

140 3392 469 3434 creatorem.
503 3378 673 3435 Video
704 3380 909 3435 fontem
938 3382 1119 3435 omnis
1150 3381 1301 3435 boni.
1325 3380 1496 3436 Video
1523 3395 1718 3439 aucto-

141 3488 273 3540 rem,
312 3484 371 3529 et
411 3489 635 3530 causam
666 3490 847 3528 rerum
880 3477 1149 3528 omnium.
1185 3472 1355 3530 Video
1387 3476 1715 3546 principium

142 3567 392 3635 principii
424 3581 642 3636 expers,
680 3581 710 3619 a
741 3582 848 3635 quo
882 3568 1149 3635 producta
1184 3576 1314 3622 sunt
1347 3570 1624 3635 universa,
1662 3582 1716 3625 et

142 3674 230 3724 per
255 3672 427 3726 quem
461 3659 650 3710 vivunt
686 3658 1061 3728 alimentaque
1095 3659 1389 3729 implentur
1419 3665 1634 3727 omnia;
1663 3672 1719 3718 et

143 3750 295 3819 cujus
324 3750 605 3804 voluntate
632 3750 887 3805 deﬁciunt
951 3765 1014 3803 ac
1045 3751 1303 3804 desinunt
1332 3753 1534 3806 omnia.
1565 3754 1717 3818 Quo-

145 3844 300 3894 modo
352 3841 518 3910 igitur
573 3855 638 3895 eo
688 3841 909 3895 deserto
955 3841 1146 3895 cellam
1205 3857 1380 3895 meam
1433 3846 1717 3911 egrediar?

146 3927 315 3985 Sinite
362 3944 471 3992 me,
521 3939 575 3983 et
615 3930 976 3994 lamentabor,
1021 3940 1074 3983 et
1106 3929 1405 3998 deplorabo
1442 3943 1629 3990 noctes
1663 3946 1717 3991 et

143 4022 274 4089 dies,
330 4036 472 4091 quos
518 4021 749 4091 perdidi,
792 4021 926 4075 dum
972 4020 1187 4075 intueor
1239 4004 1500 4078 mundum
1551 4025 1715 4091 hunc,

146 4117 354 4170 intueor
386 4116 583 4177 solem,
623 4114 839 4167 intueor
870 4113 1053 4167 lumen
1088 4112 1276 4166 mundi
1314 4115 1417 4168 hoc
1453 4116 1558 4168 sub
1592 4131 1716 4167 sen-

144 4221 253 4259 sum
301 4206 533 4266 cadens,
588 4212 643 4258 et
678 4204 1067 4273 caliginosum,
1111 4203 1257 4272 quod
1297 4204 1531 4257 animam
1571 4203 1713 4257 haud

146 4297 435 4359 illuminat,
470 4297 606 4349 citra
640 4296 782 4364 quod
824 4296 991 4349 etiam
1029 4295 1202 4348 oculis
1232 4296 1375 4362 capti
1417 4296 1630 4360 vivunt,
1660 4305 1714 4348 et

145 4403 258 4442 cum
288 4391 419 4441 hinc
444 4400 619 4442 morte
644 4388 1024 4449 discesserint,
1047 4402 1195 4441 nunc
1220 4386 1529 4441 videntibus
1557 4404 1713 4456 pares

144 4490 326 4544 erunt;
362 4482 417 4533 in
447 4495 557 4547 quo
582 4486 636 4533 et
665 4493 767 4547 ego
799 4478 1159 4547 vagabundus
1189 4478 1411 4531 laetabar
1440 4481 1710 4532 omnimo-

1820 611 2020 667 cﬂossa
2072 615 2237 667 humo
2259 630 2346 668 me
2391 614 2752 678 abscondere,
2801 624 2856 669 et
2903 614 2977 668 ibi
3025 613 3189 666 vitam
3244 622 3393 669 extra

1820 704 2087 758 mundum
2121 712 2290 758 totum
2340 709 2550 769 vixero,
2600 704 2982 776 aspiciensque
3029 702 3393 757 immortalem

1816 795 2166 851 Conditorem
2196 811 2258 850 ac
2286 797 2593 859 Dominum.
2623 797 2744 867 ejus
2770 810 2954 851 amore
2982 798 3116 850 mori
3148 796 3392 857 voluero,

1820 887 2002 941 sciens
2055 904 2141 941 me
2204 889 2396 958 utique
2452 904 2560 941 non
2610 890 2965 942 moriturum.
3025 888 3166 952 Quid
3228 886 3395 956 igitur

1820 977 2092 1030 commodi
2127 979 2363 1033 mundus
2396 978 2529 1032 mihi
2561 979 2778 1031 attulit?
2812 987 2867 1032 et
2912 976 3042 1047 quid
3076 992 3219 1030 nunc
3258 976 3395 1029 lui-ii

1820 1069 2088 1132 referunt,
2138 1072 2233 1139 qui
2286 1071 2340 1125 in
2392 1070 2599 1125 mundo
2654 1071 2893 1137 degunt?
2932 1069 3185 1123 Profecto
3219 1070 3391 1131 nihil;

1820 1160 1916 1215 sed
1950 1159 2079 1214 nudi
2115 1160 2169 1213 in
2207 1162 2478 1230 sepulcris
2509 1162 2778 1228 habitant,
2808 1172 3204 1232 resurgentque
3239 1159 3391 1223 nudi,

1818 1259 1871 1303 et
1912 1249 2313 1321 judicabuntur
2361 1267 2596 1320 omnes;
2643 1254 2770 1324 quia
2816 1268 2996 1307 veram
3038 1254 3226 1316 vitam,
3264 1256 3391 1321 quia

1820 1341 1997 1396 lucem
2054 1341 2272 1405 mundi,
2328 1344 2635 1408 Christum,
2694 1347 2940 1415 inquam,
3000 1346 3391 1415 relinquentes,

1820 1434 2133 1489 dilexerunt
2169 1437 2447 1501 tenebras,
2478 1448 2530 1491 et
2562 1438 2615 1490 in
2650 1437 2780 1506 ipsis
2806 1439 3089 1492 ambulare
3114 1438 3395 1505 elegerunt

1821 1536 2033 1588 omnes,
2065 1525 2157 1594 qui
2211 1525 2387 1580 lucem
2430 1541 2539 1579 non
2591 1536 2935 1593 receperunt,
2977 1542 3098 1594 qua}
3149 1526 3298 1580 fulsit
3338 1527 3392 1579 iu

1824 1613 2048 1677 tuuudo,
2084 1630 2247 1683 quam
2294 1617 2529 1672 mundus
2577 1632 2686 1671 non
2729 1616 2895 1685 capit,
2942 1633 3043 1671 nec
3082 1620 3263 1672 videre
3296 1636 3394 1688 po-

1826 1712 1930 1757 test
1954 1704 2022 1758 ".
2050 1703 2322 1771 Quocirca
2360 1707 2671 1777 relinquite,
2702 1710 2867 1765 sinite
2899 1724 2983 1764 me
3016 1711 3215 1771 solum.
3241 1712 3395 1765 obse-

1824 1812 1940 1861 cro,
1976 1804 2033 1851 ut
2066 1796 2225 1852 ﬂeam
2259 1808 2315 1853 et
2344 1800 2614 1869 requiram
2646 1800 2809 1867 hunc,
2842 1812 2896 1856 ut
2931 1803 3091 1857 detur
3125 1803 3256 1857 mihi
3300 1805 3391 1858 vi-

1748 1896 1796 1955 B
1832 1894 2133 1962 deaturquc
2179 1906 2212 1947 a
2259 1908 2345 1948 me
2395 1892 2636 1963 largiter.
2687 1893 2806 1950 Non
2850 1898 2993 1950 enim
3031 1897 3241 1951 videtur
3273 1908 3389 1951 tan-

1822 1984 2124 2047 tummodo,
2148 1999 2257 2038 non
2284 1985 2459 2039 solum
2490 1995 2794 2056 Spectatur;
2826 1988 2918 2043 scd
2952 1991 3392 2064 communicatur

1819 2075 2009 2138 etiam,
2040 2086 2095 2131 et
2126 2076 2336 2138 incolit.
2368 2086 2422 2131 et
2449 2091 2654 2146 manet,
2681 2089 2736 2134 et
2763 2090 2847 2136 est
2878 2088 3137 2151 tanquam
3176 2084 3394 2137 thesau-

1823 2181 1918 2224 rus
1946 2168 1999 2221 in
2032 2168 2157 2223 sinu
2195 2168 2553 2225 absconditus
2585 2188 2598 2224 :
2653 2187 2814 2241 quem
2853 2175 2944 2242 qui
2990 2184 3188 2244 portat,
3234 2176 3394 2231 volu-

1820 2269 2023 2330 ptatem
2061 2260 2315 2331 percipit,
2355 2270 2410 2317 et
2440 2264 2534 2331 qui
2574 2264 2735 2330 videt,
2771 2267 2971 2335 gaudio
3004 2271 3241 2325 exsultat
3276 2273 3390 2325 cxi-

1821 2354 2117 2422 stimatque
2140 2369 2264 2409 eum
2295 2358 2547 2424 quamvis
2571 2359 2906 2414 occultatum
2944 2363 3093 2415 cerni
3116 2363 3186 2415 ab
3216 2365 3393 2417 omni-

1822 2442 1947 2499 bus.
1999 2442 2107 2499 Sed
2167 2444 2327 2514 plane
2374 2460 2481 2500 non
2531 2448 2795 2513 cernitur,
2830 2465 2928 2505 nec
2976 2453 3281 2525 attingitur.
3324 2459 3394 2509 ab

1820 2536 2096 2591 omnibus.
2130 2533 2248 2590 Non
2281 2536 2428 2591 hunc
2462 2536 2570 2602 iur,
2600 2555 2706 2594 non
2737 2541 2875 2596 latro
2930 2545 3207 2613 surripere
3231 2555 3395 2617 atque

1821 2628 2039 2683 auferre
2074 2635 2274 2698 potest,
2311 2632 2666 2699 quantumvis
2706 2641 3011 2702 portantem
3040 2636 3389 2706 jugulaverit.

1822 2720 1878 2774 Si
1918 2735 2109 2790 rapere
2152 2720 2409 2787 voluerit,
2446 2723 2853 2794 qtnerendoque
2898 2732 3143 2783 excutiat
3182 2747 3396 2787 marsu-

1823 2812 1994 2882 pium,
2030 2821 2304 2866 serutetur
2336 2814 2597 2879 tunicam,
2625 2816 2902 2885 cingulum
2934 2819 3129 2885 solvat,
3159 2837 3394 2890 eumque

1821 2903 1990 2959 libere
2040 2903 2296 2974 indaget;
2343 2904 2385 2959 si
2432 2904 2596 2958 etiam
2640 2905 2878 2959 tlisseeto
2925 2917 3111 2964 ventre
3166 2911 3394 2965 rimetur

1821 2994 2053 3058 viscera,
2086 2996 2329 3049 invenire
2357 3010 2418 3047 ac
2449 2996 2637 3049 tollere
2664 2998 2980 3066 neutiquam
3010 3002 3225 3067 poterit.
3257 3002 3393 3058 Nam

1819 3089 2103 3142 oculorum
2128 3086 2381 3141 obtutum
2408 3087 2617 3157 eﬂ‘ugit,
2652 3099 2706 3142 et
2739 3088 2990 3143 manibus
3016 3107 3120 3145 non
3155 3104 3393 3149 tenetur.

1822 3181 1887 3235 Et
1920 3196 2041 3235 cum
2078 3180 2151 3234 sit
2177 3180 2592 3234 contrectabilis
2624 3181 2870 3246 omnino,
2900 3181 3062 3235 simul
3092 3195 3174 3237 est
3203 3185 3394 3239 int-on-

1825 3272 2141 3327 trectabilis.
2193 3269 2583 3325 Verumtamen
2620 3280 2836 3324 tenetur
2882 3274 3137 3329 manibus
3180 3291 3391 3341 eorum,

1822 3365 1913 3434 qui
1950 3365 2053 3418 hoc
2079 3364 2225 3434 digni
2259 3371 2387 3419 sunt
2417 3362 2643 3432 (indigni
2668 3364 2737 3417 ab
2762 3363 2865 3417 hoc
2897 3364 3193 3435 lacessito),
3222 3367 3395 3434 jaceb

1820 3473 1925 3528 que
1958 3457 2012 3511 in
2044 3470 2206 3510 manu
2239 3454 2522 3525 quiddam,
2556 3471 2587 3507 o
2617 3455 2939 3508 miraculum
2969 3457 2981 3508 !
3009 3467 3059 3510 et
3092 3473 3198 3510 non
3233 3460 3392 3527 quid-

1820 3550 1967 3610 dam,
2009 3562 2206 3602 nomen
2238 3547 2384 3601 enim
2419 3562 2528 3599 non
2577 3547 2761 3599 habet.
2796 3546 3089 3604 Attonitus
3119 3549 3303 3618 igitur,
3341 3559 3394 3602 et

1822 3640 1925 3694 hoc
1960 3639 2180 3707 cupiens
2228 3638 2487 3703 retinere,
2536 3636 2922 3702 constringens
2963 3653 3207 3701 manum,
3242 3639 3393 3694 visus

1822 3746 1943 3785 sum
2007 3742 2190 3783 tenere
2240 3738 2297 3782 et
2357 3728 2602 3793 habere,
2661 3728 2883 3797 vidique
2935 3744 3154 3783 rursum
3206 3732 3257 3783 in
3304 3747 3388 3796 ea,

1818 3824 1962 3894 quod
2003 3825 2174 3892 prius,
2219 3835 2252 3875 o
2293 3820 2561 3876 incﬂ'abile
2607 3820 2929 3875 miraculum
2957 3822 2968 3875 !
2995 3837 3026 3876 ο
3065 3822 3389 3877 inusitatum

1819 3915 2138 3985 mysterium
2173 3914 2186 3966 l

1889 4006 2028 4072 Quid
2067 4005 2266 4059 frustra
2315 4019 2506 4059 omnes
2548 4005 2860 4069 turbamur,
2892 4006 3019 4073 quid
3062 4005 3388 4076 decipimus,

1818 4099 1947 4169 quid
1984 4100 2052 4151 ad
2078 4099 2261 4151 lumen
2296 4097 2397 4150 hoc
2425 4097 2569 4164 quod
2604 4097 2789 4152 sensui
2828 4098 3117 4165 subjicitur
3152 4100 3387 4161 hiamus.

1816 4191 1907 4260 qui
1958 4204 2121 4244 sensu
2177 4188 2564 4251 intellectuali,
2624 4203 2819 4257 nempe
2860 4190 3073 4242 ratione
3118 4191 3389 4245 condeco-

1817 4280 1919 4333 rati
1951 4278 2177 4333 sumus?
2208 4276 2318 4333 Cur
2350 4278 2416 4333 ad
2449 4293 2536 4333 res
2568 4278 2690 4333 vitae
2721 4278 2885 4345 hujus
2929 4278 3170 4333 caducas
3200 4291 3256 4334 et
3296 4296 3390 4350 pe-

1816 4372 2021 4425 rituras
2056 4370 2403 4439 respicimus,
2451 4370 2544 4439 qui
2584 4371 2764 4424 anima
2832 4371 3155 4440 incorporea
3197 4382 3251 4425 et
3291 4374 3392 4426 im-

1819 4461 2033 4515 mortali
2073 4476 2268 4516 suntus
2313 4461 2569 4531 praediti?
2599 4462 2735 4527 Quid
2776 4461 2880 4515 ista
2917 4462 3255 4516 admiramur
3293 4478 3392 4519 nos

145 4576 241 4633 dis.
282 4590 351 4629 ac
406 4588 632 4644 prorsus
682 4572 831 4626 aliud
877 4572 1059 4624 lumen
1106 4585 1231 4625 esse
1271 4587 1380 4625 non
1432 4574 1710 4642 putabam,
1747 4569 1788 4623 D
1818 4555 2020 4625 διυρῖάί
2056 4555 2297 4623 Pennus,
2345 4563 2420 4616 ειν
2460 4554 2634 4607 ί¹¹⁵ῑ³ν
2675 4568 2966 4616 “Momm,
3010 4556 3219 4622 βθ¹¹ι¹¹¹ε
3260 4558 3387 4608 te?“

146 4668 277 4735 quod
308 4675 363 4723 et
398 4668 509 4720 vita
540 4672 706 4727 esset,
755 4670 815 4715 ut
856 4662 1120 4729 diximus,
1163 4670 1218 4716 et
1253 4678 1421 4717 causa
1461 4665 1713 4718 essentia:

146 4760 360 4812 omnino
408 4768 521 4811 tum
571 4755 693 4824 ejus
735 4754 879 4825 quod
925 4763 1031 4817 est,
1074 4762 1188 4809 tum
1220 4755 1340 4823 ejns
1368 4756 1515 4824 quod
1556 4756 1661 4808 erit
1695 4772 1710 4811 :

145 4862 395 4919 eramque
422 4849 569 4900 velut
602 4847 785 4910 ἄθεος,
818 4860 942 4898 cum
972 4845 1281 4913 ignorarem
1312 4845 1477 4898 Deum
1508 4860 1709 4898 meum.

146 4937 291 4993 Nunc
329 4946 514 4992 autem
548 4946 837 5005 postquam
870 4933 1205 5002 complacuit
1252 4930 1509 4986 inell‘abili
1544 4933 1711 4985 inise-

147 5030 391 5084 rit-ordne
459 5028 633 5082 videri
684 5043 712 5079 a
757 5042 845 5079 me
912 5033 965 5078 et
1008 5024 1239 5078 revelari
1281 5023 1415 5076 mihi
1462 5022 1707 5092 indigno,

146 5122 245 5173 vidi
320 5130 375 5175 et
415 5134 543 5174 vere
586 5117 837 5188 cognovi,
883 5116 1062 5186 ipsum
1108 5114 1276 5167 Deum
1327 5115 1709 5169 universorum

147 5228 277 5279 esse,
331 5215 501 5268 Deum
557 5213 802 5267 omnium
847 5225 966 5281 quae
1017 5209 1071 5262 in
1119 5207 1324 5262 mundo
1362 5218 1510 5271 sunt,
1549 5223 1709 5277 quem

149 5321 298 5359 nemo
347 5305 632 5358 hominum
683 5304 846 5368 vidit;
877 5312 1032 5354 extra
1080 5301 1341 5354 mundum
1377 5302 1577 5370 quippe
1606 5307 1708 5362 est,

146 5409 293 5453 extra
326 5400 505 5452 lucem
556 5412 621 5450 ac
658 5396 933 5457 tenebras,
966 5404 1118 5449 extra
1150 5407 1355 5455 aerem,
1382 5406 1534 5446 extra
1561 5406 1713 5445 men-

149 5500 244 5545 tem
290 5506 353 5545 ac
399 5504 623 5546 sensum
670 5502 908 5542 omnem.
958 5485 1139 5548 Quare
1184 5500 1283 5555 ego
1326 5499 1542 5555 quoque
1582 5499 1708 5539 eum

148 5586 351 5650 videns,
403 5600 429 5637 a
478 5582 734 5639 sensibus
780 5582 912 5636 abii.
956 5580 1096 5651 Ergo
1131 5594 1229 5634 vos
1272 5579 1474 5648 quibus
1513 5593 1707 5632 sensus

149 5677 422 5745 imperant,
480 5690 567 5729 me
623 5674 856 5728 missum
906 5671 1088 5737 facile,
1137 5685 1200 5727 ac
1252 5669 1415 5726 sinite
1462 5682 1548 5725 me
1599 5683 1707 5723 non

210 5850 419 5907 "Joan.
446 5868 525 5919 tn,
565 5851 629 5909 16
662 5864 816 5916 seuq-

1815 4658 1870 4703 et
1924 4663 2180 4718 magnam
2237 4648 2377 4700 hanc
2436 4648 2742 4715 plaeeutam
2827 4647 3042 4699 tnodico
3106 4661 3243 4701 auro
3296 4656 3389 4703 aut

1816 4740 2067 4809 pretiosa:
2112 4740 2442 4808 margaritae,
2478 4749 2534 4793 ut
2568 4754 2681 4793 rem
2711 4740 3070 4793 mstimalimie
3104 4742 3389 4809 majorem,

1816 4831 2214 4887 antefcrimus:
2268 4845 2368 4884 nec
2417 4845 2642 4897 parvum
2682 4831 2888 4899 sinapis
2927 4846 3154 4899 granum
3191 4831 3388 4899 quieri-

1816 4939 1959 4984 mus.
2002 4923 2144 4993 quod
2187 4923 2440 4976 omnibus
2481 4938 2603 4991 qua:
2637 4922 2813 4977 oculis
2850 4933 3202 4991 usurpentur,
3239 4938 3388 4989 qna:-

1814 5033 1920 5088 que
1954 5016 2057 5070 sub
2088 5025 2370 5082 aspectum
2406 5032 2511 5069 non
2554 5016 2804 5077 veniunt,
2838 5014 3017 5082 majus
3056 5022 3219 5081 atque
3249 5028 3389 5081 pra:-

1816 5110 2050 5167 stantius
2074 5110 2196 5164 est?
2217 5110 2330 5162 Cur
2355 5125 2462 5163 non
2491 5110 2681 5161 damus
2703 5107 2905 5167 omnia,
2925 5115 2979 5159 et
3005 5119 3387 5173 comparamus

1814 5203 1987 5258 iilud?
2036 5200 2100 5254 Et
2147 5218 2245 5256 cur
2296 5202 2397 5255 hoc
2442 5199 2687 5253 destituti
2737 5200 2934 5253 invita
2970 5212 3191 5251 manere
3227 5196 3385 5249 volu-

1816 5294 1975 5347 mus?
2003 5291 2219 5346 Credite
2269 5292 2421 5356 mihi,
2470 5292 2514 5344 si
2552 5291 2632 5343 vel
2664 5291 2863 5360 sacpius
2905 5288 3042 5342 mori
3087 5288 3293 5349 liceret,
3330 5297 3384 5340 ut

1816 5384 1955 5440 istud
2019 5397 2244 5454 parvum
2300 5397 2527 5451 granum
2586 5382 3018 5453 acquireremus,
3074 5395 3183 5436 non
3241 5390 3385 5435 essct

1818 5476 2121 5533 recusanda
2154 5476 2420 5529 conditio.

1889 5568 1979 5625 Vae
2028 5569 2158 5634 illis,
2188 5568 2282 5636 qui
2319 5566 2370 5621 id
2412 5567 2463 5619 in
2512 5567 2636 5622 sinu
2679 5566 2875 5621 animae
2915 5572 3094 5619 satum
3140 5577 3247 5616 non
3283 5560 3383 5614 ιε.

1816 5666 1965 5731 bent,
1999 5662 2353 5718 vehementer
2396 5659 2585 5728 utique
2617 5658 2883 5716 esuriant.
2926 5652 3016 5711 Va:
3046 5654 3139 5723 qui
3180 5653 3230 5708 id
3266 5666 3385 5722 ger-
