4170 6452
785 406 890 473 547

2007 406 2137 465 SIM
2152 404 2375 465 EONIS
2409 405 2774 466 JUNIORIS

3947 412 4045 475 548

780 532 1022 581 mutasse
1060 540 1167 577 non
1214 521 1488 581 viderunt,
1540 518 1802 585 quoniam
1848 518 2001 581 nulli,
2033 526 2093 572 ut
2127 518 2352 571 arbores
2384 524 2428 581 Α
2458 520 2606 572 mine
2641 518 2861 588 penitus
2910 519 3241 577 intolerabili
3301 520 3564 577 habitas?
3599 520 3888 587 Quomodo
3934 540 4046 579 ma-

782 621 927 675 foliis
953 619 1210 676 viduatae,
1240 612 1586 667 stabuntﬁe
1614 612 1707 681 qui
1739 610 1916 664 verbis
1949 609 2162 663 Domini
2194 608 2351 661 fidem

780 728 888 766 non
942 711 1317 771 contmodant,
1376 713 1435 757 ut
1488 705 1602 757 hate
1647 703 1813 757 arbor
1864 702 2015 766 ﬂant,
2064 709 2117 753 et
2168 714 2351 753 ramos

779 806 1051 865 emittant,
1089 800 1446 867 studiosaque
1493 807 1546 850 et
1584 804 1793 848 attenta
1856 801 2036 847 mente
2078 789 2353 861 quotidia-

778 894 1111 948 ιιιιιηιὶειίυε
1140 892 1290 960 parvi
1334 889 1487 959 gratti
1524 888 1922 941 incrementum
1957 892 2188 947 curent;
2226 897 2349 934 nam

780 986 903 1053 ejus
942 983 1245 1037 efficientia:
1282 981 1669 1034 detrimentum
1703 976 1923 1037 facient,
1963 976 2108 1028 sicut
2137 986 2351 1031 servus,

779 1078 871 1144 qui
910 1077 1075 1131 stulte
1114 1080 1381 1127 talentum
1414 1072 1621 1125 defodit
1647 1070 1711 1120 ³⁸.
1742 1066 2092 1133 Quorum'de
2125 1078 2353 1117 numero

778 1185 880 1238 ego
920 1181 1139 1235 quoque
1172 1182 1315 1228 sum,
1348 1164 1657 1231 negligens,
1693 1169 1746 1213 et
1778 1175 2004 1213 cessans
2040 1156 2278 1211 assidue.

850 1263 1052 1332 Sedho
1085 1260 1361 1313 individua
1401 1257 1659 1320 Trinitas,
1696 1270 1728 1308 ο
1760 1252 2045 1307 inconfusa
2086 1252 2286 1311 unitas,
2322 1264 2354 1301 0

781 1355 979 1407 lumen.
1015 1352 1415 1406 innominatum
1482 1356 1540 1401 ut
1588 1362 1812 1416 prorsus
1860 1358 2053 1397 carens
2105 1345 2354 1405 nomine,

781 1461 815 1500 ο
848 1462 1067 1499 rursum
1102 1446 1401 1497 multorum
1437 1441 1724 1495 nominum
1785 1446 1845 1489 ut
1876 1453 2111 1507 operans
2148 1437 2353 1496 omnia,

781 1555 815 1593 0
844 1555 950 1592 una
984 1538 1180 1605 gloria,
1223 1535 1582 1604 principium,
1621 1535 1884 1599 potentia,
1921 1545 2167 1602 regnum,
2200 1544 2233 1581 ο
2273 1530 2356 1581 lu-

781 1646 931 1692 men,-
967 1644 1072 1682 una
1106 1630 1380 1691 voluntas,
1409 1626 1701 1690 sententia,
1736 1635 1924 1686 nutus,
1955 1625 2036 1679 vis
2067 1634 2121 1677 et
2154 1623 2355 1679 virtus.

782 1738 869 1775 me
915 1722 1175 1775 aﬂlictuut
1228 1722 1313 1787 pie
1352 1722 1633 1772 tttiserare.
1663 1715 1765 1782 Qui
1798 1718 1942 1770 enim
1981 1732 2086 1769 non
2126 1716 2354 1785 afﬂigar,

780 1815 871 1882 qui
909 1829 1016 1865 non
1049 1826 1339 1864 maerorem
1374 1810 1703 1877 concipiam,
1746 1810 1838 1878 qtti
1888 1816 2093 1861 tantam
2134 1808 2356 1861 bonita-

778 1916 886 1961 tem
963 1914 1017 1960 et
1058 1903 1465 1958 miserationem
1510 1910 1657 1955 tuam
1710 1902 2032 1968 contempsi,
2075 1900 2167 1965 qui
2216 1900 2354 1951 viam

778 1997 1165 2049 mandatorum
1206 2002 1423 2044 tuorttm
1480 2000 1588 2043 tam
1624 1991 1862 2058 segniter
1906 1996 1960 2041 ct
2007 1986 2257 2050 remisse,
2304 1996 2358 2041 et

778 2087 1050 2155 improbe,
1086 2086 1267 2137 infelix
1311 2083 1625 2136 ambulavi?
1674 2082 1780 2135 Sed
1820 2089 1875 2137 et
1917 2096 2065 2133 nunc
2111 2094 2357 2133 Commo-

776 2185 1008 2228 veantur
1032 2177 1241 2226 viscera
1270 2183 1384 2233 tua,
1404 2180 1458 2225 et
1486 2187 1627 2226 nunc
1654 2172 1912 2225 miserere
1938 2171 2066 2236 Ittci,
2091 2179 2142 2224 ct
2167 2181 2356 2224 aestum

776 2267 961 2320 cordis
1011 2267 1116 2319 mei
1162 2268 1346 2319 denuo
1395 2265 1657 2327 accende,
1702 2264 1915 2317 Christe
1969 2279 2145 2326 meus,
2197 2277 2355 2330 quem

776 2363 994 2413 misera:
1046 2359 1231 2411 carnis
1296 2374 1429 2411 mere
1478 2356 1770 2410 dissolutio
1809 2357 2095 2418 exstinxit,
2138 2364 2193 2408 et
2265 2370 2357 2409 so-

779 2466 968 2513 mnus,
1005 2450 1267 2502 saturitas
1301 2448 1534 2513 \‘Cttll'ls,
1579 2458 1634 2501 et
1669 2448 1780 2500 viui
1833 2448 2208 2516 ingurgitatio,
2244 2455 2357 2502 ham

780 2550 949 2594 totam
988 2542 1185 2592 animae
1217 2556 1347 2593 mere
1391 2538 1663 2592 ﬂammant
1703 2537 2105 2602 exstinxerunt,
2148 2546 2200 2591 ct
2236 2537 2357 2591 fon-

776 2641 908 2697 tem,
956 2635 1351 2703 scaturiginctn
1403 2633 1611 2686 scilicet
1670 2633 2057 2700 lacrymarunt,
2114 2634 2359 2685 exsicca-

775 2740 927 2779 ruut.
978 2725 1190 2777 Etenim
1242 2725 1389 2777 calor
1425 2725 1605 2792 ignem
1653 2733 1901 2792 generat,
1938 2723 2081 2792 ignis
2110 2722 2353 2777 vicissim

776 2817 1035 2879 calorem,
1072 2824 1124 2870 et
1148 2832 1213 2869 ex
1244 2816 1510 2870 ambobus
1537 2816 1753 2869 ﬂamma
1780 2816 2116 2880 accenditur,
2149 2823 2203 2870 et
2234 2814 2355 2869 fons

777 2910 1165 2980 lacrymarum.
1201 2908 1440 2963 Flamma
1476 2909 1727 2976 producit
1754 2907 1995 2973 ﬂuenta;
2028 2907 2230 2961 ﬂuenta
2259 2922 2357 2961 au-

778 3010 885 3055 tem
918 3002 1214 3066 ﬂammant,
1261 3003 1311 3054 in
1349 3002 1550 3069 quibus
1590 3015 1675 3053 me
1720 3000 2031 3053 divinorum
2068 2999 2356 3053 mandato-

776 3111 899 3149 rmn
965 3094 1247 3149 medizatio
1312 3092 1583 3161 provexit.
1654 3091 1892 3144 Rursum
1955 3100 2352 3160 pratccptorum

2456 627 2593 666 nens
2648 612 3004 667 immutabilis
3037 656 3052 679 ,
3080 623 3135 667 et
3185 616 3411 670 omnino
3472 616 3907 679 inaccessibilis,
3941 617 4043 671 feni

2457 706 2818 759 substantiam
2873 706 2946 758 ita
2979 707 3229 760 custodis
3254 748 3268 771 ,
3306 714 3368 761 ut
3405 723 3515 761 non
3550 708 3956 762 eomburatur?
3989 709 4048 763 Et

2457 812 2685 851 manens
2743 796 2928 852 fenum
3010 797 3099 852 lux
3141 809 3264 862 est,
3303 816 3413 853 non
3471 810 3655 854 autem
3724 800 3816 853 lux
3869 799 4049 854 fenum

2456 897 2577 953 est;
2611 890 2708 953 sed
2757 892 2885 945 feno
2917 902 2973 946 tu
3009 892 3101 945 lux
3133 893 3271 946 citra
3307 892 3688 947 confusionem
3719 909 3780 947 es
3814 895 4005 945 nnitns
4032 926 4044 943 .

2456 991 2508 1033 et
2554 981 2741 1035 fenum
2788 982 2845 1035 ﬂt
2879 992 2936 1036 ut
2969 983 3059 1036 lux
3089 1025 3103 1048 ,
3137 994 3404 1037 mutatum
3443 985 3883 1038 intututabiliter.
3934 982 4048 1037 Non

2457 1088 2599 1142 queo
2629 1075 2742 1127 haec
2786 1083 2877 1128 tua
2912 1077 3162 1129 miranda
3210 1078 3429 1131 silentio
3477 1084 3708 1146 tegere:
3762 1094 3878 1131 non
3923 1092 4048 1145 pos-

2458 1181 2577 1220 sum
2631 1181 2736 1219 non
2792 1167 2940 1234 loqui
2975 1170 3339 1221 (economiatn
3395 1178 3584 1226 tuam.
3637 1184 3803 1236 quam
3876 1168 4046 1221 fecisti

2458 1273 2713 1320 tuecunt,
2772 1258 2865 1326 qui
2926 1274 3045 1310 sum
3111 1261 3374 1328 prodigus
3440 1269 3494 1315 et
3548 1261 3935 1323 fornicarins.
3995 1270 4047 1315 et

2456 1347 2809 1417 benignitatis
2892 1359 2997 1402 tute
3079 1350 3464 1405 inexhaustum
3541 1354 3863 1405 thesaurum
3941 1369 4047 1405 non

2457 1454 2715 1494 enarrare
2766 1442 3021 1497 omnibus
3074 1459 3305 1512 nequeo,
3367 1445 3439 1495 ini
3498 1441 3853 1512 Redeuptor.
3897 1444 4049 1496 Desi-

2458 1531 2589 1583 dero
2653 1532 2796 1585 enim
2870 1534 3134 1587 mundum
3203 1535 3639 1587 universumex
3704 1536 3807 1587 hoc
3879 1537 4048 1587 lucem

2462 1623 2730 1692 accipere,
2764 1634 2815 1675 et
2853 1626 3124 1678 neminem
3165 1642 3391 1694 prorsus
3423 1641 3484 1678 ea
3524 1642 3754 1679 vacuum
3789 1628 4045 1696 relinqui.

2461 1714 2847 1769 Verumtamen
2890 1716 2939 1767 itt
2978 1732 3062 1769 mc
3094 1718 3327 1784 primunt
3364 1717 3527 1787 fulge,
3567 1732 3600 1770 o
3629 1734 3718 1771 rex
3751 1720 4004 1772 omnium
4032 1737 4046 1783 ;

2462 1806 2679 1866 incole.
2730 1817 2785 1860 et
2844 1807 3087 1860 illumina
3161 1809 3430 1876 altjeCIam
3508 1812 3744 1863 animam
3822 1825 4046 1873 meam,

2463 1899 2689 1951 ostende
2713 1899 2845 1951 mihi
2889 1909 3073 1967 aperte
3102 1898 3330 1952 Deitatis
3361 1910 3465 1953 tuae.
3495 1899 3690 1953 faciem
3720 1940 3735 1963 ,
3770 1911 3821 1953 et
3865 1901 4046 1954 omni-

2461 2008 2533 2045 no
2581 1990 2939 2044 invisibiliter
2996 2006 3195 2060 appare
3236 1992 3365 2043 tttilti
3396 2032 3411 2055 ,
3465 1991 3607 2045 Deus
3654 2007 3831 2046 meus.
3889 1992 4045 2045 Nullo

2458 2084 2602 2137 enim
2650 2083 2811 2137 modo
2844 2082 3043 2135 videris
3090 2098 3119 2135 a
3174 2100 3258 2137 me
3290 2126 3305 2149 ,
3337 2085 3558 2137 omnino
3611 2093 3792 2139 tamen
3847 2101 4048 2154 appare

2460 2174 2617 2227 mihi.
2667 2173 2768 2238 Qui
2832 2174 2898 2227 ab
2949 2177 3301 2229 universitate
3350 2179 3468 2245 capi
3519 2192 3625 2231 non
3670 2187 3868 2245 petes,
3930 2192 4048 2231 tere

2460 2282 2664 2333 parvus
2694 2266 3097 2336 quodammodo
3130 2267 3191 2319 lis
3223 2269 3274 2320 iit
3311 2270 3561 2323 manibus
3596 2275 3752 2329 meis.
3792 2281 3844 2325 et
3889 2272 4043 2325 labiis

2460 2360 2598 2412 meis
2664 2366 2720 2409 ut
2789 2358 2920 2412 uber
2977 2359 3341 2423 lucidum,et
3394 2361 3626 2415 dulcedo
3683 2364 3930 2415 versaris
3994 2375 4042 2418 et

2459 2458 2721 2499 coruscas
2748 2485 2761 2508 ,
2807 2462 2839 2499 ο
2871 2462 3072 2500 novum
3114 2449 3472 2518 mysterium,
3511 2451 3582 2503 ita
3616 2460 3669 2503 et
3718 2470 3860 2505 nunc
3898 2454 3963 2505 da
3996 2464 4047 2508 te

2459 2534 2592 2586 tttilti
2618 2575 2632 2598 ,
2674 2543 2731 2587 ut
2772 2543 2826 2589 te
2866 2536 3053 2599 satier,
3097 2549 3157 2591 ut
3208 2540 3440 2605 osculer,
3482 2550 3535 2595 et
3568 2543 3867 2611 amplectar
3899 2554 4043 2597 luant

2459 2626 2686 2695 gloriam
2726 2629 3146 2682 inenarrabilcm
3177 2669 3191 2695 ,
3245 2631 3428 2687 lumen
3486 2634 3671 2687 vultus
3704 2636 3821 2699 tui,
3854 2645 3907 2688 et
3948 2636 4043 2688 iut-

2459 2724 2628 2793 plear,
2657 2734 2706 2779 et
2741 2727 2862 2779 aliis
2893 2728 3148 2783 omnibus
3175 2732 3661 2797 contmunicem,et
3686 2736 3835 2787 obita
3876 2747 4044 2791 morte

2461 2827 2607 2873 totus
2640 2820 2976 2888 glot'ilicatus
3026 2820 3093 2874 ad
3139 2828 3191 2876 te
3230 2824 3470 2878 veniam.
3525 2823 3603 2878 Ει
3634 2825 3839 2881 lumine
3870 2836 3967 2881 tuo
3995 2838 4045 2878 rt

2459 2923 2557 2978 ego
2590 2909 2769 2962 lumen
2802 2910 2975 2965 factus
3003 2912 3095 2965 tibi
3125 2913 3379 2968 assistam
3404 2955 3419 2978 ,
3451 2922 3506 2968 et
3551 2922 3685 2969 tunc
3714 2918 3865 2971 curis
3902 2921 4043 2972 inal-

2459 3008 2639 3054 torum
2672 3001 2935 3055 malorum
2974 3005 3282 3073 expeditus.
3315 3007 3476 3059 etiant
3512 3008 3711 3061 timore
3745 3009 4042 3071 liberabor,

2459 3108 2528 3146 ne
2559 3109 2752 3148 rursus
2788 3094 3065 3150 imtnuter.
3100 3096 3274 3151 Etiam
3300 3138 3314 3162 ,
3345 3097 3600 3163 Domine,
3632 3101 3700 3153 da
3733 3103 3869 3154 mihi
3909 3103 4042 3166 hoc;

774 3188 1088 3242 observatio
1138 3187 1511 3255 pmnitentiam
1562 3194 1619 3237 ut
1665 3184 1993 3251 adjutt'icem
2038 3199 2353 3250 assumens,
2382 3195 2425 3253 α
2458 3188 2621 3241 etiam
2671 3187 2868 3258 largire
2915 3190 3043 3243 tuihi
3102 3192 3244 3256 hoc,
3280 3191 3371 3258 qui
3422 3192 3646 3260 indigno
3696 3195 3830 3246 mihi
3864 3200 4046 3249 omnia

777 3278 832 3330 in
870 3279 1049 3331 tttediu
1078 3276 1430 3347 prmsentiuut
1490 3289 1554 3328 ac
1584 3273 1897 3326 futurorum
1931 3289 2015 3327 me
2044 3276 2353 3329 constituit.

777 3370 937 3425 Unde
971 3381 1195 3439 repente
1245 3370 1508 3438 abreptus
1555 3382 1584 3420 a
1616 3368 1950 3431 visibilibus,
1993 3368 2193 3420 timore
2230 3383 2356 3421 cor-

775 3474 965 3534 reptus
996 3479 1143 3525 sum,
1172 3478 1404 3516 cernens
1440 3462 1586 3514 unde
1620 3468 1870 3513 servatus
1914 3474 2113 3513 essent.
2150 3459 2354 3512 Futura

777 3568 958 3611 autem
1013 3556 1329 3625 longissime.
1374 3555 1633 3609 distantia
1675 3554 1942 3617 videbam,
1990 3561 2042 3605 et
2089 3551 2179 3605 illa
2221 3552 2354 3605 mihi

777 3651 1249 3720 comprehendere
1280 3651 1640 3713 desideranti,
1681 3651 1823 3718 ignis
1853 3651 2058 3702 amoris
2088 3662 2354 3701 accensus

777 3755 884 3805 est,
922 3744 1015 3812 qui
1052 3744 1315 3812 paulatim
1363 3747 1514 3795 visus
1545 3753 1629 3795 cst
1670 3742 1884 3794 ﬂamma
1930 3745 2088 3793 modo
2120 3740 2353 3806 inexpli-

776 3837 961 3896 cabili.
1000 3838 1152 3905 prius
1188 3835 1406 3903 quidem
1443 3835 1494 3886 in
1532 3843 1709 3887 mente
1752 3848 1893 3896 mea,
1942 3841 2065 3900 post
2104 3833 2265 3885 etiam
2299 3831 2352 3884 in

777 3928 963 3989 corde,
1014 3927 1340 3994 flammaque
1401 3925 1489 3977 illa
1547 3925 1720 3977 divini
1778 3924 2034 3977 desiderii
2085 3925 2355 3992 expressit

780 4022 1069 4088 lacrymas,
1099 4029 1150 4071 et
1182 4033 1302 4069 cum
1336 4017 1413 4069 eis
1452 4016 1823 4069 incredibilem
1864 4015 1990 4067 mihi
2024 4016 2350 4068 suavitatem

780 4113 1027 4181 praebuit.
1057 4111 1313 4162 Conlisns
1358 4108 1518 4175 igitur
1566 4106 1619 4158 in
1671 4106 1901 4172 meipso,
1946 4119 2172 4172 prorsus
2209 4103 2349 4156 haud

778 4205 1104 4257 exstinctum
1157 4203 1222 4254 iri
1282 4201 1531 4270 (pulchre
1579 4199 1724 4251 enim
1773 4199 1927 4249 ardet
1978 4197 2246 4265 dicebam)
2299 4204 2352 4250 et

780 4295 1002 4349 desidiae
1038 4310 1121 4347 me
1155 4294 1383 4354 dedens,
1428 4307 1621 4346 somno
1676 4300 1730 4344 et
1764 4290 2051 4343 saturitate
2085 4290 2350 4358 insipien-

780 4396 861 4441 ter
894 4386 1216 4455 suhjagatus
1249 4401 1391 4446 sum,
1438 4393 1490 4438 et
1528 4384 1813 4436 remissius
1864 4382 2066 4444 vivens,
2118 4384 2349 4449 vinoque

780 4479 1078 4533 liberaliter
1109 4492 1260 4538 usus,
1296 4492 1402 4529 non
1438 4477 1657 4544 quidem
1702 4485 1757 4527 tit
1804 4475 2124 4536 inebriarer,
2160 4477 2253 4526 sed
2287 4483 2345 4526 ttt

782 4584 1024 4642 poteram
1056 4585 1259 4634 tamen,
1289 4573 1433 4625 illico
1456 4573 1785 4625 exstinctum
1814 4572 1959 4625 sensi
1992 4572 2121 4624 illttd
2154 4575 2347 4621 mirum

781 4677 837 4719 ct
869 4667 1176 4718 venerabile
1216 4665 1552 4718 desiderium
1590 4681 1783 4730 nempe
1815 4665 1998 4716 cordis
2040 4664 2167 4725 mei,
2205 4662 2349 4713 illam

782 4760 1078 4822 ﬂammam,
1111 4775 1229 4827 qua:
1266 4759 1329 4809 ad
1367 4757 1561 4809 cmlam
1597 4758 1937 4825 pestingebat
1972 4764 2024 4807 et
2057 4756 2110 4806 itt
2151 4769 2233 4805 me
2266 4767 2354 4804 ar-

781 4848 942 4902 debat
992 4848 1213 4915 quidem
1248 4850 1598 4900 \‘L‘llcnlt'lller
1637 4864 1648 4898 :
1695 4861 1799 4897 non
1843 4855 2024 4898 tamen
2074 4844 2349 4897 fcnaceant

785 4937 926 4991 intra
951 4939 1156 4990 viscera
1181 4952 1294 4990 mea
1324 4936 1686 4990 sttbstantiam
1716 4934 2010 4996 exurebat;
2039 4932 2131 4986 sed
2158 4942 2349 4999 totam,

783 5029 981 5079 mirum
1025 5028 1221 5081 dictu!
1261 5028 1312 5079 iu
1356 5026 1626 5078 ﬂammant
1661 5024 2032 5086 convertebat,
2075 5031 2127 5075 et
2166 5020 2348 5075 fcitum

784 5121 853 5173 ab
896 5119 1020 5188 igne
1069 5128 1297 5183 tactum,
1354 5119 1570 5187 penitus
1615 5132 1720 5169 non
1773 5117 2017 5169 ardebat.
2067 5113 2179 5167 lino
2223 5128 2355 5167 vero

786 5209 926 5280 ignis
974 5211 1157 5264 fenum
1209 5209 1698 5277 comprehenderis.
1758 5208 1833 5260 illi
1884 5207 2220 5268 uniebatnr,
2270 5211 2356 5257 to-

789 5312 1006 5370 tumque
1044 5304 1491 5368 inconsumptum
1527 5298 1896 5352 custodiebat.

858 5393 899 5448 0
930 5396 1093 5446 divini
1125 5393 1262 5459 ignis
1302 5392 1552 5443 virtutem
1580 5430 1594 5452 ,
1626 5406 1659 5443 ο
1710 5404 1904 5442 novam
1940 5387 2310 5443 cllicacitatem
2338 5390 2351 5441 !

784 5484 884 5550 Qui
919 5486 1171 5539 dissolv.s
1207 5491 1407 5551 petras,
1454 5494 1506 5535 et
1537 5483 1703 5536 colles
1746 5496 1775 5534 a
1812 5481 1929 5535 solo
1971 5482 2163 5533 timore
2189 5520 2202 5543 ,
2237 5490 2291 5533 et
2325 5494 2355 5531 a

788 5574 925 5627 faeie
983 5585 1115 5637 tua,
1188 5575 1405 5627 Christe
1484 5573 1624 5626 Deus
1691 5587 1863 5636 meus,
1895 5572 2167 5639 quomodo
2232 5572 2355 5624 l'eno

785 5669 1163 5723 Commisccras
1200 5677 1252 5721 ttt
1280 5707 1293 5729 ,
1330 5666 1484 5736 plane
1514 5667 1696 5721 divina
1734 5664 1971 5721 essentia
1998 5704 2013 5731 ,
2053 5664 2144 5732 qui
2177 5664 2229 5717 in
2272 5662 2355 5717 lu-

897 5849 942 5881 ³⁸
973 5845 1166 5902 Matth.
1199 5861 1325 5911 xxv,
1356 5846 1445 5900 25.

2460 3288 2652 3333 cmtera
2681 3280 2853 3349 gratis
2884 3282 3103 3335 dedisti.
3148 3280 3261 3336 Hoc
3299 3283 3442 3336 enim
3477 3286 3712 3338 maxime
3745 3302 3888 3355 Opus
3926 3299 4007 3341 est
4032 3328 4044 3347 ,

2459 3381 2513 3427 et
2544 3374 2595 3426 in
2625 3372 2728 3426 hoc
2759 3383 2888 3427 suttt
2916 3375 3119 3428 omnia.
3151 3372 3284 3428 Nam
3322 3377 3421 3429 etsi
3449 3392 3598 3431 nunc
3629 3392 3656 3429 a
3690 3394 3777 3432 me
3807 3381 4008 3435 videris
4031 3421 4045 3443 ,

2459 3466 2562 3519 etsi
2612 3481 2761 3519 nunc
2800 3481 3018 3534 quoque
3070 3465 3349 3521 misereris
3378 3509 3392 3531 ,
3430 3470 3532 3522 etsi
3585 3484 3731 3522 nunc
3769 3471 4048 3527 illuminas

2459 3573 2545 3611 nte
2574 3598 2588 3622 ,
2621 3567 2676 3610 et
2710 3557 2937 3626 mystice
2970 3558 3135 3611 doces
3160 3597 3175 3621 ,
3208 3564 3263 3611 et
3291 3561 3499 3626 potenti
3549 3576 3714 3614 manu
3744 3570 3837 3615 tua
3866 3577 4047 3632 prote-

2458 3652 2538 3719 gis
2594 3658 2649 3703 et
2691 3651 2973 3711 custodis,
3026 3659 3082 3703 et
3138 3651 3302 3712 ades,
3336 3662 3388 3705 et
3426 3652 3705 3707 dmmonas
3758 3657 3813 3708 in
3865 3656 4045 3727 fugam

2458 3742 2661 3803 vertis,
2699 3749 2751 3794 et
2783 3742 2964 3793 omnia
3004 3740 3135 3795 mihi
3163 3742 3425 3809 subjicis,
3454 3752 3507 3795 et
3531 3746 3716 3799 omnia
3754 3748 3890 3800 mihi
3925 3766 4050 3817 sup-

2458 3836 2667 3904 peditas
2692 3873 2705 3893 .
2731 3842 2785 3886 et
2826 3835 3015 3903 imples
3048 3850 3132 3888 me
3158 3835 3315 3890 bonis
3344 3837 3599 3892 omnibus
3621 3879 3636 3903 ,
3671 3837 3816 3894 Deus
3853 3858 4008 3895 meus
4033 3883 4046 3904 ,

2459 3934 2639 3978 tamen
2690 3923 2823 3976 nihil
2859 3938 2926 3977 ex
2960 3924 3216 3977 omnibus
3249 3925 3333 3979 bis
3363 3926 3610 3993 proficio,
3644 3932 3750 3982 nisi
3785 3932 3922 3984 inibi
3973 3935 4049 3985 ci-

2458 4028 2537 4070 tra
2597 4018 2857 4086 pudorem
2912 4017 3126 4070 dederis
3203 4020 3482 4085 przeterire
3539 4031 3724 4088 portas
3779 4028 3979 4081 mortis
4032 4046 4043 4080 :

2457 4112 2561 4164 nisi
2616 4111 2871 4177 princeps
2928 4109 3281 4162 tenebrarum
3340 4112 3565 4165 veniens
3623 4115 3856 4182 gloriam
3898 4128 4045 4171 luant

2457 4205 2587 4257 mihi
2628 4203 2821 4256 adesse
2852 4203 3047 4255 viderit
3078 4243 3091 4263 ,
3125 4212 3179 4255 et
3210 4203 3492 4257 erubuerit
3520 4244 3533 4265 ,
3568 4205 3800 4259 adustus
3840 4210 4046 4264 lumine

2455 4305 2551 4348 tuo
2607 4296 2912 4357 inaccesso,
2973 4302 3025 4345 et
3074 4308 3265 4345 omnes
3317 4295 3649 4348 adversaria:
3693 4308 4000 4364 potestates

2452 4387 2567 4438 visa
2596 4393 2723 4436 nota
2763 4383 2921 4451 sigilli
2957 4384 3057 4443 tui,
3101 4399 3221 4435 cum
3261 4384 3377 4450 ipso
3412 4385 3463 4436 in
3496 4388 3677 4452 fugam
3716 4360 4049 4446 converten:

2458 4483 2565 4532 tur,
2602 4482 2655 4525 et
2692 4488 2791 4541 ego
2829 4475 2997 4539 gratia
3028 4482 3119 4523 tua
3156 4476 3400 4527 conlisus
3430 4476 3676 4530 transibo
3711 4478 4046 4548 intrepidus,

2462 4565 2671 4629 tibique
2732 4564 3207 4632 appropinquabo,
3257 4575 3311 4617 et
3370 4574 3495 4619 ante
3544 4577 3595 4620 te
3647 4574 4045 4638 procumbatn,

2462 4674 2621 4725 quem
2664 4656 2894 4709 referant
2956 4655 3191 4709 fructum
3223 4673 3289 4710 ex
3332 4657 3419 4710 his
3476 4675 3597 4727 quae
3648 4676 3795 4714 nunc
3848 4665 3901 4718 in
3962 4682 4045 4720 me

2461 4751 2639 4805 linnt?
2677 4750 2878 4804 Revera
2929 4749 3136 4801 nullum
3163 4787 3178 4810 ,
3236 4749 3331 4802 sed
3367 4750 3542 4819 ignem
3591 4751 3643 4804 in
3695 4768 3784 4807 nte
3810 4758 4048 4824 amplius

2459 4845 2779 4897 accendent.
2804 4842 2905 4906 Qui
2932 4843 3074 4894 enim
3109 4856 3192 4893 me
3222 4841 3488 4894 bonorum
3522 4853 3775 4908 tuorum,
3800 4854 3857 4899 et
3887 4859 4048 4903 ater.

2461 4949 2543 4987 na:
2574 4934 2757 5003 gloria:
2800 4945 2904 4984 tum
2942 4931 3260 4999 participem
3291 4969 3308 4992 ,
3354 4940 3403 4984 et
3440 4947 3656 4987 servum
3709 4942 3877 5005 atque
3908 4938 4046 4991 ami-

2456 5041 2581 5079 cum
2624 5037 2771 5077 tuum
2827 5022 2943 5075 fore
2974 5023 3209 5086 confido,
3242 5022 3287 5074 si
3342 5024 3600 5091 privabor
3650 5027 3816 5079 simul
3872 5029 4049 5082 omni-

2458 5118 2559 5171 bus
2587 5156 2600 5177 ,
2638 5127 2691 5168 et
2726 5125 2777 5169 te
2812 5116 2950 5183 ipso,
2986 5113 3204 5167 Christe
3237 5130 3392 5168 meus
3414 5155 3426 5174 .
3450 5119 3733 5184 quomodo
3773 5132 3887 5171 non
3920 5134 4045 5187 gra-

2460 5208 2578 5260 vius
2611 5207 2939 5266 tribulabor,
2970 5220 3133 5271 quant
3172 5204 3443 5266 infideles,
3484 5206 3575 5271 qui
3617 5215 3669 5259 te
3696 5222 3804 5259 non
3840 5223 4045 5277 cogno-

2459 5305 2687 5359 verunt,
2727 5311 2826 5348 nec
2861 5295 3205 5361 Splendorem
3244 5295 3470 5348 luminis
3502 5297 3580 5348 ttti
3620 5298 3879 5352 viderunt
3902 5340 3920 5362 ,
3950 5317 4043 5356 nec

2462 5386 2747 5439 dulci-dine
2794 5397 2880 5438 tua
2934 5385 3163 5439 saturati
3194 5385 3366 5439 sunt?
3416 5387 3569 5450 Quod
3606 5390 3650 5439 si
3688 5390 3819 5442 mihi
3875 5394 4044 5448 conti-

2466 5479 2604 5547 gerit
2634 5476 2850 5543 assequi
2886 5476 3251 5529 arrltabonetn
3285 5475 3502 5537 horum,
3533 5478 3671 5531 hanc
3700 5483 4039 5548 pensionem,

2464 5580 2517 5625 ct
2573 5572 2685 5621 haec
2737 5568 2954 5635 prtemia
3006 5565 3276 5633 adipisci,
3327 5582 3449 5635 quae
3502 5566 3552 5618 itt
3599 5575 3651 5619 te
3688 5572 4039 5625 credentibus

2466 5657 2764 5732 promisisti
2794 5697 2807 5722 ,
2845 5664 2958 5711 tum
2987 5670 3085 5724 ego
3117 5670 3335 5725 quoque
3364 5656 3555 5711 beatus
3581 5671 3697 5721 cro,
3724 5668 3779 5711 et
3812 5659 4040 5714 laudabo
