4170 6452
169 410 280 471 549

1237 418 1677 480 DlVINORUM
1711 418 2041 479 AMORUM
2090 421 2333 482 LIBER.

3318 430 3428 498 550

166 524 387 577 Patrem
418 564 431 582 .
486 523 676 577 Filium
706 563 722 589 ,
767 535 818 580 et
850 527 1111 596 Spiritum
1146 540 1393 585 sanctum
1423 546 1590 585 unum
1623 545 1749 585 vere
1779 538 1822 593 Α
1853 532 2171 601 prophetas,
2205 535 2506 604 apostolos,
2558 546 2610 590 et
2650 537 2841 595 Patres
2870 557 2993 596 vere
3026 548 3322 613 sapientes,
3364 546 3430 598 il-

166 614 339 669 Deum
372 616 424 669 in
453 618 781 671 saeculorum
815 622 1034 675 Stecula.
1064 623 1256 677 Amen.

766 711 994 768 CAPUT
1037 714 1154 767 XX.

161 823 352 901 Solum
387 828 454 881 iis
482 839 807 895 perspectas.
842 840 891 883 et
925 833 1234 898 manifestas
1266 850 1376 887 esse
1405 851 1486 889 res
1517 835 1747 901 divinas,

233 899 421 973 quibus
446 914 535 963 per
552 902 975 973 Ediltntulliouem
1005 907 1174 956 sancti
1209 904 1437 973 Spiritus
1463 909 1587 961 totis
1610 899 1749 962 totus

233 972 417 1021 auritus
438 982 512 1021 es!
541 968 699 1023 Deus.

234 1079 526 1133 Uudenam
565 1085 752 1146 venis,
783 1092 836 1138 et
886 1087 1106 1155 quinam
1157 1089 1211 1143 in
1255 1090 1449 1144 cellam
1504 1093 1748 1162 undique

160 1171 413 1226 clausam
468 1175 814 1239 ingrederis?
870 1176 971 1231 hoc
1028 1192 1227 1233 novum
1288 1182 1547 1249 quiddam
1622 1192 1746 1247 est,

160 1264 311 1330 quod
355 1280 453 1318 uec
491 1265 593 1319 dici
631 1267 766 1320 satis
811 1283 912 1321 nec
972 1272 1201 1338 cogitari
1233 1282 1451 1340 potest:
1487 1276 1628 1329 intra
1663 1291 1748 1331 me

159 1364 347 1408 autem
399 1372 522 1411 esse
564 1368 614 1413 te
636 1399 650 1422 ,
682 1366 735 1412 ct
769 1368 944 1413 totum
998 1373 1220 1433 repente
1252 1367 1433 1421 lucere
1455 1407 1468 1430 ,
1507 1369 1742 1422 lumino-

158 1464 397 1517 sumque
427 1452 573 1503 cerni
602 1493 617 1514 ,
652 1463 709 1505 ut
742 1454 923 1506 lunam
955 1464 1120 1508 totam
1156 1458 1388 1511 lucidam
1417 1500 1431 1524 ,
1479 1461 1580 1513 hoc
1615 1462 1744 1515 nzihi

161 1551 409 1593 mentem
467 1554 514 1596 et
560 1544 799 1606 linguam
837 1549 1039 1615 eripit,
1065 1548 1281 1603 Christe
1332 1566 1504 1606 meus.
1538 1553 1662 1607 Scio
1694 1564 1746 1607 te

155 1646 285 1685 esse
318 1673 333 1693 ,
362 1636 455 1701 qui
491 1634 687 1688 venisti
712 1676 725 1697 ,
757 1644 815 1688 ut
843 1637 1183 1693 illuminares
1219 1640 1470 1695 sedentes
1508 1644 1560 1694 in
1594 1652 1744 1699 tene-

156 1723 277 1776 bris
307 1723 347 1754 ³³
384 1763 399 1786 ,
433 1734 486 1778 et
538 1727 890 1795 obstupeseo,
950 1744 1052 1781 nec
1107 1732 1245 1799 apud
1305 1746 1390 1785 me
1438 1748 1590 1797 sunt;
1645 1750 1745 1789 nec

158 1813 263 1867 fari
295 1830 474 1883 queo;
505 1819 763 1884 quoniam
804 1818 1128 1873 miraculum
1163 1836 1363 1874 novum
1390 1824 1567 1890 video,
1599 1827 1744 1894 quod

155 1920 380 1959 OﬂlDClll
412 1918 716 1960 creaturam
741 1947 758 1970 ο
800 1925 1015 1963 omnem
1051 1922 1299 1965 naturam
1322 1954 1334 1977 ,
1376 1929 1592 1969 omnem
1625 1932 1743 1970 ser-

155 2014 377 2052 monem
431 2009 749 2069 exsuperat.
795 2000 1183 2057 Verumtamen
1248 2005 1546 2074 proloquar
1596 2024 1742 2063 nunc

153 2092 452 2157 omnibus,
485 2107 607 2160 qua:
641 2092 772 2144 mihi
799 2092 1015 2147 donasti
1044 2095 1315 2163 proloqui.

228 2180 275 2236 Ο
308 2183 571 2237 mortales
610 2185 848 2239 universi
873 2225 886 2245 ,
924 2202 1077 2255 reges
1105 2224 1122 2250 ,
1153 2188 1468 2259 principes.
1509 2191 1741 2257 divites,

158 2290 458 2345 pauperes,
489 2277 767 2342 monacbi,
805 2280 1089 2344 mundani,
1117 2286 1297 2337 omnis
1341 2284 1741 2353 terrigenarum

153 2369 333 2432 natio,
366 2372 496 2423 mihi
543 2371 704 2427 modo
736 2386 895 2427 aures
926 2374 1051 2426 date
1073 2413 1090 2439 ,
1146 2373 1276 2429 dum
1308 2377 1741 2446 magnitudinem

156 2460 516 2531 benignitatis
548 2462 640 2517 Dei
673 2465 776 2518 mei
804 2464 1069 2521 edissere.
1124 2465 1345 2522 Peccavi
1382 2470 1432 2525 ci
1457 2511 1472 2536 ,
1519 2482 1576 2524 ut
1601 2471 1741 2528 alius

154 2551 212 2606 in
244 2553 381 2607 orbe
435 2564 702 2608 terrarum
753 2570 931 2611 nemo.
974 2557 1054 2612 Ne
1089 2560 1213 2629 quis
1237 2576 1321 2616 me
1353 2562 1495 2617 istud
1521 2580 1589 2619 ex
1620 2566 1741 2620 ani-

155 2648 231 2700 mi
273 2647 613 2702 demissione
639 2649 938 2704 arbitretur
964 2652 1165 2708 dicere.
1199 2654 1423 2709 Peccavi
1456 2658 1742 2729 plusquam

154 2753 354 2792 omnes
422 2740 722 2803 mortales,
784 2743 990 2809 peccati
1050 2759 1212 2798 omne
1276 2762 1487 2815 genus,
1530 2758 1591 2804 ut
1632 2767 1743 2808 uno

153 2832 327 2884 verbo
353 2830 531 2884 dicam
556 2873 570 2895 ,
597 2840 650 2885 et
685 2834 987 2889 sceleribus
1032 2852 1116 2890 me
1162 2840 1416 2894 astrinxi.
1454 2840 1742 2898 Verumta-

156 2937 281 2977 men
329 2926 543 2977 vocavit
582 2939 698 2990 me,
732 2934 787 2979 et
822 2926 1099 2981 exaudivit
1138 2930 1325 2983 statim
1352 2968 1367 2994 ,
1409 2934 1554 3000 quod
1602 2936 1738 2992 scio.

153 3015 224 3066 At
253 3016 404 3068 enim
438 3032 547 3085 quo
577 3025 634 3069 tu
675 3032 760 3071 me
787 3020 857 3070 ab
893 3018 1016 3086 ipso
1052 3031 1302 3075 vocatum
1332 3038 1454 3077 esse
1494 3027 1741 3094 suspica-

157 3116 246 3160 tus
275 3123 337 3161 es
361 3108 383 3160 ?
410 3124 540 3161 num
574 3108 639 3161 ad
673 3109 899 3177 gloriam
934 3112 1267 3167 mundanam
1296 3154 1312 3177 ,
1348 3124 1444 3169 aut
1472 3117 1698 3172 delicias
1722 3159 1741 3187 ,

1856 624 1961 677 lam
1998 627 2170 694 ipsam
2208 626 2534 697 sapientiam
2572 639 2741 685 totam
2782 634 3153 702 possidentes,
3189 654 3310 706 qua:
3337 646 3423 693 est

1854 714 2107 771 Christus
2158 720 2384 786 ipsemet
2418 720 2509 775 Dei
2552 723 2843 791 sapientia.
2886 726 2995 783 Hos
3032 730 3199 798 igitur
3245 732 3424 801 lacry-

1853 819 2030 869 tnans,
2064 823 2189 861 cum
2221 808 2525 863 incredibili
2558 813 2749 867 dolore
2777 817 2964 872 cordis
2993 819 3098 873 uu-i
3140 822 3424 888 ragabam,

1852 907 1913 953 ut
1945 898 2189 953 dicerent
2224 902 2381 964 mihi,
2418 904 2504 956 ubi
2535 904 2757 961 tandem
2792 908 2969 977 ipsutu
3005 911 3293 974 vidissent,
3328 922 3427 964 aut

1849 1005 1961 1060 quo
1995 991 2049 1045 in
2083 993 2223 1058 loco,
2253 1003 2346 1048 aut
2376 999 2674 1065 quomodo,
2717 1008 2773 1054 et
2800 1016 2907 1070 qua
2942 1004 3175 1056 ratione.
3209 1002 3425 1057 Certior

1850 1082 2007 1136 abiis
2045 1083 2255 1150 factus,
2305 1089 2592 1141 currebam
2635 1101 2903 1159 quantum
2944 1101 3216 1162 poteram,
3247 1104 3299 1147 et
3326 1112 3420 1152 so-

1850 1192 2039 1231 mnum
2068 1180 2286 1246 penitus
2306 1181 2627 1245 excludens,
2650 1185 2898 1239 mihimet
2931 1187 3233 1239 instabam.
3265 1185 3419 1241 Unde

1848 1269 2075 1338 contigit
2101 1278 2158 1321 ut
2188 1269 2425 1322 viderem
2450 1284 2610 1337 quem
2643 1269 3045 1339 desiderabam,
3078 1275 3173 1326 sed
3208 1264 3421 1325 medio-

1846 1356 2040 1419 criter,
2084 1365 2139 1409 et
2182 1372 2581 1427 recognoscens
2618 1374 2766 1426 cum,
2799 1360 2961 1413 celeri
2987 1375 3172 1421 cursu,
3205 1370 3263 1412 ut
3294 1363 3424 1414 aule

1846 1450 1982 1515 dixi,
2015 1450 2363 1518 insequebar.
2394 1448 2687 1519 Postquam
2718 1454 2899 1522 itaque
2935 1452 3071 1505 vidit
3108 1467 3194 1506 me
3240 1457 3423 1505 omnia

1847 1541 2139 1595 ducentem
2185 1558 2283 1612 pro
2318 1543 2490 1595 nihilo
2544 1558 2771 1613 quaque
2819 1546 2872 1597 in
2909 1545 3114 1599 mundo
3163 1554 3315 1609 sunt,
3370 1555 3425 1598 et

1848 1632 2024 1701 ipsum
2054 1634 2341 1695 mundum,
2368 1642 2422 1686 et
2451 1634 2699 1686 homines
2724 1634 2887 1700 hujus
2920 1634 3104 1687 mundi
3128 1638 3282 1704 quasi
3311 1649 3421 1689 non

1846 1735 2143 1788 exstarent,
2178 1735 2517 1794 reputantem
2555 1742 2619 1779 ex
2652 1728 2838 1781 animo
2866 1735 2921 1780 et
2948 1741 2978 1779 a
3022 1726 3229 1780 mundo
3262 1742 3420 1797 sepa-

1850 1826 2049 1881 ratum,
2089 1818 2143 1871 in
2198 1818 2299 1870 hac
2349 1817 2638 1871 aﬂcrtione
2686 1834 2803 1871 mea
2856 1827 3006 1873 totus
3047 1821 3141 1873 toti
3196 1817 3325 1871 mihi
3363 1836 3422 1872 se

1848 1910 2292 1979 conspiciendum
2323 1911 2571 1978 praebuit,
2604 1916 2750 1964 totus
2784 1925 2842 1965 se
2870 1926 3080 1965 meeum
3111 1912 3422 1979 eonjunvit,

1848 1998 1939 2067 qui
1962 2007 2115 2052 extra
2142 1998 2406 2053 mundum
2442 2011 2546 2065 est,
2575 2015 2814 2069 eumque
2843 2016 2970 2055 cum
3011 2002 3268 2056 omnibus
3297 2014 3421 2070 qua:

1847 2091 1902 2145 in
1943 2105 2006 2145 eo
2034 2101 2162 2143 sunt
2189 2097 2385 2158 portat,
2414 2100 2467 2145 et
2518 2107 2680 2145 manu
2741 2092 2859 2146 sola
2921 2108 3151 2163 quaeque
3182 2107 3423 2146 cernun-

1847 2192 1937 2236 tur
2001 2198 2233 2252 qumque
2290 2198 2396 2236 non
2447 2193 2749 2238 cernuntur
2791 2188 3054 2240 continet.
3102 2183 3244 2253 Ergo
3295 2184 3419 2246 hic,

1847 2275 2050 2339 audite,
2084 2290 2209 2330 cum
2236 2278 2557 2340 ocurrisset,
2588 2277 2795 2329 invenit
2854 2293 2976 2342 me;
3014 2277 3155 2331 unde
3183 2278 3421 2341 venerit,

1847 2370 2057 2423 nescio.
2099 2367 2387 2433 Quomodo
2416 2369 2562 2423 enim
2592 2383 2753 2423 nosse
2806 2378 3075 2438 poteram,
3103 2384 3225 2421 cum
3261 2382 3421 2422 nemo

1846 2462 2126 2516 hominum
2164 2476 2408 2531 unquam
2448 2463 2664 2516 noverit
2702 2476 2805 2516 nec
2850 2460 2995 2515 unde
3039 2460 3287 2524 venerit,
3322 2476 3423 2515 nec

1846 2556 1939 2610 ubi
1983 2555 2079 2618 sit,
2110 2556 2199 2609 ubi
2248 2564 2457 2625 pascat,
2496 2555 2584 2610 ubi
2632 2554 2835 2609 cubet?
2865 2554 3102 2609 Prorsus
3133 2554 3277 2609 enim
3310 2567 3419 2609 non

1848 2648 2083 2708 videtur.
2116 2663 2347 2717 prorsus
2377 2663 2484 2703 non
2518 2649 2864 2718 intelligitur,
2897 2658 2949 2704 et
2987 2649 3195 2703 habitat
3239 2648 3415 2704 lucem

1846 2738 2307 2804 inaccessibilem,
2360 2750 2416 2795 et
2474 2741 2565 2794 lux
2611 2749 2697 2794 est
2742 2742 2794 2794 in
2848 2740 3053 2809 triplici
3111 2741 3417 2809 hypostasi,

1846 2835 2008 2889 modo
2054 2834 2450 2903 inexplicabili,
2492 2837 2546 2890 in
2578 2835 2716 2890 locis
2754 2835 3270 2905 incircumscriptis,
3301 2836 3421 2890 nul-

1846 2925 1915 2981 lis
1947 2927 2146 2981 finibus
2187 2944 2249 2981 ac
2278 2929 2532 2983 terminis
2567 2929 2833 2994 inclusus,
2875 2939 2926 2984 et
2966 2930 3418 2997 circumscriptus

1848 3019 1991 3073 Deus
2028 3036 2203 3083 meus,
2235 3037 2378 3075 unus
2408 3023 2590 3083 Pater,
2617 3023 2868 3077 similiter
2911 3040 3052 3078 unus
3081 3023 3257 3078 Filius
3289 3037 3413 3077 cum

1850 3111 2056 3178 Spiritu
2089 3121 2299 3179 sancto,
2332 3129 2499 3166 unum
2537 3114 2666 3179 tria,
2692 3124 2747 3169 et
2778 3115 2882 3168 tria
2925 3132 3065 3169 unus
3102 3114 3243 3169 Deus
3276 3114 3418 3169 inef-

156 3208 247 3252 aut
282 3200 665 3253 remissionem
710 3209 764 3254 et
808 3200 1013 3256 ferias?
1064 3201 1203 3257 Nam
1238 3205 1305 3259 ad
1356 3207 1575 3262 divitias
1601 3248 1616 3274 ,
1651 3218 1745 3264 aut
1773 3214 1814 3269 (ζ
1852 3203 2106 3259 fabilitcr.
2131 3204 2247 3259 Non
2270 3208 2413 3259 enim
2438 3221 2623 3262 sermo
2649 3208 3002 3275 expresserit,
3031 3206 3231 3275 quibus
3256 3207 3420 3263 verba

159 3292 457 3345 amicitiam
504 3293 813 3363 principum
842 3332 855 3355 ,
888 3303 982 3349 aut
1026 3296 1093 3349 ad
1125 3310 1315 3352 eorum
1347 3300 1551 3369 aliqttid
1576 3345 1589 3367 ,
1622 3319 1742 3371 qure

154 3386 208 3435 in
246 3387 349 3438 hac
398 3386 508 3439 vita
538 3385 715 3438 sunt?
762 3385 912 3441 Mitte
950 3388 1091 3442 male
1128 3391 1298 3460 loqui.
1341 3392 1418 3445 Ad
1466 3397 1742 3463 poeniten-

152 3476 282 3527 tiam
318 3492 407 3529 me
442 3479 654 3531 vocavit
680 3519 693 3543 ,
724 3478 975 3548 inquam,
1006 3483 1301 3553 statimque
1329 3498 1612 3542 vocantem
1654 3504 1744 3545 sc-

154 3581 312 3625 catus
335 3610 353 3636 ,
395 3578 451 3623 et
484 3586 648 3625 cursu
682 3582 990 3627 currentem
1023 3573 1431 3647 fugientemque
1455 3619 1470 3642 ,
1507 3591 1564 3634 ιιι
1599 3583 1747 3653 lepo-

152 3678 266 3717 rem
320 3665 502 3729 canis,
538 3664 816 3719 insecutus
847 3682 988 3720 sum.
1036 3666 1281 3723 Distantc
1339 3680 1519 3725 autem
1575 3688 1603 3726 a
1658 3690 1743 3729 me

156 3755 369 3823 longius
434 3764 487 3809 ct
551 3758 876 3811 abscondito
960 3758 1287 3823 Salvatore,
1345 3778 1451 3815 non
1520 3764 1743 3820 adhibui

154 3847 597 3917 desperationem
636 3852 688 3903 in
719 3851 1012 3905 consiiium
1038 3892 1051 3914 ,
1092 3868 1191 3906 nec
1222 3862 1280 3907 ut
1316 3870 1380 3907 eo
1408 3856 1612 3910 amisso
1651 3874 1742 3926 pe-

154 3941 271 3995 dem
307 3943 472 3996 retuli
510 3960 524 3995 :
556 3942 648 3999 sed
682 3944 736 3995 in
773 3958 881 4012 quo
909 3958 1056 3996 eram
1107 3945 1226 3998 loco
1254 3946 1451 4000 sedens
1480 3948 1744 4001 lamenta-

156 4032 272 4097 bar,
308 4033 506 4088 flebant
540 4074 554 4097 ,
587 4036 943 4104 ablatumque
973 4051 1002 4088 e
1028 4046 1330 4104 conspectu
1382 4053 1504 4092 meo
1556 4040 1743 4094 Domi-

156 4142 280 4179 num
315 4126 663 4180 remeabant.
699 4126 836 4179 Cum
888 4128 971 4181 sic
997 4127 1237 4196 jactarcr
1287 4138 1342 4184 et
1390 4130 1740 4197 vociferarer,

157 4234 213 4272 se
246 4218 426 4270 oculis
476 4218 612 4269 meis
644 4218 921 4279 reddidit,
956 4220 1199 4287 mihique
1246 4222 1494 4289 proxime
1538 4237 1742 4291 appro-

158 4308 463 4376 pinquavit.
494 4306 667 4372 Quem
702 4322 935 4360 cernens
963 4309 1129 4361 exilui
1157 4349 1171 4373 ,
1199 4319 1254 4363 et
1287 4312 1351 4363 ad
1387 4327 1510 4365 eum
1543 4328 1740 4381 appre-

158 4398 505 4452 hendendum
561 4398 808 4467 prosilui.
845 4399 1043 4452 Verum
1095 4401 1185 4454 ille
1220 4403 1475 4456 celeriter
1507 4420 1565 4457 se
1617 4420 1742 4473 pro-

158 4490 344 4558 ripuit.
376 4490 486 4551 Ego
509 4506 731 4544 currere
751 4492 1055 4554 incitatius,
1082 4504 1132 4545 et
1161 4509 1303 4561 stupe
1342 4495 1463 4561 ejus
1491 4496 1739 4549 laciniam

156 4585 512 4650 prehendere.
551 4581 645 4636 Ille
694 4583 999 4636 consistere
1056 4586 1372 4651 paululum;
1416 4602 1517 4656 ego
1568 4587 1737 4639 laetari

158 4674 401 4727 mirifice.
452 4675 645 4726 Avnlat
694 4675 899 4738 denuo,
942 4674 1202 4743 insequor
1247 4676 1450 4730 denuo.
1512 4678 1573 4729 Et
1613 4694 1737 4731 cum

159 4763 227 4816 ita
257 4765 491 4817 abiissct
542 4766 635 4834 qui
686 4777 951 4827 venerat,
980 4770 1320 4822 occultasset
1354 4784 1413 4822 se
1441 4768 1532 4836 qui
1570 4785 1738 4838 appi-

159 4865 342 4909 ruerat
371 4895 387 4918 ,
420 4873 531 4911 non
563 4873 650 4910 me
686 4866 830 4911 retro
858 4861 1102 4913 converti
1135 4900 1150 4924 ,
1182 4876 1284 4915 nec
1335 4876 1421 4915 me
1462 4862 1737 4915 tantillum

161 4946 360 5014 piguit,
394 4962 493 5001 nec
519 4949 586 5003 de
611 4964 781 5002 cursu
817 4951 1001 5005 remisi
1029 4989 1044 5014 ,
1076 4966 1177 5005 nec
1208 4969 1293 5006 me
1338 4954 1405 5006 ab
1458 4955 1550 5009 illo
1579 4956 1740 5009 dere-

158 5050 347 5107 ptum,
390 5049 489 5094 aut
546 5050 817 5097 tentatum
868 5044 1176 5098 existimavi
1231 5046 1341 5100 ullo
1392 5046 1588 5112 modo;
1639 5047 1733 5102 sed

157 5146 310 5197 quem
392 5148 503 5187 non
581 5137 820 5203 amplius
874 5137 1161 5199 videbam,
1214 5140 1438 5206 quantis
1492 5140 1740 5193 valebam

161 5224 364 5279 viribus
392 5264 409 5288 ,
464 5234 520 5278 et
568 5228 715 5279 omni
753 5228 1010 5280 facultate
1066 5244 1184 5282 mea
1222 5230 1363 5297 ωιρὶ
1396 5232 1689 5299 exquirere
1720 5271 1735 5295 ,

162 5320 378 5385 viasque
406 5325 463 5371 et
507 5331 668 5385 sepes
699 5320 1128 5387 circumspicere
1155 5359 1169 5382 ,
1222 5319 1399 5374 sicubi
1426 5331 1734 5389 appareret.

162 5404 373 5463 Obortis
418 5418 601 5461 autem
635 5411 951 5478 complebar
981 5412 1237 5480 lacrymis
1265 5450 1280 5475 ,
1314 5422 1368 5465 et
1397 5427 1589 5467 omnes
1620 5429 1741 5482 per—

162 5503 454 5567 contabar,
498 5503 590 5571 qui
650 5503 943 5571 aliquando
1013 5504 1191 5570 ipsum
1246 5504 1531 5559 vidissent.
1586 5506 1735 5570 Quos

164 5603 316 5653 porro
346 5606 375 5643 ιι
417 5606 505 5645 tne
538 5603 698 5659 putas
729 5594 1009 5662 intelligi?
1056 5595 1138 5646 An
1196 5594 1362 5663 ltujus
1410 5597 1598 5650 mundi
1641 5612 1733 5650 stt-

163 5679 363 5745 pientes
387 5722 403 5744 ,
434 5690 490 5735 et
536 5684 781 5738 scientiis
820 5685 1113 5739 excultos?
1167 5685 1390 5742 Minime
1436 5701 1601 5751 sane;
1640 5688 1733 5742 sed

229 5863 265 5894 ³³
300 5860 434 5917 Luc.
467 5878 503 5929 ι,
540 5864 627 5918 73.

1852 3297 1999 3349 nulla
2033 3307 2163 3351 sunt
2197 3301 2368 3365 paria,
2400 3308 2453 3352 ct
2484 3314 2608 3367 qua:
2650 3314 2806 3353 mens
2846 3315 3037 3369 parum
3079 3300 3419 3371 assequitur.

1920 3390 2079 3442 Certe
2107 3404 2229 3457 qua:
2261 3390 2313 3443 in
2348 3391 2506 3445 nobis
2536 3401 2686 3455 sunt,
2720 3399 2807 3445 vix
2839 3406 2900 3445 ea
2934 3392 3030 3446 tibi
3062 3393 3415 3461 aliquantum

1850 3481 2129 3550 explicare
2158 3498 2342 3551 queo:
2385 3483 2502 3536 haec
2555 3492 2738 3536 autem
2776 3483 2961 3536 divina
3014 3499 3117 3538 nec
3148 3500 3269 3554 ego,
3321 3498 3417 3539 nec

1848 3574 1992 3630 ullus
2026 3574 2169 3629 alius
2206 3577 2315 3628 ulla
2354 3577 2564 3629 ratione
2594 3592 2607 3628 ε
2641 3591 2749 3645 quo
2797 3586 2955 3646 pacto
2989 3576 3246 3631 videlicet
3279 3577 3423 3633 Deus

1846 3682 2164 3739 segregatus
2195 3670 2265 3723 ab
2297 3668 2551 3723 erunibus
2576 3669 2841 3732 essentia,
2876 3680 3095 3734 natura,
3121 3679 3417 3738 potestate,

1846 3762 2040 3832 gloria,
2065 3768 2119 3813 et
2140 3761 2419 3829 quomodo
2441 3759 2646 3828 ubique
2677 3760 2729 3812 in
2755 3760 3038 3823 omnibus,
3062 3761 3423 3829 singulariter

1847 3866 1975 3903 vero
1998 3852 2049 3903 in
2080 3849 2290 3903 sanctis
2324 3850 2551 3911 habitet,
2586 3849 2718 3902 etin
2753 3850 2837 3903 his
2871 3850 3287 3904 tabernaculum
3318 3850 3422 3905 sibi

1845 3944 2163 4007 ennstitrnt,
2201 3942 2274 3994 ita
2306 3952 2365 3995 ut
2414 3942 2652 4011 idipsum
2693 3950 3074 4011 cognoscant,
3123 3951 3177 3998 et
3224 3958 3420 3998 essen-

1845 4037 2072 4098 tialiter,
2100 4035 2193 4103 qui
2226 4035 2440 4104 penitus
2469 4035 2766 4088 essentiam
2795 4051 3013 4088 omnem
3040 4037 3250 4089 excedit
3272 4050 3423 4105 aquo

1846 4136 2007 4195 pacto
2044 4127 2395 4180 contineatur
2425 4127 2682 4180 humanis
2717 4126 3043 4191 visceribus,
3080 4127 3173 4194 qui
3199 4143 3419 4191 omnem

1843 4228 2153 4273 creaturam
2208 4218 2324 4287 ipse
2384 4220 2631 4272 continet
2666 4236 2679 4271 :
2715 4236 2826 4288 quo
2874 4229 3039 4289 pacto
3095 4218 3302 4288 fulgeat
3364 4220 3421 4274 itt

1844 4311 2009 4365 corde
2071 4312 2279 4365 carnali
2344 4320 2509 4379 atque
2565 4326 2796 4365 crasso:
2835 4313 3114 4380 quomodo
3166 4314 3309 4366 intra
3359 4312 3427 4367 il-

1846 4405 1939 4457 lud
2000 4402 2112 4467 sit,
2164 4406 2443 4470 quomodo
2488 4414 2639 4456 extra
2704 4404 2889 4457 omnia
2953 4407 3068 4468 sit,
3133 4414 3187 4459 et
3242 4415 3424 4460 tamen

1845 4495 2070 4563 impleat
2137 4496 2344 4548 omnia.
2383 4496 2476 4548 Die
2538 4506 2811 4563 noctuque
2858 4496 3136 4559 splendet,
3196 4504 3251 4551 et
3311 4512 3423 4552 non

1850 4587 2115 4639 Cernitur.
2170 4584 2299 4639 Haec
2365 4586 2595 4647 omnia,
2652 4584 2740 4638 dic
2799 4585 2960 4647 mihi,
3009 4586 3201 4655 ecquid
3268 4603 3425 4642 mens

1849 4681 2085 4729 humana
2150 4677 2618 4745 penetrabit,aut
2674 4682 2970 4744 explanare
3020 4678 3118 4731 tibi
3188 4679 3426 4748 poterit?

1847 4768 2098 4820 Proiecto
2180 4782 2288 4820 non
2347 4767 2615 4834 angi-Ius,
2668 4782 2776 4821 non
2844 4769 3206 4838 archangcltts
3257 4786 3426 4840 expo-

1846 4874 1975 4912 nere
2026 4864 2320 4927 verbisque
2366 4859 2647 4913 declarare
2694 4861 2806 4914 haec
2834 4862 3073 4925 valebit,
3110 4877 3232 4931 quae
3271 4863 3425 4918 solus

1845 4952 2084 5021 Spiritus
2150 4952 2371 5005 divinus
2437 4954 2761 5017 cognoscit,
2811 4954 2960 5009 solus
3013 4956 3118 5009 scit
3160 4973 3173 5008 :
3222 4959 3426 5025 quippe

1840 5045 2087 5112 ejusdem
2134 5056 2342 5098 natura;
2389 5044 2682 5111 throuique
2732 5047 2917 5100 socius
2945 5086 2960 5111 ,
2999 5056 3053 5099 et
3102 5048 3265 5103 simul
3298 5064 3423 5102 cum

1845 5136 2005 5188 Patre
2026 5175 2041 5198 ,
2073 5149 2137 5187 ac
2168 5133 2304 5187 Filio
2336 5135 2588 5203 principii
2623 5150 2841 5203 expers.
2871 5136 2923 5190 ls
2950 5137 3153 5205 quibus
3186 5137 3423 5203 fulserit,

1842 5234 1899 5277 ct
1943 5224 2158 5278 aliunde
2209 5226 2494 5292 copulatus
2552 5227 2753 5286 fuerit,
2814 5226 2922 5280 illis
2971 5227 3155 5280 omnia
3210 5242 3268 5279 re
3308 5229 3422 5295 ipsa

1843 5316 2122 5378 osmndit,
2157 5316 2316 5369 modo
2345 5330 2454 5381 quo
2500 5316 2608 5368 dici
2647 5331 2755 5370 non
2794 5324 2995 5384 potest.
3058 5316 3427 5382 Quemadmo-

1844 5409 1974 5461 dum
1999 5407 2143 5459 enim
2174 5422 2373 5471 circus,
2407 5408 2451 5461 si
2482 5407 2735 5476 aspiciat,
2766 5410 3001 5477 primunt
3029 5409 3179 5463 videt
3214 5410 3421 5474 lumen,

1842 5497 2039 5551 deinde
2070 5496 2125 5549 in
2153 5497 2378 5558 lumine,
2407 5496 2603 5551 mirum
2630 5498 2799 5561 dictu,
2825 5512 3043 5552 omnem
3067 5508 3373 5553 creaturam
3398 5510 3417 5548 :

1842 5591 1923 5644 sic
1982 5590 2188 5643 cmlesti
2254 5588 2458 5658 Spiritu
2520 5588 2824 5643 illustratus
2886 5589 3124 5643 animam
3160 5626 3178 5653 ,
3241 5591 3419 5644 statim

1844 5684 2025 5737 luincn
2069 5681 2358 5753 participat
2389 5719 2405 5747 ,
2432 5689 2487 5737 et
2517 5681 2704 5737 lumen
2740 5681 2927 5748 videt,
2967 5682 3153 5737 lumen
3185 5680 3281 5736 Dei
3316 5721 3331 5747 ,
3366 5687 3424 5738 et
