4170 6452
826 389 925 455 551

2045 389 2412 451 SIMEONIS
2449 389 2818 450 JUNIORIS

3983 388 4079 452 59!

830 510 998 563 Deum
1049 504 1296 564 omnino,
1318 502 1419 571 qui
1449 500 1496 555 ei
1535 507 1803 553 monstrat
1831 500 2011 554 omnia
2038 542 2052 564 ,
2082 503 2167 555 vel
2221 502 2403 570 potius
2429 506 2477 562 Α
2505 507 2598 559 sed
2630 522 2691 559 ea
2746 521 2862 575 ipsa
2896 521 3179 576 assequar,
3218 522 3338 575 qua:
3387 506 3603 573 assequi
3658 502 4079 566 desiderabam,

831 602 1012 653 omnia
1043 614 1164 668 qua:
1187 597 1371 666 jubet,
1404 609 1525 663 quac.
1560 596 1707 656 vult,
1736 603 1788 647 et
1822 592 1987 660 cupit.
2023 592 2171 655 Quos
2205 592 2406 645 illumi-

831 704 962 757 nat,
996 693 1062 746 iis
1094 692 1186 743 dat
1217 688 1418 743 intueri
1447 702 1568 755 qua:
1600 697 1727 741 sunt
1758 686 1810 739 in
1842 685 2029 739 divine
2068 685 2314 751 lumine;
2341 698 2404 741 ac

833 802 932 851 pro
982 784 1233 853 portione
1286 781 1555 835 claritatis
1602 789 1655 834 et
1708 777 1972 831 custodite
2026 776 2402 831 mandatorum

834 880 927 933 Dei
960 879 1249 934 illuminati
1283 884 1516 929 cernunt
1545 914 1558 938 ,
1595 874 2049 939 occultorumque
2083 870 2172 923 Dei
2204 876 2407 938 myste-

830 974 1036 1026 riorum
1076 969 1367 1023 altitudine
1399 968 1706 1021 initiantur.
1765 966 1996 1021 Perinde
2028 973 2085 1017 ut
2114 963 2160 1016 si
2194 964 2317 1030 quis
2349 962 2404 1014 in

828 1064 1049 1117 domum
1084 1061 1428 1113 tenebrosam
1474 1073 1635 1111 manu
1686 1056 1989 1124 lampadem
2042 1063 2231 1107 tenens
2266 1094 2282 1119 ,
2312 1060 2408 1106 aut

830 1155 935 1206 alio
982 1168 1107 1208 cum
1159 1151 1406 1221 lampade
1460 1150 1801 1218 prmeedente
1856 1147 2178 1213 ingressus,
2225 1146 2406 1199 omnia

830 1256 951 1315 quae
978 1230 1089 1297 illic
1122 1254 1246 1298 sunt
1282 1242 1531 1310 aspiciat.
1586 1238 1721 1293 Nam
1777 1238 2031 1292 similiter
2066 1237 2235 1292 radiis
2278 1237 2408 1291 solis

830 1341 932 1391 sub
971 1337 1388 1404 intelligentiam
1441 1332 1690 1387 cadentis
1744 1332 1891 1385 clare
1946 1330 2293 1394 illustratus,
2339 1329 2408 1383 ab

830 1431 1089 1484 euuiibus
1135 1428 1257 1480 aliis
1306 1426 1553 1496 ignorata
1596 1424 1782 1486 videt,
1842 1431 1897 1477 et
1952 1423 2196 1490 loquitur
2237 1437 2252 1475 :
2297 1422 2408 1474 imo

832 1537 939 1575 non
970 1522 1173 1581 omnia,
1212 1519 1305 1571 sed
1344 1534 1465 1587 qum
1495 1516 1677 1569 verbis
1708 1515 1969 1583 consequi
2002 1514 2238 1568 licuerit.
2278 1512 2411 1577 Quis

829 1614 976 1666 enim
1006 1626 1125 1681 qute
1158 1611 1264 1663 illic
1294 1618 1458 1670 sunt,
1495 1608 1709 1676 qualia,
1741 1615 1943 1676 quanta
1966 1647 1981 1667 ,
2013 1606 2170 1675 cujus
2195 1605 2411 1674 generis

830 1706 982 1767 sint,
1013 1718 1137 1758 cum
1190 1701 1643 1770 incompreltcnsa
1698 1710 1750 1752 et
1798 1698 2099 1751 invisibilia
2145 1698 2255 1751 sint
2289 1698 2411 1750 uni-

832 1799 1043 1859 versis,
1096 1796 1342 1847 oratione
1416 1791 1800 1863 expresserit?
1856 1790 2103 1859 Speciem
2173 1804 2408 1859 namque

830 1890 1015 1958 specie
1073 1889 1378 1942 carentium
1414 1924 1430 1949 ,
1473 1887 1831 1955 quaniitatem
1874 1900 1981 1939 non
2029 1890 2363 1954 quanterum
2389 1924 2403 1944 ,

830 1982 1293 2051 pulchritudinem
1337 1995 1442 2034 non
1485 1977 1909 2046 intelligibilium
1947 1977 2072 2046 quis
2101 1977 2405 2047 intelliget?

828 2075 1101 2143 quomodo
1146 2073 1396 2125 mctietur
1428 2070 1703 2140 quomodo
1755 2068 1958 2123 formas
2010 2069 2238 2121 formam
2296 2085 2402 2122 non

836 2165 1153 2217 habentium
1182 2164 1285 2217 ulla
1320 2163 1530 2215 ratione
1564 2161 1744 2213 verbis
1777 2160 2039 2225 proferre,
2073 2167 2125 2211 et
2156 2173 2406 2212 sermone

831 2256 1144 2309 describere
1228 2252 1472 2321 poterit?
1528 2250 1942 2318 Respondebis,
1994 2251 2218 2303 omnino
2296 2264 2405 2301 non

835 2364 1016 2423 posse.
1040 2347 1147 2402 Sed
1174 2348 1247 2400 illi
1278 2346 1658 2400 tantummodo
1689 2344 1805 2398 haec
1831 2352 2054 2407 nerunt,
2081 2343 2174 2412 qui
2200 2343 2403 2395 vident.

901 2439 1056 2505 Quod
1087 2454 1208 2491 cutn
1242 2439 1315 2490 ila
1348 2437 1451 2497 sit,
1486 2452 1591 2488 non
1626 2433 1808 2487 verbis
1830 2474 1846 2498 ,
1879 2433 1971 2486 sed
2007 2432 2164 2485 factis
2196 2429 2407 2484 cﬂicere

831 2532 1173 2593 festinemus,
1212 2537 1268 2581 ut
1294 2528 1595 2590 videamus,
1629 2525 2048 2592 divinorumque
2078 2536 2403 2576 arcanorum

831 2625 1053 2679 divitias
1076 2623 1375 2686 discamus,
1411 2634 1545 2689 quas
1580 2619 1745 2671 donat
1778 2615 2039 2669 l‘ominus
2066 2629 2191 2667 cum
2218 2613 2408 2665 labore

830 2716 1268 2786 inquirentibus,
1304 2722 1357 2767 et
1407 2726 1546 2780 quos
1582 2710 1747 2761 totius
1798 2707 1986 2761 mundi
2038 2706 2363 2759 oblivionem
2390 2744 2405 2769 ,

832 2822 1126 2874 rerumque
1179 2806 1328 2859 illius
1377 2804 1621 2857 omnium
1671 2800 1775 2854 sibi
1818 2813 2167 2868 comparasse
2200 2808 2405 2849 certum

828 2912 933 2954 est.
971 2900 1179 2952 Etenim
1232 2900 1323 2965 qui
1358 2897 1449 2949 illa
1487 2895 1761 2963 exquirit,
1793 2900 2016 2959 totoque
2061 2890 2243 2943 animo
2272 2904 2410 2941 con-

833 3000 1094 3055 sectatur,
1126 2990 1220 3059 qui
1272 2990 1487 3042 laudent
1537 2987 1783 3039 omnium
1842 2983 2285 3053 przetereuntium
2346 2995 2409 3033 ac

832 3083 1126 3137 labentium
1194 3080 1510 3134 memoriam
1575 3094 1701 3131 vere
1749 3092 1857 3129 non
1897 3076 2112 3144 ejiciet,
2145 3085 2199 3128 et
2242 3074 2310 3128 ab
2342 3074 2409 3128 iis

832 3182 1067 3229 meuletn
1088 3172 1344 3226 nudatam
1366 3169 1666 3239 possidebit
1685 3210 1701 3232 ,
1725 3178 1780 3221 et
1805 3181 1927 3221 mox
1958 3166 2212 3234 superior
2232 3165 2404 3219 omni-

832 3266 972 3331 bus,
998 3275 1051 3319 et
1099 3264 1251 3318 solus
1291 3260 1645 3315 invenietur?
1678 3260 1850 3324 Quem
1894 3256 2071 3320 Deus,
2099 3256 2190 3325 qui
2254 3256 2404 3311 solus

831 3367 951 3421 est,
982 3364 1203 3425 propter
1228 3370 1287 3409 se
1321 3354 1497 3407 solum
1544 3353 1744 3404 lactmn
1767 3389 1782 3413 ,
1814 3364 1878 3402 ac
1914 3347 2177 3402 tnundum
2198 3387 2214 3413 ,
2251 3362 2406 3400 mutt-

832 3449 1085 3517 danaque
1154 3453 1507 3514 aspernatum
1579 3442 1960 3508 conspiciens,
2016 3441 2168 3495 solus
2229 3439 2406 3493 solum

833 3542 1120 3596 inveniens
1143 3581 1157 3603 ,
1189 3554 1309 3593 cum
1347 3553 1412 3591 eo
1458 3551 1625 3590 unum
1663 3536 1743 3588 lit.
1774 3534 1818 3587 Ο
1852 3531 2219 3587 venerandam
2262 3546 2408 3585 (ECO-

833 3635 1111 3695 nomiam,
1144 3647 1176 3685 e
1226 3630 1525 3683 bonitatem
1583 3626 2048 3694 inexplicabilem!
2104 3623 2237 3688 Quae
2284 3624 2410 3677 hinc

834 3734 1139 3793 sequuntur
1164 3764 1177 3785 ,
1204 3738 1273 3776 ne
1307 3722 1580 3788 interroga
1602 3759 1619 3782 ,
1650 3734 1717 3771 ne
1762 3726 2009 3771 scrutare
2029 3754 2045 3779 ,
2072 3730 2139 3769 ne
2164 3717 2410 3783 exquire.

836 3819 971 3871 Nam
1003 3817 1049 3869 si
1080 3814 1357 3869 stellarum
1390 3810 1791 3865 multitudinem
1810 3847 1826 3871 ,
1854 3816 1948 3861 aut
1976 3808 2173 3877 pluviae
2194 3816 2372 3874 guttas
2395 3846 2408 3868 ,

836 3919 930 3963 aut
965 3922 1159 3961 arenas
1204 3918 1528 3965 numerare,
1567 3901 1699 3971 quin
1746 3908 1800 3954 et
1830 3901 2165 3968 reliquarum
2193 3906 2411 3951 creatu-

838 4016 1022 4055 rarum
1042 3998 1386 4070 dignitatem,
1406 3997 1751 4066 elegantiam,
1785 4004 2061 4053 naturam,
2091 3991 2407 4060 dispositio-

838 4108 960 4145 nem
992 4100 1047 4144 et
1079 4092 1355 4152 Ordinem,
1392 4098 1446 4141 et
1485 4090 1677 4141 harum
1709 4098 1905 4138 causas
1934 4093 1991 4137 ut
2023 4090 2151 4135 sunt
2175 4123 2190 4147 ,
2231 4081 2413 4134 nullus

837 4183 1022 4237 dicere
1055 4191 1147 4234 aut
1183 4184 1423 4249 cogitare
1459 4189 1660 4248 potest,
1682 4178 1954 4245 quomodo
1986 4173 2413 4229 misericordiam

835 4273 1106 4327 Creatoris
1163 4270 1315 4324 effari
1365 4272 1601 4339 poterit,
1647 4280 1810 4336 quam
1857 4265 2081 4317 exhibet
2131 4264 2417 4317 animabus

837 4365 1080 4426 sanctis,
1115 4362 1442 4429 quibuscum
1495 4360 1683 4413 unitos
1732 4356 1939 4409 fuerit?
1987 4354 2218 4409 Prorsus
2272 4354 2417 4408 enim

838 4446 963 4509 illas
1006 4455 1397 4523 conjunctione
1434 4468 1529 4507 sua
1557 4454 1794 4521 quadam
1837 4450 2125 4503 divinitate
2156 4450 2417 4517 impertit.

2509 606 2560 651 et
2596 597 2864 661 desidero,
2917 598 3300 664 desiderioque
3346 595 3674 651 desiderium
3717 594 3980 655 obfusco,
4034 609 4079 646 et

2509 689 2723 743 hebete.
2774 688 2998 742 Etcum
3059 689 3323 743 audierim
3376 686 3692 757 aliquando,
3742 686 4079 741 desiderium

2508 782 2805 837 accendere
2854 780 3187 835 desiderium
3219 798 3234 846 ;
3274 790 3329 835 et
3375 780 3551 850 ignem
3590 781 3733 833 alere
3764 779 4083 839 ﬂammam,

2508 873 2559 926 id
2595 875 2648 926 in
2683 888 2767 926 me
2798 889 2906 927 non
2938 873 3190 943 experior
3224 891 3238 926 :
3271 873 3365 927 sed
3403 872 3592 927 nescio
3617 871 3901 941 quomodo
3936 887 4087 924 ame-

2508 965 2585 1020 ris
2619 965 2937 1034 magnitudo
2971 980 3208 1019 amorem
3256 980 3435 1018 memn
3470 964 3790 1032 exstinguit.

2580 1052 2697 1107 Non
2739 1055 2917 1108 dicam
2945 1063 3211 1123 quantum
3244 1055 3434 1107 vellem
3470 1054 3653 1106 dicere
3677 1094 3691 1117 ,
3724 1063 3779 1105 et
3814 1061 3953 1121 puto
3997 1068 4085 1104 ne-

2508 1161 2782 1217 quaquam
2812 1161 3051 1200 amerem
3093 1144 3183 1199 Dei
3217 1160 3301 1199 me
3328 1144 3705 1214 acquisiviss~'.
3740 1144 3877 1195 Dum
3908 1153 4086 1197 autem

2511 1238 2901 1293 insatiabiliter
2935 1252 3119 1292 amare
3166 1238 3360 1292 studeo
3411 1247 3677 1307 quantum
3727 1237 3874 1299 volo,
3924 1238 4085 1289 etiam

2509 1347 2619 1400 quo
2653 1330 2907 1401 praeditus
2932 1345 3081 1383 eram
3112 1369 3127 1393 ,
3161 1331 3295 1383 mira
3324 1344 3410 1384 res
3431 1370 3446 1396 ,
3486 1344 3722 1383 amorem
3759 1328 3850 1382 Dei
3900 1330 4083 1397 perdo.

2510 1420 2580 1476 Ut
2620 1438 2817 1476 avarus
2849 1424 3031 1485 homo,
3069 1422 3161 1490 qui
3210 1421 3527 1475 thesaurum
3562 1420 3723 1477 habet
3750 1462 3765 1482 ,
3794 1422 3926 1489 quia
3983 1434 4081 1471 non

2508 1514 2693 1566 omnia
2727 1513 2908 1577 habet,
2941 1514 3098 1581 plane
3131 1513 3263 1565 nihil
3310 1526 3368 1565 se
3397 1512 3597 1565 habere
3630 1521 3803 1580 putat,
3832 1527 4082 1579 quamvis

2512 1608 2625 1659 auri
2680 1606 2974 1676 plurimum
3034 1606 3227 1658 habeat
3265 1607 3391 1659 :sic
3450 1619 3580 1659 sane
3637 1606 3690 1657 in
3747 1619 3867 1657 mea
3923 1620 4082 1657 causa

2510 1700 2696 1755 infelix
2731 1716 2831 1769 ego
2868 1707 2997 1769 puto
3032 1700 3303 1753 accidere.
3340 1698 3475 1764 Quia
3529 1713 3635 1751 non
3681 1710 3805 1750 amo
3847 1707 3907 1749 ut
3944 1698 4081 1759 velo,

2511 1803 2565 1848 et
2626 1796 2787 1862 plane
2847 1808 2956 1845 non
3017 1801 3280 1861 quantum
3344 1792 3488 1851 volo,
3548 1806 3653 1843 non
3715 1790 3959 1843 arbitror
4008 1806 4085 1842 me

2511 1901 2697 1940 arnare
2723 1887 2803 1940 vel
2831 1887 3196 1954 aliquantum.
3231 1887 3424 1937 Atrare
3454 1883 3619 1951 igitur
3644 1892 3917 1952 quantum
3944 1883 4082 1939 volo.

2510 1995 2667 2033 amor
2703 1995 2870 2049 supra
2926 1992 3163 2031 antorem
3199 1983 3281 2031 est
3308 2018 3321 2041 ,
3352 1986 3404 2030 et
3445 1991 3579 2045 cogo
3622 1985 3881 2028 naturam
3913 1989 4084 2027 meam

2507 2087 2670 2139 supra
2723 2080 2969 2123 naturam
3024 2084 3229 2122 amare.
3294 2068 3512 2122 lulirma
3564 2076 3743 2121 autem
3804 2075 4085 2124 natarunt

2508 2164 2630 2234 ipso
2660 2163 2804 2231 quod
2854 2161 3167 2232 possidebat
3200 2162 3396 2216 robore
3446 2161 3729 2229 spoliatur,
3762 2169 3817 2213 et
3852 2161 4087 2213 moritur

2510 2255 2833 2309 mirabiliter
2883 2254 3073 2308 vivens
3107 2268 3292 2316 amor;
3339 2252 3513 2321 magis
3569 2251 3713 2304 cnim
3753 2262 3891 2304 tunc
3947 2251 4087 2303 vire-

2511 2349 2639 2409 scit,
2669 2355 2724 2401 et
2756 2348 2808 2400 in
2845 2360 2930 2401 me
2965 2344 3227 2399 ﬂorescit.
3286 2344 3355 2399 Ut
3386 2346 3485 2399 tibi
3514 2345 3788 2398 declarent
3819 2342 4085 2413 quemad-

2511 2438 2732 2492 modum
2759 2436 2971 2501 ﬂereat,
3012 2436 3277 2505 exemplis
3303 2450 3485 2490 careo.
3525 2435 3638 2490 Hoc
3668 2437 3846 2490 solum
3878 2436 4083 2501 accipe,

2509 2530 2696 2584 verbis
2728 2528 2842 2584 hcce
2879 2527 3037 2582 aﬂ‘ari
3079 2542 3239 2597 posse
3268 2528 3563 2582 neminem.
3593 2526 3695 2592 Qui
3742 2526 3899 2582 solus
3926 2526 4082 2588 Deus,

2510 2634 2565 2677 et
2606 2622 2796 2676 talium
2857 2622 3125 2676 bonorum
3179 2635 3342 2674 verus
3388 2620 3768 2689 suppeditator
3820 2628 3909 2673 est
3942 2662 3954 2683 ,
3999 2620 4085 2673 det

2512 2713 2766 2768 ontuibus
2806 2727 2899 2781 per
2935 2712 3310 2781 ptenitentiam
3342 2712 3455 2765 haac
3498 2710 3917 2779 esquirentibus
3946 2753 3960 2773 ,
3997 2712 4077 2763 lu-

2513 2804 2767 2872 gentibus
2793 2839 2807 2864 ,
2836 2811 2887 2857 et
2917 2800 3346 2855 lamentantibus
3373 2838 3387 2862 ,
3417 2808 3470 2852 et
3505 2800 3641 2854 bene
3673 2802 3924 2869 purgatis
3973 2803 4082 2853 adi-

2515 2898 2647 2965 pisci
2676 2934 2690 2954 ,
2719 2902 2772 2948 et
2816 2908 2939 2947 cum
2968 2892 3211 2961 jucunde
3256 2906 3419 2946 sensu
3466 2891 3551 2946 his
3588 2893 3839 2960 perfrui,
3872 2902 3926 2946 et
3965 2909 4079 2946 tum

2515 2987 2601 3041 bis
2637 2985 3131 3055 peregrinationem
3163 2998 3316 3037 suam
3350 2983 3772 3037 conficientibus
3799 3024 3813 3044 .
3847 2992 3902 3039 et
3943 2985 3992 3037 in
4023 2987 4081 3036 iis

2513 3076 2925 3146 quiescentibus
2970 3075 3079 3127 vita
3119 3086 3318 3128 aeterna
3354 3074 3552 3143 potiri,
3582 3083 3637 3129 et
3664 3085 3953 3130 consortes
3980 3078 4083 3143 glo-

2515 3168 2608 3222 rire
2638 3166 2924 3222 ineﬂ'abilis
2958 3180 3054 3235 per
3084 3180 3146 3219 ea
3175 3166 3428 3220 inveniri.

3076 3279 3304 3337 CAPUT
3364 3279 3505 3335 XXI.

2507 3396 2590 3451 Ad
2636 3397 2909 3467 quemdam
2968 3398 3306 3463 discipulum.
3369 3398 3588 3448 Animas
3644 3399 3989 3465 ptenitentia,
4034 3412 4077 3449 et

2579 3468 2788 3535 ﬂetibus
2820 3478 3074 3533 purgatas
3115 3483 3231 3519 cum
3271 3467 3481 3518 divinus
3522 3467 3656 3532 ignis
3695 3472 3875 3520 sancti
3913 3469 4079 3530 Spiri-

2581 3549 2665 3590 tus
2705 3538 2955 3605 amat-erit
2982 3579 2995 3601 ,
3027 3553 3115 3589 eas
3137 3538 3446 3602 complecti,
3480 3546 3528 3588 et
3562 3553 3791 3605 purgare
3822 3541 4079 3605 amplius,

2579 3619 2751 3673 partes
2800 3624 2986 3660 earum
3040 3616 3251 3673 propter
3297 3616 3566 3673 peccatum
3619 3609 3934 3661 obscurataa
3966 3611 4084 3660 illa-

2584 3678 2819 3739 tninare,
2856 3687 2901 3726 et
2936 3678 3212 3729 sanatione
3255 3678 3473 3727 vulnera
3523 3682 3591 3727 ad
3632 3679 3918 3745 perfer-lant
3949 3682 4082 3729 cire-

2582 3748 2760 3799 trt'cem
2794 3746 3073 3814 perducere
3098 3785 3112 3807 ,
3154 3756 3209 3798 ut
3252 3746 3433 3799 divina
3494 3746 3884 3812 pulclrrrtudine
3932 3765 4085 3816 supra

2583 3819 2793 3870 modum
2821 3826 3111 3869 coruscant.

2586 3907 2725 3962 Vere
2761 3908 2902 3978 ignis
2929 3915 3014 3960 est
3051 3906 3350 3967 Divinitas,
3390 3916 3448 3959 ut
3481 3906 3688 3960 dictum
3719 3916 3801 3961 est
3843 3922 3872 3960 a
3906 3906 4084 3962 Domi-

2515 4014 2610 4063 ne,
2656 4013 2816 4069 quem
2853 4007 2910 4050 ut
2958 3998 3012 4051 in
3064 4006 3236 4050 terras
3286 3998 3568 4061 mitteret,
3608 3997 3816 4051 idcirco
3848 4001 3995 4052 venit
4020 4002 4082 4052 ε’.

2519 4091 2625 4144 Sed
2669 4090 2721 4143 in
2750 4104 2911 4159 quam
2962 4091 3203 4142 terram?
3237 4090 3389 4141 cede.
3442 4087 3496 4139 In
3549 4102 3741 4142 omnes
3798 4089 4082 4147 homines.

2518 4183 2611 4252 qui
2653 4190 2873 4236 terrena
2912 4180 3168 4249 sapiunt,
3202 4195 3361 4247 quem
3409 4181 3581 4233 voluit
3607 4220 3621 4245 ,
3661 4189 3715 4235 et
3756 4181 3874 4235 vult
3904 4182 4086 4237 ardere

2520 4276 2575 4329 in
2606 4274 2882 4329 omnibus.
2914 4274 3075 4336 Audi,
3115 4272 3188 4324 mi
3234 4271 3306 4325 lili
3332 4313 3346 4336 ,
3394 4280 3448 4325 et
3483 4286 3757 4342 cognosce
3778 4274 4085 4328 divinorum

2520 4365 2906 4435 mysteriorum
2968 4361 3330 4415 altitudinem.
3380 4362 3538 4417 Hunc
3585 4362 3868 4418 caelestem
3916 4365 4085 4432 ignem

2524 4458 2869 4527 qualemnam
2921 4468 3044 4508 esse
3113 4453 3379 4522 judicas?
3452 4456 3535 4507 An
3600 4456 3993 4523 aSpectabilem
4037 4468 4085 4511 et

834 4547 937 4612 Qui
974 4556 1086 4599 tum
1124 4548 1232 4599 sint
1268 4562 1447 4599 mores
1478 4547 1675 4597 anima:
1707 4545 1968 4598 deilicata:
2012 4558 2132 4611 qua:
2177 4551 2369 4595 natura
2392 4580 2407 4605 ,
2447 4526 2494 4580 Ῑ)
2521 4526 2785 4611 creatum,
2822 4553 2916 4600 aut
2949 4546 3224 4598 intellectu
3254 4544 3660 4613 percipiendum
3684 4546 3706 4597 ‘.'
3728 4545 3849 4600 Non
3882 4549 4085 4617 utique,

833 4652 955 4707 qua!
982 4636 1215 4699 aﬂ‘ectic,
1248 4652 1368 4706 qua:
1394 4638 1645 4691 voluntas
1667 4677 1682 4699 ,
1714 4638 1839 4705 quis
1871 4634 2088 4688 demum
2116 4642 2312 4695 status,
2350 4644 2406 4687 et

833 4728 1096 4794 conditio,
1140 4730 1232 4797 qui
1266 4742 1493 4781 narrare
1534 4729 1630 4780 tibi
1663 4728 1816 4789 vult,
1853 4726 1901 4780 is
1940 4727 2106 4779 etiam
2153 4740 2403 4779 sermone

834 4818 1019 4873 nescio
1068 4832 1178 4885 quo
1224 4817 1353 4884 quid
1408 4816 1554 4870 Deus
1594 4819 1707 4879 sit,
1754 4818 1951 4869 docere
1997 4823 2050 4869 te
2100 4816 2399 4869 contendit.

836 4906 1034 4963 Verum
1082 4908 1199 4959 haec
1242 4906 1499 4975 indagare
1529 4905 1612 4958 fas
1662 4920 1773 4959 non
1810 4917 1896 4959 est
1942 4905 2271 4969 mundanis,
2308 4915 2402 4957 aut

832 4998 1135 5055 secundum
1194 5010 1413 5052 carnem
1462 4998 1810 5061 viventibus,
1852 4997 1945 5052 sed
1995 4997 2098 5051 ﬂde
2139 4997 2252 5051 sola
2284 5010 2402 5049 am-

832 5089 1115 5160 plectenda
1147 5099 1270 5142 sunt
1299 5104 1313 5153 ;
1361 5086 1625 5142 imitanda
1652 5087 1899 5155 exempla
1931 5099 2247 5142 sanctorum
2279 5101 2401 5140 em-

831 5184 980 5237 nium
1009 5221 1023 5244 ,
1060 5193 1112 5235 et
1157 5181 1210 5234 in
1263 5180 1519 5250 lacrymis
1566 5194 1631 5233 ac
1684 5182 2008 5249 paenitentia
2035 5218 2051 5242 ,
2085 5188 2139 5231 et
2193 5180 2400 5247 reliqua

832 5275 1151 5327 austeritate
1185 5272 1309 5325 vitae
1331 5313 1346 5339 ,
1377 5272 1881 5342 tentatienibusque
1911 5270 2238 5326 suﬂerendis
2271 5286 2401 5325 cur-

831 5367 1060 5421 rendum
1083 5408 1096 5433 ,
1132 5376 1187 5420 ut
1236 5365 1497 5421 mundum
1529 5366 1797 5428 evadant,
1830 5365 1977 5434 quod
2011 5380 2175 5433 supra
2223 5366 2401 5432 tetigi-

833 5476 979 5521 mus,
1011 5469 1066 5515 et
1091 5460 1296 5524 omnia,
1325 5467 1383 5513 ut
1415 5460 1718 5524 aiebamus,
1739 5457 2072 5512 sufﬁcienter
2100 5458 2396 5511 invenient.

829 5550 1229 5621 Obstupescent
1268 5564 1447 5609 autem
1491 5567 1558 5607 eo
1592 5553 1832 5617 invento,
1863 5558 1919 5607 et
1963 5552 2399 5614 admirabuntur,

831 5658 893 5698 ac
926 5659 1026 5713 pro
1059 5659 1144 5697 me
1178 5645 1377 5700 misero
1413 5644 1836 5716 supplicabunt,
1865 5658 1933 5699 ne
1966 5644 2079 5698 btec
2110 5641 2352 5697 amittam
2387 5662 2398 5695 :

899 5817 943 5847 "
969 5814 1102 5869 an.
1138 5831 1237 5877 ut,
1263 5816 1351 5870 i9.

2513 4653 2635 4692 nam
2684 4638 2752 4692 de
2798 4653 2864 4691 eo
2915 4651 3059 4690 nunc
3111 4635 3330 4689 deceris
3364 4676 3379 4697 ,
3433 4644 3489 4689 et
3519 4636 3791 4702 iuitiaris,
3834 4647 4087 4709 certeque

2512 4730 2652 4793 scis,
2684 4730 2836 4782 illum
2876 4744 2985 4784 non
3018 4728 3179 4797 capi,
3214 4728 3516 4781 increatum
3538 4767 3553 4791 ,
3584 4728 3654 4782 ab
3686 4730 3840 4783 omni
3864 4741 4079 4799 aspectu

2510 4831 2832 4875 extraneum
2864 4858 2879 4883 ,
2930 4817 3049 4872 sine
3098 4817 3389 4885 principio,
3422 4818 3491 4871 ab
3539 4817 3689 4871 omni
3738 4822 4084 4875 concretione

2510 4912 2781 4975 liberum,
2827 4909 3219 4963 immutabilem
3262 4919 3319 4963 et
3349 4908 3895 4979 iucircumscriptum
3938 4912 4081 4980 peni-

2514 5009 2623 5063 tus,
2654 5001 3045 5055 inexstinctum
3074 5040 3087 5061 ,
3124 4999 3488 5055 immortalem
3519 5039 3535 5066 ,
3590 5002 3818 5056 enmine
3880 5003 4084 5056 incom-

2506 5094 2831 5162 prebensum
2866 5132 2880 5156 ,
2907 5100 3059 5144 extra
3092 5104 3284 5144 omnes
3330 5102 3609 5148 creaturas
3666 5093 3903 5147 materia
3962 5107 4082 5147 con.

2506 5193 2715 5240 stantes
2741 5224 2756 5249 ,
2787 5194 2839 5237 ct
2882 5197 2912 5234 a
2947 5183 3173 5235 materia
3209 5193 3521 5253 segregatas
3546 5227 3561 5249 ,
3598 5185 3846 5240 visibiles
3899 5187 4079 5240 invisi-

2509 5279 2644 5333 biles
2670 5319 2684 5342 ,
2714 5292 3011 5347 cerpercas
3066 5277 3419 5344 incorporeas
3443 5316 3459 5339 ,
3492 5284 3785 5333 terrestres
3837 5286 3895 5332 et
3927 5279 4083 5333 cccle-

2507 5378 2657 5431 Stes,
2686 5377 2841 5421 extra
2890 5368 3029 5433 bas,
3084 5368 3306 5436 inquam
3335 5406 3349 5429 ,
3404 5382 3595 5422 omnes
3643 5377 3728 5423 est
3790 5371 4079 5425 secundum

2509 5469 2761 5512 naturam
2798 5468 2853 5513 et
2882 5458 3200 5524 essentiam,
3232 5459 3341 5512 imo
3366 5460 3531 5513 etiam
3562 5461 3873 5516 secundum
3905 5473 4081 5531 poteuo

2512 5553 2667 5604 tiam.
2719 5552 2820 5605 Hie
2884 5551 3069 5619 igitur,
3104 5550 3194 5604 dic
3260 5551 3433 5616 mibi,
3472 5552 3524 5604 in
3587 5567 3753 5622 quam
3811 5556 4077 5608 materiam

2514 5642 2830 5696 inseretur?
2884 5642 2940 5695 In
3018 5642 3232 5696 animas
3300 5642 3487 5710 utique
3567 5644 3832 5699 habentes
3914 5648 4075 5699 olenti;
