4170 6452
164 444 283 509 553

1227 438 1668 500 DIVINORUM
1714 438 1924 499 AMOR
1940 440 2048 500 ΗΜ
2090 440 2322 500 LIBER

3323 454 3421 516 εει

166 557 477 618 uberrime.
506 564 560 610 et
591 564 716 612 ante
746 556 887 612 istoc
920 566 971 611 et
1004 570 1126 610 eum
1157 556 1294 611 istoc
1328 555 1508 620 tidem,
1541 568 1592 610 et
1620 571 1749 626 ope.
1782 560 1826 617 Λ
1857 554 2154 610 manifeste
2191 556 2339 612 istrcc
2370 556 2570 617 omnia,
2600 564 2653 612 et
2694 557 2815 615 istis
2870 561 3218 619 incll‘abilitcr
3264 582 3418 623 arca-

164 664 225 703 ra
260 649 423 704 fidem
478 647 863 703 confirmantis
892 647 1258 718 possidentes.
1307 646 1402 702 llis
1433 656 1490 702 ut
1532 648 1749 718 lychno,

164 739 295 793 oleo
354 748 409 793 et
467 746 665 808 stuppa
723 738 881 807 pleno
938 740 1113 810 ignem
1152 737 1412 793 Dominus
1469 740 1751 802 immittit,

163 843 332 899 quem
377 829 613 883 mundus
649 844 755 882 non
788 828 961 895 vidit,
998 844 1097 883 nec
1131 829 1314 884 videro
1345 839 1547 899 potest.
1600 831 1751 885 Mun-

165 919 303 975 dum
332 920 478 981 dico,
506 922 598 990 qui
633 922 686 975 in
720 922 925 975 mundo
948 930 1097 987 sunt,
1130 931 1186 978 et
1213 924 1486 977 mundana
1512 924 1752 994 sapiunt.

164 1010 329 1066 Sicut
383 1027 549 1082 porro
588 1013 824 1082 lychnus
871 1028 967 1067 seu
1003 1014 1225 1069 lucerna
1256 1030 1421 1084 quam
1457 1017 1705 1073 videmus
1737 1059 1752 1080 ,

166 1100 398 1155 admoto
434 1103 559 1171 igne
586 1104 909 1158 accenditur
950 1122 964 1158 :
1002 1105 1073 1158 ita
1124 1106 1485 1175 spiritualiter
1516 1110 1757 1180 intellige

172 1193 428 1247 divinum
467 1196 646 1264 ignem
692 1196 906 1251 animas
959 1198 1265 1267 attingere,
1306 1215 1510 1271 easque
1543 1201 1756 1256 inﬂatu-

165 1300 343 1340 mare.
385 1284 675 1352 Quomodo
715 1289 1078 1345 inllammabit
1101 1329 1116 1354 ,
1153 1303 1443 1364 antequam
1474 1296 1756 1365 attingat?

166 1377 453 1445 quomodo
503 1380 779 1448 attinget,
824 1390 1120 1450 antequam
1163 1384 1457 1438 mittatur?
1502 1386 1753 1443 Profecto

166 1484 516 1539 nequaquam
561 1472 807 1527 omnino.
865 1475 1080 1528 Ardens
1141 1484 1322 1529 autem
1381 1476 1651 1546 lychnus,
1699 1489 1753 1534 et

163 1561 381 1614 clarum
407 1563 597 1617 lucens
635 1565 929 1629 omnibus,
977 1566 1023 1621 si
1053 1566 1229 1620 oleum
1267 1565 1553 1635 defecerit,
1590 1584 1752 1624 num-

164 1652 300 1717 quid
327 1668 433 1705 non
464 1654 884 1724 exstinguetur?

240 1744 407 1797 Aliud
439 1745 619 1813 majus
653 1747 906 1814 observa,
949 1750 1095 1819 quod
1132 1765 1219 1804 me
1252 1759 1421 1807 terret
1457 1755 1578 1823 plus
1628 1771 1751 1809 om-

167 1831 357 1887 nibus.
414 1834 792 1904 Conspicuum
832 1838 1091 1908 lychnum
1151 1856 1332 1896 meum
1397 1845 1578 1910 valde,
1621 1862 1745 1901 cum

1864 649 2016 703 niora
2049 650 2227 712 docet,
2277 659 2333 705 et
2389 652 2628 707 ostendit
2676 653 2783 716 his,
2839 668 2867 706 a
2915 655 3112 725 quilms
3168 657 3421 715 habetur.

1862 737 2023 803 Audi,
2059 739 2104 795 si
2148 740 2343 810 placet,
2382 740 2478 796 iiii.
2509 744 2644 798 Cum
2686 744 2921 807 fulserit,
2967 749 3425 816 quemadmodum

1859 827 1993 894 dixi,
2038 838 2091 885 et
2131 847 2360 888 examen
2411 835 2710 891 motionum
2765 840 2960 893 rationi
3004 845 3423 912 repugnantium

1858 921 2156 989 expulerit,
2214 924 2555 998 domumque
2615 932 2810 985 anima:
2857 939 2964 985 tua:
3018 939 3421 1005 expurgaverit,

1859 1014 1979 1069 sine
2013 1014 2267 1070 mistionc
2292 1017 2365 1072 illi
2403 1018 2761 1087 admiscetur,
2809 1030 2862 1077 et
2917 1029 3077 1078 modo
3125 1026 3425 1097 inexplica-

1859 1103 1951 1158 bili
1982 1106 2350 1161 essentialiter
2375 1108 2494 1177 ejus
2543 1113 2818 1176 essentne,
2863 1123 3011 1171 totus
3064 1117 3162 1171 toti
3211 1120 3424 1188 penitus

1858 1196 2069 1260 unitur,
2104 1212 2340 1268 eamque
2379 1202 2581 1256 sensim
2630 1202 2866 1260 lucidam
2909 1206 3064 1273 facit,
3100 1208 3424 1272 inﬂammat.

1856 1300 1909 1341 ct
1934 1289 2203 1345 illuminat
2231 1293 2336 1357 sic,
2362 1301 2421 1347 ιιι
2453 1310 2482 1348 a
2528 1311 2612 1350 me
2643 1297 2905 1368 explicari
2958 1317 3063 1356 non
3109 1304 3307 1372 possit.
3341 1303 3428 1358 Fit

1858 1396 2029 1435 unum
2087 1398 2153 1437 ex
2201 1383 2453 1448 duobus,
2508 1402 2571 1440 ex
2629 1389 2810 1443 anima
2866 1401 2919 1445 et
2965 1403 3230 1461 creatore,
3277 1406 3333 1451 et
3374 1398 3426 1449 in

1858 1475 2042 1525 anima
2074 1481 2157 1529 est
2216 1484 2430 1530 creator
2458 1478 2606 1533 solus
2630 1494 2753 1534 cum
2775 1482 2889 1537 sola
2922 1490 3089 1538 totus.
3131 1483 3233 1550 Qui
3260 1502 3425 1542 manu

1856 1581 1952 1619 sua
2002 1574 2313 1621 creaturam
2363 1584 2580 1625 omnem
2627 1573 2891 1639 continet,
2944 1591 3014 1630 ne
3065 1575 3279 1643 dubita,
3339 1580 3427 1634 hic

1854 1666 2003 1713 totus
2035 1674 2158 1712 eum
2200 1660 2382 1723 Patre,
2425 1671 2477 1716 et
2523 1672 2718 1718 saneto
2764 1665 2969 1735 Spiritu
2990 1684 3097 1724 una
3123 1672 3301 1725 anima
3333 1687 3427 1726 ca-

1854 1750 2023 1817 pitur,
2062 1760 2116 1804 et
2150 1753 2382 1805 animam
2420 1755 2559 1809 intra
2592 1772 2650 1811 se
2689 1764 2855 1812 totam
2896 1763 3301 1831 complectitur.
3335 1766 3427 1819 ln-

1857 1842 2057 1912 tellige,
2088 1843 2229 1907 vide,
2264 1848 2537 1914 perpende
2592 1850 2709 1904 haec
2742 1866 2755 1902 :
2801 1850 2914 1905 dixi
2953 1855 3097 1908 enim
3148 1856 3268 1920 tibi,
3303 1860 3423 1910 ani-

167 1926 274 1978 olei
334 1925 504 1982 infusi
558 1930 738 1999 copia,
783 1940 838 1985 et
890 1939 1085 2003 stuppa
1117 1934 1371 2004 plurima,
1433 1954 1575 2003 mus,
1633 1942 1747 1995 sive
1783 1910 1820 1963 Β
1853 1949 1992 1988 niam
2049 1935 2229 1990 lumen
2292 1937 2656 2005 intolerabile,
2712 1950 2768 1997 et
2819 1943 3160 2001 inaccessum
3212 1952 3424 2018 angelis

167 2015 275 2068 alia
313 2019 586 2087 qump‘am
632 2020 862 2074 bestiola
906 2037 1229 2093 prorepens,
1266 2033 1360 2077 aut
1386 2028 1601 2089 evertit,
1652 2037 1746 2083 aut

169 2108 440 2177 paulatim
472 2111 638 2165 linctu
671 2113 852 2166 oleum
887 2114 1237 2185 absumpsit,
1258 2125 1745 2195 stuppamqucco-

170 2202 367 2265 medit,
401 2211 567 2272 atque
626 2205 698 2257 ita
754 2205 1057 2275 lampadem
1111 2212 1394 2265 exstinxit.
1446 2211 1747 2268 Mirabilius

170 2300 387 2359 autem,
423 2296 565 2364 quod
631 2309 827 2368 stuppa
877 2308 986 2354 tota
1034 2301 1386 2373 (ellychnium
1430 2317 1649 2377 vocant)
1682 2307 1747 2359 il-

174 2388 331 2455 lapsa
382 2388 437 2440 in
465 2389 668 2455 oleum,
705 2400 927 2461 repente
973 2394 1150 2464 ignem
1184 2397 1510 2466 exstinguit,
1558 2405 1612 2451 et
1666 2410 1748 2453 est

169 2479 306 2531 mihi
352 2480 575 2535 lucerna
606 2498 725 2537 mea
763 2486 1055 2540 tenebrosa
1086 2501 1331 2555 prorsus,
1362 2504 1464 2543 nec
1496 2500 1741 2560 apparet.

170 2569 481 2625 Lucernam
512 2589 607 2628 seu
632 2575 937 2646 lampadem
967 2579 1202 2633 animam
1239 2581 1543 2653 intelligitw,
1566 2585 1744 2638 oleum

170 2662 430 2728 virtutes,
461 2674 701 2720 mentem
739 2668 908 2737 ipsam
951 2671 1309 2740 ellyehnium,
1344 2682 1398 2727 et
1433 2675 1486 2727 in
1512 2689 1577 2728 eo
1610 2676 1748 2728 divi-

168 2766 303 2804 num
355 2754 535 2822 ignem
592 2755 883 2823 lucentem,
943 2759 1452 2832 illuminantemque
1509 2766 1744 2818 animam

166 2846 355 2910 sitnul,
384 2858 441 2901 et
468 2849 809 2904 domicilium
849 2859 1023 2907 totum
1052 2855 1304 2924 corporis
1357 2859 1487 2920 mei,
1519 2874 1746 2930 quaeque

168 2936 223 2987 in
256 2951 324 2989 eo
351 2948 479 2992 sunt
512 2942 896 3010 cogitationes,
946 2952 1000 2999 et
1046 2947 1376 3016 agitationes
1425 2950 1593 3004 animi
1630 2967 1745 3005 om-

170 3042 292 3082 nes.
333 3028 447 3084 lloc
482 3042 663 3087 autent
695 3050 800 3088 non
839 3035 1079 3101 lucente,
1112 3039 1156 3092 si
1186 3039 1413 3106 invidia,
1450 3054 1544 3096 aut
1579 3046 1746 3098 male-

170 3120 436 3187 volentia,
462 3132 559 3177 aut
594 3138 747 3179 amor
774 3128 985 3197 glorise,
1008 3136 1101 3182 aut
1135 3130 1411 3200 cupiditas
1428 3132 1531 3186 alia
1556 3134 1746 3199 cujus-

1852 2026 1993 2080 intra
2024 2042 2083 2081 se
2113 2028 2422 2093 continere,
2457 2041 2510 2085 et
2542 2031 2716 2099 ipsum
2751 2034 2935 2090 lumen
2985 2037 3230 2093 vicissim
3268 2042 3421 2095 habi-

1850 2128 1967 2175 tare
2016 2120 2161 2176 intra
2209 2122 2474 2184 animam,
2506 2131 2559 2177 et
2595 2138 2713 2179 eam
2751 2128 3071 2197 neutiquam
3113 2145 3294 2185 urere.
3327 2131 3426 2185 Co-

1850 2213 2031 2281 gnosti
2095 2212 2431 2283 profundum
2485 2217 2845 2286 mysterium;
2900 2220 3097 2287 homo,
3162 2222 3304 2277 inter
3359 2239 3422 2278 ea

1850 2321 1974 2374 quae
2035 2307 2138 2362 sub
2197 2317 2482 2378 aspectum
2545 2308 2919 2379 subjiciuntur
2975 2313 3233 2384 exiguum
3293 2317 3441 2386 quid,

1853 2397 2049 2452 umbra
2088 2407 2143 2452 ct
2184 2400 2384 2468 pulvis.
2442 2401 2495 2455 in
2538 2402 2720 2457 medio
2751 2404 2837 2459 sui
2887 2404 3055 2461 Deum
3089 2416 3262 2463 totum
3292 2424 3424 2464 con-

1851 2490 2008 2553 tinet,
2048 2506 2076 2543 a
2121 2491 2284 2559 cujus
2333 2492 2504 2562 digito
2551 2496 2751 2563 pendet
2812 2506 3088 2560 creatura.
3144 2509 3199 2555 et
3246 2516 3275 2556 a
3316 2517 3424 2570 quo

1849 2582 2074 2650 quilibet
2103 2584 2400 2638 essentiam
2439 2601 2621 2651 suam,
2652 2587 2839 2652 vitam.
2888 2600 2945 2645 et
2986 2601 3194 2648 motum
3235 2594 3420 2649 habet.

1851 2669 2002 2725 Mens
2027 2674 2223 2731 omnis.
2266 2676 2473 2739 anima,
2524 2685 2577 2731 et
2625 2679 2773 2733 ratio
2814 2680 3025 2737 ratione
3070 2684 3417 2753 praeditorum

1850 2761 1917 2815 ah
1948 2762 2052 2815 hoc
2081 2774 2167 2818 est
2197 2785 2207 2817 :
2242 2768 2544 2836 eodemque
2596 2769 2760 2823 modo
2812 2772 3038 2840 spiritus
3097 2778 3418 2832 animalium

1849 2854 2208 2921 intelligentia
2254 2861 2589 2926 vacantium,
2649 2870 2703 2915 et
2758 2865 2984 2920 omnino
3033 2867 3417 2926 universorum

1849 2953 1965 2998 tum
2029 2947 2505 3012 ratiocinantium,
2560 2961 2673 3004 tum
2740 2958 3121 3012 tantummodo
3174 2962 3419 3017 sentien-

1848 3036 1985 3089 tium
2016 3051 2138 3092 esse
2176 3039 2304 3093 hinc
2336 3050 2543 3098 manat.
2576 3040 2733 3097 llnne
2767 3045 3001 3113 habens,
3047 3051 3299 3120 quisquis
3331 3055 3422 3108 ha-

1850 3128 2019 3193 bebit,
2060 3139 2115 3184 ct
2153 3133 2294 3185 intra
2332 3149 2391 3188 se
2425 3143 2668 3204 gestans,
2707 3145 2761 3190 et
2787 3138 2904 3203 ejus
2949 3142 3417 3209 pulchritudinem

167 3212 313 3281 piam
352 3215 668 3285 voluptatis,
707 3231 798 3273 aut
832 3223 1174 3289 perturbatio
1215 3223 1437 3280 demum
1492 3226 1594 3281 alia
1628 3242 1746 3282 sese

1852 3232 2124 3289 spectans,
2159 3225 2434 3293 quomodo
2461 3225 2723 3281 desiderii
2764 3227 3039 3285 flammam
3071 3232 3245 3288 feret?
3285 3252 3423 3305 quo-

168 3308 564 3371 commoverit,
610 3317 665 3363 et
714 3310 1017 3378 lampadem
1070 3315 1350 3380 everterit,
1383 3316 1435 3370 id
1466 3324 1572 3380 est,
1624 3331 1745 3373 sco-

171 3416 321 3469 pum,
380 3412 438 3457 et
485 3405 829 3474 propositum
867 3406 1166 3461 voluntatis
1224 3422 1378 3471 mem,
1412 3417 1505 3462 aut
1566 3410 1744 3465 oleum

168 3495 453 3558 elinxerit,
487 3497 716 3550 virtutes
748 3513 943 3553 omnes
997 3509 1090 3553 aut
1142 3500 1344 3568 alioqui
1391 3502 1746 3571 ellychnium,

172 3602 365 3655 nempe
401 3598 637 3641 mentem
669 3603 867 3655 meam,
900 3591 1110 3655 utdixi,
1141 3595 1194 3644 in
1229 3608 1285 3645 se
1313 3592 1424 3661 ipsa
1460 3595 1745 3648 habentem

171 3679 353 3734 lumen
386 3681 534 3735 clare
568 3679 806 3750 fulgens,
840 3683 1025 3752 pravis
1049 3685 1474 3755 cogitationibus
1509 3688 1747 3743 absumit

168 3778 220 3823 et
278 3771 533 3836 devorat,
586 3781 683 3826 aut
733 3773 901 3827 etiam
952 3783 1119 3829 totam
1175 3778 1229 3831 in
1287 3777 1406 3833 oleo
1460 3779 1743 3852 demergit,

170 3862 298 3917 dum
359 3862 615 3919 videlicet
658 3866 924 3920 virtutum
978 3883 1202 3923 suarum
1256 3870 1502 3926 actiones
1558 3875 1749 3929 recolit

176 3972 232 4004 ac
267 3962 476 4016 versat,
516 3962 570 4007 et
603 3953 731 4009 hinc
770 3954 839 4008 de
870 3971 928 4009 se
974 3958 1260 4024 magniﬁce
1299 3960 1626 4016 existimans
1654 3978 1748 4016 ex-

173 4053 439 4109 ctrcatur,
478 4045 523 4100 si
574 4046 879 4115 lampadem
941 4063 1115 4101 meam
1170 4050 1320 4115 hinc,
1377 4062 1471 4105 aut
1529 4054 1749 4108 aliunde

179 4136 419 4191 fortasse
445 4137 721 4207 exstingui
753 4139 1064 4205 contingat,
1107 4141 1197 4194 ubi
1230 4148 1360 4197 tunc
1390 4144 1565 4213 ignem
1596 4161 1745 4219 esse,

173 4239 260 4281 aut
290 4227 425 4296 quid
487 4243 575 4281 me
635 4229 752 4283 ﬁeri
803 4230 995 4283 dices?
1048 4229 1373 4288 Permanere
1421 4236 1573 4290 illum
1623 4253 1747 4293 cum

174 4321 450 4390 lampade,
484 4336 551 4374 an
578 4320 644 4375 ab
668 4336 730 4375 ea
759 4322 963 4376 secludi
996 4336 1060 4376 ac
1104 4324 1354 4395 sejungi?
1386 4324 1526 4380 Proh
1561 4343 1749 4384 amen-

174 4414 340 4465 tiam!
406 4413 543 4482 proh
607 4413 906 4467 insaniam!
967 4414 1086 4478 Quo
1149 4425 1307 4483 pacto
1344 4418 1552 4485 lampas
1612 4421 1748 4475 citra

176 4506 355 4573 ignem
390 4505 642 4569 accendi,
676 4516 767 4559 aut
822 4507 965 4575 ignis
1009 4507 1218 4576 absque
1262 4510 1487 4563 materia
1528 4527 1749 4568 manere

1851 3310 2016 3364 modo
2044 3312 2221 3381 ignem
2254 3315 2462 3371 atnuris
2515 3318 2853 3372 sustinebit?
2891 3323 3169 3390 quomodo
3215 3329 3422 3383 calidas

1855 3404 2081 3457 ecorde
2138 3405 2409 3475 lacrymas
2462 3424 2569 3461 non
2607 3411 2873 3466 stillabit?
2920 3417 3197 3483 quomodo
3250 3420 3424 3475 admi-

1850 3494 2021 3548 randa
2053 3495 2142 3548 illa
2173 3499 2521 3553 cnuntiahit?
2553 3505 2827 3571 quomodo
2868 3522 2990 3575 quae
3029 3508 3082 3562 in
3120 3511 3241 3580 ipso
3286 3514 3423 3568 fiunt

1848 3590 2232 3643 enumerabit?
2263 3597 2536 3660 quomodo
2563 3596 2719 3663 plane
2756 3600 2983 3664 tacebit,
3019 3616 3145 3656 cum
3193 3618 3421 3676 cogatur

1852 3678 2045 3747 loqui?
2086 3680 2240 3737 Videt
2268 3685 2431 3738 etiam
2484 3701 2605 3741 sese
2657 3688 2709 3743 in
2760 3690 2974 3754 inferis.
3023 3704 3147 3764 post
3177 3698 3422 3752 illustra—

1853 3775 2054 3828 tionem
2091 3775 2334 3841 luminis,
2371 3778 2615 3848 inquam.
2660 3779 2873 3836 Etenim
2910 3799 3073 3839 nemo
3119 3788 3190 3842 ibi
3227 3791 3423 3844 seden-

1852 3865 1986 3919 tium
2014 3876 2140 3923 ante
2198 3867 2369 3923 divini
2428 3871 2655 3926 luminis
2713 3873 3169 3932 illuminationctn
3227 3893 3289 3936 se
3328 3894 3425 3935 co-

1848 3957 2094 4024 gnoscin;
2124 3959 2219 4012 sed
2264 3959 2316 4012 in
2369 3959 2679 4029 ignorantia
2741 3964 3025 4034 caliginis,
3063 3983 3169 4038 qua
3206 3970 3415 4025 obsessi

1853 4057 2132 4109 tenentur,
2196 4052 2701 4122 corruptionisque,
2768 4065 2824 4109 ct
2864 4066 3057 4113 IIIOI‘llS
3105 4071 3419 4117 versantur.

1855 4139 2238 4195 Verumtamen
2273 4143 2419 4197 videt
2454 4146 2543 4199 ubi
2583 4146 2751 4217 fulget
2796 4150 2982 4205 anima
3026 4152 3141 4213 illa.
3174 4163 3228 4208 et
3262 4171 3321 4211 se
3366 4158 3422 4211 in

1852 4231 2201 4289 densissimis
2237 4237 2501 4301 tenebris,
2563 4246 2617 4291 et
2667 4241 2919 4295 custodia
2976 4244 3251 4299 tutissima
3298 4263 3427 4317 pro-

1855 4319 2197 4376 l‘undissima:
2222 4323 2543 4393 ignorantia:
2581 4335 2752 4381 totam
2781 4345 2902 4387 esse
2947 4335 3221 4406 intelligit.
3266 4336 3422 4396 Tunc

1852 4412 2046 4477 cernit,
2111 4415 2201 4469 ubi
2264 4418 2451 4473 clausa
2501 4420 2591 4484 sit,
2647 4422 2825 4477 locum
2882 4434 3053 4480 totum
3114 4430 3249 4484 nihil
3301 4448 3423 4487 esse

1853 4512 2049 4570 praeter
2108 4520 2350 4573 caenum,
2407 4512 2849 4581 immundornm,
2895 4530 3315 4589 venenatorum,
3366 4534 3422 4579 et

176 4599 225 4650 in
259 4598 512 4666 lampade
552 4597 767 4667 potest?
803 4597 1029 4667 Semper
1072 4600 1215 4652 enim
1272 4599 1413 4669 ignis
1466 4603 1746 4657 materiam
1782 4594 1826 4650 D
1859 4599 2196 4667 serpentium
2256 4603 2514 4671 plenum;
2578 4608 2816 4678 scipsam
2874 4625 3005 4665 vero
3088 4614 3334 4685 ligatam,
3367 4628 3423 4673 et

176 4692 382 4758 appetit
414 4704 521 4758 qua
553 4699 837 4757 pascatur.
898 4689 1155 4744 Nostrum
1207 4699 1292 4745 est
1348 4700 1529 4745 autem
1584 4696 1744 4763 plane

178 4793 314 4833 nanc
369 4792 702 4847 prmparare,
736 4788 791 4833 et
836 4788 1084 4848 prompte
1137 4795 1236 4834 nos
1297 4783 1444 4850 ipsos
1488 4794 1743 4852 tanquam

175 4870 448 4939 lampades
483 4871 758 4931 exhibere,
792 4871 910 4924 oleo
948 4871 1158 4939 plenos,
1210 4872 1259 4925 id
1294 4883 1398 4938 est,
1438 4878 1745 4946 omnigenis

175 4962 471 5016 virtutibus
549 4973 862 5017 exornatus.
934 4962 1131 5018 Mentis
1213 4980 1344 5021 vero
1411 4969 1745 5040 ellychnium

176 5066 416 5108 erectum
478 5055 746 5124 proferre,
810 5066 867 5109 ut
922 5057 1047 5125 igne
1098 5068 1429 5123 contactum,
1486 5062 1743 5131 paulatim

178 5145 448 5201 flammam
486 5148 786 5217 concipiat.
822 5148 911 5203 Sic
935 5164 1056 5203 cum
1099 5149 1166 5205 iis
1209 5162 1411 5215 manet,
1444 5157 1535 5222 qui
1567 5155 1743 5223 ipsum

179 5240 575 5310 acquisierunt.
629 5241 829 5304 Aliter,
887 5256 952 5293 ne
1010 5242 1135 5309 quis
1190 5241 1293 5296 sibi
1340 5243 1583 5299 frattdem
1633 5248 1744 5313 det,

179 5351 281 5388 nun
318 5334 567 5397 videtur,
597 5350 706 5389 non
744 5345 985 5402 tenetur,
1033 5351 1143 5390 non
1180 5336 1472 5392 cohibetur
1507 5342 1743 5408 penitus.

180 5420 268 5477 Est
298 5424 637 5492 enim,quod
667 5426 962 5479 memoravi
989 5441 1175 5496 supra,
1200 5437 1358 5482 extra
1392 5431 1529 5484 hanc
1564 5448 1742 5485 rerum

182 5523 458 5579 naturam,
501 5527 554 5568 et
589 5518 662 5569 ita
684 5519 900 5586 capitur
925 5520 1123 5572 unione
1158 5519 1443 5586 ineffabili,
1481 5533 1537 5575 ιιι
1565 5532 1742 5577 tamen

181 5608 292 5676 capi
347 5615 588 5677 nequeat
640 5610 1055 5681 :similiterque
1092 5612 1588 5679 circumscribitur,
1647 5631 1746 5669 nec

182 5708 357 5755 tamen
393 5701 893 5758 circumscribitur.

245 5790 367 5846 llaec
400 5807 568 5862 porro
608 5796 923 5865 neutiquam
974 5800 1337 5865 sermonibus,
1393 5817 1491 5855 nec
1536 5803 1735 5871 cogita-

182 5881 419 5938 tionibus
445 5885 747 5955 investiga:
782 5886 875 5941 sed
910 5889 1087 5957 ignem
1126 5906 1288 5960 posce
1346 5894 1616 5963 accipere,
1654 5898 1743 5963 qui

456 5980 732 6039 Pyrum"
782 5981 898 6041 Gn.
934 5984 1127 6044 C\'\.

1851 4690 2087 4745 vinculis
2114 4696 2470 4750 eonstrictam
2500 4713 2699 4753 manus
2725 4710 2775 4755 et
2799 4703 2984 4771 pedes,
3009 4713 3061 4757 et
3086 4709 3419 4775 squalidam,

1848 4791 1902 4835 et
1928 4786 2231 4852 sordidam,
2289 4797 2343 4842 et.
2393 4800 2710 4861 serpentum
2752 4795 2913 4848 simul
2971 4798 3247 4856 morsibus
3292 4816 3424 4855 sau-

1853 4876 2017 4941 ciam,
2057 4886 2110 4932 et
2162 4889 2378 4949 gestare
2436 4897 2496 4937 se
2553 4899 2773 4939 carnem
2842 4901 2996 4943 suam
3045 4891 3418 4956 tumefactam,

1850 4978 2259 5042 scatentemquc
2305 4976 2603 5031 vermibus.
2637 4977 2759 5033 Hzec
2791 4980 2881 5048 qui
2930 4981 3097 5045 videt,
3144 4988 3421 5053 quomodo

1852 5076 1960 5113 non
1994 5064 2387 5119 exhorrescet?
2410 5069 2687 5136 quomodo
2708 5086 2813 5123 non
2848 5073 3075 5141 plorabit
3100 5077 3122 5125 ?
3146 5080 3421 5146 quomodo

1853 5167 1961 5206 non
1997 5154 2278 5221 clamabit,
2341 5166 2395 5211 et
2457 5158 2734 5215 ferventer
2792 5164 3105 5232 pmnitehit.
3170 5176 3331 5233 atque.
3391 5186 3419 5221 a

1852 5246 2153 5301 teterrimis
2187 5248 2426 5305 vinculis
2453 5259 2514 5305 ut
2556 5252 2820 5308 liberetur
2865 5257 3119 5325 rogabit?
3170 5257 3422 5315 Profecto

1852 5338 2173 5408 quicunque
2232 5340 2348 5394 haec
2421 5358 2548 5397 vere
2598 5346 2816 5410 viderit,
2862 5356 2916 5401 et
2972 5348 3309 5418 ingemiscet,
3367 5364 3421 5407 ct

1851 5430 2263 5495 lamentabitnr,
2301 5441 2353 5486 et
2398 5448 2524 5487 cum
2569 5450 2635 5489 eo
2687 5438 2780 5505 qui
2836 5439 3017 5491 lumen
3074 5440 3236 5504 ludit,
3293 5460 3415 5495 cum

1849 5523 2090 5587 Christo,
2129 5524 2375 5595 inquam,
2406 5542 2529 5581 esse
2548 5529 2711 5581 volet.

1921 5617 2049 5672 llaec
2082 5619 2268 5689 itaque
2301 5618 2538 5674 faciente
2566 5636 2671 5687 me,
2699 5637 2818 5691 quae
2849 5624 2988 5690 dixi,
3047 5636 3100 5679 et
3136 5627 3188 5679 in
3242 5642 3419 5695 genua

1851 5715 1975 5761 ante
2006 5707 2354 5777 ellulgentem
2381 5710 2615 5766 cadente
2657 5713 2849 5783 (probe
2902 5714 3033 5767 mihi
3081 5730 3203 5784 quae
3240 5718 3418 5770 dicam

1850 5799 2162 5869 considera)
2198 5801 2371 5870 tangit
2406 5801 2497 5857 ille
2529 5804 2805 5866 manibus,
2837 5805 3084 5869 vulnera,
3114 5816 3168 5860 ct
3206 5808 3419 5862 vincula

1854 5909 1991 5949 mea.
2030 5894 2206 5962 Atque
2238 5894 2331 5949 ubi
2365 5910 2560 5953 atauus
2597 5913 2683 5952 nte
2723 5899 2919 5965 tangit,
2970 5910 3062 5952 ant
3092 5899 3298 5971 digitus
3332 5902 3420 5953 ad-

3025 5994 3088 6053 ιδ
