4170 6452
777 430 883 491 555

1999 423 2381 486 SYMEONIS
2421 422 2792 485 JUNIORIS

3913 428 4009 492 555

776 548 1050 601 movetur,
1083 536 1266 592 statim
1304 544 1633 605 rumpuntur
1662 534 1898 599 vincula,
1954 551 2166 592 vermes
2197 550 2346 590 emo-
2376 543 2420 598 Λ
2452 537 2643 590 cisset.
2677 533 2781 589 Sed
2817 535 3049 604 privatio
3071 535 3192 604 ejus
3229 535 3469 590 omnium
3506 537 3702 590 borum
3742 536 4009 593 bonorum

772 633 1009 692 riuntur,
1039 644 1148 684 orte
1179 629 1462 682 vulnerum
1500 632 1552 679 in
1598 642 1766 681 unum
1815 628 2189 691 attrahuntur,
2244 628 2338 681 de-

770 724 962 779 cidunt
993 721 1207 785 sordes,
1233 729 1284 774 et
1328 719 1473 772 labes
1508 719 1689 772 carnis
1730 733 1882 779 meae,
1922 716 1981 770 fit
2029 726 2334 771 contractio

768 812 819 865 iu
848 810 1160 867 cicatricem
1193 814 1421 878 repente
1446 815 1616 869 tanta,
1661 816 1719 861 ut
1744 822 1807 862 eo
1844 805 1898 860 in
1952 807 2072 859 loco
2103 806 2334 861 cicatrix

767 903 989 956 omnino
1024 901 1171 954 nulla
1199 907 1477 969 appareat,
1514 900 1604 954 sed
1660 899 1704 954 is
1766 898 1947 966 potius
1990 899 2244 953 similiter
2275 908 2335 951 ut

766 993 947 1047 divina
978 1006 1171 1046 manus
1209 1006 1473 1047 coruscus
1500 990 1751 1045 efﬁcitur.
1809 989 1941 1043 Mira
1982 1002 2036 1044 et
2070 1005 2206 1044 nova
2242 1006 2331 1045 res

763 1099 892 1139 caro
934 1100 1075 1138 mea.
1108 1083 1357 1137 Essentia
1392 1084 1587 1137 animae
1626 1096 1783 1146 meae,
1824 1082 1937 1136 into
1987 1090 2043 1136 ct
2081 1082 2331 1151 corporis

763 1176 869 1229 ntei
901 1175 1144 1230 divinam
1176 1185 1428 1227 assecuta
1470 1174 1721 1241 gloriam,
1778 1172 2042 1244 fulgorem
2072 1174 2209 1241 jacit
2243 1172 2329 1226 di-

762 1248 965 1324 vinum.
988 1269 1194 1341 Fidens
1221 1271 1322 1323 ltoc
1348 1269 1399 1323 in
1428 1276 1579 1338 parte
1605 1268 1849 1336 corporis
1872 1267 1976 1320 mei
2001 1266 2327 1335 perfectum,

757 1362 1033 1433 quomodo
1085 1377 1194 1415 non
1256 1360 1603 1424 desiderabo,
1669 1368 1724 1413 et
1782 1358 2103 1429 supplicabo
2150 1365 2327 1412 totum

757 1469 961 1522 corpus
994 1468 1173 1506 meum
1208 1466 1235 1503 a
1273 1451 1431 1505 malis
1477 1450 1730 1514 liberari,
1778 1449 2140 1518 similiterque
2174 1448 2326 1502 sani-

758 1553 941 1601 tatem,
970 1542 1186 1611 qualem
1204 1538 1649 1612 dixi,etgloriam
1702 1540 1961 1610 assequi?
1986 1538 2191 1594 Tamen
2243 1540 2325 1595 sic

757 1650 841 1687 me
878 1633 1133 1697 faciente,
1168 1634 1276 1687 imo
1308 1633 1470 1687 etiam
1505 1632 1824 1697 ferventius,
1854 1642 1907 1685 et
1947 1630 2325 1702 obstupefacto

757 1729 1105 1797 preportione
1171 1723 1582 1788 miraculorum,
1637 1727 1815 1778 bonus
1871 1724 2137 1778 Dominus
2178 1732 2325 1779 mota

754 1834 917 1871 manu
988 1832 1086 1871 sua
1148 1817 1358 1885 reliqua
1413 1815 1661 1884 corporis
1707 1816 1810 1871 mei
1870 1818 2007 1881 obit;
2055 1824 2113 1870 et
2159 1832 2324 1871 cerno

2446 626 2779 680 oblivionem
2830 627 2962 679 milii
3026 625 3305 690 afferebat,
3361 634 3421 681 ut
3472 642 3559 681 tne
3604 637 3895 698 egentem,
3954 643 4012 682 ac

2444 716 2763 769 destitutum
2796 726 3069 786 putarem.
3100 716 3283 783 Quare
3323 729 3382 772 ttt
3410 719 3589 773 adltttc
3619 720 3902 774 veteribus
3934 721 4013 774 in-

2444 807 2682 873 volutus,
2720 808 2875 862 malis
2901 809 3215 873 cruciabar,
3253 811 3564 879 sedensque
3610 811 3664 864 in
3714 810 3899 864 medio
3926 819 4009 863 ta-

2444 897 2758 961 bernaculo,
2802 897 2950 952 velut
3005 898 3058 952 in
3109 897 3468 962 domuncula,
3527 908 3621 953 aut
3672 900 3727 954 in
3757 916 3893 956 vase
3926 903 4010 955 in-

2440 989 2653 1052 clusus,
2692 986 2905 1055 flebam,
2969 988 3312 1043 lamentabar
3366 996 3739 1053 vehementer,
3785 1008 4009 1061 prorsus

2441 1075 2587 1131 foras
2620 1093 2727 1131 non
2767 1081 3135 1147 prospiciens.
3199 1079 3563 1151 Requirebam
3629 1084 3775 1136 enim
3834 1083 4005 1135 illum.

2440 1169 2590 1223 illum
2608 1184 2770 1234 quem
2795 1170 3199 1236 desiderabam,
3219 1187 3382 1242 quem
3412 1173 3614 1237 amavi,
3642 1172 3796 1241 cujus
3821 1173 4008 1227 formu-

2437 1259 2703 1329 elegantia
2755 1262 3075 1318 vulneratus
3124 1278 3269 1317 sum.
3313 1264 3671 1329 lncendebar,
3720 1265 4002 1326 ardebam,

2438 1360 2585 1407 totus
2634 1354 2998 1422 igneseebam.
3067 1354 3161 1409 Sic
3216 1369 3349 1426 ergo
3407 1370 3494 1410 me
3558 1356 3868 1417 viventem,
3929 1357 4004 1409 sic

2436 1442 2858 1513 lacrymantem,
2902 1446 3403 1514 tabescentemque,
3435 1452 3489 1500 et
3520 1447 3781 1499 atrociter
3827 1444 4002 1515 ﬂagel-

2436 1534 2626 1601 latum,
2675 1546 2728 1589 et
2766 1550 2877 1605 pra:
2904 1536 3093 1592 dolore
3146 1538 3557 1603 vociferantem,
3600 1540 3862 1592 exaudito
3893 1539 4002 1590 ela-

2435 1640 2584 1680 more
2636 1642 2758 1681 meo
2810 1629 3153 1697 prospiciens
3194 1630 3263 1684 ab
3312 1631 3601 1697 immensa,
3652 1643 3707 1685 et
3756 1631 4003 1699 inconje-

2434 1716 2683 1771 cturabili
2708 1719 3016 1782 altitudine,
3049 1735 3171 1774 eum
3206 1736 3292 1776 me
3317 1723 3568 1785 vidisset,
3631 1725 3920 1785 misertus,
3948 1734 3995 1777 et

2433 1821 2533 1875 pro
2594 1806 2836 1861 humano
2889 1817 3052 1879 captu
3102 1811 3272 1865 videri
3325 1826 3543 1866 rursum
3594 1813 3854 1881 dignatus
3900 1824 4000 1869 est.

755 1911 890 1974 haec,
932 1925 996 1963 co
1028 1925 1136 1979 quo
1189 1910 1406 1963 narravi
1451 1909 1640 1973 modo,
1693 1918 1941 1979 purgata,
1989 1918 2041 1962 et
2080 1908 2319 1961 divinam

2429 1896 2522 1963 qui
2556 1904 2641 1950 est
2671 1896 2925 1951 onmibus
2948 1898 3377 1967 inaspectabilis.
3396 1899 3517 1966 Quo
3539 1910 3857 1969 eoospecto,
3885 1918 4002 1971 per-

754 2001 943 2055 induta
1001 2001 1249 2071 gloriam.
1289 1999 1407 2052 Mox
1461 2000 1625 2069 igitur
1676 2008 1927 2069 purgato,
1982 2007 2035 2053 ct
2089 2000 2327 2054 vinculis

752 2094 1004 2156 liberato,
1036 2092 1279 2144 divinam
1336 2090 1463 2143 milti
1517 2106 1740 2143 manum
1796 2091 2048 2161 porrigit,
2099 2107 2130 2146 e
2165 2106 2327 2147 caeno

751 2202 833 2240 mc
862 2185 1042 2255 erigit,
1080 2199 1164 2238 me
1196 2183 1598 2254 complectitur,
1627 2193 1678 2237 et
1722 2185 1867 2237 cadit
1918 2200 2083 2255 super
2124 2186 2323 2240 collum

751 2294 931 2331 meum
990 2278 1137 2346 (lteu
1197 2292 1280 2330 me
1316 2277 1405 2345 qui
1442 2276 1589 2329 istaec
1640 2276 2003 2345 sustinebo?)
2036 2284 2089 2330 et
2130 2277 2324 2330 crebro

748 2370 1035 2425 osculatur
1070 2383 1175 2421 me.
1222 2366 1498 2421 Defertum
1538 2375 1717 2421 autem
1746 2382 1830 2421 me
1864 2370 2102 2437 penitus.
2132 2378 2187 2422 et
2210 2368 2321 2433 jam

747 2462 890 2514 vires
956 2459 1304 2527 recipientem
1358 2459 1559 2528 (proli!
1615 2461 1894 2528 quomodo
1950 2460 2062 2513 haec
2123 2460 2321 2515 litteris

748 2551 1169 2619 committam?)
1213 2551 1353 2604 tollit
1385 2566 1470 2604 me
1509 2552 1563 2605 in
1600 2551 1858 2607 humeros
1919 2567 2071 2617 suos,
2112 2566 2146 2607 ο
2185 2554 2320 2606 cha-

749 2645 906 2706 ritas,
956 2658 989 2696 o
1027 2643 1270 2705 bonitas,
1314 2652 1367 2697 et
1415 2644 1483 2697 ab
1534 2644 1747 2709 inferis,
1773 2658 2062 2714 etenoque,
2106 2652 2161 2700 et
2191 2646 2322 2699 cali-

744 2740 869 2801 gine
899 2733 1179 2797 eductum,
1212 2733 1427 2786 inducit
1451 2748 1535 2787 me
1583 2735 1637 2787 in
1672 2734 1836 2786 alium
1886 2735 2002 2789 sive
2030 2740 2314 2801 mundum,

750 2825 864 2877 sive.
900 2838 1104 2887 aerem,
1134 2839 1261 2875 nam
1294 2825 1517 2893 penitus
1553 2839 1665 2877 rem
1718 2823 1869 2877 eii‘at'i
1928 2839 2177 2893 nequeo;
2215 2827 2317 2881 hoc

747 2915 870 2966 novi
907 2922 1141 2978 tantum,
1176 2928 1257 2966 tne
1285 2915 1514 2982 portari,
1548 2925 1601 2969 et
1630 2915 1896 2968 contineri
1930 2930 1959 2967 a
2004 2917 2225 2982 lumine,
2261 2925 2317 2972 et

745 3002 812 3055 ad
854 3017 1110 3071 magnum
1158 3003 1342 3057 lumen
1374 3004 1582 3069 induci,
1613 3004 1770 3074 cujus
1832 3006 2311 3063 admirabilitatem

747 3097 1040 3165 ingentem,
1098 3110 1165 3149 ne
1200 3097 1376 3166 angeli
1423 3096 1644 3165 quidem
1678 3098 1922 3162 omnino,
1958 3109 2015 3152 ut
2048 3100 2310 3165 arbitror,

2430 1989 2620 2044 culsus
2652 2005 2772 2043 sum
2808 2004 2910 2058 ego
2943 1990 2997 2043 in
3036 1990 3320 2046 domicilio
3369 1992 3644 2055 inclusus,
3684 2002 3742 2047 et
3789 1995 3843 2047 in
3879 2008 4004 2048 vase

2430 2082 2750 2147 conclusus,
2781 2088 2835 2135 et
2865 2082 2919 2135 in
2954 2082 3132 2136 medio
3157 2084 3533 2147 tenebrarum,
3563 2084 3711 2148 cmli,
3754 2085 4001 2154 inquam.

2426 2186 2492 2227 ac
2520 2181 2679 2227 terrae
2707 2173 2906 2229 medio.
2942 2172 3049 2228 Res
3082 2178 3229 2229 enim
3268 2176 3562 2231 sensibiles
3596 2176 3816 2245 appello
3848 2187 4002 2228 lene-

2424 2264 2577 2326 bras,
2607 2266 2868 2322 omnibus
2905 2266 3243 2332 hominibus,
3285 2277 3341 2321 et
3373 2283 3563 2322 eorum
3602 2268 3827 2332 animis,
3883 2279 4005 2321 sen-

2423 2356 2677 2412 sibilibtts
2712 2372 2836 2413 sese
2857 2358 3298 2413 immiseentibus
3326 2360 3668 2429 superfusas.
3697 2359 3755 2413 in
3777 2359 4000 2428 quibus.

2423 2447 2479 2503 in
2512 2449 2889 2517 sensibilibus,
2925 2450 3173 2520 inquam,
3215 2449 3511 2515 ltzerentes,
3551 2461 3883 2521 premuntur
3932 2453 3999 2503 ab

2421 2538 2512 2603 iis,
2547 2548 2601 2594 et
2628 2542 3000 2595 obscurantur
3034 2543 3233 2595 mirum
3273 2542 3327 2597 in
3369 2544 3616 2598 modum.

2487 2629 2757 2685 Ca'terum
2788 2631 2842 2685 in
2875 2631 2960 2685 bis
2985 2647 3109 2687 cum
3142 2647 3341 2695 essem,
3372 2634 3482 2688 vidi
3507 2636 3691 2688 animo
3712 2635 3807 2703 qui
3840 2635 3997 2705 prius

2418 2734 2559 2789 erat,
2588 2732 2641 2778 et
2672 2740 2819 2779 nunc
2845 2732 2928 2779 est
2956 2734 3115 2779 extra
3148 2727 3331 2779 omnia
3360 2743 3372 2780 :
3407 2742 3635 2796 suntque
3670 2728 3995 2785 admiratus.

2416 2817 2576 2871 crede
2597 2816 2754 2879 milii,
2787 2825 2841 2870 et
2859 2816 3138 2884 obstupui,
3171 2817 3346 2880 tiutui,
3378 2828 3431 2872 et
3446 2820 3647 2887 gaudio
3694 2821 3991 2874 exsultavi.

2417 2907 2903 2978 Consideransque
2945 2912 3274 2966 miraculum
3294 2912 3590 2980 quomodo,
3610 2913 3700 2981 qui
3721 2914 3860 2967 nihil
3876 2928 3991 2966 eum

2418 3014 2603 3054 rerum
2634 3011 2831 3055 natura
2876 3017 3167 3057 commune
3197 3003 3382 3067 habet,
3412 3012 3464 3057 et
3493 3013 3576 3058 est
3606 3016 3756 3058 extra
3789 3006 3994 3063 omnia.

2413 3093 2487 3146 sit
2549 3102 2731 3147 tamen
2763 3094 2817 3147 in
2858 3095 3138 3158 omnibus,
3168 3095 3327 3150 video
3371 3095 3520 3150 solus
3565 3096 3841 3151 videntem
3892 3112 3995 3157 me,

746 3188 887 3242 inter
913 3202 971 3242 se
998 3187 1281 3241 declarare
1315 3194 1592 3255 poterunt.
1626 3186 1760 3241 Cum
1798 3187 1908 3255 jam
1943 3204 2122 3244 essent
2175 3190 2308 3254 illic,

2425 3185 2665 3240 iteseiens
2699 3185 2791 3240 ubi
2830 3186 2924 3249 sit,
2952 3197 3214 3253 quantus,
3264 3188 3597 3256 cuiusmodi,
3630 3198 3682 3242 et
3717 3190 3901 3258 qualis
3930 3191 3997 3243 sit

744 3287 847 3338 alia
884 3285 1015 3339 ntilti
1048 3281 1294 3338 ostettdit
1317 3297 1438 3351 quae
1468 3282 1521 3335 in
1550 3282 1777 3343 lumine,
1799 3295 1948 3351 puta,
1989 3284 2072 3339 vel
2128 3286 2310 3354 potius

745 3392 866 3447 qua:
904 3390 970 3430 ex
1012 3376 1236 3429 lumine.
1268 3372 1473 3427 Novam
1506 3373 1952 3428 reformationem
1982 3376 2133 3430 dedit
2180 3378 2310 3430 milii

743 3467 1071 3535 intelligere,
1107 3479 1214 3534 qua
1248 3464 1363 3531 ipse
1388 3465 1723 3531 reformavit,
1755 3472 1807 3520 et
1831 3466 2012 3520 denuo
2057 3465 2235 3533 finxit,
2261 3478 2314 3523 et

745 3578 772 3612 :t
807 3561 1163 3628 corruptione
1193 3558 1442 3610 liberavit
1463 3572 1565 3619 me,
1602 3565 1653 3611 et
1684 3572 1713 3610 a
1742 3568 1937 3622 morte,
1964 3559 2109 3628 quod
2141 3560 2309 3625 sensi,

743 3661 916 3705 totum
950 3650 1205 3712 absolvit,
1243 3648 1522 3717 vitamque
1576 3649 1935 3703 immortalem
1986 3651 2226 3715 donavit,
2259 3662 2313 3707 et

743 3756 771 3791 a
807 3740 1009 3793 mundo
1047 3743 1151 3792 isto
1181 3739 1446 3808 perituro,
1482 3747 1535 3791 et
1561 3737 1646 3792 bis
1681 3754 1803 3808 qua:
1857 3741 1971 3809 ipse
2003 3742 2056 3793 in
2085 3756 2150 3795 eo
2186 3752 2313 3797 sunt

742 3834 996 3886 omnibus
1029 3847 1115 3885 me
1145 3831 1532 3900 sequestrat-it,
1568 3832 1820 3901 stolaque
1874 3848 1979 3885 non
2022 3835 2310 3900 materiali,

742 3934 795 3980 et
824 3925 998 3979 lucida
1030 3925 1247 3977 vestivit
1287 3938 1396 3977 me.
1436 3923 1651 3977 luduxit
1685 3925 1813 3978 item
1862 3926 2096 3991 calceos,
2132 3943 2312 3981 annu-

742 4018 877 4081 lum,
917 4026 970 4071 et
1007 4032 1292 4081 coronam,
1326 4016 1680 4083 immortalia,
1733 4018 2089 4087 sempiterna,
2128 4020 2311 4073 omnia

742 4126 882 4163 nova
913 4109 981 4163 ab
1016 4109 1102 4163 bis
1135 4124 1257 4179 qua:
1287 4109 1373 4163 ltic
1405 4120 1727 4163 cernuntur.
1766 4107 1916 4163 Fecit
1963 4126 2068 4175 me,
2099 4125 2131 4164 ο
2157 4111 2313 4164 novi-

746 4212 932 4265 tatem,
965 4201 1290 4266 intactilem,
1328 4200 1751 4270 iutpalpabilem,
1810 4216 1909 4254 nec
1968 4216 2074 4255 non
2123 4202 2312 4255 invisi-

743 4294 930 4359 bilcm,
967 4292 1325 4362 coniunctum
1374 4292 1456 4345 bis
1520 4309 1640 4363 qum
1669 4294 1773 4349 sub
1815 4293 2039 4349 videndi
2088 4310 2309 4350 sensum

742 4401 847 4440 non
880 4386 1102 4439 cadunt.

816 4479 1111 4547 Postquam
1146 4491 1232 4530 me
1264 4477 1368 4529 isto
1399 4476 1580 4537 modo,
1611 4483 1665 4528 et
1698 4474 1857 4529 talem
1896 4474 2023 4529 fecit
2050 4474 2311 4529 Conditor

2418 3293 2583 3344 quem
2604 3278 2780 3342 video,
2809 3290 2905 3333 aut
2935 3280 3208 3347 quomodo
3231 3280 3464 3345 videam,
3487 3290 3581 3333 aut
3603 3281 3736 3349 quid
3759 3282 3993 3335 videam.

2418 3367 2626 3422 Tamen
2687 3370 2881 3425 videns
2909 3387 3030 3440 quae
3088 3372 3220 3435 vidi,
3256 3372 3549 3437 lamentor,
3607 3374 3736 3442 quia
3773 3373 3991 3427 modum

2417 3462 2566 3515 hunc
2597 3476 2933 3530 cognoscere
2964 3478 3200 3532 nequeo,
3237 3473 3291 3518 et
3326 3480 3671 3533 nequaquam
3725 3466 3990 3534 cogitare.

2425 3559 2520 3604 aut
2581 3553 2765 3621 aliqua
2826 3569 2891 3607 ex
2943 3564 3094 3623 parte
3149 3556 3473 3623 perspicere,
3534 3570 3643 3623 quo
3700 3566 3861 3624 pacto
3912 3571 3995 3609 me

2420 3642 2619 3707 videat,
2646 3659 2810 3713 quem
2838 3660 2938 3715 ego
2969 3645 3147 3701 video.
3179 3646 3297 3700 Vidi
3348 3662 3566 3700 rursum
3620 3646 3768 3700 hunc
3819 3656 3991 3700 totum

2419 3737 2564 3792 intra
2595 3739 2816 3793 domum
2848 3758 3048 3805 meam,
3079 3750 3135 3796 et
3159 3743 3298 3797 intra
3322 3744 3421 3797 hoc
3451 3758 3545 3796 vas
3570 3753 3795 3812 repente
3821 3744 3993 3797 exsu-

2421 3831 2574 3895 tisse,
2614 3849 2807 3902 meque
2848 3835 2950 3890 sibi
2981 3835 3327 3890 ineffabiliter
3351 3836 3613 3897 univisse,
3651 3837 3990 3901 inenarrabi-

2420 3922 2543 3977 liter
2567 3926 2881 3991 copulasse,
2922 3935 2977 3979 et
3013 3929 3155 3980 citra
3193 3926 3504 3981 mistionem
3534 3927 3689 3993 milii,
3721 3937 3779 3979 ut
3811 3928 3987 3995 ignem

2424 4014 2595 4077 ferro,
2630 4024 2689 4067 ut
2718 4014 2893 4068 lucem
2935 4019 3077 4069 vitro
3115 4017 3345 4070 missum
3373 4030 3519 4077 esse.
3550 4015 3613 4070 Et
3645 4018 3884 4071 reddidit
3908 4032 3991 4069 me

2420 4104 2552 4175 igtti,
2589 4107 2829 4160 reddidit
2857 4108 3000 4162 vitro
3040 4109 3299 4172 similem,
3325 4116 3586 4177 evasique
3634 4110 3791 4171 illud,
3843 4109 3988 4174 quod

2420 4206 2577 4251 antea
2610 4199 2882 4264 videbam,
2916 4209 2969 4255 et
3002 4202 3190 4270 procul
3226 4202 3578 4271 aspiciebam,
3613 4211 3666 4255 et
3693 4216 3804 4269 quo
3832 4211 3993 4269 pacto

2420 4292 2798 4346 admirabilem
2848 4293 3000 4347 illum
3060 4295 3279 4349 modum
3336 4295 3429 4347 tibi
3475 4295 3781 4363 explanem,
3828 4295 3991 4349 verba

2419 4399 2528 4436 non
2560 4384 2802 4452 reperio;
2835 4399 2937 4438 nec
2961 4385 3107 4439 enim
3131 4387 3282 4453 potui
3318 4401 3674 4455 cognoscere,
3716 4402 3819 4439 nec
3846 4401 3990 4442 nunc

2421 4490 2648 4545 prorsus
2726 4490 3023 4546 cegnosco,
3082 4477 3361 4545 quomodo
3419 4479 3475 4530 in
3538 4493 3623 4529 nte
3683 4477 3988 4544 ingressus,

750 4584 924 4631 meus,
988 4571 1043 4621 itt
1095 4567 1507 4621 tabernaculum
1550 4566 1833 4628 sensibile,
1884 4576 1936 4619 et
1978 4582 2308 4636 corporeum
2344 4586 2386 4641 ι)
2419 4566 2694 4633 quomodo
2735 4581 2945 4618 meeum
2985 4568 3173 4620 unitos
3199 4568 3289 4621 sit.
3320 4566 3518 4621 Unitus
3549 4580 3711 4631 porro
3740 4581 3863 4620 cum
3898 4581 3987 4629 eo,

752 4660 1081 4723 introduxit,
1114 4669 1165 4712 et
1200 4658 1255 4712 itt
1302 4673 1368 4712 eo
1421 4657 1664 4722 inclusit,
1717 4658 2188 4727 munitionemque
2215 4659 2314 4712 ad-

754 4768 969 4807 versum
1025 4768 1109 4806 me
1160 4751 1429 4828 adhibuit,
1478 4750 1886 4818 deductumque
1942 4751 1994 4803 in
2054 4752 2314 4803 mundum

751 4861 914 4914 quem
954 4846 1244 4909 st'ntitnus,
1272 4853 1325 4897 et
1346 4843 1669 4912 aspicimus,
1711 4842 1881 4911 jussit
1914 4858 2134 4897 rursum
2172 4845 2317 4896 ineo

749 4940 914 4991 vitam
961 4951 1279 5007 propagare.
1334 4936 1397 4988 Et
1428 4952 1550 4989 eum
1582 4934 1896 4989 mandasset
1923 4936 2054 4988 milii
2085 4951 2316 4989 consue-

749 5031 992 5083 tudinem
1028 5031 1227 5083 habere
1256 5044 1376 5082 cum
1403 5028 1470 5082 iis
1502 5028 1595 5097 qui
1632 5036 1924 5081 versantur
1960 5028 2014 5079 in
2049 5026 2311 5093 tenebris,

746 5123 1035 5175 liberatum
1074 5135 1102 5172 a
1136 5121 1401 5183 tenebris,
1450 5127 1504 5173 et
1542 5119 1750 5172 includi
1790 5134 1914 5171 cum
1961 5118 2092 5183 illis,
2132 5120 2222 5187 qtti
2261 5120 2314 5171 in

748 5226 910 5263 emno
946 5198 1215 5271 habitant,
1254 5210 1336 5263 vel
1369 5210 1546 5277 potius
1576 5209 1795 5271 ducere,
1834 5207 1897 5260 ad
1956 5207 2312 5275 agnitionem,

748 5303 948 5369 quibus
985 5300 1225 5369 undique
1262 5302 1438 5354 aflecti
1478 5312 1604 5353 sunt
1654 5301 1965 5361 vulnerum,
2020 5309 2074 5353 et
2114 5301 2314 5369 quibus

746 5394 1057 5447 dctitlculur
1090 5392 1457 5451 vinculorum.
1516 5408 1611 5446 eos
1647 5391 1944 5460 perducere
1975 5409 1991 5445 :
2020 5406 2143 5445 cum
2178 5393 2313 5456 haec,

747 5490 991 5555 inquam,
1026 5490 1358 5547 man-lassa,
1394 5486 1585 5539 abivit.
1641 5485 1884 5539 ltelictus
1942 5485 2107 5553 igitur
2162 5488 2314 5539 solus

748 5581 801 5633 in
861 5578 1138 5648 prioribus
1196 5577 1457 5641 tenebris,
1527 5592 1633 5630 non
1702 5576 1777 5630 fui
1834 5585 2141 5633 contentus.
2194 5593 2315 5646 qua:

755 5669 885 5723 milii
926 5670 1125 5723 donata
1179 5680 1305 5722 ante
1356 5668 1650 5722 memoravi
1706 5668 1867 5721 bonis
1923 5666 2313 5735 itteil‘abilibus,

752 5775 876 5814 cum
940 5776 1024 5814 me
1084 5769 1256 5812 totum
1318 5770 1659 5826 renovasset,
1717 5770 1888 5813 totum
1951 5759 2312 5811 immortalem

755 5851 1103 5908 reddidisset.
1161 5864 1330 5908 totum
1376 5854 1709 5914 tleilirasset,
1764 5866 1815 5906 et
1851 5852 2128 5907 Christum
2180 5850 2309 5904 efieo

2422 4652 2699 4717 quomodo
2732 4653 3017 4721 explicabo
3045 4655 3163 4715 tibi,
3203 4655 3328 4723 quis
3358 4656 3466 4718 ille,
3498 4655 3589 4718 qui
3623 4655 3782 4715 milti,
3820 4663 3873 4708 et
3899 4660 3985 4708 cui

2422 4740 2662 4794 vicissim
2692 4757 2792 4809 ego
2830 4744 3015 4797 unitus
3067 4744 3213 4797 sint?
3266 4742 3493 4806 llorreo,
3554 4752 3609 4796 et
3660 4752 3872 4806 metuo,
3920 4758 3988 4797 ne

2422 4831 2583 4897 forte,
2624 4834 2667 4887 si
2698 4832 2906 4897 dixero,
2936 4840 2992 4885 tu
3031 4848 3137 4887 non
3175 4834 3391 4897 eredas,
3445 4845 3499 4887 et
3554 4848 3619 4887 ex
3675 4835 3985 4902 ignorantia

2422 4924 2603 4991 lapsus
2636 4925 2687 4977 in
2738 4925 3155 4993 biaspltemiatu,
3198 4925 3366 4979 frater
3400 4927 3494 4990 tui,
3547 4928 3793 4979 animant
3842 4936 3987 4978 luant

2418 5015 2635 5082 perdas.
2668 5012 2862 5068 Verum
2894 5032 3055 5086 quem
3090 5032 3175 5070 tne
3216 5030 3340 5070 cum
3376 5016 3468 5068 illo
3493 5015 3706 5067 unitum
3744 5015 3990 5069 vocabo?

2420 5105 2613 5173 Deum,
2640 5114 2835 5161 natura
2865 5109 3164 5178 geminum,
3187 5108 3464 5177 ltypostesi
3493 5121 3683 5169 unum,
3712 5106 3987 5175 duplicem

2419 5200 2564 5253 cnim
2598 5215 2684 5255 me
2716 5201 2869 5264 fecit,
2903 5212 2977 5266 ct,
3007 5214 3065 5258 ut
3104 5203 3310 5266 cernis,
3346 5203 3508 5255 etiam
3552 5200 3834 5271 geminum
3861 5203 3987 5253 mihi

2421 5307 2618 5347 nomen
2678 5294 2895 5349 indidit.
2931 5294 3009 5347 En
3039 5294 3474 5358 distinetionetn,
3521 5293 3688 5346 homo
3727 5308 3850 5345 sunt
3894 5306 3991 5344 tta-

2418 5395 2567 5447 tura,
2626 5385 2770 5440 Deus
2826 5390 3020 5455 gratia.
3053 5386 3189 5441 Vide
3226 5386 3441 5457 qualem
3493 5387 3727 5453 gratiam
3781 5386 3987 5445 dicam,

2420 5482 2674 5533 unionem
2708 5480 2920 5533 scilicet
2959 5495 3084 5534 cum
3126 5479 3245 5543 illo,
3307 5479 3669 5536 sensibiliter,
3717 5486 3771 5529 et
3831 5478 3988 5529 intel-

2418 5572 2750 5638 lectualiter,
2801 5572 3166 5642 spiritttaliter
3208 5580 3263 5627 et
3313 5570 3705 5625 essentialiter.
3771 5568 3989 5623 Intelle-

2418 5665 2651 5716 ctualetn
2700 5664 2920 5733 quidem
2984 5665 3236 5717 unionem
3272 5661 3497 5730 exposui
3529 5660 3627 5714 tibi
3657 5658 3879 5714 diverse
3925 5672 3985 5711 ac

2419 5756 2584 5809 variis
2624 5756 2799 5809 modis
2846 5774 2859 5808 :
2905 5756 3217 5810 sensibilem
3272 5765 3452 5808 autem
3507 5756 3591 5805 aio
3639 5767 3765 5805 esse
3820 5750 3989 5810 illam,

2415 5863 2535 5911 auc
2579 5850 2633 5902 itt
2677 5850 2936 5915 mysterio
2976 5849 3265 5915 contingit.
3309 5846 3577 5914 Purgatus
3626 5845 3771 5898 enim
3824 5843 3987 5911 peni.
