4170 6452
163 439 266 500 557

1206 444 1638 504 DIVINORUM
1688 445 2016 507 AMOHUM
2049 450 2297 511 LIBER.

3298 455 3403 515 558

164 551 363 613 tentia,
396 559 445 604 ct
476 550 1103 621 liuentislacrymarum,
1132 564 1181 607 et
1203 554 1438 608 deificati
1463 559 1735 625 corporis,
1772 561 1809 616 Α
1842 563 2288 631 qtnnduquidem
2326 564 2564 619 nondum
2599 567 2669 615 ita
2708 569 2932 618 tenuata
2971 572 3075 629 est,
3120 574 3175 618 ut
3216 565 3403 620 statim

164 652 224 697 ut
264 642 383 704 Dei,
417 642 597 696 factus
631 643 898 711 partici‘ps
954 644 1005 696 in
1054 658 1209 699 sacra
1262 644 1609 702 Eucharistia
1651 652 1736 702 ui-

166 736 393 797 mirum,
450 752 554 805 ego
600 751 822 805 quoque
870 739 1132 793 ineﬂ‘abili
1185 742 1389 798 unione
1452 743 1592 799 Dens
1648 746 1731 798 lin.

166 825 303 895 \‘ide
329 838 385 881 et
412 830 647 883 observa
680 834 1023 902 mysterium.
1048 832 1240 887 Anima
1270 837 1433 905 igitur
1456 844 1509 890 et
1537 852 1737 906 corpus

164 919 246 987 {ut
310 920 502 973 eadem
580 922 842 976 iteremus
903 939 969 977 ex
1034 926 1343 980 incredibili
1408 929 1619 997 laetitia)
1681 931 1733 983 iu

157 1011 379 1065 duabus
432 1015 761 1069 substantiis
793 1031 962 1069 unutn
1009 1028 1157 1072 sunt.
1217 1018 1340 1074 lla-c
1394 1022 1579 1090 itaque
1612 1036 1735 1076 cum

164 1116 335 1154 unum
372 1104 485 1157 sint
515 1112 569 1157 et
600 1103 733 1171 duo,
761 1107 851 1160 ubi
889 1121 1088 1176 corpus
1138 1106 1341 1163 Christi
1382 1112 1735 1179 sumpserint.

156 1205 213 1245 et
244 1194 372 1261 ejus
403 1196 725 1264 sanguinem
757 1196 1021 1263 biberint,
1069 1199 1337 1255 ambabus
1383 1202 1735 1267 substantiis,

158 1293 212 1336 et
243 1286 466 1337 naturis
500 1288 649 1341 unita
687 1288 796 1343 Deo
827 1302 971 1353 meo,
1018 1290 1276 1346 similiter
1310 1294 1739 1364 participatione

160 1377 407 1442 quadam
439 1377 585 1433 Deus
614 1380 773 1443 fiunt,
806 1395 1082 1452 voeorque
1111 1393 1165 1438 et
1202 1385 1441 1439 honoror
1484 1388 1605 1456 ejus
1637 1405 1737 1445 no-

159 1466 331 1531 mine,
357 1468 519 1536 cujus
543 1470 978 1527 substantialiter
1002 1475 1279 1544 particeps
1301 1475 1534 1531 effectus
1589 1495 1735 1533 sum.

161 1557 339 1614 Dicite
393 1561 582 1630 igitur,
623 1568 903 1632 quomodo
939 1567 1128 1631 carbo,
1177 1576 1231 1622 et
1294 1567 1498 1624 ferrum
1555 1580 1736 1626 atrum

160 1650 331 1715 ignita
367 1653 513 1721 ignis
536 1654 825 1709 videntur?
850 1656 1003 1722 Quod
1034 1670 1323 1728 apparent,
1351 1662 1401 1715 id
1430 1672 1733 1719 vocentur:

159 1737 307 1805 ignis
362 1749 653 1809 apparent,
718 1744 859 1813 ignis
900 1749 1272 1806 nominentur.
1332 1751 1388 1805 Si
1416 1762 1471 1805 tu
1499 1761 1552 1807 te
1584 1756 1736 1823 ejus-

159 1827 311 1879 modi
348 1845 457 1881 non
491 1831 881 1901 deprehendis,
915 1836 983 1891 de
1039 1837 1362 1906 huiusmodi
1416 1842 1609 1897 saltetn
1639 1845 1732 1898 tibi

1843 654 2195 707 accendatur.
2255 653 2351 709 Ubi
2406 664 2585 709 autem
2627 658 2870 711 divinum
2926 658 3111 711 cordis
3160 657 3409 723 jaculum

1841 760 2135 799 accensum
2168 747 2353 812 fuerit,
2387 757 2498 801 tum
2532 758 2585 801 et
2619 748 2790 818 ipsam
2831 750 3067 802 animant
3104 747 3401 813 illuminat,

1840 846 1891 890 et
1922 848 2157 893 mentem
2205 848 2424 909 purgat,
2460 848 2624 909 atque
2656 843 2709 893 in
2748 840 2913 893 altum
2950 842 3226 904 subvehit,
3258 850 3312 896 et
3351 842 3407 897 in

1839 931 2040 983 ecelum
2077 932 2309 993 extollit,
2344 946 2509 1002 atque
2553 947 2673 987 cum
2709 932 2895 987 divino
2934 932 3136 989 lumine
3165 934 3403 1003 conjun-

1838 1023 1936 1088 git.

1912 1114 2235 1184 Priusquam
2260 1117 2372 1170 haec
2399 1115 2586 1179 facias,
2612 1131 2733 1185 qua:
2756 1133 2822 1171 ex
2852 1131 2935 1172 me.
2962 1116 3190 1183 audisti,
3221 1132 3405 1187 quasso

1842 1208 2119 1277 quomodo
2184 1209 2550 1278 pnrgaberis?
2597 1216 2891 1280 antequam
2941 1224 3070 1265 vero
3126 1212 3403 1280 purgeris.

1839 1315 1950 1368 quo
1989 1308 2151 1369 pacto
2201 1315 2352 1355 mens
2387 1308 2479 1354 tua
2535 1301 2749 1356 divinas
2805 1300 3075 1355 scintillas
3124 1302 3407 1370 accipiet?

1840 1393 1905 1445 Et
1971 1393 2272 1461 quomodo,
2319 1392 2575 1457 obsecro,
2632 1402 2688 1449 et
2732 1394 2779 1449 si
2831 1393 3073 1457 aliunde.
3129 1396 3402 1449 undenam

1840 1482 1991 1535 cordi
2048 1489 2144 1537 tuo
2184 1482 2412 1553 illapsus
2462 1481 2604 1553 ignis
2657 1483 2876 1539 divinus
2951 1485 3305 1546 accendetur,
3352 1495 3408 1539 et

1841 1574 2016 1643 ipsum
2068 1576 2348 1640 accendet,
2390 1586 2445 1631 et
2497 1575 2876 1640 inﬂammabit,
2929 1585 2983 1628 et
3023 1576 3197 1641 uniet,
3232 1585 3284 1631 et
3315 1593 3407 1631 co-

1840 1669 2066 1739 pnlabit,
2120 1677 2175 1724 et
2220 1679 2530 1725 creaturam
2588 1685 2616 1722 a
2667 1668 2929 1724 Creatore
2987 1668 3403 1739 inseparabilem

1838 1760 2079 1815 efﬁciet?
2126 1759 2337 1815 Nemini
2379 1760 2526 1816 istud
2563 1763 2807 1815 onmium
2855 1760 2947 1831 qui
2998 1776 3144 1815 nunc
3168 1770 3316 1825 sunt,
3352 1771 3406 1817 et

1838 1855 1930 1923 qui
1962 1861 2084 1922 post
2139 1853 2264 1907 aliis
2291 1861 2454 1907 erunt
2501 1853 2553 1906 in
2586 1853 2747 1908 annis
2780 1852 3040 1923 possibile
3070 1852 3242 1907 dices.
3276 1851 3407 1918 Qua:

155 1916 776 1980 disserentibus‘ﬁdem
826 1927 1098 1996 denegare
1168 1930 1308 1994 n0".
1356 1932 1455 1987 sed
1494 1948 1560 1987 ex
1622 1943 1736 1989 toto
1770 1914 1809 1969 Β
1839 1914 2100 2010 deinceps
2129 1950 2456 2011 sequuntur,
2506 1956 2574 1997 ne
2616 1914 2914 2012 interroga.
2950 1942 3005 1998 Si
3038 1942 3185 1997 enim
3214 1943 3402 1999 lumini

155 2012 329 2065 corde
386 2020 483 2068 tuo
542 2030 747 2084 quaere,
803 2030 857 2073 et
913 2022 1152 2090 accipies
1212 2025 1587 2092 margaritam,
1643 2037 1737 2081 aut

152 2111 395 2169 guttam,
444 2116 537 2159 aut
587 2108 797 2180 sinapis
852 2125 1106 2183 granum,
1161 2114 1406 2171 divinum
1457 2132 1642 2174 semen
1680 2133 1736 2176 ut

153 2194 476 2250 scintillam.

225 2287 295 2339 At
319 2288 467 2341 enim
489 2305 599 2359 quo
630 2302 795 2362 pacto
820 2311 1035 2365 quaeres
1062 2299 1205 2368 quod
1238 2299 1337 2355 tibi
1373 2302 1497 2357 dico
1519 2305 1543 2357 1'
1568 2305 1732 2371 Audi,

154 2388 210 2431 et
243 2377 542 2449 diligenter
588 2383 778 2451 facito,
810 2396 867 2442 et
902 2404 1025 2444 mox
1066 2393 1333 2462 reperies.
1365 2396 1571 2465 Accipe
1606 2414 1733 2467 per-

151 2473 405 2538 spicuam
441 2474 756 2545 imaginem,
817 2481 933 2536 sive
968 2482 1381 2539 similitudinem
1433 2487 1649 2557 lapidis,
1682 2502 1734 2544 et

155 2561 323 2628 ferri;
366 2564 419 2617 in
453 2565 540 2621 bis
579 2569 723 2623 enim
756 2582 952 2627 natura
984 2574 1131 2642 ignis
1167 2578 1395 2631 omnino
1420 2594 1528 2633 una
1561 2589 1613 2635 ct
1643 2597 1731 2636 ea-

152 2655 276 2707 dem
296 2669 402 2721 est,
428 2661 642 2715 tametsi
671 2664 828 2729 plane
852 2681 958 2721 non
986 2678 1264 2737 cernatur,
1295 2671 1456 2741 ignis,
1488 2674 1729 2743 inquam.

152 2744 313 2810 Quod
366 2750 412 2803 si
456 2752 808 2821 collidantur,
864 2767 916 2812 et
952 2764 1235 2815 materiam
1291 2765 1647 2833 arripuerint,
1680 2771 1727 2821 ei

150 2852 218 2890 ex
269 2839 467 2896 borum
516 2844 803 2901 collisione
849 2864 1013 2916 parva
1065 2854 1305 2907 scintilla
1356 2857 1618 2915 exsiliens
1668 2876 1731 2915 ae

151 2944 274 2983 sese
303 2933 642 3006 conjungens
672 2940 935 3008 penitius,
958 2942 1207 2998 eamdem
1236 2947 1496 3014 paulatim
1525 2966 1726 3007 accen-

150 3026 256 3090 dit,
290 3028 679 3103 llantmamqne
721 3037 773 3088 in
808 3036 981 3091 altum
1015 3039 1202 3106 mittit,
1258 3055 1321 3095 ac
1370 3044 1545 3113 pulsis
1577 3056 1727 3103 tene-

152 3120 264 3174 bris
300 3122 522 3175 domum
558 3124 854 3190 illuminat,
889 3138 942 3182 et
977 3140 1248 3200 quotquot
1282 3134 1334 3188 in
1367 3136 1532 3191 domo
1572 3148 1721 3204 sunt,

1840 2034 2031 2088 unilus
2062 2033 2257 2097 lueris,
2296 2034 2475 2104 ipsum
2527 2043 2578 2088 te
2607 2034 2828 2088 docebit
2860 2035 3067 2100 omnia,
3106 2044 3162 2090 et
3192 2036 3403 2090 revela-

1838 2125 1916 2179 bit
1950 2125 2047 2180 tibi
2080 2126 2284 2189 omnia,
2325 2134 2381 2181 et
2430 2128 2791 2192 monstrabit,
2836 2143 2900 2184 ac
2940 2136 3215 2199 suggeret,
3256 2144 3404 2199 quie-

1836 2232 2054 2287 cuuque
2101 2218 2315 2274 discere
2364 2228 2453 2273 tua
2502 2220 2784 2274 intererit:
2827 2234 2951 2273 nam
2991 2220 3191 2291 alioqui
3227 2222 3407 2277 verbis

1836 2309 2093 2365 humanis
2138 2311 2419 2379 percipere
2460 2327 2523 2365 ea
2555 2326 2675 2380 qua:
2707 2311 2817 2366 illic
2862 2321 3012 2375 sunt,
3063 2328 3173 2367 non
3215 2322 3304 2369 est
3348 2325 3407 2367 ut

1837 2403 1956 2454 lteri
1993 2410 2183 2470 queat.
2219 2400 2387 2456 Deum
2418 2403 2575 2458 decet
2603 2404 2801 2475 gloria,
2838 2418 2981 2459 nunc
3011 2411 3067 2458 et
3097 2404 3149 2457 in
3180 2404 3400 2460 secula.

1836 2492 2027 2544 Amen.

2393 2578 2619 2637 CAPUT
2665 2581 2833 2636 XX”.

1834 2691 2026 2769 Omnes
2066 2704 2277 2769 structos
2309 2695 2638 2752 illuntinatos
2664 2699 2954 2763 illustrari,
2989 2702 3258 2769 ridereque
3283 2702 3398 2767 gle-

1901 2766 2035 2898 ἲίιιηι
2068 2765 2202 2828 Dei,
2230 2778 2487 2835 quatenus
2516 2785 2632 2823 eam
2665 2788 2698 2824 a
2734 2779 2926 2825 natura
2964 2765 3201 2826 hununu
3241 2765 3401 2826 videri

1925 2851 1986 2886 us
2026 2843 2124 2888 est.

1925 2851 1986 2886 ιιι
2026 2843 2124 2888 εει.

1898 2944 2128 3016 Respice
2163 2948 2232 3003 de
2261 2950 2536 3018 supernis,
2574 2950 2715 3008 Deus
2746 2967 2921 3017 meus,
2972 2963 3025 3007 et
3065 2953 3400 3022 complaceat

1831 3038 1955 3103 tibi,
1990 3051 2050 3096 ut
2081 3056 2347 3111 appareas
2381 3044 2536 3107 mihi,
2583 3054 2635 3098 et
2668 3059 2790 3099 cum
2826 3046 3079 3102 mendico
3108 3062 3401 3102 converse-

1828 3132 1925 3184 ris.
1962 3132 2127 3203 Aperi
2161 3134 2385 3199 emittm,
2414 3144 2467 3189 et
2500 3135 2677 3189 revela
2718 3136 2849 3190 mihi
2880 3138 3064 3192 lumen
3098 3149 3247 3193 tuum
3275 3158 3288 3193 :
3323 3140 3402 3193 vel

150 3224 242 3264 eos
274 3211 329 3263 in
377 3225 679 3283 conspectu
734 3221 1043 3276 constituit.
1101 3222 1297 3280 Vidisti
1334 3242 1446 3281 rem
1488 3232 1726 3285 miram?

156 3299 244 3322 Ιιζ.
277 3303 387 3322 ξΑειγ
419 3320 443 3322 __
505 3319 518 3322 _
624 3307 635 3322 I
838 3320 843 3322 .
1179 3315 1191 3322 .
1248 3317 1258 3322 _
1462 3318 1531 3322 μ-

1833 3223 2012 3291 potius
2053 3226 2200 3294 aperi
2255 3234 2493 3281 mentem
2540 3242 2739 3291 meam,
2774 3238 2828 3281 et
2874 3232 3038 3283 etiam
3071 3245 3215 3285 nunc
3256 3232 3399 3285 intra

156 3299 249 3355 Die
276 3303 467 3371 igitur,
497 3307 714 3373 amabo,
758 3320 1053 3379 antequam
1080 3315 1331 3371 crebrius
1370 3318 1719 3387 collidantur,

149 3393 429 3457 quomodo
463 3396 734 3451 scintillas
784 3402 1086 3457 emittunt?
1131 3402 1263 3459 Siue
1294 3407 1537 3462 scintilla
1573 3427 1721 3477 vero,

150 3482 427 3545 quomodo
458 3498 555 3551 per
578 3499 640 3540 se
674 3489 900 3543 materia
929 3493 1302 3548 accendetur?
1347 3498 1402 3551 Si
1435 3499 1586 3567 prius
1615 3517 1721 3554 non

151 3572 508 3633 accendatur,
542 3574 818 3642 quomodo
847 3579 1099 3635 tenebras
1128 3583 1379 3652 dispellet
1400 3588 1421 3639 ?
1442 3592 1723 3657 quomodo

149 3658 286 3713 :cdes
310 3660 693 3717 collustrabit?
735 3668 1016 3734 quomodo
1051 3672 1147 3725 tibi
1179 3675 1439 3729 cernendi
1489 3679 1722 3733 faculta-

151 3757 251 3802 tem
291 3750 492 3804 dabit?
547 3751 743 3823 Utique
792 3761 1171 3829 respondebis,
1210 3768 1527 3836 neutiquam
1576 3770 1718 3827 istud

148 3838 260 3895 ﬁcri
308 3856 495 3911 posse.
530 3844 672 3913 Ergo
710 3858 765 3902 et
797 3858 853 3903 tu
896 3852 968 3904 ita
1003 3850 1187 3910 facere
1231 3858 1479 3923 studeas,
1524 3870 1578 3915 et
1632 3878 1723 3917 ac-

150 3931 341 3999 cipies.
395 3933 538 3999 Quid
600 3938 879 4008 accipies?
926 3941 1124 3999 divina:
1161 3954 1368 4001 natura:
1402 3950 1718 4017 scintillam,

148 4037 307 4089 quam
344 4034 585 4091 creator,
614 4030 866 4095 pretiosa
891 4037 1217 4103 margaritae,
1237 4048 1287 4092 et
1315 4054 1485 4107 grano
1514 4043 1722 4111 sinapis

166 4118 526 4181 comparavit.
574 4118 716 4185 Quid
739 4130 823 4175 est
843 4134 1023 4178 autem
1051 4129 1191 4196 quod
1225 4131 1321 4184 tibi
1350 4135 1717 4200 prestandum

150 4203 314 4259 dico?
351 4207 489 4261 Audi
527 4214 925 4279 pzitienter,lili.
957 4216 1038 4271 Sit
1060 4219 1155 4273 tibi
1179 4234 1403 4290 corpus,
1444 4232 1498 4278 et
1537 4227 1717 4281 anima

152 4311 239 4362 pro
273 4298 427 4353 ferro
456 4312 507 4355 et
539 4303 738 4372 lapide,
774 4321 927 4363 mens
961 4317 1019 4363 ut
1057 4310 1378 4380 imperatrix
1416 4323 1469 4369 et
1495 4316 1716 4371 domina

150 4386 519 4452 allectiouutn,
553 4393 607 4445 in
642 4395 948 4452 actionibus
981 4414 1106 4453 cum
1149 4403 1349 4458 virtute
1384 4406 1713 4475 conjunctis,

150 4485 197 4527 et
218 4480 648 4547 togitationibus
676 4481 788 4537 Deo
812 4488 1030 4555 placitis
1051 4503 1111 4545 se
1132 4506 1416 4559 exercens,
1443 4506 1497 4551 et
1518 4512 1716 4569 corpus

1781 3302 1791 3319 ⁸
1829 3330 1883 3367 ιιι
1913 3331 2016 3377 me,
2050 3315 2257 3371 dissere
2310 3332 2405 3386 per
2453 3318 2723 3385 impuram
2761 3319 3001 3390 tinguant
3052 3336 3222 3376 meam
3258 3323 3401 3378 sicut

1827 3408 1976 3471 olim,
2023 3418 2076 3462 et
2117 3409 2301 3463 refelle
2338 3426 2433 3464 eus
2482 3413 2573 3480 qui
2626 3412 2695 3466 ita
2746 3414 3066 3482 loquuntur,
3118 3428 3225 3467 non
3277 3429 3399 3469 esse

1828 3498 2013 3564 hodie,
2054 3501 2149 3570 qui
2192 3501 2361 3556 Deum
2398 3519 2458 3558 se
2493 3504 2693 3559 vidisse
2744 3506 2998 3570 noverit,
3057 3521 3230 3576 neque
3274 3514 3399 3561 ante

1829 3591 1931 3643 hoc
1972 3599 2190 3660 tempus
2230 3592 2426 3657 fuisse,
2456 3607 2608 3648 extra
2644 3596 2942 3663 apostolus.
2985 3593 3088 3650 Sed
3128 3612 3303 3666 neque
3337 3598 3402 3650 il-

1826 3682 2093 3736 losaiunt
2120 3684 2266 3738 clare
2297 3684 2498 3739 vidisse
2534 3685 2722 3752 Deum,
2746 3685 2962 3740 Patrem
2994 3696 3169 3751 tuum,
3191 3687 3397 3743 docen-

1827 3783 1907 3826 tes
1940 3789 2066 3828 eum
2098 3778 2355 3845 cognosci
2379 3786 2433 3831 et
2464 3778 2634 3830 videri
2666 3792 2693 3830 a
2729 3778 2882 3832 nullo
2912 3792 3106 3848 posse;
3140 3786 3195 3833 et
3226 3794 3396 3848 oppo-

1826 3874 2019 3921 nentes
2055 3872 2280 3921 verbum
2331 3867 2567 3923 Joannis
2597 3870 2943 3925 dilectissimi
2966 3870 3216 3941 discipuli
3251 3872 3330 3925 tui
3371 3890 3385 3927 :

1826 3957 1989 4012 Deum
2024 3975 2172 4012 nemo
2214 3959 2340 4012 vidit
2392 3977 2623 4030 unquam
2657 3962 2722 4015 ³⁵.
2768 3963 2901 4026 Eia,
2952 3961 3171 4017 Christe
3220 3979 3397 4023 meus.

1825 4051 1914 4103 die
1966 4060 2237 4115 acturum,
2276 4060 2332 4104 ut
2364 4067 2431 4106 ne
2471 4053 2903 4122 imprudentibus
2941 4069 3043 4121 ego
3076 4057 3267 4125 nugari
3315 4056 3397 4109 vi-

1823 4144 1970 4197 dear.
1997 4144 2203 4207 Scribe,
2239 4145 2447 4214 inquit,
2483 4162 2603 4215 quae
2638 4146 2782 4210 dico,
2826 4146 2959 4201 nihil
3000 4162 3237 4202 vereare.
3273 4147 3384 4217 Ego

1824 4236 1966 4292 Deus
1997 4247 2123 4291 ante
2156 4252 2345 4291 names
2377 4237 2514 4301 dies,
2538 4240 2702 4293 horas
2731 4248 2787 4293 et
2842 4248 3107 4308 tempora,
3132 4240 3240 4296 imo
3270 4250 3399 4295 ante

1821 4330 2004 4382 omnia
2044 4330 2239 4383 saecula
2268 4369 2283 4393 ,
2341 4338 2471 4383 ante
2517 4338 2800 4385 creaturas
2835 4345 3026 4384 omnes
3060 4331 3307 4385 visibiles
3342 4342 3396 4385 et

1823 4418 2146 4482 invisibiles,
2180 4434 2343 4487 supra
2370 4433 2587 4475 omnem
2619 4421 2848 4476 omnino
2885 4428 3107 4489 captum
3136 4461 3151 4485 ,
3187 4435 3396 4475 sermo-

1827 4525 1971 4572 nem,
2005 4511 2393 4579 cogitationem
2430 4511 2584 4565 solus
2614 4525 2738 4566 cum
2780 4513 2895 4567 solo
2927 4513 3102 4578 solus,
3154 4522 3209 4567 et
3256 4515 3392 4568 nihil

150 4571 370 4637 quidem
416 4587 515 4626 Ceu
571 4574 827 4645 lapidem,
863 4582 1102 4636 animam
1157 4592 1341 4640 autem
1397 4597 1456 4642 ut
1511 4573 1715 4646 lcrruttt
1746 4602 1796 4659 Ι)
1823 4617 2015 4657 eorum
2051 4620 2171 4673 qua;
2202 4603 2581 4671 aspiciuntur;
2620 4603 2715 4658 sed
2764 4619 2864 4659 nec
2897 4620 3084 4659 eorum
3120 4622 3241 4675 qua:
3286 4623 3393 4661 non

152 4671 367 4726 tenens,
429 4667 686 4722 manibus
735 4684 858 4740 quae
907 4672 1271 4744 intelligentia
1314 4681 1715 4751 percipiuntur,

148 4772 256 4810 eam
291 4759 505 4823 trahat,
538 4768 592 4813 et
641 4761 711 4816 ad
759 4765 1029 4833 agendum
1070 4769 1122 4821 vi
1157 4769 1439 4839 impellat:
1482 4774 1715 4846 Regnum

150 4847 331 4912 quippe
355 4848 604 4901 caelorum
636 4852 736 4904 vim
766 4856 972 4921 patitur
997 4857 1060 4909 ³³.
1095 4860 1240 4923 Quas
1264 4872 1444 4918 autem
1473 4869 1717 4925 actiones

152 4940 408 5009 intelligis
432 4940 456 4992 ἲ
480 4957 618 5011 quas
643 4943 664 4995 ?
704 4948 1168 5018 pervigilationes,
1203 4954 1431 5023 jejuuia,
1455 4960 1715 5014 fervidam

153 5034 551 5096 pmnitentiam,
585 5034 793 5092 imbres
847 5039 1238 5111 laerymarum,
1276 5046 1506 5114 luctum,
1535 5054 1713 5107 couti-

153 5137 308 5176 nuain
369 5126 563 5181 mortis
603 5132 950 5197 memoriam,
997 5150 1195 5204 preces
1230 5141 1507 5209 assiduas,
1540 5147 1715 5200 omni-

152 5227 410 5279 genarum
440 5219 801 5275 teutationum
834 5223 888 5275 in
922 5234 972 5279 te
1004 5226 1331 5285 irruentium
1369 5235 1712 5302 patientiam.

150 5304 427 5361 Antehac
463 5309 646 5362 omnia
690 5312 992 5381 silentium,
1027 5326 1082 5371 ct
1119 5320 1444 5387 profundam
1478 5325 1715 5382 humili-

151 5407 333 5462 tatem,
374 5400 671 5469 perfectam
712 5405 1107 5474 obedientiam,
1143 5413 1554 5483 abnegationem
1590 5436 1715 5491 pro-

151 5490 274 5555 prim
325 5493 650 5549 voluntatis.
692 5495 806 5560 llis,
861 5508 915 5551 et
969 5502 1162 5555 horum
1211 5506 1484 5565 similibus
1531 5490 1714 5568 anima

151 5594 363 5648 vacans,
409 5596 463 5639 et
515 5601 731 5654 semper
802 5590 1033 5654 intenta,
1091 5596 1143 5647 in
1192 5598 1386 5664 primis
1439 5604 1712 5663 scintillas

150 5676 459 5743 suppeditat
516 5679 683 5731 menti
736 5688 866 5746 tuae,
919 5701 1040 5751 qua:
1074 5687 1184 5739 cito
1232 5693 1711 5764 exstinguuntur:

244 5867 287 5894 ”
326 5866 513 5926 Matth.
558 5886 627 5932 xl,
667 5869 747 5925 12.
824 5875 909 5926 "l
950 5872 1105 5928 Joatt.
1144 5890 1215 5938 ιν,
1253 5878 1335 5932 1'2.

1824 4694 2183 4764 aspiciuntur.
2245 4694 2408 4747 Eram
2470 4709 2704 4758 revera,
2769 4703 3063 4764 antequam
3117 4710 3393 4752 nascerer.

1824 4785 1986 4839 Solus
2013 4800 2111 4850 ego
2143 4785 2419 4838 increatus
2453 4799 2581 4839 eum
2615 4784 2793 4849 Patre,
2830 4794 2881 4839 et
2912 4785 3118 4855 Spiritu
3176 4796 3388 4841 sancto.

1823 4879 1986 4933 Solus
2019 4880 2226 4949 absque
2266 4882 2537 4948 principio
2576 4894 2641 4933 ex
2684 4878 2845 4932 Patre
2900 4893 3041 4940 tneo,
3071 4881 3230 4948 cujus
3266 4880 3393 4932 item

1825 4970 2033 5024 nullum
2064 4979 2150 5023 est
2183 4971 2536 5039 principium.
2565 4968 2737 5024 Nemo
2768 4970 3087 5038 angelorum
3124 4985 3389 5039 unquam.

1826 5076 1923 5116 nec
1950 5062 2426 5130 arebangelorum,
2457 5077 2556 5116 nec
2581 5061 2812 5116 aliorum
2846 5061 3099 5115 ordinum
3135 5059 3271 5115 vidit
3306 5077 3399 5113 na-

1825 5161 2002 5208 turam
2056 5169 2254 5217 meam,
2309 5170 2410 5209 nec
2460 5169 2545 5207 me
2589 5151 2905 5208 Creatorem
2960 5161 3169 5214 totum,
3220 5151 3395 5219 qualis

1824 5261 1968 5309 sum,
2003 5248 2097 5300 sed
2135 5245 2517 5300 tantummodo
2544 5243 2757 5297 radium
2785 5242 2991 5310 gloriae,
3033 5251 3087 5295 et
3118 5241 3392 5295 deflexum

1824 5340 2115 5405 quemdam
2161 5337 2385 5390 luminis
2418 5336 2521 5391 mei
2573 5335 2777 5396 vident,
2825 5334 3395 5401 contemplanturque.

1830 5429 1983 5482 Sicut
2011 5429 2159 5483 enim
2192 5427 2478 5496 speculum
2507 5426 2781 5481 solaribus
2829 5425 2997 5479 radiis
3029 5438 3392 5493 percussum,

1823 5530 1878 5575 et
1919 5529 1976 5572 ut
2016 5519 2155 5589 lapis
2192 5518 2533 5574 cristallinus
2589 5520 2641 5570 in
2684 5515 2909 5570 meridie
2944 5516 3280 5577 illustratus;
3317 5513 3394 5567 sic

1823 5627 2014 5666 omnes
2047 5611 2265 5667 deitatis
2299 5626 2432 5665 mea:
2463 5610 2648 5665 radios
2689 5606 3025 5677 suscipiunt.
3061 5605 3255 5661 Totum
3295 5620 3399 5658 au-

1827 5714 1932 5758 tem
1963 5719 2049 5758 me
2082 5704 2263 5759 videre
2296 5701 2538 5760 nondum
2566 5700 2881 5770 quisquam,
2931 5699 3011 5753 vel
3043 5698 3392 5767 angelorum,
