4170 6452
768 411 880 475 559

1997 409 2380 472 SYMEONIS
2421 407 2782 470 JUN’IORIS

3937 411 4046 479 560

772 529 856 586 vel
893 515 1177 580 hominum
1208 563 1221 587 ,
1250 524 1332 577 vel
1367 529 1683 577 sanctarum
1718 519 1982 575 virtutum
2023 520 2348 592 promeruit.
2380 519 2423 573 Α
2455 531 2756 586 percussus
2785 524 2984 588 caput,
3027 516 3202 587 spinis
3235 527 3560 587 coronatus,
3593 521 3949 595 chlamydem
3990 535 4045 581 ut

771 619 907 674 Sum
935 617 1080 672 enim
1111 626 1269 671 extra
1304 614 1508 677 omnia,
1547 623 1598 668 ct
1639 614 1804 669 nullis
1837 615 2011 666 oculis
2043 613 2356 683 aspectabi-

773 715 864 768 lis.
901 713 1086 778 Neque
1121 723 1248 762 vero
1282 708 1368 762 his
1400 717 1680 774 aspectum
1732 707 1836 760 mei
1885 706 2140 770 invideo,
2176 720 2353 775 neque

776 817 835 861 ut
871 803 1134 860 deformis
1195 817 1280 856 me
1329 801 1544 854 occulto
1595 814 1662 852 ne
1720 813 2009 869 appaream
2046 815 2058 849 :
2095 798 2191 854 sed
2226 799 2353 869 quia

775 896 1170 953 nemo.deitate
1196 909 1314 948 mea
1349 892 1547 958 dignus
1577 900 1661 946 est
1703 893 1958 946 inventus
1990 907 2006 946 :
2039 907 2216 960 neque
2257 906 2354 960 par

772 1007 898 1046 esse
940 989 1116 1060 potuit
1149 995 1400 1041 creatura
1440 983 1712 1039 Creatori.
1744 982 1856 1037 Nec
1885 984 1992 1037 illis
2025 983 2263 1052 expedit,
2295 990 2352 1035 ut

776 1100 863 1138 me
911 1084 1149 1138 videant.
1200 1079 1436 1132 Parvum
1478 1086 1660 1132 autem
1700 1092 1764 1130 ex
1803 1091 1888 1130 me
1930 1075 2197 1145 fulgorem
2234 1089 2352 1128 cer-

777 1185 994 1242 nentes,
1033 1174 1340 1233 initiantur,
1387 1172 1531 1226 unde
1577 1170 1756 1224 sciunt
1800 1185 1926 1223 vere
1979 1184 2066 1222 me
2103 1183 2248 1233 esse,
2299 1174 2354 1220 et

777 1288 864 1325 me
914 1268 1083 1324 Deum
1133 1276 1495 1337 cognoscunt,
1543 1265 1635 1334 qui
1685 1265 1835 1332 ipsos
1883 1263 2253 1333 procrearim,
2300 1271 2354 1316 et

776 1379 900 1416 eum
929 1369 1166 1416 tremore
1211 1375 1275 1412 ac
1313 1358 1506 1412 timore
1545 1372 1631 1411 me
1681 1357 1983 1421 celebrant,
2034 1364 2088 1409 et
2143 1353 2348 1408 colunt.

779 1456 933 1509 llaud
966 1457 1107 1510 enim
1144 1452 1320 1520 potuit
1367 1451 1506 1505 Deus
1542 1450 1706 1503 alium
1745 1449 2048 1517 producere
2077 1489 2092 1513 ,
2122 1448 2216 1518 qui
2251 1463 2351 1516 po-

777 1549 944 1602 tentia
978 1553 1218 1616 mquaret
1243 1544 1582 1605 Creatorem,
1611 1556 1712 1594 nec
1747 1548 1956 1593 natura:
1988 1555 2101 1594 suae
2125 1553 2354 1593 consor-

776 1649 907 1694 tem.
945 1638 1056 1693 Nec
1099 1640 1208 1691 ulla
1243 1637 1453 1689 ratione
1482 1633 1626 1703 quod
1656 1631 1938 1688 conditum
1975 1640 2081 1695 est,
2107 1630 2352 1684 consub-

776 1733 1026 1787 stantialc
1063 1739 1238 1800 potest
1268 1743 1391 1782 esse
1433 1725 1733 1781 conditori.
1769 1723 1871 1789 Qui
1906 1723 2054 1777 enim
2104 1722 2349 1776 incrcato

773 1835 1021 1879 creatura
1047 1821 1342 1890 aliquando
1372 1816 1742 1873 assimiletur?
1771 1818 1948 1885 Atque
1987 1823 2045 1868 ut
2073 1816 2187 1868 hazc
2217 1813 2353 1866 fate-

775 1920 942 1980 heris,
978 1917 1056 1971 sic
1083 1915 1214 1971 illud
1249 1929 1355 1969 non
1385 1912 1628 1981 negabis,
1662 1925 1726 1965 eo
1758 1911 1850 1979 qui
1882 1923 2097 1977 semper
2126 1916 2232 1972 est,
2255 1905 2349 1975 qui

775 2011 992 2065 initium
1035 2009 1250 2071 nescit,
1294 2021 1395 2060 nec
1431 2014 1652 2059 creatus
1697 2012 1804 2068 est,
1857 2011 2038 2056 creata
2084 2000 2350 2054 inferiora

774 2119 931 2168 esse;
983 2111 1305 2167 tantumque
1341 2099 1410 2152 ab
1459 2111 1526 2152 eo
1573 2095 1818 2163 differre,
1853 2103 2121 2164 quantum
2153 2107 2350 2146 currus

773 2206 825 2248 et
883 2207 1036 2248 serra
1086 2206 1115 2244 a
1167 2190 1320 2243 fabro
1356 2201 1457 2242 suo
1507 2184 1788 2242 differunt.
1844 2181 2132 2249 Quomodo
2188 2181 2352 2250 igitur

773 2301 972 2342 currus
1035 2283 1424 2338 fabricatorem
1497 2295 1657 2334 suum
1715 2277 2028 2347 intelligat,
2077 2274 2351 2344 quomodo

776 2392 926 2434 serra
987 2377 1278 2431 ducentem
1334 2388 1394 2427 se
1449 2379 1766 2441 cognoscat,
1819 2370 1924 2422 nisi
1983 2367 2350 2437 cognitionem

776 2474 886 2526 illis
925 2472 1040 2534 det,
1078 2469 1187 2523 nisi
1221 2465 1441 2521 videndi
1475 2480 1699 2520 sensum
1729 2465 1809 2517 eis
1841 2462 2128 2524 immittat,
2157 2461 2248 2529 qui
2285 2474 2349 2513 ea

775 2564 1027 2636 paravit?
1075 2562 1221 2633 quod
1281 2560 1479 2614 creatis
1536 2557 1790 2611 omnibus
1851 2562 1936 2609 est
1992 2553 2345 2624 impossibile.

775 2659 1015 2713 Prorsus
1049 2656 1214 2722 igitur
1241 2653 1424 2706 nullus
1455 2651 1765 2714 hominum,
1800 2649 1983 2703 nullus
2007 2649 2349 2718 angelorum,

781 2751 950 2806 dandi
991 2748 1114 2802 aliis
1156 2747 1408 2816 spiritum
1462 2753 1557 2798 aut
1601 2745 1766 2796 vitam
1817 2743 2096 2813 praebendi
2142 2743 2353 2812 accepit

777 2851 1126 2914 potestatem.
1181 2838 1448 2892 Dominus
1497 2843 1705 2900 autem,
1755 2851 1916 2906 quem
1969 2849 2135 2904 penes
2174 2835 2350 2889 solum

773 2944 860 2991 est
890 2941 1132 3004 potestas
1161 2930 1402 2985 omnium
1435 2938 1599 2997 atque
1633 2928 1898 2998 potentia,
1932 2936 2193 2996 tanquam
2221 2927 2350 2982 fons

775 3027 919 3092 vitae,
955 3026 1191 3079 animata
1229 3021 1500 3090 producit,
1535 3022 1720 3090 qualia
1751 3022 2004 3086 voluerit,
2044 3031 2098 3074 et
2123 3020 2353 3090 largitur

775 3119 973 3188 cuique
1015 3124 1075 3168 ut
1117 3113 1339 3177 artifex,
1372 3121 1430 3166 ut
1481 3111 1748 3166 Dominus
1795 3125 1896 3181 pro
1952 3112 2234 3165 voluntate
2286 3123 2351 3164 ac

2458 611 2776 666 coccineum
2819 625 3117 680 purpuram
3167 612 3411 677 indutus,
3462 613 3656 669 faciem
3703 629 4042 687 consputus,

2458 702 2564 757 heu
2602 721 2708 768 me,
2742 713 2796 759 et
2850 704 3048 759 illusus
3077 719 3158 768 es,
3191 706 3507 776 audistique
3553 723 3650 776 per
3688 709 3996 765 ludibrium
4030 732 4040 766 :

2457 796 2588 861 Ave,
2632 810 2723 848 rex
2759 793 3093 851 Judworum.
3127 795 3205 849 Tu
3257 797 3499 854 humeris
3543 803 3774 869 portasﬁ
3818 819 4042 858 crucem

2458 887 2578 953 tibi,
2609 888 2767 959 eique
2793 887 3017 950 infixus,
3050 890 3103 941 in
3131 887 3300 942 altum
3331 889 3578 946 sublatus
3610 907 3669 945 es
3696 892 3839 947 Deus
3866 912 4044 950 meus.

2458 979 2537 1034 Tu
2582 997 2779 1035 manus
2812 997 2875 1036 ac
2922 984 3089 1052 pedes
3129 984 3452 1048 transﬁxus,
3507 997 3664 1043 aceto
3711 1000 3955 1057 potatus,
3989 1005 4042 1045 et

2456 1072 2600 1126 Intus
2648 1073 2837 1127 lancea
2890 1075 3172 1143 perfossus
3233 1091 3312 1129 es.
3363 1074 3490 1131 Haac
3544 1079 3708 1132 tellus
3755 1081 4040 1148 indignata

2457 1167 2827 1233 contremuit,
2868 1178 2922 1220 et
2963 1183 3099 1233 quos
3127 1169 3442 1224 continebat
3471 1182 3742 1236 mortuos,
3771 1176 4044 1242 sepulcris

2458 1256 2662 1325 apertis
2690 1256 2801 1310 cito
2824 1257 3080 1312 reddidit.
3110 1257 3206 1313 Sol
3237 1269 3292 1314 te
3317 1263 3612 1330 aspiciens,
3638 1265 3691 1317 in
3713 1268 4040 1332 sanguinem

2459 1359 2571 1403 tum
2605 1364 2906 1406 conversus
2937 1359 3042 1416 est,
3068 1360 3131 1406 et
3159 1356 3286 1408 luna
3311 1364 3504 1424 operta
3537 1365 3621 1409 est
3650 1359 3920 1428 caligine;
3948 1376 4043 1412 ve-

2457 1445 2566 1498 lum
2600 1451 2860 1512 praeterea
2896 1444 3083 1513 templi
3124 1460 3155 1499 a
3213 1461 3432 1502 summo
3465 1463 3640 1518 usque
3687 1449 3947 1505 deorsum
3988 1453 4039 1504 in

2456 1537 2591 1591 duas
2623 1547 2806 1606 partes
2831 1536 3059 1594 scissum
3091 1547 3200 1593 est.
3223 1538 3398 1610 Atque
3426 1543 3620 1595 horum
3648 1543 3783 1596 nihil
3815 1545 4041 1597 omnino

2457 1628 2534 1681 illi
2585 1629 2816 1698 improbi
2856 1630 3291 1686 intellexerunt:
3326 1632 3420 1686 sed
3472 1640 3526 1687 et
3574 1632 3626 1685 in
3678 1644 4041 1688 monumento

2453 1720 2656 1788 jacenti
2706 1720 2963 1775 custodes
2997 1732 3397 1791 apposuerunt,
3430 1734 3484 1777 et
3516 1724 3752 1793 lapidem
3784 1727 4041 1795 signave-

2459 1822 2606 1878 runt,
2658 1813 2732 1866 ita
2784 1823 2835 1868 te
2869 1822 3181 1868 retenturos
3233 1815 3506 1870 arbitrati.
3549 1817 3620 1870 At
3653 1827 3709 1870 tu
3739 1859 3754 1880 ,
3790 1820 4038 1881 Domine,

2455 1920 2553 1973 pro
2582 1912 2850 1974 potestate
2878 1909 3097 1977 propria
3127 1908 3476 1963 resurrexisti
3507 1945 3524 1974 ,
3551 1919 3607 1963 et
3651 1909 3898 1964 claustra
3948 1911 4038 1964 illa

2451 2001 2966 2070 transgressoribus
3007 2002 3214 2056 intacta
3249 2004 3568 2072 integraque
3609 2003 3902 2073 reliquisti.
3932 2004 4040 2057 Atl-

2453 2092 2682 2146 veniens
2709 2101 2892 2147 autem
2924 2095 3152 2163 angelus
3189 2095 3427 2164 lapidem
3464 2098 3731 2162 revolvit,
3765 2106 3819 2152 et
3846 2107 4038 2152 custo-

2453 2184 2548 2237 des
2584 2177 2715 2239 illos'
2755 2186 2951 2240 timore
2977 2187 3330 2242 exanimavit.
3379 2188 3492 2243 Nec
3537 2198 3648 2242 tum
3694 2191 3780 2245 vel
3828 2191 4035 2260 aliquid

2454 2277 2760 2348 intelligere
2799 2281 3069 2346 volentes,
3110 2282 3242 2337 caeci
3281 2293 3643 2349 manserunt,
3696 2293 3751 2338 et
3803 2295 4036 2338 mentem

2454 2383 2619 2442 atque
2641 2387 2736 2427 cor
2757 2373 3085 2428 obduratum
3115 2389 3289 2444 usque
3311 2375 3379 2430 ad
3406 2385 3637 2432 mortem
3669 2381 4038 2431 retinuerunt.

2453 2459 2594 2525 Quid
2629 2476 2759 2531 ergo
2791 2478 3045 2531 magnum
3087 2463 3249 2529 facio,
3298 2466 3348 2520 si
3399 2477 3454 2520 et
3500 2481 3601 2535 ego
3655 2467 3767 2521 hzec
3817 2469 4031 2537 patiar,

2452 2567 2572 2621 qua:
2598 2559 2655 2606 tu
2685 2569 2908 2624 quoque
2934 2569 3130 2623 passus
3160 2572 3241 2620 es,
3273 2558 3364 2627 qui
3401 2559 3522 2613 sine
3548 2569 3773 2628 peccato
3808 2577 3956 2624 eras,
3982 2573 4038 2614 ut

2455 2647 2718 2699 mundum
2751 2645 2997 2700 salvares
3029 2665 3042 2700 :
3075 2662 3195 2717 ego,
3232 2650 3476 2717 inquam,
3509 2652 3602 2720 qui
3637 2651 3763 2706 inde
3801 2667 3828 2705 a
3861 2656 4034 2722 primi

2452 2739 2612 2786 aetate
2643 2733 2860 2800 peccavi
2895 2734 3223 2802 plurima,et
3245 2737 3311 2790 ad
3343 2741 3476 2791 iram
3501 2749 3553 2793 te
3586 2740 3750 2795 dictis
3782 2751 3836 2795 et
3866 2742 4022 2795 faetis

2456 2825 2768 2891 provocavi.
2794 2823 2908 2879 Iloc
2933 2826 3066 2878 mihi
3095 2841 3350 2897 magnum
3375 2843 3584 2894 revera,
3609 2840 3661 2884 et
3684 2832 3864 2901 majus
3891 2836 4036 2886 omni

2453 2913 2647 2983 gloria,
2671 2917 2816 2984 quod
2848 2932 2934 2971 me
2967 2919 3288 2988 participem
3321 2919 3452 2975 facit
3486 2921 3670 2991 gloriae
3706 2936 3813 2978 tua:
3843 2926 4030 2979 ineffa-

2456 3003 2608 3071 bilis,
2655 3006 2968 3060 communio
3023 3008 3370 3076 passionum,
3424 3019 3478 3066 et
3531 3014 3760 3069 imitatio
3810 3031 4036 3085 υριιι-ιιιη

2456 3106 2711 3162 tuorum;
2766 3107 2820 3152 et
2869 3099 3154 3156 humilitas
3185 3113 3276 3155 tua
3320 3103 3406 3157 his
3440 3106 3532 3174 qui
3570 3121 3690 3171 eam
3723 3111 4031 3163 consectari

778 3180 1119 3275 bencplacito
1150 3217 1270 3267 suo,
1301 3203 1389 3257 cui
1421 3203 1595 3272 gloria
1619 3242 1635 3267 ,
1668 3212 1722 3256 et
1756 3180 2049 3270 imperium
2074 3240 2091 3267 ,
2121 3215 2267 3255 nunc
2297 3210 2351 3255 et
2379 3195 2424 3259 C
2456 3191 2664 3253 sciunt,
2690 3191 3030 3246 divinitatem
3065 3180 3344 3250 conciliat.
3374 3196 3599 3253 Gratias
3632 3216 3732 3269 ago
3775 3201 3896 3262 tibi,
3935 3202 4040 3255 Do-

777 3313 1013 3368 semper,
1045 3306 1101 3351 et
1143 3294 1356 3350 saeculis
1388 3293 1771 3362 sempiternis.
1805 3293 2002 3348 Amen.

1335 3405 1559 3462 CAPUT
1608 3406 1802 3462 XXIII.

780 3501 1090 3558 Gratiarum
1125 3501 1262 3554 actio
1291 3517 1386 3570 pro
1417 3498 1630 3560 exsilio,
1651 3507 1702 3550 et
1729 3497 2119 3570 afﬂictionibus,
2146 3513 2278 3567 quas
2297 3498 2352 3551 in

1175 3573 1530 3640 persecutione
1573 3586 1670 3621 sua
1700 3569 1938 3637 pertulit.

848 3666 1071 3720 Gratias
1101 3679 1201 3733 ago
1236 3663 1356 3724 tibi,
1389 3661 1637 3726 Domine,
1684 3666 1890 3729 gratias
1938 3675 2039 3729 ago
2087 3660 2181 3712 tibi
2223 3660 2349 3723 soli,

777 3760 1029 3829 cognitor
1085 3756 1357 3817 cordium,
1441 3768 1531 3807 rex
1580 3752 1747 3821 juste,
1809 3752 2350 3817 misericordissime,

779 3850 869 3919 qui
906 3848 958 3900 in
999 3857 1175 3900 terras
1211 3843 1566 3906 descendisti,
1599 3851 1654 3896 et
1678 3856 1900 3895 carnem
1932 3841 2182 3906 induisti,
2211 3843 2353 3894 Deus

781 3955 956 4004 meus,
1004 3949 1058 3991 et
1103 3937 1279 3990 factus
1305 3949 1362 3987 es
1394 3934 1539 4002 quod
1589 3948 1696 3986 non
1743 3947 1890 3996 eras,
1939 3933 2102 3986 homo
2159 3930 2352 3985 similis

778 4032 934 4094 mihi,
961 4031 1077 4082 sine
1109 4027 1438 4082 mutatione.
1466 4024 1586 4078 sine
1618 4025 1786 4087 fluxu,
1820 4033 1874 4077 et
1899 4023 2047 4076 omni
2081 4030 2306 4090 peccato
2336 4035 2350 4073 :

780 4139 837 4181 ut
869 4139 1062 4194 passus
1095 4133 1149 4175 tu
1173 4163 1186 4186 ,
1221 4123 1314 4191 qui
1347 4119 1452 4189 pati
1503 4134 1612 4171 non
1655 4126 1896 4186 poteras,
1935 4115 2137 4183 injuSte
2169 4115 2238 4166 ab
2269 4114 2356 4165 in-

774 4221 937 4289 justis
963 4257 976 4280 ,
1006 4217 1137 4270 mihi
1170 4216 1428 4268 damnato
1467 4211 1806 4264 vacationem
1849 4209 2095 4261 omnium
2141 4207 2355 4276 passio-

779 4328 907 4366 tvum
939 4309 1194 4368 donares,
1219 4306 1348 4360 dum
1380 4305 1624 4356 imitarer
1650 4301 1936 4370 passiones
1967 4309 2112 4355 tuas.
2135 4298 2352 4352 Iustum

779 4407 944 4473 igitur
973 4401 1240 4471 judicium
1293 4407 1484 4460 tuum,
1514 4404 1568 4448 et
1602 4403 1936 4464 praeceptum
1971 4394 2170 4454 simul,
2204 4393 2353 4461 quod

781 4513 880 4552 nos
910 4510 1129 4550 servare
1155 4491 1394 4561 jussisti.
1431 4487 1575 4557 quod
1607 4486 1829 4556 quidem
1867 4495 1952 4540 est
1982 4486 2218 4539 imitatio
2249 4486 2351 4538 hu-

781 4587 1030 4643 militatis
1061 4596 1166 4638 tua:
1197 4601 1211 4637 :
1243 4591 1298 4636 ut
1330 4579 1790 4651 quemadmodum
1823 4589 1880 4632 tu
1912 4592 2109 4645 passus
2138 4593 2221 4642 es,
2254 4578 2351 4647 qui

781 4692 1005 4751 peccato
1041 4677 1288 4741 carebas,
1334 4677 1413 4729 sic
1453 4689 1551 4728 nos
1584 4672 1677 4741 qui
1725 4673 2091 4740 peccavimus,
2126 4669 2358 4726 suffera-

781 4789 903 4826 mus
944 4771 1149 4832 ouuiia,
1200 4781 1325 4837 puta
1374 4767 1728 4828 tentatioues,
1780 4764 2211 4834 persecutiones,
2261 4762 2356 4815 Ila-

778 4867 936 4936 gella,
969 4861 1370 4922 tribulationes,
1399 4868 1453 4911 et
1490 4857 1706 4911 tandem
1729 4857 1901 4925 ipsam
1921 4871 2141 4924 quoque
2165 4870 2352 4909 necem

781 4959 847 5010 ab
891 4956 1154 5024 improbis
1206 4953 1363 5005 nobis
1415 4952 1640 5004 illatam.
1677 4949 1758 5002 'I‘u
1784 4949 1931 5003 enim
1981 4949 2354 5001 daemoniacus

780 5048 1060 5108 audivisti,
1095 5054 1148 5100 et
1193 5046 1450 5098 seductor
1481 5059 1541 5097 es
1573 5042 1809 5105 habitus,
1859 5049 1913 5093 et
1961 5039 2059 5093 Dei
2098 5041 2357 5093 adversa-

783 5141 918 5201 rius,
949 5147 1002 5191 et
1031 5134 1418 5204 praevaricator
1452 5133 1608 5202 legis.
1648 5131 1728 5184 Tu
1758 5142 1816 5184 ut
1840 5130 2184 5184 facinorosus
2209 5145 2357 5183 eom-

781 5230 1110 5300 prehensus,
1170 5225 1394 5293 ligatus,
1455 5233 1508 5276 et
1569 5224 1853 5275 ductuses
1912 5223 2085 5284 solus,
2138 5225 2355 5276 cunctis

781 5319 1081 5390 discipulis,
1111 5325 1164 5372 et
1190 5319 1382 5370 amicis
1406 5325 1458 5370 te
1479 5315 1884 5368 deserentibus.
1911 5311 1994 5365 Tu
2023 5315 2087 5367 ad
2117 5312 2353 5382 judicent

785 5425 844 5470 ut
894 5417 1291 5469 condemnatus
1340 5424 1463 5462 cum
1513 5409 1870 5471 adducerere,
1903 5421 2066 5475 quam
2116 5409 2162 5460 is
2205 5409 2258 5460 in
2306 5419 2356 5461 te

784 5505 1008 5576 protulit
1041 5502 1368 5558 sententiam
1397 5497 1710 5567 suscepisti.
1739 5497 1819 5550 Tu
1872 5500 2112 5560 locutus,
2140 5501 2352 5567 alapam

785 5615 814 5651 a
852 5611 1010 5652 servo
1037 5592 1369 5655 sustinuisti,
1408 5599 1462 5645 et
1509 5601 1714 5652 tacens,
1749 5589 1898 5642 illico
1942 5590 2106 5643 morti
2151 5603 2211 5642 es
2262 5592 2356 5643 ad-

783 5692 963 5745 dictus
1007 5709 1020 5742 :
1065 5703 1189 5740 nam
1250 5684 1414 5738 verba
1466 5693 1558 5734 tua
1620 5682 1794 5734 instar
1846 5681 2009 5750 gladii
2072 5683 2355 5734 sceleratis

782 5792 959 5839 erant.
991 5784 1196 5836 Idcirco
1240 5795 1346 5834 non
1399 5777 1637 5833 ferentes
1681 5779 1784 5846 ipsi
1829 5777 2018 5845 injusti
2087 5786 2138 5832 te
2179 5777 2353 5830 solum

780 5876 984 5944 justum
1023 5874 1240 5936 intueri,
1273 5869 1604 5940 turpissima:
1627 5870 1744 5925 neci
1771 5878 1822 5924 te
1844 5867 2187 5925 dediderunt.
2220 5868 2354 5924 lliuc

2383 4532 2430 4588 D

2455 3283 2626 3348 mine,
2659 3297 2787 3336 cum
2813 3283 3014 3351 injuste
3043 3287 3239 3353 patior.
3262 3286 3399 3341 Cum
3429 3291 3793 3360 autemjuste,
3826 3294 3877 3346 id
3904 3296 4035 3347 mihi

2455 3377 2510 3430 in
2556 3377 3062 3447 compensationem
3129 3391 3508 3448 peccatorum,
3561 3392 3614 3437 et
3655 3388 4035 3454 purgationem

2453 3467 2938 3524 innumerabilium
2969 3470 3297 3525 delictorum
3351 3489 3598 3528 meorum
3633 3487 3773 3531 esto.
3814 3479 4036 3544 Quies-ri,

2456 3562 2708 3627 Domine,
2741 3580 2807 3618 ne
2851 3566 2986 3618 mihi
3030 3581 3267 3635 unquam
3299 3568 3514 3623 labores
3550 3581 3642 3624 aut
3675 3577 4034 3638 tcntationcs,

2455 3663 2547 3707 aut
2568 3653 2890 3708 afﬂictione:
2913 3670 3077 3723 supra
3107 3658 3250 3710 vires
3274 3657 3452 3712 invehi
3486 3660 3660 3725 siuas;
3687 3661 3780 3714 sed
3810 3664 4036 3724 exitum.

2455 3754 2508 3799 et
2536 3747 2601 3798 ad
2628 3747 3010 3800 sustinendum
3059 3749 3226 3801 robur
3269 3749 3401 3802 mihi
3448 3766 3664 3819 semper
3717 3752 4027 3821 impertias.

2457 3835 2538 3891 Tu
2566 3839 2714 3892 enim
2745 3853 2804 3893 es
2832 3839 3098 3893 bonorum
3134 3840 3359 3909 largitor
3393 3842 3461 3896 ab
3494 3842 3669 3903 initio.
3709 3844 3793 3898 his
3818 3848 3910 3913 qui
3946 3861 4040 3915 po-

2456 3930 2639 3983 tentia:
2689 3941 2794 3983 tuae
2838 3947 2905 3984 ex
2957 3933 3143 3985 animo
3204 3931 3481 4002 supplices
3525 3934 3752 3998 cadunt,
3804 3951 4040 4005 erugaus

2456 4019 2602 4084 ﬁdei,
2636 4037 2994 4091 operumque,
3021 4032 3073 4076 et
3101 4023 3256 4078 bona:
3285 4026 3400 4093 spei
3425 4026 3782 4089 charismata,
3818 4039 3870 4082 et
3893 4030 4037 4082 dona

2455 4115 2639 4166 omnia
2694 4114 2863 4167 divini
2916 4114 3290 4186 adorandique
3343 4116 3580 4186 Spiritus
3624 4119 3726 4183 tui,
3785 4135 3933 4174 nunc
3984 4133 4040 4174 et

2457 4227 2695 4282 semper,
2727 4221 2780 4267 et
2809 4213 2864 4266 in
2896 4214 3096 4268 sarcula
3130 4214 3482 4268 saeculorum.
3517 4216 3711 4269 Amen.

3012 4303 3238 4358 CAPUT
3283 4304 3476 4357 XXIV.

2457 4397 2693 4464 Supplex
2723 4395 2792 4449 ad
2821 4395 2987 4449 Deum
3038 4395 3275 4464 precatio
3311 4412 3406 4463 pro
3440 4397 3640 4449 auxilio
3674 4399 4035 4463 impetrando.

2532 4488 2759 4541 Domine
2803 4485 2932 4540 Jesu
2965 4486 3198 4548 Christe,
3236 4485 3467 4541 Domine
3507 4486 3763 4542 Salvator
3815 4492 4035 4544 anima-

2459 4594 2601 4642 rum,
2639 4592 2672 4632 ο
2702 4577 2865 4640 Deus,
2907 4576 3133 4630 Domine
3165 4578 3433 4631 virtutum
3465 4579 3712 4634 omnium
3759 4596 3880 4649 quae
3929 4585 4031 4634 sub

2458 4678 2737 4739 aspectum
2780 4669 3167 4736 subjiciuntur,
3220 4677 3274 4724 et
3325 4685 3448 4740 quae
3494 4686 3603 4724 non
3647 4672 4036 4740 subjiciuntur.

2459 4771 2646 4830 utpote
2673 4762 2928 4816 conditor
2963 4762 3208 4816 omnium
3259 4777 3382 4830 quae
3440 4764 3492 4814 in
3547 4763 3708 4827 caelo,
3763 4775 3818 4816 et
3871 4781 4035 4835 supra

2458 4856 2630 4909 cmlos
2680 4865 2827 4914 sunt.
2867 4854 2990 4908 caeli
3037 4856 3410 4923 ccelorumque
3461 4858 3732 4918 omnium,
3780 4857 4059 4910 similiter.

2459 4948 2704 4999 omnium
2739 4961 2864 5013 qua:
2919 4946 2971 4997 in
3026 4956 3191 5008 terra,
3246 4955 3299 4998 et
3341 4948 3443 4998 sub
3492 4955 3634 4999 terra
3683 4960 3834 5000 sunt.
3863 4945 3941 4999 Tu
3977 4964 4038 5002 es

2463 5038 2625 5097 Deus,
2652 5045 2704 5089 et
2757 5034 3073 5089 Dominator
3110 5033 3392 5089 Dominus.
3432 5034 3511 5088 Tu
3547 5052 3710 5088 manu
3747 5047 3837 5090 tua
3877 5053 4034 5091 crea-

2460 5140 2637 5182 turam
2669 5143 2886 5182 omnem
2934 5127 3243 5188 concludis,
3293 5128 3550 5196 quoniam
3602 5129 3716 5196 ipsa
3785 5131 4038 5184 contines

2461 5222 2738 5274 universa.
2776 5220 2968 5273 Manus
3003 5228 3117 5284 tua,
3151 5220 3402 5284 Domine,
3455 5233 3542 5274 est
3586 5222 3675 5273 illa
3710 5237 3911 5291 magna
3944 5239 4038 5291 po-

2459 5320 2652 5376 testas,
2687 5327 2809 5381 quaa
2838 5309 3020 5365 Patris
3049 5313 3387 5366 voluntatem
3422 5312 3677 5382 impletis,
3712 5312 4036 5377 fabricatur,

2460 5413 2739 5473 Operatur,
2775 5411 2946 5464 creat,
2984 5410 3038 5456 et
3091 5402 3442 5455 administrat
3477 5417 3562 5456 res
3595 5414 3821 5457 nostras
3872 5407 4034 5458 modo

2463 5496 2844 5551 inenarrabili.
2897 5495 3014 5564 Ipsa
3055 5495 3222 5563 igitur
3253 5504 3306 5550 et
3339 5509 3486 5547 nunc
3537 5511 3620 5548 me
3669 5497 3948 5564 produxit,
3987 5511 4038 5550 et

2461 5607 2584 5646 cum
2620 5605 2728 5645 non
2766 5604 2943 5644 essem
2972 5628 2988 5654 ,
3019 5588 3148 5643 fecit
3181 5598 3240 5642 ut
3277 5604 3478 5644 essem.
3520 5587 3623 5653 Qui
3667 5591 3832 5644 etiam
3879 5601 4036 5644 natus

2470 5684 2543 5737 ita
2578 5699 2727 5737 erant
2767 5683 2820 5737 in
2853 5684 2956 5737 hoc
2990 5683 3214 5748 mundo,
3249 5693 3307 5736 ut
3343 5683 3656 5753 ignorarem
3694 5695 3746 5737 tc
3777 5685 4038 5738 omnimo-

2461 5776 2565 5839 dis,
2600 5775 2803 5828 bonum
2836 5774 3120 5827 Dominum
3150 5812 3165 5837 ,
3199 5785 3501 5829 creatorem
3531 5789 3712 5828 meum
3743 5817 3757 5837 ,
3789 5778 4035 5843 opilicmn

2467 5885 2664 5932 meum,
2695 5880 2743 5923 ct
2800 5871 2972 5924 instar
3015 5868 3142 5923 ςαξςί
3190 5882 3361 5932 eram,
3414 5874 3466 5922 et
3505 5868 3648 5939 velut
3694 5869 3877 5932 ἄθεος,
3917 5883 4035 5922 cum
