4170 6452
141 422 241 482 561

1186 413 1632 478 DIVINORUM
1669 411 2006 473 ASIORUM
2038 415 2291 477 LIBER.

3298 412 3402 475 562

140 547 245 583 non
290 544 508 585 nossem
547 529 715 584 Deum
749 545 951 586 meum.
981 530 1059 585 Tu
1092 531 1276 601 itaque
1319 531 1573 584 misertus
1607 525 1709 579 mei
1745 523 1782 579 Α
1814 534 2035 586 omnino
2076 531 2438 595 inaccessum,
2475 531 2697 587 omnino
2724 528 3279 598 incircumscriptum,
3312 538 3397 582 to-

136 624 402 686 visitasti,
427 629 482 676 et
511 625 836 679 convertisti
887 640 973 678 me
995 666 1009 688 ,
1042 639 1166 679 cum
1219 625 1273 677 in
1312 623 1552 677 tenebris
1585 620 1714 674 mihi

138 713 441 778 illuxisses,
484 723 537 768 et
571 716 784 771 traxisti
819 731 904 771 me
933 716 1000 770 ad
1035 725 1087 770 te
1115 717 1318 786 ipsum,
1354 716 1664 782 eductoque
1687 727 1717 765 e

142 806 296 859 fovea
335 807 784 876 prol'undissima,
813 817 864 863 et
894 808 1137 862 tenebris
1175 809 1457 869 vitiorum,
1507 821 1536 860 e
1570 814 1720 859 tene-

143 889 260 952 bris
299 899 588 954 altissimis
625 899 1206 969 concupiscentiarum
1275 907 1329 954 et
1375 900 1716 968 voluptatum

143 991 306 1057 hujus
345 991 467 1044 vita:
490 1029 506 1054 ,
543 991 830 1046 ostendisti
878 992 1043 1057 viam,
1077 1001 1130 1046 et
1163 991 1462 1045 attribuisti
1522 991 1717 1044 ducem

143 1082 303 1145 mihi,
334 1083 428 1150 qui
461 1096 546 1135 me
573 1082 637 1135 ad
669 1083 922 1138 mandata
956 1091 1049 1137 tua
1078 1081 1347 1137 servanda
1377 1083 1716 1151 perduceret,

141 1188 303 1240 quem
337 1188 594 1242 sequens,
620 1174 834 1229 solutus
874 1191 1003 1229 cura
1035 1173 1278 1228 vivebam
1315 1188 1550 1242 semper,
1584 1187 1720 1240 gau-

141 1266 452 1334 debamque
491 1266 751 1334 gaudium
786 1266 1188 1335 inexplicabile,
1213 1265 1406 1318 videns
1443 1265 1593 1317 illum
1628 1271 1720 1316 tua

141 1365 559 1413 censet-tantem
592 1358 842 1425 vestigia,
868 1369 922 1414 et
951 1368 1128 1413 tecum
1161 1358 1563 1428 colloquentem
1608 1371 1724 1411 sae-

143 1450 287 1517 pius.
318 1447 464 1515 Quin
493 1450 658 1503 etiam
693 1450 906 1514 videns,
955 1460 1007 1505 te
1059 1450 1206 1520 pium
1253 1449 1545 1504 Dominum
1594 1462 1720 1503 cum

143 1542 306 1608 duce,
323 1550 380 1596 et
402 1541 565 1596 Patre
588 1557 710 1598 meo
733 1542 1006 1612 spirituali
1031 1551 1341 1597 versantem
1372 1541 1722 1602 familiarius.

142 1635 494 1696 immensum,
534 1649 810 1704 supraque
843 1634 1002 1689 ﬁdem
1033 1643 1089 1688 et
1122 1648 1276 1703 spem
1307 1632 1536 1702 concepi
1565 1645 1723 1685 amo-

143 1738 258 1778 rem
283 1740 346 1778 ac
371 1724 702 1780 desiderium
729 1728 830 1790 tui;
855 1723 1510 1794 dicebamque,Enl’utura
1543 1722 1725 1783 video,

143 1823 195 1866 et
221 1829 450 1882 regnum
483 1815 750 1871 caelorum
780 1815 958 1878 adest,
985 1823 1036 1869 et
1071 1815 1210 1869 bona
1252 1827 1371 1883 quae
1396 1811 1593 1867 oculus
1616 1825 1722 1864 non

1826 632 1939 676 tum
1979 623 2425 694 impalpabilem?
2449 623 2506 677 In
2544 621 2924 678 materialibus
2955 619 3395 684 immaterialem,

1827 717 1879 769 in
1916 716 2366 784 corruptibilibus
2395 714 2894 784 incorruptibilem,
2923 713 2976 766 in
3012 711 3280 766 creaturis
3315 712 3398 765 in-

1827 820 2094 877 creatum,
2153 811 2241 866 dic
2295 810 2425 863 mihi
2478 825 2588 878 quo
2634 818 2792 879 pacto
2838 805 3141 874 reperiam?
3185 804 3287 870 Qui
3342 805 3398 859 in

1829 901 2036 955 mundo
2078 917 2236 962 sum,
2294 900 2572 969 quomodo
2620 907 2772 952 extra
2818 898 3078 951 mundum
3120 896 3259 951 ero?
3294 894 3396 961 Qui

1829 996 2073 1047 materitc
2119 993 2433 1061 implicatus
2468 1008 2588 1046 sum
2615 1033 2630 1055 ,
2668 992 2944 1062 quomodo
2977 1005 3103 1044 cum
3144 990 3397 1043 immate-

1831 1088 1952 1140 riali
1991 1086 2395 1140 consociabor?
2422 1084 2525 1151 Qui
2581 1095 2727 1139 totus
2773 1099 2891 1137 sum
2923 1082 3263 1151 corruptioni
3303 1081 3403 1134 ob-

1832 1179 2055 1238 noxius.
2092 1178 2365 1245 quomodo
2401 1193 2523 1231 cum
2556 1177 2813 1230 interitus
2845 1175 3021 1230 omnis
3051 1181 3274 1243 experte
3305 1172 3401 1226 de-

1831 1269 2073 1323 vinciar?
2107 1267 2208 1335 Qui
2246 1283 2366 1323 sum
2401 1267 2455 1321 in
2493 1275 2684 1330 morte,
2720 1265 2998 1334 quomodo
3020 1264 3239 1320 tandem
3277 1263 3399 1317 vitae

1830 1360 2321 1432 apprOpinquabo?
2357 1359 2468 1429 Ego
2498 1368 2765 1421 mortuus,
2802 1356 3078 1426 quomodo
3110 1353 3402 1409 immortali

1833 1453 2055 1524 propior
2106 1452 2268 1505 liam?
2310 1451 2413 1518 Qui
2458 1458 2603 1504 totus
2659 1466 2776 1504 sum
2839 1450 3023 1505 fenum
3055 1488 3068 1511 ,
3126 1447 3403 1518 quomodo

1831 1547 2011 1616 ignem
2046 1553 2270 1615 tangere
2299 1544 2543 1599 audebo?
2569 1542 2956 1597 Verumtamen
2997 1557 3144 1596 nunc
3173 1555 3401 1594 arcanu-

1832 1655 1952 1694 rum
1989 1637 2402 1693 dissolutionem
2437 1637 2586 1691 audi.

1904 1728 2227 1798 Priusquam
2287 1726 2494 1782 cmlum'
2540 1735 2594 1782 et
2635 1736 2778 1782 terra
2827 1725 3213 1789 conderentur,
3262 1719 3404 1776 Deus

1832 1833 1951 1878 erat
1981 1821 2252 1885 Trinitas,
2284 1820 2435 1875 solus
2464 1819 2584 1875 sine
2619 1821 2791 1882 socio,
2826 1817 2920 1872 lux
2954 1812 3074 1873 sine
3111 1814 3402 1886 principio,

143 1906 298 1968 νξδίιι
325 1907 477 1960 δυτίε
515 1921 622 1960 “0"
650 1906 857 1961 θυάίνίι
885 1907 950 1972 ’⁸ο
989 1920 1176 1961 coram
1208 1905 1439 1976 ³³1³Ῐείον
1492 1905 1725 1975 ipsaque
1757 1881 1796 1936 Β
1828 1917 1917 1970 lux
1952 1915 2194 1970 increata
2217 1953 2232 1978 ,
2264 1914 2356 1968 lux
2391 1912 2610 1984 penitus
2656 1910 2968 1976 ineﬂ'abilis,
3023 1881 3166 1964 Deus
3207 1881 3366 1963 verus
3387 1947 3405 1971 ,

144 1999 360 2064 habeo;
399 2008 453 2053 et
480 1999 612 2068 quid
647 2001 879 2067 amplius
909 1999 1106 2067 spero?
1132 2010 1226 2054 aut
1265 1998 1425 2055 [idem
1463 2013 1640 2054 meam
1670 1998 1723 2052 in

145 2093 348 2162 quibus
397 2092 520 2147 aliis
553 2093 982 2148 demonstrabo?
1011 2093 1159 2148 aliud
1193 2093 1397 2163 quippe
1427 2091 1606 2162 majus
1641 2091 1726 2146 his

146 2202 254 2239 non
290 2185 414 2240 erit.
440 2185 578 2241 Cum
615 2186 669 2240 in
706 2186 791 2242 his
821 2200 1024 2251 essem,
1066 2193 1122 2240 et
1150 2185 1205 2239 in
1242 2185 1329 2240 his
1366 2184 1592 2240 delicias
1625 2185 1726 2237 ba-

146 2279 330 2332 berem
362 2293 534 2344 meas,
561 2294 590 2334 e
622 2279 784 2333 terris
819 2278 1088 2334 sustulisti
1110 2269 1316 2348 patrem
1352 2292 1571 2340 meum;
1599 2278 1726 2332 abs-

146 2370 322 2424 tulisti
347 2371 543 2425 ducem
571 2387 748 2426 meum
782 2371 848 2425 ab
873 2371 1050 2426 oculis
1082 2371 1238 2436 meis,
1269 2379 1324 2426 et
1345 2369 1614 2441 reliquisti
1643 2386 1729 2426 me

146 2465 350 2528 solum,
389 2463 546 2533 plane
582 2465 913 2532 orphanum,
950 2465 1109 2534 plane
1152 2463 1457 2527 desertum,
1485 2473 1540 2518 et
1573 2463 1726 2518 omni

149 2570 383 2622 prorsus
415 2556 619 2610 auxilio
639 2555 960 2611 destitutum
994 2571 1008 2610 :
1043 2568 1098 2612 et
1119 2557 1222 2611 heu
1248 2571 1356 2623 me,
1387 2557 1565 2626 gregis
1591 2570 1728 2624 prte-

151 2649 354 2702 t'ectum
389 2663 452 2704 ac
485 2656 786 2719 pastorem,
821 2665 907 2704 me
948 2660 1159 2705 rectore
1187 2663 1251 2704 ac
1281 2656 1460 2704 tutore
1491 2664 1620 2704 vere
1649 2650 1731 2704 vi-

148 2743 398 2803 duatum.
433 2743 800 2813 peregrinum,
831 2744 976 2812 quod
1017 2743 1135 2812 ipse
1167 2742 1316 2798 nosti
1345 2741 1555 2812 judicio
1582 2757 1721 2797 con-

149 2835 402 2889 stituisti.
453 2834 640 2901 Quare
692 2843 744 2890 te
795 2837 956 2889 modo
1009 2835 1332 2905 suppliciter
1372 2851 1526 2905 rogo,
1559 2836 1625 2888 ad
1677 2844 1728 2891 te

151 2940 364 2993 pronus
398 2926 607 2990 clamo,
644 2940 712 2981 ne
751 2927 1059 2981 adverseris
1086 2968 1102 2992 ,
1135 2941 1314 2994 neque
1353 2925 1728 2996 derelinquas,

149 3027 242 3070 aut
275 3018 499 3072 deseras
540 3033 626 3072 me
655 3019 867 3083 solum,
903 3017 1154 3073 Domine.
1207 3017 1362 3072 Nosti
1399 3018 1540 3072 viam
1575 3029 1725 3072 tran-

150 3111 257 3163 situ
289 3109 603 3175 difﬁcilem;
647 3113 790 3165 nosti
836 3110 1110 3164 latronum
1149 3109 1311 3166 nobis
1352 3109 1727 3164 insidiantium

1829 2009 1978 2066 solus
2007 2007 2451 2072 interminabilis,
2474 2012 2794 2075 perpetuus,
2821 2003 3210 2073 sempiternus,
3242 2002 3402 2069 longe

1825 2104 2089 2172 Optimus.
2123 2099 2291 2157 Recte
2326 2100 2568 2167 intellige
2603 2099 2770 2152 Deum
2805 2097 3004 2158 solum,
3037 2095 3088 2150 in
3123 2092 3396 2164 principio

1828 2193 2153 2248 Trinitatem
2177 2191 2466 2263 plusquam
2500 2192 2620 2246 sine
2644 2190 2930 2259 principio,
2962 2196 3014 2243 et
3039 2203 3205 2258 super
3225 2201 3392 2241 omne

1829 2285 2184 2356 principium,
2213 2299 2377 2354 quam
2411 2298 2570 2338 nemo
2604 2281 2888 2351 imaginari
2919 2323 2933 2344 ,
2971 2281 3129 2349 cujus
3157 2278 3402 2333 altitudi-

1831 2394 1974 2445 nem,
2011 2377 2464 2448 prol'unditatem,
2500 2374 2840 2428 latitudinem
2893 2373 3072 2426 metiri
3118 2386 3276 2426 nemo
3303 2385 3403 2441 po-

1829 2481 1959 2534 test,
1995 2487 2225 2541 quaeque
2259 2467 2676 2538 magnitudinis,
2704 2478 2756 2520 et
2793 2464 2932 2520 lucis
2969 2465 3154 2529 tinctu,
3187 2477 3249 2518 ac
3283 2477 3402 2517 mo-

1829 2564 1958 2619 dum
1990 2563 2197 2617 nullum
2227 2560 2404 2614 habet.
2433 2558 2548 2613 Non
2567 2565 2682 2612 erat
2713 2571 2804 2612 aer
2828 2566 2886 2611 ut
2911 2572 3078 2618 nunc,
3105 2572 3214 2610 non
3244 2561 3400 2609 erant

1832 2658 2067 2716 tenebrae
2101 2658 2260 2722 ullae,
2303 2670 2408 2708 non
2455 2653 2660 2714 lumen,
2715 2668 2820 2707 non
2849 2667 3012 2720 aqua,
3057 2667 3166 2706 non
3210 2649 3398 2712 :ether,

1831 2767 1940 2806 non
1965 2751 2110 2804 aliud
2131 2765 2312 2803 rerum
2338 2749 2660 2819 quidquam.
2692 2745 2819 2799 Erat
2847 2755 3025 2798 autem
3060 2743 3212 2798 solus
3238 2741 3400 2806 Dens,

1833 2845 2057 2915 spiritus
2083 2842 2476 2907 lucidissimus,
2511 2840 2879 2904 omnipatcns,
2921 2847 2972 2890 et
3006 2835 3153 2890 oumi
3186 2848 3404 2888 concre-

1833 2940 1983 2992 tione
2013 2938 2169 2991 liber.
2202 2937 2252 2991 ls
2284 2936 2541 3005 Angelos,
2584 2933 2957 3001 Principatus,
2991 2938 3046 2982 et
3073 2927 3403 2990 Potestates,

1833 3030 2163 3094 Chernhim,
2205 3039 2258 3083 et
2310 3025 2620 3096 Seraphim,
2650 3023 3090 3082 Dominationes,
3123 3018 3403 3081 Thronos,

1832 3132 1885 3178 et
1916 3123 2036 3178 sine
2068 3122 2289 3176 nomine
2351 3119 2591 3182 ordines,
2623 3131 2746 3172 cum
2785 3116 2979 3169 timore
3009 3122 3061 3169 et
3089 3120 3326 3168 tremore
3356 3111 3404 3165 ei

151 3202 460 3268 insaniam;
495 3204 637 3257 nosti
675 3203 936 3257 malarum
967 3203 1266 3258 bestiarum
1301 3203 1725 3270 multitudinem;

1835 3217 2160 3272 assistentes
2196 3229 2259 3268 ac
2296 3213 2667 3267 ministrantes
2700 3201 2923 3264 ereavit.
2971 3206 3162 3261 Postea
3203 3205 3402 3260 cmlum

154 3295 301 3348 nosti
335 3295 762 3350 imbecillitatem
794 3311 970 3350 meam
1005 3305 1058 3351 et
1088 3297 1451 3367 ignorantiam
1483 3338 1497 3361 ,
1533 3313 1638 3366 qua
1672 3305 1730 3351 ut

154 3389 318 3440 homo
344 3396 555 3442 teneor.
584 3386 966 3443 Verumtamen
997 3388 1156 3457 plane
1194 3403 1280 3443 me
1315 3388 1587 3444 hominem
1620 3404 1728 3443 non

154 3489 305 3546 puto,
343 3480 438 3533 sed
480 3481 639 3550 longe
665 3479 805 3534 infra
845 3479 1118 3534 homines.
1169 3479 1380 3549 Quippe
1429 3480 1728 3536 secundum

153 3574 338 3626 omnia
372 3572 616 3626 omnium
676 3582 1008 3640 postremus,
1058 3582 1112 3627 et
1166 3574 1425 3626 minimus
1484 3574 1730 3628 omnin

155 3664 444 3718 hominum
488 3678 632 3719 sum.
663 3664 846 3720 Prmbe
897 3665 1052 3731 mihi,
1088 3681 1204 3730 rex,
1253 3673 1306 3721 et
1349 3664 1490 3720 Deus
1541 3681 1730 3731 meus,

155 3773 367 3827 quaeso.
387 3773 640 3826 magnam
666 3759 1097 3813 misericordiam
1123 3767 1291 3823 tuam,
1317 3773 1438 3827 quae
1465 3759 1730 3825 defectus,

157 3861 207 3906 et
253 3851 616 3920 negligentias
659 3865 809 3906 meas
841 3851 1113 3920 suppleat,
1151 3860 1208 3906 et
1255 3852 1528 3906 hominem
1561 3860 1732 3906 totum

159 3945 488 4011 perfectum,
525 3950 578 3995 et
627 3943 919 4012 integrum,
955 3943 1130 4009 nullo,
1163 3943 1310 4013 quod
1360 3945 1732 4000 necessarium

159 4036 245 4101 sit,
271 4041 522 4103 egentem
553 4031 784 4098 alliciat;
818 4044 873 4086 et
921 4032 995 4086 ita
1047 4049 1130 4088 me
1166 4048 1348 4089 coram
1408 4043 1460 4089 te
1511 4049 1729 4090 servum

157 4139 310 4181 tuum
345 4126 742 4193 indemnatum,
779 4127 914 4182 nulli
952 4129 1365 4197 reprehensioni
1398 4129 1638 4193 amnem,
1677 4140 1731 4186 et

161 4219 349 4273 laudes
383 4229 504 4271 tuas
534 4218 917 4285 praedicantem
951 4228 1154 4275 statuat
1185 4222 1235 4274 in
1272 4223 1470 4278 szecula
1505 4224 1731 4279 smculo-

163 4329 300 4368 rum.
339 4311 538 4366 Amen.

734 4425 958 4482 CAPUT
1009 4426 1170 4480 Χχν.

165 4547 424 4612 Quadam
457 4543 765 4612 theologica.
812 4542 1039 4596 Mentem
1080 4560 1112 4596 a
1156 4544 1407 4596 sordibus
1439 4548 1731 4601 motionum

225 4634 348 4671 cum
382 4617 588 4668 ratione
627 4615 974 4682 pugnantium
1008 4622 1353 4681 expurgatam
1381 4652 1396 4674 ,
1442 4613 1603 4669 Deum
1648 4619 1734 4670 in-

225 4688 492 4741 uisibilem
513 4725 529 4750 ,
564 4693 612 4737 et
642 4701 672 4736 a
702 4685 1030 4737 concretione
1058 4684 1294 4736 materia:
1331 4683 1552 4739 liberum
1585 4690 1730 4756 aspi-

225 4775 367 4814 cere.

225 4875 404 4941 Quam
435 4872 577 4924 viam
611 4867 907 4932 ambulem,
934 4882 1094 4936 quam
1125 4867 1377 4921 semitam
1411 4868 1680 4924 declinem
1711 4910 1726 4935 ,

165 4981 325 5035 quam
365 4963 646 5033 ingrediar
696 4967 934 5029 portam,
977 4974 1139 5027 quam
1192 4961 1431 5028 aperiam
1467 4961 1689 5027 januam
1719 5001 1732 5026 ,

167 5058 303 5109 intra
335 5053 482 5122 quod
513 5049 854 5112 cubiculum,
885 5049 1028 5102 intra
1057 5063 1243 5117 quam,
1273 5059 1366 5101 aut
1394 5050 1608 5118 qualem
1639 5053 1736 5105 do-

171 5161 314 5200 mum
373 5145 675 5205 inveniam,
731 5142 827 5211 qui
883 5157 1047 5196 manu
1101 5157 1200 5196 sua
1255 5151 1401 5197 tenet
1451 5145 1740 5213 universal

169 5236 336 5302 Quem
370 5241 611 5288 montem
657 5233 1019 5287 conscendam
1047 5274 1060 5298 ,
1087 5250 1152 5288 ex
1181 5251 1286 5304 qua
1321 5247 1487 5304 parte,
1517 5245 1570 5291 et
1594 5235 1740 5305 quod

168 5339 388 5384 antrum
423 5327 554 5381 illuc
583 5327 918 5396 contingam,
950 5334 1041 5380 aut
1071 5342 1232 5396 quem
1269 5328 1520 5396 paludem
1551 5344 1741 5398 perva-

167 5423 323 5478 dens.
352 5420 555 5487 nbique
583 5430 928 5488 praesentem,
961 5429 1014 5472 et
1047 5419 1586 5488 incomprehensum,
1619 5422 1738 5476 ina-

168 5509 628 5579 spectabilemque
649 5509 849 5569 videre,
881 5508 1065 5572 miser,
1099 5518 1153 5563 et
1181 5510 1433 5564 obtinere
1467 5513 1740 5566 merebor?

170 5603 224 5657 ln
275 5617 443 5672 quem
490 5601 764 5654 infernum
814 5600 1143 5655 descendam
1173 5640 1188 5663 ,
1247 5603 1297 5656 in
1350 5603 1493 5670 quod
1540 5605 1736 5659 cmlum

171 5694 485 5759 ascendam,
511 5703 565 5748 et
589 5693 746 5764 cujus
774 5693 942 5748 maris
977 5692 1109 5748 lines
1141 5703 1342 5765 petam,
1372 5707 1430 5751 ut
1466 5697 1736 5751 inveniam

241 5881 284 5910 ³⁵
313 5879 329 5934 l
357 5877 487 5933 Cor.
511 5893 572 5941 tt,
605 5876 658 5930 9.

1834 3318 1892 3366 ut
1927 3323 2222 3373 cameram,
2263 3321 2525 3375 corporea
2560 3312 2752 3359 natura
2785 3309 3076 3364 constans,
3117 3297 3400 3359 sensibile,

1835 3417 2108 3464 crassum,
2139 3407 2193 3455 et
2228 3396 2560 3468 aspectabile
2596 3393 2873 3465 produxit,
2909 3400 2962 3447 et
2998 3400 3057 3445 ut
3103 3390 3219 3459 ipse
3256 3389 3406 3442 solus

1836 3497 2007 3559 norit,
2071 3495 2124 3548 in
2172 3493 2284 3548 ictu
2336 3491 2480 3546 oculi
2534 3487 2797 3550 extendit,
2845 3484 3116 3553 simulque
3163 3493 3361 3538 terram
3391 3520 3405 3543 ,

1835 3603 2027 3655 aquas,
2058 3595 2109 3640 et
2148 3600 2337 3641 omnes
2377 3584 2604 3653 abyssos
2638 3581 2692 3634 in
2739 3578 2918 3633 medio
2954 3575 3240 3646 complexu
3289 3572 3407 3642 ejus

1837 3681 1952 3736 sola
2000 3678 2282 3734 voluntate
2334 3676 2464 3730 talia
2508 3674 2659 3736 fecit,
2691 3671 2872 3741 qualia
2930 3683 3076 3723 nunc
3125 3667 3404 3728 videmus;

1837 3772 2145 3840 mansitque
2182 3769 2234 3823 in
2265 3766 2350 3822 his
2384 3767 2565 3819 lumen
2596 3762 2726 3817 illud
2761 3760 3144 3823 immateriale,
3183 3759 3317 3813 nihil
3344 3774 3408 3811 ex

1837 3866 1921 3920 his
1974 3861 2330 3932 participans.
2369 3857 2582 3912 Caelum
2618 3863 2930 3914 extensum,
2964 3860 3018 3907 et
3057 3850 3241 3906 sensui
3277 3850 3407 3905 sub-

1832 3959 2057 4028 jertum,
2092 3965 2145 4010 ut
2175 3954 2309 4016 dixi,
2342 3967 2372 4007 a
2402 3951 2607 4006 lumine
2638 3945 2984 4003 immateriali
3010 3960 3116 4000 non
3138 3944 3408 3999 scintillas

1838 4051 2050 4120 aliquas
2081 4046 2343 4103 excussit.
2392 4043 2524 4098 Nam
2559 4057 2681 4097 cum
2707 4041 2760 4094 in
2799 4040 2864 4094 iis
2892 4040 2981 4101 sit,
3015 4052 3136 4108 qua:
3181 4037 3411 4090 materia

1839 4149 2112 4204 constant,
2138 4145 2316 4192 tamen
2347 4143 2497 4188 extra
2529 4147 2589 4188 ea
2617 4133 2863 4191 omnino,
2890 4144 2995 4183 non
3020 4129 3237 4198 quidem
3266 4126 3407 4189 loco,

1840 4234 1936 4289 sed
1983 4238 2175 4285 natura
2211 4236 2264 4283 et
2297 4225 2532 4281 essentia
2565 4231 2683 4285 est,
2729 4238 2759 4276 a
2809 4219 3190 4275 materialibus
3223 4218 3369 4272 enim
3394 4257 3410 4282 ,

1840 4324 1933 4393 qui
1969 4318 2285 4388 longissime
2320 4316 2472 4368 abest
2503 4329 2530 4366 a
2565 4312 2813 4372 materia,
2842 4319 3148 4380 separatur,
3177 4323 3283 4362 non
3311 4307 3408 4360 ha-

1842 4414 1974 4466 bens
2005 4409 2183 4462 locum
2213 4405 2312 4460 sibi
2351 4404 2652 4474 proprium,
2683 4399 3123 4471 quandoquidem
3154 4413 3262 4452 non
3307 4398 3412 4452 cir-

1844 4500 2253 4557 cumscribitur.
2283 4495 2397 4564 Ipse
2428 4494 2593 4548 verbo
2622 4493 2803 4548 omnia
2840 4491 2893 4545 in
2920 4491 3101 4560 seipso
3135 4489 3408 4559 producit,

1838 4601 1891 4649 et
1921 4599 2118 4646 natura
2160 4604 2188 4643 a
2227 4587 2427 4642 creatis
2461 4584 2718 4639 omnibus
2749 4583 3054 4650 seiunctus,
3096 4590 3150 4634 et
3188 4591 3413 4651 portans

1837 4684 2017 4740 omnia
2051 4683 2104 4737 in
2139 4682 2339 4750 seipse,
2376 4687 2532 4733 extra
2567 4676 2749 4730 omnia
2792 4681 2897 4728 est.
2931 4672 3407 4739 Quemadmodum

1839 4776 1985 4831 enim
2014 4783 2277 4836 mentem,
2324 4781 2377 4826 et
2413 4770 2664 4840 angelum
2696 4767 2860 4828 muri,
2888 4773 2941 4819 et
2971 4766 3151 4836 ianua:
3183 4765 3250 4818 ab
3282 4765 3412 4818 tedi-

1842 4869 1944 4923 bus
1977 4883 2084 4921 non
2135 4873 2346 4926 arcent,
2391 4877 2489 4916 nec
2541 4862 2689 4915 intus
2736 4859 2985 4915 detinent
3031 4875 3044 4912 :
3086 4859 3165 4913 sic
3208 4859 3403 4914 horum

1846 4960 2028 5030 opifex
2069 4957 2215 5012 neuti
2239 4971 2383 5026 luam
2416 4962 2568 5008 extra
2594 4994 2608 5016 ,
2644 4967 2742 5006 nec
2777 4953 2918 5006 intra
2951 4950 3149 5005 cmlum
3178 4989 3192 5014 ,
3230 4965 3327 5003 nec
3359 4951 3412 5003 in

1845 5056 1952 5108 alio
1987 5051 2127 5116 loco,
2158 5049 2251 5103 sed
2281 5046 2505 5101 omnino
2552 5045 2750 5114 ubique
2782 5043 2923 5098 Deus
2959 5051 3065 5107 est,
3098 5051 3416 5112 segregatus

1844 5146 1915 5199 ab
1955 5142 2214 5199 omnibus
2262 5153 2386 5193 cum
2437 5138 2662 5192 materia
2696 5135 3028 5204 conjunctis,
3057 5143 3112 5188 et
3144 5133 3342 5188 creatis
3383 5149 3416 5188 a

1843 5253 1902 5291 sc
1931 5236 2114 5291 rebus.
2161 5231 2386 5286 Factum
2427 5238 2510 5284 est
2547 5230 2710 5297 igitur
2743 5227 2963 5287 ctelum.
3010 5235 3062 5280 et
3105 5234 3319 5287 natura,
3357 5235 3415 5278 ut

1845 5330 2050 5383 dictum
2076 5333 2181 5391 est,
2207 5341 2236 5379 a
2265 5324 2467 5378 lumine
2490 5319 2838 5375 immateriali
2867 5320 3188 5389 discrepuit,
3222 5332 3274 5373 et
3299 5329 3415 5372 tun-

1848 5435 2006 5489 quam
2039 5418 2235 5473 domus
2268 5424 2386 5468 atra
2419 5415 2631 5482 absque
2663 5413 2870 5466 lumine
2896 5413 3097 5466 mansit
3132 5429 3144 5463 :
3178 5413 3263 5467 cui
3296 5413 3415 5465 uni-

1849 5511 2127 5566 vcrsitatis
2168 5506 2434 5562 Dominus
2485 5505 2652 5560 solem
2700 5513 2753 5558 et
2794 5505 2976 5557 lunam
3031 5503 3293 5567 accenst,
3347 5518 3399 5570 υ,

1852 5606 1965 5674 ipsa
1991 5602 2263 5657 sensibilia
2292 5600 2358 5654 iis
2394 5599 2659 5658 lueerent,
2681 5595 2774 5665 qui
2809 5595 3066 5651 sensibus
3105 5602 3409 5650 uterentur.

1854 5696 2007 5751 Dedit
2037 5693 2198 5753 etiam
2240 5692 2294 5747 in
2327 5703 2522 5746 manus
2553 5696 2769 5746 nostras
2804 5701 2975 5757 genus
3003 5685 3243 5750 luminis,
3269 5685 3424 5755 quod
