4170 6452
759 368 865 437 563

1984 374 2371 434 SYMEONIS
2393 376 2761 441 JUNIORIS

3903 379 4007 442 564

757 495 921 538 noctu
954 484 1223 543 luceret.e
1255 484 1393 537 ferro
1420 495 1473 538 et
1498 486 1645 541 silice
1664 503 1953 542 excussum
1982 490 2325 543 mirabiliter.
2362 489 2403 544 A
2438 493 2678 559 riticum,
2740 508 2794 550 et
2857 496 3195 565 inopinabile
3263 509 3402 564 opus
3457 497 3552 551 Dei
3625 496 3904 553 altissimi.
3968 499 4013 552 0

756 575 881 644 ipse
917 585 1095 629 autem
1133 576 1267 629 nihil
1297 591 1587 631 commune
1619 580 1777 633 habet
1806 595 1927 633 cum
1959 580 2068 631 ullo
2099 579 2322 643 lumine,

761 668 908 721 omni
970 668 1090 724 luce
1133 669 1406 737 lucidior,
1479 672 1746 741 longeque
1808 673 2326 743 splendidissimus,

761 774 1022 835 quantum
1052 764 1199 819 terre
1229 766 1375 820 nulla
1403 777 1649 821 creatura
1684 777 1877 837 potest.
1926 768 1997 824 Ut
2042 770 2186 823 enim
2243 785 2331 825 ra-

762 859 948 914 diante
984 860 1097 913 sole
1144 870 1289 915 astra
1328 878 1437 916 non
1467 874 1728 931 apparent
1776 880 1789 916 :
1842 864 1922 918 sic
1968 866 2012 919 si
2066 865 2331 921 Dominus

764 952 895 1006 solis
926 952 1107 1006 lucere
1132 954 1381 1019 voluerit,
1411 956 1529 1024 ejus
1558 965 1925 1012 ortumnemo
1951 958 2138 1014 vivens
2166 962 2333 1015 susti-

765 1044 935 1096 nebit.
974 1043 1316 1113 Quapropter
1355 1055 1587 1099 mentem
1617 1050 1864 1115 pulveri,
1911 1050 1989 1104 rei
2032 1062 2334 1120 corporatae

764 1137 1058 1204 eupnlavit,
1082 1143 1132 1188 et
1157 1152 1257 1190 nos
1282 1137 1532 1192 homines
1559 1141 1844 1195 universos
1874 1142 1926 1195 in
1957 1143 2333 1198 materialibus

764 1228 1072 1291 collocavit,
1106 1238 1163 1282 ut
1192 1230 1244 1282 in
1282 1228 1383 1283 ﬁde
1415 1233 1710 1293 constanti,
1742 1241 1796 1286 et
1832 1235 2207 1291 mandatorum
2235 1238 2333 1292 ob-

766 1322 1096 1382 servatione,
1133 1329 1365 1375 tuentem
1405 1324 1645 1379 materia:
1674 1332 1975 1393 expertem,
2006 1342 2171 1397 quam
2205 1344 2335 1397 prae-

767 1413 1123 1467 varicationis
1159 1414 1390 1483 caligine
1418 1415 1765 1472 confudimus
1813 1426 1866 1472 et
1922 1421 2320 1475 contaminavi-

771 1522 889 1561 mns
921 1506 974 1560 in
1026 1508 1487 1575 concupiscentiis
1536 1509 1928 1576 materialibus,
1963 1522 2016 1565 et
2050 1524 2213 1582 gustu
2244 1528 2336 1568 vo-

768 1600 1036 1666 luptatum
1071 1599 1343 1663 videlicet,
1388 1615 1604 1654 rursum
1639 1611 2053 1673 perpurgantes,
2090 1604 2337 1659 immate-

768 1692 901 1746 riale
936 1692 987 1745 in
1018 1691 1392 1746 matezialibus
1424 1692 1855 1748 immaterialiter
1886 1696 2216 1765 aspiciamus
2250 1697 2334 1749 lu-

2436 584 2849 654 mysteriorum,
2883 600 3005 653 quae
3039 584 3253 638 occulte
3282 595 3624 655 peraguntur
3682 588 3884 642 virtus.
3929 588 4009 641 Tu

2435 686 2490 730 et
2543 676 2800 736 labentia.
2848 686 2901 731 et
2948 684 3148 731 aeterna
3212 678 3367 732 nobis
3408 681 3602 734 donas.
3647 680 3727 735 Tu
3786 690 4010 735 terrena

2434 784 2559 824 cum
2595 770 2937 832 caelestibus,
2957 773 3243 836 praesentia
3270 788 3392 826 cum
3416 772 3637 836 futuris,
3669 783 3729 828 ut
3754 777 4007 828 omnium

2436 859 2732 928 opifex,.ut
2764 869 3086 929 potestatem
3133 863 3342 918 habens
3369 864 3675 919 cmlestium
3708 878 3775 919 ac
3830 874 4009 920 terre-

2436 957 2656 1013 strium.
2716 954 2829 1009 Cur
2882 955 3047 1025 igitur
3111 955 3358 1009 infelices
3409 970 3532 1021 nos,
3581 956 3832 1012 homines
3886 958 4013 1027 plus

2436 1067 2598 1120 quam
2632 1061 2685 1105 te
2714 1050 3019 1118 diligimus,
3071 1057 3127 1103 et
3168 1048 3276 1103 illis
3305 1052 3505 1102 misere
3552 1049 3788 1116 amplius
3836 1050 4012 1103 servi-

2438 1157 2579 1206 mus,
2616 1150 2674 1196 ut
2712 1141 2781 1196 ab
2813 1140 2895 1196 eis
2922 1140 3171 1209 exiguam
3233 1150 3288 1193 et
3333 1138 3531 1194 ﬂuxam
3571 1139 3882 1194 mercedem
3920 1155 4013 1194 re-

2437 1237 2726 1305 cipiamus,
2777 1234 2978 1303 quibus
3028 1234 3337 1289 addicimus
3388 1232 3600 1287 animas
3659 1240 3905 1295 nostras,
3956 1241 4012 1286 et

2438 1345 2691 1399 corpora,
2730 1340 2787 1384 ut
2816 1330 2883 1385 iis
2907 1344 3004 1383 ceu
3037 1330 3184 1384 vasis
3226 1329 3425 1382 vilibus
3477 1327 3820 1395 abjectisque
3866 1326 4009 1380 abn-

2438 1431 2645 1489 tautur,
2676 1430 2732 1477 et
2760 1436 2885 1477 cum
2924 1422 3099 1476 simus
3127 1420 3368 1474 membra
3413 1430 3502 1473 tua
3538 1418 3748 1471 domini
3790 1419 4015 1473 univero

2439 1528 2649 1578 sornm,
2686 1523 2899 1577 sancta,
2932 1513 3180 1581 inquam,
3205 1511 3446 1566 membra
3475 1509 3652 1566 sancti
3689 1512 3927 1572 Domini,
3961 1520 4010 1563 et

2440 1606 2598 1671 cuius
2630 1612 2876 1675 potestas
2908 1604 3130 1659 aliunde
3183 1619 3293 1658 non
3331 1604 3553 1671 pendet,
3586 1618 3693 1655 non
3728 1602 4019 1671 perhorre-

2443 1700 2649 1753 scimus
2674 1713 2738 1753 ea
2762 1699 3036 1768 perversis
3071 1698 3416 1752 daemonibus
3469 1704 3664 1764 sponte
3718 1707 3909 1749 nostra
3945 1695 4012 1746 ad

770 1798 894 1876 men
928 1784 1085 1848 illud,
1124 1784 1267 1854 quod
1299 1784 1410 1838 dixi
1439 1800 1561 1841 esse
1596 1785 1762 1841 Deum
1800 1788 2089 1856 plusquam
2128 1790 2338 1860 absque
2372 1823 2411 1876 Β
2444 1789 2749 1845 foedissime
2782 1788 3119 1859 peccandum
3150 1787 3618 1855 exponere?Quis
3648 1801 3781 1853 ergo
3827 1801 4017 1840 servo-

772 1875 1044 1946 principio
1076 1876 1248 1932 oculis
1300 1877 1424 1932 istis
1461 1879 1738 1947 corporeis
1772 1879 2211 1947 inaspectabilem
2239 1921 2253 1941 ,
2288 1891 2341 1937 et

773 1967 1232 2023 intellectualibus
1256 1968 1440 2024 cordis
1472 1971 1648 2024 oculis
1677 1971 2142 2026 inaccessibiletn.
2174 1973 2340 2028 Miror

773 2061 942 2125 enim,
973 2076 1083 2129 quo
1116 2070 1274 2130 pacto
1307 2063 1512 2126 anima,
1545 2077 1666 2115 curn
1688 2068 1800 2115 tota
1826 2080 1853 2116 a
1880 2066 2103 2118 materia
2130 2074 2338 2121 semota

773 2152 863 2213 sit,
904 2160 957 2205 et
998 2142 1428 2206 intellectualem
1483 2153 1680 2206 mentis
1731 2154 1950 2207 oculum
1992 2154 2212 2219 habeat,
2240 2171 2340 2210 ceu

773 2241 986 2296 duabus
1032 2242 1285 2298 fenestris
1322 2242 1658 2298 sensibiliter
1695 2258 1792 2296 usa
1834 2247 2081 2309 corporis
2142 2245 2339 2309 oculis,

774 2349 869 2403 per
894 2335 1113 2389 eosdem
1150 2336 1488 2402 pmSpiciens
1522 2336 1705 2389 omnia
1735 2352 1855 2404 qua:
1888 2336 2056 2390 videri
2088 2346 2339 2406 possunt,

774 2424 974 2488 videat,
1011 2440 1337 2493 reversaque
1362 2426 1545 2479 omnia
1578 2426 1677 2479 sub
1702 2426 2038 2480 intellectum
2066 2428 2342 2495 cadentia,

773 2527 826 2569 et
875 2516 1102 2577 materia
1143 2516 1391 2568 vacantia
1438 2516 1869 2570 immaterialiter
1916 2517 2114 2582 videat,
2167 2527 2221 2574 et
2282 2521 2337 2576 in

775 2606 954 2662 medio
986 2607 1348 2675 pereuntium,
1377 2622 1437 2659 ac
1462 2607 1895 2676 permanentium
1916 2608 2179 2678 singulari
2213 2627 2347 2679 quo-

775 2704 896 2758 dam
938 2703 1099 2757 uzodo
1132 2703 1375 2765 detenta,
1403 2704 1470 2758 ab
1504 2705 1609 2760 illis
1649 2704 1713 2758 ad
1759 2705 2091 2774 voluptates.
2130 2714 2181 2761 et
2218 2710 2344 2761 vitia

777 2796 1125 2865 pcrtrahatur
1162 2811 1176 2848 :
1211 2798 1278 2849 ab
1321 2797 1426 2851 illis
1473 2807 1664 2852 contra
1716 2799 1780 2852 ad
1823 2800 2022 2853 cmlum
2060 2800 2207 2853 velut
2243 2801 2347 2854 alis

780 2887 1060 2952 subvecta,
1089 2888 1159 2941 ibi
1186 2888 1486 2942 consistere
1518 2893 1845 2956 contendat;
1872 2891 1963 2946 sed
1995 2890 2345 2945 abstrahatur

779 2989 982 3044 tamen,
1021 2979 1329 3046 iterumque
1360 2978 1647 3033 subvolare
1680 2979 1936 3033 ardenter
1980 2980 2215 3041 studeat,
2254 2994 2350 3049 per

778 3075 976 3129 coelum
1016 3074 1239 3142 cupiens
1266 3072 1537 3134 incedere,
1574 3082 1628 3127 et
1656 3072 1759 3127 sub
1793 3088 1850 3128 se
1879 3089 2105 3126 cernere
2139 3073 2346 3137 omnia,

2444 1899 2564 1938 rum
2594 1891 2814 1937 tuorum
2846 1882 3087 1937 (ldelium
3116 1897 3143 1935 a
3171 1879 3429 1952 lacrymis
3477 1878 3854 1948 temperabit?
3884 1878 4012 1947 quis

2442 1974 2584 2031 adeo
2646 1984 2994 2043 arrogantem
3050 1974 3333 2027 audaciam
3404 1987 3511 2026 non
3579 1972 4016 2026 lamentabitur?

2442 2068 2567 2137 quis
2601 2082 2709 2121 non
2736 2075 2943 2120 tantam
2972 2065 3288 2134 patientiam
3334 2073 3506 2127 tuam,
3538 2063 3699 2123 Deus.
3729 2064 4017 2118 venerabi-

2442 2162 2577 2215 tur?
2605 2161 2729 2230 quis
2767 2160 2939 2213 divini
2971 2159 3163 2227 judieii
3201 2158 3615 2212 retributionem
3649 2170 3755 2210 n0u
3790 2157 4017 2209 tremis-

2444 2254 2575 2308 cet?
2624 2254 2886 2325 gehennae
2949 2253 3206 2306 videlicet
3263 2252 3442 2318 ignem
3508 2249 3932 2310 intolerabilem,
3964 2260 4017 2302 et

2443 2346 2610 2401 nullis
2631 2344 3089 2414 exstinguendum
3122 2344 3360 2406 sreculis,
3390 2342 3482 2396 ubi
3514 2341 3698 2404 fletus,
3731 2351 3785 2395 et
3814 2340 4020 2395 stridor

2444 2440 2713 2502 dentium,
2756 2447 2810 2492 et
2857 2438 3014 2493 dolor
3052 2452 3159 2493 non
3190 2436 3570 2501 consolabilis,
3629 2444 3684 2490 et
3740 2436 4017 2490 cruciatus

2446 2531 2856 2601 inexplicabilis.

2521 2622 2699 2687 Sed,o
2731 2622 2847 2686 Sol,
2881 2622 3014 2678 solis
3046 2622 3214 2692 hujus
3246 2638 3409 2692 quem
3447 2622 3747 2681 cernimus,
3775 2630 3827 2672 et
3856 2620 4018 2679 lunze,

2448 2727 2501 2772 ct
2531 2716 2771 2771 siderum
2802 2716 3077 2781 omnium,
3108 2726 3162 2770 et
3195 2716 3350 2779 lueis,
3400 2724 3452 2769 et
3502 2714 3672 2767 totius
3709 2727 3894 2766 rerum
3928 2729 4019 2764 na-

2451 2819 2584 2862 tum
2612 2808 2885 2868 conditor,
2923 2807 3202 2861 absconde
3246 2823 3331 2861 me
3361 2808 3430 2862 ab
3468 2808 3553 2862 his
3584 2809 3637 2859 in
3671 2816 3766 2860 tuo
3794 2808 4019 2865 lumine.

2452 2910 2511 2955 ut
2542 2900 2594 2953 in
2622 2915 2688 2954 eo
2729 2911 2779 2954 te
2810 2900 2987 2954 solum
3030 2899 3273 2962 intuens,
3311 2898 3601 2959 mundum,
3631 2908 3685 2951 et
3717 2914 3779 2952 ea
3814 2914 3938 2967 qum
3970 2901 4021 2952 iu

2452 2999 2655 3047 mundo
2680 3003 2828 3051 sunt.
2856 3007 2963 3046 non
3000 2992 3211 3044 videam
3240 3010 3254 3045 :
3289 2991 3382 3045 sed
3419 3002 3472 3045 et
3512 2991 3704 3045 videns
3732 2992 3838 3045 sim
3867 2991 4020 3060 quasi

2454 3101 2560 3140 non
2599 3087 2866 3148 viderem,
2897 3093 2948 3139 et
2983 3086 3216 3139 audiens
3265 3084 3424 3154 quasi
3474 3100 3581 3138 non
3625 3084 3901 3138 audirem.
3960 3084 4022 3136 Et

780 3184 903 3236 qure
942 3175 1170 3237 aspectu
1207 3167 1545 3221 sentiuntur.
1590 3166 1723 3220 Nam
1755 3181 1879 3220 cum
1914 3168 2095 3221 omnia
2139 3184 2259 3237 qua!
2289 3169 2342 3220 in
2378 3172 2422 3229 C
2456 3177 2603 3247 quod
2644 3177 2847 3232 accidit
2892 3176 3213 3230 sedentibus
3246 3177 3298 3229 in
3355 3175 3519 3245 hujus
3582 3176 3707 3229 vitae
3758 3175 4022 3229 tenebris.

782 3262 985 3313 mundo
1026 3268 1184 3323 sunt,
1247 3259 1350 3329 ipsi
1393 3258 1572 3329 laquei
1610 3260 1931 3325 .videantur,
1968 3261 2105 3314 male
2157 3262 2347 3314 metuit

784 3356 965 3422 plane,
1001 3353 1053 3406 in
1086 3364 1225 3407 terra
1258 3353 1462 3419 ingredi
1490 3361 1542 3405 et
1568 3352 1961 3416 considere,ne
1991 3355 2110 3407 istis
2142 3353 2352 3422 laqueis

786 3446 1067 3515 imp‘icata
1105 3445 1426 3506 retineatur,
1459 3452 1514 3497 et
1549 3444 1839 3497 immitium
1878 3445 2174 3498 bestiarum
2225 3459 2349 3497 esca

785 3541 897 3593 fiat.
930 3538 1073 3592 Talis
1111 3538 1347 3607 piorum,
1379 3536 1637 3600 lidelium,
1671 3545 1723 3590 et
1761 3546 2083 3591 sanctorum
2109 3537 2351 3590 omnium

782 3634 891 3683 vita
931 3639 1035 3692 est,
1073 3644 1234 3698 quam
1281 3642 1472 3682 omnes
1522 3627 1723 3681 imitari
1776 3637 2032 3695 Oportet;
2082 3638 2142 3683 ιιι
2185 3628 2351 3683 etiam

789 3736 913 3775 cum
949 3720 1138 3774 iisdem
1174 3719 1394 3773 Christo
1430 3719 1537 3774 Deo
1566 3762 1581 3785 ,
1614 3720 1993 3774 universorum
2040 3720 2235 3790 judici,
2272 3720 2355 3774 in-

789 3823 974 3868 sontes
1013 3813 1298 3876 sistantur,
1339 3822 1392 3867 et
1417 3812 1661 3881 ejusdem
1700 3814 1849 3883 regni
1885 3823 2049 3885 atque
2081 3815 2264 3886 gloria:
2296 3816 2349 3869 in

786 3922 948 3960 omne
981 3920 1154 3960 terum
1187 3913 1471 3959 consortes
1505 3904 1653 3957 fiant.

1341 3994 1569 4049 CAPUT
1597 3994 1789 4050 XXVI.

794 4089 1141 4153 Desiderium,
1186 4098 1233 4143 et
1273 4104 1505 4140 amorem
1566 4103 1695 4156 erga
1752 4087 1915 4140 Deum
1948 4089 2176 4157 quemvis
2210 4105 2358 4141 amo-

863 4178 995 4221 rem,
1032 4171 1081 4214 et
1113 4159 1333 4226 quodvis
1371 4157 1689 4227 desiderium
1734 4158 2020 4211 humanum
2082 4168 2357 4212 transcen—

861 4233 1003 4293 dere,
1054 4240 1380 4290 mentemque
1431 4236 1781 4296 pttrgatorum
1814 4230 1866 4279 iu
1908 4229 2082 4281 lunten
2124 4228 2221 4282 Dei
2254 4233 2355 4281 im-

861 4317 1132 4361 mersam,
1193 4300 1430 4352 divinam
1506 4308 1760 4349 naturam
1826 4298 2065 4371 induere,
2134 4300 2360 4371 indeque

860 4371 1057 4425 Christi
1088 4379 1333 4430 mentem,
1366 4385 1456 4421 seu
1480 4384 1693 4421 sensum
1722 4369 2003 4435 appellari.

864 4462 1207 4516 incredibilis
1236 4459 1588 4527 pulchritudo
1636 4470 1745 4519 tua.
1788 4461 2015 4515 Domine
2065 4460 2217 4525 Jcsu,
2274 4462 2354 4514 in-

794 4552 1191 4620 comparabilis
1221 4550 1456 4618 species,
1489 4548 1783 4605 ineﬂ'abilis
1818 4548 2112 4618 elegantia,
2143 4566 2353 4605 sermo-

794 4662 917 4701 nem
954 4653 1009 4699 ct
1047 4643 1360 4711 opinionem
1411 4642 1659 4695 vincunt.
1696 4642 1872 4697 Mores
1902 4642 2001 4705 tui,
2038 4644 2276 4707 bonitas,
2308 4652 2362 4697 et

798 4736 1166 4791 mansuetudo
1200 4744 1292 4788 tua
1331 4736 1572 4787 omnium
1628 4735 1943 4788 mortaiium
1995 4737 2362 4804 cogitationes

795 4828 1085 4883 excedunt.
1122 4826 1354 4895 Ideoque
1378 4825 1713 4881 desiderium
1746 4826 1845 4885 tui.
1874 4834 1928 4878 et
1951 4842 2105 4879 amor
2130 4841 2257 4896 erga
2289 4836 2359 4888 te,

797 4932 1012 4970 omnem
1040 4915 1322 4969 hominum
1356 4929 1619 4978 amorem,
1666 4929 1729 4967 ac
1787 4912 2125 4967 desiderium
2180 4914 2366 4967 multis

798 5007 1045 5076 partibus
1069 5016 1310 5074 superat.
1352 5002 1623 5070 Quantum
1653 5005 1796 5056 enim
1832 5013 1884 5056 tu
1935 5004 2363 5070 aspcctabilibus

803 5097 1107 5158 antecellis,
1140 5104 1292 5149 tanto
1326 5096 1500 5165 major
1527 5104 1608 5147 est
1631 5109 1783 5147 amor
1811 5094 1907 5158 tui,
1936 5104 1988 5147 et
2023 5110 2237 5147 onlnem
2275 5096 2363 5165 qui

802 5188 1118 5243 hominibus
1148 5187 1434 5241 intercedit
1454 5202 1693 5241 amorem
1717 5189 1996 5251 obscurat,
2027 5204 2213 5243 omnes
2242 5204 2365 5243 cor-

804 5295 1090 5349 porearum
1139 5281 1478 5347 voluptatum
1542 5294 1758 5335 amores
1811 5281 2022 5343 evertit,
2066 5294 2367 5351 omneSqnc

805 5371 976 5424 maias
1004 5369 1332 5438 cupiditates
1371 5385 1492 5422 mox
1528 5371 1761 5438 repellit.
1807 5372 1939 5425 Vere
1970 5372 2113 5425 enim
2154 5388 2359 5426 concu-

790 5455 1095 5533 piscentia:
1153 5464 1393 5518 tenebrae
1435 5473 1584 5528 sunt,
1626 5475 1677 5518 et
1712 5479 1813 5517 nox
1873 5465 2142 5534 profunda
2193 5468 2367 5535 turpis

804 5562 1152 5621 peccatorum
1190 5554 1541 5623 perpetratio,
1578 5571 1732 5608 amor
1771 5565 1975 5619 autem,
2028 5567 2083 5613 et
2127 5559 2367 5614 charitas

799 5659 929 5713 erga
957 5651 1008 5698 te
1035 5646 1124 5699 lux
1166 5660 1178 5698 :
1217 5660 1336 5714 quas
1362 5661 1483 5699 cum
1520 5646 1575 5700 in
1615 5647 1900 5701 animabus
1932 5647 2095 5702 Deum
2136 5652 2367 5704 amanti-

803 5736 905 5790 bus
934 5737 1199 5801 exoritur,
1228 5738 1373 5791 illico
1407 5738 1646 5808 depulsis
1672 5741 2144 5809 perturbatiomtm
2182 5759 2243 5795 ac
2272 5759 2366 5798 vo-

806 5826 1075 5897 luptatum
1107 5829 1366 5896 tenebris,
1398 5829 1540 5884 dicat
1580 5830 1843 5894 (imm-37.;
1888 5830 2159 5888 didundit.
2193 5831 2235 5889 Ο
2263 5836 2365 5889 tui-

2454 3270 2658 3339 quibus
2692 3267 3039 3337 operiuntur,
3072 3268 3439 3332 voluptatum,
3476 3268 3721 3336 inquam.
3778 3277 3833 3321 et
3874 3282 4024 3319 vana:

2456 3361 2667 3431 gloriae,
2716 3361 2962 3414 videntes
2999 3375 3106 3414 non
3152 3358 3340 3413 vident
3385 3359 3615 3428 gloriam
3668 3367 3818 3410 tuam
3861 3360 4026 3411 code.

2456 3465 2619 3519 stem,
2660 3463 2714 3509 et
2745 3453 3031 3507 audientes
3060 3454 3312 3505 mamlata
3345 3466 3407 3503 ae
3434 3461 3699 3519 praecepta
3728 3460 3843 3510 tua.
3874 3466 4029 3518 pror-

2459 3559 2555 3600 sus
2591 3558 2698 3597 non
2758 3542 3089 3611 intelligunt,
3130 3540 3275 3593 idem
3324 3539 3457 3593 mihi
3519 3540 3812 3593 usuveniet
3856 3541 3910 3591 in
3952 3540 4030 3591 lu-

2460 3630 2609 3684 mine
2661 3640 2778 3691 tuo,
2840 3644 2965 3682 cum
3015 3643 3125 3681 non
3176 3628 3373 3682 videbo
3422 3630 3710 3690 mundum,
3760 3644 3862 3681 nec
3909 3644 4029 3696 qum

2461 3722 2697 3777 mundus
2731 3721 2997 3775 continet.
3040 3719 3175 3785 Quis
3215 3734 3450 3787 namque
3488 3730 3540 3775 te
3589 3721 3733 3786 viso,
3764 3728 3819 3773 et
3850 3736 3879 3771 a
3914 3722 4031 3787 glo-

2461 3816 2564 3879 ria,
2604 3813 2897 3881 divin0que
2927 3813 3132 3865 lumine
3166 3821 3259 3864 tuo
3288 3825 3347 3864 se
3379 3810 3715 3864 illustratum
3755 3812 4027 3868 sentiens.

2461 3923 2573 3962 non
2609 3916 2875 3971 mentem,
2924 3904 3185 3969 animam,
3245 3911 3299 3957 et
3351 3903 3649 3971 praecordia
3706 3903 4033 3955 immutatus

2458 4011 2568 4065 est,
2602 4000 2869 4066 aliterque
2900 3997 3108 4056 videre,
3143 4004 3193 4049 et
3228 3995 3419 4047 audire
3466 3996 3667 4063 ingenti
3717 4010 3850 4047 sane
3879 3994 4033 4046 dide-

2461 4093 2634 4148 reutia
2665 4091 2908 4145 meruit?
2948 4088 3295 4157 lnunergitur
3317 4086 3517 4155 quippe
3549 4100 3706 4139 meus
3739 4085 3789 4137 in
3828 4085 4035 4137 lumine

2464 4196 2580 4251 tuo,
2614 4194 2670 4238 et
2701 4184 2879 4237 simile
2911 4181 3098 4250 glorizn
3128 4188 3232 4233 tua;
3276 4179 3455 4232 lumen
3494 4176 3735 4246 perfecte
3765 4177 4033 4241 adipisci-

2462 4285 2574 4341 tur,
2600 4284 2652 4331 et
2678 4273 3054 4344 hujuscemodi
3090 4286 3244 4325 meus
3277 4280 3367 4324 tua
3402 4280 3645 4329 vocatur,
3676 4284 3801 4323 cum
3833 4277 3887 4320 tu
3916 4283 4033 4321 eam

2463 4365 2719 4434 dignatus
2752 4364 2827 4417 sis
2860 4362 2996 4423 fieri,
3035 4370 3086 4415 ct
3130 4359 3331 4413 habere
3370 4365 3606 4411 mentem
3660 4358 3777 4409 sive
3809 4372 4033 4408 sensum

2467 4469 2644 4521 tuum,
2694 4468 2987 4524 tecumque
3032 4454 3222 4507 unitur
3272 4450 3494 4506 vinculo
3540 4450 3927 4503 indissolubili.
3980 4448 4036 4499 tu

2468 4549 2743 4619 quomodo
2773 4563 2880 4602 non
2916 4547 3100 4600 omnia
3131 4546 3547 4613 imperturbate,
3581 4545 3725 4598 sicut
3764 4556 3843 4606 tu,
3885 4542 4037 4595 vide-

2471 4646 2551 4699 bit
2594 4650 2649 4696 et
2702 4640 2926 4696 audiet?
2977 4640 3257 4709 quomodo
3314 4638 3655 4691 divinitatem
3715 4644 4037 4693 consecuta,

2467 4732 2748 4801 quidpiam
2786 4731 2930 4798 quod
2962 4744 3128 4783 sensa
3184 4729 3540 4796 percipiatur,
3596 4725 3866 4792 expetet?
3900 4738 4035 4790 quo-

2470 4824 2631 4877 modo
2663 4822 2845 4885 labile,
2874 4829 2929 4873 et
2959 4818 3299 4887 corruptioni
3343 4817 3644 4871 obnoxium
3670 4816 3903 4883 aliquid,
3942 4830 4035 4868 seu

2476 4918 2693 4972 inanem
2730 4915 2982 4983 gloriam,
3030 4928 3153 4983 qua:
3206 4912 3487 4974 omnibus,
3534 4918 3587 4963 el.
3635 4910 3787 4961 omni
3846 4908 4039 4974 gloria,

2468 5023 2588 5076 qua:
2616 5007 2846 5067 videtur,
2890 5004 3067 5072 major
3106 5004 3233 5058 est?
3273 5002 3407 5055 Nam
3442 5002 3537 5070 qui
3575 5001 3839 5052 omuibus
3900 4998 4038 5059 istis,

2468 5114 2590 5167 qua:
2631 5096 2683 5149 in
2709 5096 2899 5149 oculos
2939 5093 3250 5155 incurrunt,
3280 5090 3500 5159 spretis,
3537 5090 3589 5142 in
3621 5089 3715 5141 Dei
3749 5089 4038 5141 familiari-

2469 5199 2632 5244 tatem
2685 5204 2743 5243 se
2786 5186 3108 5250 insinuavit,
3140 5184 3225 5239 vel
3275 5183 3458 5252 potius
3496 5182 3611 5251 ipse
3642 5197 3868 5250 quoque
3905 5181 4041 5234 Deus

2470 5281 2797 5351 appellatur,
2829 5280 2921 5348 qui
2971 5277 3190 5333 tandem
3222 5292 3286 5331 cx
3321 5275 3462 5329 iul‘ra
3494 5290 3552 5330 se
3582 5273 3901 5342 jacentibus
3929 5274 4041 5341 glo-

2472 5374 2608 5425 riam
2644 5370 2830 5431 ullam,
2868 5378 2963 5423 ant
2990 5367 3213 5421 delicias
3240 5366 3381 5419 volet
3411 5364 3698 5434 qumrere?
3735 5363 3862 5416 [Luc
3898 5364 4038 5417 enim

2470 5462 2718 5532 profecto
2751 5460 2945 5531 pudori
2987 5474 3049 5513 ac
3081 5458 3338 5513 dedecori
3375 5466 3502 5513 sunt
3537 5457 3635 5520 illi,
3666 5456 4038 5517 contumelia,

2470 5553 2831 5623 contemptui,
2873 5552 3132 5607 infantim.
3173 5550 3359 5605 Gloria
3396 5562 3598 5611 autem,
3629 5559 3683 5604 et
3718 5549 3956 5611 deliciae,
3992 5560 4042 5603 et

2471 5648 2674 5702 divitia:
2699 5648 2817 5716 ejus
2851 5646 2991 5700 Deus
3026 5644 3290 5708 Trinitas,
3327 5658 3555 5713 quaeque
3581 5642 3701 5705 Dei,
3742 5656 3805 5695 ac
3852 5640 4034 5693 divina

2472 5748 2624 5802 sunt,
2656 5753 2817 5808 quem
2870 5737 3025 5791 decet
3072 5736 3250 5791 omnis
3301 5736 3495 5804 gloria,
3546 5734 3743 5794 honor,
3802 5735 4039 5800 potenti.“

2474 5846 2711 5901 semper,
2749 5839 2800 5885 et
2837 5845 3005 5895 nunc,
3039 5838 3088 5885 et
3124 5830 3177 5884 in
3210 5828 3392 5885 omnia
3427 5828 3650 5885 saecula.
3694 5827 3896 5881 Amen.
