4170 6452
178 434 278 495 5ὁὸ

707 540 883 593 ('APU
908 539 933 589 I’
994 536 1207 594 XXVII.

180 677 451 745 Confessio
480 677 669 744 gratim
707 676 967 729 donorum
1002 675 1114 738 Dei,
1141 686 1189 729 et
1219 676 1477 746 quomodo
1503 678 1556 729 in
1591 676 1747 729 Patre

249 750 360 801 Itwc
400 750 658 800 scribente
709 746 942 813 Spiritus
995 757 1213 799 sanctus
1267 757 1512 812 operatus
1566 747 1746 814 fuerit.

251 817 387 869 Item
418 835 449 868 ιι
480 817 583 870 Deo
610 820 897 884 perueneris
924 818 1049 885 quid
1071 817 1141 870 ad
1160 816 1381 871 salutem
1410 817 1747 872 obtinendum

245 888 551 951 faciendiait
595 889 685 941 sit.

254 1004 499 1057 Rursum
558 1003 725 1071 fulget
778 990 909 1055 mibi
967 1002 1080 1054 lux.
1126 1000 1338 1056 Rursus
1386 1003 1561 1057 lucem
1604 1002 1750 1056 clare

181 1096 405 1162 aspicio.
440 1093 680 1147 Rursum
721 1094 901 1161 aperit
946 1093 1169 1157 coelum,
1203 1106 1255 1148 et
1300 1102 1515 1147 noctem
1574 1093 1746 1164 fugat.

186 1186 423 1239 Rursum
458 1187 676 1253 retegit,
703 1195 756 1240 et
792 1187 1033 1240 ostendit
1059 1187 1264 1239 omnia.
1296 1185 1534 1240 Rursum
1569 1188 1749 1240 cerni-

182 1286 268 1327 tur
290 1275 431 1328 sola.
460 1275 701 1330 Rursum
744 1290 829 1328 me
859 1277 927 1329 ab
952 1275 1207 1329 omnibus
1238 1274 1545 1329 visibilibus
1577 1274 1748 1328 alidu-

179 1369 271 1431 eit,
310 1367 678 1435 similiterth
708 1367 777 1421 ab
808 1368 1063 1421 omnibus
1112 1366 1177 1420 ad
1220 1383 1439 1422 sensum
1476 1369 1751 1436 pet-tinen—

180 1458 346 1519 tibus,
374 1472 546 1526 papae,
577 1473 663 1512 me
711 1458 1003 1528 disjungit.
1058 1457 1294 1513 Rursum
1347 1461 1436 1527 qui
1473 1468 1555 1513 est
1590 1474 1753 1528 super

178 1559 370 1598 omnes
404 1546 599 1611 cwlos,
634 1562 794 1614 quem
826 1546 1107 1602 hominum
1142 1562 1303 1603 nemo
1331 1548 1466 1601 vidit
1492 1563 1749 1617 unquam,

179 1653 287 1690 non
330 1655 587 1694 reserans
633 1640 859 1707 cmlum,
916 1656 1027 1695 non
1074 1641 1325 1697 dividens
1365 1653 1598 1709 nortcm,
1644 1659 1750 1698 noo

178 1730 445 1785 dirimens
510 1748 718 1798 aerem,
792 1751 898 1789 non
950 1752 1213 1805 rumpens
1277 1737 1471 1792 domus
1532 1746 1752 1799 tectum,

178 1824 327 1875 nulla
366 1825 585 1893 penitus
624 1841 682 1880 re
735 1836 1019 1896 penetrata
1082 1844 1295 1883 mecum
1353 1831 1557 1884 misero
1606 1830 1748 1883 intra

176 1917 370 1970 cilium
408 1934 612 1984 meam,
645 1921 789 1975 intra
832 1931 1069 1977 mentem
1103 1938 1277 1978 meam
1313 1933 1581 1986 versatur,
1614 1937 1665 1977 et
1695 1925 1748 1979 in

178 2011 423 2065 medium
470 2026 566 2066 cor
622 2030 802 2069 meum
857 2016 924 2085 (ο
968 2016 1340 2070 venerandum
1398 2018 1748 2086 mysterium)

178 2102 440 2157 munibus
474 2113 531 2157 ttt
555 2116 684 2160 sunt
707 2108 1075 2173 manentibus,
1109 2108 1354 2162 illabitur
1384 2110 1512 2163 mihi
1546 2110 1747 2176 lumen,

174 2202 225 2242 et
259 2193 467 2247 attollit
501 2210 585 2249 me
621 2213 790 2267 super
829 2199 1050 2265 omnia;
1097 2200 1299 2270 quique
1335 2201 1389 2255 in
1417 2200 1595 2257 medio
1628 2219 1748 2257 sum

175 2286 443 2349 ninnium,
489 2288 558 2341 lio
587 2296 739 2343 extra
789 2293 996 2357 omnia,
1034 2292 1176 2347 haud
1219 2296 1355 2360 scio,
1402 2311 1529 2350 num
1584 2297 1747 2350 ctiam

174 2380 325 2427 extra
356 2391 583 2448 corpus.
611 2378 768 2435 Nunc
807 2383 880 2438 ibi
924 2392 1074 2439 totus
1105 2401 1227 2441 sum
1260 2402 1472 2452 revera,
1528 2389 1618 2444 ubi
1663 2390 1748 2444 lu-

181 2481 301 2519 men
330 2480 415 2523 est
446 2473 650 2538 solum,
680 2485 734 2527 et
761 2477 1025 2545 simplex;
1061 2478 1207 2547 quod
1243 2480 1485 2545 intuens,
1520 2483 1749 2551 simplex

174 2562 344 2616 evado
380 2567 713 2621 innocentia.
745 2566 867 2623 Hec
892 2579 1044 2635 sunt,
1076 2570 1312 2635 Christe,
1355 2574 1744 2629 miraculorum

175 2666 395 2711 tuorum
425 2658 693 2713 mirabilia
716 2676 730 2723 ;
766 2660 876 2714 haec
904 2664 1178 2730 potentiae,
1200 2671 1252 2717 et
1271 2664 1619 2735 benignitatis
1646 2679 1747 2723 tme

175 2762 359 2815 opera,
396 2761 516 2817 qua:
556 2746 607 2801 in
652 2764 749 2803 nos
776 2750 1029 2820 indignos
1076 2755 1213 2808 edis.
1256 2755 1331 2808 Ea
1374 2758 1442 2811 de
1475 2773 1640 2813 causa
1679 2760 1747 2812 ti-

178 2853 292 2891 tneo
318 2847 589 2905 ettremo,
622 2842 1068 2900 etsollieitndine
1102 2846 1310 2902 amcior
1346 2850 1594 2915 assidua,
1630 2867 1747 2905 ma-

175 2942 445 2997 cerorque
480 2931 854 3000 vehementer,
881 2936 1011 3005 quid
1047 2938 1141 2993 tibi
1174 2955 1273 3009 pro
1311 2942 1503 3007 tantis,
1558 2953 1613 2999 et
1666 2946 1749 3000 in-

179 3020 615 3077 uumerabilibus
645 3023 807 3081 donis
842 3042 907 3082 ex
944 3039 1093 3084 tanta
1146 3034 1527 3091 misericordia
1569 3038 1623 3091 in
1661 3054 1748 3094 me

176 3111 394 3166 collatis
445 3114 773 3181 retribuam,
822 3119 1023 3186 quidve
1060 3121 1157 3175 tibi
1194 3123 1442 3189 oﬂeram,
1503 3126 1748 3197 nihilque

1200 425 1641 488 IJH'INORUM
1687 424 2015 484 AMORUAI
2053 425 2308 485 LIBER.

3314 424 3416 485 566

1775 540 1816 593 Λ
1850 540 1993 592 ineo
2038 537 2204 591 Deum
2243 537 2475 601 videbis,
2533 550 2696 605 quem
2754 550 2914 588 nemo
2975 535 3106 587 vidit
3149 551 3409 604 unquam.

1852 630 2004 695 Quod
2058 632 2101 683 si
2136 630 2301 682 etiam
2337 635 2558 697 propter
2592 627 2862 697 justitiam
2898 636 2949 681 te
2982 628 3415 695 persecutionem

1851 724 1960 793 pati
1989 724 2291 790 contingat,
2321 721 2555 783 exsulta,
2584 720 2841 788 quoniam
2880 735 3109 788 regnum
3153 720 3415 773 caelorum

1853 828 2007 867 tuum
2044 814 2245 867 factum
2285 822 2387 866 est.
2426 812 2487 864 Et
2519 810 2651 881 quid
2685 812 2785 865 hoc
2817 810 3036 880 majus?
3070 810 3213 870 Ihec,
3244 820 3297 865 et
3335 812 3417 865 his

1852 909 2029 978 plura,
2067 921 2187 975 qua:
2220 906 2491 968 mandavi,
2531 904 2717 965 facito,
2752 914 2803 957 et
2836 906 2971 958 alios
3003 904 3161 967 doce,
3192 915 3243 956 et
3281 906 3417 958 inter

1852 1015 1947 1051 vos
1985 1000 2119 1051 alter
2149 1000 2404 1061 alterum,
2437 998 2527 1066 qui
2555 999 2606 1051 in
2639 1012 2727 1052 me
2774 999 3024 1059 creditis.
3060 999 3105 1052 si
3160 998 3418 1053 salvatio-

1855 1106 1976 1143 nem
2018 1092 2310 1160 esnptatis,
2354 1104 2677 1157 mecumque
2734 1091 2787 1143 in
2843 1090 3039 1142 sarcula
3089 1091 3418 1159 sempiterna

1857 1182 2105 1236 habitare
2132 1183 2319 1237 vultis.
2360 1180 2417 1235 Si
2443 1182 2697 1247 renuitis,
2728 1170 2779 1235 et
2809 1181 3195 1253 indignamini,
3232 1192 3285 1237 et
3328 1183 3421 1238 de-

1853 1276 2021 1329 decus
2055 1274 2486 1343 intcrpretamini
2520 1274 2623 1329 ista
2660 1275 2791 1343 pati,
2820 1285 2868 1329 et
2911 1274 3214 1340 contemni,
3244 1284 3297 1329 et
3324 1291 3419 1344 pro

1856 1367 2132 1421 mandatis
2175 1367 2311 1421 meis
2362 1366 2575 1421 animas
2606 1380 2830 1435 ponere,
2863 1365 2994 1435 quid
3041 1382 3175 1437 ergo
3209 1366 3423 1421 discere

1854 1456 2431 1527 qu:eritis,'quomodo
2462 1473 2557 1512 vos
2582 1459 2778 1513 salvari
2816 1467 3089 1528 oporteat,
3117 1470 3171 1514 et
3221 1460 3422 1529 quibus

1855 1549 2162 1603 actionibus
2205 1550 2337 1603 tnihi
2364 1551 2776 1605 conciliemini?
2814 1552 2945 1620 quid
2987 1553 3201 1606 tandem
3253 1553 3419 1607 Deum

1856 1649 2100 1695 vestrum
2132 1657 2216 1695 me
2248 1642 2581 1712 appellatis?
2611 1643 2741 1708 quid
2790 1644 2918 1697 item
2958 1659 3054 1698 vos
3089 1645 3142 1697 in
3174 1659 3258 1698 me
3300 1660 3421 1698 ere-

1856 1735 1987 1789 dere
2018 1735 2341 1803 insipienter
2391 1736 2782 1791 arbitramini?
2813 1736 2922 1807 Ego
2961 1737 3161 1807 Quippe
3192 1738 3307 1791 huic
3340 1754 3423 1790 ve-

1859 1836 1970 1880 stra
2005 1842 2174 1880 causa
2232 1829 2432 1891 libens,
2478 1844 2540 1882 ac
2594 1838 2789 1898 sponte
2839 1846 3131 1900 perpessus
3171 1846 3313 1895 sutn,
3372 1832 3424 1883 in

1855 1931 2073 1971 crucem
2117 1928 2295 1980 actus.
2354 1920 2789 1977 fat-inprosorum
2847 1931 3076 1976 mortem
3118 1925 3270 1987 obii;
3306 1925 3424 1992 glo-

1856 2011 2047 2078 riaque
2079 2012 2295 2075 mundi,
2331 2014 2467 2077 vita,
2523 2014 2805 2084 splendor,
2859 2024 3202 2070 mortuorum
3238 2031 3423 2071 resur-

1853 2104 2041 2163 rectio,
2093 2105 2334 2158 omnium
2376 2105 2429 2168 ip
2473 2122 2558 2161 me
2581 2109 2920 2162 credentium
2970 2109 3235 2177 gloriatio,
3273 2110 3425 2163 ἰιιάιι-

1853 2204 2095 2248 mentum
2155 2195 2610 2263 immortalitatis,
2665 2207 2719 2253 et
2775 2199 3145 2254 deilicationis
3223 2200 3423 2269 probra

1853 2300 1995 2347 mea,
2032 2294 2084 2339 et
2125 2301 2272 2340 mors
2322 2288 2685 2357 ignominiosa
2741 2291 2881 2346 facta
2916 2301 3066 2346 sunt.
3108 2292 3292 2357 Quare
3332 2293 3423 2360 qui

1853 2379 2192 2435 venerabiles
2224 2381 2513 2449 passiones
2554 2399 2701 2438 meas
2749 2384 3050 2445 imitantur,
3082 2386 3244 2438 etiam
3284 2386 3423 2437 divi-

1854 2470 2040 2525 uitatis
2074 2486 2204 2526 mete
2240 2482 2549 2535 consortes.
2598 2484 2652 2529 et
2700 2476 2847 2546 regni
2898 2476 3000 2530 mei
3035 2476 3298 2542 hmredes,
3333 2477 3424 2531 ὶιτι-

1852 2576 2158 2633 norumque
2184 2566 2327 2619 nulla
2357 2567 2537 2637 lingua
2574 2568 3006 2623 cnarrandorum
3037 2570 3421 2637 exprimendo-

1852 2668 2087 2723 rumquc
2141 2656 2276 2710 socii
2332 2658 2483 2721 fient,
2543 2668 2598 2712 ct
2654 2675 2865 2714 mecum
2923 2660 2977 2714 in
3032 2662 3423 2731 sempiternum

1854 2755 2036 2801 erunt.
2065 2747 2305 2804 thcros
2334 2750 2459 2819 quis
2502 2767 2608 2805 non
2633 2752 2869 2806 deﬂeat?
2907 2755 3034 2824 quis
3058 2769 3165 2807 non
3202 2754 3423 2824 lugeat?

1854 2839 1977 2906 quis
2018 2855 2126 2895 non
2163 2856 2227 2894 ex
2265 2842 2648 2911 compassione
2679 2846 2858 2900 cordis
2895 2846 3163 2918 lacrymas
3191 2848 3424 2904 fundat?

1850 2933 1973 2999 quis
1996 2948 2245 3003 magnam
2270 2949 2463 2989 eorum
2499 2936 2858 2991 stoliditatem
2889 2955 2994 2991 non
3042 2941 3417 2995 lamentetur?

1850 3026 2290 3095 quandoquidem
2319 3028 2535 3083 deserta
2586 3032 2697 3084 vita
2736 3031 2949 3100 seipsos
2979 3034 3142 3088 morti
3178 3036 3418 3089 tradide-

1851 3126 1997 3181 runt,
2041 3135 2070 3171 a
2106 3118 2214 3173 Deo
2258 3120 2551 3174 infeliciter
2610 3123 2869 3193 abrupti;
2925 3140 2953 3179 a
2982 3140 3215 3194 quorum
3270 3139 3423 3197 parte

179 3202 229 3253 in
264 3218 349 3256 me
378 3204 698 3271 inveniens,
742 3223 866 3261 cum
904 3210 1043 3265 nihil
1082 3228 1261 3269 meum
1293 3215 1364 3269 sit
1394 3217 1447 3271 in
1485 3218 1616 3283 vita,
1652 3221 1747 3274 sed
1779 3218 1820 3275 C
1857 3210 2025 3264 libera
2059 3227 2147 3265 me
2178 3223 2232 3268 ῑυ
2275 3214 2505 3270 Domine
2534 3219 2803 3284 οιιηιῖιιηι,
2863 3232 3060 3289 meque
3117 3221 3420 3290 ableCllll".

178 3294 354 3347 omnia
384 3296 482 3348 tibi
511 3296 781 3365 serviant,
823 3315 1006 3356 omnia
1061 3305 1176 3359 sint
1218 3322 1479 3362 manuutn
1528 3318 1745 3365 tuarum

179 3400 367 3451 opera,
410 3386 671 3456 majorem
705 3390 759 3444 in
798 3392 1019 3447 modum
1055 3396 1263 3463 pudore
1294 3398 1602 3466 suﬂ‘undor,
1632 3406 1747 3456 val-

177 3479 345 3549 deque
372 3484 685 3547 excrucior,
720 3494 773 3540 ct
807 3487 1017 3545 discere
1048 3494 1331 3563 percupio,
1365 3498 1494 3565 quid
1537 3499 1745 3553 facien-

177 3572 295 3625 dum
329 3574 404 3627 sit
437 3582 497 3627 ut
522 3577 699 3630 colam
745 3586 817 3639 te.
853 3585 927 3634 ut‘
952 3581 1194 3649 placeam
1252 3584 1371 3651 tibi,
1408 3602 1518 3655 quo
1559 3604 1745 3644 coram

178 3664 401 3719 terribili
438 3667 698 3721 tribunali
757 3678 849 3725 tuo
886 3670 939 3724 in
988 3672 1299 3741 diejudicii
1341 3676 1745 3736 damnationem

176 3758 444 3827 effugiam.

241 3849 381 3904 Audi
431 3852 562 3921 qttid
597 3852 783 3919 facias,
818 3857 1139 3927 quicunque
1193 3859 1491 3915 salvandus
1519 3878 1602 3926 es,
1636 3864 1746 3919 imo

178 3956 297 3994 vero
322 3952 380 3997 tu
413 3952 543 3997 ante
576 3960 791 4011 omnes,
822 3948 914 4017 qui
952 3963 1037 4003 me
1068 3966 1251 4020 rogas.
1296 3951 1470 4007 Ilodie
1506 3962 1558 4010 te
1596 3971 1746 4010 mor-

180 4040 321 4086 tuum
361 4051 492 4089 esse
525 4044 689 4105 puta;
728 4039 893 4093 hodie
944 4043 1337 4109 renuntiasse;
1382 4045 1543 4101 hodie
1573 4056 1741 4102 totum

179 4129 433 4181 mundum
470 4128 798 4198 reliquisse;
837 4132 1000 4189 hodie
1029 4135 1262 4202 amicos,
1308 4148 1597 4206 c0gnatos,
1627 4156 1743 4196 om-

178 4234 284 4271 nem
318 4234 515 4272 vanatn
542 4222 771 4289 gloriam
814 4224 1092 4290 deserens,
1122 4228 1285 4282 simul
1312 4228 1739 4288 sollicitudinem

179 4323 345 4363 rerum
412 4308 743 4364 inferiorum
804 4327 949 4381 pone
1009 4314 1296 4384 funditus,
1357 4320 1744 4393 suhlatamque

178 4416 381 4455 crzeem
419 4414 571 4455 tuam
607 4404 659 4457 in
694 4403 958 4462 humeros
989 4416 1139 4465 arcte
1170 4412 1507 4483 constringe,
1538 4423 1591 4469 et
1622 4431 1739 4469 eam

178 4504 332 4557 usque
368 4492 436 4545 ad
464 4492 669 4547 exitum
699 4497 821 4551 vita:
856 4496 1058 4565 bajula.
1087 4496 1325 4556 Labores
1358 4504 1739 4572 tentationum,

1856 3312 2020 3371 atque
2053 3305 2304 3359 ultimum
2338 3322 2623 3361 servorum
2660 3318 2881 3363 tuorum
2939 3327 3007 3365 ne
3038 3326 3266 3382 spernas
3325 3313 3421 3365 im-

1852 3394 2257 3449 maculatarum
2321 3399 2746 3467 perpessionum
2823 3409 3041 3455 tuarum
3104 3402 3419 3472 participem

1854 3484 1992 3551 fleri,
2028 3496 2087 3540 ut
2123 3488 2311 3552 etiam,
2365 3492 2509 3545 sicut
2544 3492 2756 3558 dixisti,
2805 3495 3076 3563 particeps
3126 3497 3331 3564 gloria,
3367 3508 3421 3551 et

1852 3579 2141 3632 suavitatis
2177 3581 2444 3636 bonorum
2483 3594 2698 3639 tuorum
2738 3586 2860 3640 liam
2892 3604 2904 3651 ;
2942 3603 3085 3642 nunc
3115 3589 3333 3657 quidem
3364 3599 3419 3641 ut

1852 3668 1904 3721 in
1940 3668 2251 3739 aenigmate,
2290 3684 2340 3727 et
2375 3674 2430 3727 in
2492 3676 2689 3745 figura,
2753 3685 2807 3732 et
2868 3679 2919 3731 in
2978 3680 3203 3749 speculo
3245 3699 3256 3733 :
3292 3691 3420 3734 tunc

1852 3774 1979 3812 vero
2020 3775 2372 3831 cognoscam,
2412 3766 2550 3820 sicut
2576 3778 2628 3821 et
2659 3772 2913 3839 cognitus
2950 3787 3070 3824 sum
3108 3774 3171 3825 ³⁷.

2376 3902 2603 3958 CAPUT
2636 3904 2874 3960 XXVIII.

1851 4008 2158 4085 Gratiarum
2192 4014 2330 4066 artio
2364 4015 2432 4066 nd
2467 4014 2629 4067 Deum
2662 4031 2754 4081 pro
2794 4019 3021 4085 acceptis
3057 4019 3120 4070 ab
3160 4035 3218 4072 co
3263 4020 3416 4074 bene-

1920 4082 2098 4157 firiis;
2131 4091 2180 4134 et
2215 4085 2266 4157 in
2298 4086 2584 4157 qtttvstione
2620 4087 2877 4153 positum,
2917 4082 3256 4154 quamobrem
3298 4108 3418 4157 per-

1922 4154 2046 4217 ferri
2103 4169 2131 4205 οι
2192 4155 2523 4207 άωιιιοηίὸιιε
2582 4156 2778 4209 tentari
2854 4160 3253 4224 permittuntur.
3298 4154 3416 4213 ὀε-

1919 4224 2139 4288 scriptio
2178 4227 2604 4319 'renuntiantium
2659 4228 2876 4291 mundo,
2934 4237 2983 4281 et
3028 4229 3314 4293 institutio,
3363 4232 3416 4283 in

1917 4308 2141 4359 persona
2168 4307 2281 4346 vet.

1915 4404 2223 4475 Cognoscis
2258 4407 2667 4463 mendicitatem
2702 4423 2902 4472 meam,
2930 4408 3074 4463 nosti
3099 4409 3416 4475 orbitatem,

1848 4497 1958 4551 scis
1990 4497 2368 4563 solitudinem,
2412 4498 2598 4554 cernis
2650 4498 3107 4563 imbecillitatem.
3154 4510 3208 4556 et
3240 4503 3417 4571 impo-

178 4582 381 4637 dolores
464 4586 922 4653 tribulationum,
988 4598 1042 4643 et
1112 4592 1486 4647 molestiarum
1556 4596 1741 4653 clavos

1850 4588 2071 4643 tentiam
2100 4604 2301 4654 meam,
2346 4590 2435 4660 qui
2482 4605 2569 4645 me
2619 4589 2827 4645 tinxisti
2887 4590 3029 4648 Deus
3070 4607 3258 4659 meus;
3302 4610 3413 4648 non

176 4687 377 4728 summo
410 4677 616 4744 gaudio
646 4679 857 4747 excipe,
890 4691 946 4732 ut
976 4696 1233 4737 coronam
1266 4686 1471 4751 gloriae.
1508 4687 1742 4757 Injnria-

179 4780 282 4818 rum
315 4768 530 4822 lanceis
592 4769 843 4824 confixus
886 4771 938 4824 in
994 4773 1179 4835 horas,
1237 4782 1290 4829 et
1336 4777 1484 4830 omni
1544 4793 1741 4846 genere

178 4857 589 4923 ignominiarum
652 4862 919 4914 acerrime
976 4863 1267 4932 lapidatus.
1332 4867 1590 4938 lacrymis
1642 4885 1739 4939 pro

176 4952 427 5018 sanguine
481 4950 746 5022 profusis,
794 4966 1000 5024 martyr
1051 4956 1181 5021 etis,
1230 4957 1640 5029 illusioncsquc,
1684 4968 1740 5016 et

175 5039 343 5109 alapas
373 5041 558 5096 ferens
590 5043 773 5097 animo
802 5046 1131 5113 gratissimo,
1169 5048 1495 5115 divinitatis,
1528 5060 1582 5107 et
1614 5054 1733 5123 glo-

177 5134 257 5185 ria:
294 5150 429 5187 mea!
474 5150 710 5189 consors
747 5136 863 5191 lies.
914 5136 1071 5203 Quod
1121 5139 1165 5193 si
1212 5143 1444 5210 teipsum
1487 5145 1731 5200 omnium

176 5232 496 5289 postremum
571 5226 789 5292 feceris,
851 5244 1213 5301 servumque,
1268 5248 1333 5288 ac
1397 5235 1729 5299 ministrum,

174 5322 343 5380 postea
380 5320 617 5387 primum
653 5320 894 5375 omnimn
919 5333 969 5377 te
999 5324 1242 5389 reddam,
1278 5327 1731 5395 quemadmodum

177 5410 404 5472 promisi.
440 5411 499 5464 Si
538 5412 809 5477 inimicos,
838 5424 890 5468 et
920 5429 1111 5470 omnes
1152 5417 1403 5471 odieutes
1435 5427 1487 5473 te
1526 5420 1733 5475 dilexev

178 5498 263 5561 ris,
285 5509 335 5553 et
373 5518 475 5571 pro
511 5503 795 5569 iniuriosis
830 5506 881 5559 in
936 5516 987 5561 te
1039 5510 1309 5569 oraveris,
1359 5508 1576 5580 illisque
1636 5526 1732 5579 pro

177 5590 369 5647 viribus
399 5594 512 5648 tuis
557 5593 914 5662 benefcccris,
962 5600 1157 5655 similis
1214 5601 1458 5670 profecto
1506 5602 1729 5656 evasisti

182 5676 309 5735 I‘atri
344 5692 435 5738 tuo
466 5684 773 5751 altissimo;
828 5698 878 5744 ct
939 5690 1063 5747 hinc
1119 5709 1309 5762 purum
1345 5709 1441 5749 cor
1475 5694 1725 5763 adeptus,

235 5861 271 5889 ³⁷
295 5861 309 5915 I
334 5865 431 5919 (in
488 5880 609 5929 xtu,
645 5865 721 5919 l2.

1844 4684 2087 4750 ignoras.
2120 4681 2369 4751 inquam,
2406 4682 2502 4737 sed
2536 4683 2742 4753 aspicis
2776 4692 2856 4748 tu,
2895 4696 2949 4738 tu
2982 4684 3167 4739 omnia
3206 4702 3411 4755 cogno-

1846 4771 1974 4825 scis.
2016 4768 2151 4826 Vide
2181 4786 2281 4825 cor
2309 4773 2681 4840 humiliatum,
2706 4775 2828 4829 vide
2851 4778 3177 4841 contritum,
3209 4778 3330 4831 vide
3357 4788 3414 4831 ut

1845 4865 2320 4930 desperal'undum
2353 4866 2418 4919 ad
2465 4877 2515 4919 te
2559 4867 2932 4932 accedentem,
2982 4877 3037 4922 et
3089 4874 3159 4922 da
3190 4885 3252 4923 ex
3303 4871 3412 4923 altu

1843 4954 2075 5023 gratiam
2107 4962 2282 5019 tuam;
2306 4954 2371 5008 da
2405 4953 2649 5007 divinum
2680 4954 2924 5023 Spritum
2945 4964 3134 5021 tuum;
3169 4958 3258 5022 da,
3290 4958 3414 5011 Stl-

1844 5053 2020 5109 vator,
2056 5042 2422 5111 Paracletum;
2461 5044 2614 5099 mitte
2646 5046 2790 5100 sicut
2815 5047 3139 5114 promisisti,
3178 5049 3331 5103 mitte
3361 5059 3412 5102 et

1845 5151 1989 5190 nunc
2022 5136 2200 5206 ipsum
2241 5151 2346 5190 una
2383 5137 2654 5192 assidenti
2692 5138 2744 5190 in
2779 5137 3065 5207 superiore
3102 5142 3408 5201 cmnaculo.

1841 5242 2028 5283 revera
2053 5228 2187 5282 mihi
2224 5229 2487 5283 eminenti
2541 5243 2708 5298 supra
2754 5243 2842 5284 res
2881 5238 3129 5286 terrenas
3161 5238 3215 5284 et
3247 5247 3411 5300 supra

1841 5324 2018 5371 totum
2044 5319 2330 5382 mundum,
2363 5326 2417 5371 et
2443 5326 2495 5372 te
2531 5319 2822 5387 quaerenti,
2846 5327 3112 5389 tuumque
3144 5320 3408 5388 Spiritum

1842 5410 2197 5478 prmstolanti.
2216 5408 2291 5464 Nc
2311 5410 2770 5478 igiturcuncteris
2787 5412 3118 5475 misericors,
3134 5426 3202 5465 ne
3222 5412 3408 5482 despio

1840 5500 1953 5554 cias
2000 5501 2321 5566 miseratur,
2373 5518 2440 5557 ne
2484 5502 2833 5557 obliviscaris
2864 5504 3082 5558 sitiente
3136 5506 3317 5559 anima
3352 5514 3405 5557 te

1840 5602 2195 5661 qumrcnteut,
2229 5604 2281 5648 et
2318 5609 2385 5649 nc
2430 5594 2686 5649 excludas
2720 5594 2890 5664 gloria
2929 5595 3069 5649 hunc
3101 5596 3406 5665 indignum,

1841 5703 1974 5742 neve
2011 5686 2341 5743 abomineris
2380 5701 2486 5750 me,
2524 5702 2626 5741 neu
2657 5686 2897 5743 desetas.
2940 5686 3159 5742 Viscera
3188 5694 3279 5739 tua
3308 5685 3407 5739 ob-
