4170 6452
711 382 806 445 567

1931 393 2317 454 SYMEONIS
2355 395 2494 456 JUN
2510 400 2638 458 IOR
2654 402 2724 460 IS

3846 410 3954 470 568

712 502 901 565 tendo,
955 499 1390 593 misericordiam
1441 506 1588 552 tuam
1623 502 1846 571 objicio,
1881 513 1935 558 et
1969 505 2278 576 benignita-
2313 519 2351 570 Α
2383 523 2439 568 et
2491 531 2610 568 cum
2651 523 2704 570 te
2755 516 2997 570 immissa
3058 517 3531 586 pusillanimitate,
3578 537 3638 575 ac
3689 523 3954 593 deep-era-

710 603 814 644 tem
854 601 1002 644 tuam
1034 582 1400 660 interpretem
1439 606 1617 646 meam
1647 601 1813 662 atque
1842 596 2278 652 conciliatricem

709 685 803 737 tibi
873 681 1060 736 odero.
1128 681 1248 735 Non
1298 683 1582 750 laboravi,
1657 699 1763 738 non
1824 689 2052 756 pra‘stiti
2111 704 2278 758 opera

704 776 963 845 justitim,
989 791 1266 843 nunquam
1301 777 1514 830 servavi
1538 778 1710 832 ullum
1736 779 2051 835 mandatum
2085 792 2234 835 tuum
2263 801 2278 838 :

712 869 805 923 sed
845 869 1014 922 vitam
1070 883 1245 922 meam
1304 884 1523 924 omnem
1577 871 1886 935 luxuriose,
1949 887 2012 927 ac
2070 875 2281 942 perdite

710 960 966 1014 transivi.
1015 960 1405 1016 Verumtamen
1438 975 1548 1016 non
1578 979 1639 1018 es
1667 979 1753 1019 me
1780 974 2109 1033 aspernatur:
2139 984 2154 1028 ;
2183 968 2280 1021 sed

711 1053 1003 1121 qumsitum
1040 1053 1325 1116 invenisti,
1381 1063 1654 1108 errantem
1689 1070 1718 1108 a
1754 1057 1841 1110 via
1877 1057 2084 1113 erroris
2189 1077 2278 1116 re-

712 1145 952 1209 duxisti;
988 1153 1193 1198 etcum
1242 1160 1328 1200 me
1362 1161 1459 1214 per
1497 1147 1676 1202 lumen
1712 1147 1903 1217 gratiae
1954 1157 2060 1202 tuae
2091 1147 2282 1202 hume-

711 1237 789 1291 ris
818 1239 925 1292 tuis
963 1237 1338 1292 immaculatis
1385 1240 1682 1294 miseratus
1716 1240 2097 1309 imposuisses,
2151 1255 2282 1309 por-

705 1329 860 1390 tasti,
899 1345 996 1383 nec
1027 1329 1476 1399 defatigationem
1519 1331 1684 1385 ullam
1736 1332 1944 1386 sentire
1976 1348 2060 1387 me
2088 1349 2281 1403 passus

710 1436 769 1475 es
803 1439 814 1474 :
859 1437 1050 1474 verum
1091 1430 1353 1491 tanquam
1393 1423 1447 1476 in
1484 1437 1678 1488 curru,
1712 1433 1807 1478 aut
1833 1424 2084 1479 vehiculo
2123 1427 2282 1494 quie-

711 1524 984 1578 scentem,
1045 1516 1246 1570 dedisti
1315 1518 1555 1570 molliter
1585 1533 1684 1586 per
1731 1518 1847 1572 vias
1900 1533 2127 1587 aSperas
2181 1520 2284 1574 iter

713 1621 995 1678 peragere,
1031 1607 1206 1662 donec
1238 1608 1290 1662 in
1326 1610 1539 1663 caulam
1574 1610 1757 1663 ovium
1786 1618 2002 1665 tuarum
2031 1612 2282 1667 restitui-

714 1701 808 1760 sti.
843 1710 895 1754 et
929 1699 1150 1770 famulis
1183 1703 1288 1757 tuis
1318 1703 1646 1771 aggregasti.
1675 1703 2108 1758 Miscricordiam
2133 1715 2281 1758 tuam

712 1794 972 1860 praedico,
1002 1796 1409 1851 miserationem
1453 1797 1640 1860 laudo,
1665 1798 1871 1866 gratias
1900 1813 2022 1868 ago,
2057 1808 2109 1851 et
2140 1797 2284 1852 divi-

713 1889 817 1941 tias
851 1889 1121 1945 bonitatis
1159 1899 1263 1944 tua:
1293 1889 1561 1944 admiror.
1596 1890 1734 1944 Cum
1770 1907 1934 1959 porro
1958 1892 2009 1945 in
2044 1901 2096 1946 te
2129 1907 2286 1946 recu-

714 1981 952 2044 buerim,
987 1990 1040 2034 ut
1084 1984 1320 2046 narravi,
1374 1983 1535 2037 ctiam
1582 1999 1727 2037 nunc
1776 1984 1918 2052 apud
1951 1993 2005 2038 te
2036 1999 2189 2048 sum,
2225 1993 2285 2038 ut

714 2083 869 2139 puto,
900 2081 1049 2128 totus
1089 2089 1281 2129 servus
1332 2083 1478 2137 tuus,
1523 2073 1826 2144 affixusque
1854 2076 2069 2140 lumini,
2104 2083 2157 2131 et
2192 2077 2284 2129 tibi

713 2165 1108 2235 agglutinatus,
1174 2174 1224 2219 et
1268 2167 1547 2221 desiderio
1611 2167 1688 2220 tui
1747 2168 1947 2231 victus,
1995 2176 2050 2220 et
2101 2181 2287 2220 amore

715 2258 1082 2328 compeditos,
1117 2257 1320 2319 haereo,
1358 2259 1718 2328 obstupesco,
1751 2267 1805 2311 et
1841 2258 2158 2326 perspicere
2185 2274 2285 2312 ne-

716 2366 880 2417 queo,
939 2366 1111 2420 quare
1168 2350 1460 2404 tribulatio
1512 2352 1747 2419 attingat
1799 2350 2056 2404 miseram
2111 2363 2286 2404 meam

716 2446 998 2508 animam;
1053 2459 1224 2514 quare
1268 2445 1492 2499 tristitia
1537 2444 1836 2506 subintret,
1872 2458 2044 2512 quare
2079 2458 2166 2497 me
2205 2452 2287 2496 to-

717 2547 831 2591 tum
880 2537 1218 2602 conturbet;
1261 2552 1434 2605 quare
1485 2551 1571 2590 me
1623 2537 1799 2605 privet
1849 2535 2139 2590 dulcedine
2193 2543 2288 2589 tua

718 2629 883 2692 Deus,
919 2639 972 2683 et
1008 2643 1034 2681 a
1071 2629 1273 2699 gaudio
1306 2628 1592 2682 abstrahat
1645 2637 1994 2681 tcrrenorum
2042 2626 2288 2681 afﬂictio.

718 2722 855 2776 Num
891 2738 973 2775 me
1009 2730 1295 2790 tantopere
1328 2722 1562 2790 lapsum,
1594 2729 1644 2775 ct
1681 2731 1909 2790 peccan
1933 2721 2288 2782 obstrictum,

717 2823 810 2868 aut
845 2814 970 2884 quia
1003 2824 1052 2869 te
1085 2813 1151 2868 ad
1184 2816 1318 2866 iram
1349 2814 1574 2884 gravius
1606 2812 2291 2878 ceucitarim,boneChri-

722 2918 824 2971 ste,
863 2908 1151 2976 relinquis,
1191 2915 1250 2961 ιιι
1294 2907 1534 2976 amplius
1568 2907 1870 2961 contrister
1905 2922 2067 2975 quam
2105 2913 2288 2966 antea,

722 3003 940 3070 quando
975 3000 1159 3053 anima
1192 3015 1310 3054 mea
1344 3000 1621 3054 serviebat
1669 2998 2001 3053 turbulentis
2051 2996 2296 3051 aﬂectio-

725 3093 925 3147 nibus?
958 3092 1072 3156 Dic,
1100 3101 1149 3147 et
1175 3091 1311 3146 doce
1346 3109 1434 3146 me
1463 3109 1609 3146 nunc
1639 3090 1908 3161 profunda
1937 3090 2144 3160 judicia
2177 3098 2292 3146 tua.

2386 607 2536 662 tione
2567 609 2855 663 vulnerare
2890 620 3185 675 conentur,
3219 627 3314 680 spe
3356 621 3446 666 tua
3475 615 3616 668 velut
3654 617 3874 671 emissis
3903 619 3956 672 in

2384 703 2534 772 ipsos
2567 702 2766 769 iaculis
2795 703 3180 758 vulnerentur.
3237 705 3525 761 Iracundia
3578 715 3650 770 te,
3686 719 3746 761 ut
3781 710 3954 778 pugil-

2385 795 2496 848 latu
2552 802 2953 863 oppugnantes,
3004 803 3060 849 et
3120 795 3173 848 in
3240 794 3481 848 furorem
3532 797 3892 864 impellentes,
3925 813 3953 852 a

2385 886 2805 943 mansuetudine
2839 896 2931 939 tua
2971 885 3024 939 in
3059 886 3253 940 faciem
3296 887 3482 957 alapis
3516 889 3811 957 accipiant,
3862 907 3958 943 ex-

2387 986 2579 1049 traque
2609 979 2830 1033 domum
2867 990 3014 1034 tuam
3047 979 3235 1050 procul
3268 975 3582 1056 ejiciautur.
3613 979 3752 1035 Num
3789 983 3955 1047 enim,

2386 1082 2448 1125 ut
2477 1071 2610 1134 dixi,
2662 1071 2866 1134 infans,
2906 1080 2999 1125 aut
3041 1083 3176 1139 puer
3208 1071 3439 1140 pusillus
3479 1071 3573 1126 es?
3602 1087 3728 1125 num
3780 1073 3959 1126 adhuc

2387 1174 2440 1218 te
2469 1164 2818 1218 imbecillitas
2841 1164 3010 1217 animi
3042 1164 3232 1217 tenet?
3257 1162 3397 1216 Num
3432 1166 3593 1217 etiam
3623 1166 3784 1221 modo
3810 1182 3962 1220 mens

2389 1256 2483 1310 tibi
2515 1257 2581 1310 ad
2609 1255 2968 1310 obnitendum
3021 1255 3232 1309 infirma
3272 1258 3397 1311 est?
3431 1255 3588 1311 Nosti
3616 1267 3670 1311 et
3711 1258 3960 1312 inimicos

2387 1349 2592 1420 fugere,
2619 1356 2672 1402 et
2702 1363 2918 1402 rursum
2945 1348 3167 1402 eosdem
3188 1347 3428 1403 vincere.
3466 1347 3601 1401 Nam
3621 1354 3676 1404 et
3711 1365 3961 1416 pugnans

2390 1457 2472 1494 me
2507 1441 2834 1508 adjutorem,
2869 1455 2931 1493 ac
2959 1440 3327 1503 defensorem,
3363 1450 3414 1494 et
3445 1439 3624 1506 fugam
3662 1456 3961 1508 capessens

2389 1548 2473 1587 me
2495 1533 2734 1587 validum
2773 1548 2836 1586 ac
2869 1540 3047 1585 tutum
3083 1539 3457 1602 tegumentum
3490 1532 3680 1586 habes.
3717 1531 3780 1585 Et
3803 1532 3961 1602 quid-

2389 1640 2536 1689 nam,
2573 1625 2790 1688 amabo,
2825 1632 3171 1679 terrenorum
3216 1624 3448 1678 istorum
3504 1624 3818 1679 mmstitiam
3866 1623 3963 1676 tibi

2390 1717 2680 1787 apportat?
2712 1718 2938 1781 Aurum,
2970 1732 3036 1770 an
3084 1727 3396 1783 argentum,
3446 1733 3512 1770 an
3544 1716 3773 1785 pretiosi
3833 1715 3968 1782 lapi-

2391 1812 2527 1865 des?
2553 1818 2607 1864 et
2645 1810 2772 1879 quis
2817 1809 2959 1879 lapis
2995 1825 3079 1864 me
3126 1810 3406 1880 fulgidior,
3463 1820 3553 1864 aut
3598 1809 3721 1878 quis
3759 1809 3966 1862 clarius

2390 1902 2573 1955 lucet?
2616 1902 2679 1954 Et
2709 1909 2890 1954 tamen
2921 1900 3047 1970 quis
3077 1900 3239 1969 lapis,
3274 1907 3334 1952 ut
3364 1915 3487 1970 ego,
3542 1901 3593 1954 in
3627 1899 3778 1953 nulla
3818 1901 3968 1953 aesti-

2390 1991 2629 2046 matione
2660 1992 2919 2060 penitus?
2968 1990 3047 2044 An
3080 2007 3209 2045 vero
3268 2006 3526 2056 agrorum
3577 1993 3828 2055 amissio,
3878 2001 3970 2045 aut

2390 2085 2617 2155 penuria
2645 2086 2913 2148 alimenti,
2964 2096 3056 2139 aut
3087 2085 3323 2139 defectio
3353 2086 3463 2139 vini
3501 2086 3726 2140 omnino
3767 2094 3819 2139 te
3857 2084 3971 2140 dis-

2389 2174 2878 2243 cruciat?thuis
2910 2174 3051 2228 alius
3074 2175 3366 2244 paradisus
3417 2184 3501 2229 est
3561 2176 3664 2229 mei
3725 2175 3972 2231 similis?

2389 2276 2483 2322 aut
2512 2268 2644 2338 quid
2683 2283 2779 2338 par
2807 2268 3010 2322 habent
3033 2268 3148 2322 haec
3179 2267 3465 2329 inferiora,
3493 2274 3546 2321 et
3577 2267 3784 2321 caduca
3810 2275 3972 2321 terra:

2391 2361 2648 2416 mitium?
2705 2359 2842 2425 Quis
2893 2369 3074 2414 autem
3128 2359 3290 2429 panis
3342 2360 3395 2413 in
3440 2359 3644 2413 mundo
3681 2359 3830 2416 talis.
3879 2369 3973 2413 aut

2391 2453 2536 2522 quod
2565 2452 2753 2507 vinum
2785 2451 3027 2506 conferri
3075 2461 3255 2520 potest
3288 2466 3410 2504 cum
3447 2456 3618 2520 gratia
3661 2466 3807 2513 mea,
3844 2467 3970 2505 curn

2392 2547 2579 2602 divino
2614 2546 2837 2615 spiritu,
2867 2561 2991 2600 cum
3035 2560 3174 2614 pane
3216 2545 3360 2609 vitae,
3392 2561 3552 2615 quem
3583 2561 3683 2612 ego
3712 2547 3808 2610 do,
3845 2560 3970 2598 cor-

2393 2659 2497 2713 pus
2526 2642 2733 2697 scilicet
2762 2650 2818 2695 et
2851 2641 3176 2710 sanguinem
3232 2655 3435 2703 meum,
3477 2642 3628 2708 puris
3676 2639 3868 2701 corde,
3922 2649 3968 2691 et

2395 2734 2697 2788 indubitata
2726 2733 2856 2794 fide,
2883 2746 3005 2784 cum
3040 2732 3257 2793 timore,
3292 2739 3346 2783 et
3374 2739 3612 2783 tremore
3638 2729 3975 2781 manducan-

2397 2827 2567 2892 tibus,
2597 2833 2653 2880 et
2684 2823 2997 2878 bibentibus
3022 2837 3126 2890 qua
3153 2821 3458 2882 intellectu,
3485 2835 3589 2889 qua
3621 2835 3787 2873 sensu
3811 2821 3832 2871 ?
3854 2834 3978 2887 qva!

2395 2917 2623 2983 deliciae,
2653 2915 2797 2985 quod
2837 2915 3120 2984 gaudium,
3153 2929 3272 2984 qua:
3306 2913 3500 2982 gloria,
3545 2927 3757 2979 quaso,
3797 2913 3977 2976 major

2398 3011 2561 3083 estin
2608 3010 2795 3073 terris,
2819 3023 2983 3078 quam
3021 3022 3110 3062 me
3153 3008 3332 3061 solum
3384 3006 3611 3070 intueri,
3653 3020 3738 3059 me
3798 3003 3976 3056 solum

2401 3119 2496 3174 per
2523 3103 2808 3172 speculum
2842 3103 2895 3156 in
2929 3101 3216 3170 aenigmate
3238 3098 3649 3167 contemplari?
3694 3105 3748 3151 et
3792 3097 3976 3152 solum

727 3187 840 3249 Dic,
885 3196 939 3240 ct
970 3202 1035 3240 ne
1077 3186 1370 3241 detester-is
1419 3187 1733 3255 loquentem
1770 3201 1877 3250 me,
1915 3186 2168 3254 quamvis
2210 3185 2293 3237 in—

2403 3212 2535 3251 mea:
2564 3197 2749 3266 glorite
2782 3195 3052 3264 fulgorem
3093 3194 3361 3262 aspicere,
3393 3207 3596 3261 perque
3631 3190 3812 3259 ipsum
3839 3190 3977 3252 hree,

725 3280 925 3346 dignus
956 3279 1058 3332 sim
1091 3280 1180 3348 qui
1218 3279 1438 3347 loquar,
1478 3290 1532 3332 tu
1564 3279 1656 3348 qui
1697 3278 1974 3348 quondam
2008 3292 2134 3331 cum
2164 3291 2290 3345 pec-

727 3373 1027 3437 catoribus,
1066 3381 1118 3427 et
1149 3373 1538 3427 meretricibus
1565 3373 1759 3442 epulas
1825 3370 2023 3434 iniisti,
2073 3379 2128 3423 et
2170 3385 2293 3422 cum

725 3467 898 3520 asotis
938 3480 998 3519 ac
1030 3466 1341 3534 publicanis
1380 3465 1697 3518 ewnavisti.
1748 3461 1828 3516 Ad
1882 3461 1998 3516 haec
2032 3459 2296 3514 Dominus

730 3572 881 3608 tuens
910 3557 1054 3608 hunc
1085 3555 1139 3607 in
1174 3555 1391 3608 modum
1429 3553 1712 3621 respondit
1741 3573 1754 3608 :

801 3645 954 3701 Nosti
1008 3646 1472 3716 quemadmodum
1506 3661 1607 3713 ego
1642 3655 1741 3700 tee
1772 3645 1976 3700 mundo
2010 3660 2072 3700 ac
2109 3645 2298 3699 infan-

727 3749 833 3793 tem
871 3741 1010 3795 inter
1031 3740 1190 3794 ulnas
1209 3748 1554 3808 asportatqu
1593 3738 1945 3810 gestaverim.
1985 3737 2099 3806 Ego
2126 3745 2299 3791 totum

730 3847 780 3891 te
810 3834 998 3888 fasciis
1030 3833 1374 3887 involvebam
1399 3841 1452 3887 et
1483 3833 1627 3885 lacte
1668 3832 2006 3894 nutriebam,
2045 3830 2136 3884 cui
2175 3831 2299 3883 nul-

729 3931 814 3983 lus
847 3928 1003 3981 cibus
1055 3936 1329 3995 potusque
1386 3922 1695 3993 comparari
1738 3929 1958 3992 potest;
2012 3937 2099 3976 res
2154 3921 2299 3974 enim

731 4037 861 4075 uncae
895 4019 1285 4075 inscrutabiles
1320 4017 1569 4081 omnino,
1596 4029 1650 4070 et
1686 4014 2115 4084 inexplicabiles
2147 4025 2298 4068 sunt.

731 4116 1033 4183 I'aedagogo
1069 4120 1119 4166 te
1155 4110 1538 4165 commendavi
1577 4109 1710 4178 (scis
1758 4123 1922 4178 quem
1963 4108 2169 4175 dicam)
2208 4107 2300 4175 qui

732 4222 782 4260 te
807 4215 862 4259 ut
897 4220 1122 4274 parvum
1159 4218 1412 4273 puerum,
1451 4203 1504 4255 in
1535 4201 1703 4256 horas
1735 4208 2104 4266 crescentem,
2135 4215 2301 4253 cura-

731 4303 806 4355 vit
842 4300 1090 4370 pulchre,
1128 4309 1182 4354 et
1234 4306 1293 4352 ut
1329 4297 1537 4361 decuit,
1570 4296 1850 4351 educavit.
1885 4294 2083 4350 Postea
2127 4293 2305 4347 factus

733 4410 792 4446 es
823 4392 1090 4462 ephebus,
1143 4391 1274 4460 quin
1308 4391 1476 4446 etiam
1523 4389 1955 4444 adolescentiam
1984 4403 2044 4443 es
2088 4389 2304 4457 ingres-

736 4501 852 4550 sus,
877 4501 1052 4554 neque
1075 4484 1282 4546 nescis,
1318 4483 1596 4552 quomodo
1623 4495 1841 4551 semper
1875 4489 2053 4535 tecum
2081 4478 2296 4540 fuerim,

2404 3298 2459 3343 et
2488 3288 2574 3343 his
2607 3289 2764 3357 plura
2794 3285 3000 3349 doceri,
3038 3293 3092 3340 et
3125 3300 3208 3338 me
3235 3285 3401 3338 Deum
3437 3298 3582 3346 esse,
3631 3282 3978 3336 conditorem

2404 3381 2646 3435 omnium
2683 3378 2921 3448 perfecte
2951 3378 3114 3439 scire,
3147 3385 3196 3429 et
3236 3374 3560 3442 intelligere,
3607 3373 3884 3426 hominem
3928 3373 3980 3425 in

2409 3470 2529 3525 lacu
2558 3468 2993 3540 profundissimo
3021 3467 3327 3529 sedentem,
3376 3480 3589 3519 mecum
3643 3464 3695 3516 in
3748 3462 3982 3532 gratiam

2408 3564 2748 3625 restitutum,
2809 3569 2864 3615 et
2922 3559 3040 3615 sine
3103 3557 3392 3613 intervallo
3447 3564 3507 3609 ut
3570 3555 3805 3608 amicum
3855 3567 3984 3606 cum

2409 3655 2588 3709 amico
2619 3652 2879 3721 colloqui,
2916 3650 3377 3704 mercenariorum
3415 3645 3609 3700 ordine
3649 3651 3982 3712 exemptum,

2411 3747 2594 3803 servili
2617 3747 2814 3798 timore
2841 3745 3094 3805 liberum,
3122 3744 3242 3797 sine
3271 3740 3455 3794 labore
3477 3738 3606 3791 mihi
3629 3735 3985 3796 servientem,

2411 3837 2677 3892 charitate
2709 3851 2795 3890 me
2825 3835 3118 3895 colentem,
3148 3830 3460 3887 obedientia
3491 3827 3868 3882 mandatorum
3902 3823 3986 3875 fa-

2413 3930 2779 3984 miliaritatem
2810 3941 2984 3981 meam
3013 3931 3372 3979 consecutum
3397 3922 3419 3974 τ

2482 4021 2744 4089 Agedum,
2805 4034 2914 4073 non
2973 4017 3221 4072 mercede
3275 4014 3402 4068 mihi
3453 4013 3829 4071 servientium,
3885 4022 3988 4062 nec

2411 4113 2681 4169 serviliter
2715 4111 2782 4164 ad
2807 4126 2893 4165 me
2927 4109 3280 4172 venientium,
3313 4107 3405 4161 sed
3441 4107 3766 4164 amicorum,
3801 4109 3856 4155 et
3889 4116 3987 4154 no-

2413 4217 2614 4267 torum,
2651 4219 2714 4257 ac
2749 4203 2984 4258 ﬁliorum
3026 4215 3272 4255 meorum
3307 4198 3550 4252 actiones
3582 4195 3774 4264 quales
3811 4192 3992 4246 solent

2412 4310 2555 4359 esse,
2591 4293 2790 4348 litteris
2829 4292 3094 4359 consigna
3134 4289 3394 4343 breviter.
3435 4284 3704 4341 Omnibus
3742 4282 3991 4336 mortali-

2415 4387 2518 4441 bus
2550 4387 2796 4440 viliorem
2840 4399 2898 4438 se
2932 4384 3156 4436 ducere.
3203 4380 3318 4433 Non
3355 4377 3646 4433 mundanis
3695 4377 3898 4435 solum,
3937 4384 3994 4428 et

2416 4482 2472 4535 in
2509 4480 2615 4534 vita
2653 4479 2907 4547 religiosa
2941 4473 3435 4536 commilitonibus,
3469 4471 3562 4526 sed
3602 4471 3765 4524 etiam
3801 4467 3994 4520 Ethni-

737 4585 918 4629 lccum
983 4574 1314 4627 ncct‘cvel‘im
1343 4613 1356 4635 ν
1409 4583 1464 4626 ιε
1532 4571 1777 4640 undique
1833 4571 2088 4633 ιειθΐῖῐηι
2132 4567 2308 4636 Quoad
2345 4568 2390 4624 ι)
2417 4573 2495 4627 cis
2525 4573 2764 4642 pejorem
2806 4586 2868 4625 se
2897 4568 3168 4623 aestimare
3208 4582 3271 4620 ex
3317 4567 3538 4625 animo;
3577 4577 3740 4616 uuam
3776 4559 3992 4614 minimi

737 4668 1020 4722 commode
1059 4681 1250 4719 omnes
1302 4673 1526 4719 aetatum
1566 4665 1769 4734 gradus
1797 4663 2109 4717 excessisti.
2151 4659 2309 4714 Nunc

741 4763 907 4830 igitur
938 4759 1269 4813 adolescens
1307 4773 1434 4812 esse
1463 4773 1589 4812 cum
1625 4757 1878 4818 desieris,
1920 4763 1974 4809 et
2015 4755 2098 4808 vir
2139 4751 2317 4822 perfe-

740 4860 883 4914 ctus,
911 4851 1022 4919 jam
1057 4850 1123 4902 ad
1158 4857 1501 4902 senectutem
1547 4846 1762 4906 lendas,
1798 4844 2077 4915 quomodo
2119 4843 2317 4896 etiam-

748 4961 874 4997 num
910 4953 966 4996 ut
999 4942 1290 5012 puerulum
1326 4948 1378 4993 te
1410 4941 1554 4992 inter
1592 4939 1818 4992 brachia
1847 4935 2072 5007 gestari,
2114 4949 2177 4988 ac
2206 4934 2317 4986 cir-

745 5037 1006 5090 cumferri
1035 5036 1324 5106 postulas?
1353 5033 1634 5102 quomodo
1660 5034 1840 5086 denuo
1865 5029 2053 5084 fasciis
2087 5025 2316 5089 involvi,

749 5144 810 5180 ac
841 5128 1044 5195 portari
1095 5126 1422 5180 desideras?
1463 5123 1740 5192 quomodo
1792 5122 1932 5175 lacte
1970 5118 2213 5178 educari,
2266 5127 2321 5172 ct

751 5221 854 5274 sub
881 5216 1174 5287 padagogo
1213 5217 1434 5270 vivere?
1470 5231 1679 5284 qumso,
1718 5230 1830 5268 non
1898 5212 2179 5268 erubescis
2215 5212 2318 5264 ista

749 5309 972 5363 dicere?
1013 5310 1148 5361 Cum
1175 5317 1230 5360 tu
1271 5315 1484 5360 aetatem
1527 5306 1739 5359 virilem
1767 5305 1962 5374 agites,
1990 5303 2116 5357 aliis
2155 5302 2323 5355 mini-

749 5410 884 5465 stra,
929 5401 1014 5452 alii
1039 5417 1064 5455 s
1099 5400 1311 5463 educa;
1349 5413 1584 5467 qua-que
1616 5397 1683 5450 ad
1715 5399 1961 5466 ipsorum
2009 5395 2322 5447 incremen-

754 5505 867 5546 tum
903 5492 1204 5562 pertinent,
1257 5491 1484 5559 provide
1538 5499 1587 5543 et
1645 5504 1777 5542 cura
1827 5489 2034 5540 omnia.
2085 5485 2325 5539 loimicis

751 5585 972 5645 resiste,
1020 5592 1074 5636 et
1125 5597 1419 5651 percussus
1461 5587 1709 5649 percute.
1770 5577 2057 5647 lntelligis,
2110 5576 2322 5644 Opinor,

752 5678 818 5734 de
851 5677 1052 5748 quibus
1099 5677 1342 5732 inimicis
1401 5677 1613 5742 loquar.
1670 5674 1976 5726 lnstructas
2021 5671 2323 5724 daemonum

752 5773 897 5825 acies
930 5771 1149 5834 invade,
1188 5779 1240 5824 et
1273 5769 1396 5832 feri,
1437 5768 1568 5820 nihil
1597 5779 1788 5834 parcas
1815 5780 1829 5827 ;
1854 5762 2054 5816 cadens
2077 5775 2322 5829 resurgo,

754 5874 806 5920 et
835 5865 1033 5922 affatim
1068 5864 1176 5922 tela
1209 5872 1398 5921 contra
1431 5859 1871 5919 adversariorum
1905 5856 2007 5912 tcla
2062 5857 2271 5910 remitte
2310 5872 2320 5906 :

2421 4663 2664 4718 mandati
2714 4677 2938 4732 parvam
3000 4658 3530 4728 transgressionem,
3595 4655 3719 4707 vita!
3775 4661 3996 4704 mternte

2419 4753 2771 4808 amissionem
2807 4766 2930 4806 esse
2957 4748 3208 4804 arbitrari
3236 4765 3250 4812 ;
3287 4760 3485 4816 parvos
3518 4757 3736 4812 pueros,
3770 4757 3876 4794 non
3904 4755 3996 4792 se-

2418 4861 2541 4908 cus,
2580 4859 2742 4914 quam
2781 4842 3056 4897 constanti
3103 4847 3261 4893 aetate
3300 4837 3450 4891 viros
3499 4834 3722 4898 intueri,
3769 4841 3824 4885 et
3871 4840 3996 4883 tan-

2419 4953 2583 5009 quam
2632 4937 2930 4990 honoratos
2969 4933 3218 4986 venerari
3258 4945 3320 4982 ac
3351 4929 3628 4990 revereri;
3666 4925 3828 4979 caecis
3867 4923 3995 4976 item

2425 5041 2688 5086 honorem
2722 5028 2996 5091 tribuere;
3032 5034 3218 5092 utpote
3250 5037 3334 5074 me
3365 5021 3434 5074 ab
3463 5020 3573 5072 alto
3606 5016 3788 5071 omnia
3820 5013 4002 5069 homi.

2424 5141 2552 5180 num
2582 5122 2728 5177 facta
2765 5120 3110 5187 inspiciente.
3151 5115 3276 5168 llzec
3306 5128 3525 5183 quoque
3567 5111 3744 5165 facere
3774 5117 4000 5178 propter

2426 5233 2535 5282 me,
2563 5230 2685 5286 quae
2707 5213 2933 5282 perinde
2962 5208 3250 5264 conscribo
3276 5221 3290 5259 :
3322 5207 3443 5260 Non
3496 5204 3698 5258 habere
3734 5200 3998 5254 adversus

2424 5310 2733 5380 quempiam
2783 5319 3008 5372 prorsus
3048 5303 3101 5356 in
3150 5299 3321 5354 corde
3373 5299 3457 5352 vel
3502 5309 3722 5351 tenuem
3755 5307 4002 5348 commo-

2429 5403 2653 5461 tionem,
2682 5407 2775 5451 aut
2799 5397 2971 5450 levem
3001 5393 3369 5461 suspicionem
3398 5407 3412 5454 ;
3454 5399 3472 5442 t
3497 5400 3566 5441 .to
3595 5389 3780 5440 animo
3809 5399 3999 5454 preca-

2427 5496 2605 5547 tiones
2656 5489 2810 5542 obire
2856 5501 2979 5541 cum
3025 5483 3214 5538 dolore
3253 5482 3475 5545 cordis;
3530 5496 3595 5535 ex
3647 5479 4003 5532 commisera-

2431 5585 2577 5636 tione
2621 5593 2812 5633 omnes
2848 5579 2900 5630 in
2945 5586 2994 5631 te
3018 5584 3336 5645 peccantes,
3382 5571 3635 5627 similiter
3669 5578 3720 5622 et
3759 5583 3845 5620 me
3881 5581 4003 5635 per-

2431 5672 2556 5727 inde
2625 5667 2964 5721 oll'endentes
3011 5680 3171 5718 orare
3217 5678 3339 5718 cum
3383 5660 3658 5730 lacrymis,
3703 5667 3764 5712 ut
3808 5657 3876 5708 ab
3920 5656 4004 5708 his

2431 5768 2855 5819 convertantur;
2899 5756 3221 5810 benedicere
3263 5749 3741 5809 maledicentihus,
3793 5759 3846 5801 et
3887 5747 4005 5798 lau-

2433 5855 2560 5910 dare
2596 5867 2660 5908 ex
2693 5849 2894 5906 invidia
2927 5847 3336 5915 couv.ciantes;
3385 5855 3437 5900 et
3472 5840 3818 5900 incommoda
3859 5839 4006 5902 inve-
