4170 6452
203 396 305 458 569

1246 410 1688 472 DlVI-NORUM
1730 413 2061 476 AMORUM
2105 419 2360 485 LIBER.

3339 424 3442 486 570

202 514 415 575 hentes,
447 513 501 566 in
532 514 1015 574 bencmerentibus
1047 535 1334 576 numerare
1363 539 1378 577 :
1420 523 1771 578 refractarios
1798 525 1848 584 Δ
1876 532 1966 596 qui
1991 532 2325 587 voluntatem
2359 550 2514 590 suam
2544 548 2653 589 non
2688 536 2860 602 exuit,
2880 545 2934 591 et
2960 537 3296 591 voluntatem
3321 538 3440 604 ejus

200 611 406 663 autem.
469 619 568 658 nec
625 606 722 660 tibi
781 608 1244 679 obtemperantes,
1299 615 1523 668 omnino
1571 626 1630 668 ut
1691 631 1776 670 me

201 695 448 761 ipsorum
484 695 770 751 Dominum
823 710 1105 770 negantes,
1149 703 1459 768 lamentari,
1493 715 1546 759 et
1580 706 1775 760 deflere

202 786 446 847 assiduo,
491 802 594 841 nec
647 803 744 844 eos
792 791 1122 847 admonendi
1171 795 1330 849 finem
1390 795 1620 852 facere:
1667 795 1773 861 Qui

200 876 335 926 enim
387 893 473 929 vos
527 880 768 947 suscipit,
825 882 954 945 dixi,
1002 902 1082 938 me
1126 888 1344 951 suscipit
1395 903 1413 939 :
1463 899 1508 940 et
1547 889 1636 958 qui
1684 905 1772 942 vos

203 966 376 1028 audit,
410 985 628 1034 prorsus
664 989 743 1025 me
777 975 923 1025 audit
948 973 1015 1027 ³⁸.
1058 977 1158 1041 Qui
1207 993 1332 1031 vero
1371 979 1536 1032 verba
1571 987 1771 1044 vestra,

202 1058 722 1130 admonitionesque
769 1081 874 1119 non
925 1081 1050 1120 cum
1093 1070 1292 1124 timore
1329 1071 1589 1138 admittit,
1621 1083 1674 1129 et
1705 1076 1771 1129 iis

202 1164 380 1213 usque
441 1151 507 1204 ad
563 1163 791 1208 mortem
845 1160 1190 1226 obsequitur,
1249 1177 1357 1216 non
1409 1173 1494 1218 est
1555 1165 1770 1221 futurus

199 1247 422 1294 aeterna:
460 1242 644 1310 glorize
689 1261 820 1300 mea:
869 1253 1142 1319 particeps
1192 1263 1226 1306 ε’
1255 1268 1361 1305 non
1404 1254 1766 1309 eollocabitur

202 1346 441 1398 mecum,
495 1336 584 1402 qui
637 1350 852 1390 crucem
907 1342 1129 1408 pertuli,
1183 1351 1236 1396 et
1282 1343 1426 1397 Patri
1473 1361 1647 1414 usque
1702 1346 1767 1400 ad

201 1430 436 1475 mortem
479 1425 742 1481 obediens
782 1427 853 1481 fui
890 1449 904 1482 :
941 1445 1048 1484 non
1075 1441 1344 1486 statuetur
1375 1436 1438 1488 ad
1469 1437 1768 1502 dexteram,

205 1527 316 1565 non
362 1515 464 1568 erit
496 1517 736 1572 cohaeres
766 1535 956 1574 eorum
993 1523 1078 1588 qui
1114 1526 1324 1593 seipsos
1354 1528 1767 1582 crucifixerunt.

203 1602 282 1658 De
319 1617 541 1669 caetero,
589 1624 658 1662 ne
703 1626 884 1667 cesses
924 1615 1239 1680 admonere,
1283 1634 1354 1672 ne
1395 1619 1616 1676 desinas
1656 1623 1772 1690 plo-

202 1709 349 1760 rare,
386 1714 452 1753 ne
497 1701 831 1759 intermittas
871 1707 1114 1774 ipsorum
1161 1710 1396 1766 salutem
1431 1717 1716 1783 exquirere
1749 1733 1765 1770 :

201 1795 262 1839 nt
297 1789 342 1840 si
373 1799 424 1841 te
460 1793 755 1858 audierint,
787 1807 841 1850 et
866 1802 1117 1854 conversi
1161 1801 1387 1868 fuerint,
1437 1806 1639 1862 habeas
1674 1823 1768 1862 eos

203 1889 465 1949 tanquam
514 1885 736 1951 fratres,
793 1889 1041 1946 lucratus
1083 1896 1325 1948 membra
1369 1905 1480 1962 tua,
1531 1899 1770 1968 mihique
1801 1873 1843 1926 Β

201 1984 263 2025 ut
301 1989 616 2043 germanos,
655 1989 708 2033 et
748 1983 1049 2052 morigeros
1085 1986 1307 2051 oiferas,
1345 1999 1402 2040 ut
1439 1999 1491 2043 et
1520 2005 1619 2059 ego
1650 1991 1769 2045 illos

202 2067 523 2135 suscipiam,
575 2085 671 2138 per
725 2080 800 2134 te,
842 2082 895 2128 et
934 2077 1260 2145 gloriﬁcent.
1311 2089 1365 2134 et
1418 2089 1594 2134 tecum
1627 2081 1770 2136 Patri

203 2172 325 2210 meo
360 2159 413 2211 in
459 2163 699 2215 muneris
749 2165 871 2218 loco
918 2166 1137 2222 donem.
1190 2170 1246 2223 Si
1295 2172 1605 2228 voluntates
1640 2189 1771 2229 suas

203 2262 311 2301 non
344 2249 768 2319 abnegaverint;
804 2256 848 2308 si
879 2257 1088 2312 animas
1121 2275 1248 2314 suas
1283 2276 1390 2314 non
1427 2275 1772 2333 contempse-

205 2340 338 2404 rint,
376 2346 432 2393 tit
462 2342 606 2408 dixi;
643 2345 690 2400 si
728 2347 1103 2404 voluntatibus
1138 2351 1250 2405 anis
1284 2355 1480 2406 mortui
1518 2370 1620 2408 non
1657 2356 1774 2410 fue-

202 2428 336 2492 rint,
384 2440 436 2484 et
474 2432 638 2485 vitam
675 2448 738 2486 ac
769 2449 949 2490 mores
988 2452 1118 2491 suos
1154 2439 1220 2491 ad
1261 2448 1409 2494 tuam
1438 2444 1770 2499 voluntatem

201 2537 312 2574 non
343 2527 893 2590 accommodaveriut,
948 2544 1042 2597 per
1069 2538 1216 2583 tuam
1239 2533 1569 2588 voluntatem
1597 2551 1771 2590 meam

200 2612 505 2681 explentes,
543 2626 598 2669 tu
652 2618 957 2673 mercedem
1010 2628 1158 2675 tuam
1210 2623 1351 2678 haud
1389 2629 1624 2694 amittes,
1670 2645 1772 2683 nec

204 2720 267 2757 ea
317 2708 675 2774 spoliaberis;
715 2712 844 2780 quin
890 2728 988 2781 pro
1019 2716 1251 2784 simplici
1291 2734 1391 2786 ego
1420 2721 1516 2773 tibi
1550 2723 1770 2791 duplam

205 2799 524 2864 rependam,
551 2800 694 2867 quod
724 2804 974 2870 quamvis
1006 2819 1112 2858 non
1141 2807 1411 2872 audirere,
1450 2825 1559 2864 non
1587 2821 1768 2868 tamen

206 2887 356 2955 loqui
413 2887 715 2957 destiteris,
755 2902 810 2946 et
863 2899 1044 2962 potius
1093 2898 1240 2961 odia,
1291 2899 1670 2969 alienationes,
1719 2914 1774 2959 et

205 2982 618 3036 exsecrationes
672 2998 861 3037 eorum
912 2987 1173 3052 subieris,
1220 2993 1676 3055 quemadmodum
1719 3006 1774 3052 et

207 3086 310 3139 ego
341 3072 470 3124 olim
516 3072 642 3127 odio
668 3073 767 3137 fui,
800 3082 853 3129 et
888 3092 1036 3132 nunc
1065 3093 1184 3133 sum
1210 3096 1307 3149 per
1334 3083 1469 3138 istos
1509 3086 1770 3142 istorum-

204 3176 314 3229 que
351 3161 577 3216 similes.

277 3249 380 3304 Per
417 3267 583 3321 opera
618 3253 1000 3324 hujuscemodi
1056 3260 1160 3313 coli
1197 3262 1337 3318 volo.
1397 3264 1502 3320 Per
1560 3269 1686 3323 talia
1725 3280 1781 3324 et

205 3339 406 3393 similia
440 3343 570 3396 mihi
603 3346 943 3414 complacere
973 3349 1134 3404 stude
1169 3368 1183 3404 :
1222 3367 1386 3420 super
1432 3356 1517 3412 his
1544 3373 1781 3428 namque

207 3431 560 3487 vehementer
601 3436 772 3492 laetor.
828 3437 904 3491 Ne
943 3441 1101 3495 malis
1158 3444 1343 3509 otiari,
1398 3462 1498 3500 nec
1557 3451 1779 3504 utilitati

207 3525 401 3577 anima:
434 3533 539 3578 tuze
591 3528 884 3597 quidquam
923 3531 975 3585 in
1025 3533 1231 3588 mundo
1282 3536 1391 3590 ullo
1430 3541 1591 3593 modo
1643 3557 1781 3611 prie-

209 3616 380 3672 feras.
415 3618 586 3683 Quem
625 3624 769 3674 enim
803 3621 1039 3678 fructum
1095 3629 1418 3696 reportabit.
1471 3633 1564 3701 qui
1618 3651 1780 3690 mun-

209 3710 337 3762 dum
375 3710 645 3774 lucratur,
699 3722 790 3765 aut
835 3729 1026 3770 omnes
1065 3720 1157 3785 qui
1196 3721 1250 3774 in
1285 3737 1350 3776 eo
1410 3738 1536 3780 sunt
1570 3731 1775 3798 erudit,

207 3811 269 3851 ac
305 3798 486 3858 docet,
516 3807 568 3851 et
615 3799 903 3856 universos
931 3804 1128 3872 salvat,
1186 3807 1231 3860 si
1265 3823 1373 3864 non
1412 3821 1464 3865 et
1502 3814 1618 3884 ipse
1669 3819 1783 3872 sal-

207 3890 532 3943 vabitur”?
587 3889 721 3956 Quis
757 3894 920 3963 igitur
974 3896 1064 3950 ille
1114 3907 1216 3962 est,
1285 3911 1378 3955 aut
1436 3921 1547 3972 quo
1596 3919 1775 3975 pacto,

210 3982 399 4044 miser,
430 3982 571 4037 alios
609 3985 849 4048 salvans,
886 3989 1123 4042 animam
1154 4006 1308 4045 suam
1364 4010 1472 4050 non
1524 4001 1778 4064 salvabit,

213 4075 303 4128 sed
351 4073 579 4141 perdet?
628 4075 730 4140 Qui
775 4079 934 4132 solvit
987 4083 1300 4138 mandatum
1354 4103 1522 4143 unum
1565 4091 1777 4149 Domini

209 4167 480 4229 omnium,
519 4175 571 4220 et
599 4169 1003 4236 quodammodo
1055 4173 1230 4240 ipsqu
1282 4179 1656 4236 conculcando
1694 4185 1778 4240 in-

211 4259 378 4323 cedit,
407 4269 461 4312 et
486 4260 629 4328 leges
655 4276 800 4315 meas
822 4264 1240 4333 transgreditur,
1266 4280 1320 4323 et
1344 4271 1495 4339 jussa
1518 4279 1775 4335 transilit.

210 4347 310 4412 Qui
338 4356 498 4401 extra
548 4351 756 4404 caulam
787 4361 839 4406 et
897 4366 1046 4422 septa
1101 4359 1478 4416 mandatorum
1531 4380 1775 4424 meorum

211 4453 334 4491 cum
374 4440 468 4502 sit,
509 4440 554 4493 si
608 4456 800 4497 omnes
853 4445 1130 4509 mortales,
1183 4457 1462 4522 totumque
1517 4459 1774 4514 mundum

1877 622 1969 690 qui
2005 639 2289 692 personam
2327 635 2472 680 tuam
2511 627 2675 682 refert
2728 644 2790 682 ac
2845 629 3098 692 sustinet,
3159 638 3218 683 ut
3270 641 3442 694 tuam,

1880 714 1970 784 qui
2004 716 2261 772 Dominus
2289 735 2371 782 es,
2403 721 2455 772 in
2485 719 2667 773 studio
2696 721 2798 774 sibi
2848 736 2956 774 non
2993 723 3197 789 posuit,
3251 729 3304 776 et
3359 722 3440 774 in-

1884 819 2034 879 tegre
2069 826 2179 865 non
2221 811 2534 873 custodivit,
2573 820 2632 865 ut
2677 819 2732 864 tu
2797 811 2909 880 ipse
2939 812 3116 866 Patris
3145 814 3220 864 tui
3249 814 3440 866 volun-

1875 908 2042 953 tatem
2070 901 2436 963 cnstodivisti,
2471 902 2713 956 cohaarcs
2767 912 2818 954 et
2851 917 3082 956 consors
3114 910 3242 956 tuus
3294 903 3439 956 erit?

1876 993 2180 1061 praesertim
2239 1008 2362 1046 cum
2423 994 2724 1061 pepigerit,
2781 995 3021 1061 quandin
3072 994 3438 1059 superaverit,

1873 1099 2151 1153 nunquam
2209 1101 2321 1139 sua:
2371 1085 2542 1152 ipsius
2599 1087 2864 1139 voluntati
2927 1086 3261 1154 pariturum:
3329 1101 3436 1140 non

1875 1175 2221 1228 adhtesurum
2255 1174 2532 1241 sanguini,
2567 1190 2673 1226 non
2701 1190 2917 1228 carnem
2957 1173 3330 1242 pnelaturum,
3386 1174 3437 1226 id

1873 1273 1976 1327 est,
2026 1264 2428 1334 cognationem,
2478 1274 2531 1319 et
2593 1265 2868 1318 vinculum
2926 1275 3154 1328 naturm,
3198 1278 3436 1316 amorem

1873 1354 2021 1407 illum
2055 1354 2378 1420 naturalem,
2411 1356 2502 1424 qui
2534 1357 2589 1408 in
2640 1354 2741 1408 hac
2775 1354 2882 1406 vita
2938 1354 3189 1406 homines
3240 1353 3436 1407 iterum

1879 1460 2003 1498 cum
2035 1445 2103 1498 iis
2131 1447 2375 1514 colligat,
2407 1461 2529 1514 qua
2582 1446 2995 1510 abdicaverant,
3050 1459 3252 1514 eosque
3297 1451 3440 1500 totos

1871 1537 1936 1592 ad
1970 1552 2030 1591 ea
2068 1553 2188 1606 quze
2222 1545 2366 1591 retro
2393 1546 2557 1601 sunt,
2584 1542 2876 1594 convertit.

1940 1626 2208 1697 Martyres
2267 1629 2574 1682 clamarunt
2630 1645 2645 1682 :
2695 1629 2832 1683 Vere
2881 1629 3088 1698 justum
3146 1627 3435 1694 judicium.

1869 1719 2024 1772 Sicut
2065 1718 2210 1772 enim
2238 1720 2329 1787 qui
2388 1720 2452 1771 ad
2514 1717 2900 1788 perferendum
2941 1720 3262 1789 martyrium
3320 1719 3437 1772 ala—

1872 1812 2042 1864 criter
2112 1825 2170 1864 se
2223 1810 2442 1872 obtulit,
2501 1811 2833 1866 adeuntibus
2885 1825 2943 1864 se
2993 1811 3435 1880 consanguineis.

1877 1917 2042 1955 uxore
2073 1909 2125 1956 et
2157 1901 2350 1956 liberis
2396 1916 2517 1954 cum
2575 1903 2891 1969 hujusmodi
2947 1903 3334 1970 querimoniis,
3385 1915 3438 1956 et

1877 1995 2154 2048 lamentis:
2183 1994 2296 2047 Non
2328 1994 2604 2048 misereris
2649 1993 2914 2046 filiorum?
2951 1993 2994 2045 0
3026 1995 3272 2057 immitis,
3304 1994 3437 2047 nihil

1877 2096 1927 2141 te
1960 2093 2142 2140 movet
2165 2086 2399 2140 viduitas
2423 2086 2711 2156 conjugis?
2747 2100 2852 2139 non
2872 2101 3061 2139 eorum
3091 2084 3437 2140 mendicitate

1875 2179 1941 2232 ad
1997 2177 2526 2232 commiserationem
2604 2177 2936 2231 inﬂecteris?
3014 2192 3123 2230 non
3197 2178 3436 2244 ipsorum

1875 2271 2098 2324 exitium
2132 2271 2342 2337 cogitas
2374 2277 2429 2322 et
2456 2268 2806 2322 emollescis?
2855 2266 3067 2336 Ergone
3122 2267 3438 2335 relinquens

1877 2377 2100 2416 uxorem
2139 2362 2378 2424 viduam,
2444 2363 2727 2430 ipsamque
2782 2371 2835 2416 et
2890 2363 3089 2415 liberos
3138 2362 3435 2428 orphanos,

1876 2454 2197 2526 peregrinos
2239 2464 2292 2506 et
2333 2453 2637 2517 mendicos,
2688 2455 2922 2522 teipsum
2988 2453 3163 2507 solum
3218 2467 3437 2506 servare

1878 2547 2092 2601 mavis?
2121 2548 2398 2615 quomodo
2423 2560 2530 2598 non
2576 2546 2747 2614 magis
2780 2561 2875 2611 pro
2914 2545 3181 2598 homicida
3215 2545 3439 2597 damna-

1875 2639 2043 2702 beris,
2105 2639 2323 2709 quando
2357 2654 2457 2692 nos
2512 2653 2702 2691 omnes
2769 2637 3073 2706 perdendos
3126 2636 3438 2695 deseris.et

1877 2731 2114 2782 animam
2153 2741 2298 2783 tuam
2333 2730 2506 2783 solam
2538 2729 2752 2782 salvare
2781 2728 3032 2789 conaris;
3085 2727 3153 2793 si,
3188 2729 3436 2794 inquam,

1875 2837 2001 2876 cum
2056 2821 2256 2876 talibus
2316 2818 2800 2873 lamentationibus
2889 2817 3150 2881 veniant,
3216 2816 3438 2870 omnino

1877 2927 2064 2967 eorum
2109 2927 2296 2974 voces,
2331 2926 2430 2964 nec
2460 2909 2525 2963 ad
2564 2917 2822 2978 punctum
2879 2909 3140 2977 temporis
3168 2907 3439 2962 sustinere

1876 3005 2068 3068 debet;
2103 3019 2201 3057 nec
2230 3016 2388 3055 aures
2414 3001 2518 3054 illis
2545 3000 2819 3053 tantillum
2850 2998 3202 3052 commodare
3239 3006 3290 3050 et
3322 2997 3440 3052 sive

1880 3096 2064 3157 donis,
2107 3110 2169 3148 ac
2199 3095 2372 3162 pretio
2397 3093 2636 3153 vincula,
2688 3106 3074 3158 carceremque
3124 3090 3437 3153 dimittere;

1803 3200 1847 3257 ο
1882 3190 1996 3240 sive
2023 3195 2094 3248 te,
2127 3185 2366 3248 Christe,
2389 3190 2580 3251 negato
2610 3181 2676 3235 ab
2706 3181 2792 3235 his
2817 3181 3071 3263 liberari;
3119 3180 3210 3234 sed
3241 3187 3298 3232 ut
3327 3178 3436 3247 jam

1884 3286 2149 3338 mortuus,
2181 3282 2428 3343 perstare
2479 3277 2530 3326 in
2560 3273 2918 3334 cruciatibus,
2980 3286 3335 3341 perseverare
3383 3271 3436 3324 in

1883 3368 2152 3428 custodia,
2186 3366 2480 3435 perdurare
2512 3366 2564 3418 in
2597 3364 2738 3418 fame
2761 3372 2815 3418 et
2849 3364 2964 3428 siti,
2995 3380 3176 3417 rerum
3217 3379 3278 3416 ac
3312 3377 3442 3432 pos-

1883 3460 2189 3513 sessionum
2229 3472 2454 3512 suarum
2500 3457 2824 3520 immemor;
2861 3465 2935 3518 et,
2991 3456 3034 3508 si
3081 3455 3191 3509 ﬁeri
3247 3455 3438 3524 possit,

1882 3564 1983 3602 nec
2042 3548 2188 3601 aliud
2252 3547 2536 3616 quidpiam
2592 3559 2744 3601 extra
2809 3547 3115 3601 custodiam
3169 3548 3440 3615 cogitans,

1881 3641 2048 3694 etiam
2086 3638 2230 3692 velut
2265 3654 2360 3708 per
2395 3649 2783 3703 transennam;
2816 3637 2910 3692 sed
2945 3637 3009 3690 ad
3050 3647 3098 3690 te
3148 3637 3441 3705 respicere,

1887 3729 2108 3784 Domine
2133 3729 2535 3792 universorum,
2572 3737 2620 3781 et
2651 3737 2886 3780 mentem
2919 3742 3070 3781 suam
3126 3726 3178 3779 in
3222 3736 3272 3780 te
3313 3741 3444 3778 con-

1884 3819 2198 3889 temptando
2223 3818 2454 3888 deligere
2509 3825 2791 3886 perpetuo,
2843 3825 3006 3885 atque
3069 3817 3142 3868 ita
3177 3816 3442 3884 usquead

1885 3921 2112 3966 mortem
2143 3913 2259 3965 solo
2307 3911 2382 3964 tui
2417 3925 2602 3964 amore
2631 3910 2766 3963 dura
2800 3910 3040 3978 perpeti:
3096 3923 3197 3961 nec
3250 3923 3443 3961 curare

1882 4004 2064 4066 debet,
2095 4005 2139 4057 si
2169 4003 2261 4071 qni
2321 4001 2616 4064 declinent,
2673 4001 2838 4068 siqui
2911 4009 3107 4068 negent
3141 4005 3215 4060 te,
3265 4004 3319 4052 et
3377 3995 3442 4049 ad

1882 4100 2116 4167 priorem
2147 4096 2406 4149 vomitum
2437 4103 2799 4156 revertantur,
2847 4092 2912 4146 ad
2959 4093 3200 4144 actiones
3253 4090 3444 4157 pristi-

1882 4202 2004 4252 nas,
2033 4187 2098 4238 ad
2150 4183 2550 4240 sollicitudines
2607 4192 2972 4243 terrenarum,
3026 4189 3079 4232 et
3116 4180 3323 4241 uxoris,
3381 4193 3445 4231 ac

1883 4277 2156 4340 ﬁliorum;
2190 4291 2290 4329 nec
2325 4274 2432 4327 ullo
2463 4283 2723 4343 prietextu
2767 4272 2832 4324 iis
2890 4270 3109 4340 illigari,
3160 4285 3268 4323 non
3299 4269 3444 4323 enim

1882 4369 2114 4438 amplius
2173 4367 2368 4421 animae
2425 4379 2538 4420 sum
2594 4365 2855 4418 Dominus
2913 4370 3017 4416 est.
3062 4363 3241 4426 Quare
3297 4375 3448 4413 com-

1884 4461 2067 4530 plures
2099 4459 2239 4513 servi
2267 4459 2365 4521 tui,
2398 4458 2710 4510 carceribus
2769 4455 2867 4508 abs
2918 4462 2969 4508 te
3004 4455 3226 4522 apertis,
3259 4453 3448 4504 vincu-

213 4531 531 4592 salvaverit,
559 4532 694 4585 mihi
730 4534 946 4603 ignotus
973 4545 1026 4590 et
1048 4542 1390 4608 peregrinus,
1414 4553 1466 4598 et
1489 4547 1556 4600 ab
1587 4551 1779 4607 oribus
1810 4537 1860 4598 Ι)
1887 4555 2060 4620 lisque
2091 4565 2374 4619 corporum
2409 4550 2567 4619 plane
2594 4548 2813 4610 solutis,
2851 4546 3001 4600 exire
3032 4560 3094 4597 ac
3118 4545 3303 4612 fugere
3328 4557 3446 4594 om-

213 4625 349 4678 meis
385 4626 791 4682 remotissimus
831 4629 954 4682 erit.
1000 4630 1231 4687 Maxime
1281 4645 1484 4699 autem,
1521 4642 1646 4707 quia
1690 4658 1778 4698 se-

215 4729 332 4782 pem
371 4715 546 4768 caulze
608 4720 838 4784 ruperit,
913 4727 967 4773 et
1019 4723 1214 4778 ovibus
1271 4726 1495 4781 aliunde
1551 4734 1778 4797 exitum,

209 4821 373 4874 quam
409 4822 506 4874 per
534 4806 780 4874 januam,
803 4820 856 4864 ct
879 4811 1157 4866 introitum
1181 4815 1425 4884 iniquum
1467 4819 1597 4876 feris
1630 4835 1778 4890 pale-

215 4898 453 4958 fecerit,
513 4898 776 4966 judicium
840 4904 1086 4958 severius
1144 4921 1308 4972 quam
1379 4910 1485 4964 diei
1557 4926 1782 4984 potest,

215 5005 439 5058 prepier
472 5005 605 5042 oves
661 4991 976 5053 sustinebit.
1013 5004 1067 5047 et
1116 4996 1409 5063 dividetur,
1437 5011 1781 5074 tartareoquc

217 5080 330 5149 igni
360 5078 616 5140 traditus,
645 5095 767 5133 esca
801 5084 1068 5135 vermium
1093 5086 1197 5138 erit
1230 5085 1392 5141 homo
1418 5093 1779 5153 miserrimus.

215 5171 330 5226 Hoc
359 5173 504 5226 enim
546 5172 684 5224 dixit
721 5172 880 5227 Pater
916 5191 1010 5244 per
1047 5175 1268 5241 Filium,
1301 5191 1353 5234 et
1399 5182 1656 5252 Spiritus.
1689 5195 1784 5260 qui

214 5274 301 5320 est
328 5279 392 5317 os
430 5263 666 5327 Domini,
704 5265 920 5320 locutus
949 5280 1066 5333 est;
1107 5273 1282 5340 angeli
1318 5275 1541 5333 vocibus
1579 5280 1786 5338 indesi-

119 5407 128 5416 _
217 5355 477 5407 nentibus
537 5357 941 5424 approbarttut,
993 5359 1125 5428 justi
1172 5365 1453 5422 audientes
1511 5375 1778 5431 calculum

217 5446 566 5512 adjecerunt,
632 5448 992 5518 dixeruntque
1037 5468 1050 5504 :
1089 5455 1465 5525 lncorruptuni
1513 5464 1776 5532 judicium

216 5548 396 5601 tuum,
443 5551 552 5590 non
588 5549 841 5606 suspecta
903 5545 1196 5609 sententia,
1236 5548 1373 5601 citra
1416 5551 1662 5610 aﬂcctum
1692 5559 1783 5627 ju-

219 5627 415 5683 dicasti
473 5629 615 5684 Deus
680 5633 1215 5693 misericordissime.
1280 5641 1561 5708 Quomodo
1613 5653 1779 5720 enim,

289 5803 329 5832 ³⁸
372 5802 508 5858 Luc.
541 5820 592 5864 ς,
634 5804 712 5859 lli.
795 5806 835 5836 ³³
869 5805 1058 5862 Matth.
1112 5824 1220 5873 xvt,
1249 5811 1340 5867 ‘26.

1885 4645 2016 4698 nino
2045 4643 2341 4697 noluerunt
2373 4658 2386 4694 :
2430 4641 2521 4693 sed
2560 4649 2617 4693 ut
2655 4648 2835 4701 erant,
2887 4637 3053 4691 vincti
3109 4644 3442 4688 manserunt.

1886 4735 1976 4789 Sic
2003 4734 2169 4803 igitur
2202 4732 2372 4799 etqui
2419 4746 2562 4784 nunc
2628 4730 2680 4783 in
2739 4728 2944 4782 mundo
2987 4735 3134 4789 sunt,
3170 4729 3447 4779 Voluntate

1885 4842 1982 4882 sua
2012 4824 2283 4892 imprimis
2329 4831 2383 4876 et
2421 4831 2547 4875 ante
2603 4821 2784 4874 omnia
2836 4821 3039 4873 nullam
3091 4819 3310 4888 penitus
3361 4817 3442 4868 sui

1886 4919 2088 4970 habent
2120 4922 2467 4982 potestatem.
2509 4912 2614 4967 Sed
2663 4914 2914 4980 quamvis
2963 4927 2991 4964 a
3040 4909 3345 4979 prmpositis
3380 4923 3444 4961 ea

1887 5009 1960 5063 uti
1996 5024 2102 5061 non
2161 5007 2574 5075 prohibeantur,
2630 5015 2847 5056 servent
2891 5012 3066 5054 tamen
3125 5009 3278 5069 pacta
3311 5014 3448 5051 con-

1887 5114 2040 5156 venta
2072 5111 2250 5154 tecum
2283 5113 2505 5153 necesse
2535 5106 2636 5151 cst.
2673 5095 2788 5148 Non
2814 5095 2956 5147 enim
2989 5093 3318 5153 hominibus,
3353 5090 3447 5144 sed

1888 5195 1996 5248 Deo
2027 5193 2251 5262 polliciti
2284 5199 2408 5243 sunt
2434 5204 2489 5242 se
2546 5189 2908 5242 obedientiam
2957 5193 3009 5239 et
3050 5185 3444 5254 subjectionem

1890 5285 2220 5355 praepositis,
2273 5290 2327 5334 et
2381 5281 2636 5334 omnibus
2687 5279 2970 5340 fratribus,
3017 5277 3341 5346 quibuscum
3393 5275 3446 5326 in

1891 5376 2222 5430 monasteria
2258 5372 2508 5441 religiosa
2566 5371 2816 5424 instituta
2875 5375 3296 5438 persequuntur,
3330 5381 3449 5417 ser-

1890 5477 2130 5521 vaturos.
2172 5464 2376 5518 Idcirco
2402 5463 2813 5523 monasterium,
2850 5469 2902 5512 ut
2931 5458 3167 5510 insulam
3203 5456 3442 5523 aliquam

1893 5559 2064 5612 solam
2099 5558 2150 5610 in
2187 5555 2364 5608 medio
2407 5555 2540 5606 mari
2574 5552 2880 5605 inhabitare
2932 5549 3151 5612 debent,
3179 5564 3241 5602 ac
3270 5555 3445 5600 totum

1894 5649 2154 5704 tnundum
2205 5647 2306 5703 sibi
2357 5647 2580 5701 on‘inino
2630 5642 2950 5712 impervium
3001 5656 3123 5697 esse
3169 5639 3447 5702 arbitrari,
