4170 6452
718 398 817 463 5³11

1942 392 2321 459 SYMEOle
2351 393 2719 459 JUNlORlS

3866 402 3973 469 572

718 522 867 577 velut
898 522 1004 574 alta
1038 520 1184 575 fossa
1212 521 1266 573 in
1300 520 1529 574 circuitu
1557 518 1895 574 communito
1925 510 2283 573 monasterio,
2314 500 2365 560 Α
2390 510 2734 579 adjunxisti?
2788 515 2892 567 Sed
2951 516 3269 584 neutiquam
3343 514 3590 584 effugies.
3647 516 3771 581 Quo
3822 518 3972 569 cnim

721 625 776 669 ut
802 632 899 669 nec
920 615 1011 685 qui
1047 615 1097 666 iu
1125 614 1327 668 mundo
1355 624 1503 678 sunt,
1535 614 1771 668 transire
1800 617 1864 667 ad
1895 605 2290 667 monasterium

720 708 971 775 possint;
1006 723 1101 760 nec
1133 708 1224 774 qui
1256 709 1307 760 in
1339 706 1515 759 insula
1553 705 1759 774 degunt
1815 706 1879 760 ad
1913 720 2009 762 eos
2033 706 2123 774 qui
2161 706 2293 760 foris

720 808 850 854 sunt
892 800 1199 868 pervenire,
1228 809 1281 853 et
1318 814 1415 852 eos
1443 814 1567 852 cum
1610 799 1807 852 aﬁ‘cetu
1858 799 2133 866 aspicere;
2191 813 2291 852 nec

719 895 772 947 in
825 894 1008 945 animo
1049 894 1245 946 horum
1275 908 1496 946 versare
1530 896 1846 947 memoriam
1882 912 1896 948 :
1932 894 2025 947 sed
2058 903 2117 947 ut
2149 910 2294 948 mor-

721 986 798 1037 tui
828 1002 955 1053 erga
999 997 1244 1039 mortuos
1274 987 1433 1048 aflici,
1467 995 1519 1041 et
1552 988 1850 1041 sentientes
1886 1004 1983 1043 eos
2018 1002 2123 1041 non
2163 1003 2291 1042 sen-

720 1079 822 1131 tire
852 1079 881 1129 d
907 1079 1051 1130 ‘bent
1079 1094 1187 1147 quo
1217 1088 1376 1148 pacto
1415 1094 1602 1132 revera
1656 1094 1786 1133 oves
1817 1092 1915 1133 sua
1950 1090 2142 1149 sponte
2176 1093 2291 1131 ma-

718 1180 876 1223 ctata)
902 1170 1057 1225 fiunt.

789 1263 1016 1333 Propter
1050 1263 1163 1318 hcce
1201 1261 1548 1317 sanctissima
1577 1263 1743 1318 verba
1778 1273 2115 1323 sanctorum.
2144 1264 2289 1317 desi-

717 1355 879 1418 derii,
912 1363 965 1408 et
1025 1355 1225 1408 summi
1286 1358 1493 1410 auroris
1533 1357 1713 1424 plena,
1756 1373 1879 1411 cum
1920 1372 1980 1411 ea
2014 1358 2292 1412 audissent

715 1447 1035 1510 Cbernbim,
1070 1448 1359 1501 Dominum
1393 1450 1705 1511 laudarunt,
1742 1459 1796 1505 et
1825 1451 1879 1503 in
1914 1451 2110 1505 timore
2142 1452 2292 1504 dixe-

716 1550 845 1591 runt
880 1559 893 1593 :
933 1540 1117 1594 Gloria
1148 1540 1268 1601 tibi,
1313 1539 1570 1604 Domine;
1602 1542 1776 1610 gloria
1820 1543 1947 1605 tibi,
1978 1544 2291 1597 misericor-

717 1630 967 1694 dissiine,
999 1630 1090 1696 qui
1126 1632 1177 1684 in
1216 1632 1379 1685 terris
1428 1643 1693 1702 martyres
1745 1634 1865 1689 sine
1922 1634 2194 1705 tyrannis,
2226 1652 2289 1690 ac

715 1723 1173 1792 persecutoribus,
1217 1724 1334 1776 solo
1369 1738 1553 1777 amore
1581 1725 1658 1777 tui
1707 1725 1759 1777 in
1816 1725 1979 1779 horas
2038 1726 2288 1780 testimo-

2395 606 2610 675 abibisﬁ’
2641 608 2874 663 Prorsus
2907 624 3187 677 nunquam
3217 610 3348 662 mihi
3395 610 3649 675 elaberis,
3679 613 3773 680 qui
3821 612 3973 663 Ada-

2397 716 2543 753 mum
2584 712 2637 754 et
2678 702 2841 754 Evam
2867 719 2896 756 e
2926 704 3181 772 paradiso
3207 705 3389 773 exegi;
3428 705 3521 773 qui
3562 704 3697 759 Cain
3732 705 3976 759 fratrici-

2394 792 2516 845 dam
2554 793 2797 860 reddidi;
2821 798 2911 863 qui
2938 795 3169 849 fallaciis
3204 798 3340 852 meis
3362 814 3532 867 usque
3564 799 3629 851 ad
3655 807 3964 852 extremum

2395 885 2693 951 inescatos,
2730 902 2920 942 omnes
2974 890 3233 943 mortales
3280 891 3493 960 decepi,
3547 900 3601 945 et
3652 892 3703 943 in
3762 890 3972 942 diluvio

2397 977 2644 1031 horribili
2700 980 2883 1047 generi
2934 980 3193 1032 interitus
3250 980 3594 1048 objcci;qtti
3652 978 3844 1030 Davidi
3900 977 3966 1030 ad

2393 1068 2721 1122 adulterium
2756 1080 2807 1123 et
2831 1073 3032 1123 czedem
3066 1071 3334 1137 impulsor
3373 1071 3445 1124 fui
3490 1088 3505 1135 ;
3541 1069 3633 1137 qui
3676 1069 3971 1121 adversum

2393 1176 2584 1215 omnes
2616 1169 2839 1216 sanctos
2872 1164 3069 1216 bellum
3111 1163 3272 1231 gessi,
3321 1170 3376 1216 et
3422 1162 3609 1215 multis
3663 1176 3853 1215 nccem
3890 1161 3973 1211 in-

2395 1255 2527 1317 tuli;
2559 1269 2642 1308 me
2675 1254 2860 1317 talem,
2892 1256 3135 1323 inquam,
3168 1254 3441 1323 quomodo
3482 1269 3671 1321 speras
3704 1263 3758 1304 te
3807 1266 3969 1320 posse

2394 1346 2657 1413 effugere,
2693 1361 2817 1403 cunt
2854 1347 2929 1401 sis
2958 1346 3405 1400 infirmissimus?
3435 1346 3560 1398 lla'c
3584 1344 3837 1408 audiens,
3864 1343 3968 1394 Do-

2394 1438 2559 1499 mine,
2610 1444 2663 1490 et
2723 1417 2885 1499 Deus,
2948 1448 2999 1490 et
3060 1446 3299 1499 creator,
3347 1447 3403 1489 et
3456 1435 3657 1503 opifex,
3707 1443 3761 1488 et
3804 1432 3969 1500 jndex

2394 1542 2567 1588 mcus,
2609 1527 2703 1593 qui
2762 1528 2929 1582 habes
2980 1534 3303 1597 potestatem
3359 1528 3572 1589 animm,
3616 1534 3670 1579 et
3720 1526 3972 1593 cerporis

2392 1618 2519 1683 mei,
2552 1627 2609 1671 ut
2644 1621 2798 1672 lictor
2829 1620 3135 1687 utriusque,
3194 1620 3389 1671 horreo
3440 1619 3623 1681 miser,
3678 1628 3731 1671 et
3787 1626 3960 1667 trem-

2393 1709 2519 1763 totis
2554 1709 2779 1763 artubus
2826 1709 3024 1776 Objieit
3062 1710 3194 1763 mihi
3232 1719 3286 1764 et
3327 1710 3460 1764 dicit
3495 1708 3643 1762 vafer
3696 1708 3786 1760 ille
3818 1726 3831 1761 :
3865 1707 3961 1765 En.

715 1818 863 1867 nium
904 1815 1001 1867 tibi
1032 1814 1230 1868 dantes
1259 1816 1572 1870 ostendisti.
1624 1817 1825 1879 Etiam,
1878 1817 2017 1870 dixit
2064 1832 2284 1874 rursum

2397 1817 2501 1853 non
2527 1802 2749 1870 vigilas;
2782 1818 2871 1862 cn,
2928 1819 3036 1857 non
3095 1817 3317 1856 exerces
3370 1800 3766 1855 continentiam
3810 1815 3823 1849 ε
3876 1813 3965 1860 en,

716 1905 875 1960 Pater
905 1921 997 1974 per
1032 1904 1252 1959 Filium.
1313 1906 1378 1958 Et
1428 1907 1627 1976 adjecit
1692 1908 1934 1976 Spiritus
1974 1926 1988 1963 ε
2023 1908 2163 1963 Vere
2196 1910 2290 1976 qui

720 1999 884 2050 Deum
913 2006 1031 2051 toto
1067 2006 1285 2065 pectore
1318 1999 1572 2067 diligunt,
1610 2008 1661 2053 et
1692 2000 1742 2053 in
1781 2000 1902 2069 ejus
1951 2001 2122 2055 solius
2156 2002 2290 2054 cha-

714 2089 877 2141 ritate
932 2091 1264 2156 persistunt,
1299 2096 1351 2141 et
1401 2090 1454 2141 in
1510 2090 1677 2143 horas
1736 2093 1974 2159 propriae
2026 2093 2289 2145 voluntati

713 2180 1044 2244 moriuntur,
1072 2182 1125 2234 hi
1159 2192 1212 2235 et
1245 2182 1487 2250 germani
1523 2182 1682 2235 amici
1720 2185 1848 2245 mei,
1880 2184 1933 2237 hi
1965 2192 2019 2237 et
2051 2186 2289 2241 cohaere-

713 2272 830 2335 des,
867 2272 918 2325 hi
971 2282 1022 2326 et
1057 2274 1173 2325 sine
1233 2276 1558 2343 ungularum
1595 2276 1819 2337 laniatu,
1876 2278 1991 2331 sine
2044 2294 2289 2347 snspen-

711 2365 984 2427 sionihns,
1018 2364 1153 2418 focis
1182 2376 1235 2420 et
1270 2366 1562 2427 lehetilms.
1598 2369 1715 2422 sine
1749 2378 2016 2423 exurente
2049 2369 2287 2435 flamma,

710 2458 983 2521 etgladiis
1014 2461 1355 2522 secantibus,
1417 2460 1531 2513 sola
1573 2459 1935 2529 abncgatione
1992 2463 2290 2517 voluntatis

712 2555 979 2618 martyres
1014 2558 1161 2605 sunt.
1222 2550 1301 2603 Ad
1358 2552 1471 2605 haec
1516 2552 1981 2620 supramundanre
2045 2554 2288 2623 legiones

712 2641 875 2693 simul
943 2657 1135 2695 omnes
1175 2643 1369 2697 lanatae
1408 2646 1787 2699 exclamarunt
1825 2645 2087 2700 :Justum
2136 2648 2290 2714 judi-

711 2736 848 2787 cium
883 2742 1031 2787 tuum
1052 2735 1123 2799 "°,
1174 2735 1716 2791 miscricordissime.
1772 2736 2083 2803 Scribatur,
2140 2739 2289 2793 obsi-

712 2834 905 2893 gnetur
934 2828 985 2880 in
1023 2829 1440 2897 sempiternum.

1261 2940 1488 2996 CAPUT
1542 2941 1734 2995 XXIX.

713 3050 820 3125 Qui
855 3068 947 3125 per,
972 3055 1382 3125 communionem
1412 3057 1586 3108 saucii
1616 3054 1846 3123 Spiritus
1886 3055 1989 3109 Deo
2016 3057 2132 3125 jam
2161 3074 2287 3110 cou-

774 3122 950 3188 juncti
981 3139 1043 3174 ea".
1077 3124 1175 3177 lmc
1222 3127 1333 3177 lucc
1371 3122 1668 3190 discedunt;
1713 3144 1797 3178 cos
1838 3127 1948 3180 illic
1987 3122 2037 3181 in
2078 3144 2280 3179 onmem

2393 1909 2501 1949 non
2528 1892 2838 1962 frequentas
2872 1911 3083 1963 preces,
3118 1909 3222 1949 non
3253 1894 3635 1955 adoratioues;
3658 1907 3765 1945 non
3790 1907 3953 1945 exer-

2393 2000 2488 2040 ces
2544 1986 2783 2048 labores,
2854 2002 2993 2055 quos
3025 1986 3153 2039 olim
3206 2002 3265 2040 es
3320 1986 3640 2053 ingressus;
3702 1992 3870 2050 atque
3908 1982 3974 2034 ob

2394 2079 2507 2131 hare
2539 2078 2654 2132 sola
2689 2080 3026 2132 abstractum
3085 2086 3136 2131 te
3162 2093 3188 2129 a
3219 2078 3444 2130 Christo
3489 2092 3705 2131 mecum
3761 2076 3969 2144 rapiam

2395 2169 2446 2222 in
2484 2169 2689 2237 ignem,
2745 2170 2835 2237 qui
2874 2186 2981 2224 non
3015 2170 3407 2238 exstinguitur.
3441 2169 3553 2237 Ego
3611 2184 3761 2231 vero,
3797 2176 3855 2219 ut
3915 2177 3971 2219 ιιι

2393 2260 2527 2320 scis,
2563 2258 2812 2321 Domine,
2843 2274 3124 2328 nunquam
3152 2261 3203 2312 in
3234 2260 3515 2329 operibus,
3541 2269 3634 2312 aut
3660 2258 3974 2311 actionibus

2394 2353 2592 2406 animm
2624 2367 2755 2408 meae
2787 2352 3020 2406 salutem
3056 2352 3353 2418 constitui;
3390 2352 3484 2405 sed
3515 2351 3580 2404 ad
3627 2360 3774 2404 tuam
3810 2351 3974 2403 mise-

2393 2443 2687 2497 ricordiam
2777 2444 3284 2513 benignitatemque
3369 2442 3631 2511 confugi;
3707 2442 3974 2504 coi‘aﬁsus,

2392 2537 2648 2606 quoniam
2685 2552 2744 2592 es
2773 2552 2987 2591 summe
3018 2538 3355 2600 misericors,
3387 2551 3471 2589 me
3502 2536 3746 2604 gratuito
3784 2535 3883 2587 alis
3919 2544 3970 2586 te

2391 2628 2660 2681 salvatum
2692 2629 2755 2680 iri
2785 2644 2798 2680 :
2828 2638 2881 2681 et
2924 2626 3274 2681 misereberis
3328 2627 3435 2679 mei
3486 2637 3544 2678 ut
3589 2626 3771 2689 Deus;
3830 2627 3975 2678 sicut

2392 2719 2689 2787 aliquando
2722 2719 2984 2773 misertus
3016 2734 3076 2774 es
3113 2719 3443 2779 meretricis,
3483 2727 3538 2771 et
3598 2718 3692 2770 ﬁlii
3735 2718 3974 2787 prodigi,

2390 2818 2681 2880 postquam
2717 2810 2857 2864 dixit
2898 2828 2912 2865 :
2952 2810 3187 2864 Peccavi.
3235 2810 3369 2863 Cum
3414 2810 3513 2863 hac
3565 2809 3668 2861 ﬁde
3718 2801 3978 2873 cucurri;

2389 2915 2515 2953 cum
2553 2902 2653 2953 hac
2687 2900 2885 2954 ﬁducia
2919 2901 3040 2954 veni
3072 2917 3085 2965 ;
3124 2914 3246 2951 cum
3280 2899 3379 2952 hac
3408 2913 3505 2966 spc
3536 2895 3602 2949 ad
3630 2907 3679 2949 te
3726 2896 3978 2954 l‘romitte,

2390 2994 2627 3048 accessi.
2665 2993 2728 3046 Et
2761 3009 2928 3053 nunc.
2968 3008 3059 3053 ne,
3087 3005 3295 3060 quaeso.
3337 2990 3615 3058 glorietur
3661 2999 3857 3043 contra
3894 3005 3978 3041 me

2390 3100 2607 3140 servum
2639 3093 2790 3138 tuum
2828 3101 2843 3143 :
2880 3099 2949 3138 ne
2985 3084 3133 3137 dicat
3169 3082 3312 3137 :Ubi
3369 3080 3623 3136 Christus
3674 3089 3802 3132 tuus
3827 3121 3841 3141 ,
3881 3082 3976 3134 ubi

2311 3171 2354 3230 C
2391 3186 2676 3246 susm‘ptor
2703 3178 2869 3231 tuus?
2902 3193 2970 3230 an
3006 3193 3112 3229 non
3144 3177 3372 3243 ipsemet
3411 3182 3466 3227 te
3521 3176 3777 3228 manibus
3841 3174 3977 3226 lucis

780 3262 1112 3328 habentibus,
1142 3275 1253 3317 tum
1288 3281 1436 3318 secus
1469 3275 1797 3323 eventurum.

786 3376 1119 3441 Principium
1147 3379 1272 3432 vitae
1300 3378 1431 3431 mihi
1490 3378 1614 3433 linis
1657 3388 1712 3432 et
1774 3378 1898 3433 ﬁnis
1951 3379 2285 3448 principium

710 3475 814 3522 cst.
859 3468 1016 3522 Unde
1058 3471 1268 3523 veniam
1337 3471 1550 3538 ignoro,
1584 3472 1676 3524 ubi
1755 3472 1858 3526 sim
1913 3475 2099 3527 nescio
2135 3493 2147 3528 :
2186 3490 2287 3530 nec

712 3573 822 3622 quo
855 3559 1021 3613 miser
1054 3559 1307 3615 abiturus
1351 3562 1453 3614 sim
1514 3563 1665 3614 novi.
1705 3560 1871 3616 Terra
1904 3577 1933 3615 e
1971 3570 2135 3627 terra,
2168 3580 2288 3616 eor-

713 3667 815 3717 pus
866 3663 896 3702 e
953 3666 1185 3717 corpore
1237 3667 1469 3717 nascor;
1519 3666 1583 3706 ex
1649 3654 1992 3721 corruptioni
2050 3655 2288 3708 obnoxio

712 3740 1091 3809 corruptibilis
1125 3748 1179 3796 et
1223 3744 1381 3811 plane
1430 3742 1683 3796 mortalis
1737 3758 1855 3797 sum
1897 3760 1909 3796 :
1949 3744 2100 3799 brevi
2153 3752 2289 3797 tem-

713 3848 844 3902 pore
865 3835 918 3887 in
940 3835 1103 3889 terris
1136 3849 1469 3897 commoror,
1494 3835 1548 3888 in
1574 3850 1740 3889 carne
1762 3836 1976 3898 vivens,
2003 3845 2056 3892 et
2086 3838 2292 3892 exstin-

714 3940 874 3999 guor,
910 3934 1075 3994 atque
1099 3941 1163 3978 cx
1221 3926 1323 3978 hac
1364 3927 1473 3979 vita
1517 3926 1852 3995 digrediens,
1894 3929 2055 3980 aliam
2107 3929 2290 3983 vivere

718 4015 946 4085 incipio.
977 4016 1189 4083 Corpus
1223 4015 1389 4069 humo
1421 4024 1672 4083 Opertum
1724 4016 1930 4084 linquo,
1983 4017 2288 4071 redivivum

712 4108 843 4160 olim
874 4119 1227 4177 accepturus,
1262 4117 1315 4162 et
1338 4124 1513 4161 aevum
1543 4109 1693 4162 nullo
1745 4110 1850 4163 fine
1890 4110 2291 4163 terminandum

715 4201 986 4255 victurus.
1023 4200 1179 4254 Nunc
1205 4202 1370 4270 igitur
1404 4201 1618 4271 respice
1651 4203 1704 4254 in
1739 4217 1823 4255 me
1848 4201 2011 4260 Dens.
2048 4209 2104 4254 tu
2143 4203 2293 4257 solus

715 4306 866 4344 nunc.
901 4294 1103 4360 pietate
1132 4303 1222 4346 tua
1280 4309 1365 4345 me
1416 4294 1671 4359 imperti;
1719 4308 1862 4346 nunc
1907 4301 1959 4346 te
2012 4294 2292 4347 miseratio

720 4378 822 4429 mei
855 4379 1052 4443 capiat.
1092 4378 1166 4431 En
1219 4380 1419 4433 defecit
1476 4382 1650 4434 virtus
1703 4395 1841 4438 mea.
1900 4383 2185 4446 senectuti,
2238 4382 2291 4437 id

716 4479 822 4534 est,
844 4469 1117 4523 vestibulo
1147 4472 1339 4524 mortis
1369 4472 1825 4541 appmpinquavi.
1851 4471 2013 4526 Venit
2037 4475 2292 4543 princeps

720 4561 946 4621 mundi,
1012 4562 1414 4629 perquisiturns
1475 4565 1679 4632 turpia,
1730 4575 1782 4617 et
1839 4565 2070 4617 nefanda
2128 4582 2293 4636 opera

722 4666 875 4703 ltiti):
925 4650 1217 4705 carnifices
1278 4661 1461 4705 aSiﬂlll
1521 4661 1673 4705 torve
1725 4668 1811 4705 me
1867 4654 2186 4715 intuentes,
2241 4663 2295 4709 ει

720 4741 932 4807 iussum
973 4752 1380 4810 exspectantes,
1415 4753 1469 4795 ιιι
1516 4746 1772 4797 miseram
1824 4744 2062 4798 animam
2118 4762 2293 4800 meam

723 4833 1026 4897 arripiant,
1087 4841 1141 4886 et
1206 4835 1257 4887 in
1330 4835 1651 4889 barathrum
1720 4836 1920 4889 inferni
1983 4838 2291 4891 detrahant.

722 4923 1092 4987 Quamobrem
1124 4933 1202 4989 tu,
1239 4925 1332 4993 qui
1363 4934 1553 4979 natura
1587 4942 1646 4980 es
1696 4927 2033 4987 misericors,
2083 4939 2137 4981 et
2195 4928 2291 4981 be-

727 5017 924 5083 nignus
977 5016 1163 5075 solus,
1216 5018 1305 5084 qui
1362 5032 1421 5072 es
1473 5016 1734 5073 Dominus
1792 5021 2290 5085 clementissimus,

726 5106 984 5159 miserere
1015 5106 1116 5160 mei
1157 5115 1323 5171 tunc;
1362 5117 1415 5162 et
1462 5125 1527 5163 ne
1587 5111 1905 5166 memineris
1955 5113 2208 5182 irrogata:
2262 5130 2291 5168 a

728 5210 812 5248 me
846 5193 941 5247 tibi
970 5195 1217 5261 injurias;
1250 5213 1316 5250 ne
1342 5197 1689 5266 derelinquas
1730 5216 1847 5264 me;
1883 5217 1951 5255 ne
1987 5203 2083 5255 des
2115 5203 2292 5257 locum

726 5294 914 5339 contra
944 5303 1028 5341 me
1058 5290 1246 5345 doloso
1272 5290 1494 5344 inimico
1521 5306 1662 5356 meo,
1695 5294 1787 5362 qui
1840 5294 1894 5348 in
1936 5295 2101 5351 horas
2162 5296 2293 5349 mihi

726 5380 1112 5443 comminatur,
1144 5392 1195 5434 et
1228 5393 1417 5436 contra
1448 5399 1532 5436 me
1567 5387 1731 5453 rugit,
1768 5402 1831 5440 ac
1860 5388 2057 5440 stridet
2113 5388 2295 5442 denti-

730 5473 856 5535 bus,
883 5480 935 5524 et
967 5474 1082 5525 ait:
1121 5474 1173 5526 ln
1208 5491 1316 5542 quo
1371 5477 1644 5531 conﬁdis?
1676 5480 1954 5546 quomodo
2003 5490 2053 5533 te
2103 5486 2300 5535 manus

735 5579 883 5618 meas
906 5563 1254 5632 eﬂ'ngiturum
1303 5582 1523 5636 speras;
1560 5572 2010 5641 quandoquidem
2051 5574 2298 5629 ludifica-

732 5666 819 5711 tus
848 5668 1115 5727 prmcepta
1152 5674 1287 5724 mea,
1330 5670 1503 5717 etme
1556 5664 1747 5720 relicto
1793 5666 1859 5721 ad
1908 5666 2188 5721 Christum
2249 5677 2299 5722 te

806 5834 850 5867 “‘
881 5833 1021 5888 i’sal.
1050 5853 1238 5901 LMlll,
1277 5838 1390 5890 157.

2395 3269 2659 3322 tradidit?
2720 3266 2777 3321 Si
2826 3268 2973 3321 eltim
3031 3282 3117 3320 me
3174 3267 3369 3320 fraude
3416 3268 3870 3327 circumvencrit,
3929 3278 3978 3319 ct

2391 3359 2663 3427 captivum
2697 3360 2941 3421 duxerit,
2993 3373 3101 3411 non
3162 3358 3212 3411 id
3266 3356 3560 3419 voluntati,
3604 3372 3707 3409 nec
3753 3357 3978 3422 ignavitc

2392 3468 2546 3516 mem,
2579 3452 2673 3505 sed
2720 3460 2890 3505 totum
2923 3451 3045 3514 tibi,
3098 3451 3190 3519 qui
3253 3465 3338 3503 me
3394 3448 3757 3517 (lcreliqucris
3806 3450 3981 3502 asoti-

2391 3545 2547 3606 bens,
2591 3544 2739 3597 dicct
2781 3542 2958 3598 :Vide
3009 3543 3099 3596 cui
3158 3541 3363 3605 ﬁdisti;
3418 3540 3544 3595 vide
3600 3540 3666 3594 ad
3702 3556 3866 3608 quem
3930 3552 3981 3595 te

2392 3637 2716 3703 contulisti;
2748 3637 2869 3691 vide
2902 3638 2990 3690 cui
3033 3647 3086 3691 te
3122 3637 3176 3689 in
3234 3651 3420 3689 amore
3466 3642 3529 3688 et
3569 3635 3840 3688 charitate
3884 3650 3978 3701 pu-

2393 3731 2549 3785 tabas
2575 3746 2732 3794 esse;
2766 3729 2855 3783 cui
2893 3737 2946 3783 te
2975 3730 3096 3783 loco
3129 3727 3337 3788 fratris,
3394 3726 3582 3787 amici,
3618 3725 3737 3782 ﬁlii,
3781 3733 3837 3777 et
3870 3725 3983 3778 har-

2392 3825 2536 3879 redis
2561 3823 2892 3894 gloriabaris
2925 3836 3070 3876 esse.
3112 3819 3406 3885 Quomodo
3447 3826 3499 3870 te
3537 3816 3808 3878 deseruit,
3840 3826 3893 3867 et
3927 3818 3979 3870 in

2393 3932 2592 3973 manus
2644 3931 2795 3971 meas
2838 3916 3017 3968 hostis
3049 3914 3125 3965 tui
3170 3921 3223 3965 te
3266 3910 3514 3975 tradidit,
3579 3909 3980 3979 insperatoque

2392 4009 2691 4069 alienatus,
2727 4005 2912 4060 subito
2947 4004 3131 4057 odisse
3162 4010 3214 4055 te
3248 4000 3452 4069 cmpit?

2468 4099 2565 4154 llis
2598 4100 2765 4169 igitur
2800 4096 3025 4159 auditis,
3065 4110 3135 4147 ne
3168 4109 3252 4147 me
3305 4094 3550 4156 drscras,
3607 4109 3675 4147 ne
3730 4110 3815 4146 me
3862 4109 3980 4162 pro-

2394 4193 2553 4247 brum
2582 4201 2734 4245 tuum
2772 4189 2887 4244 fieri
2923 4190 3096 4245 sinas.
3135 4187 3278 4239 Deus
3310 4200 3497 4245 meus;
3531 4200 3620 4248 ne,
3653 4200 3685 4238 ο
3718 4184 3854 4249 Rex,
3887 4202 3979 4245 ne,

2394 4300 2427 4337 ο
2461 4283 2703 4345 Domine,
2739 4281 2830 4350 qui
2875 4294 2959 4332 me
3016 4278 3294 4346 quondam
3325 4291 3353 4330 e
3385 4277 3650 4334 tenebris.
3683 4289 3736 4329 et
3786 4293 3817 4329 e
3864 4294 3983 4330 ma-

2396 4379 2581 4439 nibus,
2614 4384 2666 4429 et
2698 4390 2729 4429 e
2765 4373 3021 4426 faucibus
3046 4372 3167 4439 ejus
3221 4369 3481 4423 eductum
3530 4369 3585 4421 in
3642 4369 3846 4421 lumine
3886 4383 3980 4422 tuo

2400 4471 2633 4523 liberum
2667 4466 2972 4520 collocasli.
3010 4462 3086 4517 Te
3126 4467 3272 4515 enim
3304 4476 3429 4513 cum
3468 4461 3652 4523 video,
3711 4462 3979 4512 interiora

2400 4559 2588 4614 cordis
2620 4558 2725 4610 mei
2761 4556 3043 4615 vulneror,
3073 4563 3128 4607 et
3173 4568 3282 4606 non
3324 4566 3551 4621 possum
3592 4551 3869 4619 aspicere,
3928 4564 3979 4605 et

2399 4659 2581 4703 tamen
2618 4664 2726 4703 non
2763 4649 2951 4700 videre
2984 4654 3037 4698 te
3082 4644 3225 4698 ferre
3278 4658 3512 4711 nequeo.
3572 4642 3979 4697 luaccessibilis

2396 4740 2672 4809 siquidem
2708 4749 2791 4791 est
2822 4735 3176 4807 pulchritudo
3204 4743 3318 4796 tua,
3353 4732 3701 4785 inimitabilis
3741 4734 3976 4797 species,

2398 4831 2847 4901 incomparabilis
2878 4829 3073 4898 gloria.
3112 4826 3317 4895 Ecquis
3351 4824 3646 4891 aliquamlo
3697 4832 3752 4877 te
3804 4825 3979 4878 vidit?

2398 4933 2493 4978 aut
2526 4923 2653 4991 quis
2703 4929 2878 4975 totum
2933 4928 2986 4972 te
3036 4917 3224 4970 videre
3275 4914 3476 4985 poterit
3534 4913 3701 4966 Deum
3759 4916 3979 4967 meum?

2398 5020 2532 5074 Nam
2570 5032 2754 5077 omne,
2786 5030 2880 5069 seu
2912 5014 3229 5065 universum
3264 5009 3390 5077 quis
3420 5008 3617 5060 oculus
3653 5007 3979 5072 conspicere

2398 5111 2637 5168 valebit?
2672 5109 2779 5172 Qui
2817 5121 2945 5159 vero
2976 5120 3141 5174 super
3171 5102 3490 5156 universum
3521 5109 3625 5162 est,
3672 5115 3797 5167 quae
3828 5113 3979 5152 mens

2398 5222 2522 5259 eum
2576 5198 3067 5270 comprehendere,
3131 5204 3226 5248 aut
3277 5193 3568 5262 complecti
3621 5192 3844 5260 poterit,
3888 5199 3979 5243 aut

2395 5298 2613 5353 extendi
2662 5302 2773 5348 tota
2830 5289 3135 5346 secundum
3194 5294 3385 5350 totum,
3423 5292 3477 5339 et
3517 5298 3750 5339 cernere
3804 5281 3979 5336 conti-

2408 5400 2625 5444 nentem
2664 5386 2867 5448 omnia,
2906 5390 3059 5437 extra
3092 5379 3300 5438 omnia,
3350 5386 3404 5431 et
3454 5378 3633 5446 ipsum
3688 5391 3875 5437 omne,
3930 5383 3981 5427 ct
4036 5380 4049 5392 ‘

2410 5482 2725 5550 implentem
2755 5476 2964 5539 omnia,
2988 5481 3040 5525 et
3068 5481 3246 5525 tamen
3278 5478 3429 5523 extra
3455 5467 3635 5521 omnia
3664 5476 3978 5519 manentem

2412 5570 2576 5624 modo
2608 5566 2912 5622 ineﬂ‘abili?
2944 5561 3311 5616 Nihilominus
3341 5568 3398 5611 ut
3447 5563 3619 5611 solem
3656 5567 3708 5610 te
3740 5559 3982 5614 intueor,

2411 5670 2462 5717 et
2489 5671 2545 5718 ut
2578 5660 2794 5717 stellam
2829 5656 3057 5726 aspicio,
3086 5663 3139 5709 et
3167 5662 3226 5707 ut
3273 5648 3574 5717 lampadem
3630 5646 3683 5700 iu
3718 5660 3853 5702 vase
3885 5658 3982 5698 suo
