4170 6452
238 385 343 451 573

1307 381 1748 445 DIVINORUM
1781 377 2107 439 AMORUM
2156 381 2411 442 LIBER.

3393 376 3496 446 δτι

236 496 525 550 ardentem
555 495 734 561 video,
769 494 898 549 etin
936 494 1061 547 sinu
1091 503 1142 547 te
1176 499 1233 547 ut
1260 493 1613 561 margaritam
1645 500 1824 560 porto.
1856 490 1903 547 Α
1931 492 2079 547 solos
2107 490 2414 547 divinitatis
2445 492 2564 561 ejus
2596 502 2915 557 consortes;
2949 490 3092 546 sicut
3128 494 3243 560 ipse
3291 500 3495 549 naturae

237 588 398 652 Quod
430 596 615 641 autem
653 595 702 640 te
734 602 842 640 non
876 587 1099 648 dilatas,
1138 582 1283 654 quod
1343 598 1454 636 non
1511 592 1682 635 totum
1736 597 1819 634 me

238 677 427 729 lumen
467 675 623 737 facis,
648 685 703 730 et
729 674 980 729 ostendis
1036 683 1087 728 te
1138 673 1271 727 mihi
1309 681 1481 726 totum
1535 671 1735 740 qualis,
1768 678 1821 723 et

237 781 489 838 quantus
555 785 637 832 es,
692 770 853 838 plane
905 784 1014 822 non
1069 783 1156 823 me
1204 767 1462 821 existimo
1517 766 1717 819 habere
1769 774 1821 817 te

238 863 409 915 vitam
452 877 627 915 meam
671 878 685 913 :
722 862 813 915 sed
844 861 1140 924 lamentor,
1199 868 1257 913 tit
1306 858 1581 928 quispiam
1641 872 1705 909 ex
1738 854 1823 909 di-

240 956 352 1007 vite
381 954 691 1018 mendicus,
724 969 787 1007 ex
838 953 1036 1006 illustri
1069 951 1312 1017 infamis,
1349 967 1413 1005 ac
1442 949 1822 1019 desperatione

238 1044 618 1100 conﬂictatus.
683 1044 795 1098 lloc
848 1044 1301 1099 animadvertens
1360 1044 1639 1105 inimicus,
1690 1043 1824 1097 dicit

242 1138 376 1189 mihi
401 1135 551 1190 :Non
582 1136 908 1190 salvaberis.
945 1135 1082 1189 Ecce
1112 1134 1257 1189 enim
1300 1150 1397 1204 spe
1445 1142 1536 1187 tua
1590 1134 1823 1188 frustra-

240 1235 331 1281 tus
364 1245 446 1288 es,
476 1236 530 1280 et
564 1243 590 1280 a
624 1242 790 1294 scopo
836 1227 1143 1292 aberrasti;
1179 1226 1442 1295 quoniam
1496 1241 1603 1279 non
1653 1226 1823 1281 habes

240 1336 408 1389 quant
440 1319 570 1373 olim
601 1318 841 1373 habebas
888 1333 1015 1389 erga
1046 1317 1213 1372 Deum
1252 1318 1500 1372 fiduciam
1559 1332 1622 1370 ac
1656 1318 1825 1372 liber-

240 1420 434 1465 tatem.
485 1411 585 1466 Cui
646 1412 814 1465 verbo
877 1411 1214 1483 respondere
1268 1426 1377 1464 non
1440 1410 1672 1479 dignor;
1726 1411 1820 1465 sed

241 1505 424 1571 suillo,
450 1514 502 1560 et
530 1506 810 1574 extemplo
841 1507 1148 1559 evanescit.
1180 1506 1272 1559 Sic
1308 1520 1407 1559 oro
1456 1505 1708 1570 Domine,
1744 1505 1823 1559 sic

240 1613 378 1666 rogo
409 1610 482 1661 te,
515 1598 954 1652 misericordiam
989 1598 1134 1651 dona
1164 1598 1330 1651 etiam
1361 1608 1474 1651 tttm
1506 1597 1661 1661 mihi,
1698 1612 1821 1650 cum

240 1690 557 1757 egredietur
606 1705 673 1743 ex
727 1689 828 1744 hoc
876 1704 1109 1757 corpore
1173 1690 1355 1742 anima
1413 1704 1551 1750 mea,
1600 1696 1657 1741 ut
1706 1687 1825 1742 solo

1932 593 2130 638 nostrae
2165 599 2395 639 consors
2445 593 2551 647 est,
2601 581 2827 637 cli‘cctnr
2863 584 3133 647 omnium,
3190 590 3248 636 ιιι
3296 579 3497 634 Paulus

1930 675 2281 741 testiﬁcatur,
2318 675 2523 731 Chrisri
2558 675 2856 731 Ecclesiam
2915 692 3120 744 corpus
3156 690 3324 729 unum
3386 675 3501 729 fore

1930 770 2266 824 dominicum
2300 779 2351 823 et
2392 769 2666 832 divinum,
2718 769 2925 835 absque
2981 768 3218 831 macula,
3272 768 3505 837 irrepre-

1932 864 2222 923 hensibilc.
2250 863 2370 918 sine
2400 864 2547 916 omni
2582 879 2735 933 ruga,
2767 863 2859 931 qui
2902 873 3061 915 erunt
3095 862 3310 923 fideles;
3342 870 3503 928 caput

1933 966 2112 1010 autem
2149 959 2400 1009 Christus
2420 956 2485 1010 δί.
2527 955 2581 1007 Si
2616 972 2745 1024 ergo
2773 956 2852 1010 sic
2878 955 3007 1017 erit,
3045 953 3501 1020 quemadmodum

1935 1052 2097 1105 ctiant
2128 1060 2234 1114 est,
2266 1051 2393 1119 quis
2433 1049 2690 1104 sordidus
2737 1051 2912 1118 ipsum
2956 1049 3225 1113 attingere
3256 1047 3498 1108 audebit,

1932 1151 2026 1196 aut
2058 1142 2184 1212 quis
2241 1142 2499 1208 indignus
2537 1140 2587 1194 ei
2632 1139 3105 1208 agglutinahitnr?
3156 1134 3290 1189 Nam
3351 1138 3395 1190 si
3446 1146 3501 1191 et

1930 1236 2094 1289 hodie
2139 1245 2292 1289 extra
2350 1232 2653 1288 Ecclesiam
2717 1242 3032 1302 peccatores
3079 1232 3393 1300 ejiciuntnr,
3447 1238 3503 1284 et

1929 1330 2216 1385 consortio
2243 1329 2482 1382 aliorum
2506 1330 2728 1396 penitus
2756 1326 3149 1391 excluduntur,
3185 1335 3242 1379 et
3274 1326 3503 1393 insuper

1931 1433 2155 1492 aspectu
2216 1421 2526 1474 divinarum
2581 1435 2762 1472 rerum
2812 1418 3119 1484 privamur,
3180 1419 3274 1482 qni
3325 1416 3499 1471 sancti

1933 1531 2039 1571 non
2070 1523 2221 1577 sunt,
2246 1514 2380 1583 proh
2406 1512 2680 1580 quomodo
2707 1519 2972 1564 tunecnm
3002 1525 3231 1578 corpore
3257 1509 3503 1578 inculpa-

1930 1612 2025 1667 bili
2069 1610 2498 1673 eoninngentur.
2534 1613 2589 1659 et
2642 1605 2888 1658 membra
2920 1603 3128 1657 Christi
3185 1602 3335 1667 fient,
3373 1616 3500 1656 cum

1930 1702 2039 1757 sint
2066 1698 2448 1756 contaminati.
2477 1711 2539 1749 ac
2568 1696 2773 1750 sordidi
2803 1694 2958 1761 (2|)?

242 1784 375 1835 ﬂatu
409 1781 741 1850 pudefacere
774 1782 978 1850 possint
1022 1780 1350 1835 incursuros
1382 1781 1435 1834 in
1479 1795 1564 1834 me
1598 1794 1815 1835 servum

1998 1792 2114 1846 Non
2148 1792 2274 1845 licet
2305 1789 2428 1847 hoc.
2464 1787 2675 1847 fratres,
2703 1802 2807 1842 non
2843 1787 2929 1841 flet
2962 1786 3208 1841 omnino.
3261 1787 3363 1851 Qui
3405 1800 3505 1838 an-

244 1881 422 1938 tunnt,
461 1882 514 1926 et
540 1872 741 1927 lumine
773 1870 1013 1941 Spiritus
1051 1872 1125 1925 tui
1175 1871 1515 1935 custoditus,
1574 1871 1816 1925 transire

245 1966 477 2028 illrsus,
514 1976 565 2018 et
600 1977 747 2018 stare
778 1973 906 2018 ante
940 1964 1184 2018 tribunal
1217 1976 1397 2031 tuttm,
1456 1964 1669 2017 habens
1704 1978 1821 2017 nte-

242 2074 371 2113 cum
432 2068 837 2113 sacrosanctam
888 2058 1118 2127 gratiam
1198 2064 1373 2119 tuam,
1406 2062 1678 2124 tegentem
1714 2070 1820 2119 me,

243 2162 298 2205 et
333 2151 485 2203 nullo
515 2151 781 2205 sull'nsom
810 2151 1025 2218 pudore
1060 2150 1437 2204 exhibentem.
1473 2147 1611 2213 Quis
1666 2162 1823 2202 nam-

244 2257 355 2310 que
390 2256 576 2295 coram
601 2251 654 2296 te
681 2257 946 2312 apparere
980 2242 1200 2306 audeat,
1240 2239 1349 2294 nisi
1389 2240 1566 2308 ipsam
1596 2238 1823 2292 indutus

245 2334 354 2387 sit?
380 2332 493 2387 Nisi
526 2335 699 2403 ipsam
734 2335 885 2388 intus
916 2342 1122 2397 teneat,
1173 2342 1229 2386 et
1266 2333 1336 2386 ab
1382 2333 1497 2402 ipsa
1549 2331 1823 2385 illumine-

246 2435 377 2489 tnr,
428 2426 701 2495 quomodo
749 2426 897 2481 ullus
950 2425 1177 2478 omnino
1223 2423 1622 2478 intolerabilem
1676 2423 1821 2477 illam

248 2519 342 2572 Dei
375 2520 606 2588 gloriam
644 2519 830 2573 videre
853 2519 1100 2587 poterit?
1142 2516 1277 2571 Nam
1315 2517 1408 2588 qui
1461 2518 1679 2572 tandem
1715 2517 1825 2587 glo-

248 2611 388 2663 riam
416 2610 532 2675 Dei,
560 2620 613 2664 et
646 2619 894 2664 naturam
926 2610 1152 2665 deitatis
1218 2611 1443 2663 humilis
1465 2651 1479 2674 ,
1523 2618 1574 2663 et
1614 2609 1825 2677 abiecta

250 2702 490 2755 hominis
518 2711 712 2755 natura
744 2702 983 2755 videbit?
1018 2700 1161 2755 Deus
1188 2700 1335 2753 enim
1385 2699 1663 2753 incrcatus
1715 2708 1821 2759 est.

247 2807 350 2846 nos
378 2807 569 2846 omnes
597 2793 789 2845 creati.
835 2792 927 2845 Ille
972 2790 1382 2855 corruptionem
1447 2790 1661 2855 nescit;
1724 2807 1825 2846 nos

246 2884 641 2951 corruptibiles
688 2892 743 2937 ct
777 2884 957 2953 pulvis
1019 2898 1235 2937 sumus.
1294 2882 1390 2936 Ille
1442 2883 1672 2949 spiritus
1719 2893 1824 2946 est,

250 2976 490 3029 nobilior
517 2978 663 3029 omni
687 2976 884 3045 spiritu
908 3018 922 3039 ,
961 2983 1017 3030 ut
1046 2974 1295 3029 conditor
1322 2975 1608 3043 Spirituum
1632 2991 1694 3030 ac
1722 2976 1828 3031 Do.

249 3067 433 3120 minus
473 3085 487 3131 ;
524 3083 622 3121 nos
650 3082 852 3123 carnes
879 3074 1197 3129 terrestres,
1249 3073 1303 3120 et
1356 3066 1665 3121 substantia
1716 3076 1827 3122 ter-

1929 1898 2035 1943 tem
2070 1901 2101 1941 a
2128 1883 2314 1940 divino
2349 1895 2605 1949 corpore,
2640 1880 2691 1931 id
2722 1886 2828 1941 est,
2866 1878 3133 1942 Ecclesia,
3160 1885 3215 1931 et
3260 1891 3288 1931 ι
3337 1877 3505 1930 choro

1928 1980 2229 2033 electorum
2268 1981 2661 2031 secernuntur,
2700 1971 2814 2035 dic,
2851 1985 3088 2039 quonam
3131 1967 3407 2023 abibunt?
3450 1968 3502 2020 in

1929 2066 2074 2137 quod
2119 2064 2381 2134 rcgnnml
2420 2062 2472 2116 in
2508 2076 2615 2131 quo
2649 2060 2792 2123 loco,
2823 2060 2980 2121 cedo,
3017 2067 3244 2126 sperant
3273 2056 3506 2110 domici-

1931 2160 2106 2214 lium?
2136 2159 2297 2212 l‘lane
2327 2156 2473 2210 enim
2506 2165 2560 2209 et
2611 2153 2923 2222 paradisus,
2964 2161 3020 2205 et
3046 2151 3200 2205 sinus
3250 2149 3504 2210 Abrahae.

1930 2262 1985 2309 et
2012 2252 2192 2307 omnis
2222 2251 2377 2303 locus
2408 2246 2615 2315 requiei
2646 2261 2834 2300 eorum
2864 2252 2947 2299 est
2977 2243 3068 2311 qui
3108 2242 3407 2295 salvantur.
3440 2242 3508 2295 At

1932 2348 2076 2400 enim
2113 2345 2205 2412 qtti
2239 2341 2543 2403 salvantur,
2580 2348 2703 2392 sunt
2737 2351 2930 2391 omnes
2958 2336 3186 2388 omnino
3217 2333 3417 2395 sancti,
3450 2340 3510 2387 ut

1932 2435 2115 2492 divina
2152 2434 2435 2499 Scriptura
2472 2429 2674 2501 passim
2707 2428 2889 2489 docet,
2924 2434 3292 2493 testaturque.
3329 2420 3508 2475 Multae

1931 2528 2137 2598 quippe
2173 2526 2488 2579 mansiones
2539 2530 2690 2586 sunt,
2752 2520 2848 2574 scd
2888 2518 3026 2572 intra
3065 2516 3389 2569 Thalamum
3438 2514 3505 2565 δ’.

1934 2616 2402 2687 Quemadmodum
2438 2614 2581 2670 enim
2635 2626 2802 2666 unum
2835 2618 2919 2665 est
2964 2610 3187 2673 cretum,
3239 2617 3293 2662 et
3344 2606 3398 2660 in
3445 2620 3511 2660 eo

1934 2713 2128 2777 stellae,
2185 2710 2392 2765 honore
2426 2715 2479 2761 et
2538 2705 2789 2760 claritate
2836 2702 3198 2756 differentes:
3238 2698 3320 2753 sic
3378 2700 3509 2753 item

1938 2822 2081 2861 unus
2124 2804 2399 2859 thalamus
2438 2808 2545 2864 est,
2581 2808 2635 2852 et
2665 2811 2916 2867 regnum.
2952 2795 3219 2847 Caeterum
3260 2800 3313 2845 et
3350 2804 3509 2859 para-

1935 2898 2111 2962 disus,
2142 2904 2197 2948 et
2228 2894 2423 2945 civitas
2454 2896 2667 2951 sancta,
2700 2896 2753 2941 et
2785 2885 2965 2939 omnis
3014 2884 3169 2936 locus
3228 2880 3509 2947 requietis,

1935 2988 2080 3043 Deus
2110 2996 2193 3041 est
2228 2985 2403 3039 solus.
2436 2982 2502 3036 Et
2531 2988 2592 3033 ut
2627 2980 2791 3033 homo
2841 2991 2949 3030 non
2989 2976 3153 3028 habet
3184 2973 3234 3025 in
3266 2972 3375 3024 vita
3426 2986 3510 3024 re-

1936 3080 2143 3149 quiem.
2172 3079 2264 3145 qui
2314 3091 2422 3129 non
2452 3081 2636 3127 manet
2671 3071 2724 3124 in
2760 3070 2891 3131 Deo,
2936 3076 2990 3121 et
3026 3069 3165 3120 Dens
3208 3065 3261 3119 in
3294 3079 3358 3119 eo
3387 3082 3399 3117 :
3434 3063 3513 3116 sic.

252 3161 470 3215 restiis.
514 3158 608 3215 llle
642 3170 837 3217 auctor
872 3163 1143 3227 omnium,
1188 3164 1442 3233 principii
1491 3179 1710 3231 expers,
1740 3162 1821 3216 in-

1933 3174 2095 3229 etiam
2130 3178 2253 3241 post
2296 3176 2526 3222 mortem
2563 3172 2717 3217 extra
2760 3162 2912 3215 illum
2966 3159 3211 3213 unicum.
3244 3172 3349 3210 non
3384 3156 3510 3217 crit,

248 3254 680 3323 comprehensus
720 3274 733 3309 :
767 3272 865 3309 nos
895 3272 1139 3319 vermes,
1176 3266 1230 3311 et
1273 3270 1491 3309 cmnunt
1555 3264 1610 3309 et
1665 3256 1826 3309 cinis.

250 3343 316 3396 Et
342 3346 467 3413 quis
504 3346 570 3399 de
619 3346 773 3400 nobis
829 3362 892 3401 ex
930 3348 1149 3417 propria
1204 3348 1425 3412 virtute,
1473 3356 1566 3400 aut
1618 3348 1830 3400 actione

250 3435 399 3489 hunc
428 3436 611 3491 videre
660 3452 901 3506 unquam
950 3439 1171 3508 poterit,
1230 3438 1335 3493 nisi
1385 3439 1501 3507 ipse
1562 3435 1826 3507 Spiritum

247 3545 410 3582 suum
442 3528 685 3583 divinam
719 3532 984 3597 ciii‘scrit,
1037 3546 1103 3585 ac
1140 3547 1235 3601 per
1266 3547 1390 3586 eum
1428 3529 1663 3584 infirm;e
1727 3545 1826 3583 na-

247 3631 389 3674 tura:
420 3626 610 3687 robur,
646 3624 814 3688 vires,
857 3624 1232 3693 virtutemque
1285 3624 1582 3682 suffecerit.
1624 3632 1677 3676 et
1728 3623 1829 3675 ho-

250 3713 451 3765 minem
506 3713 751 3768 videnda:
809 3715 1001 3784 gloriae
1066 3731 1179 3768 sua:
1232 3716 1487 3769 idoneum
1548 3714 1828 3769 eﬂ'eceritl

249 3804 473 3873 Alioqui
498 3806 643 3859 enim
680 3823 785 3861 non
814 3808 1037 3871 videbit,
1086 3823 1187 3862 nec
1236 3808 1421 3861 videre
1470 3818 1593 3878 pote
1612 3809 1681 3860 rit
1738 3808 1830 3860 ho-

250 3896 453 3949 minem
490 3899 764 3966 quispiam
819 3901 871 3952 in
913 3899 1088 3967 gloria
1138 3900 1469 3953 venientem.
1524 3901 1590 3953 Et
1638 3901 1710 3952 ita
1749 3901 1831 3952 in-

244 3991 381 4059 justi
419 4005 447 4042 a
475 3989 638 4058 juStis
663 3992 1087 4059 separabuntur,
1141 3991 1491 4060 tenebrisque
1528 3991 1830 4045 obruentur

250 4091 590 4151 peccatores,
626 4090 680 4135 et
729 4082 1049 4151 quicunque
1106 4084 1235 4136 hinc
1296 4098 1481 4139 secum
1535 4081 1718 4134 lumen
1775 4081 1828 4134 in

250 4174 390 4241 ipsis
425 4188 530 4226 non
587 4172 898 4227 attulerint.
951 4174 1053 4239 Qui
1108 4185 1287 4228 autem
1337 4191 1400 4228 ex
1453 4174 1541 4228 his
1577 4188 1697 4239 qum
1744 4172 1830 4227 hic

252 4274 511 4334 egerunt,
544 4264 594 4318 ei
638 4266 879 4334 cepnlati
923 4266 1264 4328 sunt,etiam
1310 4274 1440 4319 tunc
1491 4266 1719 4335 mystice
1777 4272 1831 4317 et

255 4371 515 4425 germane
547 4354 653 4409 Deo
687 4357 1115 4425 copulabnntur,
1193 4365 1353 4424 atque
1384 4357 1453 4410 ab
1504 4357 1623 4426 ejus
1679 4371 1829 4409 eom-

251 4446 516 4499 tnunione
574 4462 862 4516 nunquam
915 4448 1272 4502 divellentur.
1330 4447 1500 4502 Porro
1550 4449 1646 4517 qni
1703 4448 1826 4500 hinc

248 4537 640 4607 etnigraverint
682 4538 752 4593 ab
806 4538 924 4608 ejus
974 4539 1181 4593 lumine
1237 4539 1496 4609 sejuncli,
1555 4538 1832 4607 quomodo

250 4639 344 4683 aut
380 4644 487 4696 qua
521 4631 733 4684 ratione
772 4639 902 4683 tunc
933 4630 985 4684 ei
1025 4632 1309 4695 uuiantur,
1360 4630 1573 4684 discere
1614 4644 1643 4683 a
1678 4630 1834 4685 vobis

248 4720 436 4787 cupio,
466 4731 560 4774 aut
589 4736 684 4773 vos
713 4720 912 4775 ducere
942 4723 1141 4789 potius.

324 4812 469 4865 Deus
496 4813 661 4866 homo
698 4812 894 4874 factus,
920 4817 1163 4867 sociatus
1188 4823 1277 4867 est
1303 4811 1638 4867 hominibus.
1673 4813 1831 4867 Corn-

251 4901 557 4955 municavit
594 4902 885 4955 nobiscum
921 4904 972 4955 in
1005 4904 1240 4955 humana
1296 4912 1516 4967 natura,
1548 4904 1829 4958 vicissim-

250 5008 358 5061 que
389 5007 512 5045 cum
548 4994 821 5048 universis
884 4995 934 5047 in
971 5010 1097 5047 eum
1141 4995 1511 5061 credentibus,
1567 5004 1619 5049 et
1671 4998 1826 5049 fidem

251 5101 317 5137 ex
357 5086 621 5154 operibus
655 5086 1073 5141 ostendentibus
1124 5088 1464 5141 divinitatem
1497 5103 1650 5141 suam
1680 5106 1830 5141 com-

252 5178 578 5231 municavit.
640 5177 750 5233 llos
811 5179 984 5248 igitur
1045 5180 1316 5234 salvatunt
1384 5180 1449 5233 iri
1518 5180 1833 5245 allirmavit,

326 5378 367 5405 “
399 5375 491 5446 Ep'
516 5391 595 5431 es.
628 5393 681 5443 ν,
710 5380 799 5434 25.
876 5381 917 5412 “
941 5378 1101 5436 han.
1131 5397 1237 5445 xiv,
1270 5382 1325 5436 2.

333 5610 446 5679 (2|)
481 5610 600 5664 ":N‘
634 5624 750 5677 qua:
779 5605 1013 5679 Symcon
1052 5608 1261 5665 scribit.
1294 5606 1640 5676 intelligenda
1674 5613 1823 5669 sunt,

257 5698 369 5736 non
413 5680 479 5733 de
508 5680 928 5748 quibuscunquc
963 5680 1360 5746 peccatoribus,
1386 5680 1477 5732 sed
1512 5680 1577 5731 ιΙιι
1607 5692 1826 5729 excom-

260 5751 573 5805 municatis.
604 5750 705 5801 Alii
732 5750 875 5801 enim
911 5759 1247 5815 peccatores,
1287 5748 1638 5816 quantumvis
1667 5761 1829 5799 enor-

260 5837 376 5878 mcs
402 5862 416 5889 ,
457 5821 573 5875 sive
605 5819 876 5875 manifesti
909 5822 1021 5875 sive
1053 5820 1272 5882 orculti,
1306 5834 1430 5875 ιριό
1467 5831 1593 5875 sunt
1641 5820 1692 5872 in
1723 5816 1826 5871 Ec-

1400 5381 1445 5412 ”
1485 5379 1628 5434 Psal.
1659 5394 1793 5441 xvn,
1841 5378 1925 5430 il).

1931 3266 2150 3335 Opinor,
2177 3264 2284 3317 ulla
2318 3260 2557 3328 requies,
2586 3271 2694 3310 non
2724 3254 2877 3308 locus
2905 3270 2931 3305 ιι
2958 3250 3202 3306 tristitia,
3227 3264 3256 3302 a
3284 3256 3509 3318 gemitu,

1933 3376 1963 3416 a
1991 3357 2346 3414 tribulatione
2379 3354 2537 3407 liber.

2001 3449 2272 3517 Quocirca
2331 3447 2675 3503 studeamus,
2729 3439 2949 3502 fratres,
3008 3434 3333 3490 studeamns
3389 3439 3515 3485 ante

1931 3544 2141 3599 obitum
2190 3547 2435 3594 no~rlrum
2490 3536 2600 3590 Deo
2640 3531 2853 3586 auctori
2892 3529 3137 3583 omnium
3172 3526 3508 3587 coalescere,

1934 3635 2025 3702 qui
2057 3639 2282 3701 propter
2315 3642 2417 3681 nos
2445 3627 2677 3679 miseros
2710 3622 2882 3677 caelos
2906 3616 3211 3679 inclinavit,
3240 3623 3293 3667 et
3320 3615 3372 3665 in
3398 3621 3513 3665 ter-

1935 3741 2025 3779 ras
2074 3721 2359 3777 descendit
2390 3720 2475 3783 u;
2529 3716 2619 3786 qui
2664 3716 2821 3767 latuit
2877 3710 3122 3779 angelos,
3163 3715 3215 3759 et
3252 3707 3304 3759 in
3359 3716 3517 3758 utero

1936 3824 2143 3873 sancta:
2193 3811 2433 3881 Virginis
2487 3807 2772 3869 habitavit,
2807 3821 2870 3857 ex
2908 3819 3011 3870 qua
3049 3814 3253 3869 corpus
3284 3810 3515 3851 assum-

1935 3909 2062 3978 psit,
2102 3905 2263 3959 modo
2300 3899 2682 3963 inenarrabili,
2728 3906 2782 3950 et
2810 3898 2947 3948 citra
2998 3891 3354 3945 mutationem
3408 3884 3515 3944 sui.

1934 4001 2168 4067 indeque
2204 3997 2267 4049 ad
2325 4003 2569 4048 nostram
2606 3990 2849 4043 omnium
2888 3987 3126 4041 salutent
3182 3979 3514 4050 operandam

1934 4092 2220 4163 processit.
2248 4088 2409 4142 Salus
2437 4092 2618 4139 autem
2653 4090 2839 4136 nostra
2890 4080 3004 4132 lucc
3036 4083 3121 4130 est
3156 4076 3333 4143 plane,
3366 4074 3515 4138 quod

1934 4186 2135 4252 saepius
2170 4182 2433 4241 diximus,
2465 4186 2518 4231 et
2550 4190 2694 4228 nunc
2726 4173 2908 4227 denuo
2944 4171 3216 4232 dicemus,
3260 4181 3367 4219 non
3406 4178 3510 4215 nos

1933 4276 2151 4346 quidem
2185 4290 2251 4328 ex
2285 4272 2440 4325 nobis
2470 4268 2626 4336 ipsis,
2658 4269 2752 4321 sed
2783 4282 2846 4320 ex
2882 4280 2976 4317 ore
3010 4263 3218 4315 divino.
3253 4258 3515 4327 Apparuit

1935 4381 2188 4436 magnum
2228 4365 2407 4417 lumen
2444 4361 2612 4413 futuri
2652 4357 2860 4417 saeculi,
2890 4370 3113 4420 regnum
3156 4351 3422 4407 emlorum
3459 4349 3511 4400 in

1935 4464 2110 4507 terras
2139 4451 2459 4506 descendit:
2495 4451 2602 4502 imo
2630 4462 2757 4501 vero
2792 4460 3047 4513 superum
3080 4450 3135 4496 et
3168 4440 3430 4503 inferum,
3463 4446 3517 4488 et

1937 4545 2181 4600 omnium
2212 4541 2323 4595 Rex
2361 4542 2527 4602 venit,
2564 4540 2844 4604 voluitque
2877 4536 3032 4589 nobis
3060 4533 3173 4586 fieri
3206 4530 3427 4600 similis,
3456 4538 3516 4581 ut

1936 4652 2001 4689 ex
2034 4636 2151 4703 ipso
2180 4643 2442 4699 tanquam
2476 4647 2541 4684 ex
2578 4629 2781 4683 lumine
2819 4643 3009 4680 omiws
3039 4626 3278 4687 accensi,
3314 4622 3517 4676 lumina

1937 4728 2110 4779 altera
2142 4726 2318 4793 primo
2350 4724 2551 4775 similia
2585 4720 2972 4783 evaderemus;
3007 4726 3060 4770 et
3098 4718 3246 4781 regni
3279 4713 3518 4767 coclestis

1933 4823 2243 4875 consortes,
2284 4812 2580 4879 gloriaeque
2629 4809 2947 4878 participes,
2982 4822 3081 4859 nec
3140 4820 3247 4859 non
3284 4815 3514 4857 :eterno-

1936 4921 2054 4958 rum
2086 4905 2373 4962 bonorum.
2422 4917 2545 4970 quae
2587 4915 2745 4953 nemo
2787 4900 2921 4952 vidit
2965 4912 3239 4965 unquam,
3275 4894 3520 4948 lia-redes

1941 4998 2217 5051 heremus.
2263 4996 2383 5049 ll.cc
2429 5004 2609 5049 autem
2646 5002 2797 5053 sunt,
2833 5000 2891 5043 ut
2920 4992 3106 5053 credo,
3140 4999 3194 5042 et
3227 4989 3354 5042 mihi
3395 5003 3502 5055 per-

1940 5088 2141 5143 suadeo
2188 5097 2241 5140 ct
2277 5096 2528 5149 autumo,
2566 5084 2747 5151 Pater,
2786 5083 2952 5137 l-‘ilins
3010 5092 3061 5135 et
3117 5081 3350 5149 Spiritus
3387 5092 3518 5132 san-

1941 5190 2082 5246 ctus,
2127 5194 2231 5232 una
2269 5177 2533 5232 Trinitas.
2580 5177 2681 5230 llic
2717 5175 2838 5229 fons
2890 5175 3198 5237 bonorum;
3241 5172 3353 5225 ha-c
3409 5169 3517 5222 vita

1937 5605 2143 5661 clesia;
2181 5598 2479 5655 dummodo
2522 5608 2704 5651 tamen
2762 5596 2917 5651 fidem
2956 5610 3061 5646 non
3120 5590 3405 5653 ahjiciant.
3443 5589 3517 5641 De

1938 5690 2048 5743 quo
2075 5673 2253 5726 vidi-at
2285 5672 2452 5743 lector
2478 5666 3137 5743 Card._llellarm._lib._ttt
3180 5663 3249 5743 De
3282 5661 3517 5743 Ecclesia

1940 5732 2220 5805 militante,
2250 5757 2369 5807 cap.
2394 5740 2448 5801 9,
2475 5740 2569 5808 qui
2594 5739 2757 5791 etiam
2782 5753 2902 5804 cap.
2932 5735 3217 5808 l0,_docct,
3244 5732 3520 5799 quomon

1944 5815 2190 5868 ittli'ItLiCS
2216 5805 2414 5865 occulti
2449 5805 2505 5868 in
2543 5808 2787 5865 lietlcsia
2817 5806 3028 5862 censeri
3066 5805 3300 5873 ιιο;ιδὶιιι.
