4182 6456
684 356 789 420 575

1875 346 2182 408 SYMEON
2196 346 2266 404 lS
2305 343 2676 406 JUNIORIS

3847 345 3956 409 576

691 483 870 522 rerum
893 464 1265 530 exstantium;
1289 463 1371 517 bae
1392 462 1601 517 deliciae
1624 469 1677 517 et
1702 461 1923 530 requies
1948 476 1963 526 ;
1992 459 2109 514 haec
2129 458 2269 514 stola
2299 456 2345 511 Α
2447 454 2586 508 Audi
2617 468 2738 523 qua:
2770 424 3156 521 percunctaris
3181 463 3265 520 ,et
3292 452 3478 510 audita
3506 455 3700 513 litteris
3736 461 3964 515 manda-

683 570 739 615 et
769 561 977 630 gloria;
1008 558 1114 611 hoc.
1141 556 1391 626 gaudinn‘
1432 553 1705 610 ineil'abile
1730 564 1786 608 et
1817 554 1969 607 salus
1995 552 2264 616 omnium,

684 653 775 721 qui
806 649 1228 707 illuminationis
1257 649 1377 717 ejus
1399 646 1800 716 inexplicabilis
1824 644 1951 700 facti
1976 651 2106 700 sunt
2137 658 2266 713 par-

686 744 898 813 ticipes,
934 752 988 797 et
1016 742 1459 797 communionem
1495 754 1555 795 se
1594 754 1719 795 cum
1756 740 1876 809 ipso
1907 739 2109 793 habere
2140 753 2268 793 sen-

684 836 857 890 tiunt.
908 834 1119 889 Idcirco
1175 835 1342 899 enim,
1384 833 1590 899 audite,
1640 830 1891 887 Salvator
1922 832 2266 897 nominatur,

685 928 945 997 quoniam
982 928 1235 982 omnibus
1259 928 1585 995 quibuscum
1614 927 1796 979 unitns
1820 926 2003 993 fuerit,
2036 927 2265 982 salutem

686 1020 799 1074 dat.
834 1018 996 1073 Salus
1021 1034 1185 1089 porro
1211 1027 1295 1074 est
1332 1019 1577 1073 omnium
1612 1018 1878 1072 malorum
1906 1017 2178 1084 depulsio,
2214 1025 2268 1072 et

686 1113 741 1166 in
801 1113 991 1165 eodem
1047 1113 1295 1165 omnium
1349 1112 1620 1165 bonorum
1671 1118 1875 1165 aeterna
1913 1110 2178 1170 inventio.
2236 1124 2267 1163 a

684 1215 860 1260 morte
889 1211 1080 1282 vitam.
1115 1222 1143 1259 a
1184 1205 1429 1260 tenebris
1480 1206 1681 1270 lucem,
1724 1220 1753 1258 a
1806 1203 2073 1259 servitute
2107 1203 2269 1258 vitio-

685 1314 906 1354 sorum‘.
952 1300 1286 1362 affectuum,
1360 1300 1917 1369 turpissimarumque
1989 1298 2266 1352 actionum

685 1389 983 1457 perfectam
1003 1391 1316 1445 libertatem
1349 1390 1606 1444 omnibus
1626 1404 1748 1443 cum
1771 1388 1994 1443 Christo
2024 1389 2267 1442 omnium

686 1478 972 1535 Salvatore
1002 1480 1311 1549 conjunctis
1339 1495 1401 1534 ac
1430 1479 1698 1535 devinctis
1725 1478 1987 1546 largiens,
2014 1482 2107 1547 qui
2136 1487 2270 1534 tunc

689 1588 857 1627 omne
887 1573 1145 1641 gaudium
1179 1572 1315 1626 citra
1353 1574 1659 1641 perieulum
1693 1570 2001 1636 amittendi,
2045 1586 2265 1626 omnem

685 1664 1134 1724 exsultationem,
1193 1664 1548 1731 laetitiamque
1582 1663 1885 1731 possident.
1937 1664 2040 1729 Qui
2085 1672 2267 1718 autem

687 1769 917 1822 prorsus
951 1754 1019 1807 ab
1046 1769 1112 1808 eo
1153 1754 1410 1819 sejuncti,
1442 1769 1547 1806 non
1586 1767 1709 1808 eum
1738 1760 2013 1822 quarunt,
2046 1769 2150 1809 nec
2179 1755 2270 1823 ju-
2302 1790 2343 1847 Β

687 1860 813 1914 gum
843 1855 1091 1899 motuum
1120 1846 1286 1899 animi
1332 1846 1529 1899 rationi
1564 1845 1971 1900 adversantium
2007 1860 2272 1900 excusse-

685 1948 837 1999 runt,
887 1953 987 1990 nec
1038 1953 1066 1991 a
1114 1945 1291 1990 morte
1341 1946 1469 1992 sunt
1516 1936 1754 2001 liberati,
1804 1953 1903 1993 seu
1952 1953 2126 2009 reges.
2176 1954 2271 1993 seu

690 2026 993 2096 princ-ipes,
1028 2042 1123 2080 Seu
1157 2027 1257 2079 viri
1294 2037 1596 2081 summates
1627 2027 1760 2091 sint,
1797 2026 1902 2080 etsi
1934 2027 1988 2079 in
2032 2026 2269 2094 deliciis,

689 2119 744 2172 in
788 2118 1174 2180 bilaritatibus,
1202 2126 1255 2171 et
1281 2118 1762 2180 oblectationibus,
1790 2124 1843 2172 et
1874 2118 1927 2171 in
1963 2118 2121 2173 bonis
2151 2134 2272 2187 per—

690 2210 937 2265 fruendis
981 2212 1189 2266 versari
1226 2226 1286 2266 se
1315 2218 1527 2281 putent,
1566 2224 1848 2279 nunquam
1897 2220 2078 2264 tamen
2109 2212 2269 2267 talem

688 2304 976 2373 acquirent
1026 2304 1287 2367 laetitiam,
1316 2302 1537 2370 qualem
1576 2303 1720 2357 servi
1753 2300 1957 2356 Christi
1991 2303 2059 2355 ab
2093 2302 2272 2355 omni-

687 2395 792 2449 bus
833 2396 1131 2463 illegitimis
1163 2396 1369 2463 glorize,
1403 2410 1466 2449 ac
1502 2396 1845 2463 voluptatum
1877 2394 2272 2464 cupiditatibus

690 2487 965 2541 immunes
995 2489 1333 2557 percipiunt;
1362 2503 1480 2556 quae
1506 2488 1726 2555 quidem
1751 2496 1900 2541 tanta
1926 2496 2034 2550 est,
2068 2495 2129 2541 ut
2152 2502 2271 2541 eam

687 2581 864 2633 oratio
896 2580 1159 2650 consequi
1191 2595 1299 2633 non
1340 2581 1533 2649 possit,
1562 2597 1725 2649 quam
1766 2596 1954 2635 eorum
1986 2595 2145 2635 nemo
2176 2580 2275 2633 ali-

689 2673 909 2738 quando
969 2680 1285 2742 cognoscet,
1346 2673 1636 2741 intelliget,
1714 2682 1811 2726 aut
1873 2673 2104 2737 videbit,
2178 2673 2272 2743 qui

689 2761 913 2815 Christo
940 2763 1155 2817 sincere
1195 2762 1551 2831 frucnterque
1587 2779 1694 2817 non
1730 2764 2084 2829 adhaeserint,
2113 2766 2274 2833 eique

692 2856 917 2917 unione,
942 2869 1108 2922 quam
1134 2855 1411 2924 explicare
1438 2870 1547 2908 non
1569 2864 1675 2919 est,
1702 2856 1913 2910 astricti
1944 2864 1999 2910 et
2020 2856 2271 2925 impliciti

692 2958 798 2996 non
833 2943 1072 3009 fuerint;
1108 2959 1271 3012 quem
1313 2945 1471 2999 decet
1500 2948 1672 3015 gloria
1722 2956 1778 3001 et
1807 2946 2009 3011 honor,
2063 2947 2185 3002 laus
2218 2954 2274 3001 et

692 3037 872 3089 omnis
900 3036 1217 3103 przedicatio
1251 3037 1320 3091 ab
1350 3038 1501 3092 omni
1554 3046 1830 3105 creatura,
1872 3046 1927 3094 et
1982 3040 2178 3110 spiritu
2215 3040 2272 3094 in

690 3130 910 3181 secula.
942 3129 1131 3182 Amen.

1258 3288 1486 3345 CAPUT
1527 3289 1696 3345 XXX.

690 3420 879 3476 Melius
904 3439 1015 3476 esse
1042 3423 1168 3477 bene
1204 3429 1312 3490 regi
1333 3464 1350 3489 ,
1399 3444 1557 3493 quam
1589 3444 1763 3495 regere
1794 3430 2004 3483 invitos.
2040 3428 2269 3485 Nullum

757 3495 895 3546 enim
950 3495 1073 3559 capi
1120 3497 1546 3560 emolumentum,
1601 3500 1649 3550 si
1705 3500 1821 3556 quis
1872 3501 2011 3553 alios
2066 3517 2273 3554 servare

758 3563 989 3686 stqdeat,
1022 3574 1070 3617 et
1101 3580 1155 3617 se
1190 3581 1282 3634 per
1329 3565 1546 3621 illorum
1585 3571 1956 3638 pra’fecwram
2004 3571 2271 3641 perditum

758 3650 820 3686 ea
851 3672 867 3686 .

758 3650 867 3687 σαι.

760 3769 877 3831 Dic.
910 3772 1148 3834 Christe,
1186 3786 1348 3826 servo
1384 3782 1499 3837 tuo,
1549 3773 1639 3829 dic
1690 3773 1876 3829 lumen
1913 3776 2125 3841 mundi,
2187 3777 2277 3831 dic

690 3860 919 3913 scicntia
952 3862 1119 3915 totius
1150 3863 1414 3925 universi,
1440 3862 1529 3917 dic
1559 3862 1795 3919 Verbum
1830 3866 2121 3935 sapientia,
2155 3883 2276 3937 qua:

689 3951 872 4002 omnia
901 3952 1144 4018 praescis,
1175 3952 1361 4004 omnia
1393 3954 1670 4021 praenosti,
1700 3964 1753 4007 et
1780 3956 1938 4011 nobis
1960 3958 2277 4011 conducen-

690 4040 765 4093 tia
800 4041 965 4094 doces
997 4042 1116 4096 sine
1157 4043 1356 4096 invidia
1384 4060 1399 4108 ;
1434 4045 1523 4098 dic
1549 4052 1603 4097 et
1634 4051 1771 4100 doce
1806 4062 1890 4115 m_e
1920 4064 2139 4118 quoque
2159 4049 2278 4105 vias

695 4148 720 4187 s
741 4134 967 4188 dutares
999 4144 1213 4189 tuarum
1248 4136 1611 4202 voluntatum,
1643 4154 1706 4193 ac
1727 4140 2034 4195 divinorum
2058 4150 2276 4197 tuorum

695 4228 1102 4281 mandatorum.
1149 4227 1265 4294 Dic,
1314 4238 1367 4282 et
1400 4245 1466 4284 ne
1498 4230 1772 4299 despicias
1806 4249 1913 4295 me,
1949 4250 2085 4288 neve
2135 4236 2279 4291 celes

693 4320 979 4389 indignum
1014 4337 1232 4376 servum
1268 4333 1443 4388 tuum,
1476 4322 1621 4378 Deus
1654 4342 1829 4392 meus,
1878 4326 2278 4395 beneplacitnm

690 4421 870 4477 tuum,
925 4424 981 4468 et
1019 4416 1168 4482 aperi
1227 4417 1359 4469 mibi
1418 4416 1652 4485 benigne
1702 4418 1954 4473 Salvator
1989 4429 2168 4474 utrum
2207 4438 2273 4475 ex

690 4504 902 4559 duobus
931 4507 1126 4559 melius
1163 4507 1304 4574 apud
1340 4516 1392 4560 te
1423 4507 1515 4573 sit,
1553 4509 1758 4578 tibique
1798 4511 2030 4576 gratius,
2075 4511 2275 4565 sollici—

691 4598 935 4651 tudinem
976 4614 1166 4668 gerere
1218 4615 1305 4651 me
1340 4614 1526 4653 rermn
1565 4601 1909 4665 monasterii,
1950 4610 2004 4657 et
2041 4603 2271 4657 candide

692 4706 990 4759 procurare
1012 4691 1452 4745 necessitudines
1477 4708 1793 4762 corporum,
1818 4710 2272 4765 propugnareque

689 4781 879 4836 odiose
939 4798 1038 4852 pro
1079 4784 1361 4848 omnibus;
1424 4800 1491 4837 an
1529 4785 1630 4838 soli
1666 4785 1837 4853 quieti
1893 4802 2109 4855 semper
2153 4803 2275 4843 esse

690 4872 959 4935 deditum,
986 4884 1039 4927 et
1064 4884 1299 4928 mentem
1331 4889 1607 4943 serenam,
1634 4886 1797 4946 atque
1821 4878 2273 4947 imperturbatam

690 4952 1037 5029 conservare,
1090 4974 1142 5019 et
1175 4965 1361 5035 gratiae
1391 4975 1497 5020 tuae
1529 4969 1805 5024 scintillas
1863 4970 2167 5038 suscipere,
2221 4977 2277 5024 ct

691 5056 992 5111 secundum
1049 5059 1246 5111 anima.-
1298 5074 1521 5113 sensum
1567 5062 1908 5115 continenter
1952 5062 2273 5127 illuminari,

690 5149 1020 5217 divinosque
1046 5164 1331 5203 sermones
1356 5166 1555 5205 arcane
1582 5152 1883 5222 percipere,
1910 5161 1965 5207 et
1993 5164 2277 5210 mansuete

692 5241 891 5295 docere
945 5240 1101 5302 alios,
1133 5241 1428 5318 docerique
1492 5242 1764 5298 similiter.
1799 5243 1903 5309 Qui
1939 5246 2084 5299 enim
2116 5246 2278 5300 ducet

696 5334 855 5397 alios,
897 5333 1082 5386 eadem
1136 5333 1238 5387 sibi
1270 5350 1491 5404 quoque
1520 5335 1673 5397 dicit,
1711 5344 1765 5389 et
1814 5336 2022 5403 primus
2053 5337 2278 5390 omnino

696 5439 758 5477 ea
789 5433 1049 5492 prmstare
1103 5424 1259 5480 factis
1311 5425 1491 5482 debet.
1535 5427 1608 5480 Ex
1641 5426 1729 5481 his
1758 5428 1941 5495 itaque
1991 5429 2276 5493 ambobus,

702 5522 791 5577 die
820 5522 972 5587 mihi,
998 5537 1031 5575 o
1060 5522 1217 5574 lictor
1249 5532 1302 5575 et
1339 5523 1480 5577 Deus
1510 5536 1691 5588 meus,
1748 5530 1935 5578 utrum
1970 5523 2103 5577 mihi
2143 5538 2247 5578 con

704 5612 965 5677 ducibile,
1002 5623 1184 5667 utrum
1234 5613 1331 5667 tibi
1394 5613 1648 5681 placitum
1696 5627 1760 5669 ac
1800 5612 2102 5683 perfectum
2150 5613 2278 5670 est?

704 5720 821 5772 age,
862 5720 930 5759 ne
978 5706 1107 5759 mibi
1151 5706 1293 5762 istud
1338 5710 1538 5777 denega
1592 5717 1672 5772 tu,
1722 5707 1880 5778 cujus
1929 5722 2143 5763 summa
2189 5718 2276 5765 est

705 5798 1104 5856 misericordia.

2370 544 2483 615 Ego
2512 546 2653 600 Deus
2686 553 2813 600 ante
2848 561 3013 601 omne
3038 548 3390 618 principium,
3419 564 3518 619 ego
3546 558 3741 604 natura
3771 550 3967 606 Domi-

2369 652 2494 702 nus,
2513 650 2832 705 superorum
2855 644 2908 691 et
2934 635 3233 691 inferorum
3262 653 3379 699 rex,
3402 639 3560 707 cujus
3588 640 3731 694 servi
3767 655 3967 695 omnes

2369 739 2688 795 censentur,
2724 728 2887 783 etiam
2936 730 3025 799 qui
3060 730 3276 787 nolunt.
3310 729 3422 801 Ego
3455 733 3647 801 utique
3692 731 3969 787 Conditor

2368 818 2853 887 omnium,.ludex,
2881 831 2935 876 et
2963 821 3227 878 Dominus
3258 829 3311 876 et
3349 838 3493 878 nunc
3522 839 3665 887 sum,
3690 836 3741 879 et
3771 824 3825 878 in
3857 839 3967 877 sae-

2370 914 2492 969 cula
2522 915 2850 967 szeeulorum
2882 929 2997 968 ero.
3035 914 3141 968 Sed
3176 916 3446 969 nolentem
3480 916 3688 970 nullum
3718 932 3962 987 unquam

2372 1022 2527 1077 cogo.
2569 1004 2708 1059 Volo
2765 1006 2910 1060 enim
2966 1021 3063 1062 eos
3104 1010 3197 1076 qui
3232 1008 3362 1061 mibi
3400 1011 3666 1072 serviunt,
3702 1018 3758 1064 et
3809 1012 3962 1065 dicto

2371 1099 2655 1154 audientes
2687 1106 2836 1162 sunt,
2872 1099 3079 1153 servire
3130 1099 3321 1165 libere,
3366 1114 3433 1154 ex
3489 1102 3657 1154 animi
3699 1101 3953 1167 arbitrio,

2369 1206 2493 1247 cum
2529 1191 2726 1243 timore
2763 1199 2818 1246 et
2850 1191 3135 1245 cbaritate.
3164 1190 3325 1247 Tales
3368 1206 3558 1248 servos
3605 1208 3782 1258 meos,
3825 1194 3960 1249 tales

2370 1283 2461 1353 qui
2498 1283 2639 1352 apud
2673 1298 2758 1336 me
2794 1290 3029 1347 merent,
3065 1284 3201 1337 tales
3235 1282 3443 1338 amicos
3503 1298 3653 1339 meos
3690 1299 3813 1338 esse
3863 1284 3962 1339 de-

2371 1376 2575 1430 sidero.
2611 1375 2761 1430 Alios
2819 1376 3061 1430 noudum
3099 1377 3353 1446 cognovi,
3390 1392 3494 1433 nec
3527 1378 3596 1432 ab
3634 1377 3828 1432 iisdem
3866 1392 3962 1433 co-

2371 1468 2557 1537 gnitus
2586 1482 2729 1524 sum.
2766 1466 3033 1534 Quocirca
3063 1468 3260 1522 durum
3293 1485 3400 1532 me,
3456 1480 3509 1525 et
3535 1470 3629 1539 qui
3664 1472 3960 1525 commise-

2370 1559 2584 1614 ratione
2614 1575 2723 1614 non
2759 1569 2975 1629 tangar,
3014 1568 3068 1613 et
3098 1561 3344 1627 iniquum
3383 1561 3485 1630 ipsi
3519 1561 3612 1615 (iiii
3648 1561 3960 1631 iniquitatis

2370 1652 2668 1721 appellant.
2700 1652 2803 1717 Qui
2835 1653 3001 1722 igitur
3028 1668 3113 1706 me
3143 1653 3545 1707 contumeliose
3570 1660 3834 1719 tractant,
3859 1656 3954 1721 qui

2371 1743 2621 1799 convicia
2647 1743 2777 1796 mihi
2812 1744 3022 1807 dicunt,
3059 1743 3151 1813 qui
3184 1760 3270 1799 me
3294 1746 3511 1812 probris
3539 1754 3794 1809 onerant,
3823 1762 3959 1816 quo-

2374 1832 2537 1887 modo
2562 1832 2658 1885 tibi
2689 1848 2747 1885 se
2780 1832 3098 1901 subjiciant,
3137 1834 3529 1903 autquomodo
3556 1844 3611 1889 te
3634 1836 3958 1903 magistrum

2374 1925 2700 1979 admittant?
2734 1927 3011 1996 quomodo
3052 1927 3162 1993 lupi
3190 1936 3243 1983 te
3272 1935 3543 1997 pastorem
3580 1928 3910 1996 reputabunt
3938 1926 3963 1980 3

2372 2026 2465 2072 aut
2496 2016 2773 2086 quomodo
2799 2033 2985 2072 vocem
3019 2028 3162 2072 tuam
3190 2029 3511 2088 sequentur,
3536 2035 3659 2075 cum
3692 2020 3807 2076 sint
3832 2020 3962 2076 ferae

2373 2110 2603 2163 bellum?
2639 2110 2930 2180 Egredere,
2960 2109 3084 2181 fuge
3113 2118 3168 2166 et
3199 2111 3409 2166 subduc
3439 2120 3492 2167 te
3516 2128 3582 2167 ex
3613 2111 3812 2165 horum
3843 2128 3961 2167 me-

2374 2200 2484 2255 dio.
2542 2200 2690 2255 Satis
2738 2209 2861 2256 esto
2923 2201 3041 2266 tibi,
3083 2201 3127 2256 si
3167 2202 3400 2270 teipsum
3463 2218 3667 2258 serves.
3704 2203 3862 2270 Quod
3915 2205 3960 2259 si

2375 2294 2635 2347 mundum
2665 2309 2871 2358 serves,
2900 2302 2952 2349 te
2976 2308 3105 2347 vero
3132 2295 3350 2363 perdes,
3376 2296 3507 2364 quid
3533 2297 3773 2351 mundus
3798 2312 3965 2367 opera

2375 2395 2468 2442 tua
2500 2395 2750 2442 servatus
2781 2388 2876 2442 tibi
2915 2388 3195 2458 proderit?
3230 2388 3364 2443 Nolo
3397 2399 3447 2445 te
3481 2406 3822 2460 quemquam
3857 2407 3963 2447 no-

2376 2480 2573 2533 lentem
2608 2495 2797 2549 regere
2830 2496 2844 2533 :
2880 2481 3025 2550 quod
3069 2481 3247 2550 ipsum
3285 2498 3370 2537 me
3406 2482 3459 2537 in
3497 2482 3706 2538 mundo
3763 2483 3966 2540 fecisse

2374 2573 2560 2628 videas
2599 2573 2747 2629 licet.
2798 2572 3109 2629 Volentinm
3156 2589 3259 2643 ego
3313 2583 3496 2630 rector
3533 2592 3597 2629 ac
3658 2577 3962 2643 Dominus;

2377 2675 2696 2720 ceterorum
2723 2674 2943 2721 creator
2970 2668 3213 2736 quidem,
3239 2678 3290 2721 et
3316 2677 3509 2722 natura
3538 2667 3822 2728 Dominus.
3854 2684 3963 2723 non

2375 2764 2557 2810 autem
2592 2757 2702 2810 ullo
2740 2757 2902 2811 modo
2933 2773 3049 2823 rex,
3089 2774 3264 2827 neque
3293 2761 3424 2819 dux.
3460 2775 3524 2813 ac
3576 2776 3780 2829 praeses
3816 2776 3962 2825 sum,

2374 2849 2467 2916 qui
2502 2863 2609 2900 non
2637 2848 2835 2901 tollunt
2867 2865 3090 2904 erucem
3123 2866 3298 2917 suam,
3335 2867 3435 2905 nec
3479 2868 3563 2906 me
3604 2863 3916 2922 sequuntur
3947 2871 3961 2907 :

2374 2938 2577 2993 diaboli
2608 2939 2752 2994 enim
2806 2941 2927 3001 lilii.
2964 2953 3015 2995 et
3068 2957 3195 2996 vasa
3257 2952 3407 2997 sunt.
3456 2941 3587 2996 Vide
3640 2946 3963 3014 mysterium

2377 3037 2659 3101 horribile,
2695 3038 2819 3092 vide
2874 3039 3253 3103 stoliditatem,
3296 3047 3351 3093 et
3389 3055 3485 3095 eos
3543 3041 3794 3095 lamentis
3832 3058 3965 3111 pro-

2301 3124 2346 3185 C
2380 3144 2614 3197 sequere
2648 3130 2693 3183 si
2722 3138 2871 3197 potes
2900 3130 2983 3183 vel
3011 3131 3064 3183 in
3098 3132 3261 3186 horas
3284 3131 3554 3200 singulas.
3589 3132 3775 3186 Vocati
3810 3148 3965 3185 nam-

2374 3235 2480 3288 que
2512 3235 2543 3274 e
2567 3220 2806 3274 tenebris
2841 3220 2907 3273 ad
2935 3222 3114 3274 lumen
3143 3237 3248 3275 non
3280 3223 3594 3287 occiduum,
3630 3237 3657 3274 a
3690 3232 3863 3277 morte
3897 3223 3966 3278 ad

2376 3315 2569 3375 vitam,
2602 3313 2668 3364 ab
2702 3311 2921 3365 inferno
2953 3314 3019 3365 ad
3053 3314 3275 3373 caelum,
3306 3329 3335 3368 a
3366 3316 3711 3383 temporariis
3737 3324 3789 3369 et
3817 3316 3970 3384 peri-

2376 3403 2517 3456 turis
2540 3403 2606 3455 ad
2633 3403 2862 3471 gloriam
2890 3404 3300 3474 sempiternam,
3327 3406 3664 3467 irascuntur,
3689 3416 3741 3459 et
3770 3417 3966 3461 contra

2375 3494 2667 3559 magistros
2728 3494 3056 3557 insaniunt,
3116 3497 3545 3566 omnigenasqne
3612 3498 3843 3551 insidias
3906 3499 3964 3552 in

2376 3586 2598 3639 eosdem
2628 3594 2987 3654 componunt,
3024 3595 3079 3641 et
3103 3587 3239 3655 mori
3276 3596 3597 3657 praeoptarit,
3632 3604 3796 3657 quam
3828 3604 3855 3641 a
3886 3598 3969 3643 te-

2378 3676 2586 3735 nebris.
2633 3685 2687 3730 et
2734 3679 2998 3746 operibus
3040 3664 3388 3733 teni-brarum
3423 3681 3727 3745 discedere,
3780 3698 3842 3735 ac.
3876 3698 3970 3737 me

2376 3770 2552 3838 sequi.
2591 3766 2703 3825 Hos
2751 3785 2862 3839 quo
2901 3778 3060 3839 pacto
3094 3771 3309 3825 tandem
3367 3772 3780 3827 moderaberis?
3825 3789 3967 3842 quo-

2378 3861 2542 3913 modo
2581 3859 2667 3913 bis
2706 3861 2930 3929 praeeris
2967 3877 2980 3913 :
3036 3864 3312 3931 quomodo
3347 3863 3449 3916 bos
3500 3863 3689 3925 duces,
3722 3865 3811 3918 dic
3840 3881 3965 3934 age,

2379 3953 2472 4022 qui
2503 3964 2698 4021 sponte
2729 3969 2827 4009 sua
2865 3954 2930 4007 ad
2972 3955 3151 4024 ignem
3183 3954 3575 4025 transfugiunt,
3609 3956 3750 4009 hosti
3780 3958 3961 4013 adhae-

2382 4053 2585 4109 rentes,
2620 4055 2675 4098 et
2702 4061 2825 4100 cum
2858 4063 2923 4100 eo
2950 4048 3233 4116 praeceptis
3262 4046 3396 4102 meis
3425 4048 3701 4101 contraria
3737 4049 3969 4119 impigre

2380 4135 2763 4204 dcsignantes?
2787 4138 3070 4203 Quomodo
3096 4154 3288 4207 pasees
3312 4153 3369 4192 ut
3400 4154 3567 4198 oves:
3595 4141 3869 4210 quomodo
3895 4143 3967 4196 ad

2382 4245 2605 4299 pascua,
2638 4246 2846 4299 quaeso,
2911 4231 3294 4284 mandatorum
3338 4248 3609 4295 meorum,
3642 4233 3708 4286 ad
3761 4248 3966 4301 aquam

2382 4324 2720 4378 voluntatum
2751 4339 2992 4377 mearum
3031 4323 3296 4377 induces?
3325 4326 3600 4393 quomodo
3633 4326 3837 4381 educes
3869 4343 3967 4382 eos

2383 4416 2449 4468 ad
2491 4425 2726 4479 montes,
2751 4416 2842 4482 qui
2877 4416 3061 4468 animo
3092 4416 3368 4481 \identur,
3396 4417 3674 4470 visionum
3706 4419 3968 4486 mystica-

2384 4523 2503 4561 rum
2537 4508 2725 4576 gloriae
2759 4522 2890 4561 mete
2934 4508 3340 4574 inenarrabilis,
3378 4523 3475 4576 per
3520 4524 3684 4578 quam
3711 4511 3803 4578 qui
3846 4526 3966 4564 eam

2381 4600 2689 4664 intuentur,
2717 4598 3035 4653 inferiorem
3063 4603 3203 4654 banc
3226 4601 3452 4669 gloriam
3480 4600 3818 4670 despiciunt,
3844 4619 3966 4657 om-

2382 4692 2647 4759 niumque
2704 4691 2808 4745 sub
2839 4706 3038 4746 sensus
3071 4692 3378 4745 cadentium
3408 4692 3586 4756 obliti,
3632 4693 3747 4747 haec
3780 4698 3968 4750 omnia

2384 4797 2483 4852 pro
2507 4782 2720 4847 umbra,
2748 4792 2801 4836 et
2847 4781 3001 4835 fumo
3043 4782 3298 4835 ducunt?
3335 4781 3433 4836 Dic
3467 4784 3745 4852 quomodo
3778 4788 3969 4841 adver-

2383 4874 2589 4928 sarium
2623 4875 2676 4928 in
2708 4890 2874 4929 causa
2906 4875 3136 4928 dicenda
3192 4884 3483 4943 patronum
3523 4876 3795 4932 habebis?
3830 4892 3970 4946 quo—

2386 4970 2547 5022 modo
2578 4969 2787 5023 hostem
2819 4968 3083 5023 infestum
3117 4969 3182 5023 ad
3210 4976 3263 5022 te
3304 4968 3644 5038 diligendum
3688 4970 3969 5025 adduces?

2388 5059 2569 5115 Facile
2613 5062 2758 5115 enim
2798 5061 2999 5129 potius,
3044 5075 3211 5129 parva
3272 5062 3564 5116 occasione
3611 5062 3856 5122 inventa,
3903 5079 3967 5117 ex

2386 5152 2578 5207 amicis
2614 5151 2821 5205 inimici
2862 5150 3021 5204 (lunt.
3074 5152 3172 5205 Ast
3221 5151 3428 5205 inimici
3469 5152 3682 5207 difﬁcile
3733 5158 3970 5225 conjun-

2388 5253 2523 5314 gu'lt
2546 5243 2867 5305 amicitiam,
2901 5245 3152 5311 quamvis
3198 5242 3481 5297 beneﬁciis
3510 5244 3838 5304 alliciantur,
3870 5246 3969 5299 do-

2387 5337 2583 5403 nisque
2630 5335 2927 5397 nobilibus,
2953 5344 3008 5388 et
3042 5336 3253 5402 magnis
3304 5336 3754 5389 coltoncstcntur.
3793 5336 3969 5390 Vene-

2389 5443 2518 5482 num
2550 5427 2794 5481 clausum
2822 5437 3014 5497 gerunt
3048 5427 3100 5479 in
3130 5438 3371 5495 peetore,
3394 5426 3539 5494 quod
3561 5429 3971 5496 opportunitate

2390 5520 2569 5574 oblata
2605 5534 2729 5573 mox
2760 5528 3041 5582 evomunt,
3071 5533 3135 5572 ac
3171 5519 3535 5573 benemeritos
3576 5520 3643 5573 de
3675 5534 3735 5574 se
3785 5520 3966 5589 impie,

2389 5610 2794 5679 crudeliterque
2825 5625 2931 5664 non
2968 5608 3267 5664 formidant
3297 5610 3570 5665 occidere.
3598 5611 3639 5663 0
3664 5618 3968 5665 extremum

2393 5702 2654 5757 furorem.
2684 5701 2750 5757 Hi
2783 5712 2911 5757 sunt
2940 5702 3241 5757 imitatores
3260 5700 3432 5767 Cain;
3464 5703 3519 5756 bi
3545 5702 3820 5757 Lamecbo
3842 5718 3967 5758 sce-

2395 5793 2723 5861 leratiores;
2768 5794 2819 5847 bi
2881 5793 3048 5850 Saulo
3105 5792 3355 5849 moribus
3407 5794 3635 5863 similes,
3703 5808 3969 5865 sequaces
