4182 6456
271 327 374 394 577

1342 329 1788 390 DIVINORUM
1831 328 2158 392 AMORUM
2201 332 2460 393 LIBER.

3419 346 3523 408 578

263 446 600 509 Iuda-orum,
642 441 792 499 Iuda:
821 443 1022 508 remuli,
1056 453 1110 500 et
1172 445 1290 516 ejus
1350 446 1528 518 laquei
1581 449 1842 505 haeredcs.
1879 447 1925 503 Α
1955 446 2099 499 neris
2130 449 2420 500 habentem
2455 459 2616 500 aures
2647 445 2926 513 audiendi,
2957 456 3010 502 et
3058 448 3523 521 obtemperantem

269 540 363 594 llis
404 540 448 592 si
502 554 733 606 praeesse
769 540 990 607 quaeris,
1043 539 1330 594 considera
1387 556 1497 609 quo
1554 540 1842 597 devenias:

262 646 370 684 non
406 632 551 684 enim
596 645 660 684 eo
693 646 750 685 se
777 639 1100 685 convertent
1144 647 1252 700 quo
1296 642 1348 686 tu
1404 634 1674 696 volueris.
1732 637 1826 689 sed

262 734 316 776 te
343 723 595 776 eamdem
635 723 774 776 viam
804 725 1087 778 ambulare
1112 724 1459 792 compellent,
1494 734 1547 781 et
1582 726 1840 793 primum,

259 823 387 868 ante
426 815 544 867 illos
579 815 632 868 in
675 824 902 882 pestem,
951 824 1005 869 et
1051 816 1278 870 exitium
1315 817 1578 880 incidere,
1608 827 1663 872 et
1700 817 1841 872 infra

258 911 410 977 ipsos
437 911 488 962 in
526 910 737 963 foveam
772 911 936 963 imam
964 911 1323 975 descendere,
1359 920 1418 966 ut
1467 915 1558 982 qui
1596 929 1692 969 eos
1720 930 1838 968 om-

257 999 392 1053 nino
421 1001 649 1054 comites
683 1016 711 1053 a
765 1010 918 1070 tergo
955 1001 1178 1056 habeas.
1221 1001 1376 1068 Quod
1418 1004 1463 1057 si
1513 1004 1670 1073 plane
1706 1005 1841 1074 ipsis

254 1094 551 1147 assimilari
575 1096 939 1159 recusaveris,
973 1103 1027 1147 et
1055 1109 1246 1148 eorum
1275 1097 1523 1153 consiliis
1553 1100 1840 1167 cogitatio-

254 1187 533 1254 nibusque
588 1201 693 1239 una
762 1185 985 1249 auferri,
1043 1188 1352 1258 abducique
1407 1192 1668 1255 nolueris,
1740 1207 1841 1247 nec

255 1280 670 1333 communicare
700 1293 887 1330 eorum
947 1280 1102 1334 malis
1151 1282 1430 1348 operibus,
1487 1282 1836 1349 seditionem,

255 1384 521 1438 pugnam,
546 1369 746 1423 bellum
769 1369 1111 1437 implacabile
1137 1371 1382 1426 habebis.
1416 1371 1543 1426 Inde
1570 1374 1700 1443 quid
1736 1375 1836 1432 tibi

260 1465 388 1518 lict?
421 1467 550 1533 quid
581 1466 892 1536 continget?
917 1466 1124 1529 Dicam,
1149 1468 1194 1520 si
1228 1466 1402 1531 audis,
1434 1469 1564 1537 quid
1592 1470 1724 1524 lucri
1757 1471 1836 1527 sis

255 1557 528 1618 facturus.
556 1570 611 1612 et
636 1559 809 1612 dicam
837 1560 1046 1626 paucis.
1072 1557 1212 1612 Ante
1238 1559 1442 1625 omnia,
1464 1577 1654 1616 servus
1684 1578 1836 1619 meus

251 1664 375 1704 esse
409 1650 725 1718 neutiquam
781 1649 1005 1718 poteris.
1037 1649 1264 1705 Servum
1301 1653 1444 1706 enim
1506 1670 1684 1709 meum
1739 1672 1838 1724 pu-

251 1755 426 1808 gnarc
459 1742 772 1809 neutiquam
814 1742 956 1794 volo.
990 1740 1186 1795 Odium
1235 1741 1288 1795 in
1323 1745 1638 1812 praecordiis
1675 1745 1830 1800 iove-

251 1832 390 1885 bunt
457 1842 648 1884 contra
703 1841 754 1887 te
811 1835 1290 1900 irreconciliabile,
1347 1844 1400 1889 et
1461 1838 1659 1890 eadem
1732 1840 1828 1893 tibi

250 1931 442 1990 aperte
477 1923 802 1994 occulteque
835 1926 1148 1987 molientur,
1177 1934 1344 1994 tuque
1369 1942 1465 1996 pro
1497 1928 1628 1996 ipsis
1659 1929 1711 1982 in
1739 1929 1832 1998 ju-

247 2015 455 2068 dicium
490 2018 695 2071 vocatis
731 2017 1111 2087 respondebis.
1145 2018 1287 2072 Nihil
1323 2021 1523 2089 quippe
1557 2037 1704 2076 mors
1737 2028 1830 2075 tua

247 2107 374 2160 aliis
403 2108 793 2168 commodabit.
834 2110 1291 2176 quemadmodum
1326 2127 1443 2165 mea
1489 2127 1636 2166 mors
1665 2113 1829 2166 vitam

247 2201 464 2254 mundo
528 2203 756 2269 peperit.
797 2202 938 2268 Quin
990 2215 1044 2257 et
1089 2203 1460 2256 damnationis
1517 2218 1680 2258 causa
1723 2206 1829 2261 illis

247 2292 393 2356 eris,
429 2300 480 2344 et
519 2301 575 2346 tu
614 2292 687 2344 ita
740 2293 864 2346 hinc
895 2293 1090 2356 abibis,
1127 2303 1186 2346 ut
1237 2295 1403 2349 libere
1453 2303 1505 2349 te
1540 2294 1829 2353 defendere

247 2397 512 2452 nequeas.
562 2383 790 2438 Praestat
827 2384 1005 2456 itaque
1056 2385 1280 2439 omnino
1314 2386 1449 2456 regi,
1486 2402 1594 2441 non
1642 2403 1828 2457 regere

244 2477 408 2540 tales,
441 2493 634 2547 resque
668 2494 798 2532 suas
841 2492 1035 2533 curare
1072 2479 1436 2548 potissimum,
1479 2489 1532 2533 et
1565 2496 1663 2550 pro
1699 2481 1826 2546 illis,

243 2585 458 2639 proque
487 2571 745 2625 omnibus
800 2571 1114 2624 hominibus
1166 2587 1346 2636 orare,
1384 2581 1442 2624 ut
1473 2587 1663 2627 omnes
1693 2589 1827 2628 con-

246 2671 551 2725 vertantur,
589 2674 643 2716 et
694 2661 759 2714 ad
799 2663 1126 2731 agnitionem
1159 2663 1240 2718 sui
1276 2664 1628 2731 perveniant;
1666 2675 1720 2719 et
1759 2683 1823 2720 ex

246 2752 332 2804 his
358 2754 602 2807 volentes
633 2753 849 2815 docere,
873 2770 936 2808 ac
960 2755 1174 2823 pietatis
1200 2757 1524 2812 rudimentis
1553 2757 1821 2814 imbuere.

242 2842 321 2897 Ne
350 2860 483 2898 vero
514 2860 678 2914 cogas
729 2859 824 2900 eos
861 2847 1037 2901 facere
1090 2863 1210 2916 quae
1241 2850 1438 2912 doces;
1475 2851 1568 2906 sed
1599 2867 1824 2907 sermo-

241 2949 342 2989 nes
376 2949 529 2987 meos
562 2934 668 2988 illis
718 2936 930 3000 occine,
962 2944 1016 2989 et
1066 2937 1132 2989 ad
1177 2953 1275 2992 eos
1325 2949 1386 2992 ut
1436 2940 1561 2994 vitae
1606 2951 1824 2996 arternae

241 3027 634 3080 conciliatores
660 3041 825 3095 opere
873 3030 1252 3096 exsequendos
1285 3031 1593 3087 cohortare.
1629 3033 1734 3103 Ipsi
1769 3036 1821 3089 hi

1947 535 2031 590 his
2066 553 2187 605 qua:
2218 538 2392 594 audit.

2017 625 2234 683 Faciam
2263 645 2362 698 ego
2389 629 2557 691 istud,
2584 628 2829 692 Domine,
2862 631 3003 684 sicut
3031 634 3331 702 prmcepisti
3361 635 3519 693 mihi.

1950 711 2340 773 Verumtamen
2372 729 2516 773 tuam
2546 735 2726 788 Opem,
2767 728 2912 772 tuam
2947 724 3174 790 gra'iam
3206 724 3350 779 dona
3388 728 3522 780 mihi

1944 802 2171 873 indigno
2224 821 2382 861 servo
2413 819 2526 875 tuo,
2568 811 2713 866 Deus
2747 826 2926 875 meus,
2963 822 3019 863 ut
3067 829 3282 883 semper
3312 815 3520 886 glorill-

1942 912 2060 950 cem
2095 906 2148 951 te
2181 907 2232 950 et
2270 900 2536 954 celebrem
2560 905 2856 971 potentiam
2888 914 3034 959 tuam
3067 908 3292 962 vocibus
3325 924 3521 979 peren-

1943 989 2104 1044 nibus
2149 991 2201 1044 in
2225 994 2469 1046 omnium
2510 996 2836 1050 saeculorum
2873 997 3218 1055 inﬁnitatem.
3251 1001 3446 1056 Amen.

2495 1128 2726 1184 CAPUT
2768 1130 2964 1186 XXXI.

1944 1234 2087 1314 Quid
2120 1239 2187 1314 sit
2222 1240 2357 1314 illud
2396 1259 2463 1314 εν(
2504 1241 2802 1295 Secunaum
2841 1245 3124 1314 imaginem
3159 1268 3177 1301 ι
3235 1257 3285 1303 el
3337 1250 3519 1304 meri'o

2011 1309 2231 1383 intelligi
2291 1313 2552 1364 hominem
2609 1317 2873 1383 prolatypi
2929 1309 3359 1380 similitudinem,
3425 1337 3517 1374 seu

2011 1377 2297 1447 imaginem
2317 1397 2452 1457 esse.
2489 1377 3083 1457 Diligenteni'inimicos,
3119 1377 3370 1457 tauquam
3396 1394 3519 1444 bene

2009 1453 2246 1511 meritos,
2303 1451 2470 1504 Deum
2528 1453 2748 1524 imitari,
2789 1463 2837 1505 et
2893 1456 3014 1508 hinc
3069 1451 3301 1524 Spiriius
3345 1464 3517 1514 sancti

2008 1521 2336 1600 participem,
2375 1523 2658 1600 adoptione
2685 1534 2732 1600 et
2763 1525 2939 1600 gratia
2973 1521 3161 1600 .Deu'm
3192 1530 3330 1593 ﬁeri,
3363 1540 3518 1600 atque

2009 1590 2071 1638 ab
2104 1589 2165 1641 iis
2194 1589 2319 1643 solis
2352 1594 2614 1660 cognosci,
2636 1593 2726 1661 qui
2753 1589 2930 1646 eodem
2963 1593 3166 1663 Spiritu
3192 1589 3440 1668 aguntur:

2013 1722 2221 1791 Gloria,
2253 1728 2394 1796 laus,
2429 1730 2683 1802 hymnus,
2720 1735 2921 1802 gratia,
2953 1739 3044 1806 qui
3081 1739 3184 1793 hoc
3216 1749 3386 1795 totum
3427 1757 3518 1797 re-

1937 1832 2055 1870 rum
2085 1826 2294 1872 natura)
2329 1835 2467 1890 opus
2495 1837 2559 1876 ex
2587 1826 2758 1880 nihilo
2791 1828 2906 1881 solo
2938 1829 3124 1894 verbo,
3154 1839 3207 1884 et
3231 1833 3515 1891 voluntate

1934 1925 2033 1964 sua
2067 1914 2392 1979 procreavit,
2431 1913 2541 1969 Deo
2592 1918 3000 1984 universorum,
3036 1924 3127 1991 qui
3167 1925 3218 1977 in
3259 1927 3504 1983 trinitate

1934 2001 2323 2069 hypostaseon,
2358 2013 2413 2059 et
2463 2007 2516 2060 in
2577 2024 2682 2063 una
2737 2013 2977 2066 essentia
3014 2017 3292 2071 aduratur.
3353 2016 3508 2076 Unus

1933 2091 2077 2148 Deus
2112 2104 2302 2149 sancta
2335 2095 2599 2163 Trinitas,
2643 2105 3194 2171 supersubstautialis
3243 2109 3508 2165 subsun-

1933 2185 2031 2250 tia,
2069 2202 2174 2239 una
2218 2188 2270 2242 in
2306 2191 2480 2247 tribus
2513 2197 2782 2261 personis,
2813 2205 2867 2250 et
2897 2201 3068 2254 tribus
3104 2203 3505 2268 subsistentiis,

1931 2277 2388 2348 inseparabilibus
2428 2297 2593 2354 atque
2628 2288 3078 2356 indivisibilibus,
3124 2310 3230 2348 una
3284 2306 3504 2361 natura,

1931 2389 2034 2426 una
2077 2376 2268 2443 gloria,
2306 2391 2412 2430 una
2469 2379 2662 2440 virtus,
2714 2397 2820 2434 una
2871 2385 3145 2440 voluntas.
3203 2386 3330 2441 Haec
3385 2389 3501 2444 sola

1929 2466 2168 2518 creatrix
2207 2473 2291 2520 est
2322 2468 2588 2522 omnium.
2623 2469 2744 2526 llazc
2783 2490 2866 2529 me
2895 2485 3064 2530 totum
3099 2492 3129 2532 e
3157 2478 3269 2532 luto
3296 2479 3504 2533 forma-

1927 2554 2022 2617 vit,
2062 2555 2338 2626 inditaqne
2379 2561 2560 2612 anima
2601 2561 2655 2615 in
2693 2572 2836 2617 terra
2868 2567 3178 2629 collocavit,
3216 2579 3270 2622 et
3321 2571 3500 2626 lumen

1927 2647 2098 2712 dedit,
2144 2650 2195 2701 in
2238 2665 2345 2717 quo
2382 2651 2620 2706 viderem
2674 2663 2726 2708 et
2773 2658 3018 2713 intuerer
3055 2662 3263 2726 omnia,
3299 2678 3498 2733 nempe

1926 2738 2070 2793 hunc
2096 2743 2356 2794 mundmn
2392 2746 2647 2802 sensibus
2685 2749 3020 2816 expositum,
3057 2751 3249 2815 solem,
3284 2753 3495 2820 lunam,

1925 2838 2097 2891 astra,
2127 2831 2346 2898 coelum,
2380 2841 2609 2899 terram,
2637 2853 2808 2902 mare,
2841 2849 2892 2890 et
2919 2854 3254 2909 quaecunque
3279 2851 3408 2896 sunt
3440 2846 3493 2898 in

1926 2921 2117 2974 horum
2161 2925 2357 2978 medio.
2400 2925 2553 2981 Dedit
2603 2929 2766 2982 etiam
2814 2941 3049 2984 mentem
3102 2943 3154 2985 et
3208 2935 3493 2993 rationem.

1925 3015 2187 3069 Attendas
2227 3017 2402 3070 velim.
2447 3020 2761 3075 Secundum
2819 3023 3109 3092 imaginem
3181 3026 3346 3095 igitur
3399 3028 3494 3081 τοῦ

238 3132 526 3172 sermones
561 3125 804 3172 statuent
845 3133 938 3172 eos
984 3129 1110 3174 ante
1142 3136 1248 3183 me,
1288 3131 1342 3176 et
1375 3138 1818 3196 unumquemque
1845 3128 1888 3186 C
1925 3107 2079 3176 λόγου
2113 3109 2270 3165 dam“
2295 3120 2376 3166 θεῖ
2409 3114 2586 3178 "oms,
2621 3119 2650 3168 ὁ
2696 3116 2873 3183 λόγος’
2905 3118 2958 3171 id
3008 3131 3113 3182 es"
3167 3123 3336 3182 ’ἀείοῖ
3370 3139 3494 3177 “am

238 3223 339 3276 pro
398 3208 608 3262 meritis
636 3209 980 3276 judicabant.
1015 3209 1095 3265 Tu
1149 3214 1439 3270 reddendae
1474 3218 1672 3273 rationi
1707 3235 1813 3275 non

235 3299 351 3353 eris
382 3299 676 3365 obnoxius,
707 3311 758 3354 et
782 3302 1130 3359 indemnatus
1179 3306 1339 3374 plane
1371 3311 1639 3375 manebis,
1677 3327 1815 3378 quo-

239 3389 386 3440 niam
423 3399 705 3452 argentum
756 3390 1097 3458 eluquiorum
1145 3409 1388 3449 meorum
1441 3412 1550 3452 non
1579 3400 1814 3454 abscon-

237 3477 389 3540 disti,
428 3479 524 3533 sed
561 3489 824 3548 quantum
858 3481 970 3549 ipse
1001 3486 1284 3551 accepisti,
1321 3487 1577 3544 omnibus
1614 3507 1815 3558 expen-

236 3571 386 3625 disti.
421 3571 534 3626 Hoc
565 3573 694 3625 mihi
727 3573 920 3641 placet,
957 3575 1058 3628 hoc
1086 3580 1454 3645 apostolorum
1482 3590 1536 3634 et
1569 3581 1813 3652 discipu-

236 3665 414 3716 lorum
455 3679 699 3717 meorum
735 3681 875 3734 opus
909 3665 1032 3731 fuit,
1065 3670 1210 3736 quod
1261 3670 1530 3733 mandavi,
1569 3676 1813 3740 promul-

235 3771 368 3824 gare
405 3757 652 3809 videlicet
701 3772 786 3810 me
837 3758 1004 3812 Demn
1048 3776 1146 3828 per
1192 3763 1380 3816 orbem
1437 3773 1728 3830 terrarum,
1758 3778 1813 3822 et

234 3845 432 3900 docere
467 3847 777 3902 voluntates
805 3863 869 3902 ac
909 3851 1160 3905 mandata
1199 3869 1334 3916 mea,
1366 3869 1538 3924 eaque
1573 3859 1812 3914 humano

233 3939 420 4008 generi
470 3940 770 4008 perscripta
806 3943 1130 4010 relinquere.
1169 3945 1260 3998 Sic
1295 3955 1350 3998 tu
1384 3963 1602 4016 quoque
1636 3949 1811 4006 facere

232 4039 285 4082 et
314 4029 511 4083 docere
540 4031 782 4084 elabora.
808 4031 1127 4089 Nolentibus
1169 4046 1348 4090 autem
1385 4041 1573 4094 audire
1603 4057 1811 4096 sermo-

236 4136 333 4176 nes
370 4137 543 4188 meos,
571 4126 858 4192 responde,
886 4127 1030 4196 quod
1065 4144 1163 4198 ego
1194 4132 1448 4198 respondi
1483 4134 1808 4201 quihusdam

233 4211 592 4267 dicentibus:
627 4214 802 4268 Durus
832 4228 908 4270 est
938 4217 1021 4269 hic
1059 4234 1252 4282 sermo,
1286 4229 1334 4273 et
1368 4223 1484 4290 quis
1513 4234 1682 4290 potest
1709 4241 1810 4278 au-

233 4302 347 4356 dire
378 4320 498 4357 eum
526 4305 604 4358 “?
634 4307 742 4360 dixi
779 4322 929 4376 ergo,
965 4307 1022 4362 Si
1061 4310 1142 4363 sic
1193 4326 1300 4365 non
1343 4314 1528 4374 vultis.
1563 4316 1714 4379 itote,
1756 4327 1810 4372 et

234 4394 395 4450 facite
418 4398 650 4465 quilibet
671 4399 951 4466 quodlibet
977 4415 992 4463 ;
1017 4409 1300 4471 totumque
1331 4419 1517 4459 eorum
1552 4409 1802 4476 potestati

231 4496 286 4544 et
314 4490 543 4543 arbitrio
577 4491 821 4558 permisi,
861 4498 919 4544 ut
958 4491 1003 4545 si
1044 4504 1290 4557 mortem,
1326 4511 1420 4549 seu
1451 4500 1614 4553 vitam
1641 4502 1806 4570 elige-

230 4593 376 4637 rent.
413 4583 582 4637 Nemo
616 4584 756 4636 enim
792 4583 1090 4651 aliquando
1123 4598 1317 4654 praeter
1347 4590 1701 4660 voluntatem,
1755 4605 1811 4651 et

233 4675 608 4729 inductionem
662 4678 830 4730 animi
867 4678 1040 4733 bonus
1077 4680 1221 4745 fuit;
1263 4698 1438 4752 neque
1475 4687 1730 4753 infidelis,
1764 4692 1809 4744 si

231 4767 388 4828 nolit,
426 4765 600 4818 ﬁdelis
641 4766 779 4830 erit;
821 4783 920 4821 nec
951 4771 1161 4824 amicus
1193 4774 1402 4836 mundi,
1432 4777 1640 4831 amicus
1692 4779 1807 4832 Dei.

230 4855 522 4922 Nunquam
547 4857 745 4909 stultus
772 4866 968 4923 praeter
997 4859 1330 4914 voluntatem
1384 4873 1592 4918 mutato
1625 4867 1808 4922 animo

231 4946 438 5013 probus
466 4947 577 4998 ﬁet.
612 4945 804 5000 Nullus
827 4948 969 5000 enim
990 4957 1205 5013 natura,
1229 4953 1322 5005 sed
1350 4955 1582 5009 consilio
1604 4965 1658 5010 et
1682 4973 1809 5027 pro-

231 5038 410 5105 posito
445 5037 643 5090 mentis
677 5041 852 5092 {actus
882 5054 966 5094 cSt
992 5041 1275 5108 improbus
1307 5062 1320 5098 :
1350 5047 1431 5101 sic
1462 5047 1704 5103 vicissim
1738 5066 1804 5105 ex

229 5145 490 5198 perverso
515 5140 676 5200 atque
709 5132 978 5202 improbo,
1035 5139 1304 5193 sententia
1334 5150 1387 5194 et
1425 5144 1714 5210 arbitratu,
1758 5148 1804 5201 si

230 5221 522 5287 placuerit,
576 5223 779 5290 probus
819 5238 873 5280 et
913 5227 1122 5297 integer
1160 5230 1250 5284 lict
1289 5249 1303 5285 :
1355 5241 1500 5303 quod
1555 5237 1599 5289 si
1641 5241 1798 5305 nolit,

227 5310 537 5366 voluntarie
589 5329 931 5385 nequaquam
978 5320 1101 5374 talis
1153 5324 1273 5377 erit.
1333 5324 1502 5381 Nemo
1535 5327 1588 5385 in
1623 5330 1799 5386 isthoc

227 5405 436 5456 mundo
462 5405 665 5461 invitus
689 5409 907 5464 virtutis
929 5411 1181 5482 fungetur
1201 5415 1398 5472 ollicio.
1420 5418 1590 5475 Nemo
1607 5424 1798 5479 nolens

227 5492 475 5547 salvatur
508 5514 520 5547 :
567 5496 668 5552 hoc
703 5514 772 5553 ne
811 5502 934 5571 plus
972 5519 1172 5574 quaere.
1225 5507 1297 5563 Da
1331 5525 1549 5580 operam
1589 5516 1799 5571 salvare

225 5590 304 5644 te,
333 5595 388 5637 et
413 5587 694 5646 audientes
727 5600 798 5656 te,
819 5594 866 5648 si
898 5592 1039 5651 forte
1064 5597 1118 5651 in
1147 5607 1291 5654 terra
1320 5600 1599 5657 hominum
1645 5605 1797 5660 inve-

309 5757 352 5788 “
402 5757 562 5814 Joan.
610 5764 800 5830 \‘l,6i.

1920 3200 1986 3250 ἐκ
2017 3201 2175 3269 λόγου
2217 3203 2442 3269 λογικοὶ,
2494 3206 2546 3259 id
2586 3214 2689 3272 est,
2742 3222 2810 3260 ex
2842 3211 3048 3262 ratione
3078 3213 3390 3279 rationales,
3428 3218 3492 3269 ἐκ

1920 3291 2103 3358 λόγου,
2153 3295 2244 3362 qui
2281 3303 2363 3348 est
2395 3296 2602 3364 absque
2634 3298 2926 3366 principio,
2954 3303 3251 3367 increatus,
3284 3305 3494 3359 incom-

1921 3384 2246 3452 prehensus,
2287 3401 2486 3442 vacans
2525 3389 2773 3442 materia.
2821 3391 2913 3445 Sic
2954 3395 3253 3448 secundum
3299 3396 3494 3466 imagi-

1919 3493 2040 3530 nem
2100 3480 2277 3531 anima
2336 3481 2604 3550 cujusque
2658 3482 2894 3538 hominis
2946 3484 3138 3554 λογικὴ
3187 3487 3352 3540 εἰκὼν
3399 3488 3490 3541 τοῦ

1917 3568 2093 3637 λόγου.
2127 3569 2246 3635 Quo
2273 3574 2472 3639 pacto?
2501 3574 2635 3629 doce
2665 3591 2771 3631 me.
2801 3578 3032 3630 Attende
3055 3577 3122 3630 ad
3154 3579 3317 3632 verba
3347 3596 3496 3638 mea.

1916 3663 1992 3716 Ex
2032 3665 2137 3717 Deo
2172 3666 2321 3720 Deus
2352 3665 2613 3730 Verbum,
2642 3679 2974 3722 comternum
3008 3670 3150 3724 Patri
3183 3683 3236 3725 et
3265 3673 3490 3740 Spiritui

1914 3765 2125 3810 sancto.
2171 3758 2368 3810 Eodem
2413 3759 2574 3811 modo
2624 3768 2677 3812 et
2728 3761 2908 3813 anima
2962 3775 3080 3815 mea
3133 3763 3491 3818 similitudine

1912 3847 2146 3914 quadam
2177 3849 2344 3902 illius.
2384 3848 2602 3904 Habens
2641 3851 2784 3902 enim
2822 3861 3055 3905 mentem
3110 3865 3162 3906 et
3194 3856 3488 3918 rationem,

1915 3939 2076 3992 habet
2103 3940 2214 4012 haec
2245 3941 2546 3994 secundum
2580 3945 2872 3996 essentiam
2902 3944 3154 4012 indivisa,
3191 3955 3245 4000 et
3299 3949 3491 4001 incon-

1913 4031 2029 4085 fusa
2059 4011 2310 4086 similiter
2335 4033 2846 4097 consubstantialia,
2888 4051 3052 4088 unum
3089 4037 3202 4092 haec
3234 4040 3338 4090 tria
3365 4042 3490 4092 uni-

1913 4123 2030 4186 tim,
2063 4133 2117 4177 et
2146 4123 2364 4176 divisim
2403 4125 2525 4186 tria,
2558 4139 2678 4192 qua:
2711 4139 2925 4193 semper
2953 4135 3005 4178 et
3040 4126 3212 4191 unita,
3242 4136 3294 4181 et
3313 4127 3488 4183 divisa

1918 4225 2098 4272 sunt:
2156 4216 2421 4270 uniuntur
2469 4219 2616 4270 enim
2673 4219 2982 4282 inconluse,
3022 4227 3076 4272 et
3128 4231 3491 4274 secernuntur

1915 4311 2167 4364 indivise.
2207 4308 2263 4363 Si
2317 4325 2486 4362 unum
2533 4326 2596 4363 ex
2652 4311 2737 4365 his
2788 4310 3105 4376 deduxeris,
3157 4313 3340 4366 omnia
3394 4317 3491 4367 de-

1916 4402 2160 4456 duxeris.
2223 4404 2416 4456 Anima
2483 4405 2601 4458 sine
2639 4403 2852 4457 ratione
2904 4407 2960 4456 et
3029 4412 3247 4466 mente.
3307 4405 3489 4459 simile

1913 4495 2172 4564 quiddam
2223 4494 2507 4548 brutormn
2544 4503 2626 4548 est
2674 4511 2687 4547 :
2728 4495 2932 4564 absque
2985 4496 3164 4547 anima
3198 4509 3329 4548 vero
3375 4511 3483 4548 non

1913 4595 2091 4657 potest
2123 4586 2262 4639 ratio
2297 4587 2620 4640 subsistere.
2655 4585 2745 4639 Sic
2772 4601 2902 4652 ergo
2933 4601 3000 4639 ex
3033 4587 3268 4654 imagine
3295 4597 3488 4654 protoo

1913 4689 2074 4748 typon
2108 4666 2366 4745 intellige.
2393 4676 2519 4730 Sine
2546 4675 2752 4745 Spiritu
2784 4690 2884 4729 nec
2912 4675 3088 4736 Pater,
3117 4690 3216 4729 nec
3250 4674 3484 4729 Verbum

1911 4775 2030 4844 ejus
2082 4774 2207 4828 erit.
2250 4773 2409 4826 Pater
2464 4782 2548 4826 est
2604 4771 2863 4841 Spiritus,
2924 4783 2978 4826 et
3013 4771 3186 4825 Filius
3227 4771 3347 4838 ejus
3402 4783 3486 4826 est

1913 4867 2174 4937 Spiritus,
2205 4866 2421 4919 tametsi
2449 4880 2669 4920 carnem
2697 4863 2893 4923 induit.
2920 4875 2973 4918 et
2998 4879 3214 4917 rursum
3240 4863 3482 4933 Spiritus

1915 4963 2054 5016 Deus
2093 4970 2177 5015 est
2235 4977 2249 5014 :
2291 4974 2457 5012 unum
2489 4959 2631 5011 enim
2668 4967 2886 5022 natura,
2937 4969 2987 5010 et
3040 4959 3278 5012 essentia
3323 4958 3483 5012 ambo

1910 5064 2059 5115 Sunt,
2087 5055 2229 5107 sicut
2255 5068 2428 5114 mens,
2461 5051 2640 5103 anima
2674 5061 2724 5102 et
2755 5050 2913 5102 ratio.
2941 5048 3045 5101 Sed
3071 5047 3229 5103 Pater
3259 5049 3479 5114 quidem

1913 5149 2145 5203 Verbum
2202 5161 2265 5200 ex
2319 5161 2378 5199 se
2434 5144 2622 5214 genuit
2683 5141 3051 5195 ineﬂ'ubiliter.
3108 5141 3262 5195 Sicut
3299 5151 3479 5196 autem

1909 5257 2063 5297 mens
2094 5250 2175 5293 est
2200 5254 2264 5290 ex
2300 5238 2481 5290 anima
2528 5250 2666 5295 mea,
2704 5235 2784 5286 vel
2814 5233 2992 5302 potius
3025 5233 3078 5284 in
3109 5232 3288 5286 anima
3328 5247 3480 5297 mea;

1908 5335 1988 5388 sic
2024 5347 2089 5385 ex
2127 5331 2287 5384 Patre
2341 5326 2599 5396 Spiritus,
2635 5326 2716 5379 vel
2757 5326 2942 5394 potius
2985 5327 3036 5376 in
3080 5322 3238 5377 Patre
3273 5331 3478 5385 manet,

1905 5433 1957 5480 et
1993 5423 2239 5493 procedit
2293 5421 2454 5473 modo
2503 5417 2889 5487 inexplicabili.
2933 5413 3218 5480 Quomodo
3257 5429 3478 5469 rursum

1905 5530 2060 5570 mens
2102 5527 2219 5566 mea
2248 5524 2464 5579 semper
2495 5519 2719 5579 generat
2768 5509 3062 5569 rationem,
3099 5514 3153 5560 et
3205 5502 3480 5573 producit,

1906 5616 1958 5664 et
1996 5605 2218 5670 emittit,
2264 5613 2317 5658 et
2350 5615 2532 5658 noram
2566 5601 2692 5657 facit
2722 5600 3004 5663 omnibus,
3041 5611 3148 5652 non
3181 5605 3360 5653 tamen
3392 5610 3480 5654 se-
