4182 6456
682 353 787 417 575

1873 344 2265 407 SYMEONIS
2304 341 2674 403 JUNIORIS

3846 343 3956 407 576

689 480 869 520 rerum
892 462 1264 528 exstantium;
1288 461 1369 515 liae
1390 460 1600 515 deliciae
1623 467 1676 514 et
1702 459 1962 529 requies;
1990 457 2107 512 haec
2128 456 2267 512 stola
2297 454 2343 509 Α
2445 452 2585 506 Αυάί
2615 466 2736 521 quae
2768 453 3154 520 percunctaris
3178 461 3263 518 ,et
3289 450 3475 509 audita
3504 454 3699 511 litteris
3733 460 3966 513 manda.

681 567 738 613 et.
767 558 936 628 gloria
960 573 976 621 ;
1006 556 1112 609 hoc
1140 554 1389 624 gaudiurr
1430 552 1703 608 ineffabile
1730 562 1784 606 et.
1816 552 1967 605 salus
1994 550 2263 614 omnium,

682 652 774 719 qui
804 647 1227 705 illuminationis
1255 648 1376 715 ejus
1398 644 1798 714 inexplicabilis
1823 642 1950 697 facti
1975 648 2105 697 sunt
2136 656 2264 711 par-

685 741 896 811 ticipes,
933 750 986 795 et
1015 740 1458 795 communionem
1494 752 1553 793 se
1592 753 1717 792 cum
1754 738 1875 806 ipso
1906 737 2107 791 habere
2139 751 2267 791 sen-

683 834 855 888 tiunt.
907 831 1117 887 idcirco
1174 833 1341 896 enim,
1383 831 1588 897 audite,
1639 828 1890 884 Salvator
1921 830 2265 895 nominatur,

684 926 944 994 quoniam
980 926 1234 979 omnibus
1258 926 1584 993 quibuscum
1612 924 1794 977 unitos
1819 924 2001 991 fuerit,
2035 925 2264 979 salutem

684 1019 798 1072 dat.
832 1016 994 1071 Salus
1019 1032 1183 1087 porro
1210 1025 1293 1072 est
1330 1016 1575 1071 omnium
1610 1015 1877 1069 malorum
1905 1015 2176 1081 depulsio,
2212 1023 2267 1069 et

684 1111 740 1164 in
799 1111 989 1163 eodem
1046 1110 1294 1163 omnium
1348 1110 1618 1163 bonorum
1670 1116 1873 1163 mterna
1912 1108 2177 1168 inventio,
2234 1121 2266 1161 a

682 1213 859 1258 morte
887 1209 1078 1280 vitam.
1113 1220 1141 1257 a
1182 1203 1427 1258 tenebris
1478 1204 1679 1268 lucem,
1723 1217 1752 1255 a
1804 1201 2072 1257 servitute
2106 1201 2267 1255 vitio-

683 1312 905 1352 sorum‘.
950 1298 1285 1360 aﬂectuum,
1359 1297 1915 1366 turpissimarumque
1988 1296 2264 1350 actionum

684 1387 981 1455 perfectam
1001 1388 1315 1442 libertatem
1347 1388 1605 1442 omnibus
1624 1402 1747 1440 cum
1769 1386 1992 1441 Christo
2022 1386 2265 1440 omnium

684 1475 970 1532 Salvatore
1000 1478 1310 1546 conjunctis
1338 1493 1399 1532 ac
1429 1476 1697 1533 devinctis
1723 1476 1985 1544 largiens,
2013 1480 2105 1545 qui
2134 1486 2269 1532 tunc

688 1586 856 1625 omne
885 1571 1144 1639 gaudium
1177 1570 1313 1625 citra
1352 1571 1658 1639 periculum
1692 1569 2000 1634 amittendi,
2044 1584 2264 1624 omnem

684 1662 1132 1722 exsultationem,
1192 1661 1547 1728 laetitiamque
1580 1660 1883 1729 possident.
1936 1662 2038 1728 Qui
2084 1669 2265 1716 autem

686 1766 916 1820 prorsus
949 1752 1017 1805 ab
1044 1767 1111 1805 eo
1151 1751 1408 1817 sejuncti,
1440 1766 1546 1804 non
1585 1765 1708 1805 eum
1737 1758 2012 1820 quaerunt,
2044 1767 2148 1807 nec
2177 1752 2269 1821 ju-
2300 1788 2342 1845 Β

685 1858 812 1911 gum
842 1852 1089 1896 motuum
1119 1843 1285 1897 animi
1331 1843 1528 1897 rationi
1562 1843 1970 1897 adversantium
2005 1858 2270 1899 excusse-

683 1946 836 1997 runt,
886 1951 985 1988 nec
1036 1950 1065 1989 a
1113 1943 1290 1988 morte
1339 1943 1468 1989 sunt
1514 1934 1753 1999 liberati,
1803 1951 1901 1990 seu
1950 1951 2125 2007 reges.
2175 1952 2269 1991 seu

688 2023 992 2094 principes.
1026 2040 1122 2079 seu
1156 2024 1256 2077 viri
1292 2034 1594 2079 summates
1626 2025 1759 2088 sint,
1796 2024 1901 2078 etsi
1933 2025 1986 2077 in
2031 2024 2268 2092 deliciis,

687 2116 742 2169 iu
786 2116 1173 2178 bilaritatibus,
1201 2124 1253 2169 et
1279 2115 1761 2179 oblectationibus,
1788 2122 1842 2170 et
1872 2116 1926 2169 in
1962 2115 2119 2171 bonis
2150 2131 2271 2184 per-

688 2208 935 2263 fruendis
980 2210 1187 2263 versari
1225 2224 1284 2264 se
1314 2216 1526 2278 putent,
1565 2223 1847 2277 nunquam
1896 2217 2076 2262 tamen
2107 2210 2269 2265 talem

687 2302 975 2370 acquirent
1025 2301 1286 2364 laetitiam,
1314 2300 1536 2368 qualem
1575 2301 1718 2355 servi
1752 2298 1956 2354 Christi
1989 2300 2057 2353 ab
2092 2299 2270 2353 omni-

685 2392 790 2447 bus
831 2393 1130 2461 illegitimis
1162 2394 1368 2461 gloriae,
1402 2408 1465 2447 ac
1500 2393 1843 2461 voluptatum
1876 2392 2271 2461 cupiditatibus

688 2484 964 2539 immunes
993 2486 1331 2554 percipiunt;
1360 2500 1479 2554 quae
1505 2486 1725 2553 quidem
1750 2494 1898 2539 tanta
1925 2493 2032 2548 est,
2067 2494 2127 2539 ut
2151 2499 2269 2539 eam

685 2578 862 2631 oratio
894 2577 1157 2647 consequi
1189 2591 1297 2630 non
1339 2579 1532 2647 possit,
1560 2594 1723 2647 quam
1764 2593 1953 2633 comm
1984 2593 2143 2632 nemo
2174 2578 2273 2630 ali-

687 2670 908 2736 quando
967 2678 1283 2739 cognoscet,
1344 2671 1635 2739 intelliget,
1712 2679 1809 2724 aut
1871 2671 2102 2735 videbit,
2177 2672 2270 2740 qui

686 2759 911 2813 Christo
938 2760 1153 2814 sincere
1194 2760 1550 2829 fruenterque
1586 2776 1693 2815 non
1729 2762 2082 2827 adhaeserint,
2111 2763 2273 2830 eique

689 2854 916 2915 unione,
940 2866 1106 2919 quam
1133 2852 1410 2921 explicare
1436 2867 1546 2906 non
1568 2862 1673 2916 est,
1700 2853 1911 2908 astricti
1943 2863 1997 2908 et
2019 2853 2269 2923 impliciti

689 2956 795 2994 non
829 2940 1071 3005 fuerint;
1106 2957 1269 3010 quem
1311 2942 1469 2997 decet
1498 2945 1670 3012 gloria
1721 2952 1776 2998 et
1806 2944 2008 3009 honor,
2061 2945 2184 2999 laus
2216 2952 2272 2999 et

689 3035 870 3086 omnis
899 3034 1216 3101 przedicatio
1249 3034 1318 3088 ab
1348 3035 1499 3089 omni
1553 3044 1829 3103 creatura,
1871 3043 1926 3092 et
1980 3037 2177 3107 spiritu
2214 3036 2271 3091 in

688 3127 908 3179 saecula.
940 3126 1129 3179 Amen.

1257 3286 1485 3342 CAPUT
1525 3287 1695 3343 XXX.

689 3416 878 3473 Metius
904 3436 1015 3473 esse
1042 3420 1167 3474 bene
1203 3427 1311 3488 regi
1332 3462 1348 3486 ,
1398 3441 1556 3492 quam
1587 3442 1761 3492 regere
1792 3427 2003 3481 invitos.
2038 3425 2266 3483 Nullum

757 3492 895 3543 enim
950 3492 1072 3555 capi
1119 3494 1545 3559 emoluiieeumm,
1599 3497 1647 3548 si
1704 3498 1820 3554 quis
1871 3498 2009 3551 alios
2065 3515 2272 3552 servare

758 3560 989 3682 studeat,
1021 3570 1069 3613 et
1100 3578 1154 3615 se
1189 3578 1281 3631 per
1328 3562 1544 3618 illorum
1583 3568 1955 3636 pra’fccturam
2004 3570 2270 3638 perditum

758 3646 819 3682 ea
851 3669 866 3682 .

757 3646 866 3683 θαι.

760 3765 877 3829 Dic,
909 3768 1148 3831 Christe,
1186 3784 1346 3824 servo
1383 3779 1498 3835 tuo,
1547 3771 1637 3826 dic
1688 3772 1874 3826 lumen
1911 3774 2124 3838 mundi,
2185 3775 2275 3830 dic

689 3857 919 3909 scicntia
952 3858 1119 3912 torius
1149 3860 1412 3923 universi,
1438 3860 1527 3915 dic
1556 3861 1793 3917 Verbum
1828 3864 2120 3932 sapientia,
2153 3881 2274 3934 qua:

688 3948 871 3999 omnia
900 3949 1143 4016 praescis,
1174 3949 1359 4001 omnia
1392 3952 1667 4019 praenosti,
1698 3962 1752 4005 et
1779 3954 1937 4008 nobis
1959 3955 2276 4009 conducen-

690 4036 764 4090 tia
799 4038 964 4091 «loces
997 4039 1115 4093 sine
1156 4040 1355 4093 invidia
1383 4058 1398 4106 ;
1432 4042 1522 4096 dic
1548 4051 1601 4096 et
1632 4048 1769 4098 doce
1805 4060 1889 4113 me
1918 4061 2137 4116 quoque
2158 4048 2277 4103 vias

694 4145 720 4183 s
741 4131 966 4186 ilutares
998 4141 1213 4186 tuarum
1247 4134 1609 4200 voluntatum,
1641 4152 1705 4190 ac
1726 4137 2033 4192 divinorum
2057 4148 2275 4195 tuorum

694 4225 1101 4278 mandatorum.
1148 4224 1265 4291 Dic,
1313 4236 1365 4281 et
1399 4243 1464 4281 ne
1496 4227 1771 4297 despicias
1804 4247 1912 4293 me,
1948 4248 2084 4286 neve
2134 4234 2278 4288 celes

692 4317 977 4386 indignum
1013 4334 1231 4373 servum
1267 4332 1442 4385 tuum,
1475 4319 1620 4376 Deus
1653 4339 1828 4390 meus,
1876 4324 2276 4393 bcneplacitum

690 4418 869 4475 tuum,
924 4422 980 4466 et
1017 4413 1167 4480 aperi
1225 4414 1357 4467 mihi
1416 4414 1651 4482 benigne
1701 4416 1953 4471 Salvator
1988 4426 2167 4472 utrum
2205 4435 2272 4473 ex

689 4501 900 4557 duobus
929 4504 1125 4556 melius
1162 4504 1302 4572 apud
1339 4514 1390 4557 te
1422 4504 1514 4571 sit,
1551 4506 1757 4575 tibique
1797 4509 2029 4573 gratius,
2073 4509 2274 4563 sollici-

690 4595 934 4649 tudinem
974 4612 1164 4665 gcrere
1217 4612 1303 4649 me
1339 4612 1524 4651 rerum
1563 4599 1908 4662 monasterii,
1948 4608 2003 4654 et
2040 4600 2270 4655 candide

690 4703 988 4756 procurare
1010 4688 1451 4743 necessitudines
1475 4705 1791 4759 corporum,
1816 4707 2270 4763 propugnareque

687 4778 878 4833 odiose
938 4795 1036 4849 pro
1077 4781 1360 4844 omnibus;
1423 4797 1489 4833 an
1527 4782 1628 4835 soli
1665 4782 1836 4851 quieti
1891 4800 2108 4851 semper
2151 4800 2273 4840 esse

689 4869 957 4932 deditum,
985 4881 1038 4924 et
1063 4881 1298 4925 trientem
1330 4886 1606 4939 serenam,
1633 4882 1795 4943 atque
1820 4875 2271 4945 imperturbatam

689 4976 1036 5025 conservare,
1088 4971 1142 5016 et
1174 4962 1359 5032 gratia:
1390 4971 1495 5016 tua:
1528 4965 1803 5021 scintillas
1862 4967 2165 5035 suscipere,
2220 4974 2275 5021 ct

689 5052 990 5107 secundum
1048 5056 1245 5108 animae
1297 5070 1520 5109 sensum
1565 5059 1907 5112 continenter
1950 5059 2271 5123 illuminari,

689 5146 1019 5214 divinosque
1044 5161 1329 5201 sermones
1355 5163 1554 5202 arcane
1581 5149 1882 5218 percipere,
1909 5158 1963 5204 et
1991 5161 2275 5206 mansuete

691 5238 890 5291 docere
944 5237 1100 5300 alios,
1131 5238 1427 5309 doceriqne
1490 5238 1763 5295 similiter.
1798 5240 1901 5306 Qui
1938 5242 2082 5296 enim
2115 5243 2276 5296 docet

695 5330 854 5392 alios,
896 5330 1081 5383 eadem
1134 5330 1236 5383 sibi
1268 5346 1489 5401 quoque
1518 5332 1671 5395 dicit,
1710 5340 1764 5386 et
1812 5333 2019 5399 primus
2051 5334 2277 5387 omnino

694 5435 758 5473 ca
788 5430 1047 5488 prmstare
1100 5421 1257 5477 factis
1309 5422 1489 5478 debet.
1533 5423 1606 5477 Ex
1640 5423 1727 5478 his
1757 5425 1940 5492 itaque
1989 5426 2275 5491 ambobus,

701 5518 789 5573 dic
818 5518 971 5582 mihi,
997 5533 1029 5572 ο
1058 5519 1215 5571 lictor
1247 5528 1301 5572 et
1337 5520 1478 5573 Deus
1508 5533 1689 5584 meus,
1746 5527 1933 5574 utrum
1968 5520 2101 5574 mihi
2141 5536 2245 5575 con

702 5609 964 5674 ducibile,
1001 5619 1183 5663 utrum
1233 5609 1329 5664 tibi
1392 5610 1647 5677 placitum
1694 5624 1758 5666 ac
1797 5609 2101 5680 perfectum
2148 5610 2275 5666 est?

702 5718 818 5770 age,
859 5717 928 5755 ne
976 5702 1106 5755 mihi
1150 5703 1291 5759 istud
1336 5706 1536 5775 dcncga
1590 5714 1671 5770 tu,
1720 5704 1878 5775 cujus
1927 5719 2141 5760 summa
2187 5715 2274 5761 est

702 5794 1103 5852 misericordia.

2369 542 2481 613 Ego
2510 544 2651 598 Deus
2685 551 2811 598 ante
2846 558 3011 599 omne
3037 545 3388 616 principium,
3416 562 3515 617 ego
3544 556 3739 603 natura
3768 548 3968 604 Domi-

2367 650 2493 700 nus,
2511 648 2830 703 superarunt
2853 642 2906 689 et
2932 632 3230 689 inferorum
3259 651 3376 697 rex,
3399 637 3557 706 cujus
3586 638 3729 692 servi
3765 653 3968 693 omnes

2367 737 2686 792 censentur,
2722 727 2885 781 etiam
2934 728 3023 796 qui
3058 728 3273 785 nolunt.
3307 728 3420 799 Ego
3453 731 3645 799 utique
3690 730 3969 785 Conditor

2367 816 2852 885 omnium,ludex,
2880 828 2934 874 et
2961 819 3225 877 Dominus
3256 827 3308 874 et
3346 836 3491 877 nunc
3520 837 3662 885 sum,
3688 833 3738 877 et
3769 822 3824 876 in
3855 837 3968 875 sae—

2369 912 2491 967 cula
2520 913 2848 965 szeculorum
2880 926 2995 966 ero.
3034 912 3138 966 Sed
3174 914 3444 968 nolentem
3479 914 3686 968 nullum
3715 930 3962 985 unquam

2371 1019 2525 1075 cogo.
2568 1002 2706 1057 Volo
2764 1004 2908 1058 enim
2964 1020 3061 1059 eos
3102 1008 3196 1074 qui
3230 1006 3360 1059 mihi
3398 1009 3663 1069 serviunt,
3700 1016 3756 1062 et
3808 1010 3962 1063 dicto

2369 1097 2654 1153 audientes
2686 1104 2835 1160 sunt,
2871 1097 3077 1151 servire
3128 1097 3319 1163 libere,
3364 1112 3431 1152 ex
3487 1100 3654 1152 animi
3697 1099 3953 1165 arbitrio,

2367 1204 2491 1245 cum
2528 1189 2724 1242 timore
2762 1197 2816 1243 et
2848 1189 3133 1243 charitate.
3162 1188 3323 1244 Tales
3366 1204 3556 1246 servos
3603 1206 3780 1256 meos,
3824 1192 3960 1247 tales

2368 1280 2460 1350 qui
2497 1280 2638 1350 apud
2671 1296 2757 1334 me
2792 1289 3027 1345 merent,
3064 1282 3198 1335 tales
3233 1280 3441 1336 amicos
3500 1296 3651 1337 meos
3688 1297 3811 1336 esse
3862 1282 3961 1337 de-

2369 1374 2574 1428 sidero.
2610 1373 2759 1428 Alios
2818 1374 3059 1428 nondum
3097 1374 3350 1444 cognovi,
3388 1389 3491 1431 nec
3525 1376 3594 1430 ab
3632 1375 3827 1430 iisdem
3866 1390 3961 1431 co-

2369 1466 2556 1535 gnitus
2585 1480 2728 1522 sum.
2765 1464 3031 1532 Quocirca
3061 1466 3257 1521 durum
3291 1482 3398 1530 me,
3454 1478 3507 1523 et
3532 1468 3627 1537 qui
3662 1470 3960 1523 commise-

2369 1557 2582 1612 ratione
2612 1573 2721 1612 non
2757 1566 2972 1627 tangar,
3012 1565 3067 1612 et
3096 1559 3342 1625 iniquum
3380 1558 3482 1627 ipsi
3516 1559 3610 1613 ﬁlii
3646 1559 3959 1629 iniquitatis

2368 1649 2666 1720 appellant.
2698 1650 2802 1715 Qui
2833 1651 2999 1720 igitur
3026 1666 3110 1704 me
3141 1650 3543 1705 contumeliose
3567 1658 3833 1717 tractant,
3858 1654 3953 1719 qui

2369 1740 2620 1797 convicia
2646 1740 2777 1794 mihi
2810 1742 3021 1805 dicunt,
3056 1741 3148 1811 qui
3182 1758 3268 1797 me
3291 1744 3508 1810 probris
3537 1752 3792 1807 onerant,
3821 1760 3959 1814 quo-

2372 1830 2536 1885 modo
2560 1830 2657 1883 tibi
2688 1846 2746 1883 se
2778 1829 3097 1899 subjiciant,
3135 1832 3527 1901 autquomodo
3554 1842 3609 1886 te
3632 1834 3958 1900 magistrum

2372 1922 2699 1977 admittant?
2734 1925 3010 1994 quomodo
3050 1925 3161 1991 lupi
3188 1934 3240 1981 te
3270 1934 3540 1995 pastorem
3577 1926 3909 1995 reputabunt
3938 1924 3963 1978 τ

2371 2024 2463 2070 aut
2494 2015 2771 2085 quomodo
2797 2030 2983 2070 vocem
3017 2026 3160 2069 tuam
3188 2027 3508 2086 sequentur,
3534 2033 3657 2073 cum
3690 2019 3805 2073 sint
3832 2018 3962 2074 ferae

2371 2108 2601 2161 bellum?
2637 2109 2928 2178 Egredere,
2958 2107 3081 2179 fuge
3111 2116 3166 2163 et
3197 2109 3407 2163 subduc
3436 2118 3489 2164 te
3514 2126 3580 2164 ex
3611 2108 3811 2163 horum
3842 2126 3961 2165 me-

2372 2198 2483 2253 dio.
2541 2198 2687 2253 Satis
2737 2207 2859 2254 esto
2920 2199 3039 2263 tibi,
3081 2199 3125 2254 si
3165 2200 3398 2268 teipsum
3461 2216 3665 2256 serves.
3702 2201 3861 2268 Quod
3915 2203 3959 2257 si

2373 2291 2633 2345 mundum
2663 2306 2870 2354 serves,
2897 2300 2950 2347 te
2974 2306 3103 2345 vero
3130 2293 3348 2361 perdes,
3374 2294 3506 2362 quid
3532 2295 3772 2349 mundus
3796 2310 3964 2365 opera

2373 2393 2466 2440 tua
2498 2393 2748 2440 servatus
2779 2385 2874 2439 tibi
2913 2386 3193 2455 proderit?
3228 2385 3362 2441 Nolo
3395 2396 3445 2443 te
3480 2404 3820 2458 quemquam
3856 2406 3963 2445 no-

2374 2478 2571 2531 lentem
2606 2493 2795 2547 regere
2829 2494 2842 2531 :
2879 2479 3023 2548 quod
3068 2479 3245 2548 ipsum
3283 2496 3369 2534 me
3404 2480 3457 2534 in
3495 2480 3704 2536 mundo
3761 2481 3965 2538 fecisse

2372 2571 2559 2626 videas
2598 2570 2745 2626 licet.
2797 2569 3106 2625 Volentium
3154 2586 3258 2641 ego
3311 2581 3493 2627 rector
3531 2589 3595 2627 ac
3656 2574 3962 2641 Dominus;

2376 2672 2694 2718 ceterorum
2721 2672 2941 2719 creator
2968 2665 3211 2734 quidem,
3237 2676 3288 2719 et
3314 2675 3507 2719 natura
3536 2665 3820 2725 Dominus.
3854 2682 3963 2721 non

2373 2762 2555 2808 autem
2590 2754 2701 2808 ullo
2738 2755 2900 2809 modo
2931 2771 3047 2820 rex,
3087 2772 3262 2825 neque
3290 2758 3422 2817 dux.
3458 2772 3521 2811 ac
3574 2773 3778 2827 praeses
3815 2774 3962 2823 sum,

2372 2847 2466 2914 qui
2500 2861 2607 2898 non
2636 2846 2833 2899 tollunt
2865 2863 3089 2901 crucem
3122 2864 3296 2915 Suam,
3333 2864 3433 2903 nec
3477 2866 3562 2903 me
3602 2861 3915 2919 sequuntur
3946 2869 3961 2904 :

2373 2936 2575 2991 diaboli
2606 2937 2750 2991 enim
2804 2939 2925 2997 lilii.
2962 2951 3013 2993 et
3066 2955 3192 2994 vasa
3254 2949 3405 2995 sunt.
3454 2939 3587 2994 Vide
3638 2943 3962 3011 mysterium

2376 3034 2657 3099 horribile,
2694 3036 2817 3090 vide
2872 3037 3250 3101 stoliditatem,
3294 3045 3349 3091 et
3387 3053 3484 3092 eos
3540 3039 3793 3093 lamentis
3831 3055 3964 3109 pro-

2299 3122 2344 3183 C
2378 3141 2612 3194 sequere
2646 3128 2692 3181 si
2720 3135 2870 3195 potes
2898 3129 2981 3181 vel
3009 3129 3062 3181 in
3095 3130 3259 3184 horas
3283 3129 3552 3198 singulas.
3587 3129 3772 3184 Vocati
3809 3146 3964 3183 nam-

2372 3233 2478 3286 que
2510 3233 2541 3271 e
2566 3218 2804 3272 tenebris
2838 3218 2905 3271 2d
2933 3219 3111 3272 lumen
3140 3234 3246 3273 non
3278 3221 3593 3285 occiduum,
3627 3235 3655 3271 s
3688 3229 3862 3275 morte
3896 3221 3965 3276 ad

2375 3312 2566 3373 vitam,
2599 3310 2666 3362 ab
2700 3309 2918 3363 inferno
2951 3312 3016 3363 ad
3050 3312 3274 3371 cceium.
3303 3326 3333 3366 a
3363 3313 3709 3381 temporariis
3735 3322 3787 3367 et
3815 3314 3969 3382 peri-

2374 3400 2515 3454 turis
2538 3401 2604 3453 ad
2632 3401 2860 3470 gloriam
2888 3402 3299 3472 sempiternam,
3326 3403 3662 3465 irascuntur,
3687 3414 3739 3457 et
3768 3414 3966 3459 contra

2373 3492 2665 3557 magistros
2726 3492 3054 3555 insaniunt,
3114 3494 3543 3563 omnigenasqne
3610 3496 3841 3549 insidias
3904 3497 3963 3551 in

2374 3583 2597 3637 eosdem
2627 3592 2985 3652 componunt,
3021 3594 3077 3639 et
3101 3585 3237 3653 mori
3274 3594 3595 3655 praeoptarit,
3629 3602 3794 3654 quam
3826 3602 3853 3639 a
3884 3595 3968 3641 te-

2376 3674 2585 3734 nebris.
2631 3683 2685 3728 et
2732 3676 2995 3744 operibus
3038 3661 3387 3731 ten't-brarum
3421 3678 3725 3743 discedere,
3778 3696 3841 3733 ac
3875 3695 3969 3735 me

2375 3768 2550 3835 sequi.
2590 3764 2701 3823 Hos
2749 3783 2860 3836 quo
2899 3776 3057 3837 pacto
3092 3769 3307 3823 tandem
3364 3770 3779 3825 moderaberis‘!
3823 3787 3967 3840 quo-

2376 3859 2540 3911 modo
2579 3858 2665 3911 his
2704 3859 2928 3927 praeeris
2965 3874 2978 3911 :
3034 3862 3310 3929 quomodo
3345 3860 3447 3914 hos
3498 3861 3687 3923 duces,
3721 3863 3809 3916 dic
3838 3879 3965 3932 ago,

2377 3951 2470 4020 qui
2501 3962 2695 4019 sponte
2728 3966 2824 4006 sua
2864 3952 2928 4005 ad
2970 3952 3149 4022 ignem
3181 3951 3573 4022 transfugiunt,
3608 3954 3748 4007 hosti
3778 3956 3960 4010 adhae-

2379 4051 2583 4107 rentes,
2619 4052 2673 4096 et
2700 4059 2824 4097 cmn
2856 4060 2921 4098 eo
2947 4046 3231 4113 praeceptis
3260 4044 3394 4099 meis
3422 4046 3699 4099 contraria
3736 4047 3969 4117 impigre

2379 4133 2761 4202 designantes?
2786 4136 3068 4201 Quomodo
3094 4152 3286 4205 pasces
3310 4151 3368 4189 ut
3398 4152 3566 4195 oves:
3593 4139 3867 4208 quomodo
3894 4141 3967 4194 ad

2380 4243 2604 4296 pascua,
2636 4244 2844 4297 qmrso,
2909 4229 3291 4282 mandatorum
3337 4245 3607 4294 meorum,
3640 4231 3706 4283 ad
3760 4246 3966 4299 aquam

2380 4321 2718 4375 voluntatum
2749 4337 2990 4374 mearum
3028 4321 3295 4375 induces?
3323 4324 3598 4391 quomodo
3632 4324 3836 4378 educes
3868 4341 3967 4380 eos

2382 4413 2447 4466 ad
2489 4422 2724 4476 montes,
2749 4413 2840 4479 qui
2874 4414 3060 4465 animo
3090 4414 3366 4479 videntur,
3394 4414 3672 4467 visionum
3705 4417 3968 4484 mystica-
4040 4418 4041 4421 “

2382 4521 2501 4558 rum
2535 4505 2723 4573 gloriae
2756 4520 2888 4559 mea:
2932 4504 3338 4570 inenarrabilis,
3376 4520 3473 4573 per
3518 4522 3682 4576 quam
3710 4508 3801 4576 qui
3844 4524 3965 4562 eam

2379 4598 2687 4662 intuentur,
2714 4595 3032 4650 inferiorem
3061 4600 3201 4651 hanc
3224 4598 3451 4667 gloriam
3478 4597 3816 4668 despiciunt,
3843 4617 3966 4654 om-

2380 4690 2645 4757 niumque
2702 4689 2806 4743 sub
2837 4704 3036 4743 sensus
3068 4690 3376 4742 cadentium
3406 4689 3583 4754 obliti,
3630 4690 3745 4745 haec
3779 4696 3968 4748 onmia

2382 4794 2481 4849 pro
2505 4780 2718 4845 umbra,
2746 4789 2799 4834 et
2846 4778 2999 4833 fumo
3041 4780 3296 4833 ducunt?
3334 4779 3430 4833 Dic
3465 4781 3743 4849 quomodo
3776 4786 3969 4838 adver-

2381 4872 2588 4925 sarium
2621 4873 2674 4925 in
2706 4887 2872 4926 causa
2904 4872 3134 4925 dicenda
3190 4882 3481 4940 patronum
3522 4874 3794 4929 habebis?
3830 4890 3969 4943 quo-

2385 4967 2545 5019 modo
2576 4967 2785 5020 hostem
2816 4965 3080 5020 infestum
3115 4966 3180 5019 ad
3209 4974 3260 5019 te
3303 4965 3641 5035 diligendum
3687 4967 3969 5023 adduces?

2386 5056 2567 5113 Facile
2612 5059 2755 5112 enim
2796 5058 2997 5127 potius,
3042 5072 3209 5127 parva
3270 5058 3562 5113 occasione
3609 5060 3853 5121 inventa,
3901 5076 3967 5115 ex

2384 5148 2577 5204 amicis
2612 5148 2819 5202 inimici
2861 5147 3019 5201 fiunt.
3070 5148 3169 5202 Ast
3220 5148 3427 5201 inimici
3467 5149 3679 5204 difficile
3732 5155 3969 5221 conjun-

2386 5250 2521 5311 gu'tt
2545 5240 2865 5302 amicitiam,
2898 5242 3151 5308 quamvis
3197 5239 3479 5294 beneﬁciis
3509 5241 3836 5302 adiciantur.
3868 5243 3968 5297 do-

2385 5333 2582 5400 nisque
2628 5332 2925 5394 nobilibus,
2951 5340 3007 5385 et
3040 5333 3251 5399 magnis
3302 5334 3752 5386 colionestcntur.
3792 5333 3969 5388 Vene-

2388 5440 2516 5479 num
2548 5423 2792 5478 clausum
2820 5434 3012 5494 gerunt
3046 5424 3098 5477 in
3128 5434 3369 5493 peetore,
3392 5422 3537 5491 quod
3560 5426 3970 5493 opportunitate

2389 5518 2567 5570 oblata
2604 5532 2727 5569 mox
2758 5526 3039 5579 evomunt,
3069 5530 3133 5569 ac
3168 5516 3533 5570 benemeritos
3574 5517 3642 5569 de
3673 5531 3733 5571 se
3783 5517 3965 5586 impie,

2387 5607 2792 5676 crudeliterque
2823 5622 2929 5661 non
2966 5606 3265 5661 formidant
3295 5607 3569 5662 occidere.
3596 5609 3637 5661 0
3662 5615 3968 5662 extremum

2392 5699 2652 5754 furorem.
2683 5698 2747 5754 lli
2780 5709 2909 5754 sunt
2938 5700 3239 5754 imitatores
3258 5697 3430 5765 Cain;
3462 5700 3517 5753 hi
3544 5700 3817 5754 Lamccho
3840 5716 3965 5755 scc-

2394 5790 2721 5858 lcratiores;
2766 5791 2817 5844 bi
2879 5790 3046 5847 Saulo
3103 5790 3354 5846 moribus
3405 5791 3633 5861 similes,
3701 5806 3968 5863 sequaces
