4182 6456
260 327 368 394 5ἸἸ

1333 327 1780 388 DIVINORUM
1824 325 2150 388 AMORUM
2193 329 2453 390 LIBER.

3411 341 3515 404 578

251 446 594 509 Judzrorum,
634 440 786 498 Iudae
814 441 1014 507 aemuli,
1049 452 1103 498 et
1164 444 1282 514 eius
1341 444 1520 516 laquei
1573 447 1834 502 heredes.
1870 444 1917 500 Α
1947 443 2091 496 neris
2122 446 2413 497 habentem
2448 455 2608 496 aures
2640 441 2918 509 audiendi,
2949 451 3003 498 et
3050 444 3515 517 obtemperantem

259 539 355 594 llis
397 539 440 592 si
495 553 727 606 prmesse
762 539 982 606 quaeris,
1035 537 1322 592 considera
1379 553 1488 607 quo
1545 537 1833 595 devenias:

253 645 363 683 non
400 631 545 683 enim
590 645 654 682 eo
687 644 744 684 se
770 638 1092 684 convertent
1136 646 1244 698 quo
1288 641 1340 685 tu
1397 633 1666 694 volueris,
1723 633 1818 686 sed

253 733 308 775 te
337 722 588 776 eamdem
627 721 768 775 viam
798 723 1080 776 ambulare
1105 722 1452 790 compelleut,
1486 732 1540 779 et
1574 724 1832 791 primum,

250 823 380 867 ante
419 814 537 867 iilos
573 815 625 866 in
668 823 895 881 pestem,
945 823 999 868 et
1045 815 1271 868 exitium
1307 815 1571 879 incidere,
1601 824 1654 870 et
1692 815 1833 870 iul‘ra

248 911 403 977 ipsos
430 910 482 961 in
519 909 730 962 foveam
765 910 929 962 imam
957 909 1316 974 descendere,
1352 918 1411 964 ut
1459 913 1550 980 qui
1588 927 1683 967 eos
1712 928 1831 966 om-

248 999 387 1053 nino
415 1000 642 1053 comites
676 1015 704 1052 a
758 1008 912 1068 tergo
949 1000 1172 1054 habeas.
1213 999 1368 1066 Quod
1410 1002 1455 1055 si
1505 1002 1662 1071 plane
1699 1003 1834 1072 ipsis

247 1094 544 1148 assimilari
569 1095 932 1157 recusaveris,
967 1101 1020 1146 et
1048 1107 1239 1146 eorum
1268 1095 1516 1150 consiliis
1545 1098 1834 1165 cogitatio-

247 1186 526 1254 nibusque
580 1200 687 1238 una
755 1183 978 1246 auferri,
1036 1187 1345 1257 abducique
1400 1189 1661 1254 nolueris,
1733 1205 1834 1246 nec

247 1278 664 1332 communicare
693 1292 880 1330 eorum
941 1278 1096 1332 malis
1144 1280 1423 1346 operibus,
1481 1280 1829 1347 seditionem,

246 1383 516 1438 pugnam,
539 1368 740 1422 bellum
762 1368 1104 1436 implacabile
1131 1370 1376 1424 habebis.
1409 1369 1537 1424 Inde
1564 1373 1693 1441 quid
1729 1374 1829 1430 tibi

252 1465 382 1517 lict?
415 1465 544 1533 quid
574 1465 885 1535 continget?
912 1465 1118 1528 Dicam,
1144 1467 1188 1519 si
1221 1464 1396 1529 audis,
1427 1467 1558 1535 quid
1585 1469 1719 1522 lucri
1752 1469 1829 1524 sis

248 1557 522 1618 facturus.
550 1569 604 1611 et
630 1558 802 1612 dicam
830 1559 1040 1625 paucis.
1065 1555 1206 1611 Ante
1232 1558 1436 1624 omnia,
1459 1575 1648 1614 servus
1678 1576 1830 1616 meus

244 1664 369 1703 esse
404 1649 718 1718 neutiquam
775 1649 999 1717 poteris.
1031 1648 1258 1704 Servum
1295 1652 1438 1705 enim
1500 1669 1678 1708 meum
1732 1671 1831 1722 pu-

242 1755 420 1808 gnare
455 1741 766 1808 neutiquam
808 1741 950 1794 volo.
984 1739 1180 1794 Odium
1229 1740 1281 1793 in
1317 1743 1632 1810 praecordiis
1669 1743 1824 1798 fove-

244 1831 384 1884 bunt
452 1842 642 1884 contra
698 1841 749 1886 te
805 1834 1284 1899 irrcconciliabile,
1341 1843 1395 1887 et
1455 1836 1654 1888 caulem
1725 1838 1823 1891 tibi

243 1930 438 1990 aperte
471 1922 796 1993 occulteque
829 1925 1142 1986 molientur,
1172 1933 1339 1992 tuque
1363 1940 1459 1994 pro
1491 1926 1622 1995 ipsis
1654 1927 1706 1980 in
1734 1927 1826 1996 ju-

243 2015 450 2068 dicium
485 2018 690 2070 vocatis
726 2016 1104 2086 respondebis.
1139 2017 1281 2071 Nihil
1317 2020 1518 2088 quippe
1551 2035 1698 2074 mors
1731 2026 1824 2073 tua

242 2107 370 2159 aliis
397 2107 787 2166 commodabit,
829 2109 1285 2176 quemadmodum
1320 2125 1438 2163 mea
1483 2125 1631 2164 mors
1659 2111 1824 2165 vitam

243 2201 460 2254 mundo
523 2202 750 2269 peperit.
791 2201 933 2266 Quin
984 2213 1038 2256 et
1084 2201 1454 2256 damnationis
1511 2217 1674 2257 causa
1718 2204 1824 2260 illis

243 2291 388 2356 eris,
424 2299 475 2344 et
514 2300 570 2345 tu
609 2291 681 2344 ita
734 2293 859 2344 hinc
889 2291 1086 2355 abibis,
1122 2302 1181 2344 ut
1232 2293 1398 2348 libere
1448 2301 1499 2348 te
1534 2293 1824 2352 defendere

243 2397 508 2452 nequeas.
557 2382 784 2437 Praestat
823 2383 1000 2455 itaque
1051 2384 1276 2437 omnino
1309 2385 1444 2454 regi,
1481 2401 1588 2440 non
1637 2402 1823 2456 regere

241 2477 403 2539 tales,
436 2492 629 2547 resque
663 2493 793 2532 suas
836 2491 1030 2532 curare
1067 2479 1431 2546 potissimum,
1474 2488 1528 2532 et
1560 2495 1659 2548 pro
1695 2480 1821 2545 illis,

241 2586 453 2639 proque
481 2570 738 2624 onmibns
795 2569 1110 2623 hominibus
1162 2585 1342 2635 orare,
1380 2580 1437 2623 ut
1469 2586 1658 2626 omnes
1689 2588 1822 2626 con-

243 2671 546 2724 vertantur,
585 2674 639 2715 et
689 2660 755 2714 ad
794 2661 1122 2730 agnitionem
1155 2663 1236 2717 sui
1272 2663 1623 2730 perveniant;
1661 2673 1716 2718 et
1754 2680 1818 2718 ex

243 2752 328 2805 his
353 2754 597 2806 volentes
629 2753 844 2814 docere,
868 2769 931 2807 ac
957 2755 1170 2822 pietatis
1197 2756 1520 2812 rudimentis
1549 2756 1816 2812 imbuere.

238 2842 316 2897 Ne
345 2860 478 2897 vero
509 2859 672 2914 cogas
724 2859 819 2900 eos
856 2846 1033 2900 facere
1087 2862 1207 2915 quae
1236 2849 1433 2912 doces;
1470 2849 1564 2905 sed
1595 2865 1820 2906 sermo-

238 2949 337 2989 nes
371 2949 524 2987 meos
557 2933 663 2989 illis
713 2936 926 3000 occine,
958 2943 1012 2988 et
1063 2937 1128 2989 ad
1174 2952 1271 2991 eos
1322 2948 1382 2991 ut
1431 2938 1556 2993 vitae
1602 2949 1819 2994 aztcrna:

237 3027 628 3080 coneiliatores
655 3040 820 3094 opere
868 3029 1249 3096 exsequendos
1281 3030 1588 3086 cohortare.
1624 3031 1730 3102 Ipsi
1764 3034 1816 3088 hi

235 3133 521 3172 sermones
557 3125 800 3171 statuent
840 3133 934 3172 COS
980 3128 1106 3174 ante
1139 3135 1244 3182 me,
1284 3129 1338 3174 et
1371 3137 1814 3195 unumquemque
1841 3127 1883 3184 (Ξ

234 3223 336 3277 pro
393 3208 603 3262 meritis
632 3208 976 3276 judicabunt.
1011 3209 1092 3264 Tu
1146 3213 1435 3269 reddendae
1469 3216 1668 3271 rationi
1703 3233 1809 3274 non

233 3299 347 3353 eris
378 3299 672 3364 obnoxius,
703 3311 753 3354 et
778 3301 1125 3358 indemnatus
1176 3305 1335 3373 plane
1366 3309 1635 3373 manebis,
1673 3325 1811 3378 quo-

236 3390 382 3441 niam
419 3399 700 3453 argentum
752 3390 1094 3457 eloquiorum
1142 3408 1384 3448 meorum
1437 3411 1545 3450 non
1575 3399 1811 3454 abscon-

233 3477 385 3541 disti,
424 3479 520 3532 sed
557 3489 820 3548 quantum
854 3481 967 3548 ipse
997 3485 1281 3551 accepisti,
1318 3486 1573 3543 omnibus
1610 3506 1811 3557 expen-

233 3573 382 3625 disti.
416 3571 530 3626 Hoc
559 3572 690 3625 mihi
723 3573 916 3640 placet,
953 3575 1055 3626 hoc
1082 3578 1450 3644 apostolorum
1478 3589 1531 3633 et
1565 3580 1809 3651 discipu-

233 3667 410 3717 lorum
451 3679 696 3717 meorum
731 3680 871 3733 opus
905 3664 1029 3731 fuit,
1062 3669 1208 3735 quod
1257 3669 1526 3732 mandavi,
1566 3676 1810 3740 promul-

231 3771 363 3825 gare
401 3757 647 3809 videlicet
697 3771 782 3810 me
834 3758 1000 3811 Deum
1045 3775 1143 3828 per
1189 3762 1376 3815 orbem
1433 3773 1724 3829 terrarum,
1755 3776 1810 3821 et

230 3846 427 3900 docere
461 3847 773 3901 voluntates
801 3862 866 3902 ac
905 3850 1157 3905 mandata
1196 3868 1331 3915 mea,
1362 3869 1535 3923 eaque
1570 3858 1808 3913 humano

229 3939 416 4008 generi
466 3939 767 4008 perscripta
803 3942 1128 4010 relinquere.
1167 3944 1256 3997 Sic
1292 3953 1348 3998 tu
1380 3962 1599 4016 quoque
1633 3948 1808 4004 facere

228 4039 281 4082 et
311 4029 507 4083 docere
537 4031 778 4084 elabora.
804 4030 1124 4089 Nolentibus
1167 4046 1345 4090 autem
1382 4040 1570 4092 audire
1600 4055 1808 4094 sermo—

233 4136 330 4175 nes
366 4137 539 4188 meos,
567 4125 855 4192 responde,
884 4127 1027 4196 quod
1062 4143 1160 4198 ego
1191 4131 1445 4197 respondi
1480 4133 1806 4200 quibusdam

231 4212 543 4267 dicentibus
574 4230 589 4265 :
624 4213 800 4267 Durus
830 4227 905 4269 est
936 4217 1018 4268 hic
1057 4234 1250 4282 sermo,
1283 4228 1331 4272 et
1366 4221 1481 4288 quis
1509 4233 1678 4290 potest
1706 4239 1807 4276 au-

231 4302 344 4356 dire
374 4321 494 4357 eum
523 4305 601 4358 “?
631 4307 738 4360 dixi
776 4322 926 4376 ergo,
962 4306 1019 4362 Si
1059 4310 1140 4362 sic
1191 4325 1298 4364 non
1340 4314 1525 4374 vultis.
1560 4315 1710 4378 itote,
1753 4325 1808 4371 et

231 4395 392 4450 facite
415 4398 646 4464 quilibet
669 4398 950 4467 quodlibet
974 4415 988 4462 ;
1015 4408 1298 4470 totumque
1328 4418 1514 4459 eorum
1549 4407 1799 4474 potestati

227 4497 283 4544 et
311 4490 540 4543 arbitrio
573 4491 818 4558 permisi,
857 4498 916 4543 ut
955 4491 1000 4545 si
1041 4503 1287 4556 mortem,
1323 4511 1418 4548 seu
1449 4499 1610 4552 vitam
1638 4500 1804 4569 elige-

227 4593 373 4638 rent.
411 4583 580 4637 Nemo
613 4584 754 4636 enim
790 4583 1088 4651 aliquando
1121 4597 1315 4654 praeter
1345 4589 1698 4659 voluntatem,
1753 4603 1808 4649 et

231 4675 606 4730 inductionem
659 4678 828 4730 animi
865 4678 1038 4733 bonus
1074 4680 1219 4744 fuit;
1260 4698 1436 4751 neque
1473 4686 1727 4752 inﬁdelis,
1761 4690 1806 4742 si

228 4767 387 4828 nolit,
424 4765 597 4818 ﬁdelis
639 4766 777 4829 erit;
819 4783 917 4821 nec
949 4770 1159 4823 amicus
1191 4773 1400 4835 mundi,
1430 4776 1638 4830 amicus
1689 4777 1805 4830 Dei.

229 4855 520 4922 Nunquam
545 4857 744 4909 stultus
770 4866 965 4923 praeter
994 4859 1328 4914 voluntatem
1381 4872 1589 4917 mutato
1622 4865 1806 4920 animo

230 4946 436 5013 probus
464 4947 574 4998 ﬁet.
610 4946 802 5000 Nullus
826 4947 966 5000 enim
988 4957 1203 5012 natura,
1227 4953 1320 5005 sed
1347 4953 1580 5008 consilio
1602 4963 1655 5009 et
1680 4972 1807 5026 pro-

230 5038 410 5106 posito
443 5037 642 5090 mentis
676 5041 850 5091 iactus
880 5054 964 5093 est
989 5041 1272 5107 improbus
1304 5061 1318 5098 :
1348 5046 1429 5100 sic
1460 5047 1701 5102 vicissim
1736 5064 1802 5104 ex

227 5145 487 5198 perverso
514 5139 674 5199 atque
707 5133 976 5202 improbo,
1034 5139 1302 5192 sententia
1332 5149 1385 5194 et
1422 5143 1712 5208 arbitratu,
1756 5146 1802 5200 si

230 5221 521 5287 placuerit,
576 5223 777 5290 probus
819 5237 871 5279 et
911 5227 1121 5296 integer
1158 5229 1247 5284 ﬁet
1287 5247 1301 5284 :
1352 5239 1499 5302 quod
1552 5236 1597 5288 si
1639 5239 1796 5303 nolit,

227 5310 535 5365 voluntarie
587 5329 930 5384 nequaquam
977 5319 1099 5373 talis
1151 5323 1271 5376 erit.
1331 5323 1500 5380 Nemo
1534 5327 1586 5383 in
1621 5328 1798 5384 isthoc

227 5405 435 5455 mundo
461 5405 664 5460 invitus
689 5409 905 5462 virtutis
927 5409 1180 5482 fungetur
1199 5415 1396 5470 ollicio.
1419 5416 1588 5473 Nemo
1604 5423 1796 5477 nolens

227 5492 474 5546 Salvatur
506 5513 518 5547 :
565 5495 666 5552 hoc
703 5513 770 5552 ne
809 5501 932 5570 plus
971 5517 1170 5573 quaere.
1223 5506 1295 5562 Da
1328 5524 1547 5579 operam
1587 5515 1797 5570 salvare

226 5590 304 5644 te,
331 5595 386 5638 et
412 5587 693 5645 audientes
725 5599 797 5656 te,
818 5593 864 5648 si
897 5591 1038 5650 forte
1063 5596 1116 5650 in
1145 5606 1289 5654 terra
1318 5599 1597 5656 hominum
1643 5603 1796 5659 iuve-

307 5758 350 5788 “
401 5757 562 5814 Joan.
609 5764 799 5829 vt,6l.

1938 532 2023 587 his
2058 550 2179 602 qua:
2211 535 2385 591 audit.

2008 622 2226 680 Faciam
2256 641 2354 695 ego
2382 626 2550 687 istud,
2576 625 2822 689 Domine,
2854 627 2996 681 sicut
3023 630 3324 698 praecepisti
3353 631 3512 690 mihi.

1944 708 2333 770 Verumtamen
2365 725 2509 770 tuam
2540 731 2720 784 Opem,
2760 724 2904 768 tuam
2940 720 3166 786 gra‘iam
3199 720 3344 775 dona
3381 724 3515 777 mihi

1936 800 2164 871 indigno
2217 819 2375 858 servo
2406 815 2520 871 tuo,
2561 807 2706 862 Deus
2741 822 2920 871 meus,
2956 818 3012 859 ut
3060 825 3274 879 semper
3305 812 3512 882 gloriﬁ-

1934 910 2053 948 cem
2088 904 2141 948 te
2173 904 2225 947 et
2263 897 2529 951 celebrem
2554 901 2850 968 potentiam
2881 911 3027 956 tuam
3060 905 3286 958 vocibus
3319 920 3515 975 peren-

1935 987 2097 1042 nibus
2141 989 2193 1042 in
2217 991 2462 1044 omnium
2504 993 2830 1047 saeculorum
2866 994 3211 1052 inﬁnitatem.
3244 997 3440 1053 Amen.

2489 1125 2720 1182 CAPUT
2762 1127 2957 1183 XXXI.

1937 1232 2079 1312 Quid
2113 1237 2180 1312 sit
2214 1238 2350 1312 illud
2390 1256 2406 1291 :
2439 1259 2456 1290 ι
2498 1240 2796 1293 Secundum
2833 1243 3117 1312 imaginem
3152 1265 3170 1298 ι
3228 1255 3278 1300 et
3331 1246 3512 1302 meri'o

2003 1307 2224 1380 intelligi
2285 1312 2546 1362 hominem
2603 1315 2867 1380 prolatypi
2922 1307 3352 1376 similitudinem.
3419 1334 3511 1370 seu

2003 1374 2290 1445 imaginem
2310 1395 2447 1453 esse.
2483 1374 3077 1453 Diligentiam-inimicos,
3113 1374 3364 1453 tauquam
3390 1390 3513 1440 bene

2002 1451 2240 1521 meritos,
2297 1449 2463 1502 Deum
2521 1451 2742 1513 imitari,
2783 1461 2831 1503 et
2887 1453 3008 1505 hinc
3063 1449 3294 1521 Spiritus
3339 1460 3512 1510 sancti

2002 1519 2329 1597 participem,
2368 1521 2651 1597 adoptione
2679 1533 2727 1597 et
2757 1524 2933 1597 gratia
2967 1519 3155 1597 _Deu'm
3186 1527 3323 1590 ﬁeri,
3356 1537 3511 1597 atque

2002 1588 2064 1636 ab
2097 1588 2158 1639 iis
2188 1588 2313 1642 solis
2346 1592 2609 1658 cognosci,
2629 1591 2720 1659 qui
2748 1588 2923 1644 eodem
2958 1591 3159 1659 Spiritu
3185 1588 3434 1665 aguntur:

2007 1720 2216 1789 Gloria,
2248 1726 2388 1793 laus,
2423 1728 2677 1799 hymnus,
2715 1733 2916 1800 gratia,
2947 1736 3038 1803 qui
3074 1735 3176 1790 hoc
3209 1746 3380 1792 totum
3421 1753 3512 1793 re-

1931 1830 2049 1868 rum
2079 1825 2288 1870 natura
2323 1833 2462 1888 opus
2490 1835 2554 1874 ex
2581 1823 2752 1877 nihilo
2785 1825 2900 1878 solo
2932 1827 3118 1891 verbo,
3148 1835 3200 1882 et
3226 1830 3509 1887 voluntate

1929 1923 2027 1962 sua
2061 1912 2387 1977 procreavit,
2425 1910 2535 1966 Deo
2587 1916 2994 1982 universorum,
3029 1921 3122 1988 qui
3160 1923 3212 1974 in
3252 1925 3498 1980 trinitate

1928 1999 2318 2068 hypostaseou,
2352 2011 2407 2057 et
2458 2004 2511 2058 in
2572 2021 2676 2060 una
2731 2010 2972 2063 essentia
3008 2014 3286 2068 adoratur.
3347 2013 3502 2072 Unus

1928 2089 2071 2146 Deus
2106 2103 2296 2147 sancta
2329 2093 2593 2160 Trinitas,
2637 2102 3189 2168 supersubstautialis
3236 2105 3502 2162 substan-

1928 2183 2026 2248 tia,
2063 2200 2168 2237 una
2213 2186 2264 2240 in
2301 2188 2475 2244 tribus
2508 2194 2777 2258 personis,
2808 2203 2862 2247 et
2891 2199 3062 2250 tribus
3098 2199 3500 2266 subsistentiis,

1926 2275 2382 2346 inseparabilibus
2423 2295 2588 2352 atque
2623 2285 3072 2353 iudivisibilibus,
3118 2307 3224 2345 una
3278 2303 3498 2358 natura,

1925 2387 2030 2424 uua
2071 2373 2263 2441 gloria,
2301 2389 2406 2427 una
2463 2377 2658 2438 virtus,
2709 2394 2815 2432 una
2866 2382 3139 2436 voluntas.
3198 2383 3325 2437 Haec
3379 2386 3495 2440 sola

1925 2464 2162 2516 creatrix
2203 2470 2286 2518 est
2317 2465 2582 2520 omnium.
2617 2466 2739 2523 llaec
2778 2487 2861 2526 me
2889 2482 3059 2528 totum
3094 2490 3124 2528 e
3152 2475 3264 2528 luto
3291 2476 3499 2530 forma-

1922 2552 2017 2615 vit,
2057 2553 2333 2624 inditaque
2374 2557 2554 2610 anima
2595 2558 2650 2612 in
2688 2569 2831 2615 terra
2864 2563 3173 2626 collocavit,
3211 2576 3265 2619 et
3316 2567 3494 2622 lmneu

1922 2644 2093 2710 dedit,
2139 2648 2190 2699 in
2233 2663 2341 2714 quo
2378 2649 2615 2703 viderem
2669 2660 2722 2705 et
2768 2655 3013 2710 intuerer
3050 2658 3258 2722 omnia,
3294 2675 3493 2730 nempe

1921 2736 2066 2791 hunc
2091 2740 2351 2792 mundum
2388 2743 2642 2798 sensibus
2681 2747 3015 2812 expositum,
3053 2748 3244 2812 solem,
3279 2750 3491 2817 lunam,

1920 2836 2093 2888 astra,
2122 2829 2342 2894 coelum,
2376 2838 2605 2896 terram,
2633 2850 2804 2900 mare,
2836 2846 2888 2886 et
2914 2851 3250 2906 quaecunque
3273 2848 3403 2893 sunt
3435 2843 3488 2894 in

1921 2919 2113 2972 horum
2157 2923 2353 2976 medio.
2395 2923 2549 2978 Dedit
2599 2927 2761 2980 etiam
2810 2939 3044 2982 mentem
3097 2939 3149 2982 et
3203 2932 3489 2989 rationem.

1921 3014 2182 3067 Attendas
2223 3015 2397 3068 velim.
2442 3018 2756 3073 Secundum
2816 3020 3105 3089 imaginem
3176 3023 3341 3092 igitur
3395 3024 3489 3078 τοῦ

1921 3105 2075 3174 λόγου
2108 3107 2266 3163 datus
2290 3118 2372 3164 est
2405 3112 2582 3176 nobis,
2617 3117 2646 3166 ὀ
2691 3113 2868 3180 λόγος,
2901 3115 2955 3168 id
3004 3127 3109 3180 est,
3163 3119 3332 3179 ratio;
3366 3135 3489 3174 nam

1915 3198 1982 3248 ὲκ
2013 3198 2170 3268 λόγου
2214 3201 2438 3266 λογικοὶ,
2490 3203 2542 3257 id
2582 3212 2685 3269 est,
2738 3220 2806 3256 ex
2838 3208 3044 3259 ratione
3073 3209 3386 3275 rationales,
3424 3215 3488 3266 ἐκ

1916 3289 2099 3358 λόγου,
2149 3293 2240 3360 qui
2277 3301 2359 3346 est
2391 3293 2598 3362 absque
2631 3296 2922 3364 principio,
2950 3300 3247 3365 iucreatus,
3280 3302 3490 3356 incom-

1917 3382 2243 3450 prehensus,
2283 3399 2482 3440 vacans
2522 3387 2769 3440 materia.
2818 3389 2909 3442 Sic
2950 3392 3249 3445 secundum
3295 3393 3490 3463 imagi-

1915 3492 2036 3528 nem
2097 3478 2274 3530 anima
2332 3479 2600 3548 cujusque
2655 3481 2891 3536 hominis
2942 3482 3134 3552 λογικὴ
3183 3484 3348 3538 εἰκὼν
3395 3485 3486 3538 τοῦ

1913 3567 2089 3636 λόγου.
2124 3568 2242 3634 Quo
2269 3571 2468 3637 pacto?
2497 3572 2632 3626 doce
2661 3589 2768 3628 me.
2797 3575 3029 3627 Attende
3051 3574 3118 3627 ad
3150 3577 3313 3630 verba
3344 3593 3492 3634 mea.

1912 3662 1988 3714 Ex
2028 3665 2133 3716 Deo
2169 3664 2317 3717 Deus
2348 3663 2609 3728 Verbum,
2638 3676 2970 3719 coa‘ternuru
3005 3667 3145 3721 Patri
3180 3679 3232 3721 et
3261 3670 3486 3737 Spiritui

1910 3763 2122 3808 sancto.
2166 3756 2365 3808 Eodem
2410 3756 2570 3809 modo
2620 3765 2674 3809 et
2724 3758 2905 3810 anima
2959 3772 3077 3812 mea
3129 3760 3488 3815 similitudine

1908 3845 2143 3913 quadam
2173 3847 2340 3900 illius.
2381 3845 2599 3900 Habens
2638 3847 2782 3900 enim
2818 3858 3051 3902 mentem
3107 3862 3160 3904 et
3190 3853 3484 3914 rationem,

1911 3937 2072 3990 habet
2101 3938 2212 3991 haec
2242 3938 2542 3992 secundum
2577 3942 2869 3994 essentiam
2899 3941 3151 4008 indivisa,
3187 3951 3242 3997 et
3296 3945 3488 3998 incon-

1909 4029 2025 4084 l'usa
2056 4009 2306 4084 similiter
2332 4031 2844 4094 cousubstantialia,
2885 4048 3050 4086 unum
3085 4034 3199 4088 haec
3231 4037 3335 4088 tria
3363 4038 3486 4089 uni-

1910 4121 2026 4183 tim,
2060 4132 2114 4175 et
2143 4121 2362 4174 divisim
2400 4123 2522 4184 tria,
2555 4136 2676 4189 quae
2709 4137 2922 4190 semper
2950 4131 3002 4176 et
3037 4123 3209 4187 unita,
3239 4133 3292 4178 et
3310 4124 3484 4180 divisa

1915 4224 2094 4270 sunt:
2153 4214 2417 4268 uuiuutur
2467 4217 2612 4268 enim
2671 4216 2979 4279 inconluse,
3020 4224 3074 4270 et
3126 4227 3488 4271 secernuntur

1911 4309 2164 4362 indivise.
2204 4306 2259 4360 Si
2314 4323 2483 4360 unum
2530 4324 2594 4361 ex
2649 4308 2734 4362 his
2785 4307 3102 4372 deduxeris,
3154 4310 3338 4362 omnia
3391 4313 3488 4362 de-

1913 4401 2158 4455 duxeris.
2220 4401 2413 4453 Anima
2480 4402 2598 4456 sine
2637 4401 2849 4454 ratione
2902 4405 2957 4453 et
3027 4408 3244 4461 mente,
3304 4401 3486 4456 simile

1911 4493 2169 4562 quiddam
2220 4492 2504 4545 brutorum
2542 4500 2623 4546 est
2671 4508 2684 4544 :
2725 4492 2930 4560 absque
2982 4492 3162 4543 anima
3197 4506 3326 4544 vero
3373 4507 3481 4544 non

1910 4593 2088 4655 potest
2121 4584 2259 4637 ratio
2294 4584 2617 4638 subsistere.
2652 4582 2742 4636 Sic
2769 4597 2899 4649 ergo
2931 4597 2999 4636 ex
3031 4583 3266 4650 imagine
3293 4592 3486 4650 proto-

1910 4688 2072 4746 typon
2106 4676 2363 4742 iutellige.
2390 4673 2516 4728 Siue
2544 4672 2750 4742 Spiritu
2782 4687 2882 4726 nec
2910 4671 3086 4733 Pater,
3114 4686 3214 4725 nec
3247 4670 3482 4725 Verbum

1908 4775 2028 4842 ejus
2079 4772 2205 4826 erit.
2247 4771 2406 4824 Pater
2462 4780 2546 4824 est
2602 4769 2861 4838 Spiritus,
2921 4779 2976 4822 et
3010 4767 3184 4822 Filius
3224 4768 3345 4834 ejus
3400 4779 3484 4822 est

1911 4866 2171 4935 Spiritus,
2202 4863 2418 4916 tametsi
2446 4877 2667 4916 carnem
2693 4861 2890 4920 induit.
2917 4871 2970 4915 et
2995 4876 3212 4914 rursum
3238 4859 3480 4929 Spiritus

1913 4961 2052 5015 Deus
2091 4967 2175 5012 est
2233 4975 2247 5011 :
2288 4971 2455 5010 unum
2486 4957 2628 5009 enim
2665 4964 2883 5018 natura,
2933 4964 2985 5007 et
3038 4955 3277 5008 essentia
3321 4954 3480 5008 ambo

1908 5062 2056 5113 sunt,
2085 5053 2227 5104 sicut
2253 5065 2425 5113 mens,
2459 5048 2638 5100 anima
2672 5058 2722 5099 et
2752 5047 2911 5099 ratio.
2939 5045 3042 5098 Sed
3068 5043 3228 5099 Pater
3257 5046 3477 5110 quidem

1910 5147 2143 5201 Verbum
2199 5159 2264 5198 ex
2317 5158 2376 5197 se
2432 5141 2620 5212 genuit
2681 5138 3049 5192 ineffabiliter.
3105 5138 3260 5191 Sicut
3297 5148 3477 5192 autem

1908 5255 2061 5295 meus
2092 5248 2262 5291 estex
2298 5235 2479 5287 anima
2526 5247 2663 5291 mea.
2702 5232 2781 5283 vel
2811 5231 2990 5299 potius
3023 5229 3076 5282 in
3107 5229 3287 5282 anima
3327 5243 3479 5294 mea;

1906 5333 1986 5386 sic
2023 5345 2087 5383 ex
2125 5329 2284 5382 Patre
2339 5323 2597 5394 Spiritus,
2633 5323 2714 5376 vel
2755 5323 2941 5391 potius
2983 5324 3034 5373 in
3078 5319 3236 5373 Patre
3271 5328 3477 5382 manet,

1904 5432 1955 5478 et
1991 5421 2237 5491 procedit
2291 5418 2452 5471 modo
2500 5415 2888 5484 inexplicabili.
2931 5410 3217 5477 Quomodo
3256 5425 3477 5465 rursum

1905 5528 2059 5567 meus
2100 5525 2218 5564 mea
2247 5522 2462 5576 semper
2493 5516 2717 5577 generat
2766 5506 3060 5566 rationem,
3098 5511 3152 5556 et
3203 5499 3478 5569 producit,

1904 5615 1957 5662 et
1995 5604 2218 5668 emittit,
2263 5611 2316 5656 et
2348 5612 2530 5656 notam
2564 5599 2690 5655 facit
2721 5597 3002 5660 omnibus,
3040 5609 3146 5649 non
3180 5602 3358 5649 tamen
3390 5606 3478 5650 se-
