4182 6456
696 423 803 485 579

1860 407 2240 470 SYMEONIS
2278 400 2643 466 JUNlORlS

3837 393 3941 457 580

683 545 904 603 paratur
938 532 1007 586 ab
1039 545 1131 585 ea:
1166 528 1256 582 sed
1298 527 1467 597 gignit
1498 524 1785 584 rationem,
1814 530 1869 575 et
1904 522 1957 575 in
1988 534 2046 574 se
2080 519 2261 572 conti-
2295 524 2335 577 Α
2368 514 2615 583 ignotqu
2653 510 2740 564 his
2768 511 2861 579 qui
2906 509 3089 563 rordis
3132 506 3423 578 puritatem
3465 520 3572 559 non
3624 505 3942 575 acquisive-

682 626 810 679 ιλιιιῖ
834 626 903 679 ita
931 625 1167 690 inteilige
1191 619 1405 673 Patrem
1433 617 1685 687 genuisse
1711 614 1968 677 Verbum,
1994 610 2251 679 quoniam

682 734 900 787 semper
931 723 1176 785 generat,
1242 714 1389 765 mille
1446 718 1629 761 autem
1667 707 1827 759 modo
1876 705 1945 757 ab
1987 703 2090 755 hoc
2119 700 2255 754 Filio

682 810 837 864 Pater
870 818 1178 878 separatur,
1213 805 1307 860 sed
1342 806 1393 857 in
1426 804 1565 856 Filio
1595 801 1859 860 cernitur,
1897 804 1952 851 et
1997 794 2167 849 Filius
2198 795 2251 847 in

682 916 747 955 (‘0
781 916 983 953 manet.

781 993 905 1045 iane
949 991 1234 1058 imaginem
1263 986 1363 1041 etsi
1398 986 1631 1041 obscura
1670 992 1773 1048 est,
1804 998 1923 1037 eam
1958 993 2133 1036 tamen
2167 995 2246 1035 ac-

680 1097 872 1138 curate
940 1092 1125 1137 nostra
1196 1080 1493 1149 descripsit
1551 1093 1614 1131 ac
1672 1075 1992 1129 informavit
2054 1074 2255 1136 oratio,

682 1192 843 1245 quam
877 1188 1151 1239 nunquam
1179 1171 1414 1232 videbis,
1448 1165 1932 1237 nequeintelliges,
1971 1162 2077 1215 nisi
2106 1161 2258 1229 prius

684 1263 1283 1335 imaginemtuamlabe
1320 1259 1638 1329 purgaveris
1688 1270 1849 1325 atque
1896 1255 2115 1318 elueris,
2152 1252 2258 1305 nisi

682 1358 834 1424 prius
867 1353 1249 1413 :iﬂ‘ectionibus
1287 1350 1470 1419 pravis
1503 1349 1754 1402 obrutam
1784 1345 2017 1408 erueris,
2044 1352 2096 1396 et
2135 1357 2260 1408 per-

684 1450 823 1499 lecte
854 1442 1203 1501 absterseris,
1238 1449 1400 1507 atque
1435 1447 1491 1490 ut
1539 1437 1718 1490 nivem
1754 1432 2115 1488 dealbaveris.
2148 1427 2262 1479 Iloc

683 1553 807 1590 cum
841 1535 1189 1605 przestiteris,
1219 1542 1267 1586 et
1301 1532 1475 1601 ipsan‘.
1499 1530 1665 1598 probe
1692 1524 2034 1596 purgaveris,
2059 1528 2112 1575 et
2141 1534 2263 1589 per.

687 1630 826 1683 ferta
856 1634 1032 1695 imago
1061 1627 1221 1680 fuerit
1246 1642 1258 1687 ;
1293 1633 1622 1695 prototypon
1651 1619 1791 1673 haud
1820 1617 2049 1679 videbis,
2086 1627 2264 1683 neque

686 1722 974 1789 intelliges,
1011 1721 1114 1772 nisi
1152 1718 1247 1771 tibi
1307 1732 1401 1785 per
1439 1713 1704 1782 Spiritum
1755 1718 2007 1765 sant-tum
2062 1706 2267 1759 revele-

687 1821 775 1865 tur
811 1828 823 1862 :
865 1812 1047 1863 omnia
1074 1811 1218 1863 enim
1260 1806 1415 1860 docet
1449 1804 1706 1872 Spiritus,
1740 1801 1792 1853 in
1842 1799 2044 1852 lumine
2081 1794 2268 1849 ineffa-

687 1903 777 1955 bili
825 1901 1121 1969 refulgens.
1159 1899 1438 1964 Quatenus
1489 1894 1873 1962 intelliguntur
1905 1886 2262 1957 intelligibilia

690 1993 784 2045 tibi
822 1994 1005 2045 omnia
1048 1989 1466 2051 demonstrabit,
1528 1994 1796 2055 quantum
1852 1982 2038 2035 videre
2090 1989 2263 2048 potes,

687 2096 955 2156 quantum
996 2085 1160 2137 homo
1211 2082 1427 2151 assequi
1460 2088 1658 2150 potest,
1692 2076 1994 2130 secundum
2036 2086 2267 2140 propor-

690 2180 891 2230 tionem
927 2184 1172 2245 purgataa
1212 2176 1404 2225 anima-
1448 2182 1589 2234 tute;
1639 2177 1693 2221 et
1748 2182 1975 2236 operum
2012 2160 2261 2231 diligenti

693 2271 999 2323 imitatione
1036 2267 1145 2320 Deo
1188 2264 1589 2323 assimilabcre,
1626 2260 2009 2329 temperantia,
2047 2255 2269 2308 fortitu-

694 2364 841 2427 dine,
881 2362 1239 2425 immanitate,
1272 2357 1633 2412 tentationmn
1681 2353 1968 2406 tolerantia
1995 2361 2049 2406 et
2079 2350 2267 2405 chari-

698 2467 808 2509 tate
846 2454 1112 2507 adversus
1143 2452 1417 2505 inimicos.
1452 2447 1567 2500 Iluc
1597 2449 1742 2501 enim
1778 2445 2136 2499 humanitatis
2168 2453 2270 2506 est,

699 2556 756 2601 ut
818 2545 1134 2600 benefacias
1192 2542 1451 2605 inimicis,
1511 2548 1565 2594 et
1624 2548 1881 2608 tanquam
1951 2537 2156 2590 amicos
2212 2550 2275 2589 ac

700 2641 1118 2693 benemerentes
1176 2650 1274 2690 eos
1328 2634 1543 2702 diligas,
1586 2643 1639 2686 et
1675 2646 1800 2684 ores
1838 2643 1935 2698 pro
1975 2627 2041 2682 iis
2077 2627 2169 2696 qui
2227 2635 2277 2681 te

697 2738 1123 2799 persequuntur,
1155 2735 1207 2779 et
1241 2725 1507 2778 charitate
1533 2721 1812 2791 aequaliter
1840 2733 1966 2785 erga
1991 2733 2202 2782 onmes,
2224 2726 2278 2770 et

699 2824 870 2874 honos
899 2829 951 2872 et
979 2821 1172 2880 malos,
1202 2814 1569 2886 propendeas,
1604 2821 1657 2866 et
1689 2826 1788 2880 pro
1818 2810 2071 2863 omnibus
2095 2809 2276 2879 quoti-

699 2914 788 2967 die
844 2926 1014 2981 ponas
1074 2911 1311 2962 animam
1380 2916 1550 2969 tuam,
1622 2918 1719 2972 pro
1777 2902 1975 2963 salute,
2033 2901 2275 2971 inquam,

702 3008 886 3065 unius,
918 3011 1009 3055 aut
1039 3002 1082 3056 si
1116 3002 1226 3053 tieri
1256 3006 1443 3068 queat,
1480 2996 1745 3050 omnium.

774 3094 897 3148 llaec
931 3102 1005 3157 te,
1062 3092 1159 3155 fili,
1223 3091 1553 3144 imitatorem
1616 3086 1831 3140 Domini
1868 3083 2070 3139 facient
2100 3090 2155 3138 et
2186 3097 2281 3137 ve-

2361 614 2508 667 runt,
2554 604 2801 672 ignotum
2846 601 3046 671 cupide
3100 615 3209 653 non
3243 600 3554 669 petentibus
3602 606 3660 652 ut
3691 599 3942 653 divinum

2359 696 2620 765 Spiritum
2640 695 2934 765 accipiant,
2967 694 3216 764 ignotum
3248 708 3355 746 non
3377 693 3746 757 credentibus,
3777 692 3943 747 etiam

2359 789 2801 859 modoimpertiri
2851 787 3110 858 Spiritum
3159 795 3407 841 sanetum
3432 787 3785 855 poscentibus
3817 804 3831 842 :
3864 785 3947 839 in-

2359 884 2656 938 credulitas
2680 882 2824 935 enim
2860 892 3011 935 arcet
3062 894 3126 933 ac
3163 880 3369 948 repellit
3396 879 3638 932 divinum
3658 877 3949 946 Spiritum.

2362 975 2464 1042 Qui
2498 991 2604 1029 non
2632 974 2829 1036 credit,
2865 987 2969 1025 non
3004 972 3136 1042 petit
3164 988 3179 1034 ;
3216 972 3307 1039 qui
3341 986 3447 1024 non
3478 971 3632 1039 petit.
3664 985 3771 1022 non
3797 970 3941 1023 acci-

2362 1068 2470 1136 pit;
2510 1066 2603 1134 qui
2637 1081 2746 1119 non
2776 1065 2997 1134 accipit,
3020 1073 3105 1118 est
3129 1074 3415 1123 mortuus;
3451 1073 3722 1116 mortuum
3762 1072 3943 1116 autem

2362 1162 2488 1227 quis
2520 1176 2627 1212 non
2662 1158 2923 1227 plorabit,
2966 1159 3096 1228 quia
3151 1173 3277 1211 cum
3310 1165 3564 1210 mortuus
3618 1157 3712 1219 sit,
3765 1156 3950 1209 vivere

2364 1268 2424 1306 se
2455 1251 2793 1305 existimat?
2824 1250 2988 1304 l'lane
3023 1250 3221 1304 mortui
3256 1257 3500 1304 mortuos
3530 1264 3814 1318 nunquam
3850 1262 3950 1301 nec

2366 1344 2572 1408 videre,
2636 1356 2741 1396 nec
2774 1342 3063 1395 lamentari
3094 1351 3301 1409 queunt
3338 1360 3351 1394 :
3405 1340 3511 1393 vivi
3549 1342 3647 1394 hos
3679 1341 3948 1403 videntes,

2366 1433 2763 1490 lamentantur.
2826 1433 3026 1488 Vident
3096 1435 3301 1503 quippe
3362 1449 3560 1487 novum
3618 1441 3953 1492 monstrum,

2368 1532 2585 1583 Occisus
2632 1530 2921 1594 viventes;
2979 1528 3113 1597 quin
3157 1536 3212 1581 et
3260 1527 3722 1590 obambulantes;
3779 1540 3955 1579 cacas

2370 1629 2627 1689 putantes
2676 1636 2737 1675 se
2781 1623 3054 1688 aspicere,
3087 1630 3141 1674 et
3195 1635 3383 1675 revera
3447 1620 3644 1673 surdos
3676 1619 3958 1671 arbitran-

2369 1720 2451 1766 tes
2481 1727 2539 1765 se
2570 1712 2786 1767 audire.
2826 1711 3038 1767 Vivunt
3075 1727 3230 1775 sane,
3279 1720 3335 1764 et
3398 1711 3645 1776 audiunt,
3681 1720 3733 1764 et
3770 1711 3959 1764 vident

2372 1812 2431 1855 ut
2482 1800 2752 1870 pecudes;
2801 1810 2861 1855 ιιι
2916 1817 3023 1855 non
3100 1800 3472 1869 intelligentes
3533 1801 3958 1869 iutelligunt,iu

2370 1907 2537 1946 sensu
2573 1890 2849 1954 insensili,
2934 1890 2988 1944 in
3054 1890 3164 1943 vita
3221 1898 3463 1943 mortua.
3510 1888 3659 1943 Licet
3712 1906 3862 1942 enmt
3908 1898 3962 1942 et

2370 1999 2478 2037 non
2520 1984 2792 2038 viventem
2834 1984 3033 2046 vivere,
3078 1991 3268 2037 etnon
3318 1982 3596 2036 videntem
3663 1983 3877 2046 videre,
3907 1991 3963 2035 et

2371 2092 2479 2130 non
2514 2075 2833 2129 audientem
2867 2077 3088 2130 audire.

2442 2165 2751 2232 Quomodo,
2807 2167 2894 2221 die
2946 2168 3104 2232 mihi,
3142 2169 3233 2223 dic
3272 2170 3588 2235 confestim,
3643 2169 3965 2239 quicunque

2372 2260 2564 2313 vivunt
2602 2260 2903 2314 secundum
2974 2275 3219 2325 carnem,
3268 2263 3584 2330 quiciinque
3646 2278 3735 2317 res
3801 2264 3964 2331 hujus

2376 2349 2564 2404 mundi
2599 2350 2965 2417 admirantur,
3040 2353 3136 2421 qui
3195 2353 3510 2407 carnalibus
3556 2352 3823 2406 duntaxat
3865 2368 3967 2406 au-

2375 2442 2531 2495 ribus
2564 2442 2816 2504 audiunt,
2851 2444 3068 2498 divinos
3094 2458 3159 2497 ac
3237 2446 3492 2500 caelestes
3531 2460 3820 2499 sermones
3864 2460 3969 2497 au-

2382 2536 2747 2590 scultabunt?
2779 2535 2841 2588 lli
2869 2551 3063 2591 omnes
3102 2536 3407 2591 secumlum
3466 2538 3715 2606 spiritum
3784 2538 3966 2600 surdi,

2379 2627 2528 2690 caeci,
2566 2628 2769 2681 mortui
2834 2638 2983 2684 sunt.
3056 2627 3290 2682 Prorsus
3357 2628 3505 2681 enim
3565 2643 3631 2681 ex
3692 2626 3806 2682 Deo
3856 2643 3971 2682 non

2380 2728 2533 2782 sunt,
2570 2726 2629 2771 ut
2709 2720 2944 2783 vivant;
2982 2735 3083 2774 nec
3134 2728 3488 2789 accep..-runt,
3548 2734 3647 2773 nec
3710 2720 3972 2775 viderunt

2381 2812 2563 2867 lumen
2596 2812 2865 2866 divinum.
2918 2811 3083 2879 Quod
3138 2828 3263 2865 cum
3342 2812 3570 2865 minime
3628 2812 3834 2866 factum
3877 2813 3971 2874 sit,

2384 2906 2603 2975 penitus
2664 2905 2816 2960 surdi
2896 2913 3240 2959 manserunt.
3276 2903 3396 2957 Jam
3436 2920 3564 2958 vero
3590 2905 3746 2967 tales,
3781 2921 3974 2975 quaeso

2383 3005 2459 3060 te,
2488 3011 2586 3049 cur
2646 2996 2944 3050 Christiani
3004 2994 3322 3050 vocentur?
3377 2996 3515 3049 Audi
3550 2996 3799 3049 divinum
3834 2995 3977 3049 Pau-

2383 3087 2495 3141 lum
2545 3088 2660 3140 haec.
2720 3087 2814 3140 tibi
2841 3086 3128 3155 perspicue
3161 3086 3567 3155 significantem
3596 3102 3612 3149 ;
3671 3086 3756 3141 vel
3788 3087 3977 3155 potius

704 3205 821 3244 rain
876 3198 927 3241 te
974 3186 1254 3241 Crratoris
1311 3172 1604 3252 imaginem
1640 3179 1869 3234 reddent
1902 3196 1913 3231 :
1952 3180 2279 3233 imitatorem
2310 3211 2358 3274 ο
2389 3180 2516 3234 audi
2551 3178 2841 3235 Christum
2875 3183 3186 3248 loquentem
3224 3196 3237 3231 :
3273 3176 3491 3231 Primus
3535 3178 3701 3231 honio
3756 3192 3788 3230 e
3829 3185 3977 3231 terra

706 3281 901 3334 divinre
932 3276 1287 3347 perfectionis
1348 3291 1447 3345 per
1500 3274 1704 3329 omnia.
1783 3271 2048 3326 Conditor
2100 3278 2282 3323 autem

710 3383 861 3435 tunc,
919 3370 1139 3423 adverte
1193 3371 1457 3429 animum,
1521 3367 1768 3421 divinum
1841 3364 2105 3434 Spiritum
2184 3364 2283 3417 tibi

709 3465 873 3527 mitti,
916 3478 1019 3515 non
1066 3463 1227 3513 aliam
1278 3475 1441 3529 quam
1488 3459 1726 3513 habuisti
1754 3459 2015 3519 animam,
2050 3456 2143 3511 sed
2172 3457 2282 3524 spi-

710 3557 874 3607 ritum
917 3566 980 3606 ex
1022 3550 1153 3615 Deo,
1192 3559 1245 3605 et
1283 3550 1595 3620 inspirabit,
1642 3558 1695 3602 et
1744 3549 2070 3602 inliabitabit
2118 3558 2285 3600 etes-

712 3642 1013 3697 sentialiter
1046 3642 1264 3705 ineolet,
1315 3650 1371 3694 et
1420 3639 1773 3704 illuminabit,
1828 3647 1884 3693 et
1941 3638 2286 3701 elarifieabit,

714 3744 768 3787 et
817 3748 1009 3787 rursus
1054 3732 1411 3795 confiabitte,
1469 3732 1989 3799 corruptibilemque
2034 3730 2290 3782 incorru-

715 3826 955 3892 ptibilem
991 3825 1291 3893 prmstabit,
1340 3833 1394 3878 et
1426 3824 1780 3876 inveteratam
1816 3823 2012 3874 anima!
2058 3828 2164 3873 tuae
2194 3822 2290 3872 do-

716 3934 863 3971 mum
916 3918 1219 3971 renovabit.
1255 3916 1390 3969 Cum
1429 3916 1529 3968 hac
1570 3922 1623 3966 et
1666 3928 1869 3982 corpus
1924 3921 2077 3966 tuum
2110 3912 2290 3967 solum

716 4010 1182 4077 incorruptionem
1212 4008 1419 4061 induet.
1450 4006 1593 4071 Quin
1625 4005 1784 4058 deum
1818 4014 1869 4057 te
1901 4018 1996 4069 per
2030 4004 2285 4071 gratiam,

717 4109 1008 4168 prototypo
1060 4098 1294 4152 similem
1358 4096 1576 4149 ellieiet.
1658 4092 1983 4147 Incredibile
2028 4093 2201 4158 dictu,
2242 4101 2297 4147 et

718 4191 916 4243 mirum
953 4204 1085 4242 sane
1118 4198 1171 4242 et
1199 4188 1442 4255 ignotum
1482 4185 1737 4239 erunibus
1777 4184 1870 4253 qui
1919 4184 1988 4238 ab
2012 4182 2294 4239 affectibus

718 4280 922 4350 captivi
997 4287 1284 4343 tenentur,
1363 4281 1606 4345 ignotum
1671 4277 1861 4330 mundi
1933 4276 2292 4342 amatoribus,

718 4370 961 4439 ignotum
998 4372 1184 4438 gloriae
1234 4370 1473 4437 cupidis,
1519 4370 1761 4436 ignotum
1825 4368 2101 4437 superbis,
2139 4368 2297 4436 igno-

723 4474 834 4515 tuin
869 4463 1171 4525 iracundis,
1214 4463 1456 4531 ignotum
1492 4461 1751 4529 iniuriam
1812 4475 1921 4514 non
1974 4461 2302 4514 obliviscen-

2392 3272 2549 3340 plaue
2582 3281 2801 3325 creatus
2828 3280 2942 3334 est;
2984 3270 3263 3325 secundus
3299 3269 3464 3323 homo
3488 3270 3555 3324 de
3584 3270 3726 3324 cado
3746 3269 3982 3325 desten—

2388 3363 2467 3416 dit
2496 3364 2561 3415 “.
2597 3363 2810 3416 Adhibe
2845 3374 2896 3416 te
2948 3363 3129 3416 dictis.
3188 3360 3379 3426 Qualis
3420 3361 3590 3428 igitur
3626 3370 3711 3416 est
3741 3366 3979 3431 primus,

2390 3464 2647 3510 terrenus
2704 3454 2984 3516 videlicet,
3044 3454 3183 3508 tales
3217 3454 3381 3508 etiam
3420 3454 3512 3522 qui
3545 3469 3608 3507 ex
3636 3469 3702 3507 eo
3736 3456 3981 3523 gignun-

2393 3555 2505 3611 tur,
2560 3562 2754 3601 omnes
2808 3548 3034 3601 terreni.
3099 3546 3290 3610 Qualis
3339 3557 3519 3597 autem
3556 3547 3810 3600 Chrisms
3870 3556 3982 3611 est,

2392 3640 2633 3693 caelestis
2675 3638 2960 3702 Dominus,
3030 3638 3167 3692 tales
3207 3638 3460 3693 cmlestes
3518 3654 3734 3699 omnes,
3792 3640 3885 3705 qui
3928 3641 3982 3692 in

2392 3748 2517 3786 eum
2566 3731 2951 3793 crediderunt,
2983 3733 3094 3784 nati
3149 3731 3352 3795 denuo,
3383 3732 3643 3800 baptizati
3683 3732 3737 3784 iu
3770 3730 3983 3799 Spiritu

2394 3830 2609 3875 sancto.
2650 3820 2839 3885 Qualis
2877 3829 2961 3873 est
2994 3819 3087 3888 qui
3146 3822 3355 3889 genuit,
3398 3820 3539 3873 Deus
3570 3836 3723 3880 vere.
3754 3821 3890 3873 tales
3914 3835 3984 3874 ex

2397 3924 2515 3982 ipso
2544 3912 2730 3982 geniti,
2772 3927 2841 3966 ex
2898 3911 3008 3966 Deo
3061 3911 3137 3965 dii
3211 3926 3307 3980 per
3372 3912 3739 3979 adoptionem,
3787 3921 3837 3964 et
3880 3912 3986 3978 ﬁlii

2399 4005 2616 4059 Excelsi
2659 4021 2835 4058 omnes
2860 4004 2926 4069 δ’,
2985 4011 3042 4058 ιιι
3116 4003 3361 4057 di\inum
3423 4018 3487 4057 os
3529 4003 3725 4071 inquit.
3767 4002 3987 4056 Audisti

2400 4096 2494 4150 Dei
2535 4097 2742 4150 verba?
2796 4096 2997 4150 audisti
3037 4096 3496 4165 quemadmodum
3538 4094 3728 4149 fideles
3762 4096 3833 4149 ab
3860 4096 3989 4149 aliis

2400 4188 2699 4244 secernat?
2739 4188 3201 4258 quemadmodum
3262 4188 3440 4243 servis
3471 4190 3587 4242 suis
3649 4188 3867 4256 signum
3935 4196 3989 4239 et

2404 4291 2588 4334 notam
2634 4278 2869 4341 dederit,
2929 4293 2999 4332 ne
3061 4278 3396 4331 seducantur
3458 4278 3764 4331 alienorqu
3815 4279 3989 4348 magi-

2404 4384 2615 4428 trorum
2658 4370 3057 4426 sermonibus?
3109 4368 3343 4433 Primus,
3398 4368 3596 4437 inquit,
3664 4367 3735 4421 de
3817 4377 3989 4430 terra,

2407 4468 2535 4535 quia
2569 4475 2823 4519 terrenus
2853 4471 3076 4517 creatus
3137 4470 3244 4516 εει.
3285 4460 3574 4517 Secundus
3606 4468 3787 4515 autem
3821 4462 3990 4514 homo

723 4555 891 4619 tibus,
924 4556 1166 4623 ignotum
1199 4555 1383 4607 carnis
1427 4553 1762 4615 amantibus,
1822 4552 2066 4619 ignotum
2099 4552 2300 4615 avaris,
2337 4548 2381 4602 D
2411 4556 2658 4611 omnium
2700 4556 2789 4607 ille
2819 4553 3111 4617 Dominus,
3150 4553 3216 4607 de
3246 4554 3386 4607 casio
3415 4552 3721 4607 descendit.
3772 4550 3995 4605 Primus

725 4645 970 4713 ignotum
1054 4644 1273 4707 ill\"tdi8,
1346 4642 1593 4711 ignotum
1680 4642 1937 4696 omnibus
1999 4641 2301 4705 maledicis,

727 4738 966 4804 ignotum
1003 4734 1326 4805 hypocritis,
1399 4738 1642 4802 ignotum
1693 4733 2005 4801 gulonibus,
2058 4734 2300 4800 ignotum

729 4828 872 4878 ciam
907 4827 1248 4888 vol-antibus,
1272 4823 1504 4878 ebriosis
1534 4832 1583 4877 et
1614 4823 2033 4887 seortatoribus,
2059 4822 2303 4891 ignotum

728 4918 900 4970 otiose
928 4917 1316 4979 fabulantibus,
1384 4916 1626 4983 ignotum
1686 4914 1862 4982 turpia
1929 4914 2305 4983 loquentibus.

731 5010 971 5076 ignotum
1009 5007 1356 5071 socerdibus,
1411 5007 1657 5077 ignotum
1711 5006 2088 5075 paenitentiam
2140 5007 2221 5059 vel
2251 5004 2306 5058 in

733 5101 899 5153 ituras
968 5100 1387 5168 negligentibus,
1475 5102 1717 5169 ignotum
1778 5115 1887 5152 non
1952 5098 2195 5168 quotidie
2255 5106 2311 5151 et

729 5192 928 5261 jugitcr
974 5192 1307 5259 lugentibus,
1384 5192 1628 5259 ignotum
1693 5191 2011 5250 rebellibus,
2060 5192 2306 5259 ignOtum

733 5283 1251 5347 contradictoribus,
1316 5284 1562 5352 ignotum
1616 5284 1681 5337 ad
1732 5283 1994 5351 placitum
2028 5292 2082 5335 et
2108 5297 2307 5335 nume-

736 5389 826 5427 rus
854 5389 979 5427 suos
1011 5374 1348 5439 viventibus,
1405 5377 1651 5443 ignotum
1724 5375 2045 5442 putantibus
2079 5388 2140 5428 se
2189 5389 2313 5428 esse

736 5468 941 5535 aiiquid
980 5483 1102 5521 cum
1135 5468 1271 5520 nihil
1304 5468 1413 5520 sint
1437 5469 1506 5530 “,
1561 5467 1805 5536 ignotum
1860 5465 2239 5535 gloriantibus
2263 5476 2317 5520 et

743 5560 1111 5626 gaudentibus
1140 5561 1205 5613 de
1260 5565 1595 5628 proceritate
1656 5560 1895 5628 coporis,
1952 5568 2046 5611 aut
2096 5560 2314 5626 robore,

746 5652 1169 5719 pulchritudine,
1226 5662 1320 5705 aut
1374 5652 1483 5705 alio
1552 5665 1881 5721 quocunque
1939 5660 2316 5714 ornamento;

813 5836 857 5865 “
893 5833 1064 5890 Calat.
1127 5853 1203 5901 vn,
1235 5836 1286 5890 5.
1368 5838 1411 5867 ”
1446 5839 1463 5892 Ι
1496 5836 1623 5892 Cor.
1666 5853 1755 5903 xv,
1794 5840 1857 5890 ts

2408 4648 2666 4702 omnibus
2697 4645 3014 4700 hominibus
3070 4644 3523 4715 praevaricatione
3592 4658 3693 4696 sua
3760 4652 3992 4697 mortem

2410 4748 2465 4793 et
2493 4738 2770 4792 interitum
2813 4737 3038 4791 invexit.
3095 4735 3383 4789 Secundus
3422 4734 3627 4788 mundo
3657 4733 3907 4796 donavit,
3940 4742 3997 4786 et

2412 4844 2560 4883 nunc
2591 4828 2860 4881 universis
2891 4828 3145 4881 fidelibus
3176 4827 3382 4889 lumen,
3408 4828 3602 4886 vitam,
3628 4825 3995 4893 incorruptio-

2412 4936 2535 4975 nem
2566 4919 2983 4973 donat.Audisti
3009 4933 3130 4986 qua:
3150 4919 3245 4971 tibi
3279 4917 3585 4972 cmlestium
3615 4931 3797 4969 rerum
3825 4916 3996 4967 inter-

2413 5028 2537 5081 pres
2565 5012 2703 5063 dixit
2729 5011 2751 5062 τ
2786 5009 3001 5064 Audisti
3029 5010 3309 5065 Christum
3336 5010 3643 5078 loquentem
3684 5022 3781 5077 per
3813 5008 3992 5076 ipsunt

2412 5114 2467 5157 et
2496 5103 2780 5157 docentem
2808 5102 3079 5163 homines,
3112 5102 3304 5170 quales
3334 5103 3461 5162 sint,
3500 5102 3592 5169 qui
3627 5100 3680 5152 in
3716 5114 3845 5153 eum
3873 5112 3997 5152 ere.-

2414 5195 2705 5258 diderunt,
2734 5202 2791 5246 et
2817 5194 2975 5246 fidem
3008 5208 3076 5246 ex
3109 5192 3369 5262 operibus
3414 5192 3707 5245 ostendere
3736 5204 3996 5259 persen-

2414 5296 2539 5340 rant
2563 5289 2588 5341 ι
2610 5288 2867 5355 Posthac,
2899 5286 3035 5340 nihil
3098 5288 3366 5354 ambigas,
3405 5285 3584 5351 qualis
3633 5281 3891 5337 Christus
3916 5293 3999 5336 est

2418 5382 2683 5447 caelestis,
2738 5391 2793 5436 te
2826 5394 3045 5452 quoque
3090 5379 3254 5433 talem
3307 5393 3430 5433 esse
3465 5379 3688 5432 debere.
3737 5375 3897 5441 Quod
3953 5377 3998 5429 si

2420 5475 2545 5528 talis
2618 5488 2837 5538 nones,
2913 5470 3194 5542 quomodo
3300 5470 3599 5524 Christiani
3672 5470 3997 5523 vocabulum

2424 5564 2760 5631 usurpabis?
2799 5562 2856 5616 Si
2915 5564 3059 5617 enim
3098 5561 3274 5631 qualis
3310 5570 3391 5613 est
3417 5558 3702 5622 Doitiiuus,
3755 5559 3998 5612 celestis

2430 5670 2647 5725 nempe,
2685 5656 2850 5711 etiam
2895 5658 3033 5711 tales
3066 5668 3188 5709 esse
3216 5652 3351 5707 dicit
3382 5652 3476 5722 qui
3508 5652 3563 5707 in
3601 5667 3726 5707 eum
3748 5652 3999 5707 credide-

1958 5838 1999 5869 ³⁷
2039 5836 2184 5892 [‘s‘ul.
2223 5851 2404 5891 LMXL
2437 5840 2489 5889 li.
