4182 6456
229 327 343 422 ssi

1275 356 1431 417 DIVI
1445 357 1714 419 NORUM
1758 356 2089 419 AMOBUM
2133 359 2387 421 LIBER.

3387 370 3488 439 53

227 479 383 534 runt,
417 469 644 525 omnino
672 469 924 526 caelestes
985 469 1262 537 videlicet,
1296 473 1387 541 qui
1421 472 1694 527 mundana
1720 487 1806 527 sa-
1833 474 1882 533 Α
1910 474 2228 529 cmlestibus
2279 462 2630 544 intraturos,
2668 485 2723 532 et
2792 484 3137 549 regnaturos,
3172 489 3228 537 et
3262 496 3372 538 una
3398 484 3487 538 tu-

228 564 410 632 piunt,
445 564 540 632 qui
605 563 908 617 secundum
980 577 1201 617 carnem
1259 564 1470 628 vivunt,
1518 580 1625 620 non
1679 576 1808 619 sunt

224 668 287 708 ex
329 656 495 709 verbo
528 654 642 717 Dei,
676 653 819 724 quod
854 668 884 707 e
917 655 1131 722 superis
1161 654 1489 720 descendit;
1528 655 1622 724 sed
1647 656 1809 724 plane

224 764 286 801 ex
325 748 550 801 homine
597 758 838 811 terreno,
887 748 954 802 de
999 758 1140 802 terra
1202 747 1454 802 lormato.
1520 748 1611 803 Sic
1643 748 1803 811 senti,

224 843 303 895 sic.
338 840 572 895 aﬂectus
611 854 756 905 esto,

221 931 342 991 tias,
403 932 649 985 caelestis
708 932 989 993 nimirum,
1054 933 1195 1002 quod
1250 932 1384 986 dixi.
1443 931 1542 998 Qui
1581 946 1612 987 e
1664 933 1805 987 cmlo

219 1021 471 1084 advenit.
496 1034 548 1077 et
578 1024 728 1077 dedit
757 1026 926 1077 vitam
967 1024 1194 1089 mundo,
1226 1024 1315 1077 hic
1366 1024 1507 1079 idem
1540 1036 1621 1079 est
1647 1026 1803 1093 panis

218 1116 312 1181 qui
354 1114 483 1169 inde
543 1116 846 1176 descendit,
890 1130 1050 1184 quem
1108 1116 1203 1184 qui
1259 1106 1451 1179 Edunt,
1519 1130 1799 1184 nunquam

218 1204 412 1273 utique
443 1214 671 1259 mortem
712 1207 895 1261 vident
944 1207 1012 1262 ".
1042 1208 1179 1260 Nam‘
1216 1221 1340 1261 cum
1382 1208 1493 1261 sint
1528 1209 1799 1269 caelestes.

218 1311 439 1365 semper
472 1300 884 1369 corruptionem
917 1302 1137 1369 penitus
1203 1302 1378 1364 exuti,
1438 1308 1492 1355 et
1545 1302 1800 1355 incorru-

214 1391 463 1459 ptionem
505 1393 677 1445 induti
720 1402 905 1457 erunt,
944 1400 998 1447 et
1051 1393 1262 1462 abjecta
1294 1401 1489 1455 morte,
1544 1394 1668 1446 vitm
1701 1408 1801 1462 ag-

210 1483 491 1550 glutinati,
556 1485 882 1553 incorrupti,
925 1496 979 1539 et
1036 1484 1376 1539 immortales
1408 1485 1671 1546 evadunt,
1746 1492 1800 1537 et

211 1574 425 1629 idcirco
463 1576 717 1630 caelestes
771 1578 1139 1645 appellantur.
1183 1576 1317 1643 Quis
1346 1578 1489 1631 enim
1524 1586 1647 1647 post
1695 1578 1797 1631 lio-

212 1670 393 1723 mines
448 1677 607 1724 natos
650 1671 723 1723 ita
760 1672 1065 1740 appellatus
1096 1680 1179 1725 est
1221 1686 1285 1724 ex
1329 1668 1518 1722 Adami
1578 1670 1703 1725 ﬁliis
1734 1684 1797 1724 ac

212 1764 475 1829 posteris,
523 1765 845 1833 priusquam
879 1763 1143 1819 Dominus
1168 1765 1433 1827 omnium,
1465 1764 1792 1828 cmlestium,

207 1869 270 1906 ac
312 1856 655 1909 terrestrium
702 1856 917 1912 coalitus
962 1857 1347 1912 delaberetur?
1378 1857 1476 1912 Hic
1508 1874 1673 1913 carne
1700 1874 1798 1913 no-

209 1956 323 2000 stra
368 1963 427 2001 se
468 1948 706 2005 vestivit.
739 1948 1098 2018 divinumque
1142 1949 1405 2019 Spiritum
1442 1951 1601 2006 nobis
1628 1951 1793 2014 dedit,

206 2042 354 2105 quod
410 2055 552 2108 sxpe
584 2040 862 2105 diximus;
904 2052 957 2095 et
1009 2041 1149 2097 idem
1200 2040 1441 2111 Spiritus
1506 2043 1688 2095 omnia
1740 2051 1797 2096 ιιι

210 2132 359 2185 Deus
422 2132 580 2186 nobis
640 2132 865 2200 praebet.
914 2132 1175 2199 Quaenam
1211 2133 1355 2187 illa?
1404 2149 1525 2203 qua
1600 2134 1796 2189 crebro

204 2224 426 2287 ru-lius,
462 2239 524 2277 ac
558 2223 867 2294 simplicius
927 2227 1267 2288 enumeravi,
1322 2225 1470 2297 quod
1540 2235 1595 2281 et
1642 2241 1787 2281 nunc

204 2315 429 2371 faciam.

276 2406 363 2461 Fit
404 2406 560 2478 quasi
603 2407 848 2476 quadam
885 2409 1184 2473 natatoria,
1230 2408 1439 2464 lumine
1471 2408 1655 2463 divino
1679 2425 1793 2465 eia-

201 2495 445 2560 rissima,
502 2503 554 2550 et
591 2512 652 2550 ea
706 2498 1098 2567 complectitur
1150 2501 1358 2559 omnia.
1408 2500 1560 2565 Quos
1596 2499 1790 2570 dignos

205 2589 506 2655 invenerit,
560 2590 713 2643 intus
766 2590 993 2660 (quibus
1053 2592 1236 2646 verbis
1274 2592 1525 2661 eloquar,
1591 2593 1790 2662 quibus

202 2681 529 2743 enuntiabo,
594 2683 796 2751 quibus
822 2698 920 2752 pro
965 2684 1229 2753 dignitate
1284 2684 1608 2749 edisseram,
1668 2701 1790 2754 qua:

205 2771 390 2825 ﬁunt?
431 2773 503 2826 Da
540 2775 672 2826 mihi
706 2775 867 2828 verba
907 2776 1000 2845 qui
1049 2776 1268 2830 donasti
1325 2777 1457 2829 mihi
1528 2777 1786 2844 animam,

205 2862 345 2917 Deus
373 2870 549 2933 meus)
571 2866 788 2920 divinus
809 2867 1044 2936 Spiritus
1071 2883 1201 2937 ergo
1225 2884 1348 2921 cum
1373 2866 1512 2922 Deus
1534 2870 1625 2931 sit,
1647 2883 1788 2938 quos

198 2954 339 3009 intra
395 2972 453 3011 se
505 2960 801 3025 acceperit,
871 2966 1015 3013 totos
1068 2959 1308 3028 reﬁngit,
1350 2969 1498 3012 totos
1538 2969 1785 3027 renovat,

201 3055 256 3098 et
288 3047 571 3101 instaurat
598 3049 998 3105 admirabiliter
1026 3067 1039 3104 :
1074 3066 1173 3105 nec
1198 3050 1454 3105 sordibus
1479 3066 1669 3104 eortun
1709 3051 1789 3105 itt-

202 3136 409 3190 licitur.
468 3139 533 3193 Et
561 3142 835 3208 quomodo
892 3156 991 3195 nec
1065 3141 1206 3209 ignis
1265 3141 1602 3209 nigroretna
1641 3142 1788 3197 ferro

198 3228 496 3294 contrahit,
540 3239 595 3284 et
637 3232 711 3282 illi
769 3247 1112 3301 quaecunque
1157 3233 1320 3286 habet
1372 3233 1781 3288 communicat:

200 3319 315 3385 pari
366 3320 531 3373 modo
578 3321 799 3377 divinus
853 3324 1091 3392 Spiritus
1143 3339 1266 3378 cum
1314 3325 1387 3379 sit
1452 3327 1785 3396 incorrupti-

198 3408 347 3471 bilis,
406 3420 461 3463 et
511 3412 860 3478 immortalis,
906 3415 1378 3483 incorruptionem
1447 3427 1501 3471 et
1560 3418 1786 3473 immor-

200 3501 466 3555 talitatetn
528 3502 790 3571 impertit.
848 3504 912 3558 Et
974 3520 1096 3559 cum
1154 3506 1221 3563 sit
1273 3507 1451 3562 lumen
1500 3525 1783 3580 nunquam

198 3592 489 3658 occidens,
532 3594 714 3649 lumen
764 3596 892 3651 facit
934 3613 1145 3662 omnes,
1199 3615 1338 3668 quos
1396 3602 1685 3657 inhabitat.
1718 3603 1783 3658 Et

198 3700 323 3739 eum
355 3687 429 3738 sit
462 3687 595 3753 vita,
638 3691 898 3745 omnibus
950 3692 1118 3744 vitam
1170 3692 1421 3760 largitur.
1462 3692 1530 3747 Ut
1561 3695 1782 3751 Christo

198 3789 415 3831 naturae
446 3794 698 3844 consoas,
761 3793 816 3836 et
867 3785 1376 3851 consubstantialis,
1424 3795 1477 3839 et
1536 3787 1779 3856 ejusdem

198 3870 388 3939 gloria:
443 3872 651 3935 socius,
709 3873 868 3940 eique
911 3874 1119 3938 unitus,
1162 3878 1258 3931 hos
1332 3877 1496 3930 etiam
1563 3879 1781 3933 Christo

198 3964 515 4016 simillimos
546 3966 748 4019 reddit.
796 3965 984 4035 Neque
1036 3968 1180 4020 enim
1231 3968 1435 4024 invidet
1494 3972 1779 4037 Dominus,

200 4056 461 4109 mortales
511 4058 694 4110 divina
749 4060 922 4125 gratia
976 4059 1078 4113 sibi
1111 4061 1317 4113 similes
1349 4062 1506 4128 lieri;
1561 4079 1661 4117 nec
1686 4065 1777 4118 de.

199 4145 469 4216 dignatur
530 4163 721 4203 servos
746 4165 876 4204 suos
904 4151 1316 4206 similitudinem
1347 4156 1520 4223 ipsius
1550 4171 1776 4224 gerere;

198 4240 333 4306 quin
366 4238 693 4305 delectatur,
719 4252 771 4295 et
802 4244 1020 4311 gaudet,
1072 4244 1201 4296 dum
1239 4247 1415 4299 cernit
1447 4248 1580 4301 tales
1600 4246 1777 4304 factos

200 4339 305 4384 nes
336 4346 401 4383 es
447 4332 760 4385 hominibus
790 4346 970 4398 natos,
1013 4335 1179 4405 idque
1212 4351 1309 4403 per
1351 4339 1604 4405 gratiam,
1637 4353 1777 4407 qna-

200 4421 267 4475 lis
306 4422 421 4488 ipse
448 4424 669 4490 genitus
706 4432 809 4487 est,
866 4435 918 4504 et
960 4433 1154 4479 natura
1202 4439 1306 4481 est.
1346 4426 1482 4480 Cum
1536 4429 1680 4483 enim
1705 4429 1775 4482 sit

201 4511 537 4573 benefactor,
586 4513 720 4566 tales
780 4530 880 4567 nos
910 4528 1034 4568 esse
1083 4515 1220 4578 vult,
1260 4516 1443 4584 qualis
1506 4515 1621 4584 ipse
1669 4525 1771 4569 est.
1809 4504 1851 4557 Ῑ)

200 4601 336 4654 Nam
365 4605 409 4656 si
469 4604 737 4670 ejusmodi
785 4620 893 4658 non
947 4607 1143 4669 simus,
1210 4610 1468 4675 perfecte,
1530 4607 1775 4676 inquam,

200 4694 432 4757 similes,
482 4696 756 4762 quomodo
813 4697 890 4750 illi
940 4698 1078 4749 uniti
1111 4698 1341 4758 erimus,
1397 4698 1539 4751 sicut
1587 4700 1723 4752 dixit
1753 4704 1774 4752 Υ

199 4784 480 4852 quomodo
523 4787 774 4838 etiamin
821 4802 887 4840 eo
955 4786 1335 4843 manebimus?
1397 4794 1451 4841 et
1504 4789 1775 4856 quomodo

200 4877 317 4945 ipse
357 4878 410 4929 iu
445 4878 603 4930 nobis
643 4879 902 4943 manebit,
945 4881 988 4933 si
1022 4880 1069 4933 ci
1100 4881 1270 4933 simus
1296 4880 1627 4936 dissimiles?
1663 4882 1773 4938 lloc

200 4968 368 5035 igitur
396 4983 521 5021 eum
595 4972 884 5038 perspicue
950 4971 1164 5034 sciatis,
1238 4973 1455 5026 studete
1528 4977 1776 5044 accipere

199 5059 464 5129 Spiritum
506 5061 599 5129 qui
632 5077 697 5114 ex
750 5063 858 5115 Deo
909 5072 1014 5126 est,
1059 5072 1114 5116 et
1163 5062 1381 5117 divinus
1414 5075 1517 5130 est,
1553 5076 1610 5118 ut
1642 5068 1777 5123 tales

200 5154 469 5217 eva-Iatis,
506 5158 694 5223 quales
756 5170 858 5209 nos
910 5155 1223 5221 docuimus,
1273 5160 1527 5212 etelcstes
1575 5174 1638 5214 ac
1692 5160 1777 5213 di-

200 5248 338 5309 vini,
399 5249 595 5317 quales
626 5249 763 5303 dixit
817 5251 1099 5317 Dominus,
1144 5264 1202 5305 ut
1244 5263 1297 5307 et
1350 5257 1500 5322 regni
1533 5256 1775 5309 cmlestis

201 5340 576 5392 l‘a:rcditatem
627 5342 834 5395 adeatis
867 5341 919 5396 in
954 5345 1368 5411 seuqliternum.
1414 5346 1467 5399 Si
1500 5348 1637 5401 tales
1666 5364 1773 5401 non

201 5429 437 5496 fueritis,
490 5441 584 5483 aut
657 5432 744 5486 hic
801 5449 908 5488 non
960 5438 1121 5503 lictis,
1182 5442 1454 5501 caeletes,
1506 5446 1565 5491 ut
1634 5439 1769 5499 dixi.

200 5523 483 5591 quomodo
524 5522 633 5575 ullo
664 5525 825 5578 modo
867 5540 991 5580 cum
1050 5528 1169 5597 ipso
1230 5532 1428 5583 caelum
1481 5544 1578 5583 vos
1622 5529 1773 5582 habi-

202 5626 417 5668 taturos
469 5613 863 5670 arbitramini?
902 5622 1178 5687 quomodo
1236 5621 1289 5674 in
1357 5634 1583 5690 regnum
1644 5634 1767 5675 cum

277 5794 319 5821 "‘
354 5790 516 5846 Joan.
560 5809 629 5854 γι,
667 5794 843 5846 ill-33‘}.

837 842 919 895 sic
965 841 1144 904 crede,
1208 848 1263 894 et
1315 842 1522 895 enitere
1579 850 1639 896 ut
1679 841 1807 895 talis

1912 573 2068 621 turos
2120 584 2242 623 eum
2297 571 2542 622 omnium
2600 583 2727 641 rege
2757 584 2822 623 ac
2872 570 3155 625 Domino?
3187 574 3483 632 Curramus

1912 656 2096 725 itaque
2143 659 2335 722 sedulo
2365 674 2578 725 omnes,
2635 667 2695 713 ut
2727 661 2875 729 digni
2938 662 3258 730 habeamur,
3312 668 3403 735 qui
3429 667 3482 721 in

1911 750 2065 803 cmlis
2097 764 2219 803 cum
2296 749 2514 805 Christo
2563 751 2808 806 omnium
2890 752 3121 811 Domino
3172 772 3483 827 regnemus,

1908 854 2068 908 quem
2168 840 2325 894 decet
2416 844 2594 896 omnis
2690 843 2859 913 gloria
2952 860 3075 899 cum
3165 846 3345 914 Patre,
3427 859 3483 903 et

1907 937 2101 985 sancto
2126 930 2335 999 Spiritu
2367 932 2420 986 in
2442 935 2641 987 saecula
2676 936 3036 992 seculorum.
3074 938 3271 995 Amen.

2429 1045 2657 1101 CAPUT
2706 1047 2922 1104 XXXII.

1906 1135 2238 1191 Subtilitate:
2273 1138 2624 1217 t[:e_ologicw._
2796 1159 2916 1217 non
2942 1144 3071 1197 ridet
3100 1145 3275 1199 lumen
3298 1147 3480 1217 gloria:

2265 1208 2382 1275 Dei,
2426 1225 2561 1263 εαξεο
2606 1213 2949 1281 infeliciorem
2981 1230 3109 1268 esse.

1973 1298 2079 1364 Qui
2129 1306 2238 1353 tam
2264 1316 2475 1368 pronus
2513 1317 2572 1359 es
2601 1305 2668 1355 ad
2694 1305 3084 1367 iniserendum,
3126 1305 3269 1360 Deus
3297 1322 3475 1373 meus,

1902 1404 2117 1446 creator
2160 1408 2334 1457 meus,
2406 1394 2552 1462 l‘ulge
2612 1395 2747 1450 mihi
2800 1397 3036 1465 amplius
3072 1397 3358 1454 inaccesso
3390 1400 3476 1452 lu-

1901 1486 2048 1538 mine
2100 1493 2212 1550 tuo,
2275 1494 2331 1538 ut
2362 1488 2560 1554 gaudio
2610 1504 2707 1542 cor
2760 1504 2942 1542 meum
3024 1491 3379 1558 impleaszet
3409 1508 3480 1545 ne

1901 1575 2184 1638 irascaris,
2238 1589 2374 1629 neve
2437 1576 2790 1644 derelinquas
2852 1578 2990 1633 me?
3047 1580 3141 1632 sed
3208 1580 3329 1633 luce
3385 1591 3479 1636 tua

1900 1667 2114 1721 illustra
2148 1668 2385 1722 animam
2442 1682 2617 1723 meam
2647 1686 2660 1733 ;
2700 1668 2791 1721 lux
2840 1670 2984 1723 enim
3031 1679 3121 1723 tua
3157 1678 3213 1723 tu
3246 1670 3364 1739 ipse
3391 1688 3479 1738 es,

1903 1761 2045 1814 Deus
2107 1775 2280 1815 meus.
2329 1761 2657 1829 Quanquam
2704 1760 2852 1815 enim
2908 1762 3116 1827 multis,
3155 1778 3217 1817 ac
3243 1765 3479 1818 diversis

1903 1851 2217 1906 nominibus
2266 1852 2578 1921 appellaris,
2616 1864 2794 1907 tamen
2825 1869 2993 1909 unum
3019 1868 3098 1907 es.
3151 1852 3267 1907 Hoc
3291 1867 3475 1909 autem

1898 1957 2069 1997 unum
2107 1942 2254 1996 omni
2286 1950 2493 1996 naturae
2530 1942 2892 2012 incognitum,
2922 1943 3220 2009 invisibile,
3252 1954 3304 1998 et
3329 1945 3478 1998 inex-

1897 2036 2148 2106 plicabile
2179 2043 2284 2099 est,
2313 2035 2455 2104 quod
2481 2051 2544 2089 ex
2577 2036 2986 2103 comparatione
3023 2050 3354 2104 quocunque
3388 2035 3476 2090 ln-

1896 2128 2157 2198 digitatur
2182 2128 2421 2182 nomine.
2449 2126 2930 2196 Ergoistucunum
2955 2134 3042 2181 est
3067 2136 3261 2180 natura
3314 2143 3473 2198 τρισ-

1896 2218 2221 2281 υπόστατος,
2248 2232 2356 2271 una
2412 2218 2607 2277 deitas.
2647 2232 2812 2271 unum
2867 2231 3117 2286 regnum,
3155 2232 3258 2269 una
3321 2227 3477 2286 pote-

1894 2319 2051 2372 stas;
2093 2307 2337 2361 Trinitas
2369 2308 2570 2377 quippe
2618 2322 2784 2360 unum
2825 2317 2928 2361 est.
2966 2306 3209 2360 Trinitas
3258 2322 3365 2360 una
3393 2318 3476 2361 est

1894 2399 2039 2455 Deus
2089 2415 2264 2463 meus,
2301 2414 2407 2453 non
2461 2400 2587 2452 tria.
2645 2398 2747 2451 Sed
2807 2398 3168 2454 nihilominus
3216 2399 3471 2453 triaillud

1894 2508 2085 2556 unum,
2111 2492 2415 2548 secundum
2443 2490 2857 2553 subsistentias,
2888 2501 3086 2544 natura
3132 2498 3325 2544 mutuo
3346 2493 3475 2562 ὁμο.

1892 2585 2045 2651 φυείς
2075 2590 2467 2650 competentes,
2498 2588 2553 2636 et
2599 2578 3106 2635 consubstantiales
3140 2578 3474 2633 omnimodis

1894 2676 2206 2741 inconfuse,
2258 2692 2426 2746 supra
2490 2686 2708 2742 captum
2769 2676 3072 2729 humanum
3138 2676 3347 2739 unitas,
3416 2684 3471 2729 et

1892 2785 2108 2824 rursum
2144 2770 2283 2823 citra
2316 2768 2636 2823 divisionem
2668 2768 2898 2832 divisas,
2945 2767 2998 2820 in
3029 2782 3196 2820 unum
3248 2767 3469 2822 scilicet

1893 2862 2028 2927 tria,
2067 2869 2121 2914 et
2165 2876 2333 2915 unum
2370 2862 2422 2913 in
2470 2861 2591 2914 tria.
2626 2858 2779 2914 linus
2809 2860 2953 2913 enim
2986 2868 3090 2921 est,
3116 2860 3205 2928 qui
3231 2859 3472 2913 condidit

1890 2954 2074 3007 omnia
2128 2951 2285 3007 Jesus
2334 2951 2590 3006 Christus
2654 2966 2779 3005 cum
2846 2950 3011 3004 I’atre
3058 2959 3282 3020 experte
3314 2950 3470 3020 prin-

1888 3045 2038 3113 cipii,
2120 3054 2173 3099 et
2230 3059 2355 3098 cum
2410 3044 2618 3115 Spiritu
2670 3042 3066 3112 sancto,cujus
3088 3043 3466 3113 aequenullum

1813 3168 1858 3233 C
1892 3141 2131 3202 initium,

1961 3230 2141 3286 Unum
2190 3230 2357 3300 igitur
2390 3230 2656 3294 Trinitas,
2697 3229 2934 3283 indivise
2982 3242 3233 3298 prorsus.
3268 3227 3326 3281 lu
3359 3243 3470 3282 uno

1887 3332 2071 3379 autem
2130 3324 2256 3387 tria,
2287 3332 2342 3377 et
2376 3323 2621 3377 vicissim
2655 3323 2708 3376 in
2746 3322 2921 3376 tribus
2953 3335 3142 3387 unum,
3177 3321 3259 3375 vei
3284 3322 3469 3389 potius

1887 3432 2054 3471 unum
2091 3418 2194 3470 tria
2233 3416 2358 3481 ista,
2412 3424 2467 3470 et
2517 3423 2734 3479 contra,
2797 3415 2899 3467 tria
2944 3429 3135 3467 unum.
3196 3413 3466 3482 lntellige,

1885 3508 2079 3571 adora,
2110 3506 2270 3561 crede
2321 3521 2463 3560 nunc
2507 3515 2563 3561 et
2609 3506 2664 3560 in
2714 3505 2937 3565 saecula,
2970 3505 3084 3559 Hoc
3117 3505 3262 3559 enim
3293 3521 3463 3560 unum

1886 3617 2010 3656 cum
2070 3601 2406 3671 apparuerit,
2475 3613 2598 3653 cum
2661 3597 2881 3659 luxerit.
2934 3596 3466 3666 cumparticipatum

1886 3704 1942 3747 et
1975 3692 2444 3747 communicatum
2526 3688 2936 3751 illuminaverit,
3014 3702 3177 3741 omne
3254 3686 3461 3741 bonum

1880 3795 1986 3841 est.
2032 3785 2307 3852 Quocirca
2385 3783 2548 3837 etiam
2626 3796 2734 3834 non
2788 3796 2983 3842 unum.
3058 3780 3153 3834 sed
3205 3781 3377 3833 multa
3431 3793 3463 3833 a

1882 3879 2043 3933 nobis
2095 3876 2293 3945 accipit
2344 3873 2589 3933 nomina,
2627 3872 2832 3934 lumen,
2863 3886 2986 3939 pax,
3020 3870 3460 3939 gaudium,vita,

1882 3986 2033 4033 esca,
2065 3978 2245 4037 potus,
2282 3966 2683 4027 indumentum,
2726 3963 2981 4027 amictus,
3015 3961 3459 4023 tabernaculum,

1880 4064 2125 4120 divinum
2162 4057 2557 4120 habitaculum,
2590 4056 2795 4117 oriens,
2832 4052 3188 4117 resurrectio,
3217 4052 3460 4122 requies.

1882 4159 2188 4215 lavacrum,
2220 4152 2386 4221 ignis,
2420 4163 2581 4219 aqua,
2635 4146 2851 4211 ﬂuvius,
2913 4145 3037 4200 fons
3106 4146 3251 4209 vitae,
3281 4146 3455 4198 ﬂuen-

1880 4253 2018 4311 tum,
2067 4244 2225 4314 panis
2256 4252 2303 4295 et
2353 4242 2563 4304 vinum,
2606 4252 2805 4293 novum
2852 4244 2905 4289 et
2957 4235 3291 4305 exquisitum
3328 4236 3462 4289 lide-

1880 4339 2011 4393 liutn
2070 4334 2508 4394 condimentum,
2559 4333 2848 4399 opiparum
2872 4328 3211 4389 convivium,
3239 4328 3463 4380 alimen-

1880 4440 1993 4485 tum
2029 4427 2379 4498 mysticarum
2413 4423 2757 4478 deliciarum.
2803 4417 2918 4475 lloc
2946 4417 3027 4473 sol
3068 4427 3153 4474 est
3178 4434 3458 4487 nunquam

1881 4522 2236 4583 occumbens,
2293 4524 2499 4571 astrum
2569 4528 2788 4583 semper
2856 4512 3176 4579 splendens,
3248 4506 3457 4580 lampas

1880 4619 2033 4671 intus
2077 4615 2130 4666 in
2165 4607 2443 4664 domicilio
2493 4606 2689 4660 anima:
2749 4604 3039 4672 elTulgens.
3112 4600 3227 4656 Hoc
3285 4616 3454 4655 unum

1880 4708 2049 4762 multa
2077 4712 2182 4765 est,
2258 4702 2553 4756 dcstruens
2614 4705 2668 4750 et
2744 4697 3045 4750 aadilieans.
3113 4694 3225 4748 Hoc
3286 4707 3455 4746 unum

1878 4797 2041 4855 simul
2090 4794 2273 4849 Omnia
2307 4792 2475 4845 verbo
2515 4789 2795 4859 produxit,
2861 4795 2915 4841 et
2967 4785 3175 4855 Spiritu
3240 4783 3458 4840 virtutis

1879 4904 1990 4942 suae
2032 4889 2142 4939 haec
2196 4884 2379 4936 omnia
2432 4881 2697 4933 continet.
2739 4876 2852 4931 Hoc
2918 4889 3111 4939 unum,
3149 4873 3371 4936 caelum,
3403 4880 3458 4924 et

1879 4988 2078 5031 terram
2113 4988 2182 5027 ex
2218 4972 2387 5025 nihilo
2414 4968 2683 5033 condidit,
2738 4967 2981 5020 essentia
3027 4963 3345 5031 impertivit,
3401 4971 3458 5015 ct

1878 5067 2227 5124 ineﬂabiliter
2294 5061 2719 5129 coagmentavit.
2780 5058 2895 5111 Hoc
2934 5069 3101 5109 unum
3135 5054 3328 5113 solem,
3374 5050 3454 5103 lu-

1881 5173 2028 5220 nam,
2075 5155 2264 5211 stellas
2323 5156 2508 5216 tmira,
2565 5165 2726 5213 nova,
2755 5148 3017 5202 inusitata
3051 5146 3160 5212 res)
3207 5143 3328 5197 sola
3362 5156 3457 5194 vo-

1880 5250 2090 5304 luntate
2125 5245 2273 5299 fecit.
2335 5244 2447 5298 Hoc
2502 5257 2673 5295 unum
2737 5237 3143 5309 quadrupedes,
3214 5234 3452 5304 reptilia,

1879 5349 1933 5396 et
1975 5345 2140 5404 teras,
2170 5350 2223 5393 et
2250 5339 2533 5393 volucrum
2567 5347 2730 5387 omne
2762 5345 2953 5400 genus,
3004 5338 3054 5381 et
3083 5325 3249 5379 maris
3273 5326 3452 5392 pisces

1879 5436 2022 5487 sicut
2059 5433 2355 5491 cernimus,
2406 5428 2645 5481 existere
2670 5423 2856 5492 jussit.
2911 5419 3195 5473 Postremo
3268 5424 3449 5467 autem

1880 5525 2000 5579 loco
2030 5537 2116 5576 me
2164 5521 2341 5585 tinxit,
2393 5531 2651 5588 tanquam
2703 5528 2907 5582 regem,
2944 5520 2996 5564 et
3050 5511 3163 5562 hac
3195 5507 3451 5559 universa

1880 5618 1945 5671 ad
1987 5615 2309 5684 obsequium
2342 5612 2473 5665 mihi
2522 5609 2799 5678 subjecit;
2843 5616 2901 5663 ut
2952 5621 3101 5662 more
3162 5614 3447 5659 servorum
