4182 6456
740 418 849 483 583

1902 406 2285 470 SYMEONIS
2314 403 2687 469 JUNIORIS

3898 408 4004 472 584

739 533 1096 584 necessitates
1147 541 1293 581 meas
1332 524 1638 595 eXplercnt.
1705 523 1772 579 Et
1833 524 2054 595 quidem
2128 522 2313 579 omnia
2342 522 2566 582 Asum.
2620 524 2822 582 Verum
2876 534 2935 581 ut
2985 528 3363 598 publicanum,
3398 535 3452 583 et
3500 526 3847 584 meretricem
3878 544 4005 598 sup-

738 633 933 676 cmtera
974 619 1139 690 hujus
1184 617 1373 679 unius,
1428 616 1543 683 Dei,
1615 616 1863 686 inquam,
1939 615 2319 671 universitatis

739 714 1058 767 mandatum
1090 710 1535 774 custodiverunt,
1563 716 1616 764 et
1646 710 1946 764 etiamnum
1977 710 2317 776 custodiunt;

738 821 841 877 ego
882 807 1047 859 miser
1087 804 1242 858 solus
1286 803 1534 872 ingratus
1605 802 1858 872 apparui,
1922 811 1975 856 et
2011 802 2319 872 improbus.

739 905 794 953 et
830 894 1152 949 ino‘bediens
1188 895 1296 946 Deo
1351 891 1528 947 lictori
1564 906 1702 952 meo,
1751 901 1805 945 et
1860 892 1953 962 qui
2001 892 2133 946 mihi
2205 894 2321 947 haec

743 988 926 1041 omnia
970 988 1109 1041 bona
1139 984 1439 1039 liberaliter
1473 983 1705 1054 praebuit
1728 983 2037 1053 violatoque
2062 982 2322 1038 mandato

743 1080 923 1135 factus
954 1094 1074 1133 sum
1123 1077 1359 1141 inutilis,
1403 1075 1797 1145 jumentisque,
1828 1082 1881 1128 et
1921 1074 2069 1140 ieris,
2130 1075 2321 1130 bestiis

728 1176 794 1228 'ct
828 1170 1139 1242 reptilibns,
1191 1178 1245 1225 et
1277 1167 1598 1222 volucribus
1648 1165 1874 1221 inferior
1906 1180 1970 1220 ac
2031 1166 2187 1236 pejor
2229 1182 2323 1237 ap-

744 1265 919 1330 parui,
972 1272 1026 1317 et
1057 1278 1085 1316 a
1118 1272 1272 1316 recto
1334 1261 1529 1313 itinere
1574 1260 1875 1329 digressus,
1952 1259 2136 1314 datam
2189 1260 2321 1315 mihi

741 1354 969 1424 gloriam
1006 1354 1191 1408 infelix
1233 1352 1470 1422 perdidi,
1506 1352 1818 1420 lueidaque,
1857 1360 1915 1407 et
1965 1351 2149 1406 divina
2181 1353 2319 1406 stola

742 1447 1013 1515 spoliatus
1048 1462 1190 1510 sum,
1235 1455 1287 1499 et
1342 1449 1397 1499 in
1464 1445 1704 1499 tenebris
1770 1456 1956 1509 natus,
1990 1462 2135 1500 nunc
2166 1446 2323 1501 inte-

741 1538 926 1592 nebris
985 1537 1164 1606 jaceo,
1203 1547 1257 1591 et
1301 1554 1388 1592 me
1420 1537 1540 1591 luce
1583 1538 1858 1605 privatum
1916 1540 2120 1593 nescio.
2157 1539 2318 1605 Ecce,

742 1630 988 1698 inquam,
1046 1630 1128 1683 sol
1168 1629 1313 1684 diem
1377 1629 1677 1695 illuminat,
1737 1645 1899 1699 quem
1932 1641 2091 1686 nocte
2126 1647 2318 1701 super-

740 1720 992 1775 veniente
1048 1721 1299 1775 occidere
1361 1721 1537 1776 video.
1595 1720 1730 1773 Tum
1774 1723 2091 1786 utvideam,
2128 1739 2317 1781 cereos

740 1821 795 1864 et
828 1812 1134 1881 lampadem
1180 1817 1447 1869 accendo.
1530 1815 1597 1867 Et
1647 1814 1777 1882 quid
1819 1814 1960 1870 alius
2005 1816 2167 1870 homo
2198 1818 2317 1886 plus

742 1919 826 1958 me
858 1904 1064 1959 habet?
1098 1905 1191 1960 Sic
1239 1907 1383 1960 enim
1447 1907 1699 1962 homines
1733 1908 1787 1961 in
1850 1910 2053 1963 mundo
2110 1911 2315 1975 vident,

742 1996 1009 2066 aliterque
1042 2009 1135 2051 aut
1190 1999 1310 2067 plus
1343 2015 1524 2054 nemo.
1570 1999 1692 2053 Ilaec
1747 2014 1872 2054 eum
1913 2000 2060 2066 dico,
2089 2002 2322 2055 mentior

740 2100 797 2141 ct
846 2090 1114 2159 meipsum
1180 2090 1329 2151 ludo.
1386 2091 1651 2158 meipsum
1725 2090 1875 2153 fallo,
1940 2102 1992 2146 et
2058 2091 2321 2146 adversus

740 2190 940 2234 memet
969 2196 1054 2235 me
1085 2182 1238 2249 jacto
1264 2222 1279 2246 ,
1308 2181 1436 2234 dum
1472 2182 1596 2235 nolo
1623 2198 1706 2236 me
1743 2197 1945 2236 caecum
1970 2198 2092 2237 esse
2121 2198 2325 2251 cogno-

739 2286 917 2334 scere,
945 2271 1074 2325 dum
1127 2275 1252 2325 nolo
1303 2271 1579 2338 laborare,
1622 2273 1749 2325 nolo
1784 2288 2003 2328 sursum
2055 2275 2316 2342 aspicere,

740 2363 870 2417 nolo
908 2365 1201 2418 damnatus
1230 2380 1331 2434 ego
1356 2380 1528 2418 meam
1564 2365 1867 2419 caecitatem
1902 2382 2227 2436 agnoscere.

810 2452 948 2508 Dico
1000 2465 1207 2520 autem,
1263 2456 1387 2524 quis
1435 2453 1571 2507 vidit
1624 2456 1793 2510 Deum
1845 2458 2025 2511 lumen
2080 2458 2322 2512 mundi?

740 2557 799 2602 et
848 2549 978 2602 dum
1021 2550 1121 2603 hoc
1158 2547 1301 2613 dico,
1357 2564 1585 2618 prorsus
1637 2565 1745 2604 non
1792 2552 1993 2615 sentio,
2024 2566 2130 2606 non
2160 2552 2320 2606 intel-

741 2639 875 2708 ligo,
928 2639 1178 2704 Domine.
1216 2656 1302 2695 me
1342 2641 1481 2694 male
1536 2642 1799 2711 cogitare,
1857 2652 1911 2695 et
1972 2643 2139 2712 loqui.
2216 2643 2321 2709 Qui

744 2746 982 2799 namque
1011 2730 1195 2784 lumen
1244 2739 1398 2785 tuum
1433 2748 1541 2784 non
1577 2734 1747 2796 videt,
1779 2744 1831 2787 et
1882 2749 1940 2787 se
1972 2734 2157 2789 videre
2182 2735 2322 2789 affir-

744 2832 880 2883 mat.
942 2822 1051 2875 imo
1082 2836 1213 2876 vero
1264 2822 1602 2890 impossibile
1654 2823 1786 2876 dicit
1837 2838 1979 2888 esse,
2030 2825 2214 2879 videre
2242 2826 2323 2877 lu-

742 2929 866 2968 men
906 2915 1090 2983 gloria:
1120 2928 1246 2976 tuze,
1323 2930 1517 2970 omnes
1584 2916 1995 2984 prephetarum,
2045 2921 2321 2986 apostolo-

741 3021 972 3075 rumque
1025 3005 1365 3076 Scripturas,
1403 3019 1459 3063 ct
1525 3023 1830 3071 sermones,
1882 3020 2046 3078 atque
2097 3027 2321 3066 meone-

743 3100 908 3152 miam
963 3110 1137 3165 tuam,
1168 3100 1322 3165 Jesu,
1358 3112 1536 3171 tit-gat.
1580 3100 1635 3156 Si
1669 3103 1813 3155 enim
1854 3105 1922 3156 ab
1953 3104 2064 3157 alto
2089 3106 2319 3160 illuxisti

2425 620 2716 689 plicantem
2762 637 2847 677 me
2880 622 3124 691 suscipe,
3175 623 3421 676 Domine.
3451 621 3570 678 Etsi
3616 636 3718 693 ego
3766 636 3878 676 non
3910 638 4003 691 pe-

2424 711 2579 766 rinde
2634 712 2770 778 lico;
2823 714 2926 769 etsi
2967 728 3075 767 non
3126 713 3385 768 similiter
3417 712 3580 782 pedes
3616 722 3739 769 tuos
3790 714 4003 783 capillis

2424 806 2562 860 meis
2606 782 2872 876 estergo;
2918 806 3026 861 etsi
3090 820 3203 860 non
3278 806 3514 861 similier
3572 821 3754 877 gemo,
3814 814 3871 862 et
3920 805 4003 860 ia-

2424 907 2658 965 mentor,
2706 908 2882 952 tamen
2932 905 2993 951 tu
3039 912 3267 953 emanas
3307 899 3769 964 misericordiam,
3799 908 3857 954 et
3888 914 4007 953 sca-

2425 989 2566 1045 turis
2609 990 3045 1054 miserationem,
3080 997 3135 1044 et
3184 993 3344 1060 quasi
3388 1006 3419 1045 e
3464 991 3613 1046 fonte
3642 991 3882 1046 edundis
3913 992 4007 1045 bo-

2425 1081 2674 1143 nitatem,
2710 1095 2807 1149 per
2830 1097 2953 1151 quae
2989 1081 3251 1136 miserere
3288 1080 3415 1136 mei.
3480 1080 3602 1144 Eia,
3660 1083 3751 1150 qui
3810 1098 4007 1136 manus

2423 1180 2477 1224 et
2508 1169 2674 1238 pedes
2707 1180 2830 1224 tuos
2885 1172 3026 1227 lixus
3099 1185 3160 1224 es
3228 1171 3284 1223 in
3318 1185 3509 1235 cruce,
3533 1180 3589 1225 et
3611 1172 3799 1225 lancea
3859 1171 4000 1227 latus

2425 1270 2669 1330 apertus,
2722 1276 2754 1315 ο
2810 1262 3344 1324 misericordissime.
3377 1263 3640 1318 miserere
3682 1264 3823 1327 mei,
3854 1273 3909 1316 et
3936 1264 4003 1316 ab

2425 1354 2549 1424 igne
2587 1352 2922 1423 sempiterno
2966 1359 3123 1407 serva
3168 1369 3275 1419 me,
3304 1360 3361 1407 et
3386 1352 3615 1422 dignum
3663 1352 3771 1419 fac,
3810 1354 3905 1422 qui
3937 1354 4005 1406 de

2425 1448 2635 1518 reliquo
2664 1449 2905 1517 approbe
2936 1447 3171 1501 serviam
3201 1446 3321 1511 tibi,
3350 1454 3403 1500 et
3437 1456 3570 1499 tunc
3603 1446 3996 1500 indainnabilis

2424 1554 2560 1597 stem
2588 1556 2771 1596 coram
2818 1550 2888 1604 te,
2938 1541 3280 1610 accipiarque
3308 1539 3449 1593 intra
3489 1539 3790 1593 thalamum
3822 1547 4001 1602 tuum,

2423 1634 2513 1687 ubi
2548 1634 2774 1687 hetahor
2806 1642 2985 1689 tecum
3019 1633 3165 1687 bono
3198 1631 3426 1687 Domino
3472 1632 3525 1685 in
3556 1631 3741 1686 omnia
3772 1630 4000 1683 saecula.

2421 1729 2612 1781 Amen.

2952 1854 3180 1911 CAPUT
3222 1853 3464 1911 XXXIII.

2425 1972 2702 2042 Confessio
2737 1971 3027 2039 precationi
3059 1972 3366 2036 conjuncta,
3397 1979 3446 2022 et
3498 1968 3561 2019 de
3608 1970 3795 2030 copula
3835 1979 4004 2023 sancti

2618 2042 2851 2111 Spiritus
2881 2059 2996 2095 cum
3024 2042 3483 2109 perturbatiomtm
3512 2042 3798 2094 vacuitate.

2506 2183 2784 2253 Elongavi,
2833 2195 2867 2235 ο
2918 2179 3170 2250 benigne,
3211 2179 3382 2231 mansi
3420 2178 3472 2231 in
3517 2178 3803 2232 solitudine
3832 2178 3903 2242 δ’,
3954 2186 4008 2233 et

2424 2269 2691 2325 abscondi
2724 2284 2810 2324 me
2839 2268 2937 2323 abs
2988 2275 3041 2322 te
3083 2268 3230 2322 dulci
3279 2266 3535 2322 Domino.
3573 2269 4005 2322 Circuinrentus

2424 2372 2584 2418 nocte
2628 2358 3018 2416 sollicitudinis
3064 2360 3187 2413 vitae
3224 2358 3411 2427 hujus,
3462 2358 3668 2411 multos
3700 2359 3828 2414 inde
3860 2375 4009 2415 mor-

2424 2470 2541 2518 sus,
2574 2468 2638 2508 ac
2670 2452 2895 2507 vulnera
2927 2450 3162 2506 sustinui
3202 2467 3215 2503 :
3250 2448 3455 2504 multas
3505 2449 3693 2518 plagas
3747 2465 4007 2504 reversus

2424 2546 2539 2602 fero
2570 2547 2623 2598 in
2663 2546 2842 2599 anima
2884 2559 3029 2608 mea,
3059 2543 3348 2611 clamoque
3383 2541 3437 2595 in
3467 2540 3715 2595 cruciatu
3747 2582 3763 2605 ,
3816 2552 3872 2597 et
3905 2543 4006 2597 do-

2426 2640 2543 2695 lore
2575 2639 2762 2693 cordis
2792 2638 2895 2691 mei
2926 2653 2939 2691 :
2974 2635 3234 2690 Miserere
3265 2636 3368 2688 mei
3401 2633 3867 2702 praevaricatoris,
3904 2634 4005 2688 mi-

2425 2744 2633 2795 serere,
2669 2728 2707 2783 o
2737 2728 2967 2791 medice,
2998 2728 3091 2795 qui
3122 2725 3306 2793 diligis
3337 2725 3548 2779 animas
3575 2767 3590 2791 ,
3624 2736 3677 2779 et
3717 2726 3876 2783 solus
3907 2728 4005 2781 ad-

2428 2822 2647 2877 modum
2678 2821 2911 2875 libenter
2939 2819 3237 2873 misereris.
3266 2817 3370 2883 Qui
3402 2820 3585 2886 aegris,
3615 2828 3670 2873 et
3696 2820 4007 2874 vulneratis

2426 2912 2663 2968 mederis
2724 2912 2919 2981 gratis,
2973 2910 3189 2963 medere
3243 2909 3513 2965 vibicibus
3567 2918 3623 2964 et
3679 2911 4008 2965 vulneribus

2425 3006 2584 3060 meis.
2624 3004 2777 3059 Stilla
2821 3002 3253 3057 misericordiam
3286 3003 3474 3072 gratiae
3509 3011 3616 3057 tuae
3646 3001 3796 3059 Deus
3829 3020 4005 3067 meus.

2426 3098 2678 3152 oblittera
2711 3096 2918 3165 plagas,
2953 3102 3118 3163 atque
3148 3094 3331 3147 ulcera
3362 3108 3503 3160 mea,
3539 3096 3592 3149 in
3625 3112 3797 3149 unum
3831 3105 4007 3150 attra-

740 3194 798 3238 et
854 3185 907 3238 in
951 3186 1193 3242 tenebris
1228 3189 1552 3257 apparuisti,
1591 3199 1645 3243 et
1679 3191 1970 3257 advenisti,
2022 3193 2074 3247 in
2113 3197 2317 3249 mundo
2345 3193 2389 3252 C
2426 3190 2515 3253 he,
2557 3197 2611 3243 et
2649 3187 2961 3255 constringe
2992 3186 3132 3239 male
3177 3185 3445 3239 dissoluta
3479 3188 3725 3242 triernbra
3773 3204 3921 3253 mea,
3952 3200 4010 3243 et

742 3289 896 3329 more
931 3288 1119 3331 nostro
1171 3280 1365 3333 volens
1430 3282 1748 3335 conversari
1818 3298 1942 3337 cum
2002 3284 2314 3341 hominibus

742 3367 1084 3435 humaniter,
1141 3380 1195 3426 et
1244 3372 1425 3425 lumen
1475 3374 1662 3428 mundi
1711 3376 1943 3446 teipsum
1997 3393 2138 3439 esse.
2175 3380 2313 3434 citra

742 3460 1035 3515 vanitatem
1064 3462 1270 3529 dixisti,
1324 3480 1422 3519 nos
1462 3476 1641 3520 autem
1698 3474 1749 3521 te
1812 3483 1917 3522 non
1948 3468 2213 3535 videmus,
2246 3487 2314 3526 an

742 3568 850 3605 nou
884 3553 1098 3621 penitus
1131 3558 1282 3616 eatci.
1316 3563 1371 3609 et
1424 3558 1583 3612 caecis
1619 3560 2049 3615 miserabiliores
2079 3564 2315 3618 sumus?

747 3641 1043 3698 Verissime
1079 3647 1302 3713 mortui,
1363 3656 1419 3701 ct
1468 3650 1597 3704 caeci
1646 3666 1855 3715 sumus,
1897 3652 2025 3706 dum
2060 3663 2109 3707 te
2138 3655 2313 3709 viviﬁ-

742 3748 866 3787 eum
913 3734 1096 3789 lumen
1133 3752 1241 3790 non
1273 3740 1574 3795 cernimus.
1604 3741 1784 3795 Solem
1820 3743 1963 3797 hunc
1993 3760 2310 3815 corporeum

741 3823 870 3877 crci
909 3838 1014 3877 uon
1079 3828 1281 3893 vident,
1350 3829 1541 3884 vivunt
1610 3840 1810 3897 tamen,
1869 3840 1921 3888 et
1989 3850 2315 3905 quocunque

740 3916 903 3969 modo
938 3918 1173 3973 mmibus
1210 3919 1456 3984 cientur;
1490 3939 1597 3975 non
1646 3924 1789 3977 enim
1808 3927 1970 3979 vitam
2007 3927 2192 3993 donat,
2217 3929 2312 3984 sed

742 4017 801 4060 ut
838 4007 1023 4061 videas
1064 4009 1355 4063 duntaxat.
1413 4009 1491 4064 Tu
1560 4022 1739 4066 autem
1803 4030 1925 4069 cum
2004 4018 2081 4071 sis
2131 4021 2314 4074 omnia

740 4096 909 4160 bona,
952 4114 1166 4167 semper
1198 4102 1382 4155 omnia
1442 4103 1541 4156 das
1581 4106 1756 4159 servis
1808 4107 1918 4162 tuis
1968 4109 2312 4167 videntibus:

740 4188 1073 4253 videntibus,
1131 4190 1373 4258 inquam,
1451 4193 1634 4247 lumen
1692 4203 1867 4249 tuum.
1926 4197 1993 4250 Et
2053 4202 2313 4269 quoniam

739 4277 848 4330 vita
891 4294 969 4343 cs,
1023 4296 1147 4333 cum
1179 4282 1303 4335 aliis
1335 4284 1593 4339 Omnibus
1642 4288 1823 4351 bonis,
1856 4304 1977 4358 qua
2003 4302 2055 4343 tu
2090 4292 2204 4361 ipse
2228 4310 2311 4361 es,

739 4364 902 4417 etiam
964 4367 1128 4421 vitam
1166 4369 1404 4439 largiris.
1449 4370 1586 4427 Vere
1614 4376 1761 4428 enim
1797 4380 1978 4431 omnia
2035 4382 2088 4434 in
2120 4391 2170 4436 te
2194 4398 2315 4453 pos-

740 4456 905 4521 sidet,
961 4461 1054 4526 qui
1130 4469 1180 4514 te
1222 4461 1401 4516 habet.
1457 4462 1536 4518 Ne
1594 4467 1776 4534 priver
1813 4477 1864 4523 te
1902 4471 2148 4537 Domine,
2221 4491 2310 4541 ne,

2422 3297 2615 3338 omnes
2645 3280 2937 3336 cicatrices
2973 3294 3125 3333 meas
3154 3280 3295 3341 de'e,
3324 3294 3519 3347 meque
3553 3288 3724 3333 totum
3760 3282 4005 3349 perfecte

2422 3390 2579 3436 sana,
2612 3382 2671 3427 ut
2700 3374 2872 3442 prius,
2914 3370 3138 3440 quando
3168 3386 3255 3423 me
3288 3372 3439 3423 nulla
3474 3371 3714 3425 [ωιίειικιι
3748 3375 4005 3442 inquina-

2423 3469 2530 3533 tio,
2567 3465 2717 3519 nulla
2752 3464 2934 3528 vibex,
2987 3478 3084 3516 nec
3134 3463 3287 3531 plaga
3344 3473 3561 3518 tumens
3602 3474 3696 3518 aut
3742 3469 4001 3520 macula:

2424 3558 2516 3615 sed
2551 3570 2762 3610 meeum
2791 3562 2909 3607 erat
2940 3553 3335 3620 tranquillitas,
3364 3552 3647 3621 gaudium,
3681 3571 3807 3624 pax,
3843 3572 4002 3611 man-

2424 3647 2678 3713 suetudo,
2722 3655 2911 3700 sancta
2962 3644 3272 3709 humilitas,
3326 3654 3380 3700 et
3428 3646 3845 3715 longanimitas,
3902 3665 4000 3719 pa-

2421 3742 2649 3802 tientiae,
2687 3740 3067 3806 bonorumque
3096 3752 3324 3806 operum
3358 3738 3655 3801 claritudo,
3685 3739 4001 3805 tolerantia,

2422 3844 2477 3892 et
2507 3834 2726 3906 penitus
2753 3832 2956 3887 invicta
2989 3830 3185 3894 virtus,
3221 3831 3365 3886 unde
3401 3831 3738 3901 quotidiana:
3775 3843 3831 3889 et
3870 3850 4005 3888 sua-

2425 3928 2660 3982 vissima:
2714 3925 2985 3992 laerymze,
3030 3922 3174 3975 unde
3224 3922 3520 3975 exsultatio
3571 3923 3624 3975 in
3668 3925 3837 3979 corde
3883 3940 4005 3979 meo

2423 4019 2571 4072 Velut
2596 4019 2721 4072 fons
2757 4013 3113 4078 scaturiebat,
3144 4014 3457 4082 ﬂuebatquc
3512 4014 3735 4082 iugiter,
3788 4025 3842 4068 et
3887 4025 4005 4070 erat

2422 4111 2688 4166 ﬂuentum
2722 4108 2996 4169 melleum,
3031 4116 3079 4160 et
3109 4114 3271 4173 potus
3298 4106 3496 4159 laetitia:
3525 4109 3751 4161 assiduo
3774 4122 4004 4162 versans

2422 4206 2477 4259 in
2515 4220 2611 4259 ore
2646 4201 2842 4255 mentis
2873 4214 3035 4263 meze;
3070 4200 3212 4251 umle
3242 4199 3424 4254 omnis
3458 4200 3689 4264 sanitas,
3720 4203 3868 4255 unde
3902 4219 4005 4271 pu-

2420 4300 2577 4363 ritas,
2618 4293 2763 4349 unde
2791 4293 3055 4347 malarum
3086 4291 3433 4346 affectionum
3489 4293 3721 4355 sedatio,
3758 4304 3814 4347 et
3846 4296 4004 4370 cogi-

2423 4391 2690 4445 tationum
2728 4384 2972 4438 inanium
3003 4384 3260 4450 abiecrio,
3298 4384 3443 4438 unde
3478 4385 3608 4438 mihi
3637 4386 3882 4439 ἀπάῡειει
3914 4403 4005 4441 eo-

2423 4496 2579 4537 rusca
2615 4474 3016 4549 quodammodo
3048 4476 3252 4538 aderat,
3280 4485 3333 4531 et
3363 4492 3574 4531 mecum
3603 4480 4003 4533 consuescebat

740 4546 812 4601 ni
874 4560 1093 4605 creator
1120 4592 1135 4616 ,
1194 4554 1378 4623 priver
1434 4568 1485 4610 te
1511 4596 1526 4621 ,
1586 4574 1653 4611 ne
1722 4569 1771 4613 te
1828 4565 2053 4631 priver,
2102 4567 2316 4622 miscri-
2347 4550 2392 4604 Ῑ)
2426 4546 2807 4644 (spiritualiter
2848 4566 3109 4635 intellige,
3152 4566 3246 4634 qui
3284 4566 3397 4621 haec
3426 4568 3657 4637 legendo
3694 4571 3999 4637 percurris,

737 4654 883 4704 cors,
938 4657 1041 4710 ego
1089 4644 1337 4711 humilis,
1402 4660 1456 4703 et
1515 4652 1854 4720 peregrinus.
1910 4654 2123 4711 Etenim
2162 4675 2314 4728 pere-

738 4732 949 4799 grinus,
1017 4746 1071 4788 et
1136 4737 1438 4805 inquilinus
1502 4742 1611 4803 hic,
1674 4753 1733 4797 ut
1778 4745 1877 4798 tibi
1957 4749 2311 4819 complacuit,

737 4839 845 4877 non
880 4828 1175 4892 voluntate,
1232 4845 1339 4884 non
1389 4842 1584 4901 sponte
1636 4851 1752 4888 mea
1802 4836 1981 4891 factus
2012 4855 2178 4894 sum:
2217 4846 2313 4896 sed

736 4919 912 4986 gratia
967 4927 1058 4972 tua
1109 4924 1379 4991 meipsum
1438 4926 1584 4980 inter
1640 4928 1755 4982 haec
1807 4930 2042 4985 visibilia
2081 4937 2312 5003 cognovi

738 5012 1027 5079 hospitem,
1063 5014 1512 5073 intellectualiter
1579 5022 1885 5078 illustratus
1948 5033 2041 5077 tuo
2081 5027 2310 5094 lumine,

732 5111 1155 5170 perspectoque,
1229 5114 1279 5159 te
1328 5108 1394 5159 ad
1440 5108 1704 5163 mundum
1762 5112 2200 5181 immaterialem,
2258 5128 2313 5172 et

737 5192 1210 5259 inaspectabilem,
1250 5200 1574 5264 transferre,
1613 5204 1742 5256 etin
1779 5220 1843 5258 eo
1864 5205 2043 5260 facere
2066 5209 2313 5266 habitare

734 5298 909 5352 genus
966 5286 1287 5354 humanum,
1351 5292 1713 5348 describendo
1795 5312 1860 5351 ac
1924 5299 2312 5355 distribuendo

735 5387 835 5442 pro
864 5376 1073 5431 meritis
1115 5382 1315 5450 cuique
1366 5384 1762 5443 habitationem
1846 5408 2025 5457 suam,
2094 5411 2193 5464 pro
2244 5411 2309 5449 eo

734 5464 943 5518 scilicet
981 5482 1045 5520 ac
1076 5474 1314 5525 servavit
1353 5478 1607 5531 mandata
1651 5490 1763 5535 tua.
1790 5480 2085 5552 Propterea
2115 5493 2311 5555 preCor

738 5564 795 5606 ut
849 5570 936 5609 me
967 5568 1148 5613 tecum
1190 5566 1447 5633 colloces,
1499 5574 1717 5626 tametsi
1792 5580 2010 5643 peccavi
2077 5580 2307 5633 nutltum

735 5660 900 5714 supra
930 5662 1118 5707 omnes
1151 5659 1440 5725 mortales,
1484 5678 1754 5734 pomaque
1785 5675 1837 5720 et
1870 5669 2077 5724 ultione
2110 5669 2310 5740 dignus

802 5829 847 5864 δ’
886 5831 1034 5889 Psal.
1066 5848 1173 5901 Liv,
1201 5833 1251 5889 8.

2417 4682 2486 4719 ne
2523 4664 2754 4733 turpiter
2778 4660 3110 4730 inquineris)
3140 4660 3463 4716 immensam
3492 4664 3823 4731 voluptatem
3848 4679 4000 4719 com-

2420 4756 2713 4816 mistionis,
2753 4753 3141 4822 infinitumque
3172 4754 3490 4823 nuptiarum
3522 4756 3723 4810 divina:
3762 4758 4000 4825 conjun-

2416 4845 2616 4900 ctionis
2666 4843 2799 4895 mihi
2851 4841 3189 4897 desiderium
3244 4842 3522 4906 inferens;
3560 4860 3626 4898 ex
3657 4861 3764 4915 qua
3797 4858 3853 4901 et
3897 4863 3999 4916 ego

2419 4946 2679 5000 mutatus,
2713 4936 2929 4988 solutus
2966 4950 3089 4989 sum
3122 4938 3654 5005 perturbationibus.
3693 4940 4000 4994 inflamma-

2417 5039 2503 5082 tus
2541 5027 2843 5096 volupt..te,
2881 5034 2936 5080 et
2972 5025 3231 5080 incensus
3260 5028 3382 5096 ejus
3413 5030 3713 5095 desiderio,
3745 5042 3798 5084 et
3832 5034 4000 5101 partio

2415 5137 2546 5191 eeps
2581 5120 2804 5174 luminis
2831 5160 2847 5186 ,
2885 5121 2997 5175 imo
3026 5132 3078 5173 et
3120 5120 3300 5174 lumen
3348 5123 3519 5186 evasi,
3553 5124 3701 5176 0mm
3741 5128 3995 5193 passione

2417 5213 2691 5282 superior,
2724 5212 2793 5265 ab
2819 5211 2970 5265 omni
3002 5213 3247 5280 nequitia
3287 5223 3548 5268 remotus.
3588 5212 3706 5267 Non
3732 5218 3880 5270 enim
3916 5232 3997 5270 at-

2415 5304 2578 5372 tingit
2606 5303 2791 5356 lumeu
2832 5301 3063 5370 apathiae
3102 5302 3310 5370 passio,
3345 5313 3403 5355 ut
3435 5316 3535 5355 nec
3568 5301 3740 5356 solem
3778 5306 3995 5366 umbra,

2416 5406 2512 5450 aut
2563 5404 2845 5449 nocturna:
2881 5394 3143 5448 tenebras.
3189 5393 3339 5447 Talis
3394 5410 3556 5463 porro
3604 5410 3733 5449 cum
3781 5412 3994 5461 essent,

2421 5489 2553 5541 mihi
2589 5487 2760 5542 fidens
2795 5486 3018 5542 inﬂatus
3053 5502 3174 5541 sum
3210 5488 3492 5555 superbia,
3537 5502 3839 5557 rerumque
3875 5505 4000 5542 sen-

2420 5580 2661 5633 sibilium
2698 5579 3092 5645 sollicitudine,
3131 5589 3185 5632 et
3218 5580 3369 5634 euris
3402 5582 3524 5634 vita:
3559 5580 3878 5635 subtractus
3902 5584 3998 5635 dr-

2420 5672 2527 5727 eidi
2561 5669 2776 5735 infelix,
2815 5670 3287 5742 refrigeratusque
3322 5672 3593 5743 nigrorcm
3624 5671 3756 5727 ferri
3803 5672 3961 5729 indui
3984 5713 3999 5738 ,
