4182 6456
188 434 297 498 585

1271 426 1712 488 DIVINORUM
1757 424 2085 486 AMORUM
2128 425 2378 485 LIBER.

3327 421 3429 485 586

187 554 242 600 et
272 545 367 599 diu
391 544 602 613 iacens,
634 542 859 611 insuper
887 554 1155 595 venenum
1187 540 1418 609 arripui.
1451 539 1663 592 Idcirco
1693 536 1759 590 ad
1794 543 1841 601 Α
1870 540 2034 593 corde
2076 553 2199 592 meo
2233 539 2413 607 ignem
2448 534 2733 589 charilatis
2776 547 2901 602 erga
2936 543 2985 585 te
3028 531 3316 598 accendit;
3342 536 3437 604 qui

187 648 241 695 te
268 639 475 703 clamo,
510 653 545 692 o
570 637 821 707 benigne,
854 643 909 690 et
949 634 1132 689 denuo
1180 637 1396 703 purgari
1453 633 1521 686 ad
1571 632 1761 701 pristi-

187 745 427 801 namqne
462 727 927 799 pulchritudinem
975 726 1237 791 sustolli,
1292 735 1495 792 tuoque
1556 724 1761 775 luminc

188 821 295 876 frui
331 822 587 885 obsecro,
614 835 761 875 nunc
786 831 837 875 et
871 833 1105 888 semper,
1131 828 1186 872 et
1222 818 1275 870 in
1309 816 1554 872 oumium
1584 815 1759 884 spatia

184 913 533 969 seculorum.
564 912 759 968 Amen.

709 1022 942 1080 CAPUT
998 1022 1235 1079 XXXIV.

188 1118 264 1173 De
304 1116 629 1187 ἰητριιὶῃὶὸὶιὶ
654 1186 659 1187 ν
682 1117 939 1183 paradiso
969 1115 1246 1187 splendida
1281 1116 1676 1176 commentatio,
1712 1124 1762 1165 et

628 1186 691 1240 de
717 1187 861 1256 ligno
894 1187 1014 1240 eius
1043 1187 1098 1237 in
1127 1185 1331 1238 eodem.

257 1278 593 1334 Benedictus
652 1293 739 1342 es,
772 1278 1026 1340 Domine,
1084 1276 1411 1332 benedictus
1459 1289 1520 1330 es
1590 1276 1760 1338 solus,

182 1371 517 1427 benedictus
546 1386 607 1425 es
636 1370 979 1432 misericors,
1005 1376 1059 1423 et
1089 1368 1381 1438 plusquam
1417 1366 1760 1431 benedictus,

183 1463 281 1532 qui
311 1461 519 1516 dedisti
550 1460 605 1514 in
632 1474 729 1514 cor
764 1474 944 1514 meum
995 1460 1171 1514 lucem
1219 1459 1605 1515 mandatorum
1641 1467 1764 1511 tuo-

184 1567 330 1613 rutn.
354 1552 727 1621 plantastique
758 1552 811 1605 in
846 1566 936 1606 me
986 1552 1193 1623 lignum
1228 1554 1373 1618 vita,
1397 1560 1450 1604 et
1478 1552 1655 1606 fecisti
1680 1567 1765 1605 me

186 1640 510 1708 paradisum
546 1641 709 1694 alium
740 1642 885 1695 inter
908 1641 1291 1709 aspectabilia,
1320 1642 1372 1694 in
1407 1642 1759 1697 seusibilihus

184 1732 411 1802 quidem
460 1732 914 1795 intellectualem,
949 1729 1002 1783 in
1060 1730 1526 1788 intellectualibus
1581 1740 1761 1785 autem

184 1823 530 1887 sensibilem,
571 1831 627 1876 et
688 1821 856 1875 alium
914 1821 1191 1891 spiritum,
1238 1838 1432 1891 nempe
1496 1822 1761 1892 Spiritum

1874 629 1963 682 tibi
2039 630 2090 681 iu
2169 627 2445 680 ﬂammam
2512 625 2680 679 divini
2735 624 2997 679 desideiii
3063 627 3286 693 erupit,
3325 623 3437 679 cla-

1871 722 1984 774 rius
2042 720 2173 774 mihi
2215 720 2442 789 gloriam
2503 727 2648 772 tuam
2678 718 3051 783 demonstrat;
3110 731 3272 787 quam
3301 716 3435 772 ado-

1872 828 2023 877 rans,
2056 827 2153 867 oro
2184 822 2258 876 te,
2289 811 2388 865 Fili
2441 811 2555 875 Dei,
2599 810 2684 864 fac
2739 818 2799 864 ut
2842 825 2964 864 eam
2998 824 3150 865 nunc
3173 816 3231 864 et
3265 810 3319 863 in
3354 807 3437 863 fu-

1871 916 1997 960 turo
2044 907 2245 960 saeculo
2289 907 2427 959 citra
2462 903 2894 960 vicissitudinem
2927 903 3226 967 obtineant,
3259 909 3314 957 et
3344 916 3441 973 per

1872 1003 2048 1067 ipsam
2100 1007 2153 1054 te
2221 1000 2389 1054 Deum
2426 1014 2521 1068 per
2570 1009 2773 1053 aeterna
2822 1007 3067 1066 tempora
3101 996 3337 1050 videam.
3362 993 3441 1047 Ne

1871 1093 1969 1148 des
2024 1091 2182 1156 mihi,
2209 1090 2460 1153 Domine,
2495 1105 2688 1143 vanam
2740 1088 2930 1143 mundi
2960 1086 3212 1158 gloriam,
3248 1101 3316 1141 ne
3353 1086 3441 1141 di-

1873 1183 2035 1238 vitias
2088 1190 2405 1253 pereuntes,
2445 1196 2512 1237 ne
2543 1182 2750 1235 talenta
2792 1180 2935 1245 auri,
2966 1194 3034 1235 ne
3080 1177 3318 1234 sublime
3349 1191 3442 1232 so-

1872 1275 2030 1338 lium,
2066 1288 2135 1328 ne
2166 1273 2220 1327 in
2255 1272 2357 1328 ista
2392 1270 2608 1340 fugacia
2651 1270 3019 1339 principatum
3049 1285 3063 1323 :
3109 1266 3436 1330 humilibus,

1872 1368 2211 1439 pauperibus
2276 1380 2340 1420 ac
2376 1363 2599 1419 mitibus
2622 1376 2707 1416 me
2727 1360 2943 1416 associa
2973 1378 2985 1413 :
3010 1369 3069 1413 ut
3092 1373 3194 1427 ego
3220 1372 3443 1428 quoque

1874 1458 2093 1512 humilis
2137 1464 2193 1511 ct
2250 1457 2398 1511 mitis
2462 1456 2607 1508 llam.
2664 1451 2783 1509 Etsi
2848 1450 3209 1506 ministerium
3258 1464 3441 1504 meum

1874 1566 1979 1605 non
2034 1549 2266 1611 utiliter,
2316 1558 2478 1618 atque
2529 1546 2597 1601 ad
2649 1543 3051 1614 beucplacitum
3121 1550 3177 1597 et
3235 1541 3439 1596 cultum

1877 1650 2031 1696 tuum
2066 1640 2225 1701 obeo,
2258 1638 2475 1707 placeat
2505 1637 2603 1690 tibi
2646 1648 2703 1689 ut
2733 1650 2801 1691 eo
2848 1635 3163 1697 abdicatus,
3202 1639 3445 1686 tantum-

1876 1734 2038 1787 modo
2066 1740 2296 1801 peccata
2342 1742 2461 1783 mea
2495 1726 2750 1790 deﬂeam,
2778 1726 2954 1797 deque
2978 1726 3099 1781 solo
3119 1724 3273 1795 justo
3292 1724 3446 1793 judi-

1874 1825 1959 1879 cio
2022 1832 2117 1877 tuo
2159 1823 2262 1878 sim
2334 1821 2627 1884 sollicitus,
2662 1829 2717 1875 et
2753 1819 3031 1889 quomodo
3081 1816 3444 1889 respondeam

185 1924 343 1968 tuum
382 1923 637 1968 sanctum
695 1914 894 1969 animae
952 1930 1085 1970 meae
1134 1915 1499 1982 conjunxisti,
1532 1930 1768 1982 eumque
1803 1908 1844 1965 Β
1876 1916 1997 1980 tibi,
2033 1916 2128 1985 qui
2164 1914 2447 1969 multoties
2479 1915 2617 1968 iram
2655 1921 2807 1966 tuam
2847 1909 3160 1981 provocari.

185 2009 241 2059 in
271 2007 581 2061 visceribus
614 2007 751 2061 meis
776 2006 1029 2061 habitare
1064 2006 1275 2061 fecisti.
1306 2006 1471 2060 Plane
1504 2008 1608 2061 hoc
1636 2008 1760 2061 uui-

182 2113 310 2151 cum
346 2107 432 2153 est
471 2098 595 2153 vita:
644 2098 876 2167 lignum.
909 2098 1044 2163 lloc,
1082 2099 1133 2152 in
1170 2112 1277 2168 qua
1313 2105 1459 2153 terra
1485 2100 1760 2154 consitura

184 2189 381 2253 fuerit,
419 2190 474 2243 in
522 2189 703 2242 anima
757 2189 1231 2257 nempe'hominis
1260 2229 1274 2254 ,
1311 2198 1367 2243 et
1407 2191 1452 2243 si
1490 2190 1544 2243 iu
1595 2190 1764 2244 corde

184 2282 403 2335 radices
433 2282 629 2351 egerit,
654 2281 975 2350 paradisum
1006 2282 1205 2344 reddit,
1237 2288 1291 2337 et
1324 2280 1376 2336 id
1417 2296 1544 2335 mox
1573 2282 1760 2350 splen-

183 2371 481 2427 didissime
511 2372 782 2441 speciosis
822 2373 1112 2442 stirpibus,
1138 2372 1456 2435 arboribus,
1488 2380 1544 2428 et
1576 2372 1761 2428 diver-

184 2462 264 2515 sis
294 2459 595 2526 fructibus,
632 2461 912 2529 variisque
961 2460 1213 2526 ﬂoribus,
1244 2471 1299 2517 et
1338 2472 1616 2530 unguenta
1648 2464 1761 2535 spi-

185 2553 447 2609 rantibus
483 2553 614 2609 liliis
644 2563 917 2619 exornat,
945 2568 1067 2623 qua:
1115 2562 1246 2609 sunt
1292 2555 1599 2619 humilitas,
1634 2571 1761 2626 pax,

185 2646 473 2717 gaudium,
500 2650 889 2711 mansuetudo,
914 2646 1388 2711 condolescentia,
1422 2647 1625 2712 luctus,
1657 2648 1762 2701 im-

185 2738 314 2794 bres
364 2739 759 2807 lacrymarum,
785 2748 840 2796 et
879 2739 1145 2795 inusitata
1206 2742 1261 2795 in
1308 2740 1419 2796 illis
1449 2740 1761 2807 delectatio,

184 2830 453 2900 splendor
473 2831 663 2901 gratiae
708 2840 816 2886 tua
844 2832 1079 2888 illucens
1127 2832 1469 2889 omnibusin
1498 2834 1761 2903 paradiso

186 2921 573 2977 versantibus.
606 2921 688 2976 'l'u
725 2937 786 2978 es
821 2931 1005 2978 crater
1037 2924 1225 2976 vitalia
1272 2922 1475 2979 fluenta
1507 2932 1599 2977 tua
1631 2924 1760 2977 mihi

184 3012 497 3079 etinndeus,
527 3022 583 3070 et
613 3030 897 3070 sermones
930 3014 1131 3069 divinae
1160 3016 1510 3085 cogitationis
1542 3017 1764 3085 copiose

186 3106 536 3161 ministrans.
570 3104 729 3172 Quod
784 3108 833 3163 si
885 3115 942 3161 tu
979 3107 1252 3172 nolueris,
1277 3108 1371 3162 sed
1428 3120 1619 3162 contra
1658 3109 1762 3163 ista

187 3196 486 3251 demolitus
511 3195 703 3259 fueris,
727 3210 829 3265 ego
863 3211 1082 3261 amens,
1128 3206 1181 3251 et
1207 3198 1384 3251 instar
1416 3198 1611 3267 lapidis
1648 3207 1762 3254 stu-

1942 2007 1987 2061 0
2020 2005 2237 2070 Pastor,
2289 2020 2450 2075 quem
2500 2004 2679 2059 aliena
2726 2004 2870 2058 mala
2900 2010 3273 2066 commovent,
3307 2001 3448 2055 bone

1874 2108 1928 2154 et
1971 2110 2263 2154 mansuete
2308 2097 2519 2162 Pastor,
2564 2098 2656 2166 qui
2718 2112 2910 2153 omnes
2961 2097 3015 2151 in
3052 2102 3108 2151 te
3158 2095 3447 2150 credentes

1873 2191 2073 2245 salvari
2128 2190 2310 2260 cupis,
2381 2191 2666 2254 miserere,
2702 2198 2758 2243 et
2814 2189 2955 2243 hanc
2994 2202 3211 2258 precem
3266 2201 3445 2241 meam

1869 2284 2109 2351 exaiuli;
2145 2298 2213 2337 ne
2252 2282 2539 2347 irascaris,
2584 2295 2691 2335 neu
2745 2280 2937 2335 faciem
2975 2290 3126 2335 tuam
3165 2284 3384 2343 avertas
3415 2291 3448 2330 a

1871 2388 1981 2435 me.
2012 2373 2108 2428 sed
2162 2374 2302 2427 doce
2334 2387 2421 2428 me
2458 2372 2689 2439 implere
2721 2371 3059 2426 voluntatem
3110 2378 3282 2424 tuam.
3327 2366 3448 2422 Non

1870 2466 2017 2518 enim
2052 2464 2246 2519 studeo
2284 2463 2399 2518 fleri
2433 2464 2769 2519 voluntatem
2801 2476 3002 2527 meam,
3034 2462 3130 2518 sed
3184 2472 3357 2525 tuam,
3389 2471 3448 2513 ut

1872 2563 1924 2609 te
1951 2556 2149 2610 colam.
2185 2555 2397 2627 Adiuro
2425 2563 2503 2622 te,
2543 2555 2815 2611 miserere
2856 2555 2986 2617 mei.
3023 2554 3115 2624 qui
3155 2569 3216 2609 es
3247 2561 3447 2607 natura

1876 2646 2196 2703 misericors
2213 2650 2281 2712 '°,
2313 2656 2369 2703 et
2402 2649 2485 2703 fac
2512 2647 2642 2718 quid
2676 2648 2889 2702 miserat
2918 2646 3115 2701 animae
3146 2660 3280 2701 mea:
3310 2659 3447 2699 con-

1870 2738 2072 2807 ducat;
2108 2740 2367 2810 quoniam
2404 2739 2551 2795 Deus
2618 2740 2887 2810 benignus
2952 2750 3007 2794 et
3060 2740 3336 2793 hmnauus
3390 2749 3447 2792 tu

1875 2832 2030 2887 solus
2086 2846 2150 2886 es
2201 2832 2505 2896 increatus,
2544 2846 2826 2901 nunquam
2858 2831 3157 2893 desiturus,
3198 2829 3449 2898 omnipo-

1874 2930 2015 2983 tens,
2057 2922 2300 2976 onmium
2336 2932 2390 2977 te
2423 2922 2790 2991 diligentium,
2814 2930 2868 2976 et
2902 2922 2998 2976 abs
3024 2932 3073 2977 te
3100 2922 3451 2976 vehementer

1871 3012 2200 3067 dilectorum
2261 3014 2370 3067 vita
2411 3022 2463 3068 et
2508 3015 2713 3069 lumen.
2750 3014 2962 3079 Quibus
2996 3015 3204 3067 utinam
3236 3028 3320 3067 me
3349 3029 3448 3065 au-

1873 3121 2151 3171 numeres,
2184 3114 2239 3161 et
2273 3107 2471 3161 divinae
2500 3107 2685 3177 gloria:
2718 3115 2825 3162 tuae
2854 3109 3088 3176 socium,
3116 3117 3169 3163 et
3203 3108 3447 3163 coluere-

1870 3194 1992 3249 dcm
2028 3198 2293 3267 praestes!
2346 3197 2421 3253 Te
2453 3200 2598 3252 cnim
2628 3198 2785 3253 decet
2816 3199 3009 3268 gloria,
3046 3198 3258 3253 Patrem
3321 3214 3444 3253 cum

186 3284 351 3355 pidus
378 3300 522 3339 sum.
554 3284 623 3339 Ut
652 3286 781 3340 tuba
819 3288 940 3341 sine
989 3286 1178 3342 inflatu
1209 3266 1491 3357 nunquam
1524 3290 1761 3354 sonabit,
1791 3266 1838 3329 ο
1874 3266 2037 3349 Filio,
2100 3288 2264 3341 simul
2318 3299 2543 3345 carcnte
2603 3266 2895 3360 principio,
2928 3298 2982 3343 et
3030 3299 3447 3344 sacrosanctum

187 3382 272 3431 sic
316 3386 371 3431 et
399 3392 503 3447 ego
539 3378 751 3444 absque
804 3386 859 3434 te
900 3378 1050 3432 velut
1102 3379 1379 3435 iuanimus
1428 3396 1589 3443 sum;
1645 3381 1765 3435 sine

186 3469 371 3521 anima
429 3483 559 3523 vero
606 3468 726 3523 ﬁeri
778 3485 885 3523 non
924 3477 1127 3539 potest,
1170 3484 1229 3525 ut
1254 3486 1460 3541 corpus
1498 3481 1625 3543 agat
1664 3475 1767 3527 ali-

186 3561 344 3630 quid,
380 3570 433 3615 et
460 3561 644 3614 anima
675 3564 797 3617 sine
833 3564 1029 3633 spiritu
1063 3574 1158 3618 tuo
1194 3565 1425 3627 moveri,
1453 3574 1508 3619 ct
1538 3565 1765 3619 manda-

186 3654 260 3705 tis
287 3654 396 3707 tuis
428 3653 676 3715 obcdire.
712 3664 803 3709 aut
858 3664 911 3707 te
944 3656 1152 3718 videre,
1182 3667 1274 3709 aut
1303 3666 1483 3711 astare
1514 3658 1634 3720 tibi,
1670 3667 1765 3712 aut

182 3752 414 3797 cantate
446 3745 819 3814 intelligenter
838 3747 1065 3815 gloriam
1094 3754 1240 3800 tuam
1266 3750 1477 3818 nequit.
1508 3748 1634 3803 Ideo
1656 3749 1770 3803 cla-

182 3844 297 3894 mo,
331 3832 453 3886 ideo
488 3832 759 3888 \‘ocil’cror
790 3836 855 3889 ad
897 3845 971 3899 te,
1006 3836 1103 3905 qui
1153 3854 1371 3893 sursum
1419 3854 1540 3892 cum
1586 3840 1763 3903 Patre,

183 3932 242 3977 et
274 3924 416 3977 infra
451 3925 744 3978 nobiscum
778 3942 875 3989 es;
922 3942 1033 3980 non
1077 3936 1136 3982 ut
1168 3931 1390 3998 quidam
1428 3932 1765 3986 ratiocinan-

183 4027 297 4076 tur.
328 4022 656 4085 operation:
689 4020 803 4073 sola
832 4038 847 4085 ;
879 4036 1001 4085 nec,
1034 4030 1093 4074 ut
1126 4023 1281 4075 multi
1317 4031 1531 4091 putant,
1570 4024 1766 4078 volun-

184 4117 297 4161 tate
332 4110 473 4169 sola,
512 4126 613 4163 nec
658 4112 773 4163 sola
812 4113 1054 4179 putentia
1088 4122 1203 4177 tua,
1245 4114 1340 4167 sed
1383 4116 1546 4167 etiam
1580 4130 1765 4171 essen-

180 4202 291 4252 tia:
329 4200 608 4267 siquidem
643 4201 749 4255 hoc
787 4204 1115 4255 vocabulum
1165 4204 1231 4257 de
1262 4213 1312 4258 te
1348 4219 1637 4274 usurpare,
1674 4216 1768 4259 aut

180 4291 493 4359 intelligere
529 4290 611 4346 fas
660 4301 768 4354 est,
798 4295 889 4362 qui
924 4296 1076 4350 solus
1112 4295 1462 4360 immortalis,
1490 4307 1543 4350 et
1576 4314 1765 4367 super-

178 4382 498 4435 essentialis
577 4398 658 4437 es.
708 4384 923 4439 Etenim
972 4386 1017 4439 si
1056 4402 1247 4439 revera
1280 4390 1503 4442 omnino
1533 4390 1765 4443 ininter-

182 4471 473 4536 pretabilis
516 4486 601 4533 es,
632 4488 794 4543 quem
829 4485 880 4527 te
921 4476 1361 4543 appellabimus?
1402 4479 1678 4545 quomodo
1715 4487 1766 4533 te

180 4563 265 4613 vel
329 4562 655 4622 essentiam.
697 4573 750 4617 ct
781 4579 943 4634 quam
987 4567 1206 4621 tandem
1240 4578 1292 4622 et
1324 4571 1540 4637 qualem
1582 4571 1766 4626 direre

1872 3376 2138 3446 Spiritum
2174 3378 2226 3432 in
2268 3380 2468 3434 smcula
2500 3382 2847 3435 swvuloruni.
2883 3382 3079 3433 Amen.

2405 3470 2634 3525 CAPUT
2700 3468 2919 3526 XXXV.

1872 3562 2103 3618 Cuilibet
2158 3564 2360 3617 homini
2407 3571 2621 3632 promer
2655 3563 2859 3617 divinas
2902 3564 3038 3632 leges
3090 3565 3342 3632 injuriose
3400 3574 3447 3615 et

1940 3635 2316 3687 contumeliose
2392 3644 2663 3695 (ructato,
2726 3652 2843 3686 eam
2897 3636 3065 3703 ipson:
3104 3636 3448 3703 ignonuuiam

1942 3704 2135 3757 [tenari
2172 3714 2219 3756 ct
2270 3718 2584 3755 orunmcnto
2636 3721 2767 3757 este.
2827 3703 2961 3757 Item
3026 3701 3333 3759 dissertatio
3380 3711 3445 3756 τιτι

1942 3776 2175 3825 animant
2234 3788 2408 3837 suam,
2468 3790 2569 3841 qua
2618 3774 2948 3827 inexhausuc
2984 3773 3219 3839 Spiritus
3252 3777 3449 3829 diviti...-

1940 3844 2298 3910 explicantur.

1950 3935 2022 3988 Da
2064 3936 2199 3989 mihi
2249 3952 2497 4001 sensum,
2534 3935 2775 4003 Christe,
2801 3954 2960 4008 quem
2996 3939 3160 3993 semel
3188 3939 3442 4001 donasti;

1872 4044 1936 4080 eo
1990 4042 2074 4082 me
2119 4037 2261 4096 tege,
2294 4026 2568 4089 Salvator,
2594 4040 2647 4083 et
2682 4032 2816 4082 iuro
2842 4039 3012 4082 totum
3040 4046 3123 4084 me
3146 4032 3444 4087 absconde.

1870 4130 1921 4173 et
1964 4133 2031 4171 ne
2086 4119 2237 4172 sinas
2278 4121 2721 4189 appropinquare
2780 4122 2913 4174 mihi
2966 4137 3189 4176 sensum
3230 4124 3443 4182 mundi,

1874 4226 1940 4263 ne
1974 4213 2183 4265 intrare
2237 4214 2288 4265 in
2327 4230 2429 4277 me,
2464 4223 2518 4267 ct
2560 4214 2778 4282 penitus
2807 4230 2873 4267 ne
2926 4216 3077 4269 sinas
3136 4216 3330 4271 laedere
3361 4230 3447 4268 me

1872 4304 2139 4359 humilem
2191 4320 2409 4359 servum
2443 4316 2617 4369 tuum,
2653 4307 2810 4375 cujus
2849 4316 2904 4360 tu
2961 4308 3112 4362 solus
3163 4323 3221 4361 es
3257 4310 3449 4361 miser-

1873 4404 1979 4450 ius.
2015 4396 2148 4449 Nam
2184 4412 2307 4450 cum
2338 4413 2395 4451 se
2423 4414 2569 4451 curae
2600 4415 2662 4451 ac
2694 4400 3059 4452 sollicitudini
3090 4401 3433 4454 commcnda-

1875 4487 1969 4541 bili
2013 4491 2325 4542 nunriauus
2389 4505 2585 4544 sensus
2631 4501 2851 4560 repente
2894 4493 3204 4561 iizge=s:rit,
3258 4495 3445 4547 statim

1876 4594 2041 4646 prava
2076 4580 2353 4635 desideria
2384 4581 2436 4635 in
2501 4583 2699 4637 uisera
2744 4585 2923 4636 anima
2964 4600 3081 4638 mea
3122 4589 3443 4642 exsuscitat.

182 4652 562 4707 audebimus?
611 4652 868 4709 ProTcCto
920 4656 1058 4710 nihil
1113 4673 1451 4728 eorumque:
1492 4661 1546 4714 in
1577 4677 1760 4715 rerum
1792 4656 1843 4714 D
1873 4672 2125 4739 Suggerit
2176 4673 2320 4724 cuitu
2380 4674 2631 4739 gloriam,
2684 4676 2939 4729 admouet
2991 4677 3329 4741 divitiarum,
3378 4681 3441 4730 ad

181 4753 382 4797 natura
432 4744 748 4799 subsistunt
799 4757 854 4800 tu
888 4764 970 4811 es,
1022 4749 1166 4803 Deus
1202 4766 1391 4807 meus:
1426 4752 1520 4805 sed
1575 4754 1759 4806 omnia

178 4847 348 4899 eprra
403 4842 497 4886 tua
530 4850 594 4888 ex
637 4838 808 4890 nihilo
864 4840 1136 4908 producta
1192 4852 1351 4907 sunt;
1392 4846 1543 4897 solus
1587 4854 1641 4896 tu
1679 4848 1757 4898 in-

179 4935 402 4976 creatus
437 4939 534 4987 es,
584 4938 637 4979 et
689 4929 811 4982 sine
856 4933 1168 5000 priuzipio,
1226 4931 1468 4985 Ttittitus
1526 4944 1760 4993 sancta,

178 5023 233 5066 et
299 5019 639 5080 venerantia,
693 5017 833 5073 Deus
889 5022 1298 5078 universorum.
1351 5026 1415 5078 Et
1472 5026 1759 5079 ostendisti

182 5115 342 5167 nobis
388 5115 569 5167 lumen
603 5117 789 5184 gloria:
840 5130 944 5174 ture
990 5120 1457 5182 intuma-uiuam.
1495 5126 1543 5180 id
1582 5126 1757 5195 ipsum

179 5213 232 5255 et
262 5218 415 5255 nunc
472 5205 603 5257 mihi
640 5210 760 5261 siue
810 5209 1106 5264 intrrvailo
1142 5218 1341 5281 pra-be.
1375 5208 1449 5267 Da
1507 5217 1634 5269 mihi
1667 5234 1760 5285 per

180 5293 319 5347 illud
359 5307 630 5362 perpetuo
662 5314 764 5352 ceu
825 5302 879 5353 in
919 5305 1149 5371 speculo
1179 5305 1402 5372 intueri,
1437 5318 1490 5361 et
1523 5318 1761 5364 conteru-

181 5386 322 5452 plari
378 5397 429 5440 te
478 5384 715 5442 Verbum
749 5432 763 5455 ,
819 5399 872 5445 et
918 5393 1238 5448 immensam
1294 5399 1757 5467 pulchritudinem

178 5486 331 5530 tuam
371 5479 664 5534 manifeste
695 5485 1013 5553 perspicere
1042 5496 1205 5555 atque
1237 5491 1575 5560 intelligere;
1610 5495 1756 5562 quod

180 5585 307 5622 cuni
336 5572 409 5622 sit
442 5574 783 5628 omnimodis
813 5593 923 5630 non
953 5580 1315 5651 intelligibile,
1342 5602 1507 5655 supra
1535 5568 1755 5643 modum

182 5662 590 5729 obstupefacit,
629 5673 683 5717 et
743 5671 995 5734 perecllit
1046 5686 1284 5731 mentem
1338 5691 1511 5732 meam
1543 5690 1639 5745 ,et
1700 5684 1753 5736 in

252 5844 300 5876 ⁸⁸
326 5843 475 5900 Psal.
510 5863 706 5912 anv,
730 5850 815 5905 l5.

471 5940 744 6005 PnnoL.
776 5944 891 6006 Gn.
924 5946 1109 6009 CXX.

1870 4765 2215 4817 aniliieudam
2274 4781 2461 4834 regum
2498 4770 2953 4822 consuetudinem
3003 4770 3211 4832 incitat,
3254 4787 3307 4824 et
3342 4773 3441 4822 hoc.

1877 4854 1929 4906 in
1967 4870 2182 4923 magna,
2210 4856 2472 4911 felicitate
2510 4860 2680 4911 ducit.
2734 4858 2807 4911 Ex
2847 4861 3223 4927 hujuscemodi
3277 4864 3441 4929 igitur

1872 4943 2320 5010 cogitationibus,
2375 4949 2521 5001 sicut
2566 4963 2596 5001 a
2644 4958 2806 5002 vento
2842 4958 2961 5004 uter
3005 4952 3347 5009 intumescit.
3390 4964 3443 5005 et

1873 5035 2404 5103 ignisil:ﬁ;1;"n‘.‘t".t
2459 5043 2776 5092 accenditur
2821 5058 2835 5093 :
2893 5043 2968 5095 sic
3017 5058 3195 5095 :mxuia
3258 5046 3441 5095 iutiata

1874 5130 2159 5197 turgescit,
2196 5141 2247 5182 εί.
2296 5132 2598 5200 ιυβὶιὲἱὶμίο
2633 5132 2843 5202 gini-im,
2875 5151 3037 5202 opus-2
3070 5152 3130 5187 ac
3178 5138 3435 5189 lllt‘t‘llulil

1874 5219 2162 5283 feriarum,
2208 5223 2409 5290 quibus
2471 5223 2729 5275 tleO'sum
2779 5225 3032 5287 luditur,
3092 5226 3437 5279 vvit-"utentur

1874 5311 2231 5363 distenditur.
2284 5312 2339 5364 ln
2376 5314 2545 5379 gloria
2585 5324 2640 5365 ct
2677 5314 3045 5369 admiratione
3096 5320 3439 5386 concupiscit

1870 5415 1991 5454 csse
2024 5416 2145 5451 cum
2178 5403 2281 5464 his,
2317 5405 2404 5470 qui
2440 5405 2630 5457 vivunt
2670 5407 2721 5457 in
2761 5407 2971 5474 gloria;
3011 5408 3244 5460 illustris
3272 5408 3438 5461 videri

1870 5507 1992 5545 cum
2034 5493 2343 5547 illustribus
2377 5513 2388 5546 π
2423 5497 2706 5564 possidere
2750 5499 2967 5552 divitias
2999 5515 3121 5551 ctim
3154 5498 3435 5551 divitibus.

1867 5596 2041 5661 Quam
2081 5605 2133 5645 tu
2189 5592 2505 5662 glorificasti
2543 5593 2749 5644 lumine
2801 5604 2891 5643 tuo
2950 5593 3233 5654 iued‘ahili,
3273 5608 3435 5661 quam

1868 5697 1920 5739 tu
1957 5687 2166 5743 vestisti
2208 5688 2382 5765 gieria
2424 5699 2513 5741 tua
2547 5686 2941 5757 inexplicabili,
2978 5703 3137 5756 quam
3173 5696 3227 5739 tu
3252 5701 3438 5741 exem-

3008 5957 3077 6021 l9
