4182 6456
745 406 845 473 587

1955 394 2330 454 SYMEONIS
2378 392 2744 453 JUNlORlS

3902 396 4004 459 588

744 518 891 589 plum
954 512 1243 578 claritatis,
1294 518 1346 564 et
1411 509 1643 579 fulgoris
1697 508 1772 562 tui
1816 508 2138 573 exhibuisti,
2192 508 2312 576 ejus
2344 514 2551 569 Atune
2604 507 2896 569 honorem,
2951 516 3005 560 et
3060 508 3314 560 stabilem
3352 506 3581 576 gloriam
3640 506 3835 575 adepta
3886 525 3995 565 es:

742 614 976 661 mentem
1012 618 1211 657 sensus
1266 613 1578 655 mundanus
1618 615 1715 669 pro
1750 598 1970 668 captiva
2007 613 2310 669 occupans,

740 696 986 753 ostendit
1042 696 1120 749 illi
1180 708 1359 764 reges,
1396 692 1653 763 proponit
1710 693 1969 755 honores,
2028 692 2347 770 praesentis

743 791 865 844 vitae
882 801 1012 858 opes
1030 786 1292 855 suggerit,
1316 796 1367 839 et
1396 786 1457 838 ad
1478 786 1579 839 ista
1598 782 1982 855 cogitationem
2005 782 2313 851 detorquet.

813 878 860 934 Ο
888 879 1199 948 caliginem,
1230 891 1263 930 o
1300 860 1688 937 c‘mcitatemro
1718 874 1909 927 inanes
1933 873 2314 944 cogitationes,

741 985 772 1024 ο
801 985 1027 1039 scopum
1056 968 1362 1028 sordidum,
1397 980 1427 1017 ο
1453 975 1689 1018 mentem
1721 965 1977 1018 stolidam
2003 979 2018 1028 ;
2053 962 2312 1034 quoniam

745 1061 958 1116 relictis
995 1057 1383 1119 inen‘abilibus,
1417 1062 1471 1108 et
1509 1055 1941 1119 immortalibus,
1974 1062 2190 1110 terrena
2224 1068 2317 1108 co-

745 1153 860 1220 gito
898 1160 952 1204 et
985 1150 1125 1219 apud
1169 1150 1413 1201 animum
1445 1145 1628 1200 volvo.
1652 1144 1844 1199 Nonne
1886 1159 1980 1196 rex
2012 1141 2318 1197 morietur?

745 1253 927 1293 nonne
958 1236 1128 1306 gloria
1167 1235 1498 1289 evaneseet?
1539 1248 1717 1287 nonne
1752 1232 1976 1295 divitiae,
2004 1239 2061 1284 ut
2086 1229 2317 1300 pulvisa

746 1333 906 1379 vento
925 1322 1330 1393 dispergentur?
1345 1337 1528 1377 nonne
1552 1328 1867 1394 putrescent
1888 1335 2119 1390 corpora
2146 1322 2196 1372 in
2230 1333 2319 1373 se-

746 1414 982 1484 pulcris?
1003 1425 1053 1469 et
1076 1414 1307 1468 fortuna:
1345 1413 1462 1467 ista:
1501 1417 1719 1467 calucae
1751 1412 1888 1467 alios
1910 1411 2187 1465 habebunt
2214 1410 2316 1464 do-

748 1512 945 1569 minos,
983 1507 1177 1561 deinde
1211 1509 1372 1572 alios,
1406 1512 1603 1575 etpost
1648 1505 1750 1559 hoc
1797 1519 2015 1558 rursum
2046 1504 2180 1556 alios
2203 1502 2226 1555 ?
2252 1502 2318 1555 Et

747 1598 1053 1668 cujusnam,
1071 1597 1160 1651 die
1178 1598 1329 1660 mihi,
1360 1597 1541 1649 anima
1564 1594 1999 1660 mea,facultates
2022 1594 2203 1648 istaeet
2229 1608 2318 1649 co-

749 1690 851 1757 piae
882 1688 1303 1754 fuerunt?Quis
1356 1696 1539 1741 autem
1577 1689 1630 1740 in
1678 1688 1778 1741 hac
1805 1688 1913 1740 vita
1948 1686 2031 1741 vel
2068 1688 2322 1756 exiguum

747 1790 1014 1849 quaestum
1047 1781 1227 1835 facere
1253 1780 1449 1849 potuit,
1478 1795 1637 1849 quem
1669 1778 1831 1833 etiam
1860 1778 2104 1833 moriens
2132 1794 2314 1834 secum

2420 610 2545 650 nam
2574 596 2747 665 gloria
2777 595 2872 649 Dei
2907 597 3135 650 omnino
3170 596 3237 649 ad
3272 602 3325 650 te
3355 598 3660 664 perveniet.
3690 595 3829 651 Tum
3854 616 3998 667 quo-

2419 699 2530 755 que
2559 699 2751 740 omnes
2787 686 2967 755 angeli
2990 692 3043 739 te
3088 685 3487 739 collaudabunt
3516 686 3661 755 quod
3690 686 4003 742 honorare-

2419 779 2500 833 ris
2526 777 2721 843 Deum,
2758 793 2923 848 quem
2974 778 3078 847 ipsi
3113 776 3454 839 collaudant.
3488 778 3607 842 Vis,
3642 784 3826 836 anima
3850 798 4002 847 mea,

2419 880 2622 931 vestes,
2656 876 2711 922 et
2738 882 2871 936 opes
2917 868 3243 936 possidere?
3274 870 3548 933 ausculta,
3576 871 3689 939 jam
3737 872 3837 925 tibi
3864 885 4002 941 epes

2422 972 2658 1017 aeternas
2708 960 3129 1016 demonstrabo.
3164 963 3276 1031 Age
3309 964 3687 1031 paenitentiam
3717 966 3771 1017 in
3821 965 4008 1035 lacry-

2419 1056 2565 1122 mis;
2612 1053 2837 1124 despice
2885 1056 3115 1119 omnia;
3175 1063 3296 1108 esto
3359 1068 3568 1124 pauper
3615 1056 3853 1125 spiritu;
3884 1067 4007 1111 esto

2423 1147 2585 1217 inops
2620 1146 2907 1215 pecuniae;
2955 1153 3078 1200 esto
3120 1147 3327 1200 mundo
3359 1135 3687 1215 peregrina;
3718 1158 3843 1204 esto
3870 1150 4011 1206 sini-

2421 1239 2552 1293 stris
2578 1237 2959 1292 voluntatibus
2983 1239 3094 1292 tuis
3123 1237 3369 1302 ininiica,
3402 1247 3457 1293 et
3490 1241 3544 1293 in
3567 1238 3740 1294 solius
3769 1241 3996 1295 Domini

2423 1333 2502 1387 tui
2536 1330 2822 1386 voluntate
2871 1332 3187 1399 acquiesce,
3216 1338 3272 1383 et
3301 1331 3423 1400 ejus
3462 1333 3708 1402 vestigiis
3737 1333 4005 1388 insistere

2424 1423 2736 1480 contende:
2771 1431 2887 1477 tum
2936 1423 3139 1477 lentius
3181 1423 3443 1491 gradiens
3495 1426 3607 1487 ille,
3652 1434 3762 1480 ate
3792 1426 4002 1480 misera

2420 1510 2824 1582 prehendetur;
2863 1526 3023 1580 quem
3067 1524 3191 1565 cum
3227 1511 3457 1575 videris,
3483 1513 3779 1569 clamorem
3811 1516 4009 1585 ingen-

2423 1611 2533 1658 tem
2570 1603 2695 1657 ede.
2731 1601 3054 1657 Conversus
3085 1604 3222 1670 ipse,
3257 1602 3474 1671 placido
3523 1604 3675 1657 vultu
3713 1614 3765 1659 te
3816 1606 4004 1659 intue-

2424 1690 2595 1755 bitur,
2624 1706 2795 1761 seque
2830 1690 3113 1759 paululum
3163 1692 3261 1745 libi
3310 1692 3690 1761 aspiciendum
3718 1695 4005 1761 prabebii,

2423 1788 2476 1832 et
2524 1778 2727 1832 iterum
2791 1778 3009 1833 ablatus
3066 1778 3135 1832 ab
3182 1780 3363 1837 oculis
3405 1782 3516 1836 tuis
3593 1790 3645 1837 te
3704 1786 4003 1854 relinquet.

748 1870 876 1925 hinc
900 1868 1183 1924 auferret?
1223 1871 1430 1926 nullum
1463 1869 1619 1930 mihi,
1647 1869 1855 1921 nullmn
1884 1870 2040 1940 plane
2070 1870 2321 1924 nomina-
2353 1858 2398 1919 Β
2427 1870 2585 1925 Tunc
2635 1871 3030 1926 lamentaberis
3078 1871 3314 1937 misella,
3348 1882 3483 1927 tunc
3508 1874 3704 1931 dolens
3732 1876 4005 1944 plorahis,

750 1963 856 2026 bis,
884 1970 978 2015 aut
1000 1960 1280 2024 ostendes,
1305 1970 1502 2030 praeter
1525 1960 1927 2025 misericordes,
1949 1960 2042 2029 qui
2064 1962 2316 2015 omnibus

749 2057 802 2106 in
840 2067 1144 2123 pauperum
1183 2067 1379 2107 manus
1408 2051 1743 2117 distributis,
1779 2052 2042 2107 niliilsibi
2080 2039 2316 2122 relique-

749 2155 900 2198 runt.
928 2144 1007 2197 llli
1054 2145 1458 2214 namque‘tuto
1491 2146 1752 2209 retinent,
1780 2160 1901 2214 qua:
1930 2145 2222 2211 dederunt,
2250 2162 2316 2201 ex

748 2250 857 2304 quo
887 2250 949 2288 ea
986 2235 1039 2287 in
1074 2250 1270 2289 manus
1300 2234 1513 2288 Domini
1550 2233 1839 2287 dederunt.
1876 2231 2069 2287 Creteri
2108 2248 2317 2298 Omnes,

752 2334 809 2379 ut
844 2327 1102 2388 mendici,
1145 2337 1198 2380 et
1226 2327 1495 2381 mendicis
1547 2324 1881 2380 infeliciores
1915 2337 2063 2389 sunt,
2104 2328 2194 2394 qui
2236 2326 2318 2379 di-

748 2420 911 2475 vitias
949 2434 1080 2473 suas
1105 2419 1309 2473 habent
1338 2420 1454 2473 sine
1479 2434 1582 2473 usu
1608 2418 1901 2489 repositas,
1934 2420 2064 2472 nudi
2090 2421 2233 2474 enim
2263 2436 2320 2475 ιιι

750 2511 946 2566 cii'ossa
980 2523 1124 2567 terra
1162 2511 1343 2567 denuo
1381 2513 1435 2566 in
1465 2511 1695 2573 fossam,
1726 2511 1809 2567 sic
1841 2512 1916 2565 illi
1968 2514 2019 2565 iu
2077 2514 2319 2568 tumulos

751 2603 1133 2671 projiciuntur,
1161 2612 1213 2656 et
1255 2604 1307 2655 in
1363 2604 1466 2657 hoc
1497 2602 1699 2657 saeculo
1729 2604 1936 2667 miseri,
1971 2613 2026 2657 et
2051 2604 2103 2657 in
2134 2603 2320 2659 futuro

752 2695 996 2765 hospites
1029 2709 1093 2748 ae
1120 2695 1416 2764 peregrini.
1470 2693 1612 2760 Quid
1647 2695 1836 2766 igitur,
1872 2697 2052 2749 anima
2082 2711 2225 2759 mea,
2263 2699 2318 2751 in

756 2786 840 2840 his
890 2787 1151 2840 eximium
1197 2788 1419 2840 intuens
1449 2787 1786 2842 delectaris?
1824 2788 1955 2857 qttid
1994 2790 2188 2843 horum
2222 2805 2320 2843 el-

752 2876 1047 2945 petendum
1078 2878 1312 2932 censes?
1350 2875 1496 2931 Nihil
1526 2879 1746 2947 penitus
1777 2879 1943 2935 habes
1977 2881 2120 2950 quod
2145 2880 2319 2945 dicas,

751 2969 888 3022 nihil
924 2964 1073 3039 quod
1105 2971 1458 3038 respondeas.

829 3057 915 3111 Vin
943 3061 1033 3125 qui
1066 3058 1291 3113 divitias
1335 3061 1708 3115 cumularunt.
1739 3061 1827 3115 Vm
1869 3061 1961 3131 qui
1994 3060 2218 3131 gloriam
2253 3063 2321 3115 ab

754 3150 1073 3203 hominibus
1124 3151 1309 3203 Volunt
1352 3151 1622 3220 accipere.
1670 3151 1759 3205 Va!
1798 3153 1891 3218 qui
1950 3166 2011 3206 se
2067 3152 2319 3207 inserue-

754 3250 884 3293 runt
930 3241 1212 3307 divitibus,
1245 3251 1297 3296 ct
1333 3258 1440 3295 non
1476 3215 1571 3299 Dei
1618 3215 1871 3312 gloriam,
1916 3244 2148 3315 ejusque
2186 3244 2323 3299 divi-
2351 3215 2396 3273 ο

754 3331 886 3395 tias,
918 3342 972 3387 et
999 3333 1174 3387 solum
1209 3348 1335 3387 eum
1387 3335 1506 3405 ipso
1558 3350 1704 3403 esse,
1732 3336 2052 3405 versarique
2107 3336 2326 3391 deside-

753 3431 895 3473 rant.
949 3420 1185 3476 Mundus
1235 3423 1379 3476 enim
1418 3439 1592 3479 vanus
1623 3433 1725 3491 est,
1768 3436 1823 3480 et
1868 3441 1989 3495 qua:
2034 3426 2088 3479 in
2123 3426 2326 3480 mttndo

756 3519 907 3576 sunt,
944 3513 1218 3568 vanitates
1260 3524 1411 3577 sunt,
1440 3522 1494 3568 et
1544 3518 1731 3569 omnia
1761 3517 1974 3570 vanitas
2004 3533 2016 3569 :
2054 3516 2195 3571 Deus
2230 3532 2327 3571 au-

757 3612 865 3659 tem
895 3605 1046 3659 solus
1068 3614 1151 3659 est
1174 3617 1435 3672 aeternus,
1462 3606 1811 3673 immortalis,
1840 3622 2055 3676 semper
2075 3622 2324 3671 manens,

754 3705 808 3750 et
847 3713 969 3750 cum
1026 3698 1147 3765 ipso
1198 3708 1384 3763 erunt,
1422 3698 1517 3767 qui
1558 3712 1704 3751 nunc
1746 3714 1871 3751 eum
1923 3708 2199 3768 quaerunt,
2232 3699 2326 3768 qui

754 3790 931 3842 solum
971 3789 1121 3843 illum
1158 3805 1270 3858 pra:
1312 3790 1568 3844 omnibus
1613 3790 1943 3845 dilexerunt.
1981 3788 2070 3844 Var
2106 3801 2235 3844 tunc
2266 3790 2327 3843 il-

756 3881 845 3944 lis,
878 3881 971 3949 qui
1018 3880 1179 3934 modo
1215 3882 1480 3935 mundum
1540 3881 1810 3951 diligunt;
1878 3881 2324 3952 quandoquidem

757 3982 980 4041 ,ropter
1026 3972 1206 4040 ipsum
1268 3971 1599 4025 addicentur
1634 3972 1919 4040 suppliciis
1955 3972 2325 4040 sempiternis.

754 4061 847 4113 Vae
879 4061 1193 4117 sitientibus
1224 4063 1454 4131 gloriam
1491 4063 1771 4116 hominum
1799 4079 1812 4127 ;
1841 4063 1969 4132 quia
1994 4074 2123 4116 tunc
2157 4062 2330 4133 gloria

755 4150 853 4207 Dei
892 4154 1279 4222 privabuntur.
1325 4152 1441 4219 Vae,
1479 4157 1683 4221 anima,
1722 4154 1808 4207 his
1840 4155 1932 4225 qui
1962 4168 2330 4223 congregave-

760 4252 891 4297 runt
925 4242 1169 4308 divitias,
1202 4244 1463 4310 quoniam
1511 4245 1583 4297 ibi
1620 4260 1774 4313 aqua:
1806 4254 2011 4314 guttam
2069 4245 2328 4313 consequi

757 4338 1045 4405 optabunt.
1076 4334 1167 4388 γε
1196 4338 1397 4400 anima,
1456 4336 1754 4404 ﬁgentibus
1787 4350 1937 4405 spem
1975 4335 2029 4389 in
2074 4337 2327 4402 homine;

757 4425 885 4494 quia
921 4426 1007 4478 ille
1044 4426 1331 4488 morietur,
1364 4433 1417 4478 et
1450 4439 1578 4477 cum
1618 4425 1711 4478 illo
1764 4440 1911 4494 spes,
1955 4433 2009 4479 et
2062 4433 2190 4478 tunc
2235 4440 2331 4494 spe

760 4530 857 4569 sua
888 4523 1139 4568 carentes
1170 4523 1224 4566 et
1256 4513 1504 4567 frustrati
1554 4516 1926 4571 invenientur.
1973 4515 2083 4581 \‘aa,
2121 4517 2329 4581 anima,

760 4608 1090 4661 habentibus
1124 4607 1213 4661 hic
1249 4608 1687 4660 consolationem
1722 4624 1918 4675 suam;
1951 4609 2214 4676 quoniam
2254 4610 2328 4663 ibi

762 4700 1172 4751 tribulationem
1205 4710 1462 4752 attentam
1498 4699 1734 4753 habituri
1767 4709 1915 4753 sunt.

834 4790 1013 4843 Narra
1042 4771 1197 4853 mihi,
1235 4790 1439 4857 anima,
1486 4793 1617 4861 quid
1665 4792 2207 4862 contristaris?quid
2250 4808 2332 4847 re-

761 4896 881 4933 ium
915 4880 1079 4948 hujus
1108 4881 1230 4933 vitae
1282 4878 1676 4948 concupiscis?
1706 4878 1802 4933 Dic
1832 4881 1986 4943 mihi,
2020 4892 2072 4935 e'.
2124 4882 2335 4934 docebo

764 4983 814 5026 te
874 4972 1315 5041 uniuscujusque
1375 4971 1757 5025 necessitatem
1817 4981 1872 5024 et
1912 4987 2096 5025 usum.
2140 4972 2219 5023 Tu
2258 4974 2338 5025 in-

767 5062 968 5130 tellge,
1001 5073 1053 5113 et
1110 5063 1285 5126 disce,
1318 5061 1448 5131 quid
1486 5062 1615 5116 boni
1655 5062 1728 5116 sit
1779 5062 1832 5114 in
1871 5063 2135 5130 quolibet.
2195 5063 2333 5128 Quid

766 5151 884 5205 ais?
915 5154 994 5206 vis
1038 5153 1353 5206 honoribus.
1400 5152 1537 5218 tolli,
1568 5152 1647 5206 vis
1682 5152 2011 5221 prmdicari?
2045 5154 2170 5207 audi
2236 5154 2339 5222 igi-

768 5252 862 5295 tu‘r
920 5243 1050 5314 quid
1100 5244 1169 5296 sit
1229 5248 1428 5308 honor,
1471 5243 1601 5314 quid
1668 5246 1992 5314 ignominia.
2030 5243 2210 5298 llonor
2254 5254 2339 5299 est

765 5336 1036 5390 honorare
1087 5335 1312 5405 quidem
1355 5350 1584 5400 omnes;
1620 5336 1716 5390 sed
1762 5336 1933 5392 Deum
1966 5348 2092 5391 ante
2122 5351 2336 5401 omnes,

765 5439 817 5481 ct
857 5427 1114 5481 mandata
1160 5428 1283 5498 ejus
1327 5427 1554 5496 insuper
1589 5437 1645 5480 ut
1682 5442 1815 5497 opes
1849 5426 1951 5483 sibi
1993 5443 2336 5498 comparare,

766 5534 1067 5589 eorumque
1092 5536 1257 5575 causa
1286 5520 1538 5591 injurias,
1571 5522 1861 5577 maledicta
1896 5529 1950 5575 et
1986 5536 2147 5575 omne
2167 5537 2339 5591 genus

770 5615 967 5681 probra
1020 5613 1320 5667 sustinere.
1375 5614 1511 5667 Cum
1554 5615 1723 5680 enim,
1748 5630 1780 5668 ο
1813 5616 2018 5677 anima,
2057 5618 2338 5683 negotium

770 5702 991 5771 aliquod
1030 5703 1096 5756 ad
1141 5702 1430 5767 honorem,
1464 5714 1516 5758 et
1547 5707 1775 5774 gloriam
1824 5706 1913 5759 Dei
1952 5706 2339 5775 inceptaveris,

770 5809 823 5847 ('t
853 5798 921 5848 ob
946 5795 1180 5864 idipsum
1215 5804 1563 5864 contemptu,
1602 5809 1653 5850 et
1681 5800 1897 5865 injuriis
1924 5800 2113 5855 affecta
2145 5797 2337 5862 lueris,

2426 1973 2479 2018 et
2507 1962 2717 2018 doloris
2760 1962 3057 2033 impatiens
3089 1974 3319 2017 mortem
3347 1964 3653 2028 invoeahis,
3686 1981 3795 2020 non
3819 1965 4007 2021 ferens

2427 2055 2528 2110 abs
2552 2062 2609 2109 te
2646 2055 2895 2124 separari
2933 2066 3041 2108 tam
3074 2054 3287 2109 dulcem
3344 2055 3657 2111 Dominum.
3686 2058 3786 2111 Ast
3825 2059 4010 2112 bonus

2427 2144 2699 2201 Dominus
2728 2160 2853 2200 cum
2888 2155 2940 2201 te
2975 2145 3196 2200 consilii
3233 2145 3472 2215 inopem,
3500 2157 3553 2200 et
3584 2148 3638 2201 in
3682 2145 3832 2212 fletu,
3869 2164 4011 2203 nio-

2427 2238 2693 2307 stitiaque
2740 2236 3252 2292 constantissimam
3281 2236 3501 2301 viderit,
3548 2238 3747 2293 iterum
3778 2252 4010 2308 repente

2426 2326 2523 2381 tibi
2555 2328 2877 2397 apparebit;
2914 2329 3113 2380 iterum
3159 2336 3212 2381 te
3242 2327 3573 2381 illuminabit
3596 2343 3636 2391 ;..
3659 2329 3857 2384 iterum
3903 2332 4004 2384 tibi

2428 2421 2794 2475 inexhaustas
2827 2421 3050 2475 divizias
3085 2420 3515 2484 demonstrabit,
3562 2421 3778 2491 paterni
3813 2423 4005 2475 vultus

2428 2514 2657 2582 gloriam
2688 2511 3234 2577 immareescibilem,
3264 2519 3320 2565 et
3362 2511 3717 2576 exhilarabit,
3770 2514 4011 2582 gaudio-

2426 2620 2534 2675 que
2565 2616 2618 2659 te
2648 2604 2898 2673 implebit
2942 2612 3003 2657 ut
3049 2602 3227 2673 prius,
3257 2612 3311 2657 et
3334 2603 3408 2656 ita
3444 2603 3626 2672 gaudii
3654 2603 3871 2672 plenam
3915 2621 4011 2656 re-

2428 2698 2660 2767 linquet.
2692 2693 3030 2748 Mundanmn
3083 2708 3251 2762 porro
3307 2694 3571 2763 gaudium
3610 2693 3757 2763 quod
3818 2696 4010 2749 verbis

2428 2794 2482 2841 et
2533 2784 2969 2853 cegitationibus
3004 2783 3379 2853 percipiebas.
3427 2785 3634 2837 sensim
3666 2795 3717 2839 te
3764 2786 4007 2846 deficiet,

2427 2888 2483 2933 et
2517 2878 2572 2932 in
2607 2878 2884 2932 tristitiam
2916 2876 3368 2930 commutabitur.
3394 2874 3486 2929 Sic
3517 2892 3733 2939 rursus,
3764 2888 3823 2931 ut
3854 2893 4007 2937 ante.

2429 2983 2764 3039 magnopere
2814 2966 3233 3033 Iaineutaberis,
3282 2975 3336 3020 et
3390 2983 3516 3020 cum
3570 2968 3777 3035 gemitu
3838 2982 4012 3021 voces

2429 3061 2741 3122 effundens,
2789 3059 2941 3113 illum
2982 3059 3187 3113 laetitiae
3224 3074 3511 3127 promum,
3547 3060 3733 3130 gaudii
3776 3062 4011 3129 largito-

2433 3166 2572 3217 rem,
2607 3154 2756 3205 illum
2788 3153 2841 3204 in
2882 3166 2993 3220 quo
3025 3165 3219 3204 revera
3254 3150 3481 3205 stabiles
3518 3166 3742 3219 semper
3771 3152 4007 3210 divitia-.

2431 3245 2706 3314 requires.
2748 3244 2826 3298 Eo
2854 3244 2936 3297 sic
2961 3243 3291 3312 explorante
3317 3244 3684 3305 voluntatem,
3712 3258 3775 3297 ac
3803 3259 4007 3313 propo-

2430 3338 2596 3393 situm
2632 3346 2812 3401 tuum,
2849 3351 2986 3390 cave
3014 3351 3083 3390 ne
3119 3334 3463 3404 defatigeris,
3511 3337 3721 3399 anima,
3758 3352 3825 3390 ne
3858 3349 4014 3390 retro

2432 3430 2746 3493 reﬂectare,
2784 3442 2851 3482 ne
2879 3427 3055 3488 dicas,
3080 3441 3375 3495 quousque
3411 3439 3459 3481 te
3488 3443 3597 3480 non
3639 3428 4012 3494 comprehen-

2429 3516 2600 3571 dam?
2629 3531 2697 3569 ne
2718 3514 2899 3580 dicas,
2951 3514 3085 3583 quid
3119 3529 3419 3583 apparens,
3473 3516 3659 3568 subito
3692 3518 4011 3570 occultatur

2432 3605 2673 3660 iterum?
2699 3614 2755 3659 et
2778 3618 3071 3674 quousque
3111 3603 3333 3657 tandem
3382 3604 3669 3657 molestias
3725 3605 3861 3658 mihi
3891 3606 4010 3669 dat,

2432 3712 2543 3751 non
2586 3695 3063 3751 misericordiam?
3097 3694 3176 3748 Ne
3207 3696 3383 3757 dicas,
3417 3696 3510 3761 qui
3543 3710 3719 3764 usque
3756 3698 3822 3750 ad
3856 3713 4009 3750 mor-

2431 3800 2537 3843 tem
2599 3787 2793 3843 lassari
2853 3787 3035 3856 queo?
3074 3796 3127 3841 et
3171 3788 3245 3840 ita
3278 3787 3524 3855 graveris
3555 3786 3851 3855 exquirere
3905 3787 4015 3841 Do-

2431 3881 2680 3944 minum;
2736 3880 2831 3933 sed
2867 3887 2926 3932 ut
2976 3894 3100 3948 quae
3136 3879 3300 3932 morti
3334 3888 3385 3932 te
3415 3878 3585 3932 semel
3618 3878 3911 3941 obtuleris,
3955 3889 4012 3933 et

2434 3971 2807 4036 consecratis,
2842 3984 2912 4023 nc
2955 3973 3200 4038 quietem
3262 3984 3325 4023 ac
3366 3970 3753 4024 remissionem
3792 3980 4011 4041 tangas.

2435 4078 2505 4117 ne
2536 4063 2772 4133 gloriam
2804 4061 3169 4124 consecteris,
3206 4075 3308 4114 nec
3334 4060 3566 4115 delicias
3600 4063 3875 4129 corporis,
3914 4078 4012 4118 nec

2435 4153 2737 4206 amicitiam
2786 4160 3174 4218 cognatorum.
3210 4146 3287 4204 Nc
3335 4148 3555 4213 dextra,
3607 4165 3747 4203 neve
3783 4149 4012 4203 sinistra

2435 4242 2857 4311 circumspicias
2929 4242 3309 4310 aliquatenus,
3348 4239 3469 4304 scd,
3534 4248 3593 4293 ut
3655 4239 4015 4309 cmpisti,vil

2438 4335 2625 4404 potius
2666 4334 3023 4389 festinantius
3054 4348 3312 4396 currens,
3340 4333 3501 4386 stude
3530 4347 3746 4401 semper
3768 4332 4013 4401 assequi,

2435 4436 2490 4482 ct
2532 4442 2698 4481 manu
2729 4424 3149 4496 apprehendere
3188 4423 3505 4478 Doruinum.
3549 4423 3704 4488 Quod
3733 4423 3779 4477 si
3813 4424 4013 4477 millies

2439 4534 2499 4573 se
2534 4520 2919 4581 occultaverit,
2954 4527 3009 4572 et
3032 4517 3197 4572 toties
3231 4516 3331 4570 tibi
3374 4516 3711 4585 apparuerit,
3745 4530 3847 4569 nec
3867 4530 4017 4570 com-

2436 4610 2708 4680 prehendi
2754 4610 3021 4678 potuerit,
3068 4608 3171 4663 hac
3207 4609 3295 4661 via
3346 4607 3444 4661 abs
3478 4615 3531 4661 te
3576 4606 3881 4661 tenebitur.
3919 4604 4019 4660 De-

2436 4702 2552 4757 cies
2579 4703 2807 4768 millies,
2840 4703 2950 4756 imo
2975 4717 3105 4756 vero
3147 4700 3393 4770 quandiu
3426 4699 3631 4768 spiras,
3658 4707 3911 4767 prompte
3962 4707 4015 4751 et

2436 4793 2695 4847 alacriter
2726 4807 2930 4863 quare,
2964 4800 3019 4846 et
3048 4790 3112 4845 ad
3142 4792 3321 4859 ipsum
3368 4802 3622 4843 accurre.
3662 4786 3874 4840 Etenim
3909 4802 4014 4839 non

2440 4886 2660 4939 deseret
2705 4896 2780 4947 te,
2809 4899 2918 4938 non
2946 4883 3166 4937 deficiet
3198 4898 3226 4935 a
3262 4890 3349 4948 te;
3383 4880 3480 4935 sed
3531 4879 3798 4949 paulatim
3840 4879 4017 4947 magis

2443 4978 2618 5047 magis
2682 4974 2985 5045 apparebit,
3017 4982 3071 5030 et
3130 4972 3478 5043 frequentius
3535 4981 3717 5026 tecum
3784 4972 3915 5034 erit,
3954 4986 4016 5024 ac

2444 5069 2670 5122 tandem
2710 5078 2994 5136 purgatam
3051 5066 3424 5119 illustratione
3456 5064 3707 5125 luminis,
3742 5071 3892 5116 totus
3926 5077 4017 5116 ve-

2446 5162 2604 5216 niens
2640 5160 3001 5224 inhabitabit,
3024 5158 3375 5226 manebitque
3398 5166 3603 5219 tecum,
3632 5155 3725 5225 qui
3754 5156 4017 5208 mundum

2446 5253 2595 5317 iecit,
2633 5262 2687 5308 et
2712 5250 2940 5309 habebis
2976 5264 3137 5305 veras
3170 5249 3414 5313 divitias,
3443 5264 3580 5319 quas
3626 5248 3867 5302 mundus
3910 5262 4017 5301 non

2444 5344 2645 5411 habet;
2698 5344 2792 5399 sed
2859 5344 3086 5405 cmlum,
3125 5352 3179 5395 et
3246 5341 3339 5409 qui
3373 5341 3485 5394 illic
3535 5341 3589 5393 in
3641 5341 3827 5393 album
3863 5340 4019 5391 relati

2450 5444 2602 5492 sunt.
2650 5434 2709 5489 Si
2751 5434 3040 5491 istudtibi
3071 5434 3374 5501 contingat,
3406 5429 3851 5493 memorandum,
3892 5430 4021 5499 quid

2446 5527 2529 5580 vis
2564 5524 2836 5594 amplius?

2530 5618 2648 5682 Dic,
2688 5618 2868 5671 anima
2904 5616 3149 5685 ingrata;
3182 5615 3293 5680 dic,
3323 5615 3501 5669 anima
3531 5611 3729 5677 stulta;
3761 5609 3875 5675 die,
3903 5608 4025 5662 vilis

2450 5709 2632 5761 anima
2665 5724 2804 5769 nua,
2844 5708 2975 5776 qu'ul
3009 5707 3091 5761 his
3142 5708 3319 5775 majus
3355 5705 3472 5758 sive
3508 5704 3562 5756 in
3590 5703 3771 5765 caelis,
3808 5702 3927 5754 sive
3970 5700 4021 5750 in

2448 5798 2630 5863 terris,
2692 5804 2750 5850 ut
2794 5799 2927 5850 illud
2988 5796 3361 5866 persequare?
3400 5793 3539 5847 εωιι
3585 5790 3935 5851 Fabricator,
3972 5798 4021 5841 et
