4182 6456
163 410 272 471 589

1252 416 1322 472 Dl
1338 413 1407 470 Vi
1422 410 1692 471 NORIIM
1737 414 2065 475 AMORUM
2111 418 2367 477 LIBER.

3306 422 3412 485 590

162 539 329 582 terrae
372 530 658 596 Dominus,
692 540 747 584 et
776 532 1026 586 omnium
1061 547 1293 601 qua‘quc
1321 533 1372 584 in
1400 535 1562 593 caelo,
1594 544 1744 599 quae-
1774 535 1821 591 Α
1857 545 2102 599 prmsens
2134 546 2214 586 es.
2264 533 2366 586 libi
2416 541 2586 589 totum
2628 534 2704 589 uti
2743 537 2899 606 prius
2929 553 3013 593 me
3049 540 3414 595 circumdedi-

160 637 267 687 que
303 622 358 674 in
414 623 620 676 mundo
680 633 808 679 sunt
863 624 1140 687 conditor,
1180 622 1369 692 judex.
1396 629 1450 676 et
1483 637 1574 675 res
1617 624 1734 691 ipse

162 714 324 767 solus
365 713 418 767 in
453 724 506 769 te
536 715 771 778 habitat,
805 726 979 769 totum
1011 732 1069 771 se
1102 713 1470 769 manifestans
1498 712 1619 776 tibi,
1652 720 1738 766 too

163 818 252 861 tus
282 808 607 861 illtuninans
645 818 695 862 te
722 809 843 862 luce
870 822 991 871 sua,
1023 815 1076 861 et
1102 805 1573 877 pulchritudinem
1614 804 1738 857 vul-

162 907 254 954 tus
283 902 370 953 sui
406 901 505 954 tibi
538 902 861 963 ostendi-ns,
892 908 951 953 ut
983 900 1161 967 ipsum
1187 896 1504 968 expressius
1529 897 1737 962 videas,

162 1002 218 1046 et
251 1003 573 1047 consortem
615 1000 670 1048 te
708 994 898 1061 gloria:
932 1007 1045 1047 sua:
1068 991 1298 1055 faciens,
1331 990 1422 1045 dic
1470 989 1601 1059 quid
1636 988 1739 1041 hoc

165 1098 279 1136 uno
332 1083 725 1152 praestantius?
784 1082 1216 1154 Respondebis,
1294 1081 1432 1135 nihil
1499 1080 1735 1149 penitus.

166 1175 308 1228 Audi
351 1166 598 1245 insuper.
639 1174 757 1230 Tali
785 1176 997 1230 honore
1034 1175 1286 1244 dignata,
1309 1187 1343 1227 ο
1373 1172 1581 1235 anima,
1608 1170 1739 1240 quid

165 1266 352 1321 adhuc
378 1277 536 1320 terra:
574 1266 796 1320 inhias?
826 1266 958 1334 quid
990 1264 1114 1318 istis
1152 1264 1318 1319 rebus
1349 1263 1687 1316 demulceris
1716 1259 1739 1311 ?

165 1355 300 1423 quid
332 1356 586 1411 adlimres
618 1357 902 1425 perituris,
929 1368 1052 1423 quae
1094 1353 1422 1408 immortalia
1451 1348 1743 1418 accepisti?

166 1450 299 1517 quid
339 1448 579 1504 moraris
622 1450 677 1502 in
709 1448 1102 1519 praesentibus,
1136 1460 1262 1516 qua
1307 1443 1494 1497 futura
1527 1439 1741 1494 inveni-

165 1542 275 1596 sti?
316 1542 415 1596 illa
468 1556 674 1597 conare
705 1542 912 1611 iugiter
945 1540 1256 1610 possidere,
1315 1536 1425 1589 illis
1482 1541 1648 1587 totam
1692 1541 1744 1584 te

165 1634 475 1702 agglutina,
495 1634 682 1687 anima
720 1647 862 1697 mea,
898 1640 955 1684 ut
978 1640 1035 1684 et
1062 1636 1189 1700 post
1207 1628 1413 1683 obitum
1447 1623 1744 1679 inveniat-is

168 1725 225 1776 in
257 1726 486 1778 aeternis
526 1724 639 1778 illis
669 1724 850 1787 bonis,
873 1737 997 1791 quae
1025 1721 1116 1775 hic
1147 1716 1515 1788 acquisivisti,
1539 1723 1594 1769 ct
1619 1728 1743 1767 cum

166 1816 237 1869 iis
298 1814 549 1868 Creatori
599 1828 665 1867 ac
715 1813 953 1868 Domino
1008 1813 1261 1874 assistas,
1299 1819 1357 1863 et
1390 1822 1516 1862 cum
1550 1807 1740 1861 eodem

172 1911 362 1964 laetere
396 1923 491 1978 per
522 1907 950 1962 innumerabilia
978 1907 1204 1961 saecula.
1231 1904 1427 1958 Amen.

688 2020 919 2077 CAPUT
958 2017 1206 2075 XXXVI.

171 2139 387 2205 Spiritu
425 2150 615 2191 sancto
650 2138 704 2190 in
748 2134 896 2188 nobis
927 2135 1181 2205 fulgente,
1230 2151 1407 2189 omnes
1446 2152 1550 2189 non
1574 2140 1743 2186 rectas

241 2209 417 2261 animi
456 2210 717 2260 motiones
750 2208 926 2276 tuguri
954 2222 971 2258 :
1002 2208 1283 2273 eodemque
1314 2206 1497 2259 radios
1528 2213 1744 2276 eontra-

240 2282 419 2339 ticnte,
450 2279 514 2332 ab
542 2278 649 2339 Itis,
674 2289 723 2331 ct
750 2270 786 2330 ἀ
809 2270 997 2343 pravis
1031 2270 1444 2344 cogitationibus
1473 2291 1568 2329 nos
1604 2270 1742 2338 infe-

239 2366 399 2404 san.

241 2466 458 2518 Lumen
495 2474 672 2522 tuum,
706 2461 946 2524 Christe,
976 2476 1061 2516 me
1094 2459 1528 2531 circumfulgens
1554 2463 1734 2518 viviti-

168 2566 306 2622 Cat;
344 2571 472 2610 nam
503 2566 557 2609 te
594 2554 803 2617 videre,
837 2563 921 2608 est
961 2553 1314 2619 reviviscere,
1354 2563 1407 2609 et
1452 2568 1481 2609 a
1511 2557 1743 2612 mortuis

170 2662 480 2718 resurgere.
523 2645 663 2712 Quid
707 2645 908 2701 elliciat
942 2646 1126 2701 lumen
1165 2655 1343 2710 tuum,
1387 2661 1495 2700 non
1518 2662 1741 2716 possum

168 2738 379 2792 dicere.
440 2734 827 2791 Verumtamen
863 2736 969 2792 hoc
1003 2752 1063 2792 re
1116 2737 1232 2805 ipsa
1266 2738 1523 2807 cognovi,
1559 2746 1614 2791 et
1653 2754 1748 2790 co-

170 2844 401 2898 gnosco,
445 2828 563 2883 sive
604 2828 818 2891 morbo,
845 2827 963 2881 sive
1002 2827 1416 2893 afﬂictionibus,
1445 2830 1562 2884 sive
1610 2845 1746 2883 nio:-

172 2920 423 2982 ini-ibus,
479 2919 600 2974 sive
643 2919 904 2983 vinculis,
938 2920 1054 2973 sive
1102 2919 1263 2984 fame,
1320 2923 1438 2975 sive
1490 2922 1741 2977 custodia

171 3012 437 3075 detinear,
486 3012 602 3064 sive
635 3011 984 3079 gravioribus
1037 3012 1305 3066 molestiis
1338 3026 1575 3081 premar,
1607 3015 1745 3067 emi~

171 3113 334 3156 conte
364 3102 575 3156 lumine
608 3111 722 3164 tuo,
758 3102 942 3155 omnia
971 3110 1229 3170 tanquam
1265 3104 1522 3158 tenebras
1546 3105 1742 3158 discuti

1846 627 1944 679 Sli.
1982 625 2072 677 ubi
2128 628 2414 695 complexu
2480 637 2569 681 tuo
2602 636 2774 683 totum
2808 631 3080 686 ambivisti
3116 646 3170 686 et
3202 636 3408 696 texis-ti,

1853 717 2018 768 malis
2048 717 2273 779 liberor,
2323 732 2352 770 a
2394 719 2657 782 tenebris,
2712 722 3124 785 tentationibus.
3157 726 3400 780 motioni-

1844 807 1946 862 bus
1978 824 2103 862 cum
2140 810 2356 865 ratione
2402 812 2795 882 pugnantibus,
2833 825 2885 868 et
2937 815 3197 871 omnibus
3227 821 3412 887 pravis

1844 900 2286 969 cogitationibus
2333 903 2559 973 eripior,
2595 904 2930 974 impleorquc
2961 907 3221 973 bonitate,
3265 910 3406 963 lacti-

1845 991 1943 1053 tia,
1978 992 2198 1059 gaudio,
2228 993 2573 1061 iucunditate
2605 995 2775 1049 animi
2817 996 3144 1063 incredibili,
3174 1014 3409 1056 cernens

1848 1082 2135 1136 tremenda
2179 1085 2464 1155 mysteria,
2504 1095 2560 1141 et
2606 1102 2744 1142 nova
2787 1088 3042 1157 quaedam
3072 1091 3244 1155 mira;
3291 1107 3412 1146 cer-

1848 1189 1985 1228 nens
2041 1192 2165 1245 qua:
2196 1191 2377 1246 neque
2434 1178 2631 1233 oculus
2686 1182 2963 1236 humanus
3016 1182 3183 1249 videt,
3216 1193 3312 1238 aut
3345 1188 3417 1239 ri-

1844 1265 1998 1329 dere,
2031 1283 2209 1337 neque
2232 1269 2383 1323 auris
2423 1270 2615 1325 audire
2649 1271 2856 1341 possit,
2888 1288 3066 1343 neque
3098 1276 3152 1328 in
3185 1289 3281 1330 cor
3308 1275 3410 1329 bo-

1850 1364 2017 1416 minis
2050 1364 2417 1421 ascenderunt
2434 1368 2502 1421 ⁵¹.
2534 1367 2598 1422 in
2641 1369 2844 1437 quibus
2880 1370 3215 1441 obstupesco
3248 1375 3415 1427 vehe-

1847 1461 2087 1517 menter,
2123 1470 2190 1508 ac
2235 1454 2305 1511 de
2361 1466 2629 1525 potestate
2671 1460 2879 1516 decedo
2908 1470 3073 1531 atque
3106 1477 3137 1516 a
3168 1465 3416 1520 terrenis

1847 1547 2108 1597 omnibus
2141 1546 2398 1601 universe
2424 1547 2636 1601 alienor
2657 1587 2671 1609 ,
2704 1550 3049 1605 continenter
3071 1554 3300 1608 laudans
3344 1565 3415 1617 te,

1850 1647 1902 1689 et
1935 1637 1987 1688 in
2017 1638 2227 1705 meipso
2258 1653 2452 1692 novam
2485 1641 2872 1704 mutationem,
2900 1643 3231 1713 modumque
3261 1650 3416 1698 auxi-

1850 1727 1908 1781 lii
1940 1744 2139 1783 manus
2181 1729 2580 1798 omnipotentis
2624 1731 3111 1799 animadvertens,
3140 1739 3415 1803 quomodo

1850 1816 2060 1888 fulgore
2102 1828 2158 1872 et
2197 1819 2546 1887 apparitione
2583 1820 2747 1876 unius
2794 1820 3021 1877 luminis
3072 1824 3147 1877 tui
3198 1839 3413 1878 omnem

1849 1909 1983 1962 mihi
2041 1909 2327 1965 tristitiam
2362 1912 2635 1967 exemeris
2657 1951 2673 1976 ,
2704 1913 3022 1983 mundoque
3062 1927 3331 1984 ert-ptum,
3365 1930 3417 1973 et

1846 2008 2028 2055 tecum
2079 2016 2280 2057 arcano
2330 2000 2519 2058 fenore
2582 2003 2816 2070 unitum,
2852 2021 2976 2059 mox
3013 2005 3066 2061 in
3096 2008 3293 2061 caelum
3332 2024 3417 2061 me.

1847 2095 2183 2159 restitueris.
2226 2097 2316 2151 ubi
2368 2097 2518 2152 nulla
2549 2109 2634 2154 est
2666 2099 2955 2169 aegritudo,
2995 2101 3128 2154 nulli
3157 2101 3415 2171 gemitus,

1847 2191 2012 2246 nulla:
2050 2192 2330 2262 lacrymte,
2367 2209 2477 2247 non
2511 2208 2740 2263 serpens
2784 2195 3104 2249 calcaneum
3133 2194 3415 2261 mordens.

1845 2293 1899 2339 et
1931 2283 2242 2339 ostenderis
2287 2286 2514 2341 minime
2546 2287 2882 2341 laboriosam
2908 2302 3035 2342 esse
3062 2296 3114 2342 et
3138 2304 3417 2345 aerumno-

1844 2394 1964 2435 sam
2000 2380 2170 2446 viam,
2212 2394 2334 2449 qua:
2365 2381 2568 2450 alioqui
2601 2381 2862 2436 omnibus
2914 2382 3241 2437 mortalibus
3279 2398 3416 2438 con-

1845 2471 2035 2536 traria,
2059 2480 2318 2537 angusta,
2350 2470 2608 2538 ditiicilis,
2644 2480 2761 2536 aut,
2801 2482 2857 2525 ut
2886 2472 3075 2528 verius
3094 2473 3295 2538 dicam,
3332 2474 3417 2525 in-

1846 2561 1935 2615 via
1963 2572 2067 2616 est.
2104 2560 2242 2628 Quis
2300 2562 2445 2618 enim
2479 2562 2768 2618 hominum
2820 2562 3022 2633 potuit,
3056 2571 3152 2618 aut
3197 2567 3416 2634 poterit,

1848 2665 2059 2720 quaeso,
2112 2667 2344 2722 corpore
2400 2654 2454 2707 in
2499 2654 2644 2708 caelo
2693 2668 2836 2718 esse,
2872 2662 2966 2708 aut
3009 2654 3130 2709 sine
3168 2670 3415 2725 corpore.

1847 2743 2050 2814 quibus
2084 2744 2185 2797 alis
2222 2758 2288 2798 eo
2321 2745 2670 2812 pervolabit?

1917 2834 2065 2890 Elias
2101 2851 2267 2889 curru
2302 2838 2465 2905 igneo
2501 2836 2553 2890 in
2595 2836 2831 2891 sublime
2865 2847 3056 2908 raptus
3080 2850 3180 2904 est,
3208 2848 3263 2895 et
3291 2848 3417 2893 ante

1846 2926 1996 2981 illum
2028 2926 2240 2987 Euocli.
2278 2941 2464 2981 verum
2515 2942 2625 2981 non
2659 2927 2713 2981 iu
2748 2928 2970 2993 coelum,
3002 2929 3094 2984 sed
3132 2931 3185 2983 in
3240 2929 3408 2983 alium

1846 3017 2137 3087 quemdam
2185 3018 2390 3079 locum,
2426 3034 2530 3072 non
2569 3020 2682 3087 ipse
2710 3018 2928 3087 quidem
2969 3035 2998 3073 a
3044 3035 3105 3074 se
3138 3020 3277 3089 ipso,
3322 3021 3414 3073 scd

1848 3118 2027 3161 tanien
2065 3108 2368 3163 translatus
2402 3118 2503 3162 est.
2530 3106 2671 3174 Quid
2704 3109 2808 3163 ista
2844 3110 2910 3163 ad
2938 3124 3000 3164 ea
3025 3126 3145 3179 quae
3175 3112 3230 3163 in
3256 3110 3416 3163 nobis

171 3210 237 3250 ac
266 3195 507 3263 dispelli,
544 3204 595 3248 et
625 3194 679 3247 in
725 3194 919 3262 requie
950 3210 1014 3246 ac
1042 3194 1187 3257 lucc,
1218 3204 1273 3249 et
1298 3194 1555 3249 fruitione
1583 3196 1745 3249 lumi-
1774 3203 1817 3260 ο
1853 3196 2022 3249 fiunt?
2050 3211 2292 3265 quaenam
2329 3196 2534 3251 umbrae
2559 3212 2681 3251 cum
2713 3199 2961 3264 veritate,
2989 3209 3082 3253 aut
3105 3214 3225 3270 qua:
3250 3201 3417 3268 spiri—

173 3289 259 3341 nis
294 3302 392 3356 per
423 3286 672 3341 divinum
705 3283 975 3354 Spiritum
1032 3295 1184 3339 tuum
1218 3288 1402 3341 subito
1427 3303 1512 3342 me
1541 3289 1747 3342 consti-

173 3379 275 3433 tui.
311 3378 439 3431 Seio
473 3376 860 3430 tribulationes
893 3377 1128 3440 fumum,
1158 3378 1517 3445 cogitationes
1574 3380 1745 3433 malas

172 3469 458 3529 tenebras,
495 3467 829 3521 tentatioues
862 3467 1075 3536 jacula,
1125 3466 1529 3522 sollicitudines
1559 3468 1745 3537 caligi-

174 3576 321 3623 nem,
379 3557 671 3628 passiones
722 3557 936 3613 belluas
966 3558 1172 3623 vocari,
1205 3573 1235 3611 a
1276 3558 1479 3626 quibus
1517 3559 1645 3612 olim
1681 3559 1743 3612 li-

172 3651 404 3713 berasti,
447 3658 504 3703 et
562 3648 761 3702 eruisti
814 3663 935 3710 me;
993 3657 1048 3702 et
1104 3648 1431 3703 illucescens
1485 3651 1741 3718 paulatim

172 3742 304 3793 mihi
332 3741 543 3794 lumine
571 3746 688 3803 tuo,
717 3739 884 3792 etiam
919 3752 1063 3792 nunc
1090 3738 1143 3791 in
1174 3738 1368 3791 horum
1404 3740 1582 3792 medio
1622 3755 1743 3792 ver-

173 3840 389 3886 santem
433 3846 519 3884 me
542 3830 949 3884 invulneratum
983 3828 1253 3893 custodis,
1300 3839 1396 3883 tuo
1430 3832 1630 3886 lumine
1657 3848 1743 3885 tne

174 3933 495 3993 protegens.
534 3919 673 3986 Quia
717 3934 847 3975 vero
872 3919 1139 3985 deliuquo
1178 3935 1321 3988 saepe
1351 3922 1744 3986 admodum,“

173 4015 227 4063 in
260 4012 428 4063 horas
460 4023 647 4077 pecco,
680 4008 834 4078 quia,
872 4008 1118 4076 inquam,
1153 4009 1322 4063 clfero
1351 4026 1436 4063 tne
1456 4014 1743 4065 adversum

173 4114 243 4165 te,
275 4102 408 4171 quia
440 4099 595 4152 irrito
623 4109 698 4165 te,
755 4098 974 4167 indigeo
1022 4099 1364 4152 miseritordi
1386 4103 1745 4169 castigatione

172 4203 284 4255 tua,
312 4206 482 4260 quam
516 4192 874 4245 vehementer
913 4190 966 4243 in
1011 4204 1100 4243 me
1130 4188 1429 4243 adhibitam
1458 4189 1634 4244 sentio
1660 4190 1743 4242 di-

173 4284 285 4336 vini
332 4297 559 4335 recessu
611 4282 859 4343 luminis,
898 4281 1047 4351 quod
1090 4281 1308 4348 tegebat
1342 4295 1451 4335 me.
1500 4281 1569 4337 Ut
1598 4282 1742 4335 enim

173 4379 285 4429 sole
338 4376 631 4428 occidente
659 4389 766 4427 nos
818 4382 874 4427 et
916 4374 1156 4427 tenebrae
1199 4374 1481 4443 ingruunt,
1533 4382 1585 4427 rt
1621 4375 1746 4428 fera:

172 4481 364 4520 omnes
391 4467 456 4517 ad
491 4476 708 4533 pastum
750 4474 957 4519 exeunt
988 4480 1007 4517 .'
1033 4466 1114 4518 sic
1143 4466 1230 4517 ubi
1258 4478 1342 4518 me
1378 4465 1561 4517 lumen
1589 4474 1739 4517 tuum

1849 3298 1938 3341 tus
1965 3285 2366 3348 ministratorii,
2395 3300 2458 3340 ac
2486 3286 2799 3351 servientis,
2827 3303 2947 3340 cum
2979 3288 3188 3351 divino,
3220 3297 3274 3342 et
3304 3288 3415 3339 Du-

1846 3379 2068 3441 minico.
2094 3378 2339 3432 omnium
2383 3379 2602 3446 opilice,
2650 3386 2704 3431 et
2744 3393 3128 3448 quamcunque
3171 3388 3415 3451 creatam

1846 3480 2092 3525 naturam
2135 3468 2494 3523 confirmante
2527 3477 2580 3523 et
2605 3470 2994 3524 corroborante
3024 3469 3231 3539 Spiritu
3264 3486 3411 3524 σοπη-

1847 3561 2097 3632 paratio?
2138 3561 2260 3613 Alia
2296 3570 2563 3614 creaturae
2607 3570 2755 3623 sunt,
2789 3562 2906 3630 ipse
2959 3560 3188 3615 Creator
3236 3562 3411 3627 solus,

1846 3661 2035 3719 utpote
2069 3669 2097 3704 a
2126 3651 2287 3706 Patre
2313 3660 2367 3706 et
2394 3650 2533 3704 Filio
2560 3652 2961 3721 inseparabilis.
2991 3651 3134 3706 Deus
3156 3640 3269 3706 haec
3291 3654 3413 3716 tria,

1846 3745 2087 3800 Trinitas
2127 3746 2324 3814 quippe
2358 3759 2501 3798 unus
2527 3743 2670 3797 Deus
2698 3754 2803 3798 est.
2836 3741 2954 3812 Ipsa
2977 3744 3146 3805 omni.
3177 3761 3273 3799 seu
3298 3746 3419 3798 uni-

1846 3837 2092 3892 versitati
2126 3846 2185 3891 ut
2214 3844 2383 3899 esset,
2415 3836 2668 3897 contulit,
2720 3834 2836 3903 ipsa
2891 3834 3145 3902 produxit
3192 3837 3413 3898 omnia;

1849 3931 1969 3999 ipsa
1994 3930 2229 3984 Verbum
2263 3937 2317 3980 et
2353 3926 2547 3980 Filium
2583 3924 2765 3978 Patris
2803 3926 2855 3979 iu
2883 3926 3087 3981 mundo
3115 3927 3415 3981 secundum

1848 4034 2067 4073 carnem
2093 4034 2190 4087 pro
2222 4018 2396 4071 salute
2424 4025 2609 4070 nostra
2635 4018 2860 4079 creavit,
2889 4032 2915 4069 a
2944 4016 3103 4071 Patre
3127 4027 3179 4071 et
3208 4017 3412 4087 Spiritu

1847 4121 2037 4167 saneto
2074 4109 2515 4179 inseparabilem.
2545 4106 2681 4162 Vere
2713 4118 2892 4162 autem
2924 4119 3256 4177 superventu
3290 4110 3417 4177 Spi-

1850 4205 1988 4257 ritus
2022 4204 2360 4262 incantatur,
2398 4211 2451 4254 et
2485 4200 2539 4253 fit
2573 4201 2716 4270 quod
2754 4216 2859 4253 non
2897 4211 3052 4263 erat,
3087 4200 3251 4254 homo
3282 4204 3410 4255 mihi

1847 4294 2063 4357 similis,
2095 4300 2374 4361 pereatum
2420 4307 2581 4346 omne
2612 4301 2662 4346 et
2697 4291 3038 4360 iniquitatem
3068 4294 3111 4345 si
3144 4293 3410 4361 excipias.

1852 4382 1992 4437 Deus
2023 4381 2185 4437 simul
2219 4390 2273 4434 ct
2299 4382 2463 4435 homo
2496 4382 2763 4436 videndus
2796 4383 3051 4435 omnibus
3099 4384 3302 4439 habens
3329 4386 3415 4436 du-

1852 4474 2038 4528 viuum
2076 4473 2361 4541 Spiritum,
2411 4474 2502 4542 qui
2561 4472 2664 4542 ipsi
2712 4474 3032 4527 naturaliter
3078 4473 3254 4538 adest,
3292 4492 3413 4529 cum

174 4556 444 4619 deseruit,
479 4557 629 4609 illico
659 4557 783 4609 vitae
816 4556 981 4623 hujus
1021 4556 1280 4617 tenebris,
1315 4569 1379 4608 ac
1416 4557 1638 4625 pelagus
1666 4556 1738 4608 ir-

1846 4582 1955 4636 quo
1983 4578 2228 4621 mortuos
2259 4567 2310 4619 in
2353 4566 2516 4618 vitam
2550 4564 2786 4628 reduxit,
2823 4574 2877 4618 et
2912 4579 3183 4620 caecorum
3224 4568 3415 4622 oculos

172 4649 551 4718 requieturqu
606 4647 999 4717 cogitationum
1054 4662 1139 4701 me
1199 4649 1461 4710 obruunt,
1515 4657 1568 4702 et
1615 4654 1744 4703 tera:

176 4741 522 4793 turbidmum
603 4748 848 4790 motuum
935 4752 1024 4791 me
1101 4737 1383 4799 devorant,
1439 4738 1743 4806 iaculisque

176 4833 599 4896 oninigenarum
655 4830 1057 4899 cogitationum
1111 4829 1387 4883 vulneror.
1420 4827 1521 4882 libi
1552 4844 1743 4883 rursus

175 4923 378 4990 pietate
412 4928 748 4983 commotus,
780 4922 883 4972 mei
915 4922 1181 4973 misertus
1219 4920 1409 4977 fueris.
1450 4932 1496 4972 et
1535 4918 1743 4975 tiu-biles

176 5015 600 5066 lamentationes
649 5026 798 5065 meas
850 5010 1191 5075 cxaudieris,
1227 5010 1571 5079 getiiitusque
1614 5028 1740 5079 per-

171 5109 414 5174 ceperis,
447 5114 504 5157 ct
540 5106 810 5173 lacrymas
841 5103 1157 5169 admiseris,
1188 5112 1239 5157 et
1274 5104 1340 5157 ad
1376 5105 1739 5156 humilitatem

174 5209 353 5248 meam
420 5194 694 5263 respicere
751 5192 1018 5255 volucris,
1048 5191 1140 5259 qui
1210 5193 1558 5260 inexpiabilia
1614 5208 1741 5261 pce-

170 5288 311 5348 tavi,
345 5286 541 5352 procul
580 5292 638 5336 ut
674 5284 833 5338 stella
863 5282 1120 5336 exoriens
1144 5283 1369 5347 videris,
1401 5294 1452 5336 et
1483 5284 1737 5352 paulatim

171 5377 421 5429 dilataris
469 5378 602 5443 (non
654 5384 709 5427 tu
755 5374 873 5444 ipse
928 5375 1033 5427 huc
1082 5375 1321 5443 patiens,
1355 5375 1450 5428 sed
1506 5383 1739 5427 mentem

169 5471 314 5522 seni
349 5477 429 5521 tut
458 5469 525 5519 ad
561 5466 852 5519 videndum
878 5466 1183 5535 aperiens).
1215 5468 1421 5521 sensim
1466 5468 1663 5536 major,
1686 5477 1739 5521 ct

171 5560 349 5613 instar
399 5556 535 5609 solis
564 5556 834 5611 carueris.
867 5554 1229 5626 Fugientibus
1275 5557 1495 5629 quippe,
1523 5568 1575 5613 ct
1600 5575 1737 5613 .cva-

175 5649 534 5707 metentibus
575 5648 815 5703 tenebris
844 5648 1102 5704 advenire
1134 5658 1185 5706 lc
1217 5659 1369 5718 puto,
1411 5652 1503 5719 qui
1538 5652 1737 5721 iii-ique

238 5833 284 5867 ⁵³
315 5830 488 5889 lCor.
516 5848 573 5901 ιι,
605 5834 660 5891 9.

1848 4661 2079 4728 aperuit,
2120 4658 2362 4726 leprosos
2393 4657 2692 4719 inundavit,
2726 4655 3001 4710 daemones
3035 4673 3065 4711 c
3095 4659 3414 4725 corporibus

1850 4748 2101 4802 humanis
2129 4748 2356 4816 exlitilit.
2416 4747 2561 4798 Idem
2594 4759 2787 4813 passus
2811 4760 3049 4801 crucem.
3082 4755 3135 4799 ct
3162 4755 3413 4809 mortem,

1850 4839 1902 4891 in
1930 4837 2124 4903 spiritu
2165 4836 2486 4897 resurrexit,
2535 4842 2585 4887 et
2624 4834 2674 4885 in
2719 4834 2891 4902 gloria
2931 4844 3250 4903 assumptus
3291 4846 3369 4887 est
3396 4875 3408 4894 ,

1849 4929 2204 4996 semitamque
2230 4926 2282 4977 in
2307 4924 2503 4978 malum
2532 4926 2805 4992 reparavit
2825 4924 3080 4977 omnibus
3104 4923 3157 4975 iu
3180 4938 3240 4976 se
3265 4935 3411 4978 certa

1850 5035 1911 5072 ac
1942 5020 2093 5069 firma
2119 5018 2220 5068 lide
2250 5014 2620 5078 credentibus;
2640 5024 2690 5067 et
2716 5014 2974 5080 Spiritum
3002 5015 3410 5068 sanctissimum

1852 5109 1906 5161 in
1938 5121 2127 5162 omnes
2157 5106 2314 5159 [idem
2351 5104 2609 5172 operibus
2638 5104 2928 5169 probantes
2958 5103 3176 5158 abunde
3198 5103 3419 5162 eﬂ‘udit,

1848 5211 1901 5254 ct
1932 5216 2078 5254 nunc
2112 5212 2327 5269 qtioquc
2359 5197 2609 5249 eumdem
2643 5196 2789 5263 large
2819 5194 2871 5247 in
2907 5196 3040 5248 tales
3071 5194 3321 5258 eﬂ'uudit,
3349 5212 3410 5247 ac

1850 5305 1946 5358 per
1996 5290 2169 5357 ipsum
2220 5287 2351 5340 deos
2403 5296 2622 5353 repente
2672 5286 2835 5345 facit.
2882 5286 3086 5355 quibus
3127 5287 3412 5343 copulata,

1850 5384 2042 5444 fuerit;
2087 5389 2141 5434 ct
2187 5379 2276 5431 i'ile
2324 5393 2421 5431 eos
2484 5391 2548 5430 ex
2608 5376 2923 5431 hominibus
3002 5376 3412 5429 imimitabiliter

1847 5475 2123 5533 immutat,
2159 5486 2220 5524 ac
2257 5470 2346 5522 Dei
2381 5469 2543 5531 filius,
2579 5467 2772 5521 fratres
2805 5468 3124 5531 Sulvatoris,
3160 5476 3214 5519 et
3248 5467 3413 5519 ha‘re.

1848 5566 1943 5621 des
1968 5565 2188 5633 quidem
2236 5562 2365 5626 Dei,
2408 5562 2715 5615 cohau-edes
2746 5572 2923 5612 autem
2956 5558 3161 5612 Chriin
3195 5556 3354 5611 efficit
3393 5598 3406 5614 .

1848 5657 1976 5711 deos
2007 5671 2129 5710 Cum
2157 5655 2262 5709 Deo
2290 5665 2570 5708 versantes
2601 5654 2652 5706 in
2685 5653 2889 5721 Spiritu
2922 5658 3142 5716 sancto,
3164 5651 3407 5721 alligatus
