4182 6456
787 369 888 438 591

783 578 886 630 cile
914 589 1036 628 cum
1073 574 1291 627 Christo
1325 574 1376 624 in
1411 572 1610 624 ρίτιιιιηι
1655 573 2048 637 ascenderunt,
2084 582 2138 626 et
2182 582 2353 628 totam

781 670 903 722 vita
933 667 1070 722 bene
1100 666 1315 735 agendae
1345 665 1610 716 rationem
1645 664 1716 715 ibi
1753 664 2154 732 acquisicrunt,
2190 665 2242 718 in
2275 666 2355 718 vi-

780 762 936 815 sione
962 759 1252 822 bonorum,
1282 771 1402 826 qua:
1428 757 1626 809 oculus
1663 771 1772 808 non
1802 756 1962 810 vidit.
2341 760 2345 764 '

848 893 986 959 Quid
1021 892 1186 962 igitur
1229 905 1425 946 currus
1463 890 1676 960 igneus,
1725 891 1818 959 qui
1860 890 2030 945 Eliam
2087 892 2356 946 abstulit?

777 985 906 1056 quid
937 985 1146 1040 Enochi
1179 983 1503 1038 translatio?
1523 983 1590 1035 ad
1614 983 1728 1036 haec
1752 997 1853 1052 ego
1880 984 1955 1035 ita
1989 991 2192 1047 statuo,
2213 986 2355 1038 sicut

776 1093 928 1132 mare
961 1077 1092 1132 olim
1125 1076 1275 1146 virga
1307 1075 1572 1140 divisum,
1603 1084 1656 1130 et
1690 1091 1889 1129 manna
1920 1091 1949 1130 e
1973 1077 2114 1130 cmlo
2149 1079 2354 1133 cadens

779 1181 938 1242 typus
958 1169 1155 1253 solum,
1183 1176 1236 1224 et
1259 1169 1507 1240 symbola
1535 1167 1777 1233 fuerunt,
1805 1182 1956 1222 mare
1980 1168 2352 1237 baptismatis,

775 1274 978 1318 manna
1011 1257 1353 1314 Salvatoris:
1389 1259 1580 1311 eodem
1619 1257 1783 1310 modo
1819 1257 1910 1311 illa
1941 1258 2135 1313 horum
2161 1259 2355 1312 adum-

774 1355 1107 1417 brationem,
1149 1363 1202 1406 et
1242 1349 1486 1421 symbola
1513 1350 1760 1419 quaedam
1800 1364 1958 1415 esse;
2008 1351 2240 1421 horum),
2271 1353 2350 1405 in-

773 1463 962 1518 quam,
997 1443 1410 1512 incomparabili
1440 1444 1785 1507 excellentia,
1811 1452 1865 1496 et
1893 1443 2063 1512 g!oria
2098 1445 2355 1513 pratdito-

774 1558 926 1606 rum,
953 1549 1219 1611 quantum
1260 1538 1514 1592 videlicet
1552 1538 1854 1590 increatum
1907 1544 2099 1591 creato
2156 1546 2352 1592 natura

774 1634 1072 1691 antecellit.
1117 1631 1312 1686 Manna
1345 1631 1536 1692 enim,
1579 1630 1724 1696 quod
1767 1631 1927 1698 panis
1983 1638 2038 1685 et
2091 1631 2351 1686 alimonia

773 1726 1091 1797 angelorum
1135 1733 1360 1778 vocatur
1392 1723 1462 1787 ",
1494 1722 1640 1792 quod
1693 1722 1906 1776 Hebraei
1953 1723 2008 1775 in
2056 1723 2352 1776 solitudine

772 1821 1154 1883 comederunt,
1186 1813 1408 1880 deiecit,
1429 1817 1614 1884 periit,
1647 1814 1961 1884 mortuique
1983 1825 2112 1868 sunt
2138 1829 2347 1880 omnes,
2381 1818 2429 1877 B

771 1920 823 1965 et
854 1919 1095 1980 quotque
1129 1924 1194 1963 eo
1233 1906 1639 1970 vescebantur,
1673 1921 1780 1960 non
1814 1905 1941 1960 inde
1969 1906 2136 1959 vitam
2194 1922 2349 1960 asse-

773 2006 1106 2076 quebantur.
1137 2000 1278 2056 Caro
1314 2009 1498 2054 autem
1534 1997 1753 2053 Domini
1782 1999 1912 2061 mei,
1938 2013 2063 2052 cum
2090 1999 2162 2054 sit
2195 1998 2348 2053 deiﬁ-

771 2103 917 2157 cata,
958 2103 1010 2148 et
1042 2092 1162 2144 vitae
1191 2090 1369 2155 plena,
1396 2102 1591 2141 omnes
1627 2087 1980 2140 comedentcs
2015 2087 2136 2138 vita:
2172 2087 2345 2154 parti-

771 2189 923 2256 cipes
953 2184 1100 2248 facit,
1130 2190 1182 2236 et
1206 2178 1621 2234 immortalitate
1651 2184 1832 2246 auget.
1874 2174 2026 2230 Facit
2055 2190 2218 2244 porro
2249 2190 2346 2230 eos

774 2293 882 2334 non
911 2276 1079 2330 altum
1113 2287 1264 2326 mare
1295 2271 1553 2335 transire,
1581 2284 1683 2323 nec
1723 2285 1787 2322 ex
1821 2267 2056 2338 Aﬂgypto
2094 2268 2148 2321 in
2184 2269 2345 2321 aliam

772 2372 1049 2442 regionem
1086 2363 1346 2426 traducit,
1384 2378 1506 2432 qua:
1533 2377 1752 2416 rursum
1784 2359 1998 2415 fructus
2024 2360 2345 2414 interituros

773 2458 1094 2516 hominibus
1124 2454 1348 2519 eﬂerat;
1386 2453 1481 2508 sed
1517 2467 1620 2506 nec
1651 2467 1750 2521 per
1774 2467 1951 2505 annos
1978 2452 2344 2521 quadraginta

770 2570 871 2611 nos
909 2551 1192 2607 ambulare
1226 2547 1413 2602 mundi
1446 2545 1783 2613 Redemptor
1818 2544 2010 2613 jubet,
2037 2553 2096 2598 ut
2140 2545 2195 2597 in
2228 2553 2342 2598 ter-

771 2662 886 2702 ram
933 2641 1319 2713 promissionis
1347 2639 1739 2702 deveniamus;
1781 2637 1874 2690 sed
1923 2653 2050 2690 cum
2099 2635 2344 2691 lidemi-

770 2741 913 2793 nime
943 2735 1109 2789 dubia
1146 2733 1475 2801 baptizatos,
1523 2730 1809 2799 tactosque
1839 2729 2110 2798 corporis.
2137 2737 2194 2782 et
2218 2744 2346 2782 san-

768 2828 952 2900 guinis
977 2827 1097 2897 ejus
1127 2824 1441 2895 participes,
1479 2824 1544 2876 ab
1581 2823 1805 2876 interitu
1849 2823 1901 2875 in
1943 2822 2146 2885 vitam,
2181 2835 2208 2873 a
2242 2829 2340 2875 te-

769 2920 952 2974 nebris
977 2919 1032 2972 ir:
1062 2918 1261 2977 lucem,
1298 2928 1327 2966 a
1355 2923 1497 2967 terra
1530 2914 1583 2966 in
1609 2911 1807 2966 caelum
1851 2927 1975 2966 mox
2016 2912 2178 2966 simul
2210 2912 2345 2966 sub-

766 3021 964 3068 vectat.
993 3009 1152 3065 Prius
1199 3022 1285 3061 me
1333 3006 1703 3074 corruptione,
1742 3015 1796 3059 et
1843 3014 2017 3057 morte
2066 3013 2336 3069 exutum,

767 3102 1140 3172 totumpquod
1177 3099 1409 3170 cognovi
1444 3107 1496 3152 et
1528 3097 1700 3163 sensi,
1735 3097 1788 3149 in
1821 3097 2126 3150 libertatem
2175 3110 2340 3150 asse~

767 3199 910 3262 ruit;
946 3211 1009 3249 ac
1042 3193 1259 3256 deinde,
1292 3207 1413 3260 qua:
1455 3190 1628 3259 magis
1666 3199 1749 3243 est
1783 3188 2136 3257 suspicienda
2175 3186 2337 3240 novi-

767 3298 871 3352 tas,
907 3286 1106 3340 cmlum
1145 3298 1231 3337 me
1264 3281 1411 3345 fecit,
1439 3289 1493 3334 et
1533 3281 1589 3333 in
1619 3293 1704 3333 me
1729 3279 1975 3331 omnium
2025 3283 2217 3330 auctor
2247 3276 2344 3329 ha-

765 3373 993 3440 bitarit;
1035 3372 1180 3444 quod
1227 3373 1548 3425 benelicium
1589 3369 1795 3422 nemini
1830 3376 2075 3422 veterum
2123 3374 2343 3421 sancto-

763 3486 886 3524 rum
925 3466 1175 3536 contigit.
1201 3464 1339 3519 Olim
1369 3466 1571 3532 quippe
1605 3463 1932 3531 loquebatur
1956 3475 2053 3528 per
2085 3465 2340 3513 sanctum

767 3559 1049 3631 Spiritum,
1087 3558 1312 3626 ejusque
1347 3555 1548 3609 virtute
1594 3568 1765 3623 opera
1821 3566 1990 3620 supra
2039 3561 2296 3604 naturam
2326 3590 2341 3616 ,

764 3652 1137 3706 conditionem
1199 3661 1381 3699 rerum
1437 3643 1840 3714 perpetrabat:
1888 3640 2334 3695 substantialiter

767 3758 949 3798 autem
987 3755 1330 3810 nequaquam
1367 3739 1460 3792 ulli
1505 3739 1649 3792 Deus
1677 3735 2012 3804 conjunctus
2055 3740 2161 3795 est,
2189 3742 2345 3786 ante-

763 3850 926 3907 quam
961 3832 1214 3888 Christus
1252 3830 1394 3886 Deus
1423 3845 1578 3884 meus
1612 3829 1884 3882 humanos
1917 3835 2069 3879 artus
2096 3825 2343 3892 suscipe-

761 3937 868 3984 ret.
903 3930 1199 3995 Assumpto
1239 3927 1384 3978 enim
1421 3937 1674 3992 corpore,
1719 3918 1870 3973 dedit
1908 3918 2172 3988 Spiritum
2209 3930 2340 3968 san-

763 4031 911 4077 ctum
943 4034 1126 4081 suum,
1153 4028 1206 4072 et
1241 4030 1336 4086 per
1366 4030 1490 4069 eum
1524 4011 1961 4068 substantialiter
1994 4008 2180 4060 unitur
2215 4007 2343 4060 tide-

763 4114 907 4168 libus
939 4109 1246 4167 universis:
1274 4115 1327 4162 et
1361 4107 1568 4175 irrupta
1607 4114 1770 4174 atque
1791 4099 2095 4155 insolubilis
2126 4109 2211 4152 est
2240 4099 2341 4151 ista

764 4219 917 4259 υιιιο.

831 4339 982 4393 Eheu
1008 4341 1020 4393 ι
1047 4337 1262 4409 (acerbe
1289 4334 1436 4390 enim
1457 4331 1742 4387 hominum
1773 4343 1963 4386 errore
1993 4341 2159 4398 cogor
2192 4327 2342 4395 inge-

763 4431 1018 4499 miscere)
1049 4435 1326 4500 quomodo
1352 4445 1458 4481 non
1481 4425 1761 4480 credimus
1781 4421 2042 4478 Christo?
2063 4423 2338 4490 quomodo

2013 372 2394 432 SYMEONIS
2422 375 2789 437 JUNIORIS

784 481 1002 553 quidem
1045 479 1158 534 sola
1190 495 1375 542 carne,
1410 479 1603 548 spiritu
1638 486 1817 533 autem
1849 480 2086 545 liberos;
2130 483 2223 550 qui
2283 482 2360 536 fa-
2391 486 2442 544 Α

3936 384 4044 448 592

2979 489 3209 545 CAPUT
3253 490 3517 545 XXXVII.

2463 623 2718 687 Quwdam
2756 627 3173 694 theologumeua.
3204 629 3360 693 Item,
3394 631 3481 690 qui
3518 646 3609 696 per
3640 629 3871 696 Spiritus
3916 649 4045 682 son-

2532 697 2602 745 cti
2649 696 3066 770 communionem
3119 700 3433 751 immutatus
3489 715 3591 752 non
3652 703 3754 763 sit,
3810 718 3906 754 nec
3951 718 4045 770 per

2531 765 2863 828 adoptionem
2919 766 3086 819 Deum
3133 771 3463 836 cognoverit,
3501 771 3546 822 ei
3588 780 3642 822 ut
3695 765 4044 826 homines-dc

2530 836 2725 889 divinis
2762 836 2912 888 rebus
2939 838 3171 902 erudiat,
3204 855 3308 891 non
3344 841 3576 895 concedi.

2531 951 2664 1016 Quis
2704 949 2948 1004 dolorem
2981 951 3165 1006 cordis
3202 954 3304 1006 mei
3341 954 3760 1008 consolabitur?
3787 956 4035 1012 dolorem

2458 1055 2583 1095 cum
2612 1043 2746 1109 dixi,
2779 1043 3084 1098 Salvatoris
3119 1044 3454 1100 desiderium
3493 1047 3822 1115 signiﬁcavi.
3881 1049 4036 1105 Desi-

2458 1132 2670 1186 derium
2711 1143 2892 1190 autem
2930 1143 3095 1205 atque
3128 1137 3294 1190 ardor
3335 1138 3460 1201 iste,
3493 1139 3746 1194 eﬂcctum
3797 1141 4040 1209 Spiritus

2458 1222 2540 1275 vel
2576 1223 2756 1291 potius
2781 1226 3096 1281 essentialis
3120 1228 3406 1295 praesentia
3437 1238 3540 1288 est,
3558 1227 3647 1282 lux
3665 1230 4042 1294 triumuiri»,-

2459 1317 2604 1370 intus
2640 1317 2694 1369 in
2733 1333 2818 1370 me
2852 1317 2990 1371 visa.
3023 1317 3116 1371 Est
3144 1329 3327 1374 autem
3357 1320 3447 1374 lux
3488 1323 3942 1393 incomparabilis
3987 1338 4040 1379 ct

2459 1407 2748 1463 inen‘abilis
2782 1410 3019 1477 penitus.
3058 1408 3196 1475 Quis
3229 1427 3317 1466 me
3355 1425 3605 1468 secernet
3653 1430 3718 1469 ae
3761 1416 3985 1486 disjung
4022 1426 4040 1470 t

2458 1516 2488 1554 a
2520 1500 2685 1556 rebus
2715 1516 2936 1557 sensum
2975 1504 3346 1568 moventibus,
3386 1521 3415 1558 a
3447 1508 3645 1574 quibus
3683 1509 3849 1562 semel
3900 1510 4034 1562 Ιίὺν-

2459 1600 2631 1654 ratus,
2677 1600 2730 1645 et
2783 1591 3138 1646 absconditus
3188 1607 3335 1659 sum,
3378 1597 3599 1663 quando
3631 1597 3895 1650 mundum
3936 1598 4040 1651 sub

2459 1680 2688 1747 pedibus
2720 1680 2926 1734 habui?
2957 1682 3084 1750 quis
3115 1682 3246 1736 mihi
3282 1683 3437 1738 dabit
3471 1688 3928 1755 tranquillitatem
3985 1698 4039 1740 ct

2457 1774 2698 1842 quietem
2729 1775 2798 1825 ab
2829 1773 3114 1839 omnibus,
3150 1785 3209 1828 ut
3235 1775 3379 1831 illius
3410 1779 3841 1843 pulchritudine,
3876 1795 4040 1848 aspe-

2460 1876 2662 1935 ctuque
2695 1865 2890 1929 satier;
2921 1880 3084 1935 quem
3117 1866 3244 1935 quia
3280 1867 3584 1938 intelligere
3636 1887 3874 1941 nequeo,
3913 1874 4037 1925 idco

2461 1971 2645 2010 amore
2678 1955 3024 2010 inﬂammor?
3047 1965 3312 2025 quantum
3350 1974 3477 2012 vero
3509 1962 3923 2028 comprehendi,
3955 1973 4032 2014 ἰι-

2457 2064 2565 2119 que
2611 2051 2837 2120 intelligi
2899 2063 3120 2122 potest',
3179 2057 3489 2113 subsistens
3541 2072 3695 2110 amor
3741 2068 3845 2112 est.
3901 2056 4032 2110 Nam

2457 2142 2700 2198 charitas
2755 2160 2866 2198 non
2913 2157 2998 2200 est
3045 2163 3268 2213 nomen,
3325 2151 3420 2205 sed
3469 2150 3650 2204 divina
3702 2153 4032 2214 substantin,

2457 2235 2875 2305 participabilis,
2945 2246 3002 2292 et
3074 2241 3688 2310 incomprehensibilis,
3746 2255 3800 2297 et
3850 2244 4034 2296 divina

2457 2341 2704 2395 prorsus.
2745 2327 2901 2393 Quod
2950 2332 3332 2400 participatur,
3375 2333 3763 2402 comprehendi
3815 2342 4031 2403 potest;

2456 2418 2560 2472 hoc
2592 2422 2713 2488 plus
2753 2435 2860 2475 non
2887 2431 3087 2492 potest.
3120 2422 3330 2477 Idcirco
3361 2424 3476 2479 dixi
3519 2424 3638 2490 tibi,
3671 2426 4001 2494 comprehen
4022 2455 4034 2463 -

2454 2510 2668 2566 sibilem
2711 2527 2833 2567 esse
2879 2528 3161 2580 amorem,
3212 2522 3261 2570 et
3316 2516 3494 2586 ipsum
3547 2517 3934 2582 ὲνυπόστατον,
3977 2530 4030 2570 ut

2453 2603 2890 2672 partieipabilem
2913 2647 2928 2671 ,
2959 2614 3014 2658 et
3055 2608 3635 2674 comprehensibilan
3670 2609 3846 2664 Omne
3877 2613 4026 2664 enim

2453 2697 2600 2766 quod
2651 2699 3045 2767 comprehendi
3100 2709 3156 2756 et
3205 2702 3520 2771 participari
3567 2715 3774 2772 potest,
3845 2703 4034 2771 utique

2452 2789 2691 2841 essentia
2719 2797 2805 2843 est
2833 2791 3194 2854 ἑνυποστάτος
3220 2793 3637 2862 participabilis,
3663 2794 4029 2861 similLterque

2452 2879 3006 2948 comprehensibilis;
3036 2896 3160 2936 nam
3191 2884 3336 2953 quod
3365 2885 3484 2938 sine
3507 2886 3740 2939 essentia
3767 2895 3870 2952 est,
3898 2887 4030 2938 nihil

2449 2977 2558 3034 est,
2592 2979 2647 3025 et
2677 2971 2813 3024 nihil
2843 2971 3069 3027 dicitur.
3102 2973 3295 3029 Divina
3327 2987 3509 3029 autem
3544 2985 3736 3029 natura
3766 2977 4029 3035 increata.

2451 3070 2507 3117 et
2545 3065 3021 3132 superessentialis
3048 3075 3156 3129 est,
3195 3077 3381 3136 utpote
3407 3071 3654 3122 omnium
3687 3083 3872 3123 rerum
3901 3085 4034 3123 con-

2366 3178 2412 3236 c
2447 3154 2693 3208 diturum
2735 3157 3036 3211 essentiam
3073 3161 3522 3228 supergrediens.
3557 3161 3789 3215 Vocatur
3833 3176 4031 3231 super-

2445 3245 2760 3299 essentialis
2790 3246 3139 3313 ὑπερούσιος,
3177 3257 3232 3302 ct
3281 3260 3461 3304 tamen
3511 3260 3594 3305 est
3645 3250 3910 3316 ἰνούσιος,
3947 3262 4032 3305 est

2448 3337 2812 3403 ἐνυπόστατος
2878 3354 3048 3408 super
3117 3357 3337 3397 onmem
3400 3345 3738 3408 essentiam,
3798 3356 3853 3399 et
3905 3362 4030 3401 eum

2446 3437 2628 3484 creata
2662 3429 2940 3498 hypostasi
2974 3433 3120 3485 nulla
3153 3433 3366 3489 ratione
3396 3435 3634 3490 conferri
3668 3451 3829 3506 posse
3857 3438 3992 3494 intel
4013 3469 4027 3479 -

2447 3521 2653 3590 ligitur,
2687 3531 2773 3577 est
2802 3523 2948 3576 enim
2992 3534 3187 3578 natura
3228 3542 3326 3579 sua
3370 3537 3482 3581 tota
3520 3529 4026 3601 incircumscripta.

2447 3608 2603 3673 Quod
2629 3624 2734 3662 non
2760 3619 2845 3665 est
2875 3612 3377 3682 circumscriptum,
3408 3619 3683 3685 quomodo
3706 3619 4028 3689 hypostasin

2447 3701 2800 3756 nominabis?
2837 3704 2982 3773 quod
3013 3719 3124 3758 non
3163 3706 3439 3774 subsistit,
3474 3710 3612 3765 nihil
3645 3722 3748 3774 est,
3797 3723 3853 3767 et
3887 3729 4029 3782 quo-

2447 3790 2611 3845 modo
2639 3792 2768 3846 mihi
2797 3796 3300 3852 communicabile?

2516 3884 2580 3938 Si
2619 3901 2727 3939 non
2760 3887 2966 3950 credis,
2997 3886 3230 3942 Paulum
3266 3897 3488 3957 testem,
3519 3901 3816 3964 utrumque
3845 3900 4029 3950 credi-

2447 3972 2552 4027 bile
2595 3989 2717 4028 esse
2757 3977 3175 4033 conﬁrmantem
3229 3979 3325 4034 tibi
3365 3983 3676 4048 producam.
3698 3983 3834 4038 Cum
3875 3989 4021 4041 enim

2445 4067 2592 4120 dicat
2620 4066 2818 4122 habere
2857 4083 2916 4123 se
2963 4071 3111 4125 intus
3140 4070 3421 4128 Christum
3479 4075 3816 4145 loquentem,
3865 4088 3918 4134 et
3968 4083 4019 4133 in

2447 4155 2653 4226 Spiritu
2688 4171 2880 4213 sancto
2913 4175 2974 4214 se
3014 4162 3352 4230 loquentem,
3383 4167 3926 4233 communicabilem,
3971 4184 4025 4225 et

2446 4248 2934 4304 circumseribilem
2960 4252 3306 4307 divinitatem
3368 4255 3525 4321 dicit,
3553 4273 3677 4326 quin
3711 4261 3791 4313 sic
3823 4261 3898 4314 illi
3933 4264 4031 4315 ad-

2445 4347 2583 4403 erat,
2625 4348 2684 4392 ut
2744 4348 2927 4395 tamen
2957 4343 3336 4398 circumscribi
3363 4387 3378 4406 .
3424 4357 3588 4417 atque
3633 4354 4021 4418 terriprclieiidi

2447 4433 2722 4499 nequiret.
2754 4431 2986 4497 Quando
3017 4447 3197 4488 autem
3237 4435 3422 4491 lumen
3454 4440 3831 4497 inaccessibile
3867 4445 4024 4498 habi-

763 4541 886 4578 cum
922 4540 1026 4578 non
1061 4521 1383 4591 sequimur?
1411 4517 1689 4588 quomodo
1737 4517 1904 4569 vitam
1961 4530 2069 4567 non
2115 4521 2342 4582 cxopla-
2366 4520 2419 4579 D
2455 4531 2663 4577 tantem
2696 4525 3014 4590 introducit,
3043 4537 3409 4599 testaturque,
3444 4546 3720 4602 nunquam
3749 4537 3924 4589 visum
3958 4540 4026 4590 ab

768 4615 934 4670 mus?
969 4617 1238 4684 quomodo
1273 4613 1497 4666 divitias
1528 4611 1650 4678 ejus
1683 4624 1788 4662 non
1815 4605 2228 4675 depraedabiles,
2285 4613 2341 4660 et

761 4709 1119 4770 immortales,
1175 4720 1282 4758 non
1339 4712 1715 4759 senescentem
1755 4701 2009 4768 gloriam,
2055 4710 2111 4752 ct
2163 4713 2337 4751 mvum

758 4813 882 4852 cum
921 4799 1038 4865 ipso
1073 4796 1376 4865 degendam
1410 4809 1519 4847 non
1551 4790 2034 4860 concupiscimus?
2062 4790 2340 4858 quomodo

757 4891 1020 4960 perituris
1056 4889 1195 4941 δίΙίχί
1229 4929 1243 4954 ,
1287 4903 1386 4939 nos
1421 4887 1688 4940 salvatqu
1730 4887 1794 4937 iri
1843 4884 2195 4948 conﬁdimus,
2243 4884 2336 4951 qui

757 4982 1041 5035 Christum
1094 4994 1202 5034 non
1245 4979 1537 5047 plusquam
1590 4991 1711 5044 qum
1755 4984 2107 5038 contuemur,
2154 4974 2337 5042 diligi-

758 5090 903 5138 mus,
938 5087 1037 5126 ncc
1068 5083 1192 5140 post
1213 5072 1330 5124 lata
1366 5086 1464 5126 nos
1498 5085 1622 5122 cum
1652 5069 1745 5121 illo
1777 5067 1996 5123 futuros
2023 5081 2334 5134 speramus,

757 5168 851 5222 sed
886 5181 1050 5219 sensu
1087 5166 1269 5218 minus
1304 5165 1467 5216 etiam
1504 5175 1666 5230 quam
1701 5162 1846 5230 ligna
1881 5171 1934 5213 et
1978 5161 2188 5228 lapides
2223 5162 2332 5214 uti-

756 5273 900 5309 mur.
939 5254 1134 5308 Libera
1169 5270 1272 5317 me,
1313 5254 1549 5317 Christe,
1582 5253 1651 5305 ab
1693 5254 1794 5304 ista
1830 5252 2041 5304 insania
2079 5251 2334 5304 volunta-

757 5349 860 5410 ria,
898 5356 950 5400 ct
981 5347 1116 5399 doce
1149 5362 1334 5400 amare
1367 5357 1417 5399 te
1450 5347 1613 5398 vitam
1646 5343 1884 5397 lidcliuni
1913 5344 2183 5398 ouiuium.
2209 5344 2330 5396 Tibi

756 5440 900 5493 enim
944 5453 1180 5508 semper,
1218 5449 1273 5491 ut
1306 5440 1414 5508 regi
1447 5479 1461 5502 ,
1501 5439 1697 5507 gloria,
1738 5438 1934 5504 honor,
1974 5445 2026 5489 et
2063 5437 2180 5490 laus
2225 5437 2330 5490 "de-

757 5535 934 5598 betur,
973 5547 1095 5586 cum
1133 5529 1307 5597 Patre,
1335 5542 1388 5585 ct
1425 5541 1617 5584 sancto
1643 5531 1850 5599 Spiritu
1888 5533 1942 5582 in
1991 5529 2326 5598 sempiterna

759 5626 978 5680 saecula.
1012 5627 1206 5678 Amen.

837 5805 882 5835 “
915 5803 1063 5859 Psal.
1102 5818 1268 5870 vau,
1297 5802 1386 5870 ΞΗ,
1418 5802 1526 5869 25;
1567 5802 1738 5857 Exod.
1778 5817 1892 5867 xvr,
1924 5801 1978 5857 4.

2446 4615 2691 4682 homine,
2723 4626 2838 4668 tum
2888 4618 3424 4689 incircumscriptam
3451 4662 3463 4682 ,
3499 4633 3552 4675 ct
3599 4626 4024 4694 incomprehen-

2442 4720 2564 4760 sam
2594 4708 2863 4762 ostendit.
2899 4708 3058 4773 Quod
3101 4726 3340 4780 namque
3367 4714 3554 4767 nullus
3587 4715 3874 4771 hominum
3923 4736 4028 4772 un-

2441 4813 2606 4867 quam
2638 4801 2796 4860 vidit,
2848 4803 3129 4869 quomodo
3158 4813 3252 4856 aut
3297 4806 3565 4873 particeps
3595 4808 3714 4874 ejus
3764 4811 3886 4873 luit,
3933 4825 4027 4865 aut

2443 4889 2574 4942 il'lud
2607 4891 2958 4959 aliquatenus
2987 4893 3210 4962 attigit?
3245 4910 3590 4964 nequaquam
3627 4900 3778 4952 dices
3808 4939 3820 4962 ,
3872 4914 4028 4959 certo

2444 4982 2580 5043 scio,
2627 4997 2727 5035 uec
2767 4985 3063 5037 contendes
3095 4999 3329 5037 mecum.
3391 4987 3527 5040 Cum
3584 5005 3774 5044 rursus
3825 4995 4029 5046 dixerit

2441 5071 2537 5123 tibi
2573 5089 2586 5124 :
2617 5071 2757 5124 Deus
2783 5075 2872 5140 qui
2906 5073 3043 5124 dixit
3088 5075 3152 5126 de
3178 5075 3403 5131 tenebris
3437 5077 3611 5130 [unum
3643 5083 4027 5147 splendescere,

2438 5165 2530 5232 qui
2559 5164 2735 5217 illuxit
2763 5167 2818 5217 in
2852 5168 3096 5219 cordibus
3125 5171 3324 5222 nostris
3355 5171 3423 5234 ⁸³,
3458 5187 3618 5240 quem
3661 5175 3780 5235 tibi,
3813 5192 4023 5244 quaeso,

2440 5257 2606 5309 alium
2647 5257 2815 5311 Deum
2841 5259 3254 5329 intelligendum
3288 5262 3536 5330 subjicit,
3571 5266 3674 5316 nisi
3712 5265 3892 5329 illum,
3931 5272 4025 5334 qui

2442 5351 2649 5405 habitat
2686 5352 2894 5414 lumen,
2935 5354 3081 5423 quod
3118 5355 3260 5408 ferre
3288 5371 3444 5409 nemo
3486 5371 3595 5424 prae
3631 5359 3890 5411 claritate
3930 5379 4028 5427 po-
4067 5365 4072 5369 ’

2443 5449 2565 5503 test,
2599 5451 2653 5495 et
2674 5458 2835 5511 quem
2870 5459 3030 5497 nemo
3071 5459 3311 5513 unquam
3362 5445 3644 5497 hominum
3682 5447 3858 5502 rulit?
3905 5447 4028 5516 Ipse

2440 5535 2585 5587 enim
2622 5538 3123 5603 superessentialis,
3163 5547 3216 5591 ct
3255 5540 3404 5607 prius
3453 5540 3753 5605 incrcatus,
3799 5556 4026 5594 carucm

2439 5629 2703 5697 suscepit,
2733 5636 2786 5682 et
2813 5639 3031 5684 creatus
3071 5630 3205 5683 mihi
3248 5633 3400 5686 visus
3435 5641 3556 5687 est.
3587 5641 3760 5688 totum
3797 5649 3886 5688 me
3936 5649 4028 5688 as~

2057 5803 2104 5836 ⁸³
2134 5803 2178 5859 ll
2205 5803 2331 5861 Cor.
2377 5822 2449 5872 Iv,
2472 5808 2524 5859 (5.
