  <div class='ocr_page' id='page_1' title='image "/cluster/home/n/w/nwhite01/storage/ocr_20150623/120/nnc1.0046979972/294.png"; bbox 0 0 4182 6456; ppageno 0'>
   <div class='ocr_carea' id='block_1_1' title="bbox 203 426 306 493">
    <p class='ocr_par' dir='ltr' id='par_1_1' title="bbox 203 426 306 493">
     <span class='ocr_line' id='line_1_1' title="bbox 203 426 306 493; baseline 0.078 -8"><span class='ocrx_word' id='word_1_1' title='bbox 203 426 306 493; x_wconf 78' lang='grc'><strong>593</strong></span> 
     </span>
    </p>
   </div>
   <div class='ocr_carea' id='block_1_2' title="bbox 1258 439 2358 504">
    <p class='ocr_par' dir='ltr' id='par_1_2' title="bbox 1258 439 2358 504">
     <span class='ocr_line' id='line_1_2' title="bbox 1258 439 2358 504; baseline 0.004 -5"><span class='ocrx_word' id='word_1_2' title='bbox 1258 439 1700 503; x_wconf 82' lang='lat' dir='ltr'><strong>DIVINORUM</strong></span> <span class='ocrx_word' id='word_1_3' title='bbox 1733 440 2063 501; x_wconf 81' lang='lat' dir='ltr'><strong>AMORUM</strong></span> <span class='ocrx_word' id='word_1_4' title='bbox 2105 444 2358 504; x_wconf 78' lang='lat' dir='ltr'><strong>LIBER.</strong></span> 
     </span>
    </p>
   </div>
   <div class='ocr_carea' id='block_1_3' title="bbox 3351 440 3457 503">
    <p class='ocr_par' dir='ltr' id='par_1_3' title="bbox 3351 440 3457 503">
     <span class='ocr_line' id='line_1_3' title="bbox 3351 440 3457 503; baseline 0 -2"><span class='ocrx_word' id='word_1_5' title='bbox 3351 440 3457 503; x_wconf 68' lang='grc'><strong>594</strong></span> 
     </span>
    </p>
   </div>
   <div class='ocr_carea' id='block_1_4' title="bbox 196 543 3456 625">
    <p class='ocr_par' dir='ltr' id='par_1_4' title="bbox 196 543 3456 625">
     <span class='ocr_line' id='line_1_4' title="bbox 196 543 3456 625; baseline 0.005 -32"><span class='ocrx_word' id='word_1_6' title='bbox 196 548 482 608; x_wconf 86' lang='lat' dir='ltr'><strong>sumptum</strong></span> <span class='ocrx_word' id='word_1_7' title='bbox 518 543 835 600; x_wconf 88' lang='lat' dir='ltr'><strong>mirabiliter</strong></span> <span class='ocrx_word' id='word_1_8' title='bbox 867 548 1154 606; x_wconf 82' lang='lat' dir='ltr'><strong>deificans.</strong></span> <span class='ocrx_word' id='word_1_9' title='bbox 1191 551 1457 608; x_wconf 79' lang='lat' dir='ltr'><strong>Credisne</strong></span> <span class='ocrx_word' id='word_1_10' title='bbox 1486 553 1655 616; x_wconf 87' lang='lat' dir='ltr'><strong>istud,</strong></span> <span class='ocrx_word' id='word_1_11' title='bbox 1696 551 1784 606; x_wconf 88' lang='lat' dir='ltr'><strong>die</strong></span> <span class='ocrx_word' id='word_1_12' title='bbox 1813 548 1858 608; x_wconf 82' lang='lat' dir='ltr'><strong>A</strong></span> <span class='ocrx_word' id='word_1_13' title='bbox 1888 569 2011 608; x_wconf 84' lang='lat' dir='ltr'><strong>cum</strong></span> <span class='ocrx_word' id='word_1_14' title='bbox 2052 554 2212 609; x_wconf 92' lang='lat' dir='ltr'><strong>nobis</strong></span> <span class='ocrx_word' id='word_1_15' title='bbox 2246 555 2388 609; x_wconf 89' lang='lat' dir='ltr'><strong>idem</strong></span> <span class='ocrx_word' id='word_1_16' title='bbox 2438 553 2683 618; x_wconf 82' lang='lat' dir='ltr'><strong>accidat,</strong></span> <span class='ocrx_word' id='word_1_17' title='bbox 2729 566 2838 608; x_wconf 92' lang='lat' dir='ltr'><strong>non</strong></span> <span class='ocrx_word' id='word_1_18' title='bbox 2882 560 3140 625; x_wconf 78' lang='lat' dir='ltr'><strong>putamus</strong></span> <span class='ocrx_word' id='word_1_19' title='bbox 3185 551 3456 608; x_wconf 81' lang='lat' dir='ltr'><strong>accidere.</strong></span> 
     </span>
    </p>
   </div>
   <div class='ocr_carea' id='block_1_5' title="bbox 199 634 1778 710">
    <p class='ocr_par' dir='ltr' id='par_1_5' title="bbox 199 634 1778 710">
     <span class='ocr_line' id='line_1_5' title="bbox 199 634 1778 710; baseline 0.01 -29"><span class='ocrx_word' id='word_1_20' title='bbox 199 643 324 696; x_wconf 95' lang='lat' dir='ltr'><strong>age,</strong></span> <span class='ocrx_word' id='word_1_21' title='bbox 357 640 412 684; x_wconf 89' lang='lat' dir='ltr'><strong>et</strong></span> <span class='ocrx_word' id='word_1_22' title='bbox 458 634 779 702; x_wconf 79' lang='lat' dir='ltr'><strong>neutiquam</strong></span> <span class='ocrx_word' id='word_1_23' title='bbox 821 636 1083 695; x_wconf 80' lang='lat' dir='ltr'><strong>dubitas?</strong></span> <span class='ocrx_word' id='word_1_24' title='bbox 1121 639 1176 694; x_wconf 91' lang='lat' dir='ltr'><strong>Si</strong></span> <span class='ocrx_word' id='word_1_25' title='bbox 1229 641 1393 710; x_wconf 86' lang='lat' dir='ltr'><strong>igitur</strong></span> <span class='ocrx_word' id='word_1_26' title='bbox 1440 641 1580 697; x_wconf 89' lang='lat' dir='ltr'><strong>Deus</strong></span> <span class='ocrx_word' id='word_1_27' title='bbox 1616 643 1778 697; x_wconf 91' lang='lat' dir='ltr'><strong>homo</strong></span> 
     </span>
    </p>
   </div>
   <div class='ocr_carea' id='block_1_6' title="bbox 201 717 1776 803">
    <p class='ocr_par' dir='ltr' id='par_1_6' title="bbox 201 717 1776 803">
     <span class='ocr_line' id='line_1_6' title="bbox 201 717 1776 803; baseline 0.01 -32"><span class='ocrx_word' id='word_1_28' title='bbox 201 717 408 782; x_wconf 84' lang='lat' dir='ltr'><strong>factus,</strong></span> <span class='ocrx_word' id='word_1_29' title='bbox 446 732 505 776; x_wconf 89' lang='lat' dir='ltr'><strong>ut</strong></span> <span class='ocrx_word' id='word_1_30' title='bbox 551 727 750 792; x_wconf 86' lang='lat' dir='ltr'><strong>credis,</strong></span> <span class='ocrx_word' id='word_1_31' title='bbox 785 728 1060 785; x_wconf 85' lang='lat' dir='ltr'><strong>hominem</strong></span> <span class='ocrx_word' id='word_1_32' title='bbox 1095 747 1203 796; x_wconf 91' lang='lat' dir='ltr'><strong>mc,</strong></span> <span class='ocrx_word' id='word_1_33' title='bbox 1233 747 1395 803; x_wconf 88' lang='lat' dir='ltr'><strong>quem</strong></span> <span class='ocrx_word' id='word_1_34' title='bbox 1453 734 1776 803; x_wconf 83' lang='lat' dir='ltr'><strong>assumpsit,</strong></span> 
     </span>
    </p>
   </div>
   <div class='ocr_carea' id='block_1_7' title="bbox 200 812 1779 895">
    <p class='ocr_par' dir='ltr' id='par_1_7' title="bbox 200 812 1779 895">
     <span class='ocr_line' id='line_1_7' title="bbox 200 812 1779 895; baseline 0.011 -30"><span class='ocrx_word' id='word_1_35' title='bbox 200 812 496 878; x_wconf 82' lang='lat' dir='ltr'><strong>deiﬁcavit,</strong></span> <span class='ocrx_word' id='word_1_36' title='bbox 522 817 812 887; x_wconf 82' lang='lat' dir='ltr'><strong>adoptione</strong></span> <span class='ocrx_word' id='word_1_37' title='bbox 847 821 986 876; x_wconf 90' lang='lat' dir='ltr'><strong>deus</strong></span> <span class='ocrx_word' id='word_1_38' title='bbox 1007 838 1127 895; x_wconf 91' lang='lat' dir='ltr'><strong>ego,</strong></span> <span class='ocrx_word' id='word_1_39' title='bbox 1149 839 1270 878; x_wconf 90' lang='lat' dir='ltr'><strong>cum</strong></span> <span class='ocrx_word' id='word_1_40' title='bbox 1285 825 1377 894; x_wconf 93' lang='lat' dir='ltr'><strong>qui</strong></span> <span class='ocrx_word' id='word_1_41' title='bbox 1408 834 1603 880; x_wconf 90' lang='lat' dir='ltr'><strong>natura</strong></span> <span class='ocrx_word' id='word_1_42' title='bbox 1639 825 1779 882; x_wconf 91' lang='lat' dir='ltr'><strong>Deus</strong></span> 
     </span>
    </p>
   </div>
   <div class='ocr_carea' id='block_1_8' title="bbox 202 906 1778 985">
    <p class='ocr_par' dir='ltr' id='par_1_8' title="bbox 202 906 1778 985">
     <span class='ocr_line' id='line_1_8' title="bbox 202 906 1778 985; baseline 0.008 -28"><span class='ocrx_word' id='word_1_43' title='bbox 202 912 309 967; x_wconf 85' lang='lat' dir='ltr'><strong>est,</strong></span> <span class='ocrx_word' id='word_1_44' title='bbox 347 906 540 973; x_wconf 91' lang='lat' dir='ltr'><strong>video;</strong></span> <span class='ocrx_word' id='word_1_45' title='bbox 584 909 738 964; x_wconf 87' lang='lat' dir='ltr'><strong>illum</strong></span> <span class='ocrx_word' id='word_1_46' title='bbox 791 914 1028 978; x_wconf 88' lang='lat' dir='ltr'><strong>scilicet,</strong></span> <span class='ocrx_word' id='word_1_47' title='bbox 1054 932 1214 985; x_wconf 89' lang='lat' dir='ltr'><strong>quem</strong></span> <span class='ocrx_word' id='word_1_48' title='bbox 1258 931 1421 972; x_wconf 88' lang='lat' dir='ltr'><strong>nemo</strong></span> <span class='ocrx_word' id='word_1_49' title='bbox 1469 918 1778 971; x_wconf 83' lang='lat' dir='ltr'><strong>mortalium</strong></span> 
     </span>
    </p>
   </div>
   <div class='ocr_carea' id='block_1_9' title="bbox 203 997 1778 1077">
    <p class='ocr_par' dir='ltr' id='par_1_9' title="bbox 203 997 1778 1077">
     <span class='ocr_line' id='line_1_9' title="bbox 203 997 1778 1077; baseline 0.01 -31"><span class='ocrx_word' id='word_1_50' title='bbox 203 997 500 1066; x_wconf 78' lang='lat' dir='ltr'><strong>aliquando</strong></span> <span class='ocrx_word' id='word_1_51' title='bbox 533 1001 717 1059; x_wconf 89' lang='lat' dir='ltr'><strong>videre</strong></span> <span class='ocrx_word' id='word_1_52' title='bbox 753 1007 950 1072; x_wconf 91' lang='lat' dir='ltr'><strong>potuit,</strong></span> <span class='ocrx_word' id='word_1_53' title='bbox 988 1022 1086 1060; x_wconf 90' lang='lat' dir='ltr'><strong>nec</strong></span> <span class='ocrx_word' id='word_1_54' title='bbox 1111 1016 1287 1077; x_wconf 84' lang='lat' dir='ltr'><strong>potest</strong></span> <span class='ocrx_word' id='word_1_55' title='bbox 1320 1008 1430 1062; x_wconf 94' lang='lat' dir='ltr'><strong>ullo</strong></span> <span class='ocrx_word' id='word_1_56' title='bbox 1465 1009 1648 1063; x_wconf 91' lang='lat' dir='ltr'><strong>modo.</strong></span> <span class='ocrx_word' id='word_1_57' title='bbox 1676 1008 1778 1074; x_wconf 87' lang='lat' dir='ltr'><strong>Qui</strong></span> 
     </span>
    </p>
   </div>
   <div class='ocr_carea' id='block_1_10' title="bbox 205 1085 1780 1168">
    <p class='ocr_par' dir='ltr' id='par_1_10' title="bbox 205 1085 1780 1168">
     <span class='ocr_line' id='line_1_10' title="bbox 205 1085 1780 1168; baseline 0.012 -31"><span class='ocrx_word' id='word_1_58' title='bbox 205 1085 372 1159; x_wconf 88' lang='lat' dir='ltr'><strong>Deum</strong></span> <span class='ocrx_word' id='word_1_59' title='bbox 412 1090 536 1145; x_wconf 83' lang='lat' dir='ltr'><strong>ﬁdei</strong></span> <span class='ocrx_word' id='word_1_60' title='bbox 577 1094 836 1162; x_wconf 85' lang='lat' dir='ltr'><strong>operibus</strong></span> <span class='ocrx_word' id='word_1_61' title='bbox 885 1105 1235 1166; x_wconf 88' lang='lat' dir='ltr'><strong>receperunt,</strong></span> <span class='ocrx_word' id='word_1_62' title='bbox 1266 1108 1321 1154; x_wconf 88' lang='lat' dir='ltr'><strong>et</strong></span> <span class='ocrx_word' id='word_1_63' title='bbox 1365 1100 1418 1153; x_wconf 94' lang='lat' dir='ltr'><strong>in</strong></span> <span class='ocrx_word' id='word_1_64' title='bbox 1451 1099 1660 1168; x_wconf 90' lang='lat' dir='ltr'><strong>Spiritu</strong></span> <span class='ocrx_word' id='word_1_65' title='bbox 1693 1115 1780 1156; x_wconf 82' lang='lat' dir='ltr'><strong>re-</strong></span> 
     </span>
    </p>
   </div>
   <div class='ocr_carea' id='block_1_11' title="bbox 203 1179 1780 1259">
    <p class='ocr_par' dir='ltr' id='par_1_11' title="bbox 203 1179 1780 1259">
     <span class='ocr_line' id='line_1_11' title="bbox 203 1179 1780 1259; baseline 0.011 -29"><span class='ocrx_word' id='word_1_66' title='bbox 203 1179 449 1241; x_wconf 89' lang='lat' dir='ltr'><strong>nati,dii</strong></span> <span class='ocrx_word' id='word_1_67' title='bbox 497 1186 860 1254; x_wconf 86' lang='lat' dir='ltr'><strong>appellantur,</strong></span> <span class='ocrx_word' id='word_1_68' title='bbox 905 1188 1084 1259; x_wconf 87' lang='lat' dir='ltr'><strong>ipsum</strong></span> <span class='ocrx_word' id='word_1_69' title='bbox 1131 1192 1282 1245; x_wconf 92' lang='lat' dir='ltr'><strong>illum</strong></span> <span class='ocrx_word' id='word_1_70' title='bbox 1333 1191 1547 1247; x_wconf 84' lang='lat' dir='ltr'><strong>Patrem</strong></span> <span class='ocrx_word' id='word_1_71' title='bbox 1592 1209 1780 1248; x_wconf 91' lang='lat' dir='ltr'><strong>eorum</strong></span> 
     </span>
    </p>
   </div>
   <div class='ocr_carea' id='block_1_12' title="bbox 199 1270 1781 1354">
    <p class='ocr_par' dir='ltr' id='par_1_12' title="bbox 199 1270 1781 1354">
     <span class='ocr_line' id='line_1_12' title="bbox 199 1270 1781 1354; baseline 0.013 -34"><span class='ocrx_word' id='word_1_72' title='bbox 199 1270 413 1336; x_wconf 82' lang='lat' dir='ltr'><strong>vident,</strong></span> <span class='ocrx_word' id='word_1_73' title='bbox 445 1288 660 1345; x_wconf 82' lang='lat' dir='ltr'><strong>semper</strong></span> <span class='ocrx_word' id='word_1_74' title='bbox 684 1276 1021 1334; x_wconf 81' lang='lat' dir='ltr'><strong>habitantem</strong></span> <span class='ocrx_word' id='word_1_75' title='bbox 1044 1282 1227 1337; x_wconf 88' lang='lat' dir='ltr'><strong>lumen</strong></span> <span class='ocrx_word' id='word_1_76' title='bbox 1256 1283 1655 1349; x_wconf 82' lang='lat' dir='ltr'><strong>inacccssibile,</strong></span> <span class='ocrx_word' id='word_1_77' title='bbox 1679 1285 1781 1354; x_wconf 88' lang='lat' dir='ltr'><strong>ipsi</strong></span> 
     </span>
    </p>
   </div>
   <div class='ocr_carea' id='block_1_13' title="bbox 202 1361 1780 1446">
    <p class='ocr_par' dir='ltr' id='par_1_13' title="bbox 202 1361 1780 1446">
     <span class='ocr_line' id='line_1_13' title="bbox 202 1361 1780 1446; baseline 0.013 -34"><span class='ocrx_word' id='word_1_78' title='bbox 202 1361 255 1413; x_wconf 77' lang='lat' dir='ltr'><strong>in</strong></span> <span class='ocrx_word' id='word_1_79' title='bbox 294 1363 494 1432; x_wconf 88' lang='lat' dir='ltr'><strong>seipsis</strong></span> <span class='ocrx_word' id='word_1_80' title='bbox 538 1368 791 1424; x_wconf 87' lang='lat' dir='ltr'><strong>eumdem</strong></span> <span class='ocrx_word' id='word_1_81' title='bbox 847 1371 1082 1428; x_wconf 83' lang='lat' dir='ltr'><strong>incolam</strong></span> <span class='ocrx_word' id='word_1_82' title='bbox 1133 1375 1418 1439; x_wconf 87' lang='lat' dir='ltr'><strong>habentes,</strong></span> <span class='ocrx_word' id='word_1_83' title='bbox 1467 1382 1522 1430; x_wconf 89' lang='lat' dir='ltr'><strong>et</strong></span> <span class='ocrx_word' id='word_1_84' title='bbox 1559 1375 1660 1446; x_wconf 89' lang='lat' dir='ltr'><strong>ipsi</strong></span> <span class='ocrx_word' id='word_1_85' title='bbox 1698 1376 1780 1431; x_wconf 87' lang='lat' dir='ltr'><strong>vi-</strong></span> 
     </span>
    </p>
   </div>
   <div class='ocr_carea' id='block_1_14' title="bbox 200 1454 1482 1529">
    <p class='ocr_par' dir='ltr' id='par_1_14' title="bbox 200 1454 1482 1529">
     <span class='ocr_line' id='line_1_14' title="bbox 200 1454 1482 1529; baseline 0.012 -24"><span class='ocrx_word' id='word_1_86' title='bbox 200 1454 388 1507; x_wconf 82' lang='lat' dir='ltr'><strong>cissim</strong></span> <span class='ocrx_word' id='word_1_87' title='bbox 431 1455 483 1509; x_wconf 92' lang='lat' dir='ltr'><strong>in</strong></span> <span class='ocrx_word' id='word_1_88' title='bbox 513 1472 579 1522; x_wconf 85' lang='lat' dir='ltr'><strong>eo</strong></span> <span class='ocrx_word' id='word_1_89' title='bbox 609 1462 701 1528; x_wconf 91' lang='lat' dir='ltr'><strong>qui</strong></span> <span class='ocrx_word' id='word_1_90' title='bbox 733 1469 819 1515; x_wconf 86' lang='lat' dir='ltr'><strong>est</strong></span> <span class='ocrx_word' id='word_1_91' title='bbox 843 1461 1184 1529; x_wconf 87' lang='lat' dir='ltr'><strong>inaccessus,</strong></span> <span class='ocrx_word' id='word_1_92' title='bbox 1213 1466 1482 1522; x_wconf 90' lang='lat' dir='ltr'><strong>habitant.</strong></span> 
     </span>
    </p>
   </div>
   <div class='ocr_carea' id='block_1_15' title="bbox 276 1542 1783 1631">
    <p class='ocr_par' dir='ltr' id='par_1_15' title="bbox 276 1542 1783 1631">
     <span class='ocr_line' id='line_1_15' title="bbox 276 1542 1783 1631; baseline 0.016 -38"><span class='ocrx_word' id='word_1_93' title='bbox 276 1542 400 1597; x_wconf 66' lang='lat' dir='ltr'><strong>llaec</strong></span> <span class='ocrx_word' id='word_1_94' title='bbox 436 1547 568 1602; x_wconf 83' lang='lat' dir='ltr'><strong>fides</strong></span> <span class='ocrx_word' id='word_1_95' title='bbox 597 1564 746 1615; x_wconf 88' lang='lat' dir='ltr'><strong>vera,</strong></span> <span class='ocrx_word' id='word_1_96' title='bbox 775 1550 879 1607; x_wconf 87' lang='lat' dir='ltr'><strong>hoc</strong></span> <span class='ocrx_word' id='word_1_97' title='bbox 912 1553 1007 1608; x_wconf 89' lang='lat' dir='ltr'><strong>Dei</strong></span> <span class='ocrx_word' id='word_1_98' title='bbox 1039 1571 1199 1624; x_wconf 83' lang='lat' dir='ltr'><strong>Opus,</strong></span> <span class='ocrx_word' id='word_1_99' title='bbox 1225 1558 1330 1612; x_wconf 90' lang='lat' dir='ltr'><strong>hoc</strong></span> <span class='ocrx_word' id='word_1_100' title='bbox 1355 1561 1592 1631; x_wconf 90' lang='lat' dir='ltr'><strong>sigillum</strong></span> <span class='ocrx_word' id='word_1_101' title='bbox 1622 1563 1783 1618; x_wconf 85' lang='lat' dir='ltr'><strong>Chrt—</strong></span> 
     </span>
    </p>
   </div>
   <div class='ocr_carea' id='block_1_16' title="bbox 202 1636 1781 1726">
    <p class='ocr_par' dir='ltr' id='par_1_16' title="bbox 202 1636 1781 1726">
     <span class='ocr_line' id='line_1_16' title="bbox 202 1636 1781 1726; baseline 0.016 -40"><span class='ocrx_word' id='word_1_102' title='bbox 202 1636 527 1702; x_wconf 82' lang='lat' dir='ltr'><strong>slianorum,</strong></span> <span class='ocrx_word' id='word_1_103' title='bbox 566 1642 680 1696; x_wconf 63' lang='lat' dir='ltr'><strong>haec</strong></span> <span class='ocrx_word' id='word_1_104' title='bbox 708 1643 896 1700; x_wconf 90' lang='lat' dir='ltr'><strong>divina</strong></span> <span class='ocrx_word' id='word_1_105' title='bbox 943 1651 1392 1718; x_wconf 82' lang='lat' dir='ltr'><strong>communicatio,</strong></span> <span class='ocrx_word' id='word_1_106' title='bbox 1445 1654 1558 1710; x_wconf 71' lang='lat' dir='ltr'><strong>haec</strong></span> <span class='ocrx_word' id='word_1_107' title='bbox 1609 1656 1781 1726; x_wconf 91' lang='lat' dir='ltr'><strong>parti-</strong></span> 
     </span>
    </p>
   </div>
   <div class='ocr_carea' id='block_1_17' title="bbox 201 1728 1784 1810">
    <p class='ocr_par' dir='ltr' id='par_1_17' title="bbox 201 1728 1784 1810">
     <span class='ocr_line' id='line_1_17' title="bbox 201 1728 1784 1810; baseline 0.016 -32"><span class='ocrx_word' id='word_1_108' title='bbox 201 1728 426 1797; x_wconf 89' lang='lat' dir='ltr'><strong>cipatio,</strong></span> <span class='ocrx_word' id='word_1_109' title='bbox 454 1743 507 1787; x_wconf 79' lang='lat' dir='ltr'><strong>et</strong></span> <span class='ocrx_word' id='word_1_110' title='bbox 543 1735 762 1791; x_wconf 88' lang='lat' dir='ltr'><strong>divinus</strong></span> <span class='ocrx_word' id='word_1_111' title='bbox 788 1739 1026 1794; x_wconf 86' lang='lat' dir='ltr'><strong>arrhabo</strong></span> <span class='ocrx_word' id='word_1_112' title='bbox 1060 1758 1073 1806; x_wconf 93' lang='lat'>;</span> <span class='ocrx_word' id='word_1_113' title='bbox 1108 1743 1224 1797; x_wconf 59' lang='lat' dir='ltr'><strong>hac</strong></span> <span class='ocrx_word' id='word_1_114' title='bbox 1254 1751 1338 1797; x_wconf 92' lang='lat' dir='ltr'><strong>est</strong></span> <span class='ocrx_word' id='word_1_115' title='bbox 1383 1745 1490 1799; x_wconf 87' lang='lat' dir='ltr'><strong>vita</strong></span> <span class='ocrx_word' id='word_1_116' title='bbox 1516 1787 1531 1810; x_wconf 95' lang='lat'><strong>,</strong></span> <span class='ocrx_word' id='word_1_117' title='bbox 1565 1748 1667 1802; x_wconf 86' lang='lat' dir='ltr'><strong>hoc</strong></span> <span class='ocrx_word' id='word_1_118' title='bbox 1699 1764 1784 1803; x_wconf 90' lang='lat' dir='ltr'><strong>re-</strong></span> 
     </span>
    </p>
   </div>
   <div class='ocr_carea' id='block_1_18' title="bbox 202 1824 1780 1910">
    <p class='ocr_par' dir='ltr' id='par_1_18' title="bbox 202 1824 1780 1910">
     <span class='ocr_line' id='line_1_18' title="bbox 202 1824 1780 1910; baseline 0.015 -42"><span class='ocrx_word' id='word_1_119' title='bbox 202 1835 394 1910; x_wconf 82' lang='lat' dir='ltr'><strong>gnum,</strong></span> <span class='ocrx_word' id='word_1_120' title='bbox 430 1824 532 1878; x_wconf 79' lang='lat' dir='ltr'><strong>hoc</strong></span> <span class='ocrx_word' id='word_1_121' title='bbox 566 1827 969 1896; x_wconf 88' lang='lat' dir='ltr'><strong>indumentum,</strong></span> <span class='ocrx_word' id='word_1_122' title='bbox 1007 1833 1122 1889; x_wconf 74' lang='lat' dir='ltr'><strong>hmc</strong></span> <span class='ocrx_word' id='word_1_123' title='bbox 1151 1837 1333 1890; x_wconf 87' lang='lat' dir='ltr'><strong>tunica</strong></span> <span class='ocrx_word' id='word_1_124' title='bbox 1362 1837 1586 1905; x_wconf 80' lang='lat' dir='ltr'><strong>Christi,</strong></span> <span class='ocrx_word' id='word_1_125' title='bbox 1616 1855 1780 1910; x_wconf 92' lang='lat' dir='ltr'><strong>quam</strong></span> 
     </span>
    </p>
   </div>
   <div class='ocr_carea' id='block_1_19' title="bbox 1889 646 3460 717">
    <p class='ocr_par' dir='ltr' id='par_1_19' title="bbox 1889 646 3460 717">
     <span class='ocr_line' id='line_1_19' title="bbox 1889 646 3460 717; baseline -0.001 -17"><span class='ocrx_word' id='word_1_126' title='bbox 1889 661 1990 700; x_wconf 89' lang='lat' dir='ltr'><strong>nec</strong></span> <span class='ocrx_word' id='word_1_127' title='bbox 2020 662 2349 717; x_wconf 89' lang='lat' dir='ltr'><strong>quemquam</strong></span> <span class='ocrx_word' id='word_1_128' title='bbox 2379 662 2712 712; x_wconf 80' lang='lat' dir='ltr'><strong>reveremur,</strong></span> <span class='ocrx_word' id='word_1_129' title='bbox 2740 663 2841 704; x_wconf 91' lang='lat' dir='ltr'><strong>nec</strong></span> <span class='ocrx_word' id='word_1_130' title='bbox 2867 647 3015 716; x_wconf 84' lang='lat' dir='ltr'><strong>ipsos</strong></span> <span class='ocrx_word' id='word_1_131' title='bbox 3047 646 3257 702; x_wconf 78' lang='lat' dir='ltr'><strong>crelites</strong></span> <span class='ocrx_word' id='word_1_132' title='bbox 3283 653 3336 700; x_wconf 89' lang='lat' dir='ltr'><strong>et</strong></span> <span class='ocrx_word' id='word_1_133' title='bbox 3367 659 3460 698; x_wconf 83' lang='lat' dir='ltr'><strong>an-</strong></span> 
     </span>
    </p>
   </div>
   <div class='ocr_carea' id='block_1_20' title="bbox 1890 737 3460 808">
    <p class='ocr_par' dir='ltr' id='par_1_20' title="bbox 1890 737 3460 808">
     <span class='ocr_line' id='line_1_20' title="bbox 1890 737 3460 808; baseline -0.001 -18"><span class='ocrx_word' id='word_1_134' title='bbox 1890 739 2065 804; x_wconf 88' lang='lat' dir='ltr'><strong>gelos,</strong></span> <span class='ocrx_word' id='word_1_135' title='bbox 2096 739 2327 808; x_wconf 86' lang='lat' dir='ltr'><strong>desuper</strong></span> <span class='ocrx_word' id='word_1_136' title='bbox 2355 755 2444 795; x_wconf 89' lang='lat' dir='ltr'><strong>res</strong></span> <span class='ocrx_word' id='word_1_137' title='bbox 2474 747 2694 795; x_wconf 86' lang='lat' dir='ltr'><strong>nostras</strong></span> <span class='ocrx_word' id='word_1_138' title='bbox 2722 739 3003 795; x_wconf 87' lang='lat' dir='ltr'><strong>intuentes</strong></span> <span class='ocrx_word' id='word_1_139' title='bbox 3029 755 3044 794; x_wconf 85' lang='lat'><strong>:</strong></span> <span class='ocrx_word' id='word_1_140' title='bbox 3074 738 3170 794; x_wconf 91' lang='lat' dir='ltr'><strong>sed</strong></span> <span class='ocrx_word' id='word_1_141' title='bbox 3202 737 3460 808; x_wconf 88' lang='lat' dir='ltr'><strong>impletur</strong></span> 
     </span>
    </p>
   </div>
   <div class='ocr_carea' id='block_1_21' title="bbox 1889 827 3457 896">
    <p class='ocr_par' dir='ltr' id='par_1_21' title="bbox 1889 827 3457 896">
     <span class='ocr_line' id='line_1_21' title="bbox 1889 827 3457 896; baseline 0.001 -16"><span class='ocrx_word' id='word_1_142' title='bbox 1889 827 1942 880; x_wconf 91' lang='lat' dir='ltr'><strong>in</strong></span> <span class='ocrx_word' id='word_1_143' title='bbox 1980 830 2137 884; x_wconf 85' lang='lat' dir='ltr'><strong>nobis</strong></span> <span class='ocrx_word' id='word_1_144' title='bbox 2179 834 2400 884; x_wconf 89' lang='lat' dir='ltr'><strong>verbum</strong></span> <span class='ocrx_word' id='word_1_145' title='bbox 2459 831 2711 896; x_wconf 93' lang='lat' dir='ltr'><strong>Domini,</strong></span> <span class='ocrx_word' id='word_1_146' title='bbox 2757 829 2996 887; x_wconf 76' lang='lat' dir='ltr'><strong>Videam</strong></span> <span class='ocrx_word' id='word_1_147' title='bbox 3042 849 3144 886; x_wconf 81' lang='lat' dir='ltr'><strong>non</strong></span> <span class='ocrx_word' id='word_1_148' title='bbox 3177 831 3354 886; x_wconf 75' lang='lat' dir='ltr'><strong>uident</strong></span> <span class='ocrx_word' id='word_1_149' title='bbox 3388 827 3457 882; x_wconf 76' lang='lat'><strong>“.</strong></span> 
     </span>
    </p>
   </div>
   <div class='ocr_carea' id='block_1_22' title="bbox 1889 918 3453 990">
    <p class='ocr_par' dir='ltr' id='par_1_22' title="bbox 1889 918 3453 990">
     <span class='ocr_line' id='line_1_22' title="bbox 1889 918 3453 990; baseline -0.001 -19"><span class='ocrx_word' id='word_1_150' title='bbox 1889 918 1954 973; x_wconf 81' lang='lat' dir='ltr'><strong>Et</strong></span> <span class='ocrx_word' id='word_1_151' title='bbox 1985 921 2271 975; x_wconf 88' lang='lat' dir='ltr'><strong>audientes</strong></span> <span class='ocrx_word' id='word_1_152' title='bbox 2319 923 2620 990; x_wconf 87' lang='lat' dir='ltr'><strong>spiritualia</strong></span> <span class='ocrx_word' id='word_1_153' title='bbox 2648 964 2661 985; x_wconf 94' lang='lat'><strong>,</strong></span> <span class='ocrx_word' id='word_1_154' title='bbox 2700 938 2862 976; x_wconf 83' lang='lat' dir='ltr'><strong>aures</strong></span> <span class='ocrx_word' id='word_1_155' title='bbox 2907 923 3199 977; x_wconf 73' lang='lat' dir='ltr'><strong>obstruunt</strong></span> <span class='ocrx_word' id='word_1_156' title='bbox 3249 920 3453 990; x_wconf 83' lang='lat' dir='ltr'><strong>potius,</strong></span> 
     </span>
    </p>
   </div>
   <div class='ocr_carea' id='block_1_23' title="bbox 1888 1013 3456 1085">
    <p class='ocr_par' dir='ltr' id='par_1_23' title="bbox 1888 1013 3456 1085">
     <span class='ocr_line' id='line_1_23' title="bbox 1888 1013 3456 1085; baseline -0.001 -18"><span class='ocrx_word' id='word_1_157' title='bbox 1888 1021 1941 1067; x_wconf 88' lang='lat' dir='ltr'><strong>et</strong></span> <span class='ocrx_word' id='word_1_158' title='bbox 1977 1013 2140 1066; x_wconf 86' lang='lat' dir='ltr'><strong>verba</strong></span> <span class='ocrx_word' id='word_1_159' title='bbox 2174 1013 2410 1083; x_wconf 87' lang='lat' dir='ltr'><strong>Spiritus</strong></span> <span class='ocrx_word' id='word_1_160' title='bbox 2439 1016 2631 1070; x_wconf 91' lang='lat' dir='ltr'><strong>audire</strong></span> <span class='ocrx_word' id='word_1_161' title='bbox 2665 1017 2876 1072; x_wconf 90' lang='lat' dir='ltr'><strong>nolunt.</strong></span> <span class='ocrx_word' id='word_1_162' title='bbox 2902 1014 2968 1068; x_wconf 85' lang='lat' dir='ltr'><strong>Et</strong></span> <span class='ocrx_word' id='word_1_163' title='bbox 2991 1015 3212 1069; x_wconf 86' lang='lat' dir='ltr'><strong>auribus</strong></span> <span class='ocrx_word' id='word_1_164' title='bbox 3237 1013 3456 1085; x_wconf 82' lang='lat' dir='ltr'><strong>quidem</strong></span> 
     </span>
    </p>
   </div>
   <div class='ocr_carea' id='block_1_24' title="bbox 1889 1103 3457 1176">
    <p class='ocr_par' dir='ltr' id='par_1_24' title="bbox 1889 1103 3457 1176">
     <span class='ocr_line' id='line_1_24' title="bbox 1889 1103 3457 1176; baseline -0.001 -19"><span class='ocrx_word' id='word_1_165' title='bbox 1889 1105 2170 1173; x_wconf 88' lang='lat' dir='ltr'><strong>corporeis</strong></span> <span class='ocrx_word' id='word_1_166' title='bbox 2211 1107 2473 1172; x_wconf 90' lang='lat' dir='ltr'><strong>audiunt;</strong></span> <span class='ocrx_word' id='word_1_167' title='bbox 2518 1108 2834 1176; x_wconf 87' lang='lat' dir='ltr'><strong>spirituales</strong></span> <span class='ocrx_word' id='word_1_168' title='bbox 2886 1122 3019 1162; x_wconf 89' lang='lat' dir='ltr'><strong>vero</strong></span> <span class='ocrx_word' id='word_1_169' title='bbox 3064 1121 3225 1160; x_wconf 90' lang='lat' dir='ltr'><strong>aures</strong></span> <span class='ocrx_word' id='word_1_170' title='bbox 3275 1103 3457 1158; x_wconf 82' lang='lat' dir='ltr'><strong>cordis</strong></span> 
     </span>
    </p>
   </div>
   <div class='ocr_carea' id='block_1_25' title="bbox 1889 1195 3457 1269">
    <p class='ocr_par' dir='ltr' id='par_1_25' title="bbox 1889 1195 3457 1269">
     <span class='ocr_line' id='line_1_25' title="bbox 1889 1195 3457 1269; baseline -0.003 -19"><span class='ocrx_word' id='word_1_171' title='bbox 1889 1195 2139 1251; x_wconf 89' lang='lat' dir='ltr'><strong>occlusas</strong></span> <span class='ocrx_word' id='word_1_172' title='bbox 2174 1197 2396 1262; x_wconf 85' lang='lat' dir='ltr'><strong>habent,</strong></span> <span class='ocrx_word' id='word_1_173' title='bbox 2431 1207 2478 1254; x_wconf 90' lang='lat' dir='ltr'><strong>et</strong></span> <span class='ocrx_word' id='word_1_174' title='bbox 2511 1201 2727 1269; x_wconf 86' lang='lat' dir='ltr'><strong>penitus</strong></span> <span class='ocrx_word' id='word_1_175' title='bbox 2752 1214 2859 1252; x_wconf 93' lang='lat' dir='ltr'><strong>non</strong></span> <span class='ocrx_word' id='word_1_176' title='bbox 2895 1205 3122 1267; x_wconf 85' lang='lat' dir='ltr'><strong>possunt</strong></span> <span class='ocrx_word' id='word_1_177' title='bbox 3158 1195 3324 1249; x_wconf 89' lang='lat' dir='ltr'><strong>Deum</strong></span> <span class='ocrx_word' id='word_1_178' title='bbox 3357 1209 3457 1246; x_wconf 86' lang='lat' dir='ltr'><strong>au-</strong></span> 
     </span>
    </p>
   </div>
   <div class='ocr_carea' id='block_1_26' title="bbox 1891 1287 3456 1360">
    <p class='ocr_par' dir='ltr' id='par_1_26' title="bbox 1891 1287 3456 1360">
     <span class='ocr_line' id='line_1_26' title="bbox 1891 1287 3456 1360; baseline -0.001 -20"><span class='ocrx_word' id='word_1_179' title='bbox 1891 1287 2031 1343; x_wconf 90' lang='lat' dir='ltr'><strong>dire.</strong></span> <span class='ocrx_word' id='word_1_180' title='bbox 2067 1289 2222 1342; x_wconf 87' lang='lat' dir='ltr'><strong>Haud</strong></span> <span class='ocrx_word' id='word_1_181' title='bbox 2251 1290 2397 1343; x_wconf 91' lang='lat' dir='ltr'><strong>enim</strong></span> <span class='ocrx_word' id='word_1_182' title='bbox 2432 1299 2660 1360; x_wconf 88' lang='lat' dir='ltr'><strong>possunt</strong></span> <span class='ocrx_word' id='word_1_183' title='bbox 2698 1307 2727 1344; x_wconf 93' lang='lat' dir='ltr'><strong>a</strong></span> <span class='ocrx_word' id='word_1_184' title='bbox 2759 1290 2956 1358; x_wconf 90' lang='lat' dir='ltr'><strong>seipsis</strong></span> <span class='ocrx_word' id='word_1_185' title='bbox 2990 1289 3232 1344; x_wconf 85' lang='lat' dir='ltr'><strong>velamen</strong></span> <span class='ocrx_word' id='word_1_186' title='bbox 3261 1287 3456 1340; x_wconf 84' lang='lat' dir='ltr'><strong>elatio-</strong></span> 
     </span>
    </p>
   </div>
   <div class='ocr_carea' id='block_1_27' title="bbox 1890 1379 3424 1452">
    <p class='ocr_par' dir='ltr' id='par_1_27' title="bbox 1890 1379 3424 1452">
     <span class='ocr_line' id='line_1_27' title="bbox 1890 1379 3424 1452; baseline 0 -20"><span class='ocrx_word' id='word_1_187' title='bbox 1890 1380 1976 1433; x_wconf 92' lang='lat' dir='ltr'><strong>nis</strong></span> <span class='ocrx_word' id='word_1_188' title='bbox 2027 1387 2081 1435; x_wconf 87' lang='lat' dir='ltr'><strong>et</strong></span> <span class='ocrx_word' id='word_1_189' title='bbox 2112 1380 2354 1449; x_wconf 90' lang='lat' dir='ltr'><strong>stuporis</strong></span> <span class='ocrx_word' id='word_1_190' title='bbox 2387 1379 2626 1444; x_wconf 88' lang='lat' dir='ltr'><strong>auferre,</strong></span> <span class='ocrx_word' id='word_1_191' title='bbox 2665 1382 2812 1452; x_wconf 91' lang='lat' dir='ltr'><strong>quod</strong></span> <span class='ocrx_word' id='word_1_192' title='bbox 2845 1381 2948 1451; x_wconf 87' lang='lat' dir='ltr'><strong>ipsi</strong></span> <span class='ocrx_word' id='word_1_193' title='bbox 2997 1395 3096 1435; x_wconf 85' lang='lat' dir='ltr'><strong>sua</strong></span> <span class='ocrx_word' id='word_1_194' title='bbox 3125 1380 3225 1435; x_wconf 88' lang='lat' dir='ltr'><strong>sibi</strong></span> <span class='ocrx_word' id='word_1_195' title='bbox 3259 1379 3424 1433; x_wconf 86' lang='lat' dir='ltr'><strong>volun</strong></span> 
     </span>
    </p>
   </div>
   <div class='ocr_carea' id='block_1_28' title="bbox 1890 1473 3458 1544">
    <p class='ocr_par' dir='ltr' id='par_1_28' title="bbox 1890 1473 3458 1544">
     <span class='ocr_line' id='line_1_28' title="bbox 1890 1473 3458 1544; baseline -0.001 -20"><span class='ocrx_word' id='word_1_196' title='bbox 1890 1479 1998 1526; x_wconf 89' lang='lat' dir='ltr'><strong>tate</strong></span> <span class='ocrx_word' id='word_1_197' title='bbox 2027 1473 2441 1543; x_wconf 89' lang='lat' dir='ltr'><strong>imposuerunt,</strong></span> <span class='ocrx_word' id='word_1_198' title='bbox 2477 1474 2830 1544; x_wconf 87' lang='lat' dir='ltr'><strong>volentesque</strong></span> <span class='ocrx_word' id='word_1_199' title='bbox 2876 1481 3066 1528; x_wconf 89' lang='lat' dir='ltr'><strong>oculos</strong></span> <span class='ocrx_word' id='word_1_200' title='bbox 3108 1482 3268 1541; x_wconf 83' lang='lat' dir='ltr'><strong>atque</strong></span> <span class='ocrx_word' id='word_1_201' title='bbox 3296 1484 3458 1523; x_wconf 84' lang='lat' dir='ltr'><strong>aures</strong></span> 
     </span>
    </p>
   </div>
   <div class='ocr_carea' id='block_1_29' title="bbox 1888 1563 3455 1633">
    <p class='ocr_par' dir='ltr' id='par_1_29' title="bbox 1888 1563 3455 1633">
     <span class='ocr_line' id='line_1_29' title="bbox 1888 1563 3455 1633; baseline -0.001 -19"><span class='ocrx_word' id='word_1_202' title='bbox 1888 1563 2164 1630; x_wconf 83' lang='lat' dir='ltr'><strong>operiunt.</strong></span> <span class='ocrx_word' id='word_1_203' title='bbox 2197 1571 2250 1618; x_wconf 88' lang='lat' dir='ltr'><strong>et</strong></span> <span class='ocrx_word' id='word_1_204' title='bbox 2301 1564 2428 1617; x_wconf 90' lang='lat' dir='ltr'><strong>hinc</strong></span> <span class='ocrx_word' id='word_1_205' title='bbox 2456 1580 2516 1618; x_wconf 92' lang='lat' dir='ltr'><strong>se</strong></span> <span class='ocrx_word' id='word_1_206' title='bbox 2541 1565 2726 1619; x_wconf 89' lang='lat' dir='ltr'><strong>videre</strong></span> <span class='ocrx_word' id='word_1_207' title='bbox 2760 1573 2922 1633; x_wconf 87' lang='lat' dir='ltr'><strong>atque</strong></span> <span class='ocrx_word' id='word_1_208' title='bbox 2956 1564 3142 1618; x_wconf 90' lang='lat' dir='ltr'><strong>audire</strong></span> <span class='ocrx_word' id='word_1_209' title='bbox 3178 1563 3455 1615; x_wconf 87' lang='lat' dir='ltr'><strong>arbitran-</strong></span> 
     </span>
    </p>
   </div>
   <div class='ocr_carea' id='block_1_30' title="bbox 1891 1653 3460 1726">
    <p class='ocr_par' dir='ltr' id='par_1_30' title="bbox 1891 1653 3460 1726">
     <span class='ocr_line' id='line_1_30' title="bbox 1891 1653 3460 1726; baseline -0.003 -19"><span class='ocrx_word' id='word_1_210' title='bbox 1891 1664 1997 1708; x_wconf 90' lang='lat' dir='ltr'><strong>tur.</strong></span> <span class='ocrx_word' id='word_1_211' title='bbox 2029 1655 2183 1720; x_wconf 85' lang='lat' dir='ltr'><strong>Quod</strong></span> <span class='ocrx_word' id='word_1_212' title='bbox 2212 1659 2258 1710; x_wconf 90' lang='lat' dir='ltr'><strong>si</strong></span> <span class='ocrx_word' id='word_1_213' title='bbox 2281 1658 2401 1726; x_wconf 91' lang='lat' dir='ltr'><strong>quis</strong></span> <span class='ocrx_word' id='word_1_214' title='bbox 2424 1658 2529 1712; x_wconf 91' lang='lat' dir='ltr'><strong>illis</strong></span> <span class='ocrx_word' id='word_1_215' title='bbox 2557 1660 2725 1721; x_wconf 81' lang='lat' dir='ltr'><strong>dicat,</strong></span> <span class='ocrx_word' id='word_1_216' title='bbox 2752 1656 2958 1720; x_wconf 84' lang='lat' dir='ltr'><strong>audite,</strong></span> <span class='ocrx_word' id='word_1_217' title='bbox 2992 1655 3083 1707; x_wconf 84' lang='lat' dir='ltr'><strong>filii</strong></span> <span class='ocrx_word' id='word_1_218' title='bbox 3118 1655 3244 1717; x_wconf 89' lang='lat' dir='ltr'><strong>mei,</strong></span> <span class='ocrx_word' id='word_1_219' title='bbox 3271 1661 3324 1706; x_wconf 90' lang='lat' dir='ltr'><strong>et</strong></span> <span class='ocrx_word' id='word_1_220' title='bbox 3354 1653 3460 1705; x_wconf 87' lang='lat' dir='ltr'><strong>tol-</strong></span> 
     </span>
    </p>
   </div>
   <div class='ocr_carea' id='block_1_31' title="bbox 1890 1744 3457 1812">
    <p class='ocr_par' dir='ltr' id='par_1_31' title="bbox 1890 1744 3457 1812">
     <span class='ocr_line' id='line_1_31' title="bbox 1890 1744 3457 1812; baseline -0.001 -13"><span class='ocrx_word' id='word_1_221' title='bbox 1890 1746 1986 1800; x_wconf 87' lang='lat' dir='ltr'><strong>lite</strong></span> <span class='ocrx_word' id='word_1_222' title='bbox 2029 1747 2268 1801; x_wconf 81' lang='lat' dir='ltr'><strong>velamen</strong></span> <span class='ocrx_word' id='word_1_223' title='bbox 2305 1750 2372 1803; x_wconf 88' lang='lat' dir='ltr'><strong>de</strong></span> <span class='ocrx_word' id='word_1_224' title='bbox 2414 1749 2673 1803; x_wconf 88' lang='lat' dir='ltr'><strong>cordibus</strong></span> <span class='ocrx_word' id='word_1_225' title='bbox 2724 1749 2925 1802; x_wconf 85' lang='lat' dir='ltr'><strong>vestris</strong></span> <span class='ocrx_word' id='word_1_226' title='bbox 2962 1748 3030 1809; x_wconf 85' lang='lat'><strong>&quot;,</strong></span> <span class='ocrx_word' id='word_1_227' title='bbox 3068 1745 3132 1799; x_wconf 89' lang='lat' dir='ltr'><strong>ad</strong></span> <span class='ocrx_word' id='word_1_228' title='bbox 3178 1745 3292 1797; x_wconf 71' lang='lat' dir='ltr'><strong>hmc</strong></span> <span class='ocrx_word' id='word_1_229' title='bbox 3341 1744 3457 1812; x_wconf 91' lang='lat' dir='ltr'><strong>ipsa</strong></span> 
     </span>
    </p>
   </div>
   <div class='ocr_carea' id='block_1_32' title="bbox 1893 1835 3462 1909">
    <p class='ocr_par' dir='ltr' id='par_1_32' title="bbox 1893 1835 3462 1909">
     <span class='ocr_line' id='line_1_32' title="bbox 1893 1835 3462 1909; baseline -0.003 -18"><span class='ocrx_word' id='word_1_230' title='bbox 1893 1841 2056 1893; x_wconf 90' lang='lat' dir='ltr'><strong>verba</strong></span> <span class='ocrx_word' id='word_1_231' title='bbox 2093 1839 2386 1903; x_wconf 81' lang='lat' dir='ltr'><strong>ferociunt,</strong></span> <span class='ocrx_word' id='word_1_232' title='bbox 2422 1841 2568 1909; x_wconf 86' lang='lat' dir='ltr'><strong>quod</strong></span> <span class='ocrx_word' id='word_1_233' title='bbox 2602 1855 2708 1893; x_wconf 90' lang='lat' dir='ltr'><strong>non</strong></span> <span class='ocrx_word' id='word_1_234' title='bbox 2739 1849 2939 1909; x_wconf 88' lang='lat' dir='ltr'><strong>patres,</strong></span> <span class='ocrx_word' id='word_1_235' title='bbox 2971 1838 3065 1892; x_wconf 90' lang='lat' dir='ltr'><strong>sed</strong></span> <span class='ocrx_word' id='word_1_236' title='bbox 3109 1835 3248 1890; x_wconf 84' lang='lat' dir='ltr'><strong>ﬁlios</strong></span> <span class='ocrx_word' id='word_1_237' title='bbox 3279 1836 3462 1904; x_wconf 83' lang='lat' dir='ltr'><strong>appel-</strong></span> 
     </span>
    </p>
   </div>
   <div class='ocr_carea' id='block_1_33' title="bbox 203 1906 3458 2000">
    <p class='ocr_par' dir='ltr' id='par_1_33' title="bbox 203 1906 3458 2000">
     <span class='ocr_line' id='line_1_33' title="bbox 203 1906 3458 2000; baseline 0.004 -35"><span class='ocrx_word' id='word_1_238' title='bbox 203 1909 463 1977; x_wconf 78' lang='lat' dir='ltr'><strong>baptizati</strong></span> <span class='ocrx_word' id='word_1_239' title='bbox 493 1915 597 1971; x_wconf 79' lang='lat' dir='ltr'><strong>fide</strong></span> <span class='ocrx_word' id='word_1_240' title='bbox 631 1922 1119 1989; x_wconf 77' lang='lat' dir='ltr'><strong>Superinduuntur.</strong></span> <span class='ocrx_word' id='word_1_241' title='bbox 1157 1926 1274 1981; x_wconf 84' lang='lat' dir='ltr'><strong>Non</strong></span> <span class='ocrx_word' id='word_1_242' title='bbox 1304 1906 1647 1997; x_wconf 57' lang='lat' dir='ltr'><strong>ignorantia,</strong></span> <span class='ocrx_word' id='word_1_243' title='bbox 1672 1947 1779 1987; x_wconf 92' lang='lat' dir='ltr'><strong>non</strong></span> <span class='ocrx_word' id='word_1_244' title='bbox 1812 1906 1858 1962; x_wconf 78' lang='grc' dir='ltr'><strong>Β</strong></span> <span class='ocrx_word' id='word_1_245' title='bbox 1891 1930 2104 1996; x_wconf 89' lang='lat' dir='ltr'><strong>laverit,</strong></span> <span class='ocrx_word' id='word_1_246' title='bbox 2133 1933 2413 2000; x_wconf 76' lang='lat' dir='ltr'><strong>magisque</strong></span> <span class='ocrx_word' id='word_1_247' title='bbox 2441 1906 2630 1986; x_wconf 80' lang='lat' dir='ltr'><strong>odium</strong></span> <span class='ocrx_word' id='word_1_248' title='bbox 2663 1906 2923 1985; x_wconf 80' lang='lat' dir='ltr'><strong>adversus</strong></span> <span class='ocrx_word' id='word_1_249' title='bbox 2948 1930 3100 1983; x_wconf 90' lang='lat' dir='ltr'><strong>illum</strong></span> <span class='ocrx_word' id='word_1_250' title='bbox 3119 1926 3458 1996; x_wconf 90' lang='lat' dir='ltr'><strong>concipiunt,</strong></span> 
     </span>
    </p>
   </div>
   <div class='ocr_carea' id='block_1_34' title="bbox 203 2009 1782 2088">
    <p class='ocr_par' dir='ltr' id='par_1_34' title="bbox 203 2009 1782 2088">
     <span class='ocr_line' id='line_1_34' title="bbox 203 2009 1782 2088; baseline 0.016 -35"><span class='ocrx_word' id='word_1_251' title='bbox 203 2013 450 2072; x_wconf 89' lang='lat' dir='ltr'><strong>stupore,</strong></span> <span class='ocrx_word' id='word_1_252' title='bbox 489 2009 583 2062; x_wconf 86' lang='lat' dir='ltr'><strong>sed</strong></span> <span class='ocrx_word' id='word_1_253' title='bbox 623 2026 716 2080; x_wconf 88' lang='lat' dir='ltr'><strong>per</strong></span> <span class='ocrx_word' id='word_1_254' title='bbox 749 2012 930 2081; x_wconf 80' lang='lat' dir='ltr'><strong>fidem,</strong></span> <span class='ocrx_word' id='word_1_255' title='bbox 979 2032 1107 2071; x_wconf 91' lang='lat' dir='ltr'><strong>cum</strong></span> <span class='ocrx_word' id='word_1_256' title='bbox 1159 2021 1349 2073; x_wconf 87' lang='lat' dir='ltr'><strong>notitia</strong></span> <span class='ocrx_word' id='word_1_257' title='bbox 1380 2027 1438 2076; x_wconf 92' lang='lat' dir='ltr'><strong>et</strong></span> <span class='ocrx_word' id='word_1_258' title='bbox 1472 2037 1676 2088; x_wconf 87' lang='lat' dir='ltr'><strong>sensu;</strong></span> <span class='ocrx_word' id='word_1_259' title='bbox 1723 2033 1782 2079; x_wconf 92' lang='lat' dir='ltr'><strong>ut</strong></span> 
     </span>
    </p>
   </div>
   <div class='ocr_carea' id='block_1_35' title="bbox 203 2096 1778 2174">
    <p class='ocr_par' dir='ltr' id='par_1_35' title="bbox 203 2096 1778 2174">
     <span class='ocr_line' id='line_1_35' title="bbox 203 2096 1778 2174; baseline 0.019 -30"><span class='ocrx_word' id='word_1_260' title='bbox 203 2108 312 2147; x_wconf 92' lang='lat' dir='ltr'><strong>non</strong></span> <span class='ocrx_word' id='word_1_261' title='bbox 343 2096 543 2162; x_wconf 89' lang='lat' dir='ltr'><strong>dicam,</strong></span> <span class='ocrx_word' id='word_1_262' title='bbox 573 2101 850 2159; x_wconf 89' lang='lat' dir='ltr'><strong>Christum</strong></span> <span class='ocrx_word' id='word_1_263' title='bbox 884 2106 1050 2162; x_wconf 88' lang='lat' dir='ltr'><strong>credo</strong></span> <span class='ocrx_word' id='word_1_264' title='bbox 1081 2124 1166 2161; x_wconf 85' lang='lat' dir='ltr'><strong>me.</strong></span> <span class='ocrx_word' id='word_1_265' title='bbox 1184 2110 1450 2168; x_wconf 86' lang='lat' dir='ltr'><strong>induisse.</strong></span> <span class='ocrx_word' id='word_1_266' title='bbox 1469 2112 1586 2169; x_wconf 88' lang='lat' dir='ltr'><strong>Non</strong></span> <span class='ocrx_word' id='word_1_267' title='bbox 1616 2115 1778 2174; x_wconf 86' lang='lat' dir='ltr'><strong>dico:</strong></span> 
     </span>
    </p>
   </div>
   <div class='ocr_carea' id='block_1_36' title="bbox 204 2186 1776 2273">
    <p class='ocr_par' dir='ltr' id='par_1_36' title="bbox 204 2186 1776 2273">
     <span class='ocr_line' id='line_1_36' title="bbox 204 2186 1776 2273; baseline 0.017 -37"><span class='ocrx_word' id='word_1_268' title='bbox 204 2186 309 2239; x_wconf 86' lang='lat' dir='ltr'><strong>hoc</strong></span> <span class='ocrx_word' id='word_1_269' title='bbox 351 2191 547 2256; x_wconf 84' lang='lat' dir='ltr'><strong>crede;</strong></span> <span class='ocrx_word' id='word_1_270' title='bbox 577 2195 668 2248; x_wconf 86' lang='lat' dir='ltr'><strong>sed</strong></span> <span class='ocrx_word' id='word_1_271' title='bbox 700 2195 823 2251; x_wconf 78' lang='lat' dir='ltr'><strong>fidei</strong></span> <span class='ocrx_word' id='word_1_272' title='bbox 852 2212 1013 2269; x_wconf 79' lang='lat' dir='ltr'><strong>apris,</strong></span> <span class='ocrx_word' id='word_1_273' title='bbox 1043 2209 1097 2254; x_wconf 87' lang='lat' dir='ltr'><strong>et</strong></span> <span class='ocrx_word' id='word_1_274' title='bbox 1125 2201 1249 2256; x_wconf 79' lang='lat' dir='ltr'><strong>fidei</strong></span> <span class='ocrx_word' id='word_1_275' title='bbox 1277 2204 1776 2273; x_wconf 83' lang='lat' dir='ltr'><strong>confirmationem,</strong></span> 
     </span>
    </p>
   </div>
   <div class='ocr_carea' id='block_1_37' title="bbox 201 2279 1780 2355">
    <p class='ocr_par' dir='ltr' id='par_1_37' title="bbox 201 2279 1780 2355">
     <span class='ocr_line' id='line_1_37' title="bbox 201 2279 1780 2355; baseline 0.016 -27"><span class='ocrx_word' id='word_1_276' title='bbox 201 2284 256 2329; x_wconf 91' lang='lat' dir='ltr'><strong>et</strong></span> <span class='ocrx_word' id='word_1_277' title='bbox 311 2279 433 2335; x_wconf 81' lang='lat' dir='ltr'><strong>fidei</strong></span> <span class='ocrx_word' id='word_1_278' title='bbox 488 2291 782 2354; x_wconf 89' lang='lat' dir='ltr'><strong>tesseram,</strong></span> <span class='ocrx_word' id='word_1_279' title='bbox 823 2300 878 2345; x_wconf 89' lang='lat' dir='ltr'><strong>et</strong></span> <span class='ocrx_word' id='word_1_280' title='bbox 929 2291 1089 2347; x_wconf 80' lang='lat' dir='ltr'><strong>[idem</strong></span> <span class='ocrx_word' id='word_1_281' title='bbox 1146 2308 1586 2352; x_wconf 89' lang='lat' dir='ltr'><strong>consummatam</strong></span> <span class='ocrx_word' id='word_1_282' title='bbox 1643 2301 1780 2355; x_wconf 90' lang='lat' dir='ltr'><strong>citra</strong></span> 
     </span>
    </p>
   </div>
   <div class='ocr_carea' id='block_1_38' title="bbox 206 2368 1783 2455">
    <p class='ocr_par' dir='ltr' id='par_1_38' title="bbox 206 2368 1783 2455">
     <span class='ocr_line' id='line_1_38' title="bbox 206 2368 1783 2455; baseline 0.016 -34"><span class='ocrx_word' id='word_1_283' title='bbox 206 2368 610 2431; x_wconf 69' lang='lat' dir='ltr'><strong>hmsitatlonetn</strong></span> <span class='ocrx_word' id='word_1_284' title='bbox 662 2380 884 2448; x_wconf 88' lang='lat' dir='ltr'><strong>habeto,</strong></span> <span class='ocrx_word' id='word_1_285' title='bbox 915 2399 979 2440; x_wconf 80' lang='lat' dir='ltr'><strong>ex</strong></span> <span class='ocrx_word' id='word_1_286' title='bbox 1029 2401 1116 2451; x_wconf 91' lang='lat' dir='ltr'><strong>eo,</strong></span> <span class='ocrx_word' id='word_1_287' title='bbox 1164 2387 1308 2455; x_wconf 87' lang='lat' dir='ltr'><strong>quod</strong></span> <span class='ocrx_word' id='word_1_288' title='bbox 1342 2387 1622 2445; x_wconf 88' lang='lat' dir='ltr'><strong>Christum</strong></span> <span class='ocrx_word' id='word_1_289' title='bbox 1656 2407 1783 2448; x_wconf 88' lang='lat' dir='ltr'><strong>seu-</strong></span> 
     </span>
    </p>
   </div>
   <div class='ocr_carea' id='block_1_39' title="bbox 205 2462 1781 2549">
    <p class='ocr_par' dir='ltr' id='par_1_39' title="bbox 205 2462 1781 2549">
     <span class='ocr_line' id='line_1_39' title="bbox 205 2462 1781 2549; baseline 0.018 -37"><span class='ocrx_word' id='word_1_290' title='bbox 205 2462 370 2525; x_wconf 70' lang='lat' dir='ltr'><strong>t‘ens,</strong></span> <span class='ocrx_word' id='word_1_291' title='bbox 405 2477 452 2519; x_wconf 91' lang='lat' dir='ltr'><strong>et</strong></span> <span class='ocrx_word' id='word_1_292' title='bbox 485 2483 827 2538; x_wconf 86' lang='lat' dir='ltr'><strong>cognoscens</strong></span> <span class='ocrx_word' id='word_1_293' title='bbox 855 2474 1103 2542; x_wconf 87' lang='lat' dir='ltr'><strong>induisti,</strong></span> <span class='ocrx_word' id='word_1_294' title='bbox 1138 2479 1454 2549; x_wconf 83' lang='lat' dir='ltr'><strong>fulgentem,</strong></span> <span class='ocrx_word' id='word_1_295' title='bbox 1482 2498 1781 2539; x_wconf 87' lang='lat' dir='ltr'><strong>coruscan-</strong></span> 
     </span>
    </p>
   </div>
   <div class='ocr_carea' id='block_1_40' title="bbox 206 2558 1777 2642">
    <p class='ocr_par' dir='ltr' id='par_1_40' title="bbox 206 2558 1777 2642">
     <span class='ocr_line' id='line_1_40' title="bbox 206 2558 1777 2642; baseline 0.016 -37"><span class='ocrx_word' id='word_1_296' title='bbox 206 2562 342 2620; x_wconf 87' lang='lat' dir='ltr'><strong>tem,</strong></span> <span class='ocrx_word' id='word_1_297' title='bbox 369 2566 422 2611; x_wconf 92' lang='lat' dir='ltr'><strong>et</strong></span> <span class='ocrx_word' id='word_1_298' title='bbox 452 2558 503 2612; x_wconf 91' lang='lat' dir='ltr'><strong>in</strong></span> <span class='ocrx_word' id='word_1_299' title='bbox 532 2560 736 2618; x_wconf 85' lang='lat' dir='ltr'><strong>lumine</strong></span> <span class='ocrx_word' id='word_1_300' title='bbox 756 2567 1068 2623; x_wconf 91' lang='lat' dir='ltr'><strong>clarissimo</strong></span> <span class='ocrx_word' id='word_1_301' title='bbox 1098 2580 1265 2625; x_wconf 92' lang='lat' dir='ltr'><strong>totum</strong></span> <span class='ocrx_word' id='word_1_302' title='bbox 1294 2582 1346 2628; x_wconf 90' lang='lat' dir='ltr'><strong>te</strong></span> <span class='ocrx_word' id='word_1_303' title='bbox 1377 2574 1777 2642; x_wconf 83' lang='lat' dir='ltr'><strong>immutantem,</strong></span> 
     </span>
    </p>
   </div>
   <div class='ocr_carea' id='block_1_41' title="bbox 206 2655 1781 2739">
    <p class='ocr_par' dir='ltr' id='par_1_41' title="bbox 206 2655 1781 2739">
     <span class='ocr_line' id='line_1_41' title="bbox 206 2655 1781 2739; baseline 0.017 -41"><span class='ocrx_word' id='word_1_304' title='bbox 206 2659 517 2706; x_wconf 90' lang='lat' dir='ltr'><strong>manentem</strong></span> <span class='ocrx_word' id='word_1_305' title='bbox 586 2655 1002 2727; x_wconf 87' lang='lat' dir='ltr'><strong>immutabilem,</strong></span> <span class='ocrx_word' id='word_1_306' title='bbox 1061 2679 1126 2718; x_wconf 78' lang='lat' dir='ltr'><strong>ex</strong></span> <span class='ocrx_word' id='word_1_307' title='bbox 1180 2673 1412 2736; x_wconf 89' lang='lat' dir='ltr'><strong>utroque</strong></span> <span class='ocrx_word' id='word_1_308' title='bbox 1467 2669 1781 2739; x_wconf 87' lang='lat' dir='ltr'><strong>duplicem.</strong></span> 
     </span>
    </p>
   </div>
   <div class='ocr_carea' id='block_1_42' title="bbox 200 2740 1780 2818">
    <p class='ocr_par' dir='ltr' id='par_1_42' title="bbox 200 2740 1780 2818">
     <span class='ocr_line' id='line_1_42' title="bbox 200 2740 1780 2818; baseline 0.017 -27"><span class='ocrx_word' id='word_1_309' title='bbox 200 2740 502 2810; x_wconf 83' lang='lat' dir='ltr'><strong>adaptione</strong></span> <span class='ocrx_word' id='word_1_310' title='bbox 538 2745 705 2802; x_wconf 90' lang='lat' dir='ltr'><strong>Deum</strong></span> <span class='ocrx_word' id='word_1_311' title='bbox 755 2751 1028 2818; x_wconf 90' lang='lat' dir='ltr'><strong>videlicet,</strong></span> <span class='ocrx_word' id='word_1_312' title='bbox 1062 2765 1257 2812; x_wconf 91' lang='lat' dir='ltr'><strong>natura</strong></span> <span class='ocrx_word' id='word_1_313' title='bbox 1295 2760 1431 2813; x_wconf 91' lang='lat' dir='ltr'><strong>nihil</strong></span> <span class='ocrx_word' id='word_1_314' title='bbox 1463 2762 1568 2816; x_wconf 89' lang='lat' dir='ltr'><strong>nisi</strong></span> <span class='ocrx_word' id='word_1_315' title='bbox 1602 2763 1780 2818; x_wconf 83' lang='lat' dir='ltr'><strong>homi-</strong></span> 
     </span>
    </p>
   </div>
   <div class='ocr_carea' id='block_1_43' title="bbox 206 2835 1778 2920">
    <p class='ocr_par' dir='ltr' id='par_1_43' title="bbox 206 2835 1778 2920">
     <span class='ocr_line' id='line_1_43' title="bbox 206 2835 1778 2920; baseline 0.017 -36"><span class='ocrx_word' id='word_1_316' title='bbox 206 2848 354 2888; x_wconf 72' lang='lat' dir='ltr'><strong>nem.</strong></span> <span class='ocrx_word' id='word_1_317' title='bbox 402 2835 548 2893; x_wconf 86' lang='lat' dir='ltr'><strong>Talis</strong></span> <span class='ocrx_word' id='word_1_318' title='bbox 581 2855 703 2894; x_wconf 90' lang='lat' dir='ltr'><strong>cum</strong></span> <span class='ocrx_word' id='word_1_319' title='bbox 729 2845 993 2910; x_wconf 89' lang='lat' dir='ltr'><strong>evaseris,</strong></span> <span class='ocrx_word' id='word_1_320' title='bbox 1042 2859 1099 2902; x_wconf 92' lang='lat' dir='ltr'><strong>ut</strong></span> <span class='ocrx_word' id='word_1_321' title='bbox 1144 2866 1210 2903; x_wconf 78' lang='lat' dir='ltr'><strong>ex</strong></span> <span class='ocrx_word' id='word_1_322' title='bbox 1256 2867 1344 2905; x_wconf 89' lang='lat' dir='ltr'><strong>me</strong></span> <span class='ocrx_word' id='word_1_323' title='bbox 1394 2852 1622 2920; x_wconf 88' lang='lat' dir='ltr'><strong>audisti,</strong></span> <span class='ocrx_word' id='word_1_324' title='bbox 1663 2862 1778 2910; x_wconf 93' lang='lat' dir='ltr'><strong>tum</strong></span> 
     </span>
    </p>
   </div>
   <div class='ocr_carea' id='block_1_44' title="bbox 206 2927 1781 3010">
    <p class='ocr_par' dir='ltr' id='par_1_44' title="bbox 206 2927 1781 3010">
     <span class='ocr_line' id='line_1_44' title="bbox 206 2927 1781 3010; baseline 0.017 -34"><span class='ocrx_word' id='word_1_325' title='bbox 206 2927 354 2990; x_wconf 83' lang='lat' dir='ltr'><strong>veni,</strong></span> <span class='ocrx_word' id='word_1_326' title='bbox 383 2927 553 2984; x_wconf 81' lang='lat' dir='ltr'><strong>frater</strong></span> <span class='ocrx_word' id='word_1_327' title='bbox 579 2933 673 3001; x_wconf 91' lang='lat' dir='ltr'><strong>mi,</strong></span> <span class='ocrx_word' id='word_1_328' title='bbox 705 2945 757 2990; x_wconf 93' lang='lat' dir='ltr'><strong>et</strong></span> <span class='ocrx_word' id='word_1_329' title='bbox 784 2939 1071 2994; x_wconf 91' lang='lat' dir='ltr'><strong>nobiscum</strong></span> <span class='ocrx_word' id='word_1_330' title='bbox 1107 2957 1270 3010; x_wconf 82' lang='lat' dir='ltr'><strong>supra</strong></span> <span class='ocrx_word' id='word_1_331' title='bbox 1307 2953 1544 2999; x_wconf 88' lang='lat' dir='ltr'><strong>montem</strong></span> <span class='ocrx_word' id='word_1_332' title='bbox 1581 2947 1781 3003; x_wconf 66' lang='lat' dir='ltr'><strong>divina:</strong></span> 
     </span>
    </p>
   </div>
   <div class='ocr_carea' id='block_1_45' title="bbox 207 3021 1780 3110">
    <p class='ocr_par' dir='ltr' id='par_1_45' title="bbox 207 3021 1780 3110">
     <span class='ocr_line' id='line_1_45' title="bbox 207 3021 1780 3110; baseline 0.018 -41"><span class='ocrx_word' id='word_1_333' title='bbox 207 3021 568 3086; x_wconf 87' lang='lat' dir='ltr'><strong>cognitionis,</strong></span> <span class='ocrx_word' id='word_1_334' title='bbox 603 3041 664 3080; x_wconf 88' lang='lat' dir='ltr'><strong>ac</strong></span> <span class='ocrx_word' id='word_1_335' title='bbox 691 3029 920 3086; x_wconf 88' lang='lat' dir='ltr'><strong>visionis</strong></span> <span class='ocrx_word' id='word_1_336' title='bbox 952 3041 1089 3098; x_wconf 89' lang='lat' dir='ltr'><strong>asta,</strong></span> <span class='ocrx_word' id='word_1_337' title='bbox 1119 3037 1590 3110; x_wconf 81' lang='lat' dir='ltr'><strong>percipiemusque</strong></span> <span class='ocrx_word' id='word_1_338' title='bbox 1618 3043 1780 3097; x_wconf 88' lang='lat' dir='ltr'><strong>simul</strong></span> 
     </span>
    </p>
   </div>
   <div class='ocr_carea' id='block_1_46' title="bbox 200 3119 734 3176">
    <p class='ocr_par' dir='ltr' id='par_1_46' title="bbox 200 3119 734 3176">
     <span class='ocr_line' id='line_1_46' title="bbox 200 3119 734 3176; baseline 0.021 -14"><span class='ocrx_word' id='word_1_339' title='bbox 200 3119 484 3176; x_wconf 84' lang='lat' dir='ltr'><strong>paternam</strong></span> <span class='ocrx_word' id='word_1_340' title='bbox 526 3131 734 3174; x_wconf 72' lang='grc' dir='ltr'><strong>νοοθιη.</strong></span> 
     </span>
    </p>
   </div>
   <div class='ocr_carea' id='block_1_47' title="bbox 278 3205 1854 3312">
    <p class='ocr_par' dir='ltr' id='par_1_47' title="bbox 278 3205 1854 3312">
     <span class='ocr_line' id='line_1_47' title="bbox 278 3205 1854 3312; baseline 0.016 -54"><span class='ocrx_word' id='word_1_341' title='bbox 278 3205 425 3260; x_wconf 84' lang='lat' dir='ltr'><strong>Heu!</strong></span> <span class='ocrx_word' id='word_1_342' title='bbox 455 3223 718 3312; x_wconf 78' lang='lat' dir='ltr'><strong>quantum</strong></span> <span class='ocrx_word' id='word_1_343' title='bbox 742 3230 768 3268; x_wconf 89' lang='lat' dir='ltr'><strong>a</strong></span> <span class='ocrx_word' id='word_1_344' title='bbox 789 3217 972 3312; x_wconf 80' lang='lat' dir='ltr'><strong>divina</strong></span> <span class='ocrx_word' id='word_1_345' title='bbox 992 3219 1255 3312; x_wconf 79' lang='lat' dir='ltr'><strong>dignitate</strong></span> <span class='ocrx_word' id='word_1_346' title='bbox 1282 3222 1588 3281; x_wconf 71' lang='lat' dir='ltr'><strong>distamus?</strong></span> <span class='ocrx_word' id='word_1_347' title='bbox 1612 3244 1785 3296; x_wconf 89' lang='lat' dir='ltr'><strong>quan-</strong></span> <span class='ocrx_word' id='word_1_348' title='bbox 1811 3257 1854 3312; x_wconf 65' lang='grc' dir='ltr'><strong>η</strong></span> 
     </span>
    </p>
   </div>
   <div class='ocr_carea' id='block_1_48' title="bbox 205 3302 1785 3387">
    <p class='ocr_par' dir='ltr' id='par_1_48' title="bbox 205 3302 1785 3387">
     <span class='ocr_line' id='line_1_48' title="bbox 205 3302 1785 3387; baseline 0.017 -39"><span class='ocrx_word' id='word_1_349' title='bbox 205 3307 319 3350; x_wconf 91' lang='lat' dir='ltr'><strong>tum</strong></span> <span class='ocrx_word' id='word_1_350' title='bbox 363 3315 394 3353; x_wconf 85' lang='lat' dir='ltr'><strong>a</strong></span> <span class='ocrx_word' id='word_1_351' title='bbox 431 3302 543 3355; x_wconf 87' lang='lat' dir='ltr'><strong>vita</strong></span> <span class='ocrx_word' id='word_1_352' title='bbox 595 3312 796 3360; x_wconf 64' lang='lat' dir='ltr'><strong>aeterna</strong></span> <span class='ocrx_word' id='word_1_353' title='bbox 845 3309 1146 3366; x_wconf 83' lang='lat' dir='ltr'><strong>absumus?</strong></span> <span class='ocrx_word' id='word_1_354' title='bbox 1191 3311 1362 3377; x_wconf 87' lang='lat' dir='ltr'><strong>Quam</strong></span> <span class='ocrx_word' id='word_1_355' title='bbox 1416 3315 1577 3387; x_wconf 88' lang='lat' dir='ltr'><strong>longe</strong></span> <span class='ocrx_word' id='word_1_356' title='bbox 1623 3319 1785 3375; x_wconf 86' lang='lat' dir='ltr'><strong>distat</strong></span> 
     </span>
    </p>
   </div>
   <div class='ocr_carea' id='block_1_49' title="bbox 201 3389 1783 3472">
    <p class='ocr_par' dir='ltr' id='par_1_49' title="bbox 201 3389 1783 3472">
     <span class='ocr_line' id='line_1_49' title="bbox 201 3389 1783 3472; baseline 0.013 -29"><span class='ocrx_word' id='word_1_357' title='bbox 201 3389 403 3443; x_wconf 74' lang='lat' dir='ltr'><strong>uelum</strong></span> <span class='ocrx_word' id='word_1_358' title='bbox 439 3407 467 3444; x_wconf 92' lang='lat' dir='ltr'><strong>a</strong></span> <span class='ocrx_word' id='word_1_359' title='bbox 503 3394 637 3448; x_wconf 84' lang='lat' dir='ltr'><strong>locis</strong></span> <span class='ocrx_word' id='word_1_360' title='bbox 667 3396 878 3459; x_wconf 90' lang='lat' dir='ltr'><strong>inferis,</strong></span> <span class='ocrx_word' id='word_1_361' title='bbox 909 3411 961 3453; x_wconf 87' lang='lat' dir='ltr'><strong>et</strong></span> <span class='ocrx_word' id='word_1_362' title='bbox 1004 3401 1074 3455; x_wconf 90' lang='lat' dir='ltr'><strong>ibi</strong></span> <span class='ocrx_word' id='word_1_363' title='bbox 1096 3401 1208 3470; x_wconf 89' lang='lat' dir='ltr'><strong>jam</strong></span> <span class='ocrx_word' id='word_1_364' title='bbox 1237 3402 1366 3457; x_wconf 91' lang='lat' dir='ltr'><strong>olim</strong></span> <span class='ocrx_word' id='word_1_365' title='bbox 1394 3405 1648 3472; x_wconf 88' lang='lat' dir='ltr'><strong>detentis.</strong></span> <span class='ocrx_word' id='word_1_366' title='bbox 1675 3418 1783 3464; x_wconf 91' lang='lat' dir='ltr'><strong>tam</strong></span> 
     </span>
    </p>
   </div>
   <div class='ocr_carea' id='block_1_50' title="bbox 199 3484 1782 3561">
    <p class='ocr_par' dir='ltr' id='par_1_50' title="bbox 199 3484 1782 3561">
     <span class='ocr_line' id='line_1_50' title="bbox 199 3484 1782 3561; baseline 0.015 -28"><span class='ocrx_word' id='word_1_367' title='bbox 199 3490 252 3534; x_wconf 92' lang='lat' dir='ltr'><strong>et</strong></span> <span class='ocrx_word' id='word_1_368' title='bbox 285 3484 525 3553; x_wconf 88' lang='lat' dir='ltr'><strong>amplius</strong></span> <span class='ocrx_word' id='word_1_369' title='bbox 558 3503 656 3541; x_wconf 92' lang='lat' dir='ltr'><strong>nos</strong></span> <span class='ocrx_word' id='word_1_370' title='bbox 696 3505 726 3542; x_wconf 91' lang='lat' dir='ltr'><strong>a</strong></span> <span class='ocrx_word' id='word_1_371' title='bbox 758 3490 1064 3545; x_wconf 77' lang='lat' dir='ltr'><strong>divinitatis</strong></span> <span class='ocrx_word' id='word_1_372' title='bbox 1105 3497 1429 3551; x_wconf 63' lang='lat' dir='ltr'><strong>excellentia</strong></span> <span class='ocrx_word' id='word_1_373' title='bbox 1458 3539 1471 3561; x_wconf 93' lang='lat'><strong>,</strong></span> <span class='ocrx_word' id='word_1_374' title='bbox 1530 3511 1782 3557; x_wconf 83' lang='lat' dir='ltr'><strong>contem-</strong></span> 
     </span>
    </p>
   </div>
   <div class='ocr_carea' id='block_1_51' title="bbox 203 3576 1772 3659">
    <p class='ocr_par' dir='ltr' id='par_1_51' title="bbox 203 3576 1772 3659">
     <span class='ocr_line' id='line_1_51' title="bbox 203 3576 1772 3659; baseline 0.015 -33"><span class='ocrx_word' id='word_1_375' title='bbox 203 3576 468 3647; x_wconf 85' lang='lat' dir='ltr'><strong>platuque</strong></span> <span class='ocrx_word' id='word_1_376' title='bbox 508 3594 699 3634; x_wconf 83' lang='lat' dir='ltr'><strong>revera</strong></span> <span class='ocrx_word' id='word_1_377' title='bbox 729 3583 1089 3654; x_wconf 84' lang='lat' dir='ltr'><strong>sejungimur,</strong></span> <span class='ocrx_word' id='word_1_378' title='bbox 1118 3590 1337 3643; x_wconf 87' lang='lat' dir='ltr'><strong>etiamsi</strong></span> <span class='ocrx_word' id='word_1_379' title='bbox 1365 3606 1464 3644; x_wconf 84' lang='lat' dir='ltr'><strong>nos</strong></span> <span class='ocrx_word' id='word_1_380' title='bbox 1501 3607 1625 3646; x_wconf 89' lang='lat' dir='ltr'><strong>cum</strong></span> <span class='ocrx_word' id='word_1_381' title='bbox 1659 3595 1772 3659; x_wconf 91' lang='lat' dir='ltr'><strong>illo,</strong></span> 
     </span>
    </p>
   </div>
   <div class='ocr_carea' id='block_1_52' title="bbox 204 3669 1785 3742">
    <p class='ocr_par' dir='ltr' id='par_1_52' title="bbox 204 3669 1785 3742">
     <span class='ocr_line' id='line_1_52' title="bbox 204 3669 1785 3742; baseline 0.015 -22"><span class='ocrx_word' id='word_1_382' title='bbox 204 3670 349 3737; x_wconf 87' lang='lat' dir='ltr'><strong>quod</strong></span> <span class='ocrx_word' id='word_1_383' title='bbox 405 3669 729 3728; x_wconf 87' lang='lat' dir='ltr'><strong>admirabile</strong></span> <span class='ocrx_word' id='word_1_384' title='bbox 766 3685 880 3739; x_wconf 90' lang='lat' dir='ltr'><strong>est,</strong></span> <span class='ocrx_word' id='word_1_385' title='bbox 926 3677 1192 3740; x_wconf 79' lang='lat' dir='ltr'><strong>habitare,</strong></span> <span class='ocrx_word' id='word_1_386' title='bbox 1235 3689 1286 3733; x_wconf 91' lang='lat' dir='ltr'><strong>ct</strong></span> <span class='ocrx_word' id='word_1_387' title='bbox 1323 3682 1656 3739; x_wconf 85' lang='lat' dir='ltr'><strong>habitantem</strong></span> <span class='ocrx_word' id='word_1_388' title='bbox 1706 3688 1785 3742; x_wconf 90' lang='lat' dir='ltr'><strong>lu-</strong></span> 
     </span>
    </p>
   </div>
   <div class='ocr_carea' id='block_1_53' title="bbox 205 3764 1783 3840">
    <p class='ocr_par' dir='ltr' id='par_1_53' title="bbox 205 3764 1783 3840">
     <span class='ocr_line' id='line_1_53' title="bbox 205 3764 1783 3840; baseline 0.011 -25"><span class='ocrx_word' id='word_1_389' title='bbox 205 3778 326 3815; x_wconf 88' lang='lat' dir='ltr'><strong>men</strong></span> <span class='ocrx_word' id='word_1_390' title='bbox 364 3764 746 3820; x_wconf 84' lang='lat' dir='ltr'><strong>inaccessibile</strong></span> <span class='ocrx_word' id='word_1_391' title='bbox 779 3783 879 3821; x_wconf 84' lang='lat' dir='ltr'><strong>rtus</strong></span> <span class='ocrx_word' id='word_1_392' title='bbox 912 3769 964 3822; x_wconf 88' lang='lat' dir='ltr'><strong>in</strong></span> <span class='ocrx_word' id='word_1_393' title='bbox 996 3771 1149 3823; x_wconf 83' lang='lat' dir='ltr'><strong>nobis</strong></span> <span class='ocrx_word' id='word_1_394' title='bbox 1183 3774 1314 3840; x_wconf 87' lang='lat' dir='ltr'><strong>ipsis</strong></span> <span class='ocrx_word' id='word_1_395' title='bbox 1345 3784 1516 3828; x_wconf 79' lang='lat' dir='ltr'><strong>totum</strong></span> <span class='ocrx_word' id='word_1_396' title='bbox 1557 3794 1783 3833; x_wconf 83' lang='lat' dir='ltr'><strong>manen-</strong></span> 
     </span>
    </p>
   </div>
   <div class='ocr_carea' id='block_1_54' title="bbox 206 3855 1784 3934">
    <p class='ocr_par' dir='ltr' id='par_1_54' title="bbox 206 3855 1784 3934">
     <span class='ocr_line' id='line_1_54' title="bbox 206 3855 1784 3934; baseline 0.013 -28"><span class='ocrx_word' id='word_1_397' title='bbox 206 3864 337 3920; x_wconf 79' lang='lat' dir='ltr'><strong>tem,</strong></span> <span class='ocrx_word' id='word_1_398' title='bbox 383 3855 835 3922; x_wconf 88' lang='lat' dir='ltr'><strong>habitantcmque</strong></span> <span class='ocrx_word' id='word_1_399' title='bbox 883 3860 1082 3916; x_wconf 86' lang='lat' dir='ltr'><strong>habere</strong></span> <span class='ocrx_word' id='word_1_400' title='bbox 1133 3863 1401 3934; x_wconf 85' lang='lat' dir='ltr'><strong>dicamus,</strong></span> <span class='ocrx_word' id='word_1_401' title='bbox 1451 3878 1504 3921; x_wconf 87' lang='lat' dir='ltr'><strong>et</strong></span> <span class='ocrx_word' id='word_1_402' title='bbox 1551 3870 1784 3926; x_wconf 80' lang='lat' dir='ltr'><strong>velimus</strong></span> 
     </span>
    </p>
   </div>
   <div class='ocr_carea' id='block_1_55' title="bbox 205 3947 1785 4026">
    <p class='ocr_par' dir='ltr' id='par_1_55' title="bbox 205 3947 1785 4026">
     <span class='ocr_line' id='line_1_55' title="bbox 205 3947 1785 4026; baseline 0.011 -27"><span class='ocrx_word' id='word_1_403' title='bbox 205 3947 348 4000; x_wconf 77' lang='lat' dir='ltr'><strong>infra</strong></span> <span class='ocrx_word' id='word_1_404' title='bbox 393 3959 597 4002; x_wconf 85' lang='lat' dir='ltr'><strong>terram</strong></span> <span class='ocrx_word' id='word_1_405' title='bbox 629 3951 901 4015; x_wconf 86' lang='lat' dir='ltr'><strong>sedentes,</strong></span> <span class='ocrx_word' id='word_1_406' title='bbox 935 3953 999 4006; x_wconf 88' lang='lat' dir='ltr'><strong>de</strong></span> <span class='ocrx_word' id='word_1_407' title='bbox 1033 3954 1100 4008; x_wconf 91' lang='lat' dir='ltr'><strong>iis</strong></span> <span class='ocrx_word' id='word_1_408' title='bbox 1135 3970 1255 4023; x_wconf 72' lang='lat' dir='ltr'><strong>qua:</strong></span> <span class='ocrx_word' id='word_1_409' title='bbox 1286 3972 1449 4026; x_wconf 89' lang='lat' dir='ltr'><strong>supra</strong></span> <span class='ocrx_word' id='word_1_410' title='bbox 1480 3970 1702 4024; x_wconf 89' lang='lat' dir='ltr'><strong>terram,</strong></span> <span class='ocrx_word' id='word_1_411' title='bbox 1732 3970 1785 4016; x_wconf 92' lang='lat' dir='ltr'><strong>et</strong></span> 
     </span>
    </p>
   </div>
   <div class='ocr_carea' id='block_1_56' title="bbox 204 4041 1784 4120">
    <p class='ocr_par' dir='ltr' id='par_1_56' title="bbox 204 4041 1784 4120">
     <span class='ocr_line' id='line_1_56' title="bbox 204 4041 1784 4120; baseline 0.011 -28"><span class='ocrx_word' id='word_1_412' title='bbox 204 4041 256 4092; x_wconf 90' lang='lat' dir='ltr'><strong>in</strong></span> <span class='ocrx_word' id='word_1_413' title='bbox 306 4042 469 4101; x_wconf 67' lang='lat' dir='ltr'><strong>caelo,</strong></span> <span class='ocrx_word' id='word_1_414' title='bbox 510 4049 566 4094; x_wconf 90' lang='lat' dir='ltr'><strong>et</strong></span> <span class='ocrx_word' id='word_1_415' title='bbox 611 4057 774 4108; x_wconf 91' lang='lat' dir='ltr'><strong>supra</strong></span> <span class='ocrx_word' id='word_1_416' title='bbox 828 4045 1028 4098; x_wconf 65' lang='lat' dir='ltr'><strong>caelum</strong></span> <span class='ocrx_word' id='word_1_417' title='bbox 1084 4055 1230 4111; x_wconf 91' lang='lat' dir='ltr'><strong>sunt,</strong></span> <span class='ocrx_word' id='word_1_418' title='bbox 1293 4056 1351 4102; x_wconf 92' lang='lat' dir='ltr'><strong>ut</strong></span> <span class='ocrx_word' id='word_1_419' title='bbox 1403 4050 1492 4104; x_wconf 93' lang='lat' dir='ltr'><strong>illa</strong></span> <span class='ocrx_word' id='word_1_420' title='bbox 1547 4053 1784 4120; x_wconf 77' lang='lat' dir='ltr'><strong>perfecte</strong></span> 
     </span>
    </p>
   </div>
   <div class='ocr_carea' id='block_1_57' title="bbox 204 4132 1783 4206">
    <p class='ocr_par' dir='ltr' id='par_1_57' title="bbox 204 4132 1783 4206">
     <span class='ocr_line' id='line_1_57' title="bbox 204 4132 1783 4206; baseline 0.009 -24"><span class='ocrx_word' id='word_1_421' title='bbox 204 4132 467 4195; x_wconf 84' lang='lat' dir='ltr'><strong>scientes,</strong></span> <span class='ocrx_word' id='word_1_422' title='bbox 505 4133 899 4202; x_wconf 85' lang='lat' dir='ltr'><strong>philosophari,</strong></span> <span class='ocrx_word' id='word_1_423' title='bbox 933 4143 985 4189; x_wconf 91' lang='lat' dir='ltr'><strong>et</strong></span> <span class='ocrx_word' id='word_1_424' title='bbox 1010 4151 1231 4193; x_wconf 86' lang='lat' dir='ltr'><strong>narrare</strong></span> <span class='ocrx_word' id='word_1_425' title='bbox 1262 4141 1538 4206; x_wconf 81' lang='lat' dir='ltr'><strong>erunibus,</strong></span> <span class='ocrx_word' id='word_1_426' title='bbox 1572 4146 1783 4198; x_wconf 86' lang='lat' dir='ltr'><strong>vocarl-</strong></span> 
     </span>
    </p>
   </div>
   <div class='ocr_carea' id='block_1_58' title="bbox 205 4222 1782 4302">
    <p class='ocr_par' dir='ltr' id='par_1_58' title="bbox 205 4222 1782 4302">
     <span class='ocr_line' id='line_1_58' title="bbox 205 4222 1782 4302; baseline 0.012 -31"><span class='ocrx_word' id='word_1_427' title='bbox 205 4236 308 4288; x_wconf 84' lang='lat' dir='ltr'><strong>que</strong></span> <span class='ocrx_word' id='word_1_428' title='bbox 341 4222 579 4289; x_wconf 83' lang='lat' dir='ltr'><strong>gnostici</strong></span> <span class='ocrx_word' id='word_1_429' title='bbox 612 4224 734 4292; x_wconf 89' lang='lat' dir='ltr'><strong>(hoc</strong></span> <span class='ocrx_word' id='word_1_430' title='bbox 771 4232 876 4290; x_wconf 90' lang='lat' dir='ltr'><strong>cst,</strong></span> <span class='ocrx_word' id='word_1_431' title='bbox 912 4227 959 4279; x_wconf 87' lang='lat' dir='ltr'><strong>vi</strong></span> <span class='ocrx_word' id='word_1_432' title='bbox 999 4241 1092 4280; x_wconf 90' lang='lat' dir='ltr'><strong>seu</strong></span> <span class='ocrx_word' id='word_1_433' title='bbox 1129 4227 1390 4285; x_wconf 84' lang='lat' dir='ltr'><strong>facultate</strong></span> <span class='ocrx_word' id='word_1_434' title='bbox 1418 4235 1782 4302; x_wconf 85' lang='lat' dir='ltr'><strong>cognoscendi</strong></span> 
     </span>
    </p>
   </div>
   <div class='ocr_carea' id='block_1_59' title="bbox 206 4311 1786 4386">
    <p class='ocr_par' dir='ltr' id='par_1_59' title="bbox 206 4311 1786 4386">
     <span class='ocr_line' id='line_1_59' title="bbox 206 4311 1786 4386; baseline 0.011 -23"><span class='ocrx_word' id='word_1_435' title='bbox 206 4311 472 4380; x_wconf 67' lang='lat' dir='ltr'><strong>praediti),</strong></span> <span class='ocrx_word' id='word_1_436' title='bbox 498 4323 554 4367; x_wconf 90' lang='lat' dir='ltr'><strong>et</strong></span> <span class='ocrx_word' id='word_1_437' title='bbox 579 4316 777 4385; x_wconf 84' lang='lat' dir='ltr'><strong>egregii</strong></span> <span class='ocrx_word' id='word_1_438' title='bbox 818 4317 1083 4386; x_wconf 83' lang='lat' dir='ltr'><strong>theologi,</strong></span> <span class='ocrx_word' id='word_1_439' title='bbox 1118 4327 1174 4374; x_wconf 89' lang='lat' dir='ltr'><strong>et</strong></span> <span class='ocrx_word' id='word_1_440' title='bbox 1204 4322 1458 4378; x_wconf 88' lang='lat' dir='ltr'><strong>doctores</strong></span> <span class='ocrx_word' id='word_1_441' title='bbox 1492 4340 1671 4378; x_wconf 92' lang='lat' dir='ltr'><strong>rerum</strong></span> <span class='ocrx_word' id='word_1_442' title='bbox 1698 4341 1786 4380; x_wconf 88' lang='lat' dir='ltr'><strong>ar-</strong></span> 
     </span>
    </p>
   </div>
   <div class='ocr_carea' id='block_1_60' title="bbox 206 4406 1782 4484">
    <p class='ocr_par' dir='ltr' id='par_1_60' title="bbox 206 4406 1782 4484">
     <span class='ocr_line' id='line_1_60' title="bbox 206 4406 1782 4484; baseline 0.011 -27"><span class='ocrx_word' id='word_1_443' title='bbox 206 4420 471 4458; x_wconf 67' lang='lat' dir='ltr'><strong>canarum</strong></span> <span class='ocrx_word' id='word_1_444' title='bbox 499 4423 514 4469; x_wconf 90' lang='lat'>;</span> <span class='ocrx_word' id='word_1_445' title='bbox 556 4406 702 4475; x_wconf 92' lang='lat' dir='ltr'><strong>quod</strong></span> <span class='ocrx_word' id='word_1_446' title='bbox 739 4409 1056 4465; x_wconf 84' lang='lat' dir='ltr'><strong>stoliditatis</strong></span> <span class='ocrx_word' id='word_1_447' title='bbox 1085 4413 1243 4481; x_wconf 88' lang='lat' dir='ltr'><strong>plane</strong></span> <span class='ocrx_word' id='word_1_448' title='bbox 1270 4426 1650 4484; x_wconf 85' lang='lat' dir='ltr'><strong>argumentum</strong></span> <span class='ocrx_word' id='word_1_449' title='bbox 1678 4429 1782 4475; x_wconf 91' lang='lat' dir='ltr'><strong>est.</strong></span> 
     </span>
    </p>
   </div>
   <div class='ocr_carea' id='block_1_61' title="bbox 206 4496 1784 4570">
    <p class='ocr_par' dir='ltr' id='par_1_61' title="bbox 206 4496 1784 4570">
     <span class='ocr_line' id='line_1_61' title="bbox 206 4496 1784 4570; baseline 0.012 -23"><span class='ocrx_word' id='word_1_450' title='bbox 206 4496 376 4550; x_wconf 80' lang='lat' dir='ltr'><strong>Natus</strong></span> <span class='ocrx_word' id='word_1_451' title='bbox 410 4497 554 4550; x_wconf 91' lang='lat' dir='ltr'><strong>cnim</strong></span> <span class='ocrx_word' id='word_1_452' title='bbox 591 4499 759 4552; x_wconf 89' lang='lat' dir='ltr'><strong>miser</strong></span> <span class='ocrx_word' id='word_1_453' title='bbox 792 4500 847 4552; x_wconf 92' lang='lat' dir='ltr'><strong>in</strong></span> <span class='ocrx_word' id='word_1_454' title='bbox 880 4502 1280 4570; x_wconf 85' lang='lat' dir='ltr'><strong>subterraneis,</strong></span> <span class='ocrx_word' id='word_1_455' title='bbox 1315 4513 1370 4560; x_wconf 93' lang='lat' dir='ltr'><strong>et</strong></span> <span class='ocrx_word' id='word_1_456' title='bbox 1396 4507 1596 4564; x_wconf 88' lang='lat' dir='ltr'><strong>densas</strong></span> <span class='ocrx_word' id='word_1_457' title='bbox 1629 4518 1784 4566; x_wconf 85' lang='lat' dir='ltr'><strong>tene-</strong></span> 
     </span>
    </p>
   </div>
   <div class='ocr_carea' id='block_1_62' title="bbox 1891 2017 3461 2090">
    <p class='ocr_par' dir='ltr' id='par_1_62' title="bbox 1891 2017 3461 2090">
     <span class='ocr_line' id='line_1_62' title="bbox 1891 2017 3461 2090; baseline -0.004 -15"><span class='ocrx_word' id='word_1_458' title='bbox 1891 2035 1990 2075; x_wconf 91' lang='lat' dir='ltr'><strong>nec</strong></span> <span class='ocrx_word' id='word_1_459' title='bbox 2019 2022 2223 2076; x_wconf 89' lang='lat' dir='ltr'><strong>sentire</strong></span> <span class='ocrx_word' id='word_1_460' title='bbox 2254 2020 2500 2075; x_wconf 90' lang='lat' dir='ltr'><strong>morbum</strong></span> <span class='ocrx_word' id='word_1_461' title='bbox 2525 2028 2733 2090; x_wconf 78' lang='lat' dir='ltr'><strong>queunt</strong></span> <span class='ocrx_word' id='word_1_462' title='bbox 2760 2036 2869 2090; x_wconf 89' lang='lat' dir='ltr'><strong>quo</strong></span> <span class='ocrx_word' id='word_1_463' title='bbox 2898 2020 3173 2085; x_wconf 90' lang='lat' dir='ltr'><strong>laborant,</strong></span> <span class='ocrx_word' id='word_1_464' title='bbox 3199 2017 3281 2072; x_wconf 87' lang='lat' dir='ltr'><strong>vel</strong></span> <span class='ocrx_word' id='word_1_465' title='bbox 3310 2032 3461 2072; x_wconf 93' lang='lat' dir='ltr'><strong>mor-</strong></span> 
     </span>
    </p>
   </div>
   <div class='ocr_carea' id='block_1_63' title="bbox 1889 2109 3457 2184">
    <p class='ocr_par' dir='ltr' id='par_1_63' title="bbox 1889 2109 3457 2184">
     <span class='ocr_line' id='line_1_63' title="bbox 1889 2109 3457 2184; baseline -0.004 -14"><span class='ocrx_word' id='word_1_466' title='bbox 1889 2116 1989 2170; x_wconf 87' lang='lat' dir='ltr'><strong>bos</strong></span> <span class='ocrx_word' id='word_1_467' title='bbox 2023 2114 2232 2183; x_wconf 87' lang='lat' dir='ltr'><strong>potius,</strong></span> <span class='ocrx_word' id='word_1_468' title='bbox 2261 2115 2354 2184; x_wconf 87' lang='lat' dir='ltr'><strong>qui</strong></span> <span class='ocrx_word' id='word_1_469' title='bbox 2387 2123 2623 2169; x_wconf 86' lang='lat' dir='ltr'><strong>mentem</strong></span> <span class='ocrx_word' id='word_1_470' title='bbox 2663 2112 2904 2168; x_wconf 85' lang='lat' dir='ltr'><strong>tenebris</strong></span> <span class='ocrx_word' id='word_1_471' title='bbox 2934 2112 3238 2175; x_wconf 85' lang='lat' dir='ltr'><strong>involvunt,</strong></span> <span class='ocrx_word' id='word_1_472' title='bbox 3269 2117 3324 2165; x_wconf 86' lang='lat' dir='ltr'><strong>et</strong></span> <span class='ocrx_word' id='word_1_473' title='bbox 3345 2109 3457 2179; x_wconf 85' lang='lat' dir='ltr'><strong>jam</strong></span> 
     </span>
    </p>
   </div>
   <div class='ocr_carea' id='block_1_64' title="bbox 1891 2204 3462 2275">
    <p class='ocr_par' dir='ltr' id='par_1_64' title="bbox 1891 2204 3462 2275">
     <span class='ocr_line' id='line_1_64' title="bbox 1891 2204 3462 2275; baseline -0.002 -16"><span class='ocrx_word' id='word_1_474' title='bbox 1891 2221 1918 2259; x_wconf 94' lang='lat' dir='ltr'><strong>a</strong></span> <span class='ocrx_word' id='word_1_475' title='bbox 1963 2206 2070 2261; x_wconf 89' lang='lat' dir='ltr'><strong>Deo</strong></span> <span class='ocrx_word' id='word_1_476' title='bbox 2118 2215 2455 2275; x_wconf 86' lang='lat' dir='ltr'><strong>assumptos,</strong></span> <span class='ocrx_word' id='word_1_477' title='bbox 2510 2206 2578 2260; x_wconf 93' lang='lat' dir='ltr'><strong>ab</strong></span> <span class='ocrx_word' id='word_1_478' title='bbox 2608 2205 2701 2260; x_wconf 93' lang='lat' dir='ltr'><strong>illo</strong></span> <span class='ocrx_word' id='word_1_479' title='bbox 2731 2212 3010 2274; x_wconf 86' lang='lat' dir='ltr'><strong>separant.</strong></span> <span class='ocrx_word' id='word_1_480' title='bbox 3060 2204 3142 2259; x_wconf 79' lang='lat' dir='ltr'><strong>Ab</strong></span> <span class='ocrx_word' id='word_1_481' title='bbox 3175 2204 3462 2259; x_wconf 83' lang='lat' dir='ltr'><strong>existima-</strong></span> 
     </span>
    </p>
   </div>
   <div class='ocr_carea' id='block_1_65' title="bbox 1891 2295 3459 2369">
    <p class='ocr_par' dir='ltr' id='par_1_65' title="bbox 1891 2295 3459 2369">
     <span class='ocr_line' id='line_1_65' title="bbox 1891 2295 3459 2369; baseline -0.003 -16"><span class='ocrx_word' id='word_1_482' title='bbox 1891 2300 2038 2354; x_wconf 88' lang='lat' dir='ltr'><strong>tione</strong></span> <span class='ocrx_word' id='word_1_483' title='bbox 2064 2299 2171 2362; x_wconf 85' lang='lat' dir='ltr'><strong>sui,</strong></span> <span class='ocrx_word' id='word_1_484' title='bbox 2204 2307 2258 2354; x_wconf 88' lang='lat' dir='ltr'><strong>et</strong></span> <span class='ocrx_word' id='word_1_485' title='bbox 2303 2313 2331 2351; x_wconf 94' lang='lat' dir='ltr'><strong>a</strong></span> <span class='ocrx_word' id='word_1_486' title='bbox 2365 2297 2619 2369; x_wconf 84' lang='lat' dir='ltr'><strong>superbia</strong></span> <span class='ocrx_word' id='word_1_487' title='bbox 2672 2298 2724 2350; x_wconf 92' lang='lat' dir='ltr'><strong>in</strong></span> <span class='ocrx_word' id='word_1_488' title='bbox 2758 2297 3076 2351; x_wconf 83' lang='lat' dir='ltr'><strong>servitutem</strong></span> <span class='ocrx_word' id='word_1_489' title='bbox 3125 2295 3352 2358; x_wconf 86' lang='lat' dir='ltr'><strong>redacti,</strong></span> <span class='ocrx_word' id='word_1_490' title='bbox 3405 2303 3459 2349; x_wconf 90' lang='lat' dir='ltr'><strong>et</strong></span> 
     </span>
    </p>
   </div>
   <div class='ocr_carea' id='block_1_66' title="bbox 1890 2386 3460 2456">
    <p class='ocr_par' dir='ltr' id='par_1_66' title="bbox 1890 2386 3460 2456">
     <span class='ocr_line' id='line_1_66' title="bbox 1890 2386 3460 2456; baseline -0.004 -10"><span class='ocrx_word' id='word_1_491' title='bbox 1890 2394 2115 2447; x_wconf 90' lang='lat' dir='ltr'><strong>istorum</strong></span> <span class='ocrx_word' id='word_1_492' title='bbox 2149 2391 2403 2446; x_wconf 89' lang='lat' dir='ltr'><strong>vitiorum</strong></span> <span class='ocrx_word' id='word_1_493' title='bbox 2441 2389 2584 2444; x_wconf 84' lang='lat' dir='ltr'><strong>servi</strong></span> <span class='ocrx_word' id='word_1_494' title='bbox 2632 2399 2826 2456; x_wconf 84' lang='lat' dir='ltr'><strong>sponte</strong></span> <span class='ocrx_word' id='word_1_495' title='bbox 2874 2389 3159 2455; x_wconf 89' lang='lat' dir='ltr'><strong>nominati,</strong></span> <span class='ocrx_word' id='word_1_496' title='bbox 3201 2386 3460 2442; x_wconf 86' lang='lat' dir='ltr'><strong>volunta-</strong></span> 
     </span>
    </p>
   </div>
   <div class='ocr_carea' id='block_1_67' title="bbox 1893 2480 3456 2553">
    <p class='ocr_par' dir='ltr' id='par_1_67' title="bbox 1893 2480 3456 2553">
     <span class='ocr_line' id='line_1_67' title="bbox 1893 2480 3456 2553; baseline -0.004 -14"><span class='ocrx_word' id='word_1_497' title='bbox 1893 2497 1997 2541; x_wconf 89' lang='lat' dir='ltr'><strong>tem</strong></span> <span class='ocrx_word' id='word_1_498' title='bbox 2033 2498 2186 2539; x_wconf 87' lang='lat' dir='ltr'><strong>suam</strong></span> <span class='ocrx_word' id='word_1_499' title='bbox 2220 2491 2483 2553; x_wconf 88' lang='lat' dir='ltr'><strong>perpetuo</strong></span> <span class='ocrx_word' id='word_1_500' title='bbox 2523 2483 2764 2552; x_wconf 83' lang='lat' dir='ltr'><strong>explent,</strong></span> <span class='ocrx_word' id='word_1_501' title='bbox 2816 2481 3135 2549; x_wconf 80' lang='lat' dir='ltr'><strong>relictisque</strong></span> <span class='ocrx_word' id='word_1_502' title='bbox 3184 2481 3276 2535; x_wconf 88' lang='lat' dir='ltr'><strong>Dei</strong></span> <span class='ocrx_word' id='word_1_503' title='bbox 3320 2480 3456 2550; x_wconf 87' lang='lat' dir='ltr'><strong>legi-</strong></span> 
     </span>
    </p>
   </div>
   <div class='ocr_carea' id='block_1_68' title="bbox 1890 2572 3459 2646">
    <p class='ocr_par' dir='ltr' id='par_1_68' title="bbox 1890 2572 3459 2646">
     <span class='ocr_line' id='line_1_68' title="bbox 1890 2572 3459 2646; baseline -0.004 -14"><span class='ocrx_word' id='word_1_504' title='bbox 1890 2578 2014 2640; x_wconf 87' lang='lat' dir='ltr'><strong>bus,</strong></span> <span class='ocrx_word' id='word_1_505' title='bbox 2050 2577 2153 2646; x_wconf 88' lang='lat' dir='ltr'><strong>ipsi</strong></span> <span class='ocrx_word' id='word_1_506' title='bbox 2207 2577 2352 2644; x_wconf 81' lang='lat' dir='ltr'><strong>leges</strong></span> <span class='ocrx_word' id='word_1_507' title='bbox 2401 2576 2503 2631; x_wconf 92' lang='lat' dir='ltr'><strong>sibi</strong></span> <span class='ocrx_word' id='word_1_508' title='bbox 2547 2576 2765 2639; x_wconf 89' lang='lat' dir='ltr'><strong>ferunt;</strong></span> <span class='ocrx_word' id='word_1_509' title='bbox 2805 2589 2904 2629; x_wconf 90' lang='lat' dir='ltr'><strong>nec</strong></span> <span class='ocrx_word' id='word_1_510' title='bbox 2937 2573 3071 2634; x_wconf 89' lang='lat' dir='ltr'><strong>Deo.</strong></span> <span class='ocrx_word' id='word_1_511' title='bbox 3104 2572 3199 2628; x_wconf 89' lang='lat' dir='ltr'><strong>sed</strong></span> <span class='ocrx_word' id='word_1_512' title='bbox 3240 2573 3459 2628; x_wconf 81' lang='lat' dir='ltr'><strong>sibimet</strong></span> 
     </span>
    </p>
   </div>
   <div class='ocr_carea' id='block_1_69' title="bbox 1889 2664 3457 2734">
    <p class='ocr_par' dir='ltr' id='par_1_69' title="bbox 1889 2664 3457 2734">
     <span class='ocr_line' id='line_1_69' title="bbox 1889 2664 3457 2734; baseline -0.005 -10"><span class='ocrx_word' id='word_1_513' title='bbox 1889 2669 2172 2732; x_wconf 88' lang='lat' dir='ltr'><strong>serviunt,</strong></span> <span class='ocrx_word' id='word_1_514' title='bbox 2206 2667 2456 2722; x_wconf 89' lang='lat' dir='ltr'><strong>homines</strong></span> <span class='ocrx_word' id='word_1_515' title='bbox 2502 2666 2894 2731; x_wconf 89' lang='lat' dir='ltr'><strong>audacissimi;</strong></span> <span class='ocrx_word' id='word_1_516' title='bbox 2946 2674 2999 2719; x_wconf 91' lang='lat' dir='ltr'><strong>et</strong></span> <span class='ocrx_word' id='word_1_517' title='bbox 3029 2664 3254 2734; x_wconf 89' lang='lat' dir='ltr'><strong>gloriam</strong></span> <span class='ocrx_word' id='word_1_518' title='bbox 3303 2680 3457 2719; x_wconf 81' lang='lat' dir='ltr'><strong>suam</strong></span> 
     </span>
    </p>
   </div>
   <div class='ocr_carea' id='block_1_70' title="bbox 1890 2757 3459 2829">
    <p class='ocr_par' dir='ltr' id='par_1_70' title="bbox 1890 2757 3459 2829">
     <span class='ocr_line' id='line_1_70' title="bbox 1890 2757 3459 2829; baseline -0.003 -16"><span class='ocrx_word' id='word_1_519' title='bbox 1890 2775 1989 2829; x_wconf 87' lang='lat' dir='ltr'><strong>pro</strong></span> <span class='ocrx_word' id='word_1_520' title='bbox 2025 2759 2116 2814; x_wconf 89' lang='lat' dir='ltr'><strong>Dei</strong></span> <span class='ocrx_word' id='word_1_521' title='bbox 2149 2759 2318 2827; x_wconf 81' lang='lat' dir='ltr'><strong>gloria</strong></span> <span class='ocrx_word' id='word_1_522' title='bbox 2352 2766 2711 2826; x_wconf 86' lang='lat' dir='ltr'><strong>aucupantes.</strong></span> <span class='ocrx_word' id='word_1_523' title='bbox 2735 2758 3013 2826; x_wconf 85' lang='lat' dir='ltr'><strong>operibus,</strong></span> <span class='ocrx_word' id='word_1_524' title='bbox 3048 2766 3101 2810; x_wconf 86' lang='lat' dir='ltr'><strong>et</strong></span> <span class='ocrx_word' id='word_1_525' title='bbox 3133 2757 3307 2811; x_wconf 87' lang='lat' dir='ltr'><strong>modis</strong></span> <span class='ocrx_word' id='word_1_526' title='bbox 3341 2774 3459 2810; x_wconf 89' lang='lat' dir='ltr'><strong>om-</strong></span> 
     </span>
    </p>
   </div>
   <div class='ocr_carea' id='block_1_71' title="bbox 1891 2849 3461 2917">
    <p class='ocr_par' dir='ltr' id='par_1_71' title="bbox 1891 2849 3461 2917">
     <span class='ocr_line' id='line_1_71' title="bbox 1891 2849 3461 2917; baseline -0.003 -10"><span class='ocrx_word' id='word_1_527' title='bbox 1891 2853 2052 2907; x_wconf 83' lang='lat' dir='ltr'><strong>nibus</strong></span> <span class='ocrx_word' id='word_1_528' title='bbox 2109 2867 2227 2906; x_wconf 90' lang='lat' dir='ltr'><strong>eam</strong></span> <span class='ocrx_word' id='word_1_529' title='bbox 2281 2851 2615 2907; x_wconf 85' lang='lat' dir='ltr'><strong>constituere</strong></span> <span class='ocrx_word' id='word_1_530' title='bbox 2660 2850 3005 2904; x_wconf 87' lang='lat' dir='ltr'><strong>annituntur.</strong></span> <span class='ocrx_word' id='word_1_531' title='bbox 3049 2849 3234 2904; x_wconf 83' lang='lat' dir='ltr'><strong>Gloria</strong></span> <span class='ocrx_word' id='word_1_532' title='bbox 3296 2849 3461 2917; x_wconf 83' lang='lat' dir='ltr'><strong>igitur</strong></span> 
     </span>
    </p>
   </div>
   <div class='ocr_carea' id='block_1_72' title="bbox 1889 2944 3457 3009">
    <p class='ocr_par' dir='ltr' id='par_1_72' title="bbox 1889 2944 3457 3009">
     <span class='ocr_line' id='line_1_72' title="bbox 1889 2944 3457 3009; baseline -0.004 -11"><span class='ocrx_word' id='word_1_533' title='bbox 1889 2944 2115 3002; x_wconf 86' lang='lat' dir='ltr'><strong>Christi.</strong></span> <span class='ocrx_word' id='word_1_534' title='bbox 2151 2952 2233 2998; x_wconf 82' lang='lat' dir='ltr'><strong>est</strong></span> <span class='ocrx_word' id='word_1_535' title='bbox 2264 2959 2418 3006; x_wconf 79' lang='lat' dir='ltr'><strong>crux,</strong></span> <span class='ocrx_word' id='word_1_536' title='bbox 2464 2951 2518 2995; x_wconf 82' lang='lat' dir='ltr'><strong>et</strong></span> <span class='ocrx_word' id='word_1_537' title='bbox 2564 2950 2833 2996; x_wconf 78' lang='lat' dir='ltr'><strong>tormenta</strong></span> <span class='ocrx_word' id='word_1_538' title='bbox 2859 2984 2872 3006; x_wconf 94' lang='lat'><strong>,</strong></span> <span class='ocrx_word' id='word_1_539' title='bbox 2913 2957 3031 3009; x_wconf 66' lang='lat' dir='ltr'><strong>qua!</strong></span> <span class='ocrx_word' id='word_1_540' title='bbox 3065 2949 3254 2996; x_wconf 89' lang='lat' dir='ltr'><strong>nostra</strong></span> <span class='ocrx_word' id='word_1_541' title='bbox 3292 2956 3457 2994; x_wconf 86' lang='lat' dir='ltr'><strong>causa</strong></span> 
     </span>
    </p>
   </div>
   <div class='ocr_carea' id='block_1_73' title="bbox 1893 3032 3458 3104">
    <p class='ocr_par' dir='ltr' id='par_1_73' title="bbox 1893 3032 3458 3104">
     <span class='ocr_line' id='line_1_73' title="bbox 1893 3032 3458 3104; baseline -0.004 -13"><span class='ocrx_word' id='word_1_542' title='bbox 1893 3035 2195 3099; x_wconf 82' lang='lat' dir='ltr'><strong>sustinuit,</strong></span> <span class='ocrx_word' id='word_1_543' title='bbox 2234 3044 2292 3089; x_wconf 92' lang='lat' dir='ltr'><strong>ut</strong></span> <span class='ocrx_word' id='word_1_544' title='bbox 2333 3051 2432 3089; x_wconf 88' lang='lat' dir='ltr'><strong>nos</strong></span> <span class='ocrx_word' id='word_1_545' title='bbox 2475 3035 2648 3104; x_wconf 87' lang='lat' dir='ltr'><strong>gloria</strong></span> <span class='ocrx_word' id='word_1_546' title='bbox 2688 3033 2946 3088; x_wconf 81' lang='lat' dir='ltr'><strong>alliceret.</strong></span> <span class='ocrx_word' id='word_1_547' title='bbox 3007 3033 3129 3086; x_wconf 66' lang='lat' dir='ltr'><strong>Haec</strong></span> <span class='ocrx_word' id='word_1_548' title='bbox 3170 3047 3333 3100; x_wconf 90' lang='lat' dir='ltr'><strong>porro</strong></span> <span class='ocrx_word' id='word_1_549' title='bbox 3380 3032 3458 3084; x_wconf 92' lang='lat' dir='ltr'><strong>illi</strong></span> 
     </span>
    </p>
   </div>
   <div class='ocr_carea' id='block_1_74' title="bbox 1890 3123 3457 3194">
    <p class='ocr_par' dir='ltr' id='par_1_74' title="bbox 1890 3123 3457 3194">
     <span class='ocr_line' id='line_1_74' title="bbox 1890 3123 3457 3194; baseline -0.001 -18"><span class='ocrx_word' id='word_1_550' title='bbox 1890 3126 2100 3194; x_wconf 87' lang='lat' dir='ltr'><strong>perpeti</strong></span> <span class='ocrx_word' id='word_1_551' title='bbox 2135 3133 2414 3189; x_wconf 89' lang='lat' dir='ltr'><strong>recusant,</strong></span> <span class='ocrx_word' id='word_1_552' title='bbox 2463 3123 2919 3192; x_wconf 87' lang='lat' dir='ltr'><strong>quemadmodum</strong></span> <span class='ocrx_word' id='word_1_553' title='bbox 2954 3123 3044 3177; x_wconf 89' lang='lat' dir='ltr'><strong>ille</strong></span> <span class='ocrx_word' id='word_1_554' title='bbox 3092 3139 3292 3192; x_wconf 86' lang='lat' dir='ltr'><strong>passus</strong></span> <span class='ocrx_word' id='word_1_555' title='bbox 3331 3133 3410 3175; x_wconf 83' lang='lat' dir='ltr'><strong>e5t</strong></span> <span class='ocrx_word' id='word_1_556' title='bbox 3444 3139 3457 3185; x_wconf 89' lang='lat'><strong>;</strong></span> 
     </span>
    </p>
   </div>
   <div class='ocr_carea' id='block_1_75' title="bbox 1889 3215 3462 3286">
    <p class='ocr_par' dir='ltr' id='par_1_75' title="bbox 1889 3215 3462 3286">
     <span class='ocr_line' id='line_1_75' title="bbox 1889 3215 3462 3286; baseline -0.004 -14"><span class='ocrx_word' id='word_1_557' title='bbox 1889 3225 1942 3272; x_wconf 92' lang='lat' dir='ltr'><strong>et</strong></span> <span class='ocrx_word' id='word_1_558' title='bbox 1975 3217 2106 3286; x_wconf 89' lang='lat' dir='ltr'><strong>proh</strong></span> <span class='ocrx_word' id='word_1_559' title='bbox 2141 3215 2326 3271; x_wconf 86' lang='lat' dir='ltr'><strong>nefas!</strong></span> <span class='ocrx_word' id='word_1_560' title='bbox 2363 3216 2589 3285; x_wconf 88' lang='lat' dir='ltr'><strong>gloriam</strong></span> <span class='ocrx_word' id='word_1_561' title='bbox 2625 3231 2690 3269; x_wconf 73' lang='lat' dir='ltr'><strong>ex</strong></span> <span class='ocrx_word' id='word_1_562' title='bbox 2726 3215 3042 3269; x_wconf 91' lang='lat' dir='ltr'><strong>hominibus</strong></span> <span class='ocrx_word' id='word_1_563' title='bbox 3092 3216 3319 3274; x_wconf 83' lang='lat' dir='ltr'><strong>malunt,</strong></span> <span class='ocrx_word' id='word_1_564' title='bbox 3368 3230 3462 3267; x_wconf 81' lang='lat' dir='ltr'><strong>vo-</strong></span> 
     </span>
    </p>
   </div>
   <div class='ocr_carea' id='block_1_76' title="bbox 1889 3303 3456 3378">
    <p class='ocr_par' dir='ltr' id='par_1_76' title="bbox 1889 3303 3456 3378">
     <span class='ocr_line' id='line_1_76' title="bbox 1889 3303 3456 3378; baseline -0.006 -14"><span class='ocrx_word' id='word_1_565' title='bbox 1889 3309 2293 3378; x_wconf 84' lang='lat' dir='ltr'><strong>luntariamque</strong></span> <span class='ocrx_word' id='word_1_566' title='bbox 2324 3324 2350 3360; x_wconf 87' lang='lat' dir='ltr'><strong>a</strong></span> <span class='ocrx_word' id='word_1_567' title='bbox 2389 3309 2496 3362; x_wconf 88' lang='lat' dir='ltr'><strong>Deo</strong></span> <span class='ocrx_word' id='word_1_568' title='bbox 2523 3306 2921 3375; x_wconf 84' lang='lat' dir='ltr'><strong>separatiouem</strong></span> <span class='ocrx_word' id='word_1_569' title='bbox 2967 3305 3192 3375; x_wconf 89' lang='lat' dir='ltr'><strong>eligunt.</strong></span> <span class='ocrx_word' id='word_1_570' title='bbox 3229 3303 3334 3358; x_wconf 81' lang='lat' dir='ltr'><strong>Sed</strong></span> <span class='ocrx_word' id='word_1_571' title='bbox 3379 3315 3456 3367; x_wconf 88' lang='lat' dir='ltr'><strong>tu,</strong></span> 
     </span>
    </p>
   </div>
   <div class='ocr_carea' id='block_1_77' title="bbox 1887 3398 3458 3466">
    <p class='ocr_par' dir='ltr' id='par_1_77' title="bbox 1887 3398 3458 3466">
     <span class='ocr_line' id='line_1_77' title="bbox 1887 3398 3458 3466; baseline -0.004 -10"><span class='ocrx_word' id='word_1_572' title='bbox 1887 3402 2104 3456; x_wconf 81' lang='lat' dir='ltr'><strong>Christe</strong></span> <span class='ocrx_word' id='word_1_573' title='bbox 2149 3416 2325 3466; x_wconf 89' lang='lat' dir='ltr'><strong>meus,</strong></span> <span class='ocrx_word' id='word_1_574' title='bbox 2358 3400 2409 3454; x_wconf 92' lang='lat' dir='ltr'><strong>in</strong></span> <span class='ocrx_word' id='word_1_575' title='bbox 2461 3410 2511 3453; x_wconf 90' lang='lat' dir='ltr'><strong>te</strong></span> <span class='ocrx_word' id='word_1_576' title='bbox 2557 3398 2893 3453; x_wconf 77' lang='lat' dir='ltr'><strong>confidentes</strong></span> <span class='ocrx_word' id='word_1_577' title='bbox 2937 3398 3004 3450; x_wconf 88' lang='lat' dir='ltr'><strong>ab</strong></span> <span class='ocrx_word' id='word_1_578' title='bbox 3047 3398 3261 3466; x_wconf 91' lang='lat' dir='ltr'><strong>impuro</strong></span> <span class='ocrx_word' id='word_1_579' title='bbox 3309 3411 3458 3451; x_wconf 83' lang='lat' dir='ltr'><strong>van.e</strong></span> 
     </span>
    </p>
   </div>
   <div class='ocr_carea' id='block_1_78' title="bbox 1888 3490 3460 3563">
    <p class='ocr_par' dir='ltr' id='par_1_78' title="bbox 1888 3490 3460 3563">
     <span class='ocr_line' id='line_1_78' title="bbox 1888 3490 3460 3563; baseline -0.003 -17"><span class='ocrx_word' id='word_1_580' title='bbox 1888 3494 2075 3563; x_wconf 75' lang='lat' dir='ltr'><strong>gloria:</strong></span> <span class='ocrx_word' id='word_1_581' title='bbox 2109 3493 2313 3555; x_wconf 83' lang='lat' dir='ltr'><strong>studio,</strong></span> <span class='ocrx_word' id='word_1_582' title='bbox 2356 3492 2610 3561; x_wconf 84' lang='lat' dir='ltr'><strong>superbia</strong></span> <span class='ocrx_word' id='word_1_583' title='bbox 2644 3491 2833 3552; x_wconf 76' lang='lat' dir='ltr'><strong>libera,</strong></span> <span class='ocrx_word' id='word_1_584' title='bbox 2872 3499 3200 3557; x_wconf 87' lang='lat' dir='ltr'><strong>tuarumque</strong></span> <span class='ocrx_word' id='word_1_585' title='bbox 3246 3490 3460 3557; x_wconf 64' lang='lat' dir='ltr'><strong>pmsio-</strong></span> 
     </span>
    </p>
   </div>
   <div class='ocr_carea' id='block_1_79' title="bbox 1888 3581 3460 3655">
    <p class='ocr_par' dir='ltr' id='par_1_79' title="bbox 1888 3581 3460 3655">
     <span class='ocr_line' id='line_1_79' title="bbox 1888 3581 3460 3655; baseline -0.006 -17"><span class='ocrx_word' id='word_1_586' title='bbox 1888 3601 2040 3650; x_wconf 91' lang='lat' dir='ltr'><strong>num,</strong></span> <span class='ocrx_word' id='word_1_587' title='bbox 2082 3593 2133 3639; x_wconf 90' lang='lat' dir='ltr'><strong>et</strong></span> <span class='ocrx_word' id='word_1_588' title='bbox 2169 3584 2354 3655; x_wconf 66' lang='lat' dir='ltr'><strong>gloriae</strong></span> <span class='ocrx_word' id='word_1_589' title='bbox 2383 3583 2467 3636; x_wconf 91' lang='lat' dir='ltr'><strong>fac</strong></span> <span class='ocrx_word' id='word_1_590' title='bbox 2500 3582 2817 3651; x_wconf 82' lang='lat' dir='ltr'><strong>participes,</strong></span> <span class='ocrx_word' id='word_1_591' title='bbox 2850 3587 2904 3635; x_wconf 89' lang='lat' dir='ltr'><strong>et</strong></span> <span class='ocrx_word' id='word_1_592' title='bbox 2933 3581 3159 3647; x_wconf 88' lang='lat' dir='ltr'><strong>dignare</strong></span> <span class='ocrx_word' id='word_1_593' title='bbox 3197 3595 3296 3633; x_wconf 86' lang='lat' dir='ltr'><strong>nos</strong></span> <span class='ocrx_word' id='word_1_594' title='bbox 3339 3589 3460 3632; x_wconf 69' lang='lat' dir='ltr'><strong>[llus</strong></span> 
     </span>
    </p>
   </div>
   <div class='ocr_carea' id='block_1_80' title="bbox 1885 3670 3453 3746">
    <p class='ocr_par' dir='ltr' id='par_1_80' title="bbox 1885 3670 3453 3746">
     <span class='ocr_line' id='line_1_80' title="bbox 1885 3670 3453 3746; baseline -0.004 -15"><span class='ocrx_word' id='word_1_595' title='bbox 1885 3693 2009 3733; x_wconf 88' lang='lat' dir='ltr'><strong>esse</strong></span> <span class='ocrx_word' id='word_1_596' title='bbox 2045 3675 2515 3746; x_wconf 88' lang='lat' dir='ltr'><strong>inseparabiliter,</strong></span> <span class='ocrx_word' id='word_1_597' title='bbox 2554 3688 2698 3728; x_wconf 90' lang='lat' dir='ltr'><strong>nunc</strong></span> <span class='ocrx_word' id='word_1_598' title='bbox 2738 3683 2790 3728; x_wconf 92' lang='lat' dir='ltr'><strong>ct</strong></span> <span class='ocrx_word' id='word_1_599' title='bbox 2824 3675 2876 3726; x_wconf 91' lang='lat' dir='ltr'><strong>in</strong></span> <span class='ocrx_word' id='word_1_600' title='bbox 2917 3673 3097 3727; x_wconf 86' lang='lat' dir='ltr'><strong>futura</strong></span> <span class='ocrx_word' id='word_1_601' title='bbox 3129 3670 3453 3727; x_wconf 55' lang='lat' dir='ltr'><strong>s-teculurum</strong></span> 
     </span>
    </p>
   </div>
   <div class='ocr_carea' id='block_1_81' title="bbox 1887 3773 2339 3826">
    <p class='ocr_par' dir='ltr' id='par_1_81' title="bbox 1887 3773 2339 3826">
     <span class='ocr_line' id='line_1_81' title="bbox 1887 3773 2339 3826; baseline -0.004 0"><span class='ocrx_word' id='word_1_602' title='bbox 1887 3773 2103 3826; x_wconf 76' lang='lat' dir='ltr'><strong>sa-cula.</strong></span> <span class='ocrx_word' id='word_1_603' title='bbox 2148 3773 2339 3825; x_wconf 85' lang='lat' dir='ltr'><strong>Atncn.</strong></span> 
     </span>
    </p>
   </div>
   <div class='ocr_carea' id='block_1_82' title="bbox 2379 3857 2959 3914">
    <p class='ocr_par' dir='ltr' id='par_1_82' title="bbox 2379 3857 2959 3914">
     <span class='ocr_line' id='line_1_82' title="bbox 2379 3857 2959 3914; baseline 0 -2"><span class='ocrx_word' id='word_1_604' title='bbox 2379 3857 2609 3914; x_wconf 76' lang='lat' dir='ltr'><strong>CAPUT</strong></span> <span class='ocrx_word' id='word_1_605' title='bbox 2669 3857 2959 3913; x_wconf 72' lang='lat' dir='ltr'><strong>XXXVIII.</strong></span> 
     </span>
    </p>
   </div>
   <div class='ocr_carea' id='block_1_83' title="bbox 1891 3967 3462 4035">
    <p class='ocr_par' dir='ltr' id='par_1_83' title="bbox 1891 3967 3462 4035">
     <span class='ocr_line' id='line_1_83' title="bbox 1891 3967 3462 4035; baseline -0.004 -10"><span class='ocrx_word' id='word_1_606' title='bbox 1891 3970 2133 4025; x_wconf 81' lang='lat' dir='ltr'><strong>Precatio</strong></span> <span class='ocrx_word' id='word_1_607' title='bbox 2167 3970 2236 4022; x_wconf 85' lang='lat' dir='ltr'><strong>ad</strong></span> <span class='ocrx_word' id='word_1_608' title='bbox 2277 3968 2437 4022; x_wconf 83' lang='lat' dir='ltr'><strong>Deum</strong></span> <span class='ocrx_word' id='word_1_609' title='bbox 2470 3968 2688 4034; x_wconf 74' lang='lat' dir='ltr'><strong>supplet</strong></span> <span class='ocrx_word' id='word_1_610' title='bbox 2717 3967 2912 4026; x_wconf 76' lang='lat' dir='ltr'><strong>simul.</strong></span> <span class='ocrx_word' id='word_1_611' title='bbox 2945 3977 2994 4020; x_wconf 84' lang='lat' dir='ltr'><strong>et</strong></span> <span class='ocrx_word' id='word_1_612' title='bbox 3023 3970 3324 4035; x_wconf 86' lang='lat' dir='ltr'><strong>gratiarum</strong></span> <span class='ocrx_word' id='word_1_613' title='bbox 3368 3982 3462 4019; x_wconf 85' lang='lat' dir='ltr'><strong>ac-</strong></span> 
     </span>
    </p>
   </div>
   <div class='ocr_carea' id='block_1_84' title="bbox 2153 4038 3163 4107">
    <p class='ocr_par' dir='ltr' id='par_1_84' title="bbox 2153 4038 3163 4107">
     <span class='ocr_line' id='line_1_84' title="bbox 2153 4038 3163 4107; baseline -0.002 -15"><span class='ocrx_word' id='word_1_614' title='bbox 2153 4041 2312 4098; x_wconf 81' lang='lat' dir='ltr'><strong>toria.</strong></span> <span class='ocrx_word' id='word_1_615' title='bbox 2358 4041 2421 4092; x_wconf 83' lang='lat' dir='ltr'><strong>de</strong></span> <span class='ocrx_word' id='word_1_616' title='bbox 2456 4038 2721 4107; x_wconf 82' lang='lat' dir='ltr'><strong>beneﬁciis</strong></span> <span class='ocrx_word' id='word_1_617' title='bbox 2756 4039 2810 4089; x_wconf 84' lang='lat' dir='ltr'><strong>in</strong></span> <span class='ocrx_word' id='word_1_618' title='bbox 2842 4054 2894 4091; x_wconf 82' lang='lat' dir='ltr'><strong>se</strong></span> <span class='ocrx_word' id='word_1_619' title='bbox 2925 4038 3163 4092; x_wconf 83' lang='lat' dir='ltr'><strong>collatis.</strong></span> 
     </span>
    </p>
   </div>
   <div class='ocr_carea' id='block_1_85' title="bbox 1962 4129 3460 4198">
    <p class='ocr_par' dir='ltr' id='par_1_85' title="bbox 1962 4129 3460 4198">
     <span class='ocr_line' id='line_1_85' title="bbox 1962 4129 3460 4198; baseline -0.004 -10"><span class='ocrx_word' id='word_1_620' title='bbox 1962 4135 2035 4188; x_wconf 90' lang='lat' dir='ltr'><strong>Da</strong></span> <span class='ocrx_word' id='word_1_621' title='bbox 2076 4133 2231 4196; x_wconf 83' lang='lat' dir='ltr'><strong>mihi,</strong></span> <span class='ocrx_word' id='word_1_622' title='bbox 2255 4131 2502 4197; x_wconf 86' lang='lat' dir='ltr'><strong>Domine,</strong></span> <span class='ocrx_word' id='word_1_623' title='bbox 2539 4129 2871 4184; x_wconf 86' lang='lat' dir='ltr'><strong>intellectum</strong></span> <span class='ocrx_word' id='word_1_624' title='bbox 2902 4171 2916 4191; x_wconf 95' lang='lat'><strong>,</strong></span> <span class='ocrx_word' id='word_1_625' title='bbox 2946 4129 3015 4184; x_wconf 91' lang='lat' dir='ltr'><strong>da</strong></span> <span class='ocrx_word' id='word_1_626' title='bbox 3049 4129 3419 4198; x_wconf 76' lang='lat' dir='ltr'><strong>cognitionem</strong></span> <span class='ocrx_word' id='word_1_627' title='bbox 3446 4169 3460 4192; x_wconf 91' lang='lat'><strong>,</strong></span> 
     </span>
    </p>
   </div>
   <div class='ocr_carea' id='block_1_86' title="bbox 1887 4222 3462 4290">
    <p class='ocr_par' dir='ltr' id='par_1_86' title="bbox 1887 4222 3462 4290">
     <span class='ocr_line' id='line_1_86' title="bbox 1887 4222 3462 4290; baseline -0.005 -9"><span class='ocrx_word' id='word_1_628' title='bbox 1887 4227 2023 4282; x_wconf 90' lang='lat' dir='ltr'><strong>doce</strong></span> <span class='ocrx_word' id='word_1_629' title='bbox 2059 4242 2144 4282; x_wconf 89' lang='lat' dir='ltr'><strong>me</strong></span> <span class='ocrx_word' id='word_1_630' title='bbox 2190 4226 2368 4280; x_wconf 84' lang='lat' dir='ltr'><strong>facere</strong></span> <span class='ocrx_word' id='word_1_631' title='bbox 2400 4223 2654 4279; x_wconf 89' lang='lat' dir='ltr'><strong>mandata</strong></span> <span class='ocrx_word' id='word_1_632' title='bbox 2692 4232 2806 4277; x_wconf 89' lang='lat' dir='ltr'><strong>tua.</strong></span> <span class='ocrx_word' id='word_1_633' title='bbox 2845 4222 3088 4279; x_wconf 90' lang='lat' dir='ltr'><strong>Tametsi</strong></span> <span class='ocrx_word' id='word_1_634' title='bbox 3133 4224 3352 4290; x_wconf 87' lang='lat' dir='ltr'><strong>peccavi</strong></span> <span class='ocrx_word' id='word_1_635' title='bbox 3402 4231 3462 4274; x_wconf 90' lang='lat' dir='ltr'><strong>ut</strong></span> 
     </span>
    </p>
   </div>
   <div class='ocr_carea' id='block_1_87' title="bbox 1886 4317 3460 4388">
    <p class='ocr_par' dir='ltr' id='par_1_87' title="bbox 1886 4317 3460 4388">
     <span class='ocr_line' id='line_1_87' title="bbox 1886 4317 3460 4388; baseline -0.003 -14"><span class='ocrx_word' id='word_1_636' title='bbox 1886 4321 2072 4386; x_wconf 91' lang='lat' dir='ltr'><strong>homo,</strong></span> <span class='ocrx_word' id='word_1_637' title='bbox 2104 4329 2157 4374; x_wconf 90' lang='lat' dir='ltr'><strong>et</strong></span> <span class='ocrx_word' id='word_1_638' title='bbox 2191 4319 2479 4388; x_wconf 90' lang='lat' dir='ltr'><strong>plusquam</strong></span> <span class='ocrx_word' id='word_1_639' title='bbox 2510 4317 2694 4382; x_wconf 91' lang='lat' dir='ltr'><strong>homo,</strong></span> <span class='ocrx_word' id='word_1_640' title='bbox 2721 4327 2778 4371; x_wconf 90' lang='lat' dir='ltr'><strong>ut</strong></span> <span class='ocrx_word' id='word_1_641' title='bbox 2815 4318 2983 4382; x_wconf 89' lang='lat' dir='ltr'><strong>nosti,</strong></span> <span class='ocrx_word' id='word_1_642' title='bbox 3019 4317 3378 4371; x_wconf 91' lang='lat' dir='ltr'><strong>nihilominus</strong></span> <span class='ocrx_word' id='word_1_643' title='bbox 3403 4325 3460 4369; x_wconf 91' lang='lat' dir='ltr'><strong>tu</strong></span> 
     </span>
    </p>
   </div>
   <div class='ocr_carea' id='block_1_88' title="bbox 1892 4410 3462 4468">
    <p class='ocr_par' dir='ltr' id='par_1_88' title="bbox 1892 4410 3462 4468">
     <span class='ocr_line' id='line_1_88' title="bbox 1892 4410 3462 4468; baseline -0.005 0"><span class='ocrx_word' id='word_1_644' title='bbox 1892 4414 2033 4468; x_wconf 87' lang='lat' dir='ltr'><strong>Deus</strong></span> <span class='ocrx_word' id='word_1_645' title='bbox 2065 4422 2325 4467; x_wconf 89' lang='lat' dir='ltr'><strong>consueta</strong></span> <span class='ocrx_word' id='word_1_646' title='bbox 2358 4412 2457 4466; x_wconf 90' lang='lat' dir='ltr'><strong>tibi</strong></span> <span class='ocrx_word' id='word_1_647' title='bbox 2509 4410 2886 4466; x_wconf 90' lang='lat' dir='ltr'><strong>misericordia</strong></span> <span class='ocrx_word' id='word_1_648' title='bbox 2939 4410 3201 4464; x_wconf 88' lang='lat' dir='ltr'><strong>misertus</strong></span> <span class='ocrx_word' id='word_1_649' title='bbox 3253 4424 3311 4462; x_wconf 89' lang='lat' dir='ltr'><strong>es</strong></span> <span class='ocrx_word' id='word_1_650' title='bbox 3360 4410 3462 4461; x_wconf 87' lang='lat' dir='ltr'><strong>mei</strong></span> 
     </span>
    </p>
   </div>
   <div class='ocr_carea' id='block_1_89' title="bbox 1889 4499 3460 4575">
    <p class='ocr_par' dir='ltr' id='par_1_89' title="bbox 1889 4499 3460 4575">
     <span class='ocr_line' id='line_1_89' title="bbox 1889 4499 3460 4575; baseline -0.003 -19"><span class='ocrx_word' id='word_1_651' title='bbox 1889 4503 2144 4575; x_wconf 90' lang='lat' dir='ltr'><strong>pauperis</strong></span> <span class='ocrx_word' id='word_1_652' title='bbox 2171 4512 2225 4556; x_wconf 87' lang='lat' dir='ltr'><strong>et</strong></span> <span class='ocrx_word' id='word_1_653' title='bbox 2251 4502 2484 4571; x_wconf 84' lang='lat' dir='ltr'><strong>orphani</strong></span> <span class='ocrx_word' id='word_1_654' title='bbox 2519 4502 2572 4555; x_wconf 90' lang='lat' dir='ltr'><strong>in</strong></span> <span class='ocrx_word' id='word_1_655' title='bbox 2605 4502 2709 4555; x_wconf 90' lang='lat' dir='ltr'><strong>hoc</strong></span> <span class='ocrx_word' id='word_1_656' title='bbox 2743 4501 2970 4562; x_wconf 85' lang='lat' dir='ltr'><strong>mundo,</strong></span> <span class='ocrx_word' id='word_1_657' title='bbox 3003 4499 3292 4567; x_wconf 79' lang='lat' dir='ltr'><strong>fecistique</strong></span> <span class='ocrx_word' id='word_1_658' title='bbox 3314 4499 3460 4567; x_wconf 83' lang='lat' dir='ltr'><strong>quod</strong></span> 
     </span>
    </p>
   </div>
   <div class='ocr_carea' id='block_1_90' title="bbox 207 4588 3466 4665">
    <p class='ocr_par' dir='ltr' id='par_1_90' title="bbox 207 4588 3466 4665">
     <span class='ocr_line' id='line_1_90' title="bbox 207 4588 3466 4665; baseline 0 -26"><span class='ocrx_word' id='word_1_659' title='bbox 207 4590 330 4642; x_wconf 83' lang='lat' dir='ltr'><strong>bras</strong></span> <span class='ocrx_word' id='word_1_660' title='bbox 371 4591 659 4656; x_wconf 69' lang='lat' dir='ltr'><strong>prazsentis</strong></span> <span class='ocrx_word' id='word_1_661' title='bbox 691 4591 875 4644; x_wconf 73' lang='lat' dir='ltr'><strong>saeculi</strong></span> <span class='ocrx_word' id='word_1_662' title='bbox 931 4593 1204 4661; x_wconf 88' lang='lat' dir='ltr'><strong>incolens,</strong></span> <span class='ocrx_word' id='word_1_663' title='bbox 1252 4598 1344 4665; x_wconf 90' lang='lat' dir='ltr'><strong>qui</strong></span> <span class='ocrx_word' id='word_1_664' title='bbox 1392 4599 1577 4654; x_wconf 88' lang='lat' dir='ltr'><strong>lumen</strong></span> <span class='ocrx_word' id='word_1_665' title='bbox 1612 4600 1784 4657; x_wconf 73' lang='lat' dir='ltr'><strong>feturi</strong></span> <span class='ocrx_word' id='word_1_666' title='bbox 1818 4588 1864 4644; x_wconf 76' lang='grc' dir='ltr'><strong>Ι)</strong></span> <span class='ocrx_word' id='word_1_667' title='bbox 1895 4606 1952 4651; x_wconf 84' lang='grc' dir='ltr'><strong>ιιι</strong></span> <span class='ocrx_word' id='word_1_668' title='bbox 1995 4596 2143 4652; x_wconf 85' lang='lat' dir='ltr'><strong>solus</strong></span> <span class='ocrx_word' id='word_1_669' title='bbox 2175 4596 2339 4649; x_wconf 85' lang='lat' dir='ltr'><strong>nosti.</strong></span> <span class='ocrx_word' id='word_1_670' title='bbox 2375 4594 2415 4648; x_wconf 79' lang='grc' dir='ltr'>Α</span> <span class='ocrx_word' id='word_1_671' title='bbox 2450 4603 2621 4664; x_wconf 76' lang='lat' dir='ltr'><strong>putre,</strong></span> <span class='ocrx_word' id='word_1_672' title='bbox 2673 4603 2726 4647; x_wconf 91' lang='lat' dir='ltr'><strong>et</strong></span> <span class='ocrx_word' id='word_1_673' title='bbox 2779 4592 3060 4654; x_wconf 88' lang='lat' dir='ltr'><strong>fratribus,</strong></span> <span class='ocrx_word' id='word_1_674' title='bbox 3106 4591 3378 4659; x_wconf 87' lang='lat' dir='ltr'><strong>cognatis,</strong></span> <span class='ocrx_word' id='word_1_675' title='bbox 3413 4598 3466 4642; x_wconf 83' lang='lat' dir='ltr'><strong>ct</strong></span> 
     </span>
    </p>
   </div>
   <div class='ocr_carea' id='block_1_91' title="bbox 207 4680 1791 4762">
    <p class='ocr_par' dir='ltr' id='par_1_91' title="bbox 207 4680 1791 4762">
     <span class='ocr_line' id='line_1_91' title="bbox 207 4680 1791 4762; baseline 0.011 -30"><span class='ocrx_word' id='word_1_676' title='bbox 207 4680 393 4732; x_wconf 80' lang='lat' dir='ltr'><strong>s;cculi</strong></span> <span class='ocrx_word' id='word_1_677' title='bbox 432 4695 543 4733; x_wconf 90' lang='lat' dir='ltr'><strong>non</strong></span> <span class='ocrx_word' id='word_1_678' title='bbox 581 4681 716 4733; x_wconf 89' lang='lat' dir='ltr'><strong>vidit</strong></span> <span class='ocrx_word' id='word_1_679' title='bbox 745 4720 759 4744; x_wconf 92' lang='lat'><strong>,</strong></span> <span class='ocrx_word' id='word_1_680' title='bbox 793 4683 939 4750; x_wconf 80' lang='lat' dir='ltr'><strong>quod</strong></span> <span class='ocrx_word' id='word_1_681' title='bbox 971 4685 1024 4737; x_wconf 92' lang='lat' dir='ltr'><strong>in</strong></span> <span class='ocrx_word' id='word_1_682' title='bbox 1057 4693 1202 4738; x_wconf 86' lang='lat' dir='ltr'><strong>terra</strong></span> <span class='ocrx_word' id='word_1_683' title='bbox 1252 4689 1383 4743; x_wconf 82' lang='lat' dir='ltr'><strong>luxit</strong></span> <span class='ocrx_word' id='word_1_684' title='bbox 1408 4729 1423 4756; x_wconf 88' lang='lat'><strong>,</strong></span> <span class='ocrx_word' id='word_1_685' title='bbox 1476 4706 1539 4745; x_wconf 87' lang='lat' dir='ltr'><strong>ac</strong></span> <span class='ocrx_word' id='word_1_686' title='bbox 1573 4709 1791 4762; x_wconf 88' lang='lat' dir='ltr'><strong>semper</strong></span> 
     </span>
    </p>
   </div>
   <div class='ocr_carea' id='block_1_92' title="bbox 206 4772 1792 4848">
    <p class='ocr_par' dir='ltr' id='par_1_92' title="bbox 206 4772 1792 4848">
     <span class='ocr_line' id='line_1_92' title="bbox 206 4772 1792 4848; baseline 0.01 -22"><span class='ocrx_word' id='word_1_687' title='bbox 206 4773 377 4839; x_wconf 88' lang='lat' dir='ltr'><strong>lucet,</strong></span> <span class='ocrx_word' id='word_1_688' title='bbox 419 4781 475 4827; x_wconf 91' lang='lat' dir='ltr'><strong>et</strong></span> <span class='ocrx_word' id='word_1_689' title='bbox 504 4772 784 4828; x_wconf 82' lang='lat' dir='ltr'><strong>aﬂirmans</strong></span> <span class='ocrx_word' id='word_1_690' title='bbox 818 4791 876 4830; x_wconf 91' lang='lat' dir='ltr'><strong>se</strong></span> <span class='ocrx_word' id='word_1_691' title='bbox 905 4778 1152 4832; x_wconf 72' lang='lat' dir='ltr'><strong>cmlestia</strong></span> <span class='ocrx_word' id='word_1_692' title='bbox 1187 4797 1351 4835; x_wconf 85' lang='lat' dir='ltr'><strong>nosse</strong></span> <span class='ocrx_word' id='word_1_693' title='bbox 1385 4798 1446 4837; x_wconf 90' lang='lat' dir='ltr'><strong>ac</strong></span> <span class='ocrx_word' id='word_1_694' title='bbox 1476 4787 1703 4848; x_wconf 84' lang='lat' dir='ltr'><strong>sentire,</strong></span> <span class='ocrx_word' id='word_1_695' title='bbox 1740 4798 1792 4842; x_wconf 91' lang='lat' dir='ltr'><strong>et</strong></span> 
     </span>
    </p>
   </div>
   <div class='ocr_carea' id='block_1_93' title="bbox 207 4865 1792 4934">
    <p class='ocr_par' dir='ltr' id='par_1_93' title="bbox 207 4865 1792 4934">
     <span class='ocr_line' id='line_1_93' title="bbox 207 4865 1792 4934; baseline 0.01 -17"><span class='ocrx_word' id='word_1_696' title='bbox 207 4879 432 4918; x_wconf 86' lang='lat' dir='ltr'><strong>cernere</strong></span> <span class='ocrx_word' id='word_1_697' title='bbox 469 4865 651 4918; x_wconf 89' lang='lat' dir='ltr'><strong>omnia</strong></span> <span class='ocrx_word' id='word_1_698' title='bbox 686 4881 806 4933; x_wconf 88' lang='lat' dir='ltr'><strong>quae</strong></span> <span class='ocrx_word' id='word_1_699' title='bbox 840 4867 949 4919; x_wconf 90' lang='lat' dir='ltr'><strong>illic</strong></span> <span class='ocrx_word' id='word_1_700' title='bbox 980 4880 1128 4934; x_wconf 89' lang='lat' dir='ltr'><strong>sunt,</strong></span> <span class='ocrx_word' id='word_1_701' title='bbox 1163 4880 1216 4924; x_wconf 91' lang='lat' dir='ltr'><strong>et</strong></span> <span class='ocrx_word' id='word_1_702' title='bbox 1262 4874 1401 4928; x_wconf 87' lang='lat' dir='ltr'><strong>alios</strong></span> <span class='ocrx_word' id='word_1_703' title='bbox 1436 4877 1502 4929; x_wconf 88' lang='lat' dir='ltr'><strong>de</strong></span> <span class='ocrx_word' id='word_1_704' title='bbox 1537 4877 1601 4931; x_wconf 86' lang='lat' dir='ltr'><strong>iis</strong></span> <span class='ocrx_word' id='word_1_705' title='bbox 1635 4880 1792 4932; x_wconf 82' lang='lat' dir='ltr'><strong>insti-</strong></span> 
     </span>
    </p>
   </div>
   <div class='ocr_carea' id='block_1_94' title="bbox 208 4955 1794 5038">
    <p class='ocr_par' dir='ltr' id='par_1_94' title="bbox 208 4955 1794 5038">
     <span class='ocr_line' id='line_1_94' title="bbox 208 4955 1794 5038; baseline 0.011 -32"><span class='ocrx_word' id='word_1_706' title='bbox 208 4964 382 5015; x_wconf 85' lang='lat' dir='ltr'><strong>tuere,</strong></span> <span class='ocrx_word' id='word_1_707' title='bbox 409 4968 588 5008; x_wconf 86' lang='lat' dir='ltr'><strong>nonne</strong></span> <span class='ocrx_word' id='word_1_708' title='bbox 617 4955 663 5008; x_wconf 91' lang='lat' dir='ltr'><strong>is</strong></span> <span class='ocrx_word' id='word_1_709' title='bbox 704 4957 937 5013; x_wconf 88' lang='lat' dir='ltr'><strong>stolidus</strong></span> <span class='ocrx_word' id='word_1_710' title='bbox 970 4969 1086 5026; x_wconf 91' lang='lat' dir='ltr'><strong>est,</strong></span> <span class='ocrx_word' id='word_1_711' title='bbox 1121 4973 1177 5016; x_wconf 82' lang='lat' dir='ltr'><strong>et</strong></span> <span class='ocrx_word' id='word_1_712' title='bbox 1214 4965 1256 5017; x_wconf 91' lang='lat' dir='ltr'><strong>si</strong></span> <span class='ocrx_word' id='word_1_713' title='bbox 1288 4967 1415 5033; x_wconf 80' lang='lat' dir='ltr'><strong>quid</strong></span> <span class='ocrx_word' id='word_1_714' title='bbox 1443 4968 1546 5022; x_wconf 87' lang='lat' dir='ltr'><strong>hoc</strong></span> <span class='ocrx_word' id='word_1_715' title='bbox 1579 4974 1794 5038; x_wconf 84' lang='lat' dir='ltr'><strong>gravius</strong></span> 
     </span>
    </p>
   </div>
   <div class='ocr_carea' id='block_1_95' title="bbox 206 5047 1791 5115">
    <p class='ocr_par' dir='ltr' id='par_1_95' title="bbox 206 5047 1791 5115">
     <span class='ocr_line' id='line_1_95' title="bbox 206 5047 1791 5115; baseline 0.011 -17"><span class='ocrx_word' id='word_1_716' title='bbox 206 5047 311 5100; x_wconf 90' lang='lat' dir='ltr'><strong>dici</strong></span> <span class='ocrx_word' id='word_1_717' title='bbox 355 5047 574 5113; x_wconf 86' lang='lat' dir='ltr'><strong>potest?</strong></span> <span class='ocrx_word' id='word_1_718' title='bbox 613 5049 1078 5113; x_wconf 78' lang='lat' dir='ltr'><strong>Quemadmodum</strong></span> <span class='ocrx_word' id='word_1_719' title='bbox 1111 5055 1255 5107; x_wconf 90' lang='lat' dir='ltr'><strong>enim</strong></span> <span class='ocrx_word' id='word_1_720' title='bbox 1302 5071 1485 5112; x_wconf 61' lang='lat' dir='ltr'><strong>etccus</strong></span> <span class='ocrx_word' id='word_1_721' title='bbox 1533 5076 1655 5114; x_wconf 86' lang='lat' dir='ltr'><strong>cum</strong></span> <span class='ocrx_word' id='word_1_722' title='bbox 1711 5064 1791 5115; x_wconf 83' lang='lat' dir='ltr'><strong>vi-</strong></span> 
     </span>
    </p>
   </div>
   <div class='ocr_carea' id='block_1_96' title="bbox 206 5139 1789 5210">
    <p class='ocr_par' dir='ltr' id='par_1_96' title="bbox 206 5139 1789 5210">
     <span class='ocr_line' id='line_1_96' title="bbox 206 5139 1789 5210; baseline 0.009 -18"><span class='ocrx_word' id='word_1_723' title='bbox 206 5139 466 5192; x_wconf 86' lang='lat' dir='ltr'><strong>dentibus</strong></span> <span class='ocrx_word' id='word_1_724' title='bbox 530 5139 774 5210; x_wconf 88' lang='lat' dir='ltr'><strong>litigans,</strong></span> <span class='ocrx_word' id='word_1_725' title='bbox 830 5152 886 5196; x_wconf 90' lang='lat' dir='ltr'><strong>et</strong></span> <span class='ocrx_word' id='word_1_726' title='bbox 950 5158 1296 5210; x_wconf 87' lang='lat' dir='ltr'><strong>asseverans,</strong></span> <span class='ocrx_word' id='word_1_727' title='bbox 1350 5149 1453 5204; x_wconf 89' lang='lat' dir='ltr'><strong>hoc</strong></span> <span class='ocrx_word' id='word_1_728' title='bbox 1515 5157 1789 5207; x_wconf 88' lang='lat' dir='ltr'><strong>numisma</strong></span> 
     </span>
    </p>
   </div>
   <div class='ocr_carea' id='block_1_97' title="bbox 205 5231 1791 5311">
    <p class='ocr_par' dir='ltr' id='par_1_97' title="bbox 205 5231 1791 5311">
     <span class='ocr_line' id='line_1_97' title="bbox 205 5231 1791 5311; baseline 0.01 -29"><span class='ocrx_word' id='word_1_729' title='bbox 205 5244 407 5283; x_wconf 75' lang='lat' dir='ltr'><strong>:ercum</strong></span> <span class='ocrx_word' id='word_1_730' title='bbox 437 5238 541 5295; x_wconf 88' lang='lat' dir='ltr'><strong>est,</strong></span> <span class='ocrx_word' id='word_1_731' title='bbox 579 5231 681 5284; x_wconf 88' lang='lat' dir='ltr'><strong>hoc</strong></span> <span class='ocrx_word' id='word_1_732' title='bbox 733 5232 970 5301; x_wconf 81' lang='lat' dir='ltr'><strong>sigillum</strong></span> <span class='ocrx_word' id='word_1_733' title='bbox 1005 5236 1230 5292; x_wconf 87' lang='lat' dir='ltr'><strong>alterius</strong></span> <span class='ocrx_word' id='word_1_734' title='bbox 1260 5249 1366 5305; x_wconf 85' lang='lat' dir='ltr'><strong>est,</strong></span> <span class='ocrx_word' id='word_1_735' title='bbox 1396 5251 1449 5294; x_wconf 89' lang='lat' dir='ltr'><strong>et</strong></span> <span class='ocrx_word' id='word_1_736' title='bbox 1486 5258 1605 5311; x_wconf 66' lang='lat' dir='ltr'><strong>qua:</strong></span> <span class='ocrx_word' id='word_1_737' title='bbox 1644 5245 1696 5297; x_wconf 90' lang='lat' dir='ltr'><strong>in</strong></span> <span class='ocrx_word' id='word_1_738' title='bbox 1725 5260 1791 5298; x_wconf 88' lang='lat' dir='ltr'><strong>eo</strong></span> 
     </span>
    </p>
   </div>
   <div class='ocr_carea' id='block_1_98' title="bbox 206 5319 1789 5395">
    <p class='ocr_par' dir='ltr' id='par_1_98' title="bbox 206 5319 1789 5395">
     <span class='ocr_line' id='line_1_98' title="bbox 206 5319 1789 5395; baseline 0.009 -23"><span class='ocrx_word' id='word_1_739' title='bbox 206 5329 336 5372; x_wconf 82' lang='lat' dir='ltr'><strong>sunt</strong></span> <span class='ocrx_word' id='word_1_740' title='bbox 357 5319 788 5386; x_wconf 67' lang='lat' dir='ltr'><strong>scalptaelittera:</strong></span> <span class='ocrx_word' id='word_1_741' title='bbox 809 5325 942 5388; x_wconf 60' lang='lat' dir='ltr'><strong>haec,</strong></span> <span class='ocrx_word' id='word_1_742' title='bbox 965 5333 1019 5377; x_wconf 89' lang='lat' dir='ltr'><strong>et</strong></span> <span class='ocrx_word' id='word_1_743' title='bbox 1043 5326 1155 5379; x_wconf 64' lang='lat' dir='ltr'><strong>haec</strong></span> <span class='ocrx_word' id='word_1_744' title='bbox 1179 5328 1516 5395; x_wconf 81' lang='lat' dir='ltr'><strong>significant,</strong></span> <span class='ocrx_word' id='word_1_745' title='bbox 1543 5345 1789 5386; x_wconf 82' lang='lat' dir='ltr'><strong>monstro</strong></span> 
     </span>
    </p>
   </div>
   <div class='ocr_carea' id='block_1_99' title="bbox 207 5406 1787 5475">
    <p class='ocr_par' dir='ltr' id='par_1_99' title="bbox 207 5406 1787 5475">
     <span class='ocr_line' id='line_1_99' title="bbox 207 5406 1787 5475; baseline 0.011 -17"><span class='ocrx_word' id='word_1_746' title='bbox 207 5406 440 5459; x_wconf 80' lang='lat' dir='ltr'><strong>mirabili</strong></span> <span class='ocrx_word' id='word_1_747' title='bbox 475 5417 558 5459; x_wconf 92' lang='lat' dir='ltr'><strong>est</strong></span> <span class='ocrx_word' id='word_1_748' title='bbox 590 5410 944 5465; x_wconf 87' lang='lat' dir='ltr'><strong>audientibus</strong></span> <span class='ocrx_word' id='word_1_749' title='bbox 967 5422 1020 5467; x_wconf 87' lang='lat' dir='ltr'><strong>et</strong></span> <span class='ocrx_word' id='word_1_750' title='bbox 1046 5413 1362 5471; x_wconf 89' lang='lat' dir='ltr'><strong>videntibus</strong></span> <span class='ocrx_word' id='word_1_751' title='bbox 1389 5421 1655 5473; x_wconf 87' lang='lat' dir='ltr'><strong>numisma</strong></span> <span class='ocrx_word' id='word_1_752' title='bbox 1690 5440 1787 5475; x_wconf 86' lang='lat' dir='ltr'><strong>au-</strong></span> 
     </span>
    </p>
   </div>
   <div class='ocr_carea' id='block_1_100' title="bbox 209 5500 1786 5584">
    <p class='ocr_par' dir='ltr' id='par_1_100' title="bbox 209 5500 1786 5584">
     <span class='ocr_line' id='line_1_100' title="bbox 209 5500 1786 5584; baseline 0.012 -36"><span class='ocrx_word' id='word_1_753' title='bbox 209 5513 384 5559; x_wconf 89' lang='lat' dir='ltr'><strong>reum,</strong></span> <span class='ocrx_word' id='word_1_754' title='bbox 429 5504 482 5549; x_wconf 87' lang='lat' dir='ltr'><strong>et</strong></span> <span class='ocrx_word' id='word_1_755' title='bbox 514 5500 849 5553; x_wconf 91' lang='lat' dir='ltr'><strong>concinnum</strong></span> <span class='ocrx_word' id='word_1_756' title='bbox 900 5503 1234 5570; x_wconf 89' lang='lat' dir='ltr'><strong>admodum,</strong></span> <span class='ocrx_word' id='word_1_757' title='bbox 1271 5515 1325 5561; x_wconf 93' lang='lat' dir='ltr'><strong>et</strong></span> <span class='ocrx_word' id='word_1_758' title='bbox 1373 5511 1586 5580; x_wconf 83' lang='lat' dir='ltr'><strong>signum</strong></span> <span class='ocrx_word' id='word_1_759' title='bbox 1642 5517 1786 5584; x_wconf 83' lang='lat' dir='ltr'><strong>regis</strong></span> 
     </span>
    </p>
   </div>
   <div class='ocr_carea' id='block_1_101' title="bbox 208 5586 1784 5673">
    <p class='ocr_par' dir='ltr' id='par_1_101' title="bbox 208 5586 1784 5673">
     <span class='ocr_line' id='line_1_101' title="bbox 208 5586 1784 5673; baseline 0.015 -37"><span class='ocrx_word' id='word_1_760' title='bbox 208 5601 418 5645; x_wconf 82' lang='lat' dir='ltr'><strong>verum,</strong></span> <span class='ocrx_word' id='word_1_761' title='bbox 451 5586 572 5653; x_wconf 82' lang='lat' dir='ltr'><strong>ejus</strong></span> <span class='ocrx_word' id='word_1_762' title='bbox 602 5588 894 5657; x_wconf 87' lang='lat' dir='ltr'><strong>imaginem</strong></span> <span class='ocrx_word' id='word_1_763' title='bbox 925 5594 1150 5648; x_wconf 89' lang='lat' dir='ltr'><strong>minime</strong></span> <span class='ocrx_word' id='word_1_764' title='bbox 1191 5597 1548 5654; x_wconf 86' lang='lat' dir='ltr'><strong>adulteratam</strong></span> <span class='ocrx_word' id='word_1_765' title='bbox 1589 5620 1784 5673; x_wconf 74' lang='lat' dir='ltr'><strong>reprae-</strong></span> 
     </span>
    </p>
   </div>
   <div class='ocr_carea' id='block_1_102' title="bbox 208 5680 1785 5760">
    <p class='ocr_par' dir='ltr' id='par_1_102' title="bbox 208 5680 1785 5760">
     <span class='ocr_line' id='line_1_102' title="bbox 208 5680 1785 5760; baseline 0.013 -27"><span class='ocrx_word' id='word_1_766' title='bbox 208 5688 457 5742; x_wconf 77' lang='lat' dir='ltr'><strong>sentans,</strong></span> <span class='ocrx_word' id='word_1_767' title='bbox 487 5689 540 5732; x_wconf 91' lang='lat' dir='ltr'><strong>et</strong></span> <span class='ocrx_word' id='word_1_768' title='bbox 586 5680 794 5735; x_wconf 86' lang='lat' dir='ltr'><strong>litteras</strong></span> <span class='ocrx_word' id='word_1_769' title='bbox 830 5683 975 5738; x_wconf 88' lang='lat' dir='ltr'><strong>illius</strong></span> <span class='ocrx_word' id='word_1_770' title='bbox 1009 5703 1204 5741; x_wconf 85' lang='lat' dir='ltr'><strong>nomen</strong></span> <span class='ocrx_word' id='word_1_771' title='bbox 1251 5694 1619 5760; x_wconf 72' lang='lat' dir='ltr'><strong>exprimentes</strong></span> <span class='ocrx_word' id='word_1_772' title='bbox 1660 5715 1670 5749; x_wconf 90' lang='lat'><strong>:</strong></span> <span class='ocrx_word' id='word_1_773' title='bbox 1708 5700 1785 5754; x_wconf 89' lang='lat' dir='ltr'><strong>sic</strong></span> 
     </span>
    </p>
   </div>
   <div class='ocr_carea' id='block_1_103' title="bbox 278 5865 1320 5934">
    <p class='ocr_par' dir='ltr' id='par_1_103' title="bbox 278 5865 1320 5934">
     <span class='ocr_line' id='line_1_103' title="bbox 278 5865 1320 5934; baseline -0.001 -14"><span class='ocrx_word' id='word_1_774' title='bbox 278 5865 327 5898; x_wconf 81' lang='lat'>&quot;</span> <span class='ocrx_word' id='word_1_775' title='bbox 357 5865 488 5921; x_wconf 79' lang='lat' dir='ltr'><strong>Luc.</strong></span> <span class='ocrx_word' id='word_1_776' title='bbox 529 5882 644 5932; x_wconf 84' lang='lat' dir='ltr'><strong>\lll,</strong></span> <span class='ocrx_word' id='word_1_777' title='bbox 678 5868 755 5921; x_wconf 86' lang='lat' dir='ltr'><strong>l0.</strong></span> <span class='ocrx_word' id='word_1_778' title='bbox 836 5869 879 5899; x_wconf 63' lang='grc'><strong>⁵³</strong></span> <span class='ocrx_word' id='word_1_779' title='bbox 906 5867 942 5922; x_wconf 95' lang='lat' dir='ltr'><strong>ll</strong></span> <span class='ocrx_word' id='word_1_780' title='bbox 977 5869 1103 5925; x_wconf 82' lang='lat' dir='ltr'><strong>Cor.</strong></span> <span class='ocrx_word' id='word_1_781' title='bbox 1134 5885 1208 5934; x_wconf 84' lang='grc' dir='ltr'>ιιι,</span> <span class='ocrx_word' id='word_1_782' title='bbox 1239 5871 1320 5926; x_wconf 61' lang='grc' dir='ltr'><strong>ιδ,</strong></span> 
     </span>
    </p>
   </div>
   <div class='ocr_carea' id='block_1_104' title="bbox 1893 4682 3468 4754">
    <p class='ocr_par' dir='ltr' id='par_1_104' title="bbox 1893 4682 3468 4754">
     <span class='ocr_line' id='line_1_104' title="bbox 1893 4682 3468 4754; baseline -0.005 -12"><span class='ocrx_word' id='word_1_783' title='bbox 1893 4690 2103 4752; x_wconf 88' lang='lat' dir='ltr'><strong>amicis,</strong></span> <span class='ocrx_word' id='word_1_784' title='bbox 2147 4703 2175 4741; x_wconf 89' lang='lat' dir='ltr'><strong>a</strong></span> <span class='ocrx_word' id='word_1_785' title='bbox 2205 4689 2370 4742; x_wconf 75' lang='lat' dir='ltr'><strong>natali</strong></span> <span class='ocrx_word' id='word_1_786' title='bbox 2404 4691 2566 4742; x_wconf 88' lang='lat' dir='ltr'><strong>domo</strong></span> <span class='ocrx_word' id='word_1_787' title='bbox 2617 4701 2734 4742; x_wconf 81' lang='lat' dir='ltr'><strong>mea</strong></span> <span class='ocrx_word' id='word_1_788' title='bbox 2769 4686 2913 4740; x_wconf 88' lang='lat' dir='ltr'><strong>velut</strong></span> <span class='ocrx_word' id='word_1_789' title='bbox 2948 4700 3012 4738; x_wconf 81' lang='lat' dir='ltr'><strong>ex</strong></span> <span class='ocrx_word' id='word_1_790' title='bbox 3050 4682 3286 4754; x_wconf 57' lang='lat' dir='ltr'><strong>Egypto</strong></span> <span class='ocrx_word' id='word_1_791' title='bbox 3320 4693 3468 4736; x_wconf 89' lang='lat' dir='ltr'><strong>teuc-</strong></span> 
     </span>
    </p>
   </div>
   <div class='ocr_carea' id='block_1_105' title="bbox 1895 4773 3473 4842">
    <p class='ocr_par' dir='ltr' id='par_1_105' title="bbox 1895 4773 3473 4842">
     <span class='ocr_line' id='line_1_105' title="bbox 1895 4773 3473 4842; baseline -0.004 -9"><span class='ocrx_word' id='word_1_792' title='bbox 1895 4782 2078 4842; x_wconf 79' lang='lat' dir='ltr'><strong>hrosn,</strong></span> <span class='ocrx_word' id='word_1_793' title='bbox 2116 4779 2256 4832; x_wconf 90' lang='lat' dir='ltr'><strong>velut</strong></span> <span class='ocrx_word' id='word_1_794' title='bbox 2301 4796 2364 4832; x_wconf 78' lang='lat' dir='ltr'><strong>ex</strong></span> <span class='ocrx_word' id='word_1_795' title='bbox 2408 4777 2605 4832; x_wconf 84' lang='lat' dir='ltr'><strong>inferni</strong></span> <span class='ocrx_word' id='word_1_796' title='bbox 2648 4777 2952 4831; x_wconf 89' lang='lat' dir='ltr'><strong>recessibus</strong></span> <span class='ocrx_word' id='word_1_797' title='bbox 2983 4776 3086 4841; x_wconf 89' lang='lat' dir='ltr'><strong>(sic</strong></span> <span class='ocrx_word' id='word_1_798' title='bbox 3133 4775 3279 4828; x_wconf 88' lang='lat' dir='ltr'><strong>enim</strong></span> <span class='ocrx_word' id='word_1_799' title='bbox 3333 4773 3473 4826; x_wconf 12' lang='lat' dir='ltr'><strong>mihi.</strong></span> 
     </span>
    </p>
   </div>
   <div class='ocr_carea' id='block_1_106' title="bbox 1895 4866 3467 4938">
    <p class='ocr_par' dir='ltr' id='par_1_106' title="bbox 1895 4866 3467 4938">
     <span class='ocr_line' id='line_1_106' title="bbox 1895 4866 3467 4938; baseline -0.004 -13"><span class='ocrx_word' id='word_1_800' title='bbox 1895 4872 2110 4935; x_wconf 75' lang='lat' dir='ltr'><strong>abiecto</strong></span> <span class='ocrx_word' id='word_1_801' title='bbox 2141 4886 2300 4924; x_wconf 87' lang='lat' dir='ltr'><strong>servo</strong></span> <span class='ocrx_word' id='word_1_802' title='bbox 2347 4879 2438 4922; x_wconf 91' lang='lat' dir='ltr'><strong>tuo</strong></span> <span class='ocrx_word' id='word_1_803' title='bbox 2470 4870 2535 4923; x_wconf 91' lang='lat' dir='ltr'><strong>de</strong></span> <span class='ocrx_word' id='word_1_804' title='bbox 2570 4869 2678 4923; x_wconf 91' lang='lat' dir='ltr'><strong>illis</strong></span> <span class='ocrx_word' id='word_1_805' title='bbox 2709 4869 2953 4938; x_wconf 87' lang='lat' dir='ltr'><strong>cogitare</strong></span> <span class='ocrx_word' id='word_1_806' title='bbox 2999 4866 3219 4930; x_wconf 83' lang='lat' dir='ltr'><strong>dedisti,</strong></span> <span class='ocrx_word' id='word_1_807' title='bbox 3260 4875 3314 4918; x_wconf 86' lang='lat' dir='ltr'><strong>ct</strong></span> <span class='ocrx_word' id='word_1_808' title='bbox 3356 4878 3467 4918; x_wconf 91' lang='lat' dir='ltr'><strong>non</strong></span> 
     </span>
    </p>
   </div>
   <div class='ocr_carea' id='block_1_107' title="bbox 1895 4959 3465 5031">
    <p class='ocr_par' dir='ltr' id='par_1_107' title="bbox 1895 4959 3465 5031">
     <span class='ocr_line' id='line_1_107' title="bbox 1895 4959 3465 5031; baseline -0.004 -12"><span class='ocrx_word' id='word_1_809' title='bbox 1895 4965 2056 5019; x_wconf 84' lang='lat' dir='ltr'><strong>stulte</strong></span> <span class='ocrx_word' id='word_1_810' title='bbox 2090 4964 2255 5030; x_wconf 85' lang='lat' dir='ltr'><strong>loqui)</strong></span> <span class='ocrx_word' id='word_1_811' title='bbox 2285 4972 2620 5031; x_wconf 87' lang='lat' dir='ltr'><strong>separatum,</strong></span> <span class='ocrx_word' id='word_1_812' title='bbox 2664 4970 2717 5013; x_wconf 88' lang='lat' dir='ltr'><strong>et</strong></span> <span class='ocrx_word' id='word_1_813' title='bbox 2749 4969 3116 5029; x_wconf 80' lang='lat' dir='ltr'><strong>assumptum,</strong></span> <span class='ocrx_word' id='word_1_814' title='bbox 3145 4968 3198 5011; x_wconf 85' lang='lat' dir='ltr'><strong>et</strong></span> <span class='ocrx_word' id='word_1_815' title='bbox 3231 4959 3465 5012; x_wconf 86' lang='lat' dir='ltr'><strong>terribili</strong></span> 
     </span>
    </p>
   </div>
   <div class='ocr_carea' id='block_1_108' title="bbox 1899 5049 3462 5120">
    <p class='ocr_par' dir='ltr' id='par_1_108' title="bbox 1899 5049 3462 5120">
     <span class='ocr_line' id='line_1_108' title="bbox 1899 5049 3462 5120; baseline -0.003 -16"><span class='ocrx_word' id='word_1_816' title='bbox 1899 5068 2060 5105; x_wconf 90' lang='lat' dir='ltr'><strong>manu</strong></span> <span class='ocrx_word' id='word_1_817' title='bbox 2098 5062 2184 5105; x_wconf 90' lang='lat' dir='ltr'><strong>tua</strong></span> <span class='ocrx_word' id='word_1_818' title='bbox 2218 5051 2834 5120; x_wconf 72' lang='lat' dir='ltr'><strong>apprehensumduxisti</strong></span> <span class='ocrx_word' id='word_1_819' title='bbox 2874 5065 2957 5102; x_wconf 92' lang='lat' dir='ltr'><strong>me</strong></span> <span class='ocrx_word' id='word_1_820' title='bbox 2987 5049 3051 5101; x_wconf 90' lang='lat' dir='ltr'><strong>ad</strong></span> <span class='ocrx_word' id='word_1_821' title='bbox 3104 5063 3251 5110; x_wconf 85' lang='lat' dir='ltr'><strong>eum.</strong></span> <span class='ocrx_word' id='word_1_822' title='bbox 3299 5065 3462 5116; x_wconf 84' lang='lat' dir='ltr'><strong>quem</strong></span> 
     </span>
    </p>
   </div>
   <div class='ocr_carea' id='block_1_109' title="bbox 1896 5140 3468 5212">
    <p class='ocr_par' dir='ltr' id='par_1_109' title="bbox 1896 5140 3468 5212">
     <span class='ocr_line' id='line_1_109' title="bbox 1896 5140 3468 5212; baseline -0.001 -17"><span class='ocrx_word' id='word_1_823' title='bbox 1896 5144 2228 5212; x_wconf 83' lang='lat' dir='ltr'><strong>complacuit</strong></span> <span class='ocrx_word' id='word_1_824' title='bbox 2261 5144 2359 5197; x_wconf 88' lang='lat' dir='ltr'><strong>tibi</strong></span> <span class='ocrx_word' id='word_1_825' title='bbox 2395 5144 2447 5196; x_wconf 91' lang='lat' dir='ltr'><strong>in</strong></span> <span class='ocrx_word' id='word_1_826' title='bbox 2479 5144 2638 5196; x_wconf 87' lang='lat' dir='ltr'><strong>terris</strong></span> <span class='ocrx_word' id='word_1_827' title='bbox 2675 5157 2796 5196; x_wconf 88' lang='lat' dir='ltr'><strong>esse</strong></span> <span class='ocrx_word' id='word_1_828' title='bbox 2825 5152 3030 5210; x_wconf 88' lang='lat' dir='ltr'><strong>patrem</strong></span> <span class='ocrx_word' id='word_1_829' title='bbox 3068 5157 3246 5196; x_wconf 87' lang='lat' dir='ltr'><strong>meum</strong></span> <span class='ocrx_word' id='word_1_830' title='bbox 3272 5181 3286 5204; x_wconf 90' lang='lat'><strong>,</strong></span> <span class='ocrx_word' id='word_1_831' title='bbox 3316 5149 3369 5195; x_wconf 89' lang='lat' dir='ltr'><strong>et</strong></span> <span class='ocrx_word' id='word_1_832' title='bbox 3401 5140 3468 5194; x_wconf 86' lang='lat' dir='ltr'><strong>ad</strong></span> 
     </span>
    </p>
   </div>
   <div class='ocr_carea' id='block_1_110' title="bbox 1898 5234 3471 5305">
    <p class='ocr_par' dir='ltr' id='par_1_110' title="bbox 1898 5234 3471 5305">
     <span class='ocr_line' id='line_1_110' title="bbox 1898 5234 3471 5305; baseline -0.001 -18"><span class='ocrx_word' id='word_1_833' title='bbox 1898 5236 2060 5305; x_wconf 79' lang='lat' dir='ltr'><strong>pedes</strong></span> <span class='ocrx_word' id='word_1_834' title='bbox 2097 5235 2241 5303; x_wconf 84' lang='lat' dir='ltr'><strong>ejus,</strong></span> <span class='ocrx_word' id='word_1_835' title='bbox 2276 5244 2437 5302; x_wconf 75' lang='lat' dir='ltr'><strong>atque</strong></span> <span class='ocrx_word' id='word_1_836' title='bbox 2463 5235 2620 5287; x_wconf 87' lang='lat' dir='ltr'><strong>ulnas</strong></span> <span class='ocrx_word' id='word_1_837' title='bbox 2650 5234 2948 5300; x_wconf 85' lang='lat' dir='ltr'><strong>deposuisti</strong></span> <span class='ocrx_word' id='word_1_838' title='bbox 2985 5249 3068 5287; x_wconf 85' lang='lat' dir='ltr'><strong>me</strong></span> <span class='ocrx_word' id='word_1_839' title='bbox 3099 5248 3111 5285; x_wconf 90' lang='lat'><strong>:</strong></span> <span class='ocrx_word' id='word_1_840' title='bbox 3144 5235 3236 5302; x_wconf 88' lang='lat' dir='ltr'><strong>qui</strong></span> <span class='ocrx_word' id='word_1_841' title='bbox 3267 5249 3351 5288; x_wconf 88' lang='lat' dir='ltr'><strong>me</strong></span> <span class='ocrx_word' id='word_1_842' title='bbox 3374 5235 3471 5287; x_wconf 59' lang='grc' dir='ltr'><strong>οι).</strong></span> 
     </span>
    </p>
   </div>
   <div class='ocr_carea' id='block_1_111' title="bbox 1898 5325 3470 5394">
    <p class='ocr_par' dir='ltr' id='par_1_111' title="bbox 1898 5325 3470 5394">
     <span class='ocr_line' id='line_1_111' title="bbox 1898 5325 3470 5394; baseline -0.001 -16"><span class='ocrx_word' id='word_1_843' title='bbox 1898 5327 2018 5379; x_wconf 88' lang='lat' dir='ltr'><strong>tulit</strong></span> <span class='ocrx_word' id='word_1_844' title='bbox 2048 5325 2196 5380; x_wconf 86' lang='lat' dir='ltr'><strong>Patri</strong></span> <span class='ocrx_word' id='word_1_845' title='bbox 2227 5334 2339 5390; x_wconf 90' lang='lat' dir='ltr'><strong>tuo,</strong></span> <span class='ocrx_word' id='word_1_846' title='bbox 2371 5327 2589 5380; x_wconf 77' lang='lat' dir='ltr'><strong>Christe</strong></span> <span class='ocrx_word' id='word_1_847' title='bbox 2625 5341 2800 5389; x_wconf 85' lang='lat' dir='ltr'><strong>meus,</strong></span> <span class='ocrx_word' id='word_1_848' title='bbox 2834 5333 2886 5378; x_wconf 91' lang='lat' dir='ltr'><strong>et</strong></span> <span class='ocrx_word' id='word_1_849' title='bbox 2926 5327 3021 5379; x_wconf 89' lang='lat' dir='ltr'><strong>tibi</strong></span> <span class='ocrx_word' id='word_1_850' title='bbox 3052 5341 3146 5393; x_wconf 87' lang='lat' dir='ltr'><strong>per</strong></span> <span class='ocrx_word' id='word_1_851' title='bbox 3183 5326 3470 5394; x_wconf 85' lang='lat' dir='ltr'><strong>Spiritum,</strong></span> 
     </span>
    </p>
   </div>
   <div class='ocr_carea' id='block_1_112' title="bbox 1895 5416 3471 5486">
    <p class='ocr_par' dir='ltr' id='par_1_112' title="bbox 1895 5416 3471 5486">
     <span class='ocr_line' id='line_1_112' title="bbox 1895 5416 3471 5486; baseline 0 -17"><span class='ocrx_word' id='word_1_852' title='bbox 1895 5433 1926 5469; x_wconf 94' lang='grc' dir='ltr'>ο</span> <span class='ocrx_word' id='word_1_853' title='bbox 1964 5417 2229 5478; x_wconf 79' lang='lat' dir='ltr'><strong>Trinitas,</strong></span> <span class='ocrx_word' id='word_1_854' title='bbox 2273 5433 2303 5470; x_wconf 90' lang='grc' dir='ltr'>ο</span> <span class='ocrx_word' id='word_1_855' title='bbox 2349 5418 2489 5471; x_wconf 85' lang='lat' dir='ltr'><strong>Deus</strong></span> <span class='ocrx_word' id='word_1_856' title='bbox 2523 5433 2699 5471; x_wconf 84' lang='lat' dir='ltr'><strong>meus.</strong></span> <span class='ocrx_word' id='word_1_857' title='bbox 2733 5418 2979 5486; x_wconf 82' lang='lat' dir='ltr'><strong>Curnquc</strong></span> <span class='ocrx_word' id='word_1_858' title='bbox 3031 5432 3206 5470; x_wconf 87' lang='lat' dir='ltr'><strong>essem</strong></span> <span class='ocrx_word' id='word_1_859' title='bbox 3241 5416 3471 5486; x_wconf 87' lang='lat' dir='ltr'><strong>prodigo</strong></span> 
     </span>
    </p>
   </div>
   <div class='ocr_carea' id='block_1_113' title="bbox 1898 5508 3472 5578">
    <p class='ocr_par' dir='ltr' id='par_1_113' title="bbox 1898 5508 3472 5578">
     <span class='ocr_line' id='line_1_113' title="bbox 1898 5508 3472 5578; baseline -0.003 -14"><span class='ocrx_word' id='word_1_860' title='bbox 1898 5508 2113 5574; x_wconf 88' lang='lat' dir='ltr'><strong>similis,</strong></span> <span class='ocrx_word' id='word_1_861' title='bbox 2147 5520 2201 5564; x_wconf 92' lang='lat' dir='ltr'><strong>et</strong></span> <span class='ocrx_word' id='word_1_862' title='bbox 2237 5519 2361 5563; x_wconf 86' lang='lat' dir='ltr'><strong>ante</strong></span> <span class='ocrx_word' id='word_1_863' title='bbox 2422 5518 2473 5563; x_wconf 92' lang='lat' dir='ltr'><strong>te</strong></span> <span class='ocrx_word' id='word_1_864' title='bbox 2530 5512 2755 5578; x_wconf 81' lang='lat' dir='ltr'><strong>supplex</strong></span> <span class='ocrx_word' id='word_1_865' title='bbox 2805 5509 3225 5578; x_wconf 76' lang='lat' dir='ltr'><strong>procumbet-em</strong></span> <span class='ocrx_word' id='word_1_866' title='bbox 3285 5509 3369 5577; x_wconf 87' lang='lat' dir='ltr'><strong>(ut</strong></span> <span class='ocrx_word' id='word_1_867' title='bbox 3415 5518 3472 5561; x_wconf 89' lang='lat' dir='ltr'><strong>tu</strong></span> 
     </span>
    </p>
   </div>
   <div class='ocr_carea' id='block_1_114' title="bbox 1900 5599 3468 5674">
    <p class='ocr_par' dir='ltr' id='par_1_114' title="bbox 1900 5599 3468 5674">
     <span class='ocr_line' id='line_1_114' title="bbox 1900 5599 3468 5674; baseline -0.003 -18"><span class='ocrx_word' id='word_1_868' title='bbox 1900 5605 2014 5672; x_wconf 86' lang='lat' dir='ltr'><strong>ipse</strong></span> <span class='ocrx_word' id='word_1_869' title='bbox 2046 5605 2176 5669; x_wconf 89' lang='lat' dir='ltr'><strong>scis,</strong></span> <span class='ocrx_word' id='word_1_870' title='bbox 2209 5605 2332 5674; x_wconf 79' lang='lat' dir='ltr'><strong>quia</strong></span> <span class='ocrx_word' id='word_1_871' title='bbox 2371 5605 2610 5658; x_wconf 82' lang='lat' dir='ltr'><strong>docuisti</strong></span> <span class='ocrx_word' id='word_1_872' title='bbox 2641 5602 2773 5672; x_wconf 87' lang='lat' dir='ltr'><strong>me),</strong></span> <span class='ocrx_word' id='word_1_873' title='bbox 2807 5613 2860 5656; x_wconf 92' lang='lat' dir='ltr'><strong>tu</strong></span> <span class='ocrx_word' id='word_1_874' title='bbox 2891 5617 3107 5672; x_wconf 87' lang='lat' dir='ltr'><strong>quoque</strong></span> <span class='ocrx_word' id='word_1_875' title='bbox 3138 5617 3244 5654; x_wconf 86' lang='lat' dir='ltr'><strong>non</strong></span> <span class='ocrx_word' id='word_1_876' title='bbox 3282 5616 3340 5654; x_wconf 87' lang='lat' dir='ltr'><strong>es</strong></span> <span class='ocrx_word' id='word_1_877' title='bbox 3375 5599 3468 5652; x_wconf 89' lang='lat' dir='ltr'><strong>de-</strong></span> 
     </span>
    </p>
   </div>
   <div class='ocr_carea' id='block_1_115' title="bbox 1901 5695 3471 5768">
    <p class='ocr_par' dir='ltr' id='par_1_115' title="bbox 1901 5695 3471 5768">
     <span class='ocr_line' id='line_1_115' title="bbox 1901 5695 3471 5768; baseline -0.001 -18"><span class='ocrx_word' id='word_1_878' title='bbox 1901 5697 2152 5768; x_wconf 78' lang='lat' dir='ltr'><strong>dignatus</strong></span> <span class='ocrx_word' id='word_1_879' title='bbox 2195 5713 2387 5753; x_wconf 79' lang='lat' dir='ltr'><strong>vocare</strong></span> <span class='ocrx_word' id='word_1_880' title='bbox 2431 5714 2516 5752; x_wconf 85' lang='lat' dir='ltr'><strong>me</strong></span> <span class='ocrx_word' id='word_1_881' title='bbox 2554 5698 2719 5752; x_wconf 86' lang='lat' dir='ltr'><strong>lilium</strong></span> <span class='ocrx_word' id='word_1_882' title='bbox 2756 5707 2931 5753; x_wconf 86' lang='lat' dir='ltr'><strong>tuum.</strong></span> <span class='ocrx_word' id='word_1_883' title='bbox 2971 5696 3012 5751; x_wconf 86' lang='grc' dir='ltr'>Ο</span> <span class='ocrx_word' id='word_1_884' title='bbox 3065 5695 3351 5763; x_wconf 77' lang='lat' dir='ltr'><strong>indignum</strong></span> <span class='ocrx_word' id='word_1_885' title='bbox 3387 5710 3471 5754; x_wconf 66' lang='lat' dir='ltr'><strong>os,</strong></span> 
     </span>
    </p>
   </div>
  </div>
