4182 6456
698 410 801 472 595

1912 397 2289 460 SYMEONIS
2312 392 2675 456 IUNIOHIS

3837 380 3937 447 5%

696 536 750 578 et
780 522 1057 576 immunda
1112 522 1285 578 labia!
1325 537 1356 575 o
1386 522 1549 576 verla
1600 522 1801 589 lingua:
1853 517 2053 587 inopis,
2105 525 2159 568 et
2206 514 2260 569 in
2293 514 2335 570 Α
2368 515 2505 567 liber
2532 512 2853 581 dignitatem
2893 522 2957 561 ac
2994 504 3367 574 praestantiam
3420 500 3587 571 hnj'ts
3621 500 3810 553 libere
3842 514 3939 551 vo.

697 618 950 671 laudibus
982 617 1115 679 tuis,
1154 615 1486 684 ageltdisqut:
1521 616 1732 683 gratiis,
1765 621 1819 665 et
1846 610 2122 667 beneﬁciis
2152 608 2259 662 luis

696 708 1019 764 enarrandis
1058 718 1300 777 egestate
1340 708 1658 769 laborantis,
1689 720 1811 773 quae
1841 704 1896 758 in
1940 718 2027 757 me
2067 702 2263 771 pupil-

698 802 807 877 lum
858 815 923 853 ac
978 800 1317 870 peregrinum
1372 799 1622 853 conferre
1676 795 1925 850 voluisti!
1993 797 2068 848 ιιιί
2115 793 2259 847 enim

696 882 1130 962 sunt-peregrini
1174 894 1225 945 itt
1258 894 1357 945 hoe
1393 892 1613 947 mundo.
1640 890 1771 955 Quae
1798 900 1977 943 autem
2012 897 2101 941 tua
2139 896 2259 940 tuo-

698 999 923 1052 rumque
953 994 1101 1044 sunt,
1138 985 1279 1038 oculi
1320 998 1427 1037 non
1463 984 1668 1042 vident,
1706 983 1887 1050 lingua
1923 996 2032 1034 non
2081 985 2263 1048 potest

695 1078 901 1145 eloqui.
951 1092 1050 1130 nec
1095 1080 1328 1131 mundus
1376 1092 1591 1145 capere.
1644 1076 1957 1144 Propterea.
2013 1073 2262 1134 Domine,

694 1170 806 1222 odit
839 1184 937 1223 nos
980 1167 1237 1231 mundus,
1271 1169 1638 1237 persequitur,
1692 1166 1986 1226 maledicit,
2035 1165 2261 1224 invidet,

698 1262 847 1323 (urit,
872 1260 1093 1321 occidit,
1123 1276 1247 1313 cum
1283 1262 1340 1314 in
1365 1261 1505 1313 tales
1538 1260 1811 1321 inciderit,
1844 1258 2006 1311 audet
2052 1258 2257 1311 omnia.

702 1352 812 1405 Nos
848 1368 998 1416 vero,
1051 1363 1107 1408 ιιι
1142 1354 1237 1408 tibi
1274 1353 1659 1422 complacitum
1695 1362 1805 1415 est,
1848 1352 2084 1404 humiles
2118 1350 2263 1405 servi

697 1444 795 1509 tui,
819 1445 870 1497 in
891 1446 1203 1497 inlirmitate
1229 1453 1479 1512 potentes
1506 1443 1557 1496 in
1584 1452 1902 1511 paupertate
1920 1440 2263 1501 diteseimus,

697 1538 749 1587 in
787 1536 935 1616 omni
972 1534 1321 1588 tribulatione
1352 1534 1677 1604 gaudemus,
1714 1532 1863 1584 velut
1897 1540 2053 1584 extra
2097 1544 2263 1583 mun-

696 1631 824 1679 dum
853 1627 1036 1696 positi.
1067 1625 1179 1681 Nos
1225 1637 1403 1680 tecum
1439 1640 1650 1685 sumus.
1698 1623 1947 1685 Domine,
1998 1635 2264 1690 corporea

696 1727 882 1772 nostra
931 1717 1167 1771 mundus
1205 1718 1418 1770 retinet.
1462 1714 1537 1769 De
1579 1723 1777 1769 caetero
1806 1728 1984 1768 carus
2020 1714 2263 1772 oberrat,

698 1812 867 1862 lutum
897 1817 1088 1863 tenens
1126 1808 1325 1872 solum,
1354 1808 1497 1877 quo]
1550 1822 1649 1861 nec
1698 1806 1876 1873 ipsum
1921 1803 2262 1869 luerifarietf;

695 1902 849 1956 dahis
889 1901 1034 1955 enim
1063 1941 1078 1966 ,
1113 1908 1171 1954 ut
1204 1900 1525 1969 promisisti,
1558 1900 1611 1951 in
1652 1908 1900 1953 extrema
1954 1896 2084 1949 tuba
2115 1894 2159 1925 ⁵⁸
2209 1904 2265 1947 et

698 1996 801 2049 hoc
830 1993 1136 2063 spirituale,
1174 2001 1225 2046 et
1267 1993 1391 2045 huic
1425 1991 1525 2045 soli
1581 1991 1721 2044 mala
1762 1989 1983 2059 propria
2018 1986 2263 2042 lucrabi-

697 2096 807 2147 tur,
859 2100 983 2139 cum
1044 2084 1518 2138 consentientibus
1566 2083 1669 2137 sibi
1703 2082 1903 2143 caecis,
1958 2089 2013 2134 et
2076 2078 2263 2134 mundi

696 2178 1053 2234 amatoribus.

1202 2292 1429 2349 CAPUT
1511 2290 1749 2346 XXXIX.

942 2410 1045 2476 Qui
1080 2408 1240 2462 Deum
1269 2408 1555 2470 desiderat,
1590 2409 1701 2460 odit
1737 2410 2011 2459 mundum.

770 2522 974 2579 Umbra
1007 2522 1279 2587 detineor,
1314 2531 1362 2577 et
1400 2522 1689 2577 veritatem
1736 2536 1927 2586 cerno,
1961 2520 2106 2590 quod
2134 2522 2266 2576 nihil

699 2625 804 2678 est,
851 2614 957 2669 nisi
995 2614 1170 2670 solida
1202 2606 1347 2681 spes.
1413 2612 1672 2678 Quzeuatn
1709 2613 1875 2681 igitur
1902 2613 2073 2682 spes?
2103 2626 2267 2683 quam

701 2708 845 2763 oculi
878 2723 987 2763 non
1020 2708 1291 2761 viderunt.
1336 2707 1459 2760 llaec
1502 2706 1647 2760 enim
1697 2706 1829 2770 vita,
1880 2720 2041 2774 quam
2078 2720 2270 2759 Omnes

701 2801 1119 2869 concupiscunt.
1150 2800 1269 2852 Vita
1300 2809 1482 2853 autem
1511 2800 1600 2852 illa
1636 2799 1767 2868 quid
1798 2805 1881 2852 cst
1906 2798 2070 2861 aliud,
2104 2813 2267 2866 quam

703 2895 847 2949 Deus
886 2894 1143 2949 conditor
1193 2893 1485 2946 omnium?
1537 2891 1691 2945 llunc
1747 2908 1889 2951 ama.
1925 2900 1979 2945 et
2010 2892 2135 2945 odio
2175 2892 2271 2942 ha-

705 2987 861 3041 hehis
920 2985 1207 3039 mundum.
1268 2984 1499 3039 Mundus
1565 3000 1749 3039 mors:
1795 2983 1925 3053 qttid
1958 2986 2103 3038 enim
2164 3000 2267 3037 nou

707 3081 912 3135 ﬂuxum
945 3087 1000 3133 et
1036 3082 1303 3133 caducum
1337 3078 1545 3132 habet?

1284 3204 1513 3261 CAPUT
1589 3204 1701 3257 XL.

706 3322 1023 3389 (iratiarum
1065 3325 1205 3375 actio
1258 3322 1327 3372 ad
1380 3320 1538 3374 Deum
1588 3337 1680 3381 pro
1728 3320 1952 3387 arreptis
1988 3320 2268 3384 beneﬁciis.

782 3391 880 3445 Ubi
918 3402 965 3445 et
998 3393 1061 3443 de
1091 3394 1327 3445 oratione
1356 3392 1646 3456 spirituali,
1693 3404 1739 3443 et
1790 3405 2071 3458 progressu
2099 3391 2152 3441 in
2185 3406 2271 3452 ea,

776 3473 824 3516 at
853 3464 919 3516 de
957 3464 1135 3515 divina
1184 3463 1598 3518 illuminatione.
1643 3462 1943 3531 visioneque
1972 3476 2074 3515 non
2109 3459 2272 3527 falsa,

774 3546 823 3587 el
855 3535 1114 3587 charitale
1154 3550 1278 3602 erga
1316 3534 1483 3585 Deum
1507 3532 1811 3585 disseritur.

778 3644 1037 3704 Benedic,
1065 3640 1245 3704 Pater,
1271 3641 1593 3693 Dominator
1619 3639 1846 3694 Domine
1861 3640 1985 3694 εαξη
2008 3654 2072 3693 ac
2094 3649 2273 3704 terrae,

709 3736 799 3803 ιιιιί
831 3744 957 3789 ante
986 3733 1443 3788 constitutionem
1484 3731 1675 3784 mundi
1720 3732 1984 3795 statuisti,
2024 3740 2079 3784 ut
2120 3746 2151 3785 c
2193 3731 2278 3784 ni-

712 3830 820 3883 hilo
840 3842 1116 3887 nascerer,
1144 3829 1347 3894 gratias
1377 3838 1479 3891 ago
1503 3824 1623 3885 tibi,
1643 3823 1927 3892 quoniam,
1954 3823 2275 3891 priusquam

711 3919 992 3973 adveniret
1023 3918 1139 3972 dies
1176 3928 1227 3970 et
1280 3916 1435 3979 hoza,
1470 3914 1522 3967 in
1558 3930 1666 3982 qua
1700 3914 1976 3968 mandasti
2012 3922 2071 3967 ιιι
2101 3913 2281 3982 prodi-

714 4030 823 4067 rem
856 4013 909 4065 in
938 4012 1079 4065 hanc
1111 4010 1311 4071 lucem,
1366 4010 1481 4076 ipse
1516 4008 1671 4062 solus
1723 4008 2071 4067 innuortalis,
2127 4010 2280 4062 solus

711 4102 1080 4171 omnipotens,
1143 4098 1293 4154 solus
1341 4097 1516 4152 bonus
1561 4106 1616 4152 et
1669 4098 1964 4161 humanus,
2005 4111 2128 4150 cum
2182 4096 2280 4150 de-

714 4197 1026 4252 scendisses
1061 4194 1127 4248 de
1174 4192 1393 4247 excelso
1436 4190 1755 4245 sanctuario
1802 4199 1917 4253 tuo,
1973 4203 2002 4242 a
2054 4199 2283 4259 paterno

715 4291 837 4344 sinu
888 4303 997 4342 non
1052 4285 1365 4348 discedens,
1416 4291 1471 4338 et
1520 4298 1553 4337 e
1604 4292 1793 4337 sancta
1852 4281 2075 4350 Virgine
2114 4281 2282 4336 Haria

716 4386 1033 4437 incarnatus
1064 4386 1117 4432 et
1154 4376 1374 4446 genitus
1408 4383 1581 4435 esses.
1620 4374 1847 4437 tinxisti,
1878 4381 1935 4429 et
1969 4373 2283 4438 vivificasti,

713 4482 767 4526 et
788 4488 815 4525 a
844 4471 1004 4541 primi
1038 4468 1280 4539 parentis
1316 4468 1471 4536 lapsu
1503 4467 1746 4521 liberasti
1782 4480 1893 4528 me,
1918 4474 1973 4519 et
1995 4479 2281 4519 ascensum

2298 3198 2341 3252 ε

2367 602 2592 657 luutatis
2622 616 2687 655 ac
2719 597 3008 669 potestatis
3044 610 3150 649 non
3186 602 3470 662 reputans,
3504 607 3533 644 a
3575 590 3845 651 dominio,
3886 597 3939 640 et

2368 693 2598 762 imperio
2649 698 2744 744 tuo
2780 687 3057 747 resiliens,
3108 684 3443 754 pran-ipitcm
3500 695 3587 733 me
3638 678 3838 747 διῄρε-ἰ,
3884 688 3939 729 et

2368 785 2477 838 illic
2509 798 2593 837 me
2620 783 2923 851 iacentem,
2956 794 3021 831 ac
3060 781 3178 830 sine
3227 791 3395 831 sensu
3450 787 3650 839 torrus
3687 771 3942 824 volutan-

2367 886 2499 937 tem,
2553 875 2913 940 attritumque
2946 870 3317 931 vehementer,
3358 880 3467 920 non
3520 880 3580 919 es
3632 870 3942 921 aversatus,

2368 981 2569 1021 nones
2616 977 2813 1032 passus
2862 961 3075 1027 jacere,
3130 959 3354 1027 lutoque
3386 954 3787 1024 conspurcari:
3841 951 3943 1004 sed

2367 1065 2589 1127 prepter
2630 1057 2839 1109 viscera
2873 1051 3270 1106 misericordiae
3303 1059 3406 1102 tuae
3457 1046 3683 1108 misisti,
3727 1053 3781 1097 et
3814 1045 3943 1097 inde

2369 1166 2453 1204 me
2479 1147 2780 1210 sustulisti,
2809 1156 2865 1201 et
2896 1144 3169 1199 illustrius
3206 1141 3514 1197 honorasti.
3564 1141 3602 1191 Α
3637 1139 3861 1207 regibus
3886 1147 3945 1188 et

2369 1239 2733 1310 ptincipibus,
2783 1246 2843 1289 ut
2890 1250 3019 1290 vase
3069 1232 3387 1303 ignominia:
3442 1230 3509 1283 ad
3571 1228 3945 1282 ministerium

2368 1328 2686 1398 cupiditatis
2726 1343 2837 1382 suae
2882 1325 2961 1378 ttti
3019 1339 3105 1378 me
3135 1322 3513 1393 cupientibus,
3560 1319 3787 1389 judiciis
3835 1318 3947 1371 tuis

2369 1419 2735 1476 itteﬂ‘ahilibus
2768 1416 3068 1473 redemisti.
3126 1416 3257 1468 Auri
3312 1424 3366 1469 et
3422 1412 3632 1480 argenti
3692 1425 3944 1464 munera.

2368 1529 2679 1585 quanquam
2731 1512 2976 1582 pecunia:
3014 1523 3265 1568 avarum,
3299 1506 3552 1574 accipere
3601 1519 3687 1558 me
3717 1519 3826 1557 non
3861 1510 3945 1555 tu-

2369 1608 2504 1663 listi.
2556 1606 2824 1668 Gloriam,
2876 1604 2999 1657 vitae
3053 1600 3463 1661 ciaritndiuem,
3516 1612 3637 1667 qum
3689 1596 3821 1646 tnthi
3876 1594 3943 1645 ad

2369 1697 2710 1754 vendendam
2742 1696 3237 1752 sanctilicationcm
3290 1703 3444 1746 tuam
3494 1691 3618 1743 loco
3667 1687 3827 1756 pzetii
3859 1686 3945 1737 ot-

2371 1791 2681 1855 ferebatur,
2746 1801 2803 1842 ιιι
2862 1802 3187 1841 exsecrarer
3240 1799 3301 1836 ac
3358 1784 3664 1838 detestarer
3726 1777 3946 1831 donasti

2370 1884 2524 1938 mihi.

2440 1976 2545 2032 Sed
2576 1976 2689 2030 hac
2716 1974 2920 2036 omnia,
2947 1971 3213 2027 conﬁteor
3243 1968 3363 2029 tihi,
3394 1965 3621 2018 Domine
3654 1964 3797 2016 Deus
3821 1961 3944 2014 (teli

2368 2086 2431 2124 ac
2461 2080 2639 2132 terrae,
2676 2082 2763 2120 me
2803 2048 2997 2120 rursus
3030 2063 3185 2117 nihili
3218 2062 3529 2121 facientem,
3566 2058 3619 2109 in
3658 2056 3864 2113 lacum,
3894 2063 3947 2105 et

2369 2158 2701 2230 profundum
2758 2170 2976 2212 omnum
3017 2154 3261 2223 tnrpiutn
3317 2148 3735 2219 eogitat'onum,
3774 2144 3948 2197 aetio-

2371 2265 2612 2319 numqoe
2646 2246 3036 2303 miserabiliter
3061 2245 3209 2298 ultro
3239 2241 3522 2305 incidisse,
3554 2248 3608 2290 et
3661 2238 3715 2289 in
3750 2248 3948 2289 manus

2372 2342 2485 2395 illic
2517 2338 2799 2393 latentium
2858 2338 3133 2390 latronum
3169 2330 3484 2392 devenisse,
3540 2327 3685 2381 unde
3719 2340 3807 2377 tne
3840 2336 3947 2375 non

2370 2433 2547 2486 solum
2587 2445 2688 2502 ego
2738 2429 2911 2492 solus,
2948 2427 3042 2482 sed
3092 2439 3195 2479 nec
3260 2421 3524 2476 mortales
3584 2414 3830 2471 universi
3891 2415 3945 2464 in

2372 2541 2539 2579 ttnum
2595 2523 2908 2593 congregati
2944 2518 3251 2579 extrahere,
3286 2523 3340 2570 et
3368 2514 3434 2567 ab
3451 2526 3643 2566 eorum
3682 2508 3946 2562 manibus

2374 2619 2604 2673 liberare
2660 2623 2981 2685 potuerunt.
3034 2609 3420 2664 Verumtamen
3480 2604 3554 2657 ibi
3612 2618 3697 2655 tne
3745 2601 3950 2653 misere

2373 2713 2442 2766 ab
2472 2712 2580 2765 illis
2613 2709 2937 2771 coercitum,
2984 2715 3036 2760 et
3066 2703 3289 2757 infande
3320 2702 3428 2753 huc
3466 2698 3595 2751 illuc
3636 2703 3947 2762 raptatum,

2375 2820 2751 2875 compressum
2809 2812 2862 2855 et
2910 2802 3153 2858 illusum,
3202 2806 3260 2849 ttt
3292 2794 3630 2851 misericors.
3685 2798 3739 2844 et
3796 2787 3949 2844 beni-

2376 2911 2516 2966 gnus
2545 2894 2808 2948 Dominus
2840 2908 2948 2946 non
2996 2888 3320 2957 despexisti,
3371 2900 3479 2937 non
3508 2899 3567 2935 cs
3600 2880 3951 2934 abominatus

2376 3004 2689 3058 perversam
2719 2987 3051 3039 voluntatem
3090 2994 3288 3041 meam,
3336 2993 3445 3031 non
3498 2975 3592 3026 diu
3645 2970 3946 3040 permisisti

2378 3098 2463 3135 nte
2497 3088 2694 3150 sponte
2725 3078 3001 3131 latronum
3034 3073 3255 3126 illorum
3289 3067 3636 3139 tyrannidem
3690 3061 3901 3131 perpeti
3934 3079 3946 3109 ;

2379 3189 2565 3229 verum
2594 3172 2844 3242 quamvis
2881 3182 2983 3237 ego
3011 3166 3130 3221 sine
3177 3178 3343 3218 sensu
3381 3160 3657 3214 abductus
3710 3155 3781 3206 ah
3839 3152 3946 3207 illis

2377 3270 2615 3334 laetarer,
2638 3275 2697 3319 tu
2727 3272 2837 3317 tam
2869 3261 3010 3316 [cede
3041 3274 3126 3313 me
3158 3255 3455 3324 circumagi
3482 3262 3647 3320 atque
3673 3249 3816 3301 trahi
3844 3260 3948 3299 non

2378 3362 2585 3423 ferens,
2624 3354 2931 3411 visceribus
2964 3362 3295 3410 commoms,
3342 3354 3397 3399 ct
3429 3341 3533 3395 mei
3561 3335 3941 3394 misericordia

2377 3462 2571 3522 captus
2616 3466 2711 3515 es;
2739 3463 2842 3503 nec
2862 3445 3142 3517 angelum,
3162 3451 3256 3496 aut
3285 3439 3563 3493 hominem
3586 3433 3649 3487 ad
3680 3448 3768 3486 me
3796 3430 3956 3484 mise-

2379 3561 2500 3599 rum
2538 3550 2884 3613 peecatorem
2907 3534 3104 3591 misisti
3131 3551 3145 3597 ;
3174 3532 3268 3587 sed
3300 3528 3593 3597 tumetipse
3624 3541 3652 3577 a
3680 3523 3946 3578 bonitatis

2380 3651 2485 3693 tua:
2512 3630 3134 3705 prmcordiisincitatus,
3170 3628 3223 3679 iu
3246 3620 3739 3695 profundissimam
3775 3620 3955 3669 lacum

2381 3742 2436 3801 te
2459 3728 2758 3789 inuuisisti,
2790 3734 2841 3776 et
2872 3724 2925 3776 in
2960 3721 3101 3775 caeni
3130 3722 3235 3773 alta
3268 3716 3526 3785 voragine
3550 3711 3688 3765 inira
3712 3707 3955 3762 defosso.

2382 3837 2446 3877 ac
2481 3820 2716 3881 sedenti,
2752 3816 3034 3870 dexteram
3087 3811 3467 3865 intantinatatn
3502 3803 3813 3865 lelClltlisLl,
3844 3815 3960 3852 me-

2381 3927 2491 3982 que
2523 3924 2631 3963 non
2669 3909 2942 3961 videntem
2980 3913 3031 3957 te
3059 3901 3173 3971 (qui
3208 3899 3355 3953 enim
3387 3906 3655 3965 poteram,
3684 3903 3789 3943 .aut
3822 3905 3961 3959 quo-

2386 3980 2549 4057 modo
2584 3999 2981 4069 suspexissem,
3014 3993 3106 4063 qui
3134 4000 3284 4046 totus
3325 3990 3441 4042 luto
3475 3999 3691 4040 mersus
3722 3980 3961 4036 suﬂ'oca-

2386 4097 2484 4151 bar
2511 4096 2555 4148 ἐὶ
2625 4091 2825 4162 capillo
2872 4087 3074 4155 capitis
3127 4082 3558 4153 apprehensum,
3612 4077 3737 4130 inde
3773 4074 3825 4126 vi
3859 4088 3957 4126 cx-

2386 4186 2600 4241 traxisti
2629 4202 2645 4250 ;
2679 4198 2803 4239 cum
2841 4196 2944 4250 ego
2975 4178 3223 4232 dolorem
3252 4173 3499 4244 quidem,
3544 4178 3602 4224 et
3642 4168 3873 4221 crebros
3905 4164 3960 4221 in

2390 4280 2676 4349 superiora
2742 4283 3038 4334 attractus,
3093 4279 3502 4333 ascensumque
3560 4262 3852 4323 sentirem,
3910 4268 3959 4309 at

2390 4387 2616 4444 prorsus
2650 4370 2947 4428 nescirem,
2976 4380 3005 4417 a
3038 4377 3149 4433 quo
3186 4363 3240 4415 in
3276 4359 3514 4415 sublime
3544 4355 3835 4413 educerer,
3870 4359 3963 4404 aut

2390 4467 2514 4535 quis
2550 4472 2697 4517 esset
2746 4459 2989 4523 tandem,
3023 4457 3116 4526 qui
3158 4468 3244 4507 me
3282 4458 3569 4522 prensaret
3622 4456 3793 4514 atque
3822 4444 3961 4498 edu-

716 4565 772 4618 in
802 4563 1000 4618 caelum
1040 4560 1357 4630 prmparasti
1393 4557 1549 4610 mihi.
1581 4554 1787 4610 Deinde
1816 4565 2141 4625 prognatum
2176 4569 2282 4620 me,
2316 4532 2363 4591 θ
2391 4532 2565 4612 ceret.
2607 4553 2778 4607 Porro
2808 4562 3031 4605 sursum
3059 4546 3344 4607 eductum,
3374 4549 3429 4596 et
3457 4542 3510 4595 in
3542 4548 3689 4593 terra
3720 4536 3963 4589 colloca-

715 4664 768 4708 et
822 4658 1025 4710 sensim
1077 4659 1436 4711 crescentem,
1472 4660 1528 4703 tu
1583 4663 1669 4702 me
1719 4659 1912 4703 sancto
1959 4648 2284 4716 baptismate

717 4758 812 4801 tuo
838 4744 1129 4808 reiinxisti,
1158 4751 1211 4797 et
1244 4742 1541 4805 renovasti,
1591 4751 1895 4807 sanctoque
1924 4739 2136 4808 Spiritu
2160 4755 2287 4795 cou-

718 4836 1011 4890 decorasti.
1040 4835 1299 4902 Augeiunt
1327 4833 1465 4888 lueis
1492 4832 1775 4887 custodem
1809 4832 1940 4884 mihi
1966 4831 2285 4896 attrihttisti,

719 4941 772 4984 et
801 4930 867 4981 ah
898 4926 1157 4994 operibus
1200 4924 1378 4986 malis,
1419 4931 1472 4975 et
1502 4924 1709 4992 laqueis
1738 4921 1968 4986 inimici,
2014 4938 2187 4990 usque
2219 4921 2285 4974 ad

722 5020 1019 5090 perfectam
1066 5026 1119 5069 et
1155 5016 1365 5085 plenam
1397 5023 1610 5067 aetatem
1650 5028 1737 5067 me
1773 5013 2001 5068 illaesum
2037 5012 2288 5066 custodi-

722 5112 868 5166 visti.
902 5108 1172 5177 Quoniam
1213 5122 1345 5161 vero
1394 5121 1502 5160 nou
1556 5104 1631 5167 vi,
1662 5120 1727 5159 ae
1756 5104 2026 5168 nolentes,
2066 5104 2158 5158 sed
2196 5119 2289 5156 vo-

724 5209 955 5265 luntate,
987 5211 1038 5256 et
1073 5200 1337 5254 arbitratu
1377 5201 1442 5251 ad
1496 5198 1597 5250 hoe
1644 5196 2048 5265 propendeutes
2079 5196 2289 5249 salvare

729 5310 827 5349 nos
859 5307 1072 5360 aequum
1116 5292 1432 5359 justumque
1460 5288 1751 5349 ccusuisti,
1789 5304 1875 5341 nte
1906 5301 2123 5356 quoque
2149 5288 2294 5339 arbi-

728 5387 817 5439 trii
848 5386 1101 5438 libertate
1134 5383 1393 5436 honorari
1431 5379 1753 5449 permisisti,
1786 5389 1844 5430 ιιι
1873 5394 1938 5433 ex
1970 5376 2282 5433 voluntaria

727 5478 1110 5532 mandatorum
1144 5483 1363 5527 tuorum
1401 5473 1786 5527 observatione
1841 5485 2017 5526 meam
2067 5485 2196 5539 erga
2237 5481 2289 5525 te

724 5570 1047 5622 eharitatciu
1081 5566 1449 5623 ostenderem.
1505 5564 1614 5632 Ego
1650 5573 1830 5617 autem
1884 5563 2189 5631 improbus,
2236 5572 2291 5618 et

726 5662 988 5729 ingratus,
1024 5666 1187 5727 atque
1239 5668 1604 5727 cottldmplor,
1644 5657 1787 5711 velut
1840 5670 2019 5724 equus
2052 5656 2288 5711 vinculis

808 5836 846 5862 ""
882 5834 905 5885 Ϊη
932 5836 1049 5883 {Tuta
1088 5848 1170 5897 sv,
1210 5832 1298 5885 53.

2394 4661 2535 4711 tum,
2567 4659 2726 4699 servo
2776 4658 2837 4695 ae
2887 4639 3159 4709 discipulo
3192 4647 3288 4689 tuo
3320 4649 3406 4686 me
3438 4629 3743 4691 tradidisti,
3791 4635 3965 4678 totum

2395 4738 2765 4809 inquinatum,
2800 4742 2853 4787 et
2887 4734 3002 4785 luto
3033 4730 3248 4791 oculos,
3281 4740 3465 4787 aures,
3500 4737 3562 4774 os
3588 4722 3963 4775 obstructum,

2394 4845 2449 4884 et
2482 4832 2553 4882 ita
2588 4843 2687 4880 nec
2716 4834 2829 4878 tum
2864 4832 2916 4876 te
2950 4822 3250 4879 videntem,
3286 4815 3410 4885 quis
3445 4827 3635 4875 esses;
3695 4808 3802 4861 nisi
3860 4807 3963 4857 hoc

2402 4924 2579 4979 solum
2612 4918 2963 4976 indicanteut,
3013 4912 3266 4981 quisquis
3299 4920 3477 4968 esses,
3514 4904 3744 4963 bonum,
3784 4908 3840 4951 et
3869 4896 3943 4948 ittt

2397 5024 2620 5066 manum
2653 5022 2797 5068 esse,
2860 5005 2953 5075 qui
3015 5018 3100 5055 me
3142 5017 3171 5054 e
3218 4996 3489 5068 profundo
3542 4994 3686 5049 lacu.
3723 5001 3776 5043 et
3808 5000 3969 5040 emito

2398 5103 2723 5172 eripuisses.
2754 5097 2909 5150 Dicto
2938 5095 3105 5165 igitur
3131 5092 3262 5144 mihi
3293 5088 3641 5143 confortare,
3676 5092 3733 5134 et
3757 5078 3966 5131 homini

2400 5194 2531 5248 huic
2563 5192 2896 5250 adhaeresce,
2947 5198 3184 5252 eumque
3243 5193 3497 5249 sequere,
3561 5176 3651 5228 hic
3712 5171 3857 5225 enim
3917 5178 3972 5223 te

2403 5286 2698 5339 abductum
2734 5281 2959 5333 abluet:
3014 5286 3067 5331 et
3118 5274 3329 5327 ﬁrmam
3366 5268 3495 5323 mihi
3537 5268 3590 5319 in
3627 5264 3780 5317 illum
3812 5260 3974 5312 fidem

2403 5377 2659 5445 largitus,
2689 5370 2991 5427 receSsisti.
3036 5368 3136 5423 Ubi
3166 5368 3328 5436 igitur
3377 5360 3549 5415 fueris
3586 5358 3823 5425 ignoro:
3876 5367 3976 5419 οςσι

2402 5468 2785 5538 praescriptum
2819 5463 2949 5516 mihi
2988 5461 3183 5519 ducem
3213 5459 3311 5511 abs
3341 5464 3415 5517 te,
3464 5449 3819 5505 sanctissime
3874 5442 3978 5493 llo-

2402 5563 2570 5625 tuine,
2625 5559 2761 5612 citra
2794 5556 3211 5609 conversionem
3265 5561 3489 5602 secutus
3524 5556 3688 5604 sum;
3746 5550 3975 5604 cumque

2405 5652 2491 5708 ille
2524 5651 2589 5706 ad
2622 5650 3012 5718 scaturigines.
3038 5655 3090 5699 et
3134 5644 3333 5704 l'ontcs.
3372 5642 3425 5695 id
3475 5648 3580 5699 est,
3630 5632 3975 5701 Scripturas.
