4182 6456
203 431 308 492 597

1257 430 1698 493 DlVlNORUM
1732 429 2058 493 AMORUM
2099 435 2352 494 LIBER.

3357 442 3458 504 598

201 550 256 592 et
291 540 544 594 mandata
575 539 740 594 tttttlta
769 555 890 595 cum
921 541 1244 597 lassitudine
1275 553 1326 598 et
1357 543 1541 596 labore
1574 558 1777 596 c:ecunt
1811 544 1853 598 Α
1885 543 2186 599 ambulanti
2239 545 2394 610 tttihi,
2430 553 2480 598 et
2513 546 2576 599 a.l
2615 546 2818 600 fonte-tt
2858 552 3125 616 currenti,
3156 559 3212 605 tu
3241 555 3335 622 qui
3369 566 3456 608 me

203 647 314 694 tne,
350 642 403 686 et
440 641 593 704 tergo
621 649 722 688 suo
752 651 914 688 manu
967 633 1088 688 fidei
1120 635 1217 689 abs
1253 646 1301 689 le
1337 635 1466 688 mihi
1503 636 1629 689 data
1661 643 1774 688 tra-

200 735 382 789 ctum,
417 742 480 781 ac
512 729 663 797 sequi
701 739 951 783 coactum
1005 728 1348 792 abduxisset,
1386 731 1626 797 respexit
1665 744 1772 792 nte,

201 829 254 868 et
277 818 476 883 pedum
503 821 646 875 vires
664 821 831 888 probe
850 820 1140 888 resumpsi.
1157 817 1451 873 Transihat
1479 828 1656 874 autem
1679 835 1777 886 per

205 910 473 977 lapidosa,
512 926 605 980 per
640 911 840 974 fossas,
878 927 974 980 per
1008 911 1355 973 offendicula,
1396 919 1449 964 et
1482 911 1778 980 superabat

203 1003 411 1056 omnia.
444 1003 541 1058 Ast
562 1019 645 1058 me
666 1006 718 1057 in
748 1005 859 1058 haec
885 1005 1200 1073 impingere,
1233 1012 1284 1057 et
1304 1005 1604 1067 offendere,
1635 1005 1776 1058 ntul-

204 1107 436 1163 tumque
493 1095 762 1160 laborem,
820 1097 1024 1151 multas
1063 1097 1404 1156 vexationes,
1439 1103 1492 1149 et
1525 1095 1779 1148 afﬂictio-

204 1200 304 1238 nes
350 1183 620 1252 perferre,
677 1199 739 1239 ac
773 1185 1051 1240 sustinere
1099 1185 1474 1249 contingebat.
1540 1183 1602 1237 ει
1661 1183 1777 1252 ipse

201 1275 425 1341 quidem
461 1275 513 1328 in
544 1276 690 1329 omni
734 1275 905 1338 fonte,
939 1284 993 1329 et
1029 1277 1282 1330 scatebra
1316 1293 1409 1346 per
1443 1292 1501 1332 se
1534 1276 1586 1329 in
1615 1277 1778 1331 horas

207 1367 444 1430 lavabat,
488 1381 551 1420 ac
589 1382 646 1421 se
680 1367 936 1421 abluebat
968 1386 980 1420 :
1015 1383 1140 1437 ego,
1173 1371 1318 1436 quod
1352 1384 1444 1422 eas
1498 1383 1604 1423 non
1654 1381 1777 1421 cer-

206 1472 418 1520 nerem,
476 1458 675 1513 multas
705 1461 1074 1528 przeteribam.
1111 1461 1189 1515 Ac
1220 1461 1326 1516 nisi
1365 1461 1456 1514 ille
1489 1475 1654 1514 manu
1692 1473 1777 1512 me

203 1548 562 1614 prehensum,
617 1549 683 1604 ad
718 1549 923 1604 fontem
958 1553 1269 1615 statuisset,
1307 1561 1357 1605 et
1391 1552 1554 1620 pedes
1607 1551 1776 1605 animi

204 1639 308 1692 mei
339 1654 438 1708 pro
469 1639 611 1694 duce
645 1641 900 1706 rexisset,
936 1658 1209 1713 nusquam
1245 1652 1545 1698 scatentem
1577 1658 1772 1712 aqitam

203 1732 455 1786 invenire
489 1733 814 1804 potuissem.
871 1733 971 1788 Ubi
1005 1742 1188 1788 autent
1239 1736 1368 1788 mihi
1404 1734 1775 1804 scaturigines

206 1824 332 1876 illas
365 1824 788 1891 demonstravit,
845 1828 1206 1896 permisitque
1265 1834 1323 1880 ttt
1378 1828 1578 1896 sa‘pius
1636 1841 1774 1896 aqua

200 1928 334 1978 pura
378 1929 466 1967 me
501 1914 802 1980 abluerem,
848 1917 988 1972 forte
1018 1917 1317 1987 aliquando
1368 1916 1529 1970 etiam
1558 1915 1624 1971 de
1660 1917 1775 1970 luto

199 2005 265 2056 ad
301 2005 603 2074 marginem
639 2005 808 2063 fontis
853 2009 1072 2076 jacente
1108 2023 1270 2061 manu
1324 2008 1667 2070 hauriebam,
1721 2017 1776 2063 et

198 2097 322 2149 inde
357 2094 554 2150 faciem
607 2099 799 2152 lavans
839 2099 1307 2154 contaminabam.
1340 2099 1481 2166 Quin
1517 2107 1570 2154 et
1605 2115 1775 2169 saepe-

197 2203 434 2242 numero
484 2190 757 2260 palpando
811 2191 1000 2246 volens
1055 2193 1447 2264 scaturiginem
1507 2193 1774 2257 invenire,

197 2278 481 2332 trahebant
519 2295 625 2333 una
657 2281 962 2350 pulverem,
996 2289 1051 2335 et
1100 2298 1298 2352 aquam
1350 2284 1550 2338 iterum
1585 2285 1777 2337 turba-

196 2368 360 2431 bam;
394 2384 632 2439 cumque
659 2371 875 2440 penitus
899 2372 1038 2426 nihil
1073 2373 1333 2437 viderem,
1363 2384 1593 2445 turpans
1616 2390 1773 2430 cinno

197 2461 423 2525 faciem,
459 2478 597 2532 pura
639 2479 724 2519 tne
766 2465 983 2535 lympha
1030 2467 1290 2536 putabant
1328 2467 1495 2521 ablui.

266 2552 388 2618 Quo
419 2565 598 2608 autem
634 2566 791 2624 pacto
841 2559 1286 2613 commemorabo
1315 2575 1437 2628 qua:
1466 2577 1550 2616 me
1574 2560 1770 2616 deinde

196 2660 418 2697 rursum
479 2649 810 2710 necessitas,
856 2657 909 2703 et
961 2651 1042 2705 vis
1097 2651 1433 2718 occuparit?
1494 2653 1772 2721 quomodo

194 2746 454 2796 prmterca
492 2739 711 2807 quidam
769 2740 1082 2810 frequenter
1121 2750 1476 2808 testarentur,
1513 2753 1567 2798 et
1616 2760 1764 2814 quo-

194 2828 331 2882 tidie
381 2830 514 2883 mihi
549 2833 878 2887 cantilenam
916 2835 1074 2887 istam
1111 2835 1452 2898 occinerent,
1483 2838 1613 2905 quid
1647 2839 1768 2891 ina-

195 2934 316 2970 nem
370 2919 616 2975 laborem
652 2922 816 2976 stulte
866 2925 1136 2994 capessis,
1189 2934 1242 2980 et
1279 2925 1554 2981 illusorem
1607 2938 1772 2998 atque

194 3011 552 3075 impostorem
605 3011 751 3066 hunc
803 3018 1080 3083 sequeris,
1115 3024 1169 3068 et
1203 3025 1254 3070 te
1287 3025 1570 3084 aspectum
1605 3034 1770 3071 recu-

192 3109 507 3166 peraturum
544 3100 767 3165 frustra,
815 3113 868 3156 et
897 3104 1168 3157 inutiliter
1193 3105 1463 3158 confidis?
1489 3121 1594 3157 non
1625 3106 1770 3160 enim

1879 644 2039 690 antea
2075 637 2142 692 de
2179 652 2338 692 coeno
2386 650 2724 703 extraxeras,
2778 657 2993 695 rursum
3029 645 3343 709 occurristi,
3400 656 3455 701 et

1880 735 2008 781 tunc
2045 731 2282 796 primum
2334 732 2659 786 intaminato
2711 734 2892 787 vultus
2929 733 3003 786 tui
3042 733 3334 803 splendore
3365 735 3451 790 in-

1881 816 2068 872 firmos
2098 820 2293 873 oculos
2326 837 2478 876 nteos
2529 822 2873 885 illuntinasli,
2925 823 3184 894 quodque
3215 825 3443 878 videbar

1881 907 2081 963 habere
2112 909 2318 973 luttten,
2344 909 2394 963 id
2417 912 2591 979 ipsunt
2633 912 2866 981 perdidi,
2903 928 3009 981 quo
3049 923 3096 967 te
3122 928 3451 983 cognoscere

1880 1011 1986 1050 non
2017 1007 2322 1066 potueram.
2371 997 2434 1050 Et
2458 1001 2725 1066 quomodo
2747 999 3068 1070 potuissem,
3092 1001 3247 1070 cujus
3277 1015 3453 1069 neque

1881 1090 2044 1144 faciei
2081 1090 2348 1161 fulgorem
2391 1091 2577 1145 videre
2630 1107 2867 1158 possem,
2908 1107 3086 1159 neque
3121 1092 3448 1159 intelligere,

1881 1191 1973 1236 aut
2009 1185 2336 1252 perspicere,
2371 1195 2459 1238 aut
2483 1199 2818 1252 cognoscere
2849 1185 2974 1256 quis
3009 1185 3230 1239 tandem
3259 1185 3450 1240 esses?

1881 1272 1954 1326 Ex
1990 1289 2054 1328 eo
2088 1290 2171 1327 me
2204 1275 2451 1328 crebrius
2508 1274 2572 1328 ad
2606 1273 2806 1328 fontem
2843 1276 3196 1340 consistente,
3226 1275 3316 1344 qui
3354 1289 3450 1328 va-

1882 1377 1972 1416 cas
2005 1362 2153 1415 omni
2176 1365 2452 1433 superbia,
2490 1379 2597 1418 non
2627 1381 2688 1420 es
2741 1364 3066 1433 dedignatus
3091 1365 3446 1427 descendere,

1883 1451 1946 1504 ad
1984 1466 2069 1506 me
2105 1452 2386 1516 accedere,
2421 1455 2758 1520 prehendere
2795 1461 2961 1524 caput
2997 1469 3196 1518 nteum,
3230 1463 3283 1509 et
3316 1453 3446 1508 idin

1884 1542 2027 1610 ipsas
2091 1559 2263 1615 aquas
2327 1547 2678 1616 immergere,
2740 1545 3085 1616 efﬁcereque,
3145 1555 3204 1598 ut
3265 1547 3449 1598 lumen

1885 1635 2064 1690 vultus
2095 1637 2176 1690 tui
2203 1638 2391 1705 purius
2418 1638 2744 1706 aspicerem.
2773 1636 2894 1692 Mox
2922 1644 2975 1691 te
3005 1637 3301 1702 abstulisti,
3327 1651 3451 1690 cunt

1884 1742 1989 1779 non
2021 1726 2269 1782 dedisses
2304 1729 2545 1798 cogitare
2571 1729 2697 1798 quis
2728 1743 2901 1790 esses,
2935 1728 3028 1798 qui
3059 1727 3174 1781 ha'c
3207 1726 3449 1787 faceres;

1885 1831 1976 1870 aut
2011 1818 2152 1873 unde
2181 1821 2460 1883 venisses;
2500 1829 2594 1872 aut
2624 1835 2732 1888 quo
2757 1820 3007 1885 abiisses,
3037 1834 3170 1882 non,
3205 1819 3451 1886 inquam,

1879 1911 2048 1964 dabas
2086 1911 2189 1964 hoc
2231 1910 2388 1975 mibi,
2446 1925 2624 1980 neque
2660 1925 2782 1963 cum
2825 1911 2890 1963 ad
2945 1919 3162 1978 tempus
3212 1910 3453 1970 venires,

1878 2011 1931 2057 et
1979 2005 2158 2057 abires
2192 2003 2453 2072 paulatim
2518 2002 2700 2072 magis
2740 2017 2802 2057 ac
2839 2003 3010 2073 magis
3039 2001 3363 2071 apparebas,
3398 2009 3452 2052 et

1879 2095 2038 2164 aquis
2069 2109 2157 2148 me
2188 2095 2490 2158 irrorabas,
2529 2105 2583 2148 et
2616 2105 2673 2148 ut
2712 2106 2760 2148 te
2795 2096 3056 2163 liquidius
3088 2111 3211 2148 cum
3246 2094 3454 2162 majore

1877 2189 2086 2242 lumine
2119 2188 2386 2252 intuerer,
2439 2187 2779 2256 largieharis.
2837 2186 2973 2240 Dum
3026 2188 3128 2240 hoc
3163 2187 3253 2239 diu
3291 2185 3451 2246 facis,

1879 2278 1998 2332 visu
2031 2277 2274 2346 mysterii
2301 2277 2590 2346 cujusdam
2616 2277 2947 2331 venerabilis
2977 2292 3062 2330 me
3087 2277 3344 2344 dignatus
3370 2293 3448 2330 cs.

1878 2367 1954 2423 Te
1989 2369 2136 2423 enim
2171 2365 2518 2432 adveniente,
2585 2375 2662 2430 et,
2708 2376 2763 2420 ut
2795 2368 3076 2438 putabam,
3146 2367 3304 2436 aquis
3367 2380 3454 2419 tne

1875 2461 2155 2525 abluente,
2207 2470 2261 2513 et
2315 2462 2681 2528 immergente
2737 2462 2963 2527 saepius,
3018 2459 3287 2526 fulgorem
3341 2461 3452 2510 cir-

1875 2554 2224 2607 cumdantem
2285 2567 2389 2615 me,
2449 2561 2501 2604 et
2541 2551 2728 2606 radios
2787 2553 2972 2606 vultus
3028 2553 3105 2605 tui
3145 2553 3198 2606 in
3257 2551 3452 2607 mediis

1877 2646 2034 2714 aquis
2062 2644 2366 2713 conspicio.
2401 2643 2768 2712 obstupuique
2803 2643 3177 2707 vehementer,
3207 2658 3328 2696 cum
3357 2657 3443 2696 me

1875 2753 2014 2806 aqua
2049 2736 2269 2790 luciflua
2302 2736 2543 2790 viderem
2579 2735 2748 2802 ablui,
2783 2745 2836 2788 et
2893 2736 2982 2788 tibi
3015 2745 3188 2796 esset,
3219 2745 3273 2788 et
3309 2733 3436 2802 quis

1874 2837 2019 2881 esset
2054 2826 2218 2895 hujus
2258 2827 2333 2879 rei
2368 2827 2651 2894 prmbitor,
2682 2841 2788 2879 non
2823 2826 3220 2895 cognoscebam
3252 2842 3265 2878 :
3307 2840 3444 2893 gau-

1875 2916 2068 2970 debam
2104 2918 2281 2970 solum
2312 2930 2397 2968 me
2429 2916 2620 2981 lavari,
2656 2915 2760 2969 fide
2789 2915 2999 2983 augeri,
3024 2929 3122 2983 spe
3157 2914 3307 2967 velut
3339 2914 3443 2966 alis

1876 3007 2144 3072 subvehi;
2173 3019 2224 3061 et
2261 3007 2316 3061 in
2354 3007 2558 3061 εωιιιιιι
2588 3023 2764 3076 usque
2813 3007 3136 3061 ascendere.
3181 3005 3450 3059 Seductu-

1877 3114 1963 3154 res
1991 3107 2173 3152 autem
2206 3099 2353 3164 illos,
2380 3099 2544 3153 verba
2567 3098 2818 3161 fallacias,
2852 3108 2906 3152 et
2940 3097 3283 3151 mendacium
3316 3097 3447 3149 tttilti

191 3207 337 3244 nunc
399 3190 513 3245 fieri
572 3201 772 3261 potest.
815 3194 956 3260 Quid
995 3195 1161 3264 pedes
1224 3195 1296 3249 ita
1352 3195 1656 3262 offendens,
1717 3206 1842 3269 etc
1876 3191 2193 3258 suadentes,
2251 3205 2314 3244 ac.
2382 3196 2739 3260 suggerentes
2778 3189 3072 3260 plurimum
3131 3204 3355 3252 exosus,
3397 3197 3450 3242 et

186 3292 490 3339 eruentans
525 3288 813 3355 sequeris;
845 3302 944 3340 cur
968 3302 1075 3340 non
1102 3287 1284 3356 potius
1315 3288 1762 3345 misericordibus

189 3377 493 3436 auscultas.
534 3381 625 3447 qui
664 3380 971 3434 hortantur'
1012 3389 1084 3441 te,
1139 3389 1196 3433 ut
1237 3381 1407 3449 quieti
1456 3381 1762 3452 indulgeas,

187 3466 425 3535 ciboque
483 3477 535 3523 et
592 3471 816 3538 potione
875 3481 927 3526 et
984 3471 1192 3540 reliqua
1244 3488 1375 3525 cura
1414 3474 1632 3542 corpori
1671 3483 1764 3527 tuo

189 3563 447 3616 servias?
476 3563 593 3617 Non
619 3567 764 3618 enim
797 3574 952 3635 potes
987 3567 1054 3619 ab
1082 3568 1281 3621 anima:
1309 3568 1457 3635 lepra
1497 3569 1760 3633 liberari;

189 3668 286 3704 nec
321 3666 563 3720 unquam
615 3655 738 3708 istis
773 3657 1106 3722 temporibus
1147 3658 1403 3726 aspicies.
1446 3656 1599 3712 Unde
1636 3660 1766 3711 illu-

188 3755 282 3794 sor
311 3741 440 3803 iste,
478 3744 865 3798 miraculorum
900 3747 1119 3801 effector
1179 3749 1343 3802 modo
1377 3750 1608 3812 exstitit,
1641 3751 1760 3818 qui,

189 3848 308 3895 quae
359 3835 500 3900 apud
543 3850 733 3888 omnes
767 3836 1016 3891 homines
1069 3840 1245 3893 :rtatis
1282 3839 1445 3908 hujus
1490 3850 1616 3894 sunt
1663 3841 1763 3894 itit-

187 3924 494 3990 possibilia,
545 3927 642 3978 tibi
702 3928 1039 3996 pollicetur?
1089 3928 1180 3983 Vae
1235 3931 1356 3995 tibi,
1410 3933 1669 3999 quoniam
1711 3945 1764 3987 et

186 4015 426 4067 oblatam
467 4030 493 4067 a
529 4016 758 4079 Christi,
789 4029 838 4071 el
873 4018 1100 4072 fratrum
1146 4022 1477 4086 amantibus,
1509 4035 1558 4074 et
1584 4024 1761 4077 aliena

186 4105 357 4164 mala,
399 4115 660 4173 tanquam
700 4109 944 4176 prepria,
998 4111 1371 4165 sentientibus
1410 4113 1760 4165 curationem

186 4194 432 4256 amittes,
464 4202 517 4248 et
545 4195 894 4250 incommoda
932 4198 1370 4268 amictioncsque
1405 4216 1546 4268 quas
1596 4201 1766 4255 susti-

187 4297 306 4345 nes,
340 4299 480 4336 vana
519 4301 616 4353 spe
665 4287 998 4348 sustinebis;
1039 4296 1093 4340 ct
1128 4290 1398 4355 promissa
1451 4290 1548 4340 tibi
1599 4304 1627 4340 a
1663 4289 1757 4342 dc-

185 4383 410 4442 ceptore
451 4376 543 4428 illo
596 4393 659 4429 ac
694 4379 1029 4447 sycophanta
1082 4394 1181 4447 pro
1244 4388 1397 4433 certo
1447 4380 1589 4433 baud
1624 4397 1761 4434 cett-

185 4466 460 4532 sequeris.
512 4465 696 4529 Quid?
735 4483 844 4521 non
881 4469 1260 4536 ratiocinaris,
1303 4487 1478 4538 neque
1531 4471 1672 4539 apud
1710 4482 1761 4525 te

1873 3289 2124 3336 errantes
2151 3281 2441 3346 miserans,
2489 3296 2677 3336 eorum
2735 3294 3114 3349 congressum,
3155 3287 3452 3333 consuetu-

1875 3375 2080 3438 dinem,
2118 3381 2591 3443 conspeetumque
2645 3382 2701 3426 ut
2749 3373 2975 3426 noxium
3021 3372 3256 3425 devitavi
3297 3373 3451 3441 peni-

1876 3473 2002 3517 tus:
2045 3465 2495 3518 contubernalem
2531 3474 2736 3523 autent,
2781 3470 2834 3516 et
2887 3462 3194 3532 adjutorem
3241 3478 3446 3526 meum,

1875 3564 2128 3609 Sanctum
2165 3555 2497 3625 discipulum
2533 3564 2687 3609 tuum
2719 3556 2865 3618 dico,
2906 3563 2959 3608 et
3008 3556 3338 3624 apostolum,
3392 3563 3450 3608 ut

1876 3648 2110 3716 teipsum
2171 3649 2413 3700 fictorem
2466 3662 2646 3701 meum
2697 3647 3034 3709 venerabar,
3085 3647 3444 3707 honorabant,

1873 3737 2164 3807 diligebam
2221 3747 2336 3792 toto
2393 3747 2646 3808 pectore:
2692 3737 2943 3806 jaeebant
2992 3739 3057 3790 ad
3109 3737 3275 3806 pedes
3327 3739 3448 3803 ejus

1871 3837 2060 3884 noctes
2106 3838 2159 3884 et
2199 3829 2340 3894 dies,
2382 3845 2569 3896 orans,
2629 3839 2687 3882 ut
2720 3828 2764 3883 si
2800 3830 2928 3899 quid
2963 3839 3168 3897 posset,
3225 3830 3450 3897 adjuva-

1874 3929 1954 3974 ret
1989 3935 2072 3975 me
2101 3939 2113 3986 ;
2151 3929 2301 3976 certo
2326 3921 2459 3974 mihi
2495 3922 2858 3990 persuadens,
2891 3937 3238 3990 quaecunque
3261 3924 3445 3984 vellet,

1873 4012 1971 4066 abs
2025 4020 2077 4064 te
2137 4013 2512 4066 obtenturum.
2572 4012 2662 4066 Sic
2711 4013 2902 4081 perdiu
2949 4014 3120 4081 gratia
3180 4023 3268 4065 tua
3323 4028 3444 4064 cunt

1872 4117 2306 4172 perseverarent,
2339 4104 2534 4157 iterum
2563 4104 2710 4156 aliud
2747 4103 2995 4156 mirabile
3019 4119 3280 4156 arcanunt
3313 4105 3443 4157 vidi.

1869 4194 2284 4262 Apprcltensum
2326 4196 2526 4263 quippe
2572 4209 2659 4249 me
2693 4208 2799 4248 una
2832 4204 3009 4248 tecum
3044 4194 3096 4247 itt
3128 4195 3326 4248 coelum
3355 4212 3445 4248 as-

1871 4286 2112 4338 cendens
2145 4286 2350 4340 duxisti
2381 4287 2495 4341 sive
2526 4287 2580 4340 itt
2611 4301 2862 4357 corpore,
2893 4286 3008 4341 sive
3038 4296 3189 4342 extra
3223 4303 3443 4356 corpus.

1871 4379 2077 4440 nescio,
2137 4388 2190 4430 tu
2241 4378 2390 4431 solus
2440 4378 2606 4443 nosti,
2661 4379 2752 4448 qui
2810 4379 2860 4431 id
2898 4377 3098 4434 fecisti.
3162 4380 3298 4431 Cum
3335 4380 3444 4432 illic

1872 4467 2061 4520 horam
2122 4475 2302 4520 tecum
2351 4470 2680 4536 exegissem,
2722 4478 2775 4523 et
2825 4483 3005 4523 essein
3060 4471 3246 4538 gloriae
3279 4473 3441 4537 (qum,

183 4556 399 4622 cogitas
431 4553 710 4623 quomodo
769 4558 894 4610 sine
928 4558 1088 4611 nobis
1127 4559 1262 4611 nihil
1319 4560 1543 4627 possis?
1579 4559 1763 4626 Quid?
1797 4560 1838 4613 D
1869 4569 1961 4612 aut
1990 4559 2148 4625 cujus
2181 4559 2344 4613 fuerit
2378 4561 2586 4629 nescio)
2627 4562 3027 4631 magnitudine,
3061 4571 3115 4615 et
3157 4565 3444 4632 majestate

185 4661 370 4698 annon
395 4657 448 4699 et
477 4660 576 4699 nos
612 4662 803 4701 omnes
834 4650 1114 4702 cernimus
1133 4650 1155 4701 ?
1177 4666 1268 4712 an,
1296 4651 1763 4719 quemadmodum

185 4742 450 4797 seductus
505 4739 592 4791 ille
648 4740 878 4808 ipsmnet
913 4741 1007 4794 tibi
1067 4742 1305 4803 dictitat,
1345 4745 1474 4796 czeci
1528 4746 1766 4798 sumus?

183 4831 478 4884 Cernimus
508 4832 756 4901 profecto
785 4849 1004 4898 omnes,
1045 4844 1097 4887 et
1136 4850 1202 4888 ne
1256 4834 1460 4888 frustra
1514 4838 1615 4898 sis,
1650 4852 1760 4891 non

184 4923 395 4975 esthoc
423 4929 608 4976 nostra
631 4923 851 4976 videndi
883 4922 1117 4977 facultas
1147 4925 1346 4977 ntinor.
1381 4925 1582 4978 Verum
1611 4926 1758 4977 enim

186 5029 319 5067 vero
359 5015 432 5067 ab
492 5015 575 5067 his
631 5015 886 5069 omnibus
929 5016 1065 5068 citra
1112 5020 1546 5070 controversiant
1599 5017 1754 5071 sedu-

183 5104 472 5166 ctor-ibus,
552 5115 603 5159 et
665 5105 1218 5176 impostoribus,qui
1275 5109 1399 5159 (lulo
1455 5108 1762 5176 proximum

183 5198 586 5250 circumvenire
619 5202 786 5263 atque
822 5197 1143 5252 subvettere
1187 5205 1480 5257 conantur,
1509 5205 1562 5249 tu
1600 5198 1765 5252 misce

185 5289 361 5339 ricors
398 5294 452 5338 et
481 5285 713 5355 benigne
751 5287 924 5341 libera
975 5303 1082 5352 me,
1140 5304 1235 5358 per
1269 5303 1388 5342 eam
1431 5303 1595 5356 quam
1629 5289 1762 5340 mihi

185 5375 347 5430 fidem
377 5381 431 5428 et
462 5390 612 5442 spem
647 5376 875 5444 largitus
933 5391 993 5430 es
1020 5395 1034 5440 ;
1077 5393 1171 5443 per
1201 5392 1366 5446 quam
1405 5385 1457 5428 et
1483 5392 1602 5442 qua:
1625 5376 1763 5439 dixi,

183 5475 239 5519 et
274 5466 381 5520 alia
416 5465 571 5534 plura
603 5475 661 5518 ut
697 5467 1023 5534 perferrem,
1065 5483 1150 5519 me
1183 5468 1582 5520 corroborasti.

254 5557 529 5609 (la-lerunt
587 5572 711 5612 cum
781 5557 835 5609 itt
888 5559 1146 5612 omnibus
1208 5559 1292 5612 his
1353 5558 1764 5626 perdurassem,

192 5663 294 5704 nec
326 5649 679 5710 deiecissem,
709 5659 758 5702 el
812 5655 892 5703 sic
921 5651 1194 5718 palpando
1229 5651 1450 5704 turbida
1501 5666 1642 5719 aqua
1680 5667 1764 5704 me

189 5740 497 5804 abluerent,
517 5748 569 5794 et
597 5741 809 5795 eluerer
825 5741 1092 5812 quotidie,
1129 5743 1388 5812 Opinione
1423 5759 1537 5797 mea
1568 5757 1666 5812 pro
1697 5757 1761 5796 eo

192 5847 254 5886 ac
289 5833 572 5894 apostolus
599 5831 1014 5903 discipulosque
1049 5843 1174 5888 tuus
1202 5835 1434 5891 docebat
1469 5834 1760 5903 aliquando

1868 4653 2177 4718 perculsus,
2223 4662 2275 4703 et
2299 4652 2575 4705 immensa
2623 4651 2914 4706 altitudine
2948 4654 3242 4711 attonitus.
3296 4663 3443 4708 tctus

1868 4741 2151 4794 cohorrui.
2221 4741 2462 4794 Rursum
2503 4756 2588 4794 tne
2621 4743 2801 4795 solunt
2859 4743 2950 4794 ubi
3013 4743 3163 4811 prius
3229 4745 3440 4797 stabam

1866 4829 2147 4893 dimisisti,
2181 4839 2231 4882 et
2262 4830 2519 4884 inventus
2563 4845 2679 4883 sum
2716 4847 2839 4884 cum
2879 4842 3102 4900 stupore
3139 4833 3442 4886 lamentans

1868 4920 2241 4974 infelicitatem
2278 4938 2471 4976 meam.
2509 4923 2626 4975 Non
2662 4926 2833 4977 multo
2883 4935 3024 4992 post,
3077 4939 3202 4978 cum
3253 4941 3433 4979 essem

1867 5011 2028 5073 infra,
2091 5027 2253 5081 supra
2291 5014 2343 5065 ιιι
2381 5015 2537 5068 oculis
2578 5016 2808 5084 apertis.
2861 5017 3050 5068 facient
3083 5026 3228 5068 luant
3263 5026 3319 5069 ut
3353 5032 3441 5068 so-

1866 5103 1968 5155 lem
2002 5103 2292 5158 iuforutem
2323 5107 2579 5173 dignatus
2613 5123 2671 5160 es
2704 5109 2834 5160 tttilti
2876 5109 3190 5170 ostendere,
3225 5117 3277 5161 et
3305 5109 3432 5176 quis

1865 5209 2036 5257 esses,
2077 5209 2146 5248 ne
2179 5197 2258 5249 sic
2290 5197 2507 5264 quidem
2535 5198 2750 5251 voluisti
2791 5212 2875 5252 me
2914 5212 3267 5267 cognoscere.
3299 5199 3438 5263 Quid

1865 5285 2212 5338 en‘to?cum
2269 5301 2377 5340 non
2428 5288 2784 5356 alloquereris
2831 5304 2934 5348 me.
2989 5287 3081 5341 sed
3117 5290 3261 5343 illico
3313 5293 3440 5343 a!.s-

1864 5373 2200 5428 conde-reris.
2263 5376 2371 5444 Ego
2437 5391 2565 5430 vero
2643 5379 3000 5430 circumibant
3059 5394 3310 5446 quterens
3365 5388 3436 5442 le,

1866 5480 2025 5532 quem
2077 5480 2182 5519 tton
2221 5469 2640 5535 cognoscebant,
2677 5478 2729 5520 et
2780 5469 2963 5522 videre
3000 5470 3225 5522 formam
3265 5481 3436 5533 luant,

1867 5569 1917 5610 et
1953 5559 2231 5612 miscendo
2264 5576 2490 5613 nesci-re.
2515 5563 2640 5630 quis
2662 5577 2832 5623 esses,
2865 5562 3265 5616 desiderabam.
3292 5564 3438 5628 Quo-

1868 5651 2013 5702 circa
2046 5665 2154 5718 pr1e
2197 5652 2504 5706 incredibili
2551 5654 2744 5706 ardore
2771 5653 3056 5706 cltaritatis
3089 5671 3213 5722 erga
3255 5664 3306 5706 te
3343 5654 3438 5707 fle--

1869 5740 1989 5793 bant
2047 5743 2423 5808 continenter,
2463 5746 2608 5812 quod
2665 5747 2938 5800 nescirem
2977 5757 3025 5798 te
3070 5745 3195 5814 quis
3249 5761 3396 5799 esses
3426 5788 3438 5806 ,

1869 5836 1962 5901 qni
2002 5846 2083 5886 me
2111 5847 2177 5888 ev
2221 5833 2390 5889 nihilo
2440 5847 2493 5890 ut
2527 5851 2705 5892 essem
2758 5837 3085 5906 produxisti,
3123 5848 3172 5890 et
3209 5851 3237 5892 e
3278 5847 3437 5892 «ωηο
