4182 6456
715 375 823 442 599

1932 361 2226 419 ΞΥΧΗΞΟΗ
2245 359 2309 416 lS
2338 363 2695 425 JUNIOIU‘S

3842 377 3948 441 600

713 486 975 547 eduxisti,
1006 490 1059 539 et
1096 496 1216 553 quae
1248 479 1393 535 dicta
1441 482 1570 531 sunt
1603 472 1786 527 omnia
1818 473 1949 526 mihi
1982 471 2159 525 lacus
2186 488 2271 523 εει
2308 482 2351 530 Α
2384 490 2507 532 Inus
2540 492 2623 534 me
2666 482 2977 548 defecisset,
3015 488 3267 557 viresque
3293 487 3701 551 destituissent,
3754 500 3809 543 ει
3862 505 3949 545 re-

719 582 1007 648 i'ostquam
1038 575 1204 645 igitur
1230 574 1371 626 hunc
1406 571 1458 622 in
1491 570 1709 622 modum
1729 580 1869 635 saepe
1895 564 2023 617 mihi
2059 576 2277 617 rursum

717 669 887 727 visus,
942 673 996 717 et
1029 675 1172 729 stepe
1217 673 1437 712 rursum
1490 672 1575 711 me
1629 656 1923 719 allocutus,
1982 653 2276 714 evanuisti,

719 770 819 811 nec
849 756 999 809 visus
1031 768 1091 806 es
1124 766 1151 803 a
1186 765 1272 805 me
1321 748 1563 819 penitus,
1597 746 1859 816 fulgorem
1915 759 1978 799 ac
2028 742 2281 812 splendo-

720 864 831 905 rem
855 847 1046 901 .vultus
1084 846 1158 897 tui
1194 857 1412 896 rursum
1450 841 1502 893 in
1539 838 1719 907 aquis,
1750 847 1808 889 ut
1846 836 1996 905 prius
2048 833 2280 886 circum-

716 941 1036 994 Iundentem
1089 952 1176 989 me
1221 935 1433 994 videns,
1488 941 1541 985 et
1590 946 1713 985 eum
1773 940 1996 994 prorsus
2054 936 2281 977 cernere

721 1047 826 1084 non
864 1032 1074 1089 valens,
1120 1025 1444 1080 recordatus
1472 1038 1613 1085 sum,
1670 1022 1757 1075 ubi
1792 1016 2088 1087 aliquando
2120 1027 2173 1069 te
2223 1015 2277 1068 in

715 1126 970 1190 supernis
1001 1121 1254 1177 viderim.
1292 1117 1359 1171 Et
1392 1117 1559 1171 alium
1611 1128 1732 1166 esse
1782 1112 2108 1179 insipienter
2159 1123 2280 1162 sus-

721 1215 952 1281 picatus,
984 1212 1163 1264 denuo
1212 1224 1336 1263 cum
1373 1206 1627 1276 lacrymis
1659 1205 1844 1259 videre
1874 1214 1925 1258 te
1958 1203 2205 1272 quzesivi.

790 1287 1142 1372 (tum‘itaque
1165 1302 1398 1355 multum
1435 1315 1519 1353 me
1544 1298 1845 1352 cruciarem
1874 1306 1925 1350 et
1960 1295 2274 1366 amigerem.

715 1409 763 1449 et
807 1397 908 1450 mei
944 1397 1134 1456 totius,
1171 1409 1233 1447 ac
1270 1394 1438 1445 totius
1467 1391 1677 1453 mundi,
1731 1400 1781 1444 et
1810 1403 1999 1443 eorum
2053 1402 2172 1457 quae
2224 1386 2277 1438 in

715 1478 931 1542 mundo
951 1494 1101 1550 sunt,
1127 1485 1348 1547 oblitus,
1378 1498 1554 1552 neque
1580 1482 1824 1535 utnbram
1852 1480 2069 1546 saltern,
2097 1493 2279 1547 neque

715 1581 863 1635 aliud
884 1579 1200 1650 quidquam,
1221 1578 1494 1633 autetiam
1514 1576 1735 1630 omnino
1751 1583 1965 1628 exstare
1981 1572 2277 1640 quidquam

714 1687 915 1738 earnm
938 1686 1057 1741 quae
1092 1670 1367 1732 videntur,
1398 1670 1721 1738 cogitarem,
1768 1677 1821 1720 tu
1858 1665 2116 1719 omnibus
2156 1664 2277 1715 ina-

2384 576 2625 630 tulissem
2657 587 2872 644 contra,
2905 589 2959 632 et
2989 583 3113 649 quis
3162 595 3264 646 ego
3306 582 3471 635 miser
3512 597 3657 646 sum,
3692 581 3947 643 Domine.

2383 678 2476 721 aut
2510 668 2640 737 quid
2684 668 2785 724 feci
2827 684 2927 741 ego
2964 671 3280 737 homuncio,
3334 682 3395 726 ut
3440 689 3524 727 me
3561 673 3947 741 hujuscemodi

2383 760 2540 815 bonis
2570 760 2880 830 dignarere,
2919 771 2973 815 et
3008 771 3172 817 tanta:
3202 763 3387 832 gloriae
3414 765 3648 825 socium,
3684 778 3747 817 ac
3780 764 3953 816 haere-

2383 850 2504 904 dem
2560 851 2928 917 instituens?
2972 863 3336 923 putaremqne
3389 854 3533 907 hanc
3580 854 3835 924 gloriam,
3896 862 3953 907 ct

2383 943 2485 994 hoc
2516 942 2772 1012 gaudium
2804 953 3038 998 mentem
3076 961 3251 999 meam
3284 945 3571 1009 excedere,
3596 957 3674 1007 tu,
3697 944 3952 1005 Domine,

2384 1050 2622 1099 rursum,
2655 1044 2712 1088 ιιι
2741 1035 2956 1090 amicus
2988 1051 3110 1090 cum
3149 1037 3325 1092 amico
3356 1038 3658 1102 disserens,
3696 1052 3790 1106 per
3824 1037 3951 1103 Spi-

2384 1129 2553 1181 ritum
2590 1135 2744 1181 tuum
2775 1128 2825 1181 iu
2855 1144 2945 1184 me
2976 1129 3289 1198 loquentem
3323 1130 3678 1198 respondisti,
3724 1130 3840 1181 Inec
3881 1127 3955 1176 oh

2383 1220 2556 1273 solum
2596 1235 2826 1289 scopum
2856 1231 2909 1274 et
2944 1222 3278 1283 institutum,
3311 1232 3363 1275 et
3388 1221 3543 1275 ﬁdem
3570 1228 3717 1271 tuam
3749 1218 3953 1269 donati
3982 1236 3985 1237 ν

2384 1312 2505 1376 tibi,
2534 1322 2585 1366 et
2616 1313 2792 1367 adhuc
2825 1313 3065 1368 donabo.
3099 1314 3241 1380 Quid
3277 1314 3423 1366 enim
3448 1311 3594 1366 aliud
3626 1322 3718 1365 aut
3755 1311 3952 1372 habes.

2383 1413 2478 1458 aut
2504 1406 2737 1460 habuisti
2763 1407 3054 1476 aliquando
3088 1417 3237 1460 tuum
3276 1407 3477 1477 (nudus
3509 1420 3537 1459 a
3573 1420 3657 1459 me
3686 1418 3950 1470 procrea-

2386 1495 2610 1564 tus),nt
2668 1496 2796 1549 illud
2831 1496 3117 1565 accipiam,
3155 1502 3208 1549 et
3280 1495 3394 1549 haec
3456 1493 3552 1547 tibi
3610 1490 3958 1563 rependam?

2382 1586 2460 1639 Ac
2491 1586 2593 1641 nisi
2631 1586 2863 1642 vinculis
2898 1589 3146 1654 corporis
3179 1584 3344 1653 hujus
3380 1585 3619 1647 solvare,
3650 1581 3796 1652 quod
3828 1597 3955 1647 per-

2387 1677 2582 1731 fectum
2633 1685 2715 1731 est
2751 1692 2859 1731 non
2910 1678 3144 1740 videbis,
3201 1692 3376 1748 neque
3409 1691 3472 1730 eo
3525 1683 3638 1729 toto
3690 1674 3956 1743 praeclare

714 1766 1048 1836 spectabilis,
1110 1764 1375 1817 intactilis
1424 1772 1479 1817 et
1562 1757 2140 1828 incomprehensibilis
2191 1770 2356 1860 ap-B
2387 1762 2589 1829 perfrui
2624 1765 2851 1831 poteris.
2904 1765 3039 1818 Cum
3093 1766 3447 1831 subjicerem,
3485 1763 3613 1834 quid
3672 1776 3803 1816 vero
3852 1761 3959 1815 hoc

720 1859 973 1924 paruisti,
1003 1866 1057 1911 et
1089 1857 1241 1911 visus
1278 1873 1337 1911 es
1373 1855 1507 1909 mihi
1546 1862 1780 1907 mentem
1807 1866 1981 1905 meam
2020 1863 2279 1918 purgare,

714 1960 767 2004 et
792 1963 989 2018 augere
1029 1949 1134 2001 vim
1170 1947 1425 2001 cernendi
1454 1947 1649 1999 animm
1671 1958 1821 2009 meae,
1851 1943 2191 2012 ampliusque
2220 1955 2283 1993 ac

718 2042 930 2108 pienius
977 2038 1331 2109 spectandam
1368 2040 1611 2108 prmbere
1662 2037 1885 2105 gloriam
1938 2044 2107 2099 tuam,
2155 2035 2280 2103 quia

714 2133 1003 2187 crescebas
1040 2132 1236 2201 magis,
1273 2139 1328 2185 et
1352 2130 1643 2198 splendens
1676 2129 1911 2197 amplius
1941 2126 2280 2181 dilatabaris.

719 2226 894 2278 Etiam
929 2240 989 2277 ex
1027 2238 1247 2278 recessu
1285 2224 1636 2277 tenebrarmn
1674 2231 1725 2275 te
1763 2220 1969 2283 venire,
2003 2229 2055 2274 et
2083 2233 2280 2288 appro-

716 2318 987 2384 pinquare
1018 2314 1425 2379 animadverti;
1480 2311 1533 2367 id
1562 2312 1709 2381 quod
1743 2311 1905 2366 nobis
1954 2326 2062 2366 non
2114 2308 2282 2363 semel

719 2413 771 2461 in
831 2408 1188 2463 sensibilibns
1260 2408 1540 2463 usuvenit.
1594 2406 1744 2460 Luna
1793 2404 2065 2474 siquidem
2114 2416 2282 2471 appa-

714 2510 886 2565 rente,
926 2512 982 2556 et
1012 2502 1246 2554 nubibus
1282 2498 1884 2559 velutambulantihus,
1936 2496 2150 2550 videtur
2191 2494 2281 2547 illa

714 2608 937 2647 currere
990 2592 1299 2657 celerrime,
1347 2606 1469 2645 cum
1525 2589 1658 2643 nihil
1692 2590 1756 2642 ad
1788 2602 2010 2642 cursum
2043 2600 2280 2641 consue-

715 2696 827 2737 tum
863 2685 1062 2747 addat;
1117 2690 1210 2736 aut
1261 2681 1573 2735 institutum
1611 2680 1679 2732 ab
1730 2680 1888 2731 initio
1925 2678 2029 2731 iter
2065 2684 2264 2731 mutet.

717 2776 981 2830 Similiter
1021 2784 1076 2828 tu
1134 2773 1408 2828 videbaris
1450 2773 1657 2833 venire,
1691 2772 1786 2840 qui
1848 2787 1909 2825 es
1952 2769 2278 2832 immobilis,

716 2878 766 2920 et
800 2866 892 2934 qui
927 2881 986 2920 es
1021 2864 1385 2918 immutabilis
1423 2874 1745 2931 augescere,
1803 2876 1867 2915 ac
1915 2861 2090 2928 major
2140 2859 2278 2923 ﬁeri,

713 2968 767 3012 et
806 2956 1028 3012 formam
1054 2970 1268 3025 capere,
1303 2954 1393 3024 qui
1420 2969 1589 3023 capax
1611 2952 1798 3008 formae
1829 2967 1931 3006 non
1967 2966 2048 3005 es.
2080 2952 2279 3018 Quen»

716 3049 1008 3104 admodum
1083 3048 1230 3103 enim
1300 3049 1353 3100 in
1405 3059 1549 3100 caaco
1602 3046 1858 3114 paulatim
1910 3043 2094 3100 videre
2146 3044 2284 3098 inci—

2390 1855 2595 1923 majus.
2661 1864 2755 1911 aut
2806 1856 3194 1925 splendidius?
3252 1856 3382 1910 mihi
3422 1857 3643 1910 interim
3702 1855 3784 1909 sic
3830 1867 3956 1907 esse

2386 1947 2552 2001 etiam
2583 1957 2705 2016 post
2750 1958 2980 2001 mortem
3010 1947 3230 2014 suﬁlcit,
3266 1955 3324 2002 ιιι
3361 1947 3605 2018 excipis;
3655 1962 3821 2015 quam
3849 1961 3953 2012 pu-

2388 2040 2511 2095 sillo
2539 2051 2592 2096 et
2617 2048 2850 2111 angusto
2882 2056 2939 2095 es
2972 2043 3181 2103 animo,
3224 2041 3316 2110 qui
3351 2040 3473 2094 istis
3501 2047 3797 2093 contentus
3831 2038 3911 2092 sis
3935 2036 3960 2088 ?

2388 2133 2514 2187 llaec
2552 2149 2675 2187 cum
2732 2132 2937 2187 futuris
2988 2133 3211 2195 collata,
3265 2130 3463 2186 similia
3517 2138 3649 2184 sunt
3700 2128 3845 2182 coelo
3903 2128 3957 2179 in

2385 2226 2601 2287 charta,
2650 2239 2816 2293 quam
2869 2224 2995 2293 quis
3053 2238 3218 2276 manu
3252 2230 3455 2286 teneat,
3488 2220 3727 2288 depicto,
3785 2227 3841 2272 et
3892 2216 3957 2270 ad

2386 2316 2745 2387 spectandum
2780 2314 3086 2386 proposito.
3144 2312 3422 2378 Quantum
3475 2311 3621 2365 enim
3674 2311 3779 2363 hoc
3828 2324 3959 2362 vero

2386 2411 2526 2465 ccelo
2559 2410 2784 2465 inferius
2819 2418 2922 2474 est,
2975 2417 3130 2463 tanto
3183 2406 3380 2476 major,
3414 2414 3466 2461 et
3496 2405 3617 2460 sine
3666 2417 3958 2471 compara.

2386 2505 2531 2559 tione
2563 2505 2737 2572 major
2788 2504 2891 2556 hac
2924 2514 3268 2571 quamnunc
3316 2498 3489 2564 vides,
3550 2496 3733 2550 futura
3784 2493 3955 2564 gloria

2387 2594 2744 2652 revelabitur.

2459 2687 2581 2741 [hec
2614 2687 2833 2740 locutus
2881 2684 3222 2747 conticuisti,
3276 2690 3330 2737 et
3391 2682 3597 2736 sensim
3642 2683 3844 2743 bonus,
3896 2691 3959 2730 ac

2383 2782 2566 2836 dulcis
2598 2780 2863 2835 Dominus
2890 2780 2960 2832 ah
2989 2786 3215 2847 aspectu
3242 2789 3364 2830 meo
3394 2775 3611 2828 ablatus
3636 2789 3718 2828 es.
3759 2770 3957 2825 Utrum

2386 2874 2516 2943 quia
2544 2888 2643 2940 ego
2672 2872 2982 2926 recederem
3022 2884 3051 2923 a
3087 2879 3160 2932 te,
3198 2884 3265 2922 an
3302 2868 3428 2938 quia
3469 2876 3524 2919 tu
3568 2864 3902 2920 abscederes
3926 2876 3953 2913 a

2387 2981 2495 3030 me,
2532 2964 2663 3017 mihi
2714 2979 2819 3016 non
2870 2962 3063 3031 liquet.
3098 2960 3253 3015 Tunc
3300 2973 3494 3013 rursus
3560 2961 3611 3011 in
3664 2971 3753 3010 me
3801 2955 3963 3025 plane

2390 3056 2495 3119 fui,
2537 3052 2795 3110 alicunde
2836 3068 2920 3107 me
2958 3052 3177 3106 venisse
3218 3057 3400 3111 ratus;
3439 3055 3492 3101 et
3515 3046 3804 3114 ingressus
3837 3056 3954 3096 smn

719 3144 918 3208 piente,
954 3151 1006 3195 et
1039 3151 1248 3197 notam.
1276 3154 1371 3193 seu
1407 3138 1670 3192 indicimn
1707 3137 2006 3207 ﬁguramve
2042 3135 2281 3191 hominis
2310 3146 2353 3203 c
2387 3150 2540 3220 prius
2568 3147 3003 3208 tabernaculum,
3041 3144 3280 3212 indeque
3306 3142 3360 3195 in
3388 3138 3712 3194 memoriam
3740 3135 3959 3190 rediens

720 3228 1213 3291 animadvertente,
1265 3236 1318 3281 et
1353 3226 1479 3296 quis
1527 3226 1619 3289 sit,
1654 3226 1861 3280 sensim
1893 3234 2280 3295 cognoscente,

720 3337 827 3374 non
860 3331 1011 3381 nota,
1046 3334 1145 3373 seu
1186 3318 1354 3387 ﬁgura
1385 3326 1606 3387 propter
1637 3316 1905 3370 visionem
1938 3316 2281 3379 immntatur,

718 3425 809 3466 aut
840 3410 1300 3473 transformatur;
1348 3410 1443 3464 sed
1482 3410 1564 3465 vis
1604 3409 1822 3463 videndi
1854 3424 1976 3478 qua:
2021 3409 2075 3461 in
2109 3409 2284 3463 oculis

715 3504 838 3572 ejus
878 3510 959 3557 est
995 3509 1252 3573 purgata,
1304 3500 1531 3573 ﬁguram
1588 3510 1641 3555 et
1698 3500 1930 3554 formam
1977 3501 2157 3582 qualis
2202 3511 2287 3556 est

716 3596 971 3665 percipit,
1010 3602 1118 3648 tota
1164 3594 1287 3662 ejus
1314 3593 1675 3647 similitudine
1711 3593 1857 3647 velut
1889 3594 2156 3663 impressa
2211 3594 2287 3646 la-

719 3688 908 3741 .znltati
957 3686 1199 3751 videndi,
1228 3694 1284 3740 et
1322 3685 1468 3739 illam
1505 3694 1847 3755 penetrante,
1894 3695 2055 3755 atque
2085 3687 2138 3739 in
2165 3699 2286 3738 eam

719 3781 988 3844 abstersa,
1023 3787 1077 3832 et
1112 3778 1269 3848 quasi
1314 3780 1367 3832 in
1403 3776 1643 3831 tabulam
1681 3778 1953 3848 insculpta
1990 3779 2043 3830 in
2081 3778 2285 3842 anima,

719 3888 823 3941 qua
859 3879 1011 3942 parte
1037 3869 1316 3940 intelligit,
1356 3879 1410 3925 ct
1442 3870 1727 3925 meminit:
1763 3870 1842 3923 sic
1874 3868 2040 3924 etiam
2079 3877 2135 3924 tu
2174 3871 2289 3938 ipse

720 3966 928 4021 lumine
960 3963 1134 4019 sancti
1162 3961 1404 4033 Spiritus
1434 3962 1722 4031 perspicue
1771 3961 1925 4018 visus
1952 3976 2031 4027 es,
2069 3974 2123 4016 et
2156 3977 2287 4033 pur-

720 4061 857 4129 gasti
882 4068 1118 4116 mentem
1150 4074 1327 4115 meam
1360 4060 1607 4127 integre:
1649 4071 1757 4128 qua
1788 4057 1991 4114 clarius
2015 4067 2072 4114 et
2100 4058 2289 4128 purius

720 4152 961 4216 vidente,
1004 4158 1061 4205 tu
1111 4148 1245 4206 mihi
1279 4149 1535 4205 alicunde
1581 4148 1787 4220 egredi,
1820 4157 1876 4203 et
1917 4148 2152 4204 lucidior
2186 4164 2287 4219 ap-

725 4260 922 4315 parere
950 4243 1106 4298 visus
1140 4258 1221 4306 es,
1252 4250 1307 4295 et
1334 4243 1705 4297 characterem
1739 4242 1926 4296 forma:
1971 4243 2090 4297 sine
2113 4240 2288 4296 forma

721 4350 776 4393 ut
814 4339 1055 4391 viderem
1116 4336 1442 4392 concessisti
1504 4336 1659 4401 mihi,
1725 4346 1779 4391 et
1842 4346 1955 4390 tum
1993 4352 2076 4390 me
2132 4346 2286 4390 extra

719 4432 984 4486 mundum
1041 4429 1340 4492 abduxisti,
1384 4440 1436 4482 et
1492 4429 1636 4496 quod
1705 4429 1814 4482 dici
1872 4431 1953 4484 fas
2007 4429 2285 4493 existimo,

717 4525 881 4578 etiam
922 4532 1073 4575 extra
1096 4536 1328 4589 corpus;
1370 4537 1492 4574 nam
1525 4532 1579 4574 ut
1607 4522 1751 4575 istud
1784 4530 2037 4575 accurate
2066 4522 2286 4583 scirem,

722 4633 831 4670 non
861 4615 1085 4670 dedisti.
1142 4612 1317 4682 Supra
1356 4614 1577 4666 modum
1625 4613 1793 4683 igitur
1826 4614 2150 4667 iilnminasti
2184 4629 2291 4677 me,

720 4719 798 4775 et,
837 4718 895 4763 ut
928 4706 1237 4771 videbatur,
1290 4708 1446 4773 plane
1478 4706 1703 4775 pulchre
1737 4707 1938 4760 videnti
1978 4706 2109 4760 mihi
2143 4708 2293 4761 visus

719 4818 800 4858 es.
835 4802 901 4856 Et
938 4816 1063 4854 cum
1115 4808 1168 4854 te
1198 4800 1619 4868 interrogarem,
1656 4800 1905 4861 Domine,
1944 4800 2070 4867 quis
2116 4814 2291 4863 esses,

724 4908 857 4950 tunc
891 4895 1124 4961 primum
1168 4906 1255 4945 me
1307 4891 1576 4959 perditum
1612 4906 1743 4945 voce
1774 4899 1864 4943 tua
1924 4893 2180 4961 dignatus
2210 4907 2290 4953 es,

723 4987 1149 5057 perculsumque
1184 4993 1494 5053 stupentem
1547 4998 1611 5036 ac
1640 4990 1993 5047 trementem,
2046 4994 2100 5039 et
2150 4984 2291 5050 apud

722 5078 964 5131 animum
996 5076 1187 5130 leviter
1212 5076 1567 5144 cogitantem,
1602 5088 1666 5127 ac
1696 5074 1991 5138 dicentem,
2032 5075 2161 5144 quid
2189 5075 2292 5130 sibi

724 5170 827 5225 ista
865 5168 1062 5240 gloria,
1119 5176 1173 5222 et
1221 5167 1383 5237 hujus
1420 5167 1731 5237 splendoris
1770 5169 2089 5235 magnitudo
2136 5169 2296 5221 vult?

726 5260 1004 5331 quomodo
1037 5271 1132 5315 aut
1162 5260 1310 5315 unde
1336 5275 1435 5330 ego
1469 5261 1600 5314 talia
1632 5260 1774 5315 bona
1803 5276 2014 5316 mereor
2039 5261 2061 5313 ’ἔ
2099 5262 2294 5317 leniter

726 5370 791 5407 ac
831 5353 1041 5423 placide
1078 5352 1279 5407 allatus
1311 5367 1372 5408 es
1416 5352 1469 5405 in
1518 5354 1663 5407 hunc
1714 5354 1934 5408 modum
1974 5371 1987 5407 :
2027 5355 2137 5424 Ego
2172 5369 2291 5407 sum

730 5446 895 5509 Deus,
930 5455 1019 5500 tua
1050 5458 1215 5499 causa
1250 5446 1411 5498 homo
1446 5445 1648 5499 lactus.
1682 5444 1745 5498 Et
1773 5446 2033 5513 quoniam
2066 5460 2150 5499 me
2182 5454 2292 5498 tota

730 5539 910 5591 anima
965 5536 1288 5605 qutesivisti,
1344 5535 1416 5590 de
1446 5543 1667 5602 caetero,
1702 5552 1853 5600 ecce,
1892 5535 2063 5591 frater
2116 5554 2294 5605 meus,

732 5642 779 5682 et
816 5627 1083 5688 coheres,
1116 5637 1169 5681 et
1206 5628 1417 5682 amicus
1456 5630 1589 5684 eris.

802 5719 881 5771 Ad
917 5718 1059 5771 hanc
1104 5720 1407 5773 orationem
1450 5736 1573 5775 cum
1608 5725 2039 5794 obstupuissem.
2075 5736 2123 5780 ct
2172 5726 2292 5780 ani-

842 5834 884 5864 ⁵⁷
928 5832 1082 5887 Ruﬁn.
1121 5850 1233 5893 \‘lll,
1291 5837 1378 5891 "li.

2389 3240 2819 3311 pulchritudinis
2854 3238 3039 3307 gloria:
3094 3247 3221 3301 ture,
3272 3243 3329 3289 et
3380 3232 3673 3287 verborum
3714 3237 3962 3287 tuorum.

2390 3326 2702 3390 ambulans,
2755 3326 2973 3389 sedens,
3026 3323 3342 3386 comedens,
3399 3321 3621 3384 bibens,
3664 3332 3839 3371 orans
3871 3313 3965 3369 ﬂe-

2390 3419 2536 3481 bam,
2578 3398 2717 3471 et'in
2753 3416 2953 3487 gaudio
3005 3416 3251 3470 vivebam
3290 3412 3672 3475 inenarrabili,
3729 3426 3857 3465 cum
3913 3416 3965 3462 te

2391 3510 2794 3582 cognovissent.
2831 3507 3092 3577 Dpiiicem
3154 3507 3423 3562 omnium.
3483 3503 3774 3571 Quomodo
3812 3500 3959 3555 enim

2392 3621 2498 3659 non
2532 3601 2874 3674 gauderem?
2913 3600 3017 3655 Sed
3054 3616 3271 3654 rursum
3304 3608 3558 3659 mmstus,
3588 3606 3643 3650 et
3672 3596 3780 3649 isto
3804 3591 3963 3645 modo

2391 3709 2611 3749 rursum
2648 3702 2698 3746 te
2728 3692 2913 3745 videre
2953 3694 3379 3760 concupiscens,
3417 3700 3476 3741 ut
3506 3686 3616 3740 abii
3653 3685 3722 3737 ad
3766 3685 3961 3736 imma-

2392 3787 2589 3841 culata
2640 3785 2891 3840 Parentis
2930 3793 3036 3838 tua:
3064 3782 3380 3851 imaginem,
3416 3781 3593 3849 ipsam
3640 3777 3965 3835 salutatum,

2392 3888 2444 3932 et
2477 3877 2531 3930 in
2574 3892 2749 3944 genua
2788 3876 3081 3946 procubui,
3136 3882 3194 3928 tu
3228 3885 3527 3943 antequam
3567 3882 3879 3937 surgerem,
3914 3869 3966 3919 in

2393 3968 2604 4040 abjecto
2642 3967 2809 4022 corde
2869 3981 3010 4027 meo,
3063 3976 3121 4019 ut
3179 3966 3362 4019 lumen
3433 3960 3725 4033 perliciens
3789 3961 3968 4029 ipsum

2392 4077 2421 4115 a
2463 4076 2547 4117 mc
2576 4060 2727 4115 visus
2755 4074 2836 4115 es.
2872 4060 2940 4115 Et
2972 4067 3085 4113 tum
3119 4059 3350 4128 cognovi
3388 4068 3437 4112 te
3469 4073 3568 4128 pro
3615 4072 3770 4115 certo
3799 4062 3853 4114 in
3887 4075 3973 4115 me

2394 4170 2534 4213 esse.
2567 4156 2642 4210 Ex
2674 4169 2739 4209 eo
2774 4168 2881 4209 non
2913 4155 3058 4224 quod
3096 4167 3306 4206 memor
3330 4168 3509 4209 essem
3546 4153 3645 4217 tui,
3686 4164 3744 4208 et
3777 4169 3970 4208 eorum

2395 4264 2514 4320 qua:
2558 4257 2648 4303 tua
2684 4255 2834 4308 sunt.
2870 4256 2921 4301 te
2967 4245 3284 4315 diligebam,
3339 4244 3433 4299 sed
3471 4254 3523 4299 te
3572 4245 3971 4299 subsistentem

2395 4343 2719 4396 eharitatem
2754 4341 2897 4393 intra
2961 4354 3048 4393 me
3086 4353 3212 4393 vere
3267 4338 3469 4393 habere
3529 4338 3763 4392 credidi.
3833 4338 3971 4391 \‘ere

2395 4434 2540 4488 enim
2571 4442 2628 4486 tu
2663 4433 2802 4486 Deus
2833 4432 3077 4485 charitas
3106 4444 3187 4482 es.
3227 4429 3387 4482 Fidei
3424 4430 3592 4497 igitur
3615 4444 3745 4497 spes
3772 4429 3966 4493 insita,

2396 4538 2448 4582 et
2485 4528 2537 4580 in
2593 4527 2708 4594 ipsa
2759 4538 2787 4576 a
2822 4523 3140 4593 paenitentia
3174 4531 3228 4576 et
3266 4522 3521 4591 lacrymis
3574 4521 3772 4589 rigata,
3824 4533 3972 4590 post-

2396 4632 2560 4687 quam
2600 4616 2767 4670 ctiam
2800 4629 2829 4667 a
2878 4614 3085 4669 lumine
3122 4623 3216 4667 tuo
3254 4614 3526 4668 ilIuStrata
3580 4611 3803 4670 radices
3835 4614 3967 4684 egit,

2396 4718 2449 4761 ct
2478 4707 2618 4761 bene
2644 4713 2803 4759 aucta
2835 4716 2939 4767 est,
2984 4713 3099 4757 tum
3136 4704 3337 4759 deinde
3378 4715 3433 4759 tu
3473 4707 3591 4775 ipse
3627 4710 3809 4763 bonus
3836 4708 3970 4763 ani.

2398 4800 2507 4866 fex,
2555 4811 2608 4854 et
2644 4809 2836 4853 auctor
2890 4796 3210 4862 adveniens,
3268 4814 3366 4867 per
3416 4799 3659 4868 gladium
3719 4802 3976 4855 tentatio-

2398 4908 2550 4955 num,
2582 4906 2677 4960 per
2710 4891 3103 4954 humilitatem,
3155 4889 3408 4958 inquam,
3465 4893 3518 4945 in
3554 4909 3807 4964 magnam
3848 4895 3969 4947 alti-

2398 4986 2641 5039 tudinem
2678 4991 2873 5036 enatos
2904 4981 3128 5037 inutiles
3180 4983 3579 5051 cogitationum
3630 4999 3816 5040 ramos
3855 5000 3976 5039 am-

2401 5088 2623 5147 putans,
2675 5076 2792 5144 spei
2824 5074 2951 5137 soli,
2988 5084 3044 5127 ut
3076 5073 3170 5127 nni
3228 5074 3400 5128 radici
3453 5077 3673 5131 arboris
3722 5088 3974 5133 sanctam

2400 5169 2724 5222 t'harilalem
2758 5173 2908 5217 tuam
2970 5163 3244 5219 insevisti.
3300 5162 3455 5220 lianc
3504 5167 3689 5234 itaque
3744 5169 3975 5224 assiduo

2400 5260 2739 5313 incremento
2770 5254 3057 5326 proiicere,
3096 5264 3150 5309 et
3179 5264 3503 5310 consuetam
3538 5271 3601 5309 ac
3641 5256 3974 5313 farniliarem

2402 5355 2558 5418 mihi,
2606 5353 2689 5405 vel
2731 5350 2917 5421 potius
2950 5357 3001 5403 te
3037 5364 3132 5417 per
3175 5348 3319 5403 hanc
3377 5348 3693 5413 docentem,
3754 5361 3809 5405 et
3851 5353 3977 5406 illu-

2401 5457 2667 5502 strantem
2717 5458 2803 5498 me
2851 5456 3108 5502 cernens.
3161 5450 3221 5494 ut
3265 5441 3378 5510 jam
3434 5444 3583 5495 omni
3621 5444 3727 5497 tide
3778 5459 3842 5497 ac
3877 5459 3976 5515 spe

2401 5540 2675 5610 superior,
2730 5538 2812 5592 sic
2869 5535 3096 5597 adicior,
3153 5537 3613 5606 quemadmodum
3667 5550 3719 5591 et
3770 5538 3977 5595 Paulus

2400 5640 2644 5689 clamans
2664 5632 2740 5686 ait
2768 5648 2779 5683 :
2825 5630 2978 5694 Quod
3009 5632 3149 5682 enim
3175 5632 3289 5698 quia
3318 5630 3472 5690 ridet,
3504 5630 3631 5699 quid
3675 5644 3856 5696 sperat
3880 5636 3923 5666 δν
3949 5636 3973 5685 7

2400 5728 2454 5783 Si
2492 5725 2655 5794 igitur
2690 5738 2789 5793 ego
2836 5731 2888 5775 te
2922 5722 3117 5785 habeo,
3156 5722 3285 5791 quid
3320 5733 3583 5792 prae'crca
3618 5739 3783 5793 spero
3808 5732 3831 5777 ’ς
