4182 6456
153 433 250 494 601

1212 432 1655 494 DiV'lNORUM
1701 434 2031 495 AMORUM
2071 437 2322 498 LIBER.

3306 431 3415 496 602

221 544 365 600 Audi
393 543 548 614 quid.
582 543 650 600 Ut
680 545 848 599 solem
891 545 942 598 in
977 557 1114 612 aqua
1146 543 1296 598 vides
1320 580 1334 606 ,
1370 545 1519 598 illum
1548 545 1722 612 ipsum
1757 545 1798 600 Α
1831 542 1971 591 studi
2012 559 2095 595 me
2129 554 2496 614 ῃορρηιοιιοηι,
2529 555 2584 604 ει
2625 548 2908 620 indignum
2965 546 3167 601 conata
3216 546 3272 600 in
3326 561 3412 601 me

149 649 332 690 autem
365 636 683 705 neutiquam
712 637 865 690 vides
895 675 911 699 ,
942 637 1193 705 quamvis
1243 636 1418 705 magis
1466 635 1723 690 deorsum

148 737 200 781 te
232 726 489 791 inclines,
526 727 632 782 tale
669 728 799 797 quid
835 741 956 781 esse
982 727 1245 797 intellige,
1280 727 1423 796 quod
1457 728 1510 779 in
1544 737 1596 782 te
1627 727 1725 792 tit;

146 826 201 870 et
238 817 455 871 instrue
489 827 560 879 te,
598 827 652 872 et
681 818 840 874 stude
888 834 1124 887 semper,
1188 819 1330 872 intra
1397 827 1448 872 te
1499 834 1630 886 pure
1677 828 1731 873 et

146 909 319 970 clare,
352 924 452 963 ceu
487 909 657 962 solem
680 911 734 965 in
761 925 899 979 aqua
932 911 1177 980 limpida,
1212 926 1298 965 me
1325 911 1547 964 intueri.
1573 910 1728 976 Quod

152 999 362 1050 utinam
403 1000 480 1053 sic
511 999 698 1054 videre
723 1017 830 1060 me.
867 1011 927 1053 ut
959 1001 1094 1065 dixi,
1131 1002 1296 1055 etiam
1334 1010 1459 1072 post
1499 1012 1727 1056 mortem

151 1101 419 1148 mereare.
462 1091 637 1144 Aliter
667 1100 814 1147 totus
866 1093 969 1146 iste
1019 1093 1171 1147 orbis
1204 1107 1428 1160 operum
1467 1103 1522 1146 ct
1577 1092 1730 1147 labo-

154 1192 300 1245 rum,
330 1190 387 1234 et
419 1183 708 1236 verborum
747 1193 964 1237 tuorum
999 1183 1133 1238 nihil
1167 1184 1261 1237 tibi
1298 1183 1538 1253 proderit
1568 1201 1581 1240 :
1607 1199 1732 1252 pro-

150 1273 296 1324 derit
329 1275 558 1327 autem?
599 1275 710 1328 imo
767 1275 870 1329 ista
926 1277 1099 1344 magis
1145 1285 1195 1330 te
1245 1277 1732 1343 condemuabunt,

152 1366 686 1435 tribulationemque
724 1368 984 1436 majorem
1042 1370 1314 1435 parabunt
1349 1388 1361 1422 :
1418 1371 1685 1438 siquidem
1716 1412 1732 1436 ,

153 1468 211 1508 ut
269 1458 432 1513 audis
455 1497 471 1521 ,
524 1469 755 1525 potentes
793 1471 1029 1526 potenter
1056 1472 1317 1515 tornmtta
1344 1463 1609 1530 patientur
1664 1463 1734 1516 ⁸⁸.

155 1547 290 1602 Nam
329 1551 554 1618 pauperi
598 1551 666 1603 ab
694 1558 818 1604 ortu
850 1567 951 1605 suo
986 1568 1092 1605 non
1127 1562 1233 1605 tam
1272 1553 1461 1621 pudori
1490 1562 1577 1607 est
1604 1568 1737 1622 pau-

155 1650 340 1705 pertas
367 1653 464 1691 sua
488 1679 501 1702 ,
538 1654 636 1693 nec
668 1638 790 1707 ejus
826 1655 1011 1694 comes
1063 1641 1283 1694 tr'stitia
1312 1680 1326 1704 ,
1377 1642 1513 1695 adeo
1558 1641 1735 1710 ipsum

151 1728 391 1791 cruciat,
425 1737 481 1782 ut
515 1744 662 1791 eum,
694 1731 784 1799 qui
822 1731 874 1784 in
921 1730 1128 1784 divitiis
1151 1771 1166 1794 ,
1190 1742 1245 1784 et
1295 1731 1349 1784 in
1396 1730 1565 1801 gloria
1595 1771 1610 1795 ,
1641 1746 1739 1786 ex-

153 1822 417 1889 celsoqne
452 1823 619 1890 gradu
648 1823 807 1887 vixit,
839 1819 1142 1893 regumque
1175 1822 1551 1878 familiaritate
1579 1839 1734 1890 usus,

1833 637 2210 692 misericordia
2253 648 2342 694 tua
2381 657 2394 693 :
2427 649 2480 695 et
2529 641 2816 695 surculum
2886 639 3200 696 dilectionis
3261 647 3368 694 tua:
3395 677 3410 701 ,

1831 739 1990 794 quem
2046 728 2102 780 in
2139 729 2388 786 arborem
2451 732 2568 800 spei
2605 746 2740 788 mea:
2770 732 3021 788 insevisti
3044 773 3059 797 ,
3091 731 3292 784 virtute
3320 739 3412 785 tua

1832 817 2158 882 corrobora,
2189 835 2260 873 ue
2286 835 2315 872 a
2353 830 2518 876 vento
2551 830 2979 891 conquassetur,
3014 837 3082 876 ne
3111 838 3140 875 a
3177 822 3412 891 procella

1833 905 2240 978 confringatur,
2271 925 2340 963 ne
2369 911 2437 964 ab
2477 912 2662 981 aliquo
2707 911 2930 966 inimico
2982 911 3291 972 evellatur,
3348 925 3415 962 ne

1834 1012 1945 1067 prae
1983 1002 2315 1070 negligentia
2350 1017 2466 1056 mea
2496 1013 2629 1057 mstu
2649 1011 2938 1064 exuratur,
2965 1019 3035 1057 ne
3056 1018 3167 1072 pra:
3191 1001 3412 1072 pigritia

1834 1095 1887 1140 et
1919 1089 2176 1156 superbia
2227 1107 2343 1145 mea
2387 1103 2694 1157 exarescat,
2730 1109 2798 1148 nc
2853 1105 2966 1160 pra:
2996 1092 3182 1146 studio
3229 1091 3417 1160 glorias

1833 1178 2014 1234 inanis
2043 1180 2268 1235 omnino
2301 1182 2518 1236 tandem
2554 1191 2760 1252 pereat.
2789 1185 2870 1238 Tu
2908 1181 3056 1237 enim
3091 1182 3233 1236 nosti
3271 1221 3286 1243 ,
3322 1181 3413 1249 qui

1835 1271 1936 1324 hoc
1968 1273 2102 1327 mihi
2137 1271 2404 1334 donasti,
2450 1282 2503 1328 et
2549 1275 2602 1329 in
2659 1290 2744 1328 me
2799 1285 3059 1345 operatus
3111 1289 3212 1337 es,
3256 1284 3309 1328 te
3347 1271 3417 1326 ob

1837 1362 1984 1418 istud
2007 1378 2090 1418 me
2107 1364 2175 1416 ab
2193 1364 2453 1420 omnibus
2474 1367 2796 1422 mortalibus
2820 1407 2834 1432 ,
2855 1381 2882 1418 a
2905 1368 3108 1420 mundo
3133 1365 3413 1431 universo,

1836 1467 2154 1519 sevocasse;
2232 1470 2262 1508 a
2296 1471 2380 1511 me
2421 1471 2639 1526 quoque
2668 1459 2785 1527 ipso
2815 1457 3122 1527 adjutorem
3165 1466 3219 1511 et
3254 1455 3417 1510 auxi-

1838 1543 2058 1598 liarium
2100 1560 2306 1610 meum,
2340 1556 2494 1600 tuum
2527 1564 2655 1602 vero
2696 1549 3002 1615 apostolum
3061 1563 3163 1617 pro
3212 1548 3415 1601 volun-

1837 1647 1948 1690 tate
1987 1644 2078 1692 tua
2119 1640 2479 1707 corporaliter
2511 1655 2823 1708 separasse.
2857 1638 2938 1694 Tu
2978 1642 3088 1696 scis
3122 1639 3416 1694 inﬁrmita-

1837 1735 1945 1782 tem
1976 1745 2174 1797 meam,
2215 1740 2271 1784 ω
2311 1747 2420 1786 non
2464 1733 2687 1802 ignoras
2728 1732 3033 1796 miseriam,
3056 1740 3111 1786 et
3143 1731 3206 1784 ad
3229 1731 3413 1784 omnia

1839 1818 2272 1876 imbecillitatem
2304 1837 2500 1876 meam.
2564 1823 2806 1876 Proinde
2858 1822 3098 1892 amplius
3157 1822 3416 1877 miserere

153 1913 356 1966 deinde
385 1914 641 1968 omnibus
677 1915 787 1969 illis
816 1915 1036 1970 amissis
1067 1916 1133 1970 ad
1185 1931 1460 1970 summam
1525 1916 1734 1971 mendi-
1768 1901 1808 1955 Β
1840 1911 2075 1980 mei,qui
2097 1913 2344 1968 abundas
2367 1914 2759 1978 misericordiae
2789 1913 3114 1968 visceribus.
3139 1912 3414 1966 Advolvor

151 2007 374 2058 citatem
407 2005 704 2074 depressus
733 2015 841 2062 est.
869 2006 1106 2062 Tametsi
1133 2024 1222 2062 res
1251 2023 1358 2062 non
1388 2009 1461 2062 ita
1491 2023 1550 2064 se
1574 2009 1736 2063 habet

153 2095 205 2145 in
241 2095 474 2148 terrenis
498 2135 512 2158 ,
574 2106 626 2148 et
656 2112 777 2165 quae
829 2097 932 2152 sub
965 2097 1159 2152 oculos
1188 2097 1390 2153 cadunt
1417 2137 1433 2162 ,
1490 2098 1634 2153 sicut
1681 2098 1733 2151 in

154 2188 505 2253 m-lestibus,
540 2197 593 2242 et
618 2204 740 2258 qua:
771 2190 876 2244 sub
901 2199 1180 2260 aspectum
1238 2191 1464 2247 minime
1487 2191 1732 2246 veniunt.

151 2281 256 2346 Qui
289 2283 437 2335 enim
476 2287 682 2336 certam
715 2281 788 2337 ob
812 2296 1037 2338 causam
1069 2283 1274 2337 terreni
1301 2283 1443 2351 regis
1469 2282 1730 2346 amicitia,

149 2386 202 2425 et
245 2373 512 2427 {aliiulatu
543 2375 756 2428 multati
788 2383 940 2440 sunt,
977 2375 1043 2428 iis
1102 2375 1452 2428 fortunarum
1502 2388 1729 2428 suarum

153 2466 394 2519 dominis
426 2481 570 2529 esse,
605 2466 782 2535 iisque
816 2465 945 2531 I‘rui,
973 2476 1024 2519 et
1045 2467 1231 2521 vivere
1256 2481 1362 2518 non
1391 2465 1729 2534 prohibetur.

151 2556 245 2610 Ast
280 2572 400 2609 mea
435 2557 727 2618 charitate.
770 2568 824 2612 et
876 2559 1120 2613 amicitia
1171 2559 1216 2612 si
1250 2559 1378 2627 quis
1414 2559 1680 2613 exciderit
1713 2598 1728 2622 ,

153 2651 336 2700 vivere
365 2648 554 2716 nequit
583 2661 846 2715 prorsus;
878 2649 987 2701 vita
1033 2650 1177 2703 enim
1232 2650 1351 2718 ejus
1413 2664 1513 2719 ego
1558 2664 1680 2703 sum
1717 2669 1730 2704 :

150 2740 246 2792 sed
285 2739 437 2794 illico
472 2741 710 2793 mutatur
737 2783 752 2805 ,
782 2749 834 2793 et
861 2742 1127 2808 spoliatur
1161 2742 1420 2796 omnibus
1441 2781 1455 2802 ,
1490 2744 1736 2811 meisque

155 2842 218 2879 ac
243 2827 365 2880 suis
397 2826 650 2880 hostibus
682 2827 982 2895 capiendus
1013 2829 1370 2898 permittitur.
1394 2828 1490 2882 Cui
1515 2839 1734 2898 arrepto

158 2917 230 2969 ilii
270 2933 374 2986 pro
403 2918 642 2987 pristino
674 2919 794 2985 ejus
825 2919 878 2972 in
911 2935 996 2972 tne
1029 2934 1238 2984 amore,
1276 2929 1330 2973 et
1357 2920 1733 2975 benevolentia

158 3007 432 3063 furiosius
467 3010 772 3073 insultant,
807 3023 1105 3080 ptenasque
1164 3026 1286 3064 cum
1340 3011 1689 3066 irrisionibus
1713 3048 1728 3074 ,

159 3110 210 3153 et
245 3099 505 3153 ludibriis
549 3101 815 3168 irrogant.

227 3191 376 3246 Sane
406 3191 481 3244 ita
523 3200 630 3256 est,
660 3189 773 3246 Rex
803 3193 1172 3250 sanctissime.
1200 3193 1344 3249 Sane
1371 3201 1424 3249 et
1447 3209 1547 3264 ego
1569 3195 1733 3250 credo

1841 2003 1932 2055 tibi
1963 2019 2027 2057 ex
2053 2005 2238 2057 animo
2268 2022 2284 2070 ;
2317 2019 2387 2060 ne
2443 2005 2736 2075 permittas
2794 2020 2881 2059 me
2922 2005 3190 2059 voluntati
3237 2019 3372 2058 meae
3398 2043 3414 2068 ,

1837 2090 1930 2158 qui
1961 2099 2070 2143 tam
2107 2092 2274 2145 multa
2308 2092 2628 2148 benefecisti
2667 2094 2802 2148 mihi
2832 2133 2847 2157 ,
2878 2094 2974 2149 sed
3034 2095 3090 2149 iu
3146 2094 3416 2148 charitate

1838 2193 1928 2236 tua
1957 2184 2307 2238 constabilito
2359 2187 2592 2240 animam
2656 2202 2873 2253 meam,
2920 2193 2975 2241 et
3023 2185 3076 2238 in
3127 2187 3247 2254 ipsa
3297 2201 3416 2239 eam

1839 2273 2051 2328 radices
2087 2284 2202 2329 tuto
2233 2275 2654 2347 facpropagare
2692 2294 2707 2330 :
2741 2287 2800 2332 ut
2831 2277 3135 2332 secundum
3166 2276 3416 2347 impollu-

1838 2382 1970 2434 tam,
2001 2380 2271 2436 sanctam,
2304 2387 2333 2425 a
2360 2372 2648 2428 mendacio
2689 2373 2925 2427 alienam
2987 2371 3414 2442 promissionem

1837 2472 1987 2518 tuam
2028 2479 2241 2518 mecum
2273 2464 2328 2518 in
2362 2479 2448 2518 me
2479 2464 2580 2529 sis,
2616 2472 2670 2517 et
2701 2480 2803 2534 ego
2836 2463 3080 2519 vicissim
3141 2463 3194 2516 in
3228 2470 3314 2526 te,
3367 2468 3416 2514 et

1836 2564 1991 2625 tegar
2027 2556 2094 2609 ab
2127 2555 2264 2624 ipsa,
2300 2563 2354 2609 et
2388 2571 2489 2625 ego
2530 2566 2731 2626 tegam,
2766 2564 2822 2612 et
2878 2555 3188 2610 custodiam
3237 2553 3413 2623 ipsam

1839 2648 1892 2700 in
1924 2663 2028 2700 me.
2061 2647 2126 2701 Et
2159 2659 2212 2701 tu
2246 2647 2468 2718 quidem
2504 2647 2691 2702 videas
2724 2662 2809 2703 me
2834 2646 2888 2702 in
2942 2647 3083 2716 ipsa.
3136 2643 3412 2710 Domintg‘.

1837 2752 1936 2806 ego
1971 2746 2150 2791 autem
2187 2747 2236 2792 te
2272 2738 2458 2791 videre
2487 2753 2582 2807 per
2608 2739 2782 2806 ipsam
2816 2751 3066 2801 merear,
3101 2750 3250 2789 nunc
3295 2732 3414 2801 qui.

1837 2831 1957 2884 dem
1992 2839 2050 2884 ut
2085 2830 2137 2883 in
2174 2829 2402 2898 speculo
2431 2837 2484 2883 ct
2519 2830 2574 2883 in
2631 2830 2920 2900 mnigmate
2947 2871 2962 2893 ,
3012 2835 3074 2882 ut
3113 2825 3300 2881 dixisti
3337 2826 3415 2880 ".,

1838 2928 1968 2972 tunc
2001 2928 2178 2973 autem
2212 2919 2265 2973 in
2300 2928 2411 2972 tota
2446 2920 2712 2973 charitate
2748 2928 2819 2982 te,
2856 2920 2950 2988 qui
2981 2927 3129 2971 totus
3176 2931 3241 2971 es
3290 2914 3411 2968 cha-

1838 3012 1972 3066 ritas
1992 3013 2058 3077 ⁸⁸,
2089 3021 2142 3066 et
2171 3012 2244 3065 ita
2272 3013 2456 3066 vocari
2487 3012 2743 3079 dignatus
2771 3026 2858 3064 es.
2894 3009 3162 3076 Quoniam
3191 3017 3241 3060 te
3267 3007 3413 3060 decet

1839 3106 2021 3160 omnis
2053 3105 2352 3176 gratiarum
2391 3105 2555 3166 actio,
2587 3103 2779 3170 gloria,
2812 3100 3110 3171 imperium
3139 3141 3152 3165 ,
3193 3101 3371 3152 honor
3404 3136 3416 3164 ,

1838 3205 1891 3252 et
1918 3196 2184 3264 adoratio,
2213 3195 2451 3263 Patrem,
2481 3205 2534 3250 et
2572 3194 2769 3249 Filium
2802 3235 2816 3258 ,
2851 3203 2905 3248 et
2959 3192 3223 3262 Spiritum
3275 3205 3403 3245 son-

160 3281 258 3335 ubi
293 3279 406 3334 Deo
436 3295 559 3333 meo
581 3320 596 3345 ,
620 3255 685 3335 et
713 3282 942 3352 supplex
993 3298 1058 3340 ac
1104 3300 1312 3354 pronus
1344 3294 1394 3340 te
1436 3255 1590 3356 rdgo,
1637 3302 1733 3340 cn-
1760 3255 1803 3315 ϐ
1840 3298 2016 3355 ctum,
2058 3298 2113 3344 et
2145 3255 2383 3359 semper,
2418 3288 2553 3343 etin
2590 3286 2798 3342 inlinita
2829 3286 3052 3342 saecula.
3078 3283 3276 3338 Amen.

231 3457 279 3490 "
301 3456 430 3529 Sap.
479 3473 554 3527 vt,
590 3460 643 3515 7.

721 3461 767 3494 ”
796 3458 816 3515 Ι
841 3457 967 3516 Cor.
999 3476 1120 3528 xm,
1150 3464 1239 3530 12,
1302 3461 1559 3520 “lJoan.
1589 3478 1663 3532 tv,
1694 3461 1750 3519 8.
