4182 6456
780 399 887 465 603

1997 408 2381 472 SYMEONIS
2419 408 2787 470 JUNIORIS

1856 546 4008 577 ww

1952 709 2087 762 ΤΟΥ
2124 710 2325 762 ΟΣΙΟΥ
2345 708 2618 763 ΠΑΤΡΟΣ
2638 709 2836 763 ΗΜΩΝ

931 897 1611 1028 ’ΣΥΜΕΩΝ
1753 898 2103 1029 ΤΟΥ

2268 897 2713 1029 ΝΕΟΥ
2892 896 3849 1033 ΘΕΟΛΟΓΟΥ

1130 1159 1692 1249 ΚΕΦΑΛΑΙΑ
1750 1166 2320 1251 ΠΡΑΚΤΙΚΛ
2400 1166 2594 1252 ΚΑΙ
2668 1166 3323 1256 ΘΕΟΛΟΓΙΚΑ
3399 1170 3675 1259 ΡΜΕ’.

2351 1372 2421 1384 ,μσ-

1910 1508 2177 1571 SANCTI
2247 1510 2521 1572 PATRIS
2596 1510 2879 1571 NOSTRI

860 1710 1832 1866 SYMEONIS
1927 1713 2811 1869 JUNIORIS
2952 1713 3944 1874 THEOLOG-I

1028 2025 1443 2115 CXPITA
1486 2023 2049 2113 PRACTICA
2096 2024 2244 2113 ET
2293 2027 2431 2115 ῚἪ

2447 2022 3069 2115 ΪΕΟΕΟΩΙΟΑ
3143 2026 3643 2119 CCXXVII
3673 2010 3763 2115 1⁸

855 2396 902 2449 1.
940 2395 1095 2451 Fides
1124 2403 1243 2459 est.
1277 2407 1493 2466 propter
1544 2397 1823 2454 Christum
1876 2412 1971 2467 pro
2021 2397 2141 2467 ejus
2192 2414 2346 2453 man-
2375 2403 2419 2460 Α

2514 2400 2583 2453 α’.
2618 2401 2809 2463 [lianc
2844 2399 2987 2464 ἐστὶ,
3010 2398 3071 2452 τὸ
3116 2399 3204 2453 διὰ
3255 2399 3492 2469 Χριστὸν
3544 2401 3684 2471 ὑπὲρ
3714 2402 3819 2470 τῆς
3870 2405 4027 2455 αὑιώ

783 2488 908 2542 dato
934 2499 1107 2543 morte
1144 2490 1488 2554 occumbere,
1521 2497 1575 2543 et
1606 2491 1829 2545 credere
1854 2530 1868 2555 ,
1911 2500 2136 2546 mortem
2186 2490 2346 2560 huju-

859 2712 1284 2794 lllfrmeedunt
1312 2713 1456 2784 apud
1486 2712 1603 2767 Jac.
1640 2712 1941 2769 Pontanum
1977 2714 2216 2785 capitula
2250 2729 2338 2769 se-

786 2792 1002 2846 quentia
1035 2801 1048 2835 :

859 2867 881 2903 t
930 2852 1371 2927 Dgiyeorporais
1400 2855 1573 2908 oculis
1630 2855 2023 2922 aspicientibus
2069 2873 2337 2927 nusquam

786 2929 905 2981 est,
940 2921 1121 2989 effugit
1173 2925 1317 2975 enim
1369 2939 1589 2979 sensum
1638 2921 1853 2977 omnem
1906 2921 2203 2983 cernendi;
2243 2932 2339 2983 Ast

788 2992 991 3073 animo,
1022 3002 1074 3046 et
1108 2994 1436 3073 cogitatione
1467 2995 1824 3073 intuentibus,
1846 2996 2045 3073 ubique
2071 3008 2172 3051 est.
2201 2999 2333 3052 Nam

786 3077 906 3113 cum
938 3064 990 3115 in
1032 3064 1178 3115 omni
1232 3078 1325 3118 seu
1360 3065 1409 3115 in
1441 3079 1617 3117 rerum
1652 3066 2007 3119 universitate
2036 3077 2120 3119 est
2150 3108 2163 3127 .
2225 3083 2337 3122 tum

782 3138 933 3201 rutra
961 3146 1120 3185 omne
1152 3143 1253 3187 est.
1314 3133 1368 3186 In
1403 3134 1492 3185 illo
1535 3150 1700 3201 prope.
1738 3146 1819 3188 est
1866 3136 2183 3191 timentibus
2216 3155 2340 3192 eum

782 3201 800 3257 1
832 3199 1205 3274 Psnl._t.\smv
1235 3244 1248 3261 .
1282 3203 1346 3257 10
1370 3204 1409 3265 l.
1439 3213 1491 3254 et
1522 3199 1681 3273 longe
1715 3219 1743 3258 a
1781 3204 2160 3274 peccatoribus
2193 3209 2345 3263 salus

781 3286 898 3334 mus
932 3273 948 3326 (
980 3272 1125 3325 Psal.
1158 3287 1345 3332 cxrtit.
1387 3274 1547 3337 I33).

862 3358 880 3389 ι
922 3340 1177 3394 Meritoria
1215 3341 1414 3394 Christi
1448 3352 1679 3396 mentem
1724 3343 2030 3400 illuminat.
2057 3354 2110 3397 et
2147 3346 2347 3398 dremo-

782 3423 883 3463 n'as
914 3409 1083 3473 fugat.
1111 3411 1313 3464 Lumen
1338 3420 1514 3465 autem
1541 3422 1747 3465 sanctte
1778 3412 2065 3467 Trinitatis
2100 3415 2152 3467 in
2182 3418 2347 3472 corde

785 3495 919 3545 puro
969 3482 1202 3551 lucens.
1252 3481 1525 3551 hominem
1579 3499 1607 3533 a
1657 3494 1769 3536 toto
1818 3482 2022 3533 mundo
2064 3484 2298 3551 seiungit
2330 3528 2343 3550 ,

784 3551 977 3612 suique
1009 3550 1323 3616 participem
1356 3550 1464 3616 jam
1502 3550 1843 3611 hinelutura
1885 3551 2053 3617 gloria
2086 3550 2340 3618 coinplet.

784 3628 1053 3681 quatenus
1090 3634 1238 3690 eam
1299 3628 1474 3685 potest
1530 3636 1721 3688 capere
1758 3661 1771 3682 .
1834 3621 1925 3689 qui
1997 3635 2023 3672 a
2104 3638 2345 3690 superna

787 3690 955 3749 gratia
991 3688 1231 3758 regitur,
1267 3696 1318 3741 et
1348 3690 1522 3744 adhuc
1559 3691 1611 3744 in
1648 3688 1896 3761 corporis
1950 3688 2199 3747 custodia
2250 3696 2347 3749 de-

789 3760 1010 3812 tinetur.

864 3844 881 3875 ι
921 3827 977 3881 Si
1008 3828 1465 3900 praetereuntibus
1492 3870 1505 3891 ,
1544 3829 2001 3900 acpereuntibns
2049 3833 2303 3885 omnibus
2325 3873 2343 3900 ,

787 3910 908 3968 qum
949 3899 1228 3951 oculorum
1274 3914 1441 3952 sensu
1490 3898 1869 3968 percipiuntur
1898 3940 1912 3961 .
1970 3898 2346 3956 tantummodo

795 3966 937 4038 Deus
962 3976 1263 4038 permanet.
1298 3984 1363 4038 ac
1393 3966 1750 4037 permanebit,
1784 3969 2009 4023 omnino
2057 3973 2176 4038 ejus
2224 3988 2351 4035 gra-

794 4038 877 4088 tia:
906 4036 958 4110 in
1005 4037 1106 4091 hac
1140 4038 1247 4090 vita
1288 4036 1489 4091 aﬂ'atim
1556 4051 1872 4107 compotes,
1929 4036 2241 4110 quanquam
2294 4043 2346 4094 in

792 4105 965 4177 terris;
992 4118 1277 4161 versamur
1307 4147 1323 4171 ,
1368 4116 1546 4162 tamen
1602 4105 1748 4162 nunc
1797 4105 2111 4161 maximam'
2140 4118 2348 4177 partem

789 4189 912 4246 eum
946 4174 1130 4229 futuro
1159 4182 1355 4229 saaenlo
1389 4179 1498 4246 apti
1521 4220 1535 4240 ,
1564 4187 1726 4245 atque
1771 4177 2050 4243 conjuncti
2083 4174 2210 4231 sunt
2233 4219 2247 4241 ,
2295 4189 2351 4233 et

792 4244 844 4318 in
875 4246 1064 4318 umbra
1095 4247 1218 4307 ista,
1241 4244 1697 4318 onerefcorporis
1745 4254 2002 4315 tanquam
2053 4250 2201 4318 gravi
2235 4264 2353 4303 sar-

788 4314 909 4367 cina
943 4314 1207 4383 depressi.
1239 4314 1621 4383 ingemiseunt.

868 4401 886 4431 1
931 4382 1192 4438 Dominus
1233 4382 1415 4439 noster
1447 4402 1553 4440 non
1592 4402 1685 4441 eos
1714 4388 1903 4442 beatos
1957 4402 2080 4441 esse
2122 4387 2355 4441 allirmat

789 4452 1018 4527 (Matth.
1058 4469 1110 4516 ν,
1149 4454 1272 4527 19).
1311 4455 1401 4520 qui
1432 4455 1627 4527 docent
1660 4456 1965 4527 duntaxat;
2012 4458 2104 4527 sed
2154 4457 2351 4527 dignos

792 4522 940 4595 prius
972 4536 1068 4595 per
1116 4525 1494 4577 mandatorum
1546 4525 1908 4578 obedientiam
1955 4526 2166 4579 habitos
2195 4522 2350 4595 [qui

791 4590 1423 4663 cmlestiasustiieerent,
1452 4596 1656 4663 quique
1704 4595 1757 4648 in
1805 4596 2116 4661 semetipsis
2169 4590 2351 4650 lumen

793 4660 1016 4730 spiritus
1042 4661 1360 4715 llluminans
1386 4660 1679 4718 coruscare
1720 4660 2151 4730 conSpexerunt.
2195 4674 2249 4717 et
2292 4668 2346 4719 in

794 4744 915 4800 vera
947 4728 1187 4794 ejusdem
1222 4731 1431 4785 visione
1457 4748 1551 4800 per
1585 4734 1759 4799 ipsum
1814 4728 1868 4785 et
1916 4735 2228 4799 cognitione
2251 4774 2264 4795 .
2301 4744 2356 4787 et

790 4799 1009 4869 actione
1045 4799 1355 4853 didicerunt
1379 4838 1397 4869 ε
1421 4799 1488 4854 de
1523 4804 1719 4869 quibus
1757 4804 1897 4869 apud
1946 4804 2084 4856 alios
2127 4802 2353 4857 docendi

790 4884 951 4940 causa
983 4868 1335 4923 dissererent.
1382 4868 1622 4924 Primum
1676 4868 1836 4939 igitur
1876 4886 1971 4925 eos
2014 4872 2106 4940 qui
2136 4872 2202 4923 ad
2255 4874 2356 4926 do-

796 4937 1026 4990 cendum
1083 4940 1514 5004 aggrediuntur,
1570 4942 1641 4993 ita
1692 4937 1939 5003 sustolli,
1988 4937 2050 4993 ac
2083 4942 2353 5005 subvehi,

796 5006 1254 5073 quemadmodum
1277 5010 1533 5069 diximus.
1559 5024 1781 5063 necesse
1816 5017 1897 5061 est
1930 5027 1943 5061 :
1971 5026 2036 5061 ne
2057 5010 2100 5063 si
2127 5009 2358 5063 doceant

796 5090 915 5147 qua;
944 5077 1216 5147 nesciunt.
1254 5089 1362 5131 tam
1390 5092 1508 5132 sese
1544 5079 1710 5147 ipsus,
1739 5093 1900 5145 quam
1938 5079 2041 5135 sibi
2072 5082 2359 5135 credentes
2387 5074 2431 5133 ϐ

796 5143 850 5196 111
887 5142 1131 5198 fraudem
1184 5154 1238 5200 et
1264 5149 1489 5201 exitium
1520 5142 1801 5203 inducant.

874 5232 891 5263 ι
928 5212 1028 5277 0111
1064 5213 1229 5267 Deum
1256 5231 1361 5270 non
1394 5218 1567 5277 timet,
1607 5218 1651 5271 is
1676 5232 1783 5271 non
1815 5217 1989 5271 credit
2015 5217 2179 5271 Deum
2208 5234 2351 5280 esse,

799 5282 1065 5402 insipiens
1095 5283 1238 5363 eniun
1265 5295 1347 5337 est
1378 5285 1564 5356 (Psal.
1595 5303 1713 5350 xm,
1756 5286 1837 5353 1).
1870 5286 1972 5351 Qui
2004 5297 2181 5340 autem
2209 5290 2351 5343 istud

799 5363 990 5402 cretii.
1020 5352 1169 5402 11111111
1200 5363 1353 5402 tttnel
1386 5371 1399 5402 :
1447 5374 1465 5402 ι
1509 5356 1610 5402 {lui
1644 5371 1806 5402 norm
1855 5356 1989 5402 dicit
2054 5372 2112 5402 se.
2165 5358 2351 5402 timore

796 5351 990 5426 credit,
1020 5352 1169 5405 illum
1200 5352 1353 5426 timet
1386 5351 1399 5405 Ξ
1439 5374 1465 5426 Π(
1509 5356 1610 5420 Qui
1644 5351 1807 5426 porro
1855 5356 1989 5410 dicit
2054 5372 2112 5411 se
2165 5358 2357 5412 timere

794 5417 961 5490 Deum
992 5460 1005 5482 ,
1041 5431 1095 5474 et
1119 5422 1371 5475 mandata
1402 5417 1661 5490 ejus'nou
1694 5428 1973 5489 custodit,
2009 5427 2236 5480 mendax
2272 5435 2359 5480 est

794 5486 1046 5566 (1.10mi.
1078 5505 1135 5549 11.
1164 5490 1196 5543 4
1220 5493 1259 5566 )_,
1301 5510 1319 5541 1
1352 5504 1405 5566 et
1432 5486 1597 5566 timor
1632 5495 1720 5547 llei
1752 5496 1931 5566 inillo
1959 5486 2076 5547 non
2106 5505 2185 5549 est
2214 5494 2354 5559 ;'ubi

792 5559 932 5609 enim
987 5559 1147 5613 timor
1175 5601 1188 5623 ,
1224 5563 1398 5631 inquit
1441 5560 1723 5631 Scriptura
1762 5564 1948 5632 (l’sal.
1982 5579 2067 5617 cxi
2097 5605 2113 5631 ,
2146 5567 2222 5630 l),
2274 5565 2347 5619 ibi

2443 2491 2663 2562 ἐντολῆς
2708 2493 3002 2545 ἀποθανεῖν
3034 2507 3049 2522 ο
3094 2491 3191 2545 καὶ
3220 2492 3308 2546 τὸν
3354 2492 3585 2547 Θάνατον
3627 2494 3819 2546 τοῦτον
3887 2496 4029 2563 ζωῆς

2443 2714 2691 2769 enstodia
2726 2715 3132 2767 mandatorum.
3167 2712 3327 2779 Quod
3374 2714 3419 2767 si
3458 2723 3510 2767 et
3557 2713 3757 2767 timore
3801 2713 3892 2768 Dei
3938 2730 4026 2767 va-

2444 2800 2655 2848 camus,
2690 2794 2742 2837 et
2771 2785 2971 2837 divinis
3007 2784 3217 2851 legibus
3254 2798 3361 2836 non
3397 2798 3653 2851 paremus
3679 2824 3695 2848 ,
3727 2783 3797 2837 ab
3845 2785 4024 2839 ethni-

2444 2854 2526 2908 cis
2550 2866 2713 2915 atque
2747 2854 3059 2907 inﬁdelibus
3102 2855 3236 2905 nillil
3273 2854 3670 2922 discrepamns.

2522 2942 2540 2975 1
2597 2924 2796 2983 Fides.
2853 2926 3016 2977 timor
3092 2922 3218 2983 Dei,
3266 2923 3580 2976 observatio
3637 2923 4020 2975 mandatorum

2443 2993 2565 3057 eius
2598 3010 2697 3062 pro
2732 2995 2982 3061 portione
3008 2994 3350 3061 purgations
3379 2993 3662 3061 praemium
3697 2994 4017 3046 conciliant.

2446 3066 2722 3130 Quantum
2775 3078 3071 3130 pnrzamur
3103 3105 3117 3123 .
3185 3071 3395 3115 tantum
3453 3064 3507 3116 in
3564 3062 3892 3115 charitatcm
3934 3064 4020 3115 Dei

2451 3151 2478 3187 a
2515 3137 2709 3187 timore
2740 3134 3025 3187 eveliimur
3050 3174 3065 3196 ,
3096 3141 3148 3184 et
3176 3132 3514 3192 prolicirn‘lo
3549 3132 3962 3199 quodammodo
3997 3148 4021 3182 a

2452 3205 2647 3259 timore
2671 3203 2738 3256 ad
2764 3204 3087 3257 cliaritatem
3122 3202 3212 3255 Dei
3251 3203 3552 3256 transimus
3577 3241 3590 3261 .
3628 3202 3917 3256 audientes
3962 3203 4026 3253 ab

2447 3291 2514 3327 eo
2550 3292 2562 3327 :
2604 3293 2623 3325 σ
2661 3273 2763 3339 Qui
2792 3273 2951 3326 habet
2981 3270 3233 3325 mandata
3269 3287 3408 3334 mea,
3447 3282 3499 3325 et
3549 3281 3733 3325 serVat
3783 3287 3845 3323 ea
3872 3310 3887 3330 .
3943 3272 4027 3322 ille

2451 3355 2534 3397 est
2565 3344 2656 3413 qui
2691 3342 2867 3411 diligit
2906 3356 3013 3413 inte
3043 3341 3241 3413 (Jonn.
3277 3357 3385 3405 xlv,
3420 3341 3482 3395 9-1
3512 3344 3552 3401 ).
3594 3358 3612 3391 1
3671 3339 3735 3392 Et
3784 3341 3859 3393 ita
3906 3356 4024 3391 cer-

2452 3410 2632 3466 tamen
2693 3410 2975 3465 certamini
3037 3410 3302 3465 addamus
3330 3451 3345 3473 ,
3398 3413 3682 3478 magisque
3717 3425 3935 3477 semper
3966 3426 4025 3461 ac

2453 3484 2625 3550 magis
2656 3481 3089 3550 contendamus,
3133 3487 3194 3550 uit
3239 3481 3499 3549 operibus
3548 3480 3873 3534 cliaritatem
3935 3479 4025 3530 de-

2456 3560 2847 3605 monstremus.
2888 3549 3043 3611 Quod
3077 3551 3119 3602 si
3152 3549 3245 3602 flat
3275 3588 3289 3610 ,
3324 3551 3439 3618 ipse
3471 3591 3484 3609 .
3537 3550 3680 3601 sicut
3705 3550 3983 3618 promisit
4012 3588 4025 3606 .

2450 3637 2550 3677 nos
2598 3621 2806 3687 diliget.
2857 3619 2913 3672 Si
2971 3618 3227 3673 Christus
3276 3616 3376 3673 nos
3419 3620 3648 3687 diligat.
3704 3616 3865 3669 l'ater
3912 3620 4030 3686 ejus

2459 3692 2712 3746 similiter
2741 3705 2841 3743 nos
2874 3688 3071 3742 charos
3124 3688 3386 3749 habebit,
3438 3699 3493 3742 et
3541 3688 3782 3753 Spiritus
3842 3688 4030 3755 utique

2380 3757 2423 3811 B
2458 3762 2596 3813 viam
2640 3759 2890 3821 muniet,
2944 3772 3008 3809 ac
3058 3757 3397 3811 domicilium
3452 3757 3781 3826 przrparabit
3811 3796 3825 3815 .
3876 3768 3934 3807 ut
3978 3758 4030 3810 in

2452 3845 2561 3883 nuo
2588 3831 2957 3898 hypostaseon
2989 3842 3421 3898 personarumve
3442 3835 3766 3898 conventu,
3801 3827 3985 3898 Patris
4016 3866 4030 3887 .

2451 3908 2505 3953 et
2538 3895 2682 3959 Filii,
2712 3910 2765 3952 et
2803 3896 3040 3964 Spiritus
3070 3896 3245 3951 sancti
3282 3896 3492 3952 mansio
3553 3905 3608 3951 et
3640 3895 4016 3948 habitaculum

2450 3970 2770 4023 evadamus.

2529 4058 2546 4088 ι
2592 4036 2902 4090 Divinitatis
2936 4044 3046 4089 tres
3094 4035 3414 4104 bypostases
3470 4035 3727 4090 habentis
3778 4043 4033 4099 suscepta

2454 4108 2505 4162 in
2543 4108 2801 4176 perlectis
2828 4106 3093 4158 habitatio
3118 4144 3132 4169 ,
3175 4120 3338 4176 quam
3396 4105 3559 4159 iidem
3613 4116 3992 4165 cognoverunt
4019 4143 4034 4163 .

2452 4186 2505 4230 et
2537 4175 2796 4244 praeclare
2824 4185 3146 4239 senserunt,
3187 4190 3248 4228 ea
3277 4175 3609 4229 desiderium
3635 4176 3884 4244 ipsorum
3918 4188 4030 4244 non

2455 4241 2639 4309 satiat,
2668 4246 2761 4299 sed
2790 4246 3012 4310 majoris
3045 4247 3248 4313 potius,
3292 4252 3347 4297 et
3397 4244 3730 4297 ardentioris
3769 4241 4034 4313 desiderii

2456 4316 2697 4379 initium,
2733 4323 2787 4368 et
2811 4328 2977 4368 causa
3016 4311 3121 4367 est.
3153 4314 3365 4368 Exinde
3399 4314 3542 4368 enim
3578 4314 3808 4366 istorum
3843 4311 4035 4378 bospi-

2457 4396 2569 4440 tum
2599 4386 2903 4449 suseeptori
2957 4384 3158 4436 nullam
3196 4390 3403 4451 partem
3464 4383 3666 4450 quietis
3718 4380 3980 4433 euncedit
4020 4396 4033 4430 :

2455 4470 2646 4509 venum
2682 4453 2866 4517 efﬁcit,
2898 4462 2957 4505 ut
2989 4453 3145 4520 quasi
3194 4454 3263 4505 ab
3303 4452 3427 4519 igne
3458 4466 3674 4519 semper
3728 4452 3993 4520 incensus
4022 4490 4034 4509 ,

2455 4533 2509 4578 et
2536 4522 2941 4585 inﬂammatus,
2992 4518 3057 4575 ad
3107 4518 3392 4575 dit-inieris
3442 4518 3726 4588 cujusdam
3774 4518 4036 4572 desiderii

2455 4594 2727 4648 ﬂammam
2754 4608 2876 4648 sese
2908 4593 3153 4645 extollat.
3185 4591 3452 4655 Quoniam
3476 4590 3619 4643 enim
3648 4605 3823 4651 tuens,
3858 4604 4029 4652 quem

2457 4662 2731 4717 desiderat
2789 4662 3142 4727 intelligendo
3183 4660 3697 4723 comprehendere,
3757 4669 3812 4711 et
3866 4659 4034 4709 linem

2460 4732 2583 4798 ejus
2615 4732 2871 4799 indagare
2899 4730 3124 4798 nequit,
3174 4730 3342 4783 etiam
3400 4729 3676 4783 desiderio
3700 4767 3716 4787 .
3763 4737 3819 4781 et
3840 4730 4036 4799 _amori

2460 4796 2622 4855 linem
2660 4813 2723 4853 ac
2751 4796 3054 4854 iterminum
3087 4812 3291 4865 ponere
3321 4813 3427 4851 non
3460 4807 3639 4867 potest
3674 4818 3689 4854 :
3758 4796 3853 4851 sed
3912 4814 4038 4849 eum

2460 4871 2566 4923 line
2602 4870 2811 4923 infinito
2840 4870 3059 4937 assequi
3094 4908 3109 4932 ,
3167 4878 3219 4921 et
3262 4867 3727 4938 coinprebeiulere
3772 4868 3996 4919 enitens
4024 4902 4039 4923 .

2460 4938 2787 4993 desiderium
2835 4953 3050 5004 semper
3108 4937 3436 4990 immensum
3506 4937 3936 5003 inﬁnitumque,
3991 4949 4042 4988 et

2463 5008 2783 5062 cbaritatem
2818 5007 3197 5076 inexplebilem
3227 5006 3281 5060 in
3322 5008 3504 5074 seipsa
3540 5004 3883 5076 circumfert.

2539 5097 2557 5130 1
2592 5077 2695 5141 Qui
2729 5078 2795 5131 ad
2831 5074 2970 5130 bane
3002 5086 3199 5129 metam
3230 5078 3503 5141 processit
3528 5115 3543 5137 .
3578 5074 3820 5129 umidum
3847 5088 3910 5127 se
3942 5074 4039 5126 dc-

2456 5147 2664 5211 slderii,
2717 5155 2812 5201 aut
2862 5145 3147 5200 cliaritatis
3201 5144 3397 5215 Deirin
3456 5147 3637 5215 seipse
3700 5144 4033 5213 principium

2467 5219 2739 5269 invenisse
2772 5216 3072 5269 arbitratur
3112 5235 3125 5268 :
3168 5214 3263 5268 sed
3294 5214 3361 5267 de
3392 5230 3453 5268 se
3501 5214 3575 5269 ita
3622 5215 3826 5274 sentit,
3875 5214 4037 5281 quasi

2459 5288 2627 5340 Deum
2656 5300 2763 5338 non
2806 5293 3013 5337 amaret
3050 5282 3535 5352 :quandoquidem
3583 5284 3872 5337 eharitatis
3924 5283 4039 5349 plc-

2460 5356 2768 5410 uitudinem
2803 5355 3023 5423 assequi
3082 5351 3227 5407 haud
3282 5358 3541 5423 potuerit.
3593 5353 3732 5406 Hinc
3786 5352 4038 5412 seipsqu

2463 5436 2798 5494 postremum
2832 5422 3101 5494 omnium
3134 5423 3463 5494 timentium
3501 5422 3670 5494 Deum
3725 5431 4037 5494 reputans,

2462 5491 2748 5560 indignum
2770 5500 2985 5556 censet,
3014 5493 3108 5562 qui
3140 5504 3264 5545 cum
3302 5491 3555 5545 ﬁdelibus
3591 5491 3821 5547 salutem
3866 5492 4041 5557 adipi-

2464 5572 2672 5618 SCIIUI‘.

852 5756 870 5829 ξ
896 5757 916 5829 _l
938 5757 986 5803 iii
1024 5763 1211 5808 tantum
1249 5758 1483 5811 iubemus
1510 5766 1675 5814 Grece
1724 5765 1850 5817 edita
1878 5764 1923 5813 in
1950 5767 2211 5829 φύοιαλίᾳ
2241 5769 2331 5815 τῶν
2354 5768 2431 5827 trp

2447 5768 2491 5814 iw
2522 5767 2796 5824 Νηιτιιὼν,
2826 5761 3049 5813 Venetus
3076 5763 3192 5814 I781
3237 5763 3317 5813 [υι.
3341 5764 3445 5814 Jac.
3472 5761 3727 5811 Pontanus
3751 5761 3843 5809 326
3866 5760 4039 5811 Latine

795 5819 933 5869 elidi:
945 5830 1030 5868 rat.
