4182 6456
766 453 870 517 607

1994 418 2370 485 SYMEONlS
2396 408 2769 477 JUNlUlllS

3914 390 4018 454 608

770 564 955 630 pedire
979 564 1205 629 queant,
1261 554 1434 609 laxius
1461 548 1681 619 qudem
1710 553 1856 601 certe
1884 581 1898 607 ,
1933 550 1984 595 et
2028 536 2340 605 languidius

2446 535 2526 604 τῆς
2553 533 2781 604 καρδίας
2808 546 2927 583 σου.
2963 528 3021 581 Εἰ
3042 528 3150 599 γάρ
3166 527 3260 582 καὶ
3292 525 3365 596 μὴ
3396 525 3624 589 τελείως
3657 525 4018 597 sumamus;

773 655 906 710 illud
936 652 1204 709 efﬁcient.

844 844 919 906 7.,
949 839 1084 893 Cum
1120 845 1169 890 te
1202 834 1467 887 adversus
1492 826 1674 882 omnia
1734 824 1860 878 vim
1900 824 2151 875 humana:
2185 817 2339 872 blan-

770 935 1013 988 dimenta
1053 928 1229 981 virum
1261 919 1602 994 praestiteris,
1636 918 1885 987 nihilque
1917 916 1987 970 ab
2016 914 2097 969 eis
2125 912 2339 967 alleva-

772 1022 942 1077 mcnti
982 1018 1262 1091 petiveris,
1293 1024 1407 1067 tum
1440 1011 1646 1066 diaboli
1683 1010 1836 1064 llexis
1884 1008 1951 1061 ad
1987 1004 2345 1060 commisera-

774 1118 977 1172 tionem
1014 1112 1296 1182 cognatis,
1346 1107 1475 1161 flere
1518 1120 1633 1170 eos,
1665 1111 1719 1157 et
1773 1099 2061 1155 lamentari
2123 1103 2345 1166 prepter

774 1219 827 1263 te
881 1209 936 1261 in
965 1210 1264 1273 conspectu
1298 1209 1393 1254 tuo
1450 1198 1702 1252 facient:
1750 1193 1901 1264 quod
1952 1191 2025 1245 ita
2072 1203 2197 1243 esse
2248 1200 2347 1240 co-

771 1294 1027 1366 gnosces.
1060 1292 1213 1359 Quod
1260 1291 1305 1345 si
1342 1299 1397 1344 tu
1434 1290 1657 1343 immota
1703 1292 1885 1338 mente
1934 1289 2121 1335 contra
2184 1278 2345 1331 talem

774 1390 1035 1457 impetum
1070 1383 1378 1454 perstiteris
1408 1422 1423 1445 ,
1485 1378 1699 1433 videbis
1750 1391 1846 1432 eos
1898 1380 2123 1444 repente
2162 1371 2347 1426 furore

774 1486 825 1529 et
855 1477 983 1531 odio
1009 1477 1087 1530 tui
1126 1488 1415 1536 accensos,
1447 1479 1499 1525 te
1531 1479 1589 1524 ut
1626 1468 1909 1523 inimicum
1952 1464 2195 1520 aversari
2229 1506 2238 1517 .,
2295 1473 2349 1518 et

773 1570 981 1621 vultum
1010 1578 1162 1622 tuum
1196 1568 1435 1635 amplius
1469 1565 1610 1621 ferre
1638 1580 1748 1619 non
1783 1574 1972 1633 posse.

843 1660 899 1714 8.
931 1660 1066 1715 Cum
1104 1675 1133 1713 a
1166 1660 1506 1730 parentibus,
1539 1656 1824 1720 fratribus,
1856 1654 2051 1708 amicis
2101 1651 2198 1706 tibi
2249 1667 2348 1706 ne-

773 1756 919 1825 gutia
964 1740 1223 1818 'facessi,
1270 1762 1324 1807 et
1372 1751 1783 1806 tribulationem
1835 1746 2008 1802 creari
2068 1744 2345 1807 senseris,

776 1850 1078 1900 daemonem
1118 1844 1306 1910 irrlde,
1343 1844 1504 1914 cujus
1536 1842 1798 1899 instinctu
1848 1840 2201 1908 impulsuque
2234 1836 2349 1891 haec

776 1936 1112 1991 multimodis
1144 1944 1336 1991 contra
1372 1944 1426 1991 te
1460 1935 1868 2003 suscipiuntur,
1893 1940 1948 1987 et
1975 1947 2095 1986 cum
2128 1930 2348 1994 timore,

775 2045 1017 2099 curaque
1049 2031 1219 2084 multa
1254 2030 1392 2084 clam
1424 2027 1616 2085 secede
1638 2069 1652 2094 ,
1707 2028 1871 2082 Deum
1930 2026 2175 2095 impense
2219 2038 2311 2078 ora
2336 2061 2351 2086 ,

777 2131 836 2173 ut
866 2123 1118 2177 celeriter
1153 2121 1222 2176 ad
1272 2129 1490 2192 portum
1549 2122 1678 2176 boni
1736 2118 1973 2187 alicujus
2024 2117 2204 2173 Patris
2258 2130 2354 2185 ap-

778 2213 1018 2279 pcllaris,
1055 2213 1111 2267 in
1136 2227 1244 2283 quo
1274 2212 1513 2267 animam
1547 2219 1693 2266 tuam
1728 2219 2010 2265 oneratam
2070 2222 2135 2264 ac
2176 2206 2349 2263 delas-

774 2311 946 2357 satam
978 2303 1223 2370 reficere,
1253 2319 1318 2359 ac
1358 2318 1613 2360 recreare
1648 2303 1847 2372 possis.
1879 2299 2091 2355 Etenim
2127 2300 2353 2369 pelagus

774 2397 900 2451 vita:
926 2397 1088 2467 hujus
1137 2398 1203 2451 ad
1252 2397 1492 2467 pericula
1546 2395 1897 2465 nbjicienda,
1942 2401 2353 2461 extremamque

775 2489 1075 2558 perniciem
1103 2490 1417 2546 struendam
1449 2503 1512 2544 ac
1566 2489 1867 2559 parandam
1925 2486 2121 2541 idonea
2182 2486 2353 2540 multa

774 2582 1048 2637 tontinet.

844 2674 897 2728 9.
933 2672 1033 2739 Qui
1059 2674 1321 2727 mundum
1348 2673 1531 2729 odisse
1561 2672 1699 2735 vult,
1728 2687 1792 2726 cx
1842 2669 2099 2727 medullis
2142 2670 2355 2725 intimis

778 2763 941 2819 Deum
970 2765 1179 2835 diligat,
1206 2779 1443 2834 eumque
1473 2763 1821 2818 continenter
1864 2770 1990 2817 ante
2035 2762 2227 2816 oculos
2259 2761 2355 2814 ha-

776 2857 900 2912 beat
926 2865 1142 2926 oportet
1174 2876 1188 2913 :
1217 2857 1436 2927 quando
1459 2856 1679 2927 quidem
1709 2856 1842 2911 nihil
1896 2855 2125 2926 perinde
2157 2865 2216 2910 ut
2251 2855 2354 2909 ista

778 2952 889 3005 duo
957 2950 1090 3005 facit
1139 2952 1322 3005 omnia
1374 2965 1499 3005 cum
1563 2949 1765 3022 gaudio
1824 2949 2178 3019 relinquere,
2210 2954 2263 3000 et
2295 2955 2354 3000 ut

774 3044 1104 3114 quisquilias
1135 3042 1441 3114 despicatui
1474 3045 1699 3099 ducere.

845 3138 935 3190 l0.
965 3136 1202 3191 Omnino
1247 3136 1374 3207 fuge
1403 3178 1419 3203 ,
1460 3135 1840 3205 probabilibus
1876 3135 1943 3190 de
1983 3134 2171 3191 causis
2208 3133 2355 3202 (imo

2427 627 2527 696 τὴν
2554 624 2834 694 πρόθεσιν,
2890 620 3029 674 ἀλλά
3078 637 3140 688 γε
3176 618 3508 691 χαυνοτέραν
3552 619 3757 689 ταύτην
3789 618 4010 679 πάντως

2426 717 2523 770 καὶ
2545 713 2748 782 ἀσθενῆ
2778 710 3206 779 ἀπεργάζονται.

2498 806 2567 868 ζ’,
2600 805 2770 856 Ὅταν
2806 803 2943 873 πρὸς
2997 803 3177 855 πάντα
3230 800 3299 853 τὰ
3328 801 3424 854 τοῦ
3454 800 3573 870 βίου
3607 798 3742 869 ἡδέα
3783 796 4019 867 εὑρεθῇς

2427 898 2673 970 ἀνδρεῖος
2702 897 2795 949 καὶ
2826 894 3237 967 ἀπαράκλητος,
3271 893 3393 945 τότε
3424 893 3505 956 είς
3533 889 3891 961 συμπάθειαν
3926 887 4022 955 δῆο

2430 989 2526 1042 θεν
2572 989 2621 1041 οί
2681 988 2937 1055 δαίμονες
2982 987 3107 1048 τοὺς
3169 986 3453 1052 συγγενεῖς
3507 981 4012 1053 μεταστρέψαντες.

2430 1081 2637 1135 κλαίειν
2686 1078 2899 1132 ποιοῦσι
2934 1078 3026 1130 καὶ
3060 1078 3279 1147 θρηνεῖν
3315 1075 3424 1144 πρὸ
3455 1072 3755 1145 προσώπου
3798 1088 3896 1124 σου
3934 1070 4025 1121 διὰ

2431 1172 2513 1225 σέ.
2544 1173 2656 1224 Καὶ
2691 1169 2848 1223 τοῦτο
2877 1169 3073 1239 ἀληθὲς
3108 1162 3249 1221 εἶναι
3269 1165 3479 1239 γνώσῃ.
3505 1166 3596 1218 ὅτε
3632 1165 3699 1217 σὺ
3731 1163 3834 1233 μὲν
3858 1163 4024 1231 ἄτρε-

2432 1281 2565 1326 πτος
2599 1264 2695 1316 καὶ
2720 1264 2779 1314 ὲν
2809 1260 2984 1332 ταύτῃ
3007 1260 3282 1330 ὲμμείνῃς
3309 1260 3375 1328 τῇ
3395 1256 3697 1327 προσϐολῇ,
3730 1253 4026 1315 κάκείνως

2432 1358 2513 1419 είς
2564 1353 2760 1424 μανίαν
2791 1353 2891 1423 τὴν
2911 1352 3053 1404 κατὰ
3091 1350 3185 1403 σοῦ
3221 1348 3318 1402 καὶ
3338 1350 3494 1418 μῖσος
3524 1348 3728 1415 αἴφνης
3762 1343 4027 1411 ἐξαφθέν-

2430 1466 2533 1510 τας
2563 1446 2700 1518 ἴδῃς,
2729 1446 2825 1499 καὶ
2870 1444 2946 1507 ὡς
2998 1444 3192 1514 ἐχθρὸν
3226 1438 3745 1511 ἀποστρεφομένους
3797 1452 3855 1487 σε
3877 1475 3895 1501 ,
3929 1435 4025 1487 καὶ

2356 1573 2371 1585 ,
2432 1536 2570 1605 ὁρᾷν
2614 1533 2926 1595 ἐθέλοντας.

2507 1634 2580 1695 η’.
2614 1627 2727 1697 Τὴν
2755 1627 2908 1695 παρὰ
2941 1624 3051 1678 τῶν
3084 1623 3309 1691 γονέων,
3330 1622 3428 1676 καὶ
3480 1620 3745 1689 ἀδελφῶν,
3782 1620 3878 1672 καὶ
3936 1618 4025 1687 (pl-

2436 1722 2544 1774 λων
2570 1736 2664 1771 σου
2690 1718 2868 1787 θλίψιν
2896 1716 3038 1787 ὁρῶν
3068 1716 3156 1769 διὰ
3186 1715 3247 1767 σὲ.
3279 1715 3598 1783 γινομένην,
3647 1712 3783 1779 γέλα
3811 1710 3910 1762 ἐπὶ
3944 1709 4023 1777 τῷ

2436 1812 2793 1867 ὐποὸάλλοντι
2814 1808 2986 1864 ταῦτα
3012 1808 3273 1870 ποικίλως
3311 1806 3454 1860 κατά
3478 1805 3573 1858 σοῦ
3607 1802 3856 1871 γίνεσθαι
3903 1802 4022 1853 δαῒ-

2438 1923 2559 1976 μονι
2583 1921 2597 1934 ο
2628 1903 2725 1957 καὶ
2758 1902 2897 1973 μετὰ
2925 1899 3092 1969 φόϐου
3123 1898 3218 1951 καὶ
3269 1898 3506 1965 σπουδῆς
3537 1895 3739 1963 πολλῆς
3803 1891 4023 1961 ὑποχὼο

2438 2013 2605 2068 ρησον
2627 2011 2640 2024 ⁸
2691 1995 2787 2047 καὶ
2822 1993 2915 2045 τὸν
2965 1991 3100 2042 Θεὸν
3126 1988 3363 2051 ἐκτενῶς
3410 1986 3671 2049 δυσώπει,
3702 1983 3798 2036 τοῦ
3832 1983 4022 2068 τάχιον

2436 2066 2517 2151 εἰς
2544 2086 2739 2157 λιμένα
2778 2083 2947 2137 καλοῦ
2999 2081 3212 2152 Πατρδς
3266 2077 3602 2147 καταντῆσαί
3638 2093 3698 2129 σε
3721 2092 3734 2104 ⁸
3777 2066 3902 2140 ἐνῷ
3928 2071 4024 2140 τὴν

2435 2178 2616 2250 ψυχήν
2644 2194 2739 2231 σου
2787 2174 3185 2244 κεκοπωμένην
3235 2172 3331 2225 καὶ
3371 2168 3817 2241 πεφορτισμὲνην
3848 2165 4026 2235 ὑπάρο

2435 2288 2638 2343 χουσαν
2670 2268 2835 2331 αὐτὸς
2887 2263 3243 2321 ἀναπαύσειε.
3272 2262 3453 2316 Πολλά
3479 2262 3588 2332 γὰρ
3613 2259 3726 2329 ἔχει
3746 2258 3809 2311 τὸ
3860 2256 4026 2309 πέλα-

2436 2381 2533 2434 γος
2573 2361 2669 2417 τοῦ
2706 2361 2822 2432 βίου
2858 2359 3098 2429 πρόξενα
3125 2354 3390 2410 κινδύνων
3412 2355 3509 2407 καὶ
3538 2351 3817 2414 ἀπωλείας
3854 2349 4024 2419 ἐσχά-

2436 2473 2559 2528 της.

2508 2671 2576 2727 θ’.
2616 2673 2677 2726 '0
2705 2671 2931 2741 μισῆσαι
2961 2666 3129 2721 θέλων
3162 2665 3254 2719 τὸν
3287 2664 3494 2734 κόσμον
3515 2705 3530 2727 ,
3570 2662 3795 2731 ἀγάπην
3823 2661 3888 2713 ὲκ
3926 2660 4023 2730 βα-

2444 2764 2585 2817 θέων
2610 2762 2789 2832 ψυχῆς
2822 2759 2967 2829 ἔχειν
2987 2756 3193 2825 ὀφείλει
3223 2756 3358 2826 πρὸς
3384 2754 3475 2807 τὸν
3501 2753 3655 2817 Θεὸν,
3684 2754 3779 2806 καὶ
3804 2753 4025 2821 μνήμην

2437 2855 2629 2907 τούτου
2664 2853 2915 2905 άένναον.
2945 2848 3115 2901 Οὐδὲν
3138 2847 3249 2915 γάρ
3292 2845 3480 2915 ἓτερον
3512 2845 3587 2907 ὡς
3614 2843 3812 2904 ταῦτα,
3844 2842 4025 2895 ᾶπαν-

2435 2963 2503 2999 τα
2546 2944 2686 3013 μετά
2707 2943 2882 3014 χαρᾶς
2918 2937 3354 3008 καταλιμπάνειν
3403 2938 3568 3001 ποιεῖ,
3606 2936 3701 2988 καὶ
3734 2934 4027 2987 σκυϐάλων

2436 3038 2593 3108 δίκην
2626 3032 3089 3103 ἀποστρέφεσθαι.

2518 3138 2570 3184 ι’.
2604 3129 2699 3199 Μὴ
2737 3126 2859 3180 θέλε
2891 3124 2959 3178 δι’
2987 3123 3245 3191 εὐλόγους
3293 3123 3471 3183 αἰτίας
3503 3122 3537 3193 ἧ
3566 3121 3796 3189 ἀλόγους
3821 3120 3902 3191 τῷ
3936 3118 4029 3171 κό-

775 3227 1059 3282 cnimvero
1100 3225 1553 3296 improbabilihus
1580 3267 1595 3292 ,
1636 3237 1689 3281 et
1739 3225 1936 3279 rationi
1978 3238 2169 3293 parum
2218 3237 2349 3276 con-

2446 3239 2572 3292 σμῳ
2605 3218 2939 3291 προσμεῖναι
2967 3215 3027 3269 τδ
3060 3214 3279 3267 σύνολον
3299 3229 3312 3241 ·
3349 3213 3461 3266 ἀλλ’
3480 3213 3568 3265 ὅτε
3591 3211 3818 3281 κληθῇς,
3838 3209 4029 3261 συντό-

776 3318 1099 3388 sentaneis)
1154 3317 1377 3372 assiduo
1418 3317 1706 3371 inmundo
1752 3316 1981 3371 versari.
2030 3314 2230 3369 Verum
2267 3328 2356 3367 ac-

776 3411 1035 3473 cersitus,
1065 3419 1310 3464 actutum
1348 3409 1506 3464 obedi
1558 3427 1571 3462 :
1609 3424 1717 3463 non
1748 3407 1894 3462 enim
1942 3407 1995 3460 in
2053 3406 2162 3460 alio
2213 3407 2355 3460 Deus

775 3517 952 3571 mque,
984 3509 1044 3557 ut
1079 3501 1132 3554 in
1164 3501 1329 3557 celeri
1363 3501 1673 3556 obedientia
1727 3492 1913 3555 nostra
1959 3499 2179 3553 laetatur
2210 3516 2226 3552 :
2278 3498 2356 3553 si-

778 3593 999 3661 quidem
1037 3593 1232 3649 melior
1285 3592 1582 3663 expedita,
1636 3601 1691 3649 et
1742 3600 1993 3662 prompta
2046 3589 2357 3645 obedientia

780 3702 906 3738 cum
947 3694 1215 3755 egestate,
1243 3700 1408 3755 quam
1462 3685 1693 3741 tarditas
1742 3700 1867 3740 curn
1911 3682 2212 3738 abundanti
2270 3697 2360 3752 pe-

785 3779 974 3832 cunia.

857 3872 944 3925 ll.
970 3869 1026 3925 Si
1061 3869 1320 3935 mundus,
1348 3878 1402 3925 et
1432 3869 1706 3924 mundana
1731 3869 1983 3923 universa
2008 3878 2362 3938 pra-tercunt,

785 3963 936 4017 solus
969 3972 1148 4018 autem
1186 3962 1326 4018 Deus
1384 3963 1753 4031 sempiternus
1800 3970 1883 4017 est
1915 4001 1931 4026 ,
1980 3977 2082 4017 nec
2105 3978 2229 4016 eum
2255 3962 2362 4016 ulla

787 4056 979 4111 mortis
1018 4055 1126 4108 fata
1151 4056 1443 4125 periment,
1472 4054 1752 4117 lmlamini,
1776 4055 2095 4124 quicunque
2137 4066 2359 4126 preptar

789 4147 937 4201 illum
978 4149 1140 4203 rebus
1174 4148 1333 4204 fluxis
1371 4149 1601 4203 salutem
1655 4147 1895 4202 dixistis.
1948 4146 2123 4201 Fluxa
2184 4157 2364 4201 autem

787 4249 913 4294 sunt
953 4254 1059 4293 non
1092 4239 1293 4295 divitia:
1325 4239 1509 4304 modo,
1545 4249 1598 4294 et
1632 4240 1910 4309 pecuniae,
1942 4243 2036 4295 sed
2080 4247 2135 4293 et
2181 4254 2364 4294 omnis

792 4333 1067 4402 voluptas,
1102 4340 1157 4387 et
1192 4332 1487 4387 oblectatio
1520 4333 1731 4402 peccati
1762 4333 1905 4387 ﬂuxa
1927 4341 2060 4387 est:
2092 4332 2208 4386 sola
2239 4346 2369 4385 vero

792 4425 882 4478 Dei
919 4425 1173 4479 mandata
1210 4424 1327 4490 lux,
1358 4433 1412 4479 et
1444 4425 1548 4479 vita
1580 4435 1711 4481 sunt
1734 4466 1749 4489 ,
1796 4427 1959 4497 idque
2000 4426 2069 4479 ab
2112 4426 2371 4480 omnibus

788 4516 1154 4584 appellantur.

2448 3331 2564 3384 μως
2596 3312 2926 3365 ὑπάκουσον.
2956 3308 3043 3361 Ἑν
3069 3306 3243 3359 οὐδενὶ
3258 3304 3368 3375 γάρ
3397 3304 3571 3374 ἑτέρῳ
3596 3302 3739 3355 οὕτω
3768 3301 3925 3363 Θεὸς.
3949 3300 4026 3363 ὡς

2444 3407 2505 3458 ὲν
2556 3405 2624 3474 τῇ
2662 3400 2927 3471 ταχυτῆτι
2966 3397 3123 3468 ἡμῶν
3171 3395 3618 3463 ὲπευφραίνεται.
3679 3392 3897 3461 Ἐπειδὴ
3932 3406 4030 3455 και⁵

2449 3497 2722 3568 κρείσσων
2746 3495 2965 3564 ὑπακοὴ
3006 3491 3288 3560 συντόμως
3323 3488 3464 3561 μετά
3498 3489 3708 3553 πενίας,
3757 3489 3791 3559 ἢ
3829 3488 4030 3559 βραδύ-

2450 3609 2552 3663 της
2585 3590 2724 3662 μετά
2753 3586 2995 3658 πλήθους
3022 3584 3345 3656 χρημάτων.

2524 3862 2612 3918 ια’.
2665 3863 2727 3915 Εἰ
2767 3864 2795 3915 ὁ
2842 3860 3044 3929 κόσμος
3077 3856 3170 3909 καὶ
3221 3853 3289 3907 τά
3314 3852 3370 3904 ὲν
3421 3851 3611 3919 κόσμῳ
3664 3846 4035 3916 παρέρχονται

2456 3955 2653 4016 πάντα,
2677 3954 2704 4004 ὁ
2732 3952 2785 4005 δὲ
2816 3948 2950 4011 θεὸς
3000 3946 3278 4015 ἄφθαρτος
3330 3942 3425 3996 καὶ¹
3452 3940 3743 4000 ἀθάνατος,
3810 3937 4037 4005 χαίρετε

2455 4044 2569 4094 ὅσοι
2596 4041 2666 4093 δι’
2711 4038 2873 4092 αὐτὸν
2906 4037 2975 4089 τὰ
3025 4033 3241 4103 φθαρτά
3298 4029 3674 4097 κατελείψατε.
3703 4025 3925 4094 Φθαρτά
3982 4025 4040 4076 δὲ

2456 4134 2596 4186 εἰσιν
2622 4132 2684 4185 οὐ
2721 4130 2884 4202 μόνον
2918 4126 3147 4188 πλοῦτος
3171 4125 3261 4177 καὶ
3287 4124 3569 4193 χρήματα,
3598 4118 3731 4172 ἀλλὰ
3762 4119 3854 4170 καὶ
3886 4118 4043 4169 πᾶσα

2457 4224 2620 4294 ἡδονὴ
2652 4223 2745 4275 καὶ
2779 4220 3083 4281 ἀπόλαυσις
3126 4216 3404 4286 ἁμαρτίας
3452 4213 3629 4283 φθορά
3684 4213 3822 4263 ἐστι.
3863 4209 4044 4261 Μὸναι

2460 4315 2518 4368 δὲ
2546 4315 2603 4367 αἱ
2625 4314 2718 4366 τοῦ
2752 4311 2888 4365 Θεοῦ
2923 4310 3135 4363 ἐντολαὶ
3162 4307 3278 4377 φῶς
3301 4308 3407 4359 εἰσι
3448 4305 3541 4358 καὶ
3568 4302 3681 4371 ζωή
3705 4317 3718 4330 ·
3748 4301 3842 4352 καὶ
3881 4298 4047 4351 τοῦτο

2466 4408 2617 4478 παρά
2649 4408 2866 4460 πάντων
2891 4402 3205 4456 καλοῦνται.

860 4604 949 4658 ιε.
980 4604 1035 4657 Si
1065 4612 1332 4675 concepta
1357 4604 1574 4660 flamma
1601 4647 1615 4671 ,
1649 4617 1703 4662 et
1749 4607 1904 4675 quasi
1958 4606 2097 4661 taeda
2153 4606 2359 4660 ardenti

2446 4603 2449 4629 τ
2534 4595 2619 4666 ιβ’.
2653 4596 2715 4649 Εἰ
2744 4596 2919 4663 φλόγα
2943 4595 3155 4659 ἔλαϐες,
3221 4593 3437 4663 ἁδελφὲ,
3479 4592 3576 4647 καὶ
3614 4591 3839 4664 δραμὼν
3899 4607 4046 4660 παρ-

790 4702 1032 4762 accepta,
1062 4691 1250 4759 frater,
1283 4711 1447 4750 cursu
1480 4702 1533 4750 te
1578 4697 1645 4750 ad
1699 4697 2016 4751 coenobium
2045 4737 2059 4761 ,
2121 4706 2215 4749 aut
2259 4696 2366 4749 Pa-

792 4795 928 4839 trem
969 4778 1309 4855 spiritualem
1340 4787 1623 4842 contulisti
1650 4827 1665 4853 ,
1694 4788 1767 4843 ob
1800 4789 1853 4842 id
1881 4829 1896 4854 ,
1948 4791 2113 4845 etiam
2150 4788 2371 4842 hortatu

793 4876 964 4936 illius,
997 4884 1083 4930 aut
1124 4877 1216 4945 qui
1264 4885 1443 4933 tecum
1497 4888 1631 4933 sunt
1671 4879 2053 4949 religiosorum
2097 4878 2372 4941 fratrum,

795 4965 1190 5029 lavationibus,
1244 4967 1429 5031 escis,
1482 4967 1679 5023 aliisve
1728 4968 2006 5038 obsequiis
2054 4969 2121 5022 ad
2173 4984 2374 5038 corpus

796 5057 1197 5126 pertinentibus
1217 5058 1595 5123 rei-reatiouis,
1627 5069 1690 5123 et
1714 5062 1881 5114 animi
1907 5075 2071 5115 causa
2104 5062 2370 5115 utendum

797 5149 891 5203 tibi
922 5165 988 5204 ne
1016 5160 1199 5219 putes,
1256 5152 1349 5206 sed
1378 5152 1443 5207 ad
1472 5151 1766 5221 jejunium,
1804 5155 1871 5208 ad
1902 5170 2091 5223 aspera
2130 5156 2371 5222 ferenda,

796 5241 862 5296 ad
899 5255 1172 5297 summam
1221 5243 1614 5298 continentiam
1656 5255 1878 5316 paratus
1926 5262 2143 5315 semper
2199 5259 2320 5302 esto

798 5345 859 5389 ut
893 5335 939 5391 si
972 5335 1246 5391 Patristui
1284 5337 1337 5392 in
1370 5338 1600 5393 Domino
1629 5340 1962 5394 auctoritate
1983 5339 2049 5394 ad
2082 5339 2372 5395 fruendum

799 5428 1018 5497 aliquod
1046 5429 1303 5484 solatium
1353 5430 1621 5497 incitere,
1660 5432 1738 5487 illi
1781 5417 2168 5488 obsecundans
2217 5447 2374 5501 repe-

801 5520 983 5585 liare,
1029 5527 1082 5573 et
1123 5520 1386 5575 voluntati
1427 5530 1531 5575 tuae
1580 5537 1681 5576 nec
1736 5522 1789 5576 in
1844 5523 1947 5577 hoc
1983 5522 2166 5577 dedita
2209 5537 2373 5589 opera

801 5627 1012 5681 parere.
1045 5612 1258 5682 Alioqui
1291 5629 1416 5668 cum
1454 5614 1734 5682 voluptate
1770 5616 1986 5670 sustine
2011 5653 2027 5680 ,
2068 5631 2133 5671 ac
2171 5628 2373 5686 patere,

798 5720 919 5772 qua:
946 5704 1119 5759 libens
1152 5714 1207 5759 et
1234 5706 1378 5761 ultro
1424 5708 1488 5759 ad
1523 5707 1718 5761 animae
1766 5708 2199 5763 emolumentum
2251 5709 2376 5764 inde

800 5798 1226 5867 comparandum
1263 5798 1766 5855 facereinstituisli.
1796 5802 1871 5856 Ita
1894 5803 1938 5855 si
1974 5801 2134 5865 faxis,
2162 5818 2375 5867 semper

798 5890 867 5948 ab
898 5892 1150 5947 omnibus
1188 5890 1365 5948 inedia
1402 5902 1452 5948 te
1499 5892 1753 5960 allligere,
1788 5907 1837 5951 et
1878 5895 2227 5951 continentia:
2259 5903 2373 5950 slu-

2466 4689 2655 4757 εγένου
2682 4690 2739 4740 ὲν
2779 4688 3029 4757 κοινοϐίῳ
3066 4687 3098 4757 ἢ
3124 4684 3482 4757 πνευματικῷ
3530 4685 3719 4756 πατρὶ,
3748 4682 3839 4736 διὰ
3866 4683 4046 4743 τοῦτο,

2462 4781 2510 4832 εἰ
2539 4779 2824 4849 προτρέπῃ
2862 4778 2993 4849 παρ’
3026 4778 3212 4843 αὑτοῦ,
3252 4779 3285 4848 ἢ
3322 4778 3471 4848 παρά
3512 4777 3623 4829 τῶν
3667 4777 4048 4843 συνασκουμέ-

2462 4891 2569 4926 νων
2618 4890 2699 4925 σοι
2745 4872 3011 4941 ἀδελφῶν,
3046 4872 3311 4943 λουτροῖς,
3361 4870 3394 4941 ἦ
3454 4868 3759 4940 βρώμασιν,
3791 4868 3823 4935 ἦ
3860 4867 4051 4927 ἄλλαις

2467 4966 2782 5037 θεραπείαις
2810 4965 3117 5035 χρήσασθαι
3150 4963 3512 5026 ἀναπαύσεως
3555 4962 3734 5031 χάριν,
3768 4959 3929 5011 τοῦτο
3978 4960 4053 5028 μὴ

2463 5061 2736 5131 καταδέξῃ
2768 5076 2781 5089 ⁸
2813 5059 2927 5112 ἀλλ’
2960 5059 3046 5113 ἀεὶ
3081 5057 3603 5128 παρεσκευασμένος
3650 5054 3741 5107 ἔσο
3782 5056 3919 5125 1:93);
3963 5072 4053 5121 νη-

2466 5154 2670 5217 στείαν,
2706 5152 2840 5223 πρὸς
2874 5150 3272 5210 κακοπάθειαν.
3308 5149 3445 5220 πρὸς
3502 5148 3833 5219 ἐγκράτειαν
3882 5147 4055 5215 ἀκρο-

2357 5266 2370 5301 ;
2413 5304 2427 5318 ⁸
2464 5245 2661 5313 τάτην*
2697 5242 2784 5296 ἵνα
2819 5244 2868 5295 εί
2904 5243 3001 5311 μὲν
3034 5241 3187 5312 παρὰ
3221 5238 3315 5293 τοῦ
3346 5240 3441 5292 σοῦ
3476 5241 3536 5291 ὲν
3582 5236 3776 5308 Κυρίῳ
3818 5234 4053 5305 πατρὸς,

2465 5340 2791 5409 προτραπῇς
2828 5337 3119 5407 μετασχεῖν
3143 5332 3567 5403 παρακλήσεως,
3591 5328 3824 5399 εὑρεθῇς
3857 5327 4057 5409 ἐκείνῳ

2470 5401 2571 5501 μεν
2893 5428 2954 5480 τὸ
3084 5401 3340 5479 ῐδιόνήσου
3372 5423 3585 5493 θέλημα
3625 5420 3764 5491 μηδὲ
3787 5422 3847 5472 ἐν
3878 5401 4057 5490 τούτῳ

2467 5522 2638 5576 ποιῶν
2661 5537 2675 5551 ”
2704 5522 2754 5575 εί
2788 5520 2845 5573 δὲ
2884 5518 2987 5589 μὴ,
3025 5520 3164 5588 μετὰ
3187 5519 3363 5589 χαρᾶς
3394 5515 3672 5587 ὑπομένῃς
3709 5513 3855 5583 ειπερ
3894 5513 4056 5565 ἑκου-

2467 5614 2599 5677 σίως
2630 5612 2855 5682 ποιῆσαι
2884 5610 3181 5679 ἠθέλησας,
3214 5608 3466 5677 ψυχικῶς
3492 5605 3895 5675 ὠφελούμενος.
3918 5602 4057 5655 Τοῦ-

2466 5723 2528 5757 το
2554 5706 2662 5774 γάρ
2692 5702 2998 5771 φυλάττων,
3031 5702 3132 5773 ἔσῃ
3156 5700 3443 5762 διαπαντὸς
3480 5698 3575 5750 ἐπὶ
3627 5698 3793 5749 πᾶσιν
3843 5696 3917 5757 ὡς
3948 5714 4054 5765 νη-

2472 5797 2700 5859 στεύων,
2730 5798 2824 5849 καὶ
2856 5794 3347 5864 ἐγκρατευόμενος,
3398 5794 3493 5844 καὶ
3517 5791 3595 5859 τῷ
3627 5790 3741 5857 ἰδίῳ
3784 5788 4055 5856 θελήματι

2472 5890 2611 5944 κατὰ
2653 5891 2828 5943 πάντα
2877 5887 3312 5956 ὑποταξάμενος.
3346 5887 3419 5939 Οὐ
3460 5886 3619 5955 μόνον
3667 5882 3743 5948 δὲ,
3778 5880 3909 5933 ἀλλὰ
3968 5882 4057 5934 καὶ
