4182 6456
152 425 261 489 609

1387 412 1759 474 CAPITULA
1806 410 2193 471 PRACTICA.

3310 410 3415 468 610

154 551 253 619 τὴν
286 545 513 600 ἐνοῦσαν
543 546 598 597 ἐν
625 546 687 614 τῇ
722 542 916 612 καρδίᾳ.
952 556 1043 592 σου
1088 538 1263 606 φλόγα
1301 536 1562 589 ἄσϐεστον
1618 531 1734 581 δια-

1847 521 2003 580 iere,
2069 526 2461 590 propriamque
2514 519 2849 575 voluntatem
2905 518 3155 574 t‘unditus
3201 518 3421 574 eruisse

153 645 462 713 τηρήσεις,
518 640 615 707 τὴν
676 638 898 689 πάντων
962 632 1329 703 καταφρονεῖν
1401 644 1460 680 σε
1518 622 1734 694 βιάζου*

157 751 278 789 σαν.

224 1014 322 1073 ιγ’.
357 1006 530 1059 Ὅταν
564 1002 740 1056 πάντα
774 1002 886 1069 παῤ
915 997 1126 1051 ἑαυτῶν
1152 997 1199 1048 oi
1229 995 1479 1064 δαίμονες
1516 993 1732 1064 πράξω-

154 1117 227 1159 σι,
254 1099 353 1151 καὶ
385 1097 474 1149 τὸν
504 1096 642 1148 κατά
671 1093 803 1145 Θεδν
839 1090 997 1161 ἡμῶν
1052 1087 1252 1141 σκοπὸν
1304 1088 1625 1139 κατασεῐσαι
1673 1086 1733 1138 οὐ

152 1189 483 1258 δυνηθῶσιν,
511 1188 545 1257 ἦ
599 1183 916 1255 ἐμποδίσαι,
960 1182 1082 1235 τότε
1131 1181 1245 1242 τοῖς
1292 1178 1392 1248 τὴν
1450 1177 1736 1231 εὐλάϐειαν

155 1279 611 1351 ὑποκρινομένοις
670 1275 1114 1345 ὑπεισέρχονται,
1167 1271 1261 1324 καὶ
1282 1269 1564 1323 διἀὖτῶν
1614 1268 1739 1331 τοὺς

156 1373 600 1441 ἀγωνιζομένους
651 1366 963 1440 ἐμποδίζειν
995 1366 1314 1436 πειρῶνται.
1358 1363 1467 1416 Καὶ
1524 1361 1740 1431 πρῶτον

163 1465 265 1532 μὲν
298 1462 374 1525 ὡς
411 1463 468 1527 ἐξ
494 1461 715 1530 ἀγάπης
739 1458 904 1528 δῆθεν
942 1458 1040 1510 καὶ
1088 1453 1435 1522 συμπαθείας
1480 1450 1740 1519 κινούμε⁸

161 1572 265 1615 νοι,
299 1556 381 1616 εἰς
409 1551 727 1622 σωματικὰς
758 1548 1095 1609 ἀναπαύσεις
1134 1546 1334 1616 χωρεῖν
1387 1541 1745 1611 παραινοῦσιν

160 1646 365 1709 αὐτούς
389 1662 406 1679 ·
440 1644 529 1697 ἵνα
567 1643 641 1714 μὴ
667 1642 761 1695 καὶ
791 1641 854 1694 τὸ
889 1639 1050 1709 σῶμα
1074 1637 1407 1705 ἀδυνατήσῃ,
1462 1634 1618 1702 φησὶ,
1650 1632 1747 1685 καὶ

162 1740 245 1799 εἰς
276 1734 513 1806 ἁκηδίαν
543 1734 886 1803 ἐμπεσεῖται.
925 1729 1157 1781 Ἔπειτα
1202 1726 1295 1780 καὶ
1326 1726 1404 1787 εἰς
1454 1723 1748 1793 συντυχίας

164 1827 472 1896 ἀνωφελεῖς
532 1823 959 1893 ικκαλούμενοι,
1018 1820 1119 1883 τὰς
1169 1819 1383 1887 ἡμέρας
1410 1820 1468 1869 ὲν
1525 1815 1749 1877 ταύταις

165 1918 630 1988 προσαναλίσκειν
659 1914 852 1976 αὐτοὺς
881 1912 1144 1966 ποιοῦσιν.
1177 1911 1240 1962 Εἰ
1274 1908 1371 1979 μέν
1401 1924 1484 1969 τις
1512 1905 1751 1959 ὑπακού-
1773 1896 1811 1951 Β

171 2026 275 2073 σας
303 2008 415 2062 τῶν
451 2007 757 2062 σπουδαξων
780 2003 1023 2075 ὁμοιωθῇ
1046 2002 1254 2065 αὐτοῖς,
1307 2000 1630 2070 στρέφονται
1657 1999 1753 2052 καὶ

171 2100 475 2169 ὲπιγελῶσι
527 2098 627 2169 τὴν
664 2096 830 2152 αὑτοῦ
888 2093 1187 2148 ἀπώλειαν.
1223 2095 1283 2146 El
1315 2094 1371 2145 δὲ
1423 2093 1497 2163 μὴ
1532 2092 1751 2162 ύπαχθῇ

170 2195 285 2254 τοῖς
317 2191 498 2244 αὐτῶν
533 2189 735 2257 λόγοις,
780 2186 918 2241 ἀλλά
944 2188 1101 2256 τηρεῖ
1123 2186 1312 2238 ἑαυτὸν
1342 2184 1489 2249 ξένον
1524 2185 1587 2236 ὲκ
1617 2183 1751 2236 πάν-

174 2300 308 2346 των,
341 2285 435 2334 καὶ
494 2280 742 2341 σύννουν,
795 2279 889 2332 καὶ
942 2276 1431 2347 ἀπαρρησίαστον,
1484 2273 1759 2327 κινοῦνται

178 2376 260 2437 εἰς
288 2372 507 2441 φθόνον,
554 2372 645 2423 καὶ
694 2370 870 2424 πάντα
917 2368 1133 2420 ποιοῦσι
1164 2368 1258 2419 καὶ
1282 2365 1612 2433 πράσσουσι,
1654 2363 1760 2426 ἕως

178 2460 244 2521 οῦ
276 2466 370 2518 καὶ
415 2465 514 2533 τῆς
565 2462 731 2532 μονῆς
774 2460 939 2513 αὑτὸν
984 2456 1318 2519 ὲκδιώξωσι·
1350 2455 1411 2507 ού
1456 2454 1608 2525 φέρει
1653 2453 1761 2521 γὰρ

184 2556 467 2620 κενοδοξία
519 2556 732 2624 ἄτιμος,
796 2548 1201 2621 ἐπαινουμένην
1249 2546 1577 2602 ταπείνωσιν
1628 2545 1763 2616 ὀρᾷν

184 2649 521 2712 ἀπεναντίας
553 2647 744 2717 αὐτῆς.

264 2923 348 2976 ιδ’.
382 2919 645 2991 ’Δγχεται
679 2923 976 2988 κενόδοξος,
1028 2924 1429 2995 ταπεινόφρονα
1461 2922 1603 2997 δρῶν
1632 2941 1765 2995 προ-

190 3015 390 3083 χέοντα
413 3014 652 3084 δάκρυα,
681 3016 776 3070 καὶ
803 3014 1002 3077 δισσῶς
1023 3014 1433 3085 ὠφελούμενον·
1460 3016 1592 3069 Θεὸν
1608 3016 1767 3068 ἵλεων

193 3107 264 3160 δι’
298 3106 489 3160 αὐτῶν
511 3107 901 3177 ἐργαζόμενον,
937 3107 1031 3161 καὶ
1063 3107 1385 3178 ἀνθρώπους
1437 3110 1515 3171 εἰς
1548 3106 1766 3160 ἔπαινον

190 3198 579 3267 ἐπισπώμενον
604 3198 923 3267 ἀϐούλητον.

263 3384 344 3431 ιε’.
398 3377 520 3441 ‘Aqa‘
569 3371 632 3431 οῦ
680 3378 905 3432 σεαυτὺν
968 3378 1087 3431 ὅλον
1137 3378 1216 3448 τῷ
1265 3378 1621 3449 πνευματικῷ
1667 3395 1762 3432 σου

188 3469 484 3537 ἀναθήσεις
531 3471 722 3539 πατρὶ,
772 3470 881 3523 ἴσθι
912 3470 989 3534 ὡς
1043 3470 1189 3534 ξένος
1217 3466 1283 3541 ἧς
1330 3470 1424 3523 ἐπὶ
1465 3472 1631 3525 πᾶσιν
1684 3468 1766 3536 οἷς

189 3561 394 3626 ἔξωθεν
424 3562 660 3633 ἐπιφέρῃ
687 3578 701 3592 ο
731 3562 1059 3633 ἀνθρώποις,
1088 3562 1246 3630 λέγω,
1271 3563 1563 3633 πραγμασὶ
1586 3581 1645 3616 τε
1670 3564 1766 3617 καὶ

186 3657 491 3724 χρήμασιν.
524 3647 600 3707 Οῦ
639 3655 827 3725 χωρὶς,
856 3655 1021 3724 μηδὲν
1048 3657 1105 3707 ἐν
1122 3654 1299 3718 αὐτοῖς
1325 3655 1582 3726 πρᾶξαιῆ
1610 3655 1768 3725 ποιῆ-

189 3760 282 3798 σαι
313 3745 571 3815 θελήσῃς.
619 3745 778 3797 ’Δλλά
838 3746 970 3815 μηδὲ
1015 3746 1207 3815 μικρὸν
1243 3747 1276 3815 ἦ
1339 3747 1481 3815 μέγα
1532 3748 1767 3817 πρᾶγμα

188 3837 391 3907 αἰτήσῃ
419 3836 549 3906 παρ’
572 3836 735 3890 αὑτοῦ
762 3855 774 3866 ·
826 3837 874 3889 εἱ
909 3838 1040 3906 μήτι
1076 3837 1237 3900 αὐτὸς
1261 3840 1326 3907 τῇ
1362 3838 1541 3909 οἰκείᾳ
1568 3838 1762 3910 γνώμῃ

183 3926 221 3996 ἢ
253 3926 549 3995 προστάξει
586 3928 770 3981 λαϐεῖν
801 3944 882 3990 σε,
920 3926 951 3996 ἦ
987 3928 1147 3989 αὐτος
1194 3928 1400 3991 ἐκεῖνος
1427 3929 1764 3998 αὖτοχείρως

192 4020 429 4086 παρέξει
463 4036 568 4073 σοι.

278 4232 382 4292 ις’.
419 4227 511 4297 Μὴ
533 4226 640 4296 δῷς
663 4227 793 4281 ἄνευ
822 4226 916 4281 τοῦ
935 4228 1077 4281 κατά
1110 4227 1243 4279 Θεόν
1265 4242 1361 4278 σου
1398 4228 1601 4298 πατρὸς
1620 4227 1770 4298 ἐλεη-

192 4321 463 4390 μοσύνην,
491 4322 551 4386 ἐξ
578 4315 652 4376 ὧν
676 4325 977 4395 χρημάτων
1005 4327 1393 4398 προσήνεγκας
1412 4344 1427 4359 ο
1472 4328 1608 4383 ἀλλά
1635 4330 1768 4401 μηδὲ

186 4412 276 4466 διὰ
313 4415 536 4483 μεσετου
566 4414 752 4468 λαϐεῖν
774 4434 895 4470 τινα
926 4417 985 4484 ἐξ
1012 4419 1189 4473 αὐτῶν
1221 4420 1457 4493 θελήσῃς
1475 4422 1605 4491 παρ’
1629 4424 1771 4476 ὲκεί-

186 4521 304 4558 νου.
347 4506 611 4575 Κρεῖττον
654 4508 763 4577 γὰρ
816 4508 1031 4578 πτωχὸν
1089 4512 1184 4563 καὶ
1240 4510 1388 4575 ξένον
1412 4507 1553 4565 εἷναί
1583 4531 1640 4567 τ;
1677 4516 1770 4568 καὶ

1834 613 2187 678 jndieaberis.
2222 610 2408 681 Neque
2445 613 2493 664 id
2528 612 2701 665 solum
2731 652 2747 676 ,
2802 611 2898 666 sed
2947 611 3171 678 insuper
3218 612 3419 663 arden-

1838 715 1944 759 tem
1977 705 2027 759 in
2065 713 2287 774 pectore
2325 716 2417 757 tuo
2454 704 2728 757 ﬂammam
2770 703 3151 760 inexstiuctam
3196 716 3423 756 conser-

1838 796 2017 858 vabis,
2060 811 2181 865 qua:
2211 804 2264 850 te
2308 793 2375 848 ad
2422 793 2672 847 omnium
2718 807 2898 847 rerum
2955 789 3417 859 contemptionem

1837 886 2008 955 adigit

1910 998 1993 1052 15.
2036 996 2171 1051 Cum
2204 995 2554 1068 prtestiterint
2594 994 2870 1049 daemones
2896 1034 2910 1056 ,
2942 1000 2997 1046 et
3045 990 3253 1061 experti
3294 988 3417 1045 fue-

1839 1092 1945 1145 rint
1978 1094 2187 1153 omnia,
2217 1105 2337 1160 qua:
2364 1089 2417 1143 in
2452 1104 2510 1143 se
2538 1087 2761 1141 fuerunt
2790 1126 2805 1151 ,
2852 1101 2952 1141 nec
2991 1094 3170 1141 tamen
3234 1102 3336 1140 nos
3389 1100 3418 1137 a

1836 1198 2003 1250 scopo
2038 1193 2225 1239 nostro
2259 1181 2560 1259 secundum
2593 1181 2759 1234 Deum
2794 1186 3043 1232 avertere
3094 1177 3370 1246 potuerint
3405 1218 3420 1239 ,

1837 1289 1935 1327 nec
1966 1276 2254 1339 remorari,
2301 1284 2466 1344 atque
2498 1272 2784 1343 impedire,
2806 1281 2920 1326 tum
2944 1286 3002 1326 se
3026 1270 3079 1324 in
3103 1270 3417 1339 religiosam

1837 1366 2147 1425 cautionem
2186 1368 2508 1421 simulantes
2558 1366 2881 1430 insinuant,
2912 1377 3216 1432 eorumque
3260 1376 3422 1431 opera

1839 1476 2003 1517 sacro
2034 1459 2324 1515 certamini
2357 1457 2574 1523 deditis,
2608 1457 2997 1528 impedimenta
3046 1456 3288 1525 objieere
3321 1453 3418 1506 ad-

1837 1554 2111 1607 nituntur.
2138 1551 2215 1605 Ac
2248 1550 2483 1621 primum
2517 1547 2739 1619 quidem
2769 1546 2913 1600 velut
2945 1562 3132 1600 amore
3157 1587 3171 1609 ,
3208 1536 3264 1599 et
3304 1558 3425 1598 mu-

1837 1647 1931 1693 tuo
1957 1639 2170 1692 illorum
2203 1637 2439 1692 miseria:
2466 1652 2630 1691 sensu
2663 1635 2952 1701 commoti,
2971 1649 3065 1688 eos
3095 1633 3161 1687 ad
3187 1648 3418 1703 corpora

1840 1744 2024 1784 secum
2058 1728 2380 1791 recreanda,
2419 1742 2483 1781 ac
2513 1726 2743 1781 fovenda
2794 1727 3093 1780 concedere
3125 1725 3424 1779 cohortan-

1842 1830 1931 1875 tur
1972 1838 1986 1873 :
2020 1814 2087 1876 ne
2114 1820 2473 1876 debilitentur
2503 1859 2518 1883 ,
2550 1835 2613 1872 ac
2646 1820 2969 1889 frangantur
2994 1861 3008 1882 ,
3036 1819 3293 1887 inquiunt
3321 1858 3338 1883 ,
3370 1827 3424 1874 et

1840 1915 1894 1969 in
1926 1924 2204 1983 torporem
2250 1926 2312 1966 ac
2337 1911 2671 1974 socordiam,
2707 1910 2822 1965 sive
2870 1909 3112 1964 acediam
3159 1910 3422 1963 delaban-

1842 2013 1952 2059 tur.
1987 2004 2116 2058 Post
2145 2001 2213 2056 ad
2248 1985 2519 2073 colloquia
2570 2002 2911 2056 infructuosa
2956 2016 3051 2057 eos
3086 2009 3385 2073 provoeant
3407 2040 3425 2065 ,

1842 2100 1896 2153 in
1951 2099 2153 2167 quibus
2207 2097 2324 2152 dies
2381 2104 2523 2152 totos
2568 2103 2883 2152 conterunt.
2939 2100 3014 2148 Ae
3067 2096 3113 2150 si
3156 2095 3423 2163 quispiam

1842 2190 2060 2253 bonus,
2110 2201 2165 2244 et
2224 2188 2439 2242 virtutis
2492 2186 2774 2243 studiosus
2829 2187 2935 2240 illis
2970 2203 3028 2242 se
3079 2188 3376 2255 tequaierit
3408 2227 3423 2248 ,

1843 2280 2116 2343 conversi,
2162 2280 2281 2349 ejus
2317 2280 2593 2357 interitum
2631 2278 2837 2334 rident.
2887 2277 2942 2332 Si
2979 2294 3169 2332 eorum
3217 2293 3427 2333 Sermo-

1844 2374 2004 2427 nibus
2037 2387 2199 2426 aures
2241 2371 2594 2433 ObSll'llXCl‘il,
2626 2385 2798 2439 seque
2833 2370 2899 2424 ab
2932 2369 3187 2424 omnibus
3247 2380 3302 2423 et
3336 2384 3431 2438 pe-

1845 2465 2147 2536 regrinum,
2176 2472 2231 2517 et
2258 2479 2480 2533 gravem
2510 2479 2574 2518 ac
2599 2463 2803 2517 serium
2834 2504 2848 2526 ,
2876 2473 2928 2517 et
2957 2479 2986 2517 a
3022 2463 3237 2517 licentia
3290 2463 3429 2518 alie-

1844 2574 1973 2613 num
2006 2556 2327 2617 servaverit,
2366 2556 2432 2610 ad
2465 2555 2723 2610 invidiam
2773 2556 3121 2610 concitantur
3146 2597 3161 2618 ,
3187 2553 3430 2628 velimve

1847 2664 1911 2703 ac
1948 2648 2114 2703 remis
2145 2647 2507 2711 contendunt,
2543 2655 2602 2700 ut
2648 2661 2771 2700 eum
2817 2646 2980 2701 etiam
3027 2662 3057 2700 e
3098 2648 3429 2702 monasterio

1848 2739 2143 2809 expellant.
2174 2736 2322 2791 Vana
2357 2735 2558 2806 quippe
2609 2736 2781 2805 gloria
2817 2746 3128 2807 contempta
3157 2778 3173 2803 ,
3207 2738 3432 2792 humili-

1847 2841 2011 2887 tatem
2045 2847 2110 2886 οι
2144 2831 2376 2885 adverso
2410 2830 2685 2883 laudatam
2720 2828 2903 2884 videre
2931 2844 3036 2883 non
3063 2832 3320 2885 sustinet.

1918 2923 2005 2978 Η.
2036 2923 2267 2993 Angitur
2293 2935 2630 2991 magnopere
2679 2920 2860 2973 inanis
2901 2919 3095 2989 gloria:
3142 2930 3433 2976 consecta-

1847 3023 1955 3080 tor,
1988 3029 2112 3068 cum
2144 3013 2405 3066 humilem
2451 3012 2726 3081 laerymas
2767 3012 3217 3081 profundentem,
3247 3013 3432 3083 dupli—

1846 3109 2092 3174 citerque
2126 3104 2347 3158 sibimet
2370 3102 2811 3157 commodautem
2866 3101 3134 3158 intuetur.
3183 3102 3316 3156 Nam
3377 3114 3431 3158 ct

1850 3196 2019 3252 Deum
2040 3194 2278 3266 perillas
2310 3194 2566 3264 propitiat
2608 3193 2972 3249 :ethomines
3007 3194 3072 3248 ad
3121 3194 3206 3249 sui
3265 3207 3420 3249 com-

1851 3288 2251 3344 mendationem
2288 3285 2543 3357 (tametsi
2577 3285 2632 3340 id
2672 3286 2898 3341 minime
2944 3276 3175 3357 volens)
3206 3287 3429 3342 excitat.

1924 3382 2016 3436 15.
2052 3383 2351 3451 Postquam
2378 3386 2430 3434 te
2460 3387 2635 3433 totum
2678 3376 2826 3432 Patri
2875 3378 3147 3448 spirituali
3191 3379 3430 3433 tradidi-

1851 3474 1949 3537 sti,
2005 3471 2123 3527 seio
2172 3480 2226 3525 te
2272 3469 2447 3523 instar
2488 3468 2769 3540 peregrini
2811 3482 2875 3523 ac
2930 3467 3166 3539 hospitis
3210 3484 3333 3524 esse
3375 3470 3426 3523 in

1850 3562 2125 3620 extraneis
2156 3561 2436 3629 omnibus,
2482 3561 2683 3632 quibus
2713 3560 3047 3630 praeﬁceris;
3088 3560 3426 3625 hominibus,

1852 3658 2099 3726 inquam,
2134 3654 2369 3726 negotiis
2404 3663 2459 3707 et
2516 3652 2903 3718 facultatibus,
2936 3652 3081 3705 citra
3133 3652 3296 3721 cujus
3335 3668 3432 3708 au-

1851 3748 2162 3804 ctoritatem
2206 3746 2340 3800 nihil
2377 3744 2558 3800 facere
2587 3744 2885 3813 velisaSed
2932 3760 3111 3815 neque
3148 3746 3429 3815 exiguum,

1851 3851 1945 3894 aut
1970 3853 2227 3908 magnum
2258 3837 2544 3906 quidpiam
2588 3836 2655 3889 ab
2684 3850 2753 3890 eo
2784 3836 2878 3889 tibi
2912 3835 3183 3891 committi
3224 3846 3375 3904 petas
3415 3856 3428 3890 :

1856 3931 1958 3986 nisi
1998 3932 2042 3985 is
2076 3940 2279 4000 suopte
2331 3938 2465 3982 nutu
2510 3939 2605 3981 aut
2657 3928 2735 3981 illi
2786 3937 2837 3983 te
2888 3943 3086 3982 manus
3138 3929 3431 3982 admovere

1847 4023 2110 4093 jusserit;
2139 4031 2230 4076 aut
2263 4022 2493 4092 ipsemet
2525 4037 2621 4075 sua
2652 4021 2800 4075 velut
2826 4035 2988 4074 manu
3021 4019 3154 4075 illud
3191 4021 3284 4075 tibi
3318 4030 3432 4074 tra-

1850 4113 2068 4167 didcrit.

1926 4227 2013 4282 16.
2048 4226 2120 4280 De
2144 4226 2293 4279 illata
2326 4237 2425 4279 aus
2458 4234 2511 4279 te
2535 4226 2766 4295 pecunia
2797 4240 2865 4280 ne
2890 4225 2985 4280 des
3019 4226 3427 4298 eleemosynam

1854 4319 2068 4389 iniussu
2119 4318 2293 4383 patris
2348 4317 2425 4371 tui
2476 4317 2781 4373 secundum
2829 4317 3019 4373 Deum.
3078 4317 3184 4373 Sed
3242 4336 3420 4389 neque

1856 4412 1991 4467 velle
2026 4410 2218 4473 debes,
2260 4423 2317 4463 ut
2347 4410 2472 4478 quis
2500 4425 2594 4478 per
2636 4409 2927 4473 vicarium,
2980 4410 3098 4464 sive
3137 4411 3433 4464 internun-

1857 4502 1989 4556 tium
2020 4511 2171 4555 luum
2205 4502 2271 4554 de
2304 4500 2393 4553 illa
2418 4500 2487 4554 ab
2518 4500 2711 4554 eodem
2741 4509 2895 4570 patre
2918 4501 3172 4569 accipiat.
3205 4502 3432 4556 Praestat

185 4595 413 4649 ἀκούειν
452 4613 535 4660 σε,
564 4598 598 4668 ἦ
629 4599 946 4668 σκορπίζειν
982 4602 1239 4671 χρήματα
1274 4604 1367 4655 καὶ
1411 4603 1611 4657 διδόναι
1658 4608 1760 4667 τοῖς

1855 4596 2002 4647 enim
2030 4592 2370 4653 mendicum.
2412 4602 2467 4647 et
2501 4593 2857 4662 peregrinum
2883 4607 3027 4657 esse,
3075 4602 3128 4647 et
3160 4595 3431 4647 nominari

186 4690 832 4760 πένῃσιν,εέσαγωγικδν
869 4692 1018 4749 ὄντα.
1063 4696 1305 4760 Πίστεως
1358 4697 1415 4751 δὲ
1463 4699 1768 4769 ἁκρεφνοῦς

184 4782 255 4835 τὰ
322 4782 524 4843 πάντα,
566 4783 641 4846 ὡς
678 4785 736 4836 ὲν
762 4785 906 4854 χειρὶ
952 4784 1112 4852 Θεοῦ,
1141 4791 1208 4858 τῇ
1238 4788 1332 4840 τοῦ
1396 4791 1767 4860 πνευματικοῦ

185 4872 399 4939 πατρὸς
424 4871 719 4927 ἀναθέσθαι
751 4874 1025 4945 βουλήσει.

264 5132 356 5196 ιζ’.
386 5132 536 5201 Μηδὲ
566 5132 751 5186 λαϐεῖν
776 5132 967 5195 ὕδατος
999 5133 1162 5185 ποτὸν
1189 5134 1411 5206 αἰτήσῃ,
1444 5134 1490 5185 εἰ
1523 5133 1615 5185 καὶ
1636 5150 1695 5185 συ
1708 5150 1773 5201 μ-

191 5223 260 5293 εῇ
294 5239 356 5275 σε
387 5222 705 5291 φλέγεσθαι,
733 5222 927 5292 μέχρις
958 5221 1024 5275 ἂν
1058 5221 1270 5275 οἴκοθεν
1290 5222 1533 5292 κινηθεὶς
1561 5226 1587 5275 ὀ
1613 5240 1771 5275 πνευ-

196 5319 431 5386 ματικός
471 5330 562 5367 σου
589 5315 769 5385 πατὴρ
805 5314 1086 5385 προτρέψῃ
1110 5332 1188 5367 σε.
1250 5316 1419 5383 Ἀγχε
1455 5317 1563 5387 γὰρ
1609 5333 1773 5369 σεαυ-

192 5408 309 5467 τὸν.
345 5406 441 5458 καὶ
469 5403 656 5475 βιάζου
688 5406 746 5459 ἐν
785 5407 940 5469 πᾶσι,
962 5407 1165 5459 πείθων
1221 5408 1316 5459 καὶ
1348 5406 1522 5475 λέγων
1552 5409 1629 5477 τῷ
1672 5409 1774 5460 λο-

192 5497 384 5567 γισμῷ
410 5513 425 5528 ο
459 5497 522 5549 Ei
551 5496 693 5549 θέλει
713 5498 741 5551 δ
762 5496 915 5557 Θεὸς,
934 5497 1026 5549 καὶ
1052 5492 1117 5569 ᾖς
1149 5496 1299 5562 ἄξιος
1322 5496 1416 5549 τοῦ
1447 5499 1613 5561 πιεῖν,
1644 5501 1775 5555 ἀπο-

196 5587 465 5641 καλύπτει
496 5586 713 5649 πάντως
748 5585 824 5656 τῷ
855 5586 1028 5658 Πατρί
1067 5604 1159 5640 σου
1191 5590 1283 5640 καὶ
1313 5587 1459 5655 λέγει
1499 5606 1579 5641 σοι
1600 5605 1612 5618 θ
1650 5589 1768 5641 Ilia.

196 5681 308 5734 Καὶ
334 5677 635 5746 τηνικαῦτα
685 5678 871 5731 πίεσαι
908 5682 1046 5747 μετὰ
1094 5678 1338 5751 καθαροῦ
1371 5678 1695 5745 συνειδότος,
1723 5681 1770 5733 εἰ

194 5774 290 5827 καὶ
316 5770 469 5839 παρὰ
498 5770 591 5825 τὸν
618 5770 811 5841 καιρὸν
840 5772 874 5842 ἠ
904 5770 1021 5841 ὥρα
1049 5770 1222 5828 ἐστίν.

1856 4695 1932 4751 te,
1956 4700 2118 4755 quam
2168 4684 2440 4752 dissipare
2477 4684 2759 4751 pecunias,
2799 4692 2853 4737 et
2896 4684 3030 4737 dare
3074 4686 3433 4753 pauperibus,

1858 4792 1980 4832 eum
2020 4778 2072 4828 in
2113 4776 2217 4828 hoc
2266 4776 2391 4827 vitae
2439 4782 2591 4829 statu
2663 4774 2915 4827 novellus
2974 4774 3172 4838 adhuc,
3219 4786 3273 4829 et
3318 4785 3435 4846 tyio

1854 4869 1959 4920 sis.
2005 4864 2249 4917 Sincera:
2287 4875 2468 4916 autem
2498 4863 2619 4917 ﬁdei
2656 4874 2759 4928 est,
2795 4863 2979 4916 omnia
3015 4863 3283 4918 voluntati
3327 4863 3434 4917 Pa-

1859 4958 1961 5011 tris
1983 4956 2285 5027 spiritualis
2315 4954 2459 5009 haud
2500 4970 2661 5011 secus
2708 4972 2872 5025 quam
2901 4954 2994 5008 Dei
3029 4955 3282 5011 manibus
3310 4970 3433 5025 per-

1857 5049 2093 5102 mittere.

1936 5140 2021 5195 17.
2064 5138 2397 5193 Potestatem
2446 5137 2666 5191 bibendi
2725 5152 2946 5205 aquam,
2981 5153 3047 5193 ne
3106 5154 3257 5206 roga,
3312 5139 3433 5194 licet

1859 5227 1948 5284 siti
1980 5233 2199 5293 ardeas,
2231 5228 2403 5282 donec
2442 5235 2638 5296 suopte
2671 5226 2908 5295 impulsu
2935 5225 3098 5280 Pater
3131 5229 3434 5296 spiritualis

1860 5328 1912 5376 te
1959 5320 2024 5375 ad
2072 5319 2369 5375 bibendum
2433 5319 2763 5372 hortabitur.
2820 5318 3025 5372 Coerce
3071 5319 3324 5387 teipsum,
3382 5328 3436 5373 et.

1860 5413 2061 5466 acriter
2104 5411 2325 5466 tibimet
2361 5411 2567 5480 impera
2623 5409 2678 5462 in
2732 5411 3014 5473 omnibus,
3065 5410 3135 5462 ita
3182 5411 3436 5479 loquens,

1860 5516 1913 5560 et
1970 5504 2209 5558 suadens
2274 5503 2370 5558 tibi
2436 5502 2577 5570 apud
2625 5502 2895 5556 animum.
2952 5503 3007 5554 Si
3065 5502 3240 5571 placet
3302 5501 3431 5565 Deo,

1858 5606 1913 5651 et
1953 5598 2031 5651 sis
2081 5597 2279 5667 dignus
2334 5595 2548 5659 bibere,
2619 5594 2783 5663 plane
2829 5594 3091 5648 revelabit
3138 5592 3285 5648 Patri
3342 5606 3436 5647 tuo

1860 5694 2160 5764 spiritttali,
2193 5704 2247 5750 et
2286 5694 2332 5747 is
2362 5692 2507 5747 dicet
2551 5691 2647 5746 tibi
2678 5709 2691 5745 :
2728 5689 2878 5745 Bibe.
2922 5689 3061 5743 Tum
3109 5691 3260 5744 bibes
3296 5704 3432 5758 pura

1863 5784 2231 5851 conscientia,
2295 5783 2551 5854 quamvis
2605 5790 2761 5839 extra
2816 5789 3052 5851 tempus,
3106 5790 3199 5835 aut
3243 5780 3436 5834 horam

1862 5876 2042 5932 bibas.
