4182 6456
181 453 291 514 617

1394 441 1765 504 CAPITULA
1800 437 2193 499 PRAC'I‘ICA.

3333 434 3440 498 618

191 575 275 625 οεί
310 568 615 636 διδασκάλῳ
643 567 833 619 ἑαυτὸν
863 561 1033 631 ὲκδῷς
1060 576 1072 589 ⁸
1105 560 1191 611 ἵνα
1227 558 1301 627 μὴ
1336 556 1458 607 ἀντὶ
1485 550 1771 617 εὐαγγελιν

1867 556 1915 601 et
1952 522 2467 616 perturbationibus
2492 543 2698 615 agitato
2721 543 2981 614 magistro
3006 542 3061 599 in
3088 544 3438 613 disciplinain

192 665 299 733 κῆς
352 659 670 729 διαόολικὴν
712 655 989 710 πολιτείαν
1024 648 1364 719 ἐκδιδαχθῇς.
1408 642 1629 712 Ἐπειδὴ
1677 657 1778 733 και

192 732 302 809 λῶν
339 752 702 814 διδασκάλων,
746 747 891 804 καλά
943 746 1014 799 τά
1062 745 1401 813 μαθήματα·
1452 735 1639 792 κακῶν
1694 732 1774 795 δὲ,

193 850 345 904 κακά
374 864 389 878 ο
419 847 515 899 καὶ
578 843 914 915 σπερμάτων
968 835 1247 908 πονηρῶν,
1304 830 1523 892 πάντως
1563 824 1779 897 πονηρὰ

192 942 265 993 τὰ
304 938 576 1009 γεώργια.

264 1121 373 1189 λγ,
414 1121 617 1188 Εὐχαῖς
661 1118 758 1174 καὶ
795 1118 1028 1187 δάκρυσι
1052 1129 1143 1170 τον
1188 1116 1323 1169 Θεὸν
1372 1112 1775 1176 καθικέτευσον,

194 1214 418 1283 πέμψαι
448 1229 531 1265 σοι
559 1210 754 1280 ὁδηγὸν
796 1208 983 1279 ἀπαθῆ
1008 1225 1067 1261 τε
1107 1208 1198 1261 καὶ
1251 1206 1425 1277 ἅγιον.
1475 1202 1701 1275 Ἐρεύνα
1720 1201 1778 1256 δὲ

193 1310 293 1361 κα)⁵
325 1307 487 1367 αὐτὸς
516 1304 612 1367 τὰς
639 1303 762 1356 θεία
774 1323 789 1366 ς
822 1302 1071 1372 Γραφάς,
1115 1300 1213 1355 καὶ
1260 1299 1500 1370 μάλιστα
1531 1298 1630 1359 τὰς
1669 1294 1779 1347 τῶν

192 1399 370 1466 ἁγίων
400 1397 658 1467 Πατέρων
713 1394 1023 1466 πρακτικὰς
1052 1391 1377 1463 συγγραφάς
1397 1408 1411 1424 ο
1438 1392 1524 1444 ἵνα
1554 1388 1778 1452 ταύταις

193 1490 645 1559 ἀντιπαρατιθεὶς
664 1489 732 1541 τὰ
752 1488 904 1558 παρὰ
921 1486 1016 1540 τοῦ
1039 1485 1362 1542 διδασκάλου
1380 1486 1472 1538 καὶ
1502 1481 1782 1553 προεστῶ-

191 1583 284 1644 τὸς
327 1598 413 1634 σοι
450 1580 814 1649 διδασκόμενα
874 1580 969 1633 καὶ
1002 1580 1374 1649 πραττόμενα,
1411 1578 1485 1639 ὼς
1542 1577 1600 1628 ὲν
1651 1590 1781 1626 κατ-

191 1675 388 1743 όπτρῳ
404 1673 629 1727 δύνασαι
653 1673 874 1742 βλέπειν
886 1673 1058 1726 ταῦτα
1083 1672 1176 1725 καὶ
1210 1669 1668 1739 καταμανθάνειν·
1686 1667 1779 1743 καὶ

190 1768 259 1818 τά
288 1766 388 1835 μὲν
436 1766 731 1837 συνᾴδοντα
764 1766 886 1827 ταῖς
934 1764 1201 1833 Γραφαῖς,
1230 1758 1631 1831 ἐγκολποῦσθαι
1684 1742 1779 1810 κάὶ

192 1857 453 1926 κατέχειν
487 1861 553 1926 τῇ
581 1856 789 1926 διανοίᾳ
812 1876 827 1889 ο
853 1855 919 1908 τὰ
950 1855 1005 1907 δὲ
1036 1853 1165 1907 νόθα
1217 1854 1310 1905 καὶ
1364 1850 1637 1919 ἀλλότρια,
1663 1846 1779 1900 δια-

191 1946 405 2016 κρίνειν
444 1947 536 2000 κα“ι
562 1945 1013 2013 ἀποπέμπεσθαι,
1047 1946 1133 1997 ἵνα
1175 1944 1250 2014 μὴ
1297 1939 1597 2011 πλανηοῇς.
1643 1938 1777 1995 Πολ-

190 2040 275 2090 λοὶ
306 2039 441 2106 γὰρ,
494 2036 626 2102 ἴσθι,
660 2037 853 2091 πλάνοι
891 2038 986 2092 καὶ
1040 2035 1518 2106 ψευδοδιδάσκαλοι
1553 2038 1611 2087 ὲν
1655 2034 1777 2096 ταῖς

190 2134 434 2203 ἡμέραις
457 2131 685 2193 ταύταις
721 2131 1030 2198 γεγόνασιν.

260 2222 359 2277 λδ’.
397 2224 513 2285 Πᾶς
545 2225 573 2275 ὁ
631 2222 707 2291 μὴ
756 2221 994 2292 βλέπων,
1040 2219 1233 2281 ἄλλους
1286 2218 1344 2271 δὲ
1402 2216 1619 2284 ὁδηγεῖν
1678 2215 1779 2267 ὑπ-

190 2318 571 2387 ισχνούμενος,
604 2315 805 2377 πλάνος
835 2314 975 2378 ἐστὶ,
1008 2316 1099 2367 καὶ
1132 2313 1258 2375 τοὺς
1298 2310 1598 2381 ἑπομένους
1630 2308 1780 2378 αὑτῷ

184 2413 267 2473 εἰς
292 2409 459 2478 βυθὸν
482 2408 761 2469 ἀπωλείας
802 2407 1096 2475 ἐντίθησιν,
1128 2405 1267 2459 κατὰ
1312 2404 1411 2475 τὴν
1441 2402 1534 2456 τοῦ
1567 2402 1775 2473 Κυρίου

190 2502 415 2570 φωνήν·
456 2520 474 2552 ι
528 2500 735 2568 Τυφλὺς
790 2499 991 2570 τυφλὸν
1015 2501 1110 2552 ἐὰν
1143 2497 1331 2567 ὁδηγῇ,
1376 2494 1776 2566 ἁμφὸτεροιείς

188 2594 421 2662 βόθυνον
445 2593 830 2661 ἐμπεσοῦνται.
857 2612 878 2643 ι

261 2683 359 2737 λε’.
401 2685 459 2737 Ὀ
488 2684 689 2751 τυφλὸς
721 2684 858 2753 πρὸς
888 2683 950 2735 τὸ
1011 2681 1094 2747 ἓν,
1123 2681 1322 2748 τυφλὸς
1339 2679 1457 2743 ὅλος
1482 2679 1616 2750 πρὸς
1638 2678 1776 2732 πάν-

185 2794 255 2829 τα
292 2777 466 2830 ἐστίν.
520 2776 577 2828 Ὀ
605 2775 659 2827 δὲ
718 2774 933 2845 βλέπων
966 2776 1024 2827 ὲν
1062 2773 1139 2843 τῷ
1170 2773 1269 2838 ἐνὶ,
1295 2773 1352 2825 ὲν
1406 2770 1615 2841 θεωρίᾳ
1668 2766 1780 2821 τῶν

187 2869 413 2921 πάντων
436 2867 550 2918 ἐστί
576 2881 589 2895 ⁸
619 2870 719 2936 τῆς
761 2866 996 2936 θεωρίας
1019 2882 1079 2917 τε
1108 2864 1215 2917 τῶν
1255 2863 1471 2918 πάντων
1492 2860 1776 2929 ἀπέχεται,

188 2962 283 3013 καὶ
318 2964 378 3012 ἐν
408 2964 475 3031 τῇ
508 2959 710 3029 θεωρία
738 2959 848 3011 τῶν
874 2958 1095 3011 πάντων
1116 2958 1354 3024 γίνεται,
1384 2956 1478 3007 καὶ
1510 2953 1617 3006 τῶν
1642 2951 1777 3005 θεωο

188 3051 480 3119 ρουμένων
509 3049 614 3114 ἔξω
643 3050 810 3102 ἐστίν.
846 3050 938 3102 Ἐν
968 3048 1045 3118 τῷ
1067 3049 1149 3101 ἐνὶ
1175 3048 1349 3110 οὕτως
1372 3046 1470 3110 ὣν,
1506 3047 1573 3099 τά
1598 3045 1778 3099 πάντα

185 3146 294 3212 ὁρᾷ
317 3160 334 3174 ·
370 3144 466 3195 καὶ
488 3145 545 3195 ἐν
575 3143 742 3195 πᾶσιν
785 3140 884 3206 ὢν,
920 3142 1073 3194 οὐδὲν
1114 3140 1223 3194 τῶν
1266 3140 1486 3193 πάντων
1549 3139 1673 3208 ὁρᾷ.
1716 3138 1775 3189 '0

1862 640 2051 694 tradas
2105 655 2121 691 :
2176 652 2244 693 ne
2302 653 2404 709 pro
2457 637 2773 706 evangelica
2828 637 3043 691 ratione
3110 637 3440 691 diabolicatn

1863 731 2074 788 discas.
2145 730 2294 785 Bona
2366 729 2641 801 siquidem
2708 729 2981 785 bonorum
3050 732 3440 800 magistrorum

1865 831 2159 893 praecepta,
2199 823 2471 877 malorum
2526 820 2669 874 mala
2722 836 2737 874 :
2790 830 2845 876 et
2900 821 3224 875 vitiosorum
3271 820 3441 876 semi-

1864 934 1992 971 num
2025 918 2145 985 ipsa
2179 930 2402 986 quoque
2430 915 2653 970 cultura
2686 928 2917 983 prorsus
2980 913 3177 969 vitiosa
3238 921 3293 968 et
3342 913 3443 969 im-

1812 1024 1817 1032 ·
1863 1007 2032 1077 proba
2061 1016 2165 1061 est.

1935 1097 2027 1150 53.
2058 1096 2327 1152 Precibus
2377 1105 2430 1151 et
2464 1098 2721 1169 Iacrymis
2768 1097 2939 1150 Deum
2999 1096 3188 1165 fuligo,
3238 1104 3295 1150 ut
3345 1094 3441 1150 tibi

1862 1189 2058 1245 ducem
2093 1198 2369 1255 sanctum,
2398 1198 2451 1243 et
2478 1204 2508 1243 a
2550 1190 2797 1245 moribus
2836 1189 3039 1243 rationi
3092 1187 3442 1244 adversanti-

1865 1285 1970 1341 bus
2027 1284 2331 1342 sincerum.
2388 1284 2776 1353 integrumque
2833 1283 3037 1336 mittat.
3093 1278 3172 1334 Tu
3225 1294 3444 1350 quoque

1865 1388 2091 1433 sanctas
2126 1377 2466 1445 Scripturas.
2498 1385 2551 1429 et
2582 1376 2860 1445 principue
2894 1374 3172 1443 practicos
3216 1380 3445 1427 sancto-

1866 1485 1988 1523 rum
2012 1470 2235 1524 Patrum
2266 1468 2712 1522 Commentarios
2765 1478 3038 1529 scrutare,
3103 1475 3161 1519 ut
3200 1481 3324 1521 cum
3377 1463 3448 1519 iis

1866 1576 2199 1629 camparans
2236 1577 2354 1629 quae
2396 1576 2426 1615 a
2467 1560 2732 1631 magistro
2790 1569 2846 1614 et
2896 1558 3154 1628 praefecto
3201 1557 3445 1620 docet-is.

1866 1651 2017 1705 velut
2046 1651 2100 1704 in
2135 1651 2364 1721 speculo
2404 1651 2590 1720 qualia
2638 1650 2752 1705 sint
2802 1650 2990 1704 videre
3022 1658 3074 1703 et
3111 1661 3449 1719 pernoscere

1866 1760 2037 1815 queas
2060 1761 2075 1799 :
2095 1752 2284 1799 etcum
2311 1742 2608 1812 Scripturis
2628 1744 2847 1814 quidem
2870 1742 3072 1798 divinis
3096 1741 3449 1797 consentien-

1869 1833 1942 1888 tia
1970 1834 2026 1888 in
2068 1833 2253 1889 sinum
2282 1834 2601 1896 immittere.
2636 1846 2692 1887 et
2723 1834 2911 1888 animo
2948 1832 3179 1900 inﬁgere
3208 1850 3223 1885 :
3257 1831 3450 1901 spuria

1869 1936 2094 1993 autem,
2152 1935 2206 1980 et
2269 1927 2447 1980 aliena
2513 1925 2850 1992 discernere,
2914 1933 2969 1979 et
3016 1922 3321 1987 detestari,
3383 1936 3451 1976 ne

1867 2032 2058 2075 errore
2105 2020 2401 2073 auferaris.
2459 2015 2594 2071 Nam
2653 2017 2741 2071 his
2791 2018 3135 2086 temporibus
3182 2017 3448 2075 seducto-

1868 2125 1981 2173 res,
2007 2123 2062 2167 et
2100 2111 2395 2187 mendaces
2419 2126 2527 2165 non
2548 2119 2757 2182 paucos
2791 2110 3225 2181 repeririJscias,
3260 2110 3445 2167 velim.

1939 2204 2031 2258 54.
2074 2202 2402 2271 Quicunque
2462 2202 2578 2271 ipse
2636 2218 2744 2257 non
2808 2201 2978 2267 videt,
3027 2208 3083 2257 et
3134 2200 3258 2255 aliis
3304 2200 3448 2254 viain

1869 2298 2191 2369 praeituruni
2222 2296 2530 2366 pollicetur,
2564 2296 2826 2351 seductor
2850 2306 2954 2359 εει,
2983 2304 3040 2349 et
3069 2302 3367 2364 sequentes
3391 2308 3452 2347 se

1868 2393 1925 2448 in
1958 2390 2169 2448 foveam
2221 2389 2551 2460 perditionis
2607 2388 2839 2454 inducit,
2878 2388 3033 2459 juxta
3079 2392 3306 2443 verbum
3345 2387 3452 2441 Ι)ος

1871 2484 2005 2540 mini
2037 2501 2052 2539 :
2089 2502 2107 2534 ι
2138 2482 2333 2537 Caecus
2377 2482 2422 2535 si
2469 2494 2617 2535 cazco
2671 2480 2931 2534 ducatum
2981 2483 3222 2548 praestet,
3264 2491 3451 2531 nonne

1870 2578 2109 2635 amboin
2138 2575 2350 2630 foveam
2383 2575 2582 2628 cadent
2615 2572 2683 2626 ‘2
2718 2594 2736 2624 ι

1942 2674 2031 2728 55.
2061 2672 2163 2739 Qui
2190 2672 2246 2725 in
2278 2684 2390 2725 uno
2413 2684 2593 2723 caicus
2621 2676 2726 2733 est,
2760 2676 2912 2723 totus
2937 2681 3119 2723 caicus
3145 2675 3230 2721 est
3255 2665 3310 2719 in
3336 2679 3453 2720 om-

1870 2770 2028 2825 nibus
2061 2786 2077 2823 ;
2111 2776 2323 2830 contra,
2357 2765 2450 2834 qui
2487 2764 2632 2818 videt
2659 2763 2713 2816 in
2766 2777 2896 2825 uno,
2961 2761 3107 2815 videt
3162 2762 3215 2815 in
3269 2759 3453 2814 omni—

1870 2864 1996 2916 bus.
2038 2859 2177 2913 Cum
2225 2873 2256 2911 a
2291 2857 2425 2912 visu
2473 2855 2721 2910 omnium
2756 2854 3051 2918 abstineat,
3089 2851 3452 2906 nihilominus

1869 2952 2054 3007 omnia
2083 2951 2249 3015 videt,
2281 2958 2334 3005 et
2366 2955 2520 3003 extra
2553 2949 2669 3002 visa
2690 2955 2800 3002 est.
2822 2944 2914 3000 Sic
2941 2960 3063 2999 cum
3086 2945 3140 2999 in
3166 2943 3451 3016 uno(Den)

1869 3046 1960 3105 sit.
1986 3043 2166 3099 cernit
2199 3043 2456 3098 universa
2481 3058 2494 3096 :
2516 3050 2569 3096 et
2595 3042 2740 3096 inter
2760 3040 3017 3095 universa
3040 3054 3163 3094 cum
3198 3038 3292 3103 sit,
3316 3038 3452 3092 nihil

1871 3154 1936 3192 ex
1967 3137 2233 3191 omnibus
2272 3136 2475 3190 cernit.
2504 3134 2611 3200 Qui
2642 3135 2697 3188 in
2726 3149 2838 3188 uno
2870 3148 2965 3203 per
2996 3147 3165 3188 unum
3194 3131 3361 3194 videt,
3396 3139 3453 3185 et

188 3236 409 3305 βλέπων
438 3236 497 3288 ὲν
525 3232 602 3303 τῷ
635 3234 733 3300 ἐνὶ,
752 3234 841 3287 διὰ
864 3233 962 3287 τοῦ
976 3234 1093 3295 ἐνὸς
1117 3235 1209 3285 καὶ
1234 3233 1450 3295 ἑαυτὸν,
1478 3233 1570 3286 καὶ
1604 3230 1774 3285 ᾶπαν-

1870 3229 2138 3298 seipsum,
2177 3236 2231 3281 et
2262 3228 2452 3281 omnia
2509 3226 2679 3288 videt,
2731 3236 2786 3280 et
2834 3225 2889 3279 in
2943 3239 3009 3279 eo
3066 3222 3450 3284 absconditus,

184 3343 277 3389 τα,
333 3325 431 3377 καὶ
470 3325 678 3386 πάντας
732 3326 945 3395 καθορᾷ
977 3342 990 3353 ·
1018 3326 1111 3377 καὶ
1164 3323 1545 3395 κεκρυμμένος
1593 3320 1669 3375 ὢν
1717 3323 1776 3373 ἐν

186 3418 364 3487 αὐτῷ,
398 3417 551 3471 οὐδὲν
584 3419 691 3470 τῶν
729 3419 987 3471 ἁπάντων
1012 3420 1135 3489 ὁρᾷ.

262 3511 372 3573 λς’,
421 3509 479 3561 Ὀ
508 3509 583 3579 μὴ
623 3511 720 3579 τὴν
753 3512 938 3563 εἰκόνα
970 3508 1081 3563 τοῦ’
1109 3510 1316 3580 Κυρίου
1370 3510 1528 3579 ἡμῶν
1604 3506 1777 3578 Ἰησοῦ

189 3602 456 3671 Χριστοῦ,
491 3602 587 3654 τοῦ
618 3602 946 3672 ἐπουρανίου
980 3602 1272 3672 ἀνθρώπου
1302 3619 1361 3655 τε
1408 3600 1505 3654 καὶ
1534 3599 1689 3663 Θεοῦ,
1719 3599 1777 3653 ἐν

191 3692 270 3761 τῷ
296 3689 504 3763 λογικῷ
548 3691 641 3744 καὶ
704 3692 875 3763 νοερῷ
946 3691 1221 3763 ἀνθρώπῳ
1272 3691 1611 3762 εὐαισθήτως
1683 3688 1778 3742 καὶ

180 3779 451 3849 γνωστῶς
478 3779 861 3848 ἐνδυσάμενος,
907 3776 1048 3852 αἷμα
1101 3784 1261 3853 μόνον
1302 3783 1421 3836 ἐστὶ
1457 3784 1553 3838 καὶ
1621 3784 1781 3855 σάρξ,

190 3869 579 3938 πνευματικῆς
605 3870 762 3937 δόξης
799 3871 1055 3941 αἴσθησιν
1088 3873 1163 3943 μὴ
1222 3872 1521 3942 δυνάμενος
1562 3873 1650 3926 διά
1686 3873 1782 3927 τοῦ

185 3961 353 4029 λόγου
408 3961 597 4013 λαδεῖν
625 3978 638 3991 ·
687 3963 941 4031 καθάπερ
967 3965 1058 4015 καὶ
1101 3965 1149 4014 οἱ
1182 3964 1245 4015 ἐκ
1299 3965 1524 4031 γενετῆς
1558 3962 1776 4030 τυφλοί,

186 4057 280 4109 διά
327 4055 426 4108 τοῦ
459 4055 620 4123 λόγου
668 4057 829 4127 μόνου
900 4058 958 4111 τδι
988 4057 1082 4109 τοῦ
1138 4057 1290 4125 ἡλίου
1334 4058 1450 4125 φῶς
1488 4058 1691 4126 γνῶναι
1721 4059 1781 4111 οὐ

186 4144 470 4200 δύνανται.

258 4231 358 4297 λζ’.
392 4234 452 4285 '0
477 4234 691 4288 ἁκούων
722 4236 815 4288 καὶ
834 4236 1006 4300 οὕτως
1031 4237 1245 4307 βλέπων
1263 4238 1356 4291 καὶ
1373 4239 1783 4309 αἰσθανόμενος,

185 4317 296 4375 οἶδε
330 4324 441 4375 τῶν
487 4324 799 4395 λεγομένων
863 4328 960 4399 τὴν
983 4328 1233 4399 δύναμιν,
1251 4329 1328 4392 ὡς
1354 4329 1455 4401 ἤδη
1478 4329 1575 4399 τὴν
1600 4330 1785 4384 εἰκόνα

187 4417 431 4486 φορέσας
460 4417 553 4470 τοῦ
584 4419 948 4489 ἐπουρανίου,
991 4423 1086 4474 καὶ
1120 4425 1200 4486 είς
1247 4424 1417 4493 ἄνδρα
1445 4424 1649 4476 τέλειον
1696 4423 1782 4476 ὲλ-

187 4508 299 4559 θὼν
329 4508 425 4560 τοῦ
456 4510 825 4582 πληρώματος
852 4512 946 4566 τοῦ
981 4514 1224 4584 Χριστοῦ
1251 4532 1265 4545 ·
1304 4518 1398 4569 καὶ
1418 4515 1593 4578 οὕτως
1618 4516 1757 4586 ἔχων

186 4598 417 4653 δύναται
448 4602 543 4653 καὶ
591 4603 773 4665 καλῶς
801 4604 1017 4673 ὁδηγεῖν
1052 4609 1111 4659 ὲν
1157 4610 1223 4677 τῇ
1250 4608 1354 4677 ὁδῷ
1385 4609 1495 4663 τῶν
1520 4609 1615 4662 τοῦ
1646 4609 1782 4662 Θεοῦ

185 4694 421 4745 ἐντολῶν
460 4694 522 4746 τὸ
551 4694 801 4762 ποίμνιον
832 4696 924 4748 τοῦ
952 4695 1115 4752 Θεοῦ.
1165 4698 1222 4751 '0
1248 4699 1304 4752 δὲ
1338 4700 1413 4769 μὴ
1448 4701 1629 4765 εἰδὼς,
1685 4703 1780 4755 καὶ

185 4784 363 4847 ἄλλως
388 4786 551 4854 ἔχων,
586 4785 855 4855 πρόδηλός
879 4788 1051 4850 ἐστιν,
1080 4790 1162 4842 ὅτι
1194 4790 1315 4843 οὐδὲ
1345 4794 1413 4843 τά
1442 4793 1780 4863 αἰσθητήρια

183 4875 285 4944 τῆς
317 4874 495 4944 ψυχῆς
529 4878 920 4947 τετρανωμένα
951 4881 1046 4935 καὶ
1073 4880 1198 4950 ὑγιῆ
1222 4882 1561 4953 ἐπιφέρεται.
1592 4877 1661 4954 ᾭ
1684 4884 1782 4939 καὶ

185 4966 393 5036 μᾶλλον
424 4966 607 5030 καλῶς
638 4968 749 5031 ἕξει
801 4970 862 5022 τὸ
892 4970 1145 5039 ἄγεσθαι,
1183 4973 1215 5044 ἢ
1256 4974 1314 5027 τὸ
1352 4975 1507 5043 ἄγειν
1562 4978 1775 5030 ἐπικιν-

181 5058 359 5121 δύνως
371 5098 384 5111 .

260 5145 361 5215 λη’.
400 5148 460 5199 '0
485 5147 562 5216 τῷ
607 5149 916 5222 διδασκάλῳ
966 5153 1059 5203 καὶ
1105 5153 1285 5223 ὁδηγῴ
1320 5155 1507 5219 αὑτοῦ,
1536 5156 1609 5221 ὡς
1659 5158 1778 5228 Θεῷ

180 5239 473 5301 ἀτενίζων,
506 5239 813 5310 ἀντιλέγειν
842 5243 903 5295 οὑ
967 5243 1211 5300 δύναται.
1246 5248 1340 5300 ιΕί
1365 5248 1422 5301 δὲ
1455 5249 1629 5303 οἴεται
1685 5253 1779 5304 καὶ

180 5328 332 5396 λέγει
363 5330 651 5401 ἀμφότερα
705 5333 872 5401 ἔχειν,
933 5334 1085 5398 ἴστω,
1130 5337 1496 5409 πεπλάνηται.
1555 5342 1778 5396 ὐποίαν

180 5421 294 5489 γάρ
320 5422 370 5472 οἱ
400 5420 496 5473 τοῦ
532 5421 668 5474 Θεοῦ
704 5431 836 5496 πρός
862 5426 953 5477 τὸν
1000 5426 1133 5479 Θεὸν
1161 5429 1348 5498 ἔχουσι
1387 5433 1487 5500 τὴν
1536 5432 1777 5489 διάθεσιν

183 5509 279 5581 [ἐν
302 5513 448 5565 ἀλλ.
472 5513 737 5586 διάνοιαν]
757 5517 960 5583 ἀγνοεῖ.

256 5901 278 5932 ³
307 5897 500 5953 Matth.
553 5915 642 5961 tv,
699 5898 784 5952 Η.
860 5896 883 5929 ⁵
918 5896 934 5952 i
970 5895 1101 5950 Cor.
1139 5913 1229 5961 xv,
1290 5898 1379 5953 69.

535 5997 803 6055 Parnm“
856 5998 969 6058 Gn.
1017 5995 1202 6056 CXX.

1753 4557 1841 4619 ID

1868 3325 2007 3380 nihil
2039 3324 2288 3381 omnium
2315 3324 2485 3378 videt.

1937 3506 2026 3561 36.
2052 3505 2157 3572 Qui
2195 3505 2493 3574 imaginem
2535 3501 2753 3557 Domini
2793 3501 2969 3557 nostri
3028 3500 3159 3557 Jesu
3216 3501 3450 3570 Christi,

1866 3597 2115 3652 cmlestis
2165 3597 2405 3651 hominis
2439 3609 2503 3649 ac
2537 3594 2634 3649 Dei
2688 3594 2742 3648 in
2804 3592 3027 3648 homine
3082 3593 3343 3648 interiore
3388 3607 3453 3646 ac

1867 3690 2128 3746 rationali
2167 3703 2535 3760 cognoscens,
2586 3698 2646 3742 et
2684 3688 2933 3742 sentiens
2964 3688 3197 3742 necdum
3246 3685 3451 3749 induit,

1866 3785 2170 3839 etiamnum
2197 3797 2325 3837 caro
2357 3789 2593 3845 tantum,
2621 3787 2676 3834 et
2706 3780 2931 3849 sanguis
2962 3787 3049 3833 est
3081 3795 3095 3832 :
3130 3792 3231 3833 nec
3266 3785 3453 3848 potest

1867 3874 2173 3945 spiritualis
2190 3872 2381 3943 gloriae
2403 3871 2659 3926 notitiam
2680 3885 2776 3941 per
2803 3868 2897 3924 Dei
2922 3870 3151 3925 verbum
3177 3869 3451 3939 accipere,

1867 3967 2334 4038 quemadmodum
2368 3965 2551 4019 oculis
2587 3964 2657 4017 ab
2706 3964 2822 4033 ipsa
2856 3962 3070 4032 origine
3102 3977 3201 4016 sua
3248 3960 3452 4026 orbati,

1869 4062 2004 4117 solis
2035 4061 2218 4113 lumen
2255 4072 2351 4127 per
2390 4058 2621 4111 alterius
2674 4069 2985 4109 sermonem
3029 4062 3312 4124 nequeunt
3356 4068 3452 4109 co-

1868 4170 2157 4227 gnoscere.

1939 4249 2028 4301 ‘57.
2064 4248 2168 4312 Qui
2194 4244 2274 4299 sic
2309 4244 2490 4309 audit,
2543 4241 2724 4297 cernit
2754 4250 2808 4296 et
2842 4240 3123 4311 intelligit,
3174 4239 3320 4293 haud
3354 4255 3455 4293 ne-

1869 4336 2130 4407 scitquid
2159 4336 2265 4390 sibi
2295 4334 2458 4389 verba
2491 4345 2680 4388 nostra
2721 4334 2888 4387 velint
2921 4349 2934 4386 :
2970 4341 3027 4386 ut
3052 4331 3145 4401 qui
3167 4331 3281 4401 jam
3315 4331 3455 4384 ima-

1867 4429 2048 4499 ginem
2085 4425 2330 4481 cwleslis
2357 4432 2579 4495 portare
2616 4426 2847 4492 coeperit
2884 4423 2926 4489 ⁸,
2959 4425 3086 4477 etin
3125 4424 3298 4476 virum
3329 4437 3456 4491 per-

1870 4519 2075 4571 fectum
2114 4515 2475 4587 plenitudinis
2527 4512 2735 4568 Christi
2763 4512 3003 4568 evaserit
3035 4513 3079 4565 ⁸.
3120 4511 3223 4577 Qui
3261 4512 3315 4565 in
3351 4512 3455 4564 hoc

1871 4618 2022 4663 statu
2050 4621 2159 4675 est,
2189 4610 2235 4662 is
2263 4606 2413 4679 gregi
2451 4605 2661 4662 Christi
2689 4606 2743 4658 in
2778 4605 2864 4659 via
2917 4604 3300 4659 mandatorum
3353 4602 3449 4657 Dei

1872 4719 1998 4759 cum
2027 4701 2185 4755 laude
2214 4699 2411 4770 praeire
2442 4697 2666 4769 poterit.
2704 4695 2807 4763 Qui
2846 4697 3085 4765 ignorat,
3117 4706 3171 4749 et
3200 4694 3361 4748 aliter
3392 4710 3452 4749 se

1873 4799 2057 4862 habet,
2082 4811 2208 4851 eum
2236 4809 2338 4848 nec
2369 4808 2569 4849 sensus
2607 4791 2807 4845 anima:
2838 4790 3150 4845 illustratos
3194 4797 3250 4842 et
3283 4801 3453 4842 sanos

1872 4894 2073 4948 habere
2102 4897 2339 4946 constat.
2364 4889 2739 4954 Quamobrem
2770 4884 2848 4939 illi
2874 4886 3050 4952 magis
3081 4885 3376 4947 conducet,
3406 4882 3453 4936 si

1874 4995 2117 5057 regatur,
2151 4997 2317 5054 quam
2352 4982 2397 5038 si
2424 4979 2735 5052 periculose
2762 4988 2933 5049 regat.

1939 5164 2032 5219 58.
2068 5162 2175 5230 Qui
2212 5162 2538 5233 magistrum
2590 5174 2654 5213 ac
2697 5160 2894 5211 duceni
2930 5172 3091 5210 suum
3125 5173 3233 5209 non
3287 5169 3450 5210 secus

1868 5274 2031 5328 quam
2060 5255 2234 5312 Deum
2272 5254 2574 5315 auscultat,
2627 5262 2682 5305 et
2728 5253 2782 5304 in
2815 5265 2881 5304 eo
2916 5249 3130 5303 deﬁxus
3174 5255 3277 5313 est,
3315 5259 3448 5301 con‘o

1870 5353 2143 5406 tradicere
2202 5364 2313 5405 non
2373 5356 2574 5417 potest.
2639 5343 2739 5398 Sin
2800 5353 2988 5398 autem
3039 5342 3338 5395 arbitratur
3394 5340 3446 5393 in

1869 5458 2159 5514 utramque
2203 5453 2409 5513 partem
2437 5439 2546 5494 dici
2576 5453 2741 5510 posse
2787 5453 2846 5492 se
2877 5451 3068 5491 errare
3100 5435 3257 5490 sciat.
3302 5432 3424 5500 Quo

1869 5538 2030 5591 modo
2070 5536 2217 5590 enim
2263 5533 2356 5603 qui
2393 5531 2487 5587 Dei
2525 5541 2653 5587 sunt
2705 5545 2834 5597 erga
2888 5529 3056 5584 Deum
3114 5526 3445 5585 adiciantur,

1868 5641 2213 5698 compertum
2248 5641 2357 5688 non
2393 5625 2576 5683 habet.

1535 5903 1555 5932 ³
1589 5898 1787 5969 Ephes.
1823 5913 1898 5967 tv,
1934 5899 2022 5954 15.
