4182 6456
748 456 856 523 619

1999 437 2383 502 SYMEONIS
2419 435 2786 496 JUNlOlllS

3907 430 4016 492 620

816 569 906 623 59.
943 567 1045 634 Qui
1076 567 1238 620 vitam
1273 565 1427 634 juxta
1469 579 1530 614 ac
1568 562 1847 615 interitum
1873 573 2032 612 suum
2063 560 2116 610 in
2153 571 2315 610 manu

2498 550 2595 604 λῖθ’.
2640 553 2696 604 ’0
2728 548 3002 602 πιστεύων
3026 550 3081 600 ἐν
3113 551 3176 618 τῇ
3203 549 3344 619 χειρὶ
3388 546 3483 600 τοῦ
3534 550 3792 617 παιμένος
3825 549 4018 610 αὑτοῦ,

749 667 988 734 pastoris
1017 663 1100 716 sui
1130 661 1368 729 positum
1399 673 1520 711 esse
1550 658 1750 719 credit,
1782 668 2062 723 nunquam
2100 661 2318 703 contra-

749 757 920 810 dicct.
974 755 1152 824 Atque
1197 754 1361 820 hujus
1412 750 1488 803 rei
1541 749 1762 802 inscitia
1823 743 2319 798 contradictionem

749 857 976 920 generat
1009 865 1024 902 ι
1057 846 1425 902 contradictio
1484 843 1682 898 mortis
1739 841 1841 896 sub
1909 838 2320 908 intelligentiam

746 944 1015 1002 cadentis,
1053 956 1114 993 ac
1152 937 1501 1006 sempiterna:
1529 935 1774 989 eﬂectrix
1808 943 1913 986 est.

817 1033 908 1086 40.
941 1031 1271 1099 Priusquam
1300 1029 1504 1096 aliquis
1533 1025 1911 1079 damnationis
1948 1021 2220 1078 sententia
2249 1019 2326 1074 fe-

749 1129 946 1186 riatur.
979 1125 1145 1177 datur
1177 1124 1328 1176 locus
1363 1120 1506 1174 facta
1540 1135 1639 1173 sua
1696 1117 2027 1172 defendendi
2064 1116 2206 1184 apud
2232 1115 2324 1185 juo

748 1221 946 1277 ditem.
1000 1216 1181 1272 Factis
1217 1225 1403 1268 autem
1455 1214 1617 1282 plane
1661 1212 1774 1280 jam
1816 1211 2226 1272 constantibus,
2272 1217 2329 1262 et

749 1313 1079 1375 manifestis,
1100 1320 1149 1364 et
1166 1310 1431 1364 sententia
1451 1308 1650 1376 iudicis
1668 1308 1894 1375 prolata,
1913 1306 2210 1358 tortoribus
2228 1317 2330 1356 nec

749 1403 1000 1467 multum,
1020 1419 1118 1459 nec
1139 1417 1326 1471 parum
1347 1399 1723 1454 contradici-re
1737 1413 1801 1451 ac
1818 1397 2208 1466 repugnarefas
2223 1408 2322 1452 est.

817 1499 905 1551 41.
943 1499 1257 1564 Antequam
1303 1496 1368 1549 ad
1400 1492 1544 1550 istud
1577 1493 1816 1545 tribunal
1869 1491 2095 1546 accedat
2136 1507 2333 1545 mona~
2370 1510 2379 1519 -

747 1589 902 1651 chus,
946 1596 998 1640 et
1030 1596 1216 1656 aperta
1265 1588 1394 1638 liant
1438 1598 1559 1653 qua
1607 1582 1777 1637 latent
1834 1583 1889 1635 in
1944 1582 2112 1636 corde
2182 1582 2327 1651 ejus,

720 1676 1003 1736 'fo'rtassis
1031 1682 1078 1734 ei
1107 1680 1489 1734 contradicere
1517 1677 1664 1740 licet,
1699 1676 1898 1746 partim
1928 1684 2151 1745 propter
2182 1675 2332 1744 ignoo

750 1761 1020 1840 rantiaui;
1066 1773 1266 1841 partim
1305 1772 1431 1841 quia
1468 1784 1567 1823 sua
1610 1784 1671 1824 se
1702 1767 1987 1821 occultare
2021 1782 2182 1836 posse
2211 1767 2331 1835 Opi-

752 1877 937 1920 natur.
979 1865 1085 1920 Sed
1117 1874 1240 1935 post
1289 1863 1692 1933 cogitationum
1745 1859 2164 1924 revelationem,
2211 1857 2329 1913 sin-

751 1977 1043 2028 coramque
1076 1958 1479 2014 confessionem
1519 1973 1627 2010 non
1682 1956 1807 2009 licet
1840 1969 2108 2022 unquam,
2158 1967 2331 2020 usque

752 2052 818 2105 ad
845 2049 1267 2118 mortcntjudici
1311 2050 1610 2104 secundum
1644 2047 1838 2108 Deum,
1875 2054 1932 2099 et
1969 2046 2175 2098 vicario
2211 2044 2332 2114 ejus

752 2161 877 2202 sese
903 2146 1065 2199 dictis
1098 2156 1397 2215 opponere.
1455 2142 1764 2196 Monachus
1814 2142 2019 2211 quippe
2053 2140 2121 2193 ab
2169 2138 2331 2192 initio

752 2241 819 2291 ad
863 2239 964 2292 hoc
999 2238 1235 2290 tribunal
1272 2237 1579 2306 ingressus,
1615 2236 1800 2288 cordis
1852 2234 1938 2287 sui
1990 2233 2208 2287 retccﬁs
2245 2247 2333 2284 ar-

754 2334 912 2385 canis
937 2330 1047 2401 jam
1093 2330 1218 2383 inde
1250 2329 1354 2382 sibi
1397 2328 1694 2396 peisuasit,
1731 2328 1776 2381 si
1823 2329 1904 2380 vel
1942 2327 2214 2379 modicam
2240 2339 2333 2378 co-

750 2422 1053 2488 gnitionem
1117 2419 1478 2489 ai-quisierit,
1535 2419 1680 2471 mille
1731 2426 1934 2470 mortes
1981 2431 2041 2470 se
2087 2430 2330 2468 comme-

751 2515 928 2569 ruisse
960 2532 972 2567 :
1007 2527 1059 2568 et
1089 2529 1188 2583 per
1221 2513 1616 2575 obedien'iam,
1665 2511 2143 2579 humilitatcmque
2173 2521 2330 2562 suam

751 2609 820 2679 (si
853 2623 978 2662 vere
1025 2608 1215 2676 utique
1241 2606 1489 2676 mysterii
1518 2605 1736 2658 modum
1779 2602 1908 2672 scit)
1938 2603 2087 2656 omni
2127 2601 2334 2657 ultione

751 2701 934 2772 stipi-li
977 2701 1137 2770 ioque
1175 2701 1466 2763 liberatum
1500 2698 1696 2753 credit.

823 2885 911 2938 42.
957 2884 1059 2950 Qui
1099 2882 1212 2937 luce
1242 2881 1552 2937 indelebilia
1590 2880 1645 2934 in
1690 2879 1872 2934 animo
1912 2893 2012 2934 suo
2067 2878 2332 2940 custodit,

746 2980 972 3041 doctus,
1009 2977 1343 3038 admonitus.
1367 2976 1671 3044 castigatus
1707 2989 1985 3044 nunquam
2022 2973 2186 3028 corde
2218 2989 2338 3028 mo.

754 3071 988 3124 vehitur.
1022 3068 1290 3135 Quoniam
1321 3069 1413 3138 qui
1441 3067 1495 3121 in
1535 3066 1648 3120 haec
1678 3065 1819 3120 mala
1853 3065 2068 3129 incidit,
2113 3067 2168 3119 in
2203 3079 2337 3119 con-

753 3162 1171 3228 tradictionem,
1195 3162 1442 3231 inquam,
1470 3170 1523 3215 et
1552 3160 1923 3214 infidelitatem
1957 3173 2084 3228 erga
2118 3157 2332 3212 Patrem

2427 647 2525 716 τὴν
2550 643 2742 697 ἑαυτοῦ
2771 643 3038 713 ὑπάρχειν
3069 641 3216 710 ζωὴν
3239 647 3331 694 καὶ.
3363 642 3454 693 τὸν
3478 641 3728 701 θάνατον,
3758 644 3861 694 οὑκ
3895 643 4019 693 ἀντ-

2431 737 2576 788 είποι
2642 734 2797 787 ποτέ.
2833 732 2894 784 ῚΙ
2925 732 2982 784 δὲ
3011 732 3216 784 τούτων
3246 734 3441 798 ἄγνοια
3504 733 3813 798 ἀντιλογίαν
3831 737 4018 800 γεννᾷ,

2429 828 2526 894 τὴν
2557 822 2818 894 πρόξενον
2849 822 2943 874 τοῦ
2972 821 3164 890 νοητοῦ
3199 826 3293 873 καί
3331 823 3556 874 αίωίου
3581 823 3836 875 θανάτου.

2504 1018 2576 1089 μ’.
2611 1017 2722 1087 Πρὸ
2753 1015 2848 1068 τοῦ
2879 1014 3064 1068 λαϐεῖν
3105 1014 3204 1084 τὴν
3238 1013 3516 1082 ἀπόφασιν
3556 1014 3645 1067 τὸν
3691 1015 4014 1071 κατάδικον.

2427 1113 2588 1172 τόπος
2638 1108 2836 1160 δίδοται
2894 1106 3193 1172 ἀπολογίας
3239 1106 3410 1175 αὑτῷ,
3445 1106 3523 1174 τῷ
3568 1106 3796 1176 δικαστῇ
3831 1107 4016 1158 λαλεῖ-ι

2430 1203 2562 1270 περὶ
2593 1194 2668 1251 ὢν
2696 1198 2901 1268 ἑπραξε
2927 1215 2941 1230 ·
2980 1198 3121 1267 μετά
3163 1196 3220 1249 δὲ
3253 1199 3352 1266 τὴν
3379 1197 3490 1248 τῶν
3511 1198 3802 1266 πρακτέων
3847 1199 4015 1264 φανέ-

2435 1311 2622 1363 ρωσιν,
2662 1292 2755 1344 καὶ
2787 1291 2888 1363 τὴν
2914 1291 3008 1344 τοῦ
3049 1290 3307 1343 δικαστοῦ
3354 1291 3652 1358 ἀπόφασιν,
3685 1289 3838 1342 οὐδὲν
3866 1291 3902 1361 ἢ
3933 1308 4016 1359 μι-

2435 1388 2586 1455 κρὸν,
2616 1385 2648 1454 ἢ
2683 1385 2824 1452 μέγα
2855 1385 2968 1445 τοῖς
2997 1381 3380 1451 βασανίζουσιν
3411 1382 3702 1450 ἀντιλέγει.

2505 1500 2615 1561 μα’.
2652 1493 2762 1564 Πρὸ
2791 1491 2886 1544 τοῦ
2920 1491 3184 1545 εἰσελθεῖν
3213 1495 3296 1556 είς
3341 1493 3502 1546 τοῦτο
3551 1495 3610 1546 τὸ
3657 1495 4012 1566 δικαστήριον

2429 1587 2519 1638 τὸν
2574 1585 2830 1656 μοναχὸν,
2878 1586 2972 1638 καὶ
3024 1587 3340 1656 φανερῶσαι
3388 1586 3552 1640 αὑτοῦ
3605 1589 3671 1640 τὰ
3721 1589 4009 1658 ὲγκάρδισ,

2431 1678 2559 1738 ἴσως
2595 1677 2897 1744 ἀντιλέγειν
2936 1677 3148 1743 ἔξεστιν
3178 1677 3329 1748 αὑτῷ
3354 1692 3366 1705 '
3385 1683 3454 1730 τὰ
3480 1679 3578 1746 μὲν
3601 1680 3740 1732 κατά
3761 1680 4010 1745 ἄγνοιαν,

2430 1767 2497 1820 τά
2525 1767 2581 1830 δὲ
2612 1769 2704 1818 καὶ
2737 1766 2812 1829 ώς
2836 1768 3068 1837 οἰομένῳ
3098 1767 3365 1836 κρύπτειν
3392 1770 3461 1821 τὰ
3492 1769 3710 1822 ἑαυτοῦ.
3749 1772 3908 1824 Μετά
3960 1773 4012 1822 δὲ

2430 1861 2532 1931 τὴν
2562 1861 2669 1912 τῶν
2701 1860 2979 1928 λογισμῶν
3012 1861 3385 1930 ἀποκάλυψιν,
3405 1864 3496 1914 καὶ
3523 1863 3788 1932 εἰλικρινῆ
3820 1863 4010 1931 ἐξαγό-

2435 1965 2640 2020 ρευσιν,
2673 1950 2772 2000 οὐκ
2803 1949 3011 2012 ἑξεστιν
3040 1949 3345 2017 ἀντιλέγειν
3383 1951 3462 2020 τῷ
3500 1956 3638 2021 μετὰ
3686 1953 3820 2005 Θεὸν
3861 1955 4014 2006 δικα-

2433 2043 2555 2110 στῇ,
2589 2042 2681 2092 καὶ
2715 2040 3043 2110 ἑξουσιαστῇ
3072 2041 3262 2106 αὑτοῦ,
3321 2043 3482 2112 μέχρι
3511 2045 3746 2096 θανάτου
3767 2046 3920 2099 ποτέ.
3959 2047 4013 2096 'U

2433 2133 2543 2204 γὰρ
2574 2134 2807 2204 μοναχδς
2837 2135 2898 2186 ἑν
2944 2136 3118 2204 τούτῳ
3148 2134 3268 2187 κατ’
3294 2135 3470 2205 ἀρχάς
3509 2135 3768 2188 εἰσελθὼν
3822 2137 3900 2206 τῷ
3932 2137 4010 2189 δι-

2433 2227 2739 2298 καστηρίῳ,
2763 2228 2856 2278 καὶ
2878 2225 3285 2296 ἀπογυμνώσας
3316 2227 3384 2278 τὰ
3418 2229 3636 2297 κρυπτά
3658 2229 3756 2297 τῆς
3787 2229 4012 2298 καρδίας

2432 2317 2622 2384 αὐτοῦ,
2674 2318 2966 2370 πέπεισται
3000 2321 3064 2370 ὲκ
3115 2319 3442 2389 προοιμίων,
3468 2321 3580 2386 είγε
3636 2320 3731 2372 καὶ⁵
3765 2321 4011 2372 ὁπωσοῦν

2429 2412 2634 2480 γνῶσιν
2694 2412 2981 2479 κέκτηται,
3018 2411 3101 2463 ὅτι
3185 2413 3397 2480 μυρίων
3474 2412 3710 2481 ὑπάρχει
3765 2411 4011 2465 θανάτων

2431 2505 2579 2572 ἄξιος
2605 2521 2618 2534 ·
2650 2504 2744 2557 καὶ
2770 2503 2859 2556 διὰ
2885 2504 2982 2573 τῆς
3013 2503 3260 2572 ὑπακοῆς
3287 2503 3450 2556 αὑτοῦ
3486 2508 3577 2556 καὶ
3594 2504 4004 2566 ταπεινώσεως.

2434 2599 2611 2667 πάσης
2635 2595 2907 2665 τιμωρίας
2941 2595 3034 2646 καὶ
3070 2594 3346 2657 κολάσεως
3380 2595 3720 2664 λυτρωθῆναι
3744 2597 4010 2654 πιστεύει.

2436 2694 2482 2742 εί
2511 2690 2584 2752 ὡς
2649 2687 2865 2759 ἀληθῶς
2916 2686 3027 2758 ἄρα
3075 2686 3166 2738 τὸν
3195 2687 3397 2756 τρόπον
3436 2686 3529 2739 τοῦ
3563 2687 3867 2757 μυστηρίου
3902 2690 4018 2740 ἐπίο

2443 2796 2658 2832 σταται.

2509 2871 2616 2941 μβ’.
2650 2871 2708 2923 Ὀ
2736 2869 3100 2934 ἀνεξάλειπτα
3146 2867 3320 2920 ταῦτα
3350 2867 3634 2936 φυλάττων
3657 2869 3794 2938 ὲντῇ
3821 2868 4011 2920 ἑαυτοῦ

2436 2963 2668 3032 διανοίᾳ,
2708 2961 2809 3028 τὴν
2845 2959 3076 3032 καρδίαν
3115 2959 3371 3013 οὐδέποτε
3433 2959 3790 3030 κινηθήσεται
3817 3000 3833 3022 ,
3889 2976 4014 3011 παι-

2432 3056 2742 3124 δευόμενος,
2773 3053 2808 3122 ἢ
2842 3038 3289 3122 νουθετούμενος,
3310 3052 3344 3122 ἢ
3367 3051 3748 3121 ἐλεγχόμενος.
3797 3049 4014 3118 Ἐπειδὴ

2432 3147 2462 3198 ὁ
2492 3143 2784 3215 ἐμπίπτων
2811 3145 2923 3205 τοῖς
2951 3141 3221 3205 τοιούτοις
3251 3143 3467 3204 κακοῖς,
3500 3140 3646 3207 λέγω
3678 3140 3745 3210 δὴ
3775 3144 3843 3210 τῇ
3870 3146 4013 3193 ἀντισ

753 3261 1092 3331 ερὶι·ἰιυ;ιιριη
1140 3266 1195 3312 et
1240 3257 1560 3327 magistrum
1592 3271 1777 3318 suum,
1811 3254 1865 3306 in
1895 3267 2081 3309 casses
2127 3265 2178 3306 et
2207 3267 2333 3323 pro-

2438 3239 2588 3307 λογία
2642 3237 2735 3289 καὶ
2771 3234 3024 3305 ἀπιστία,
3054 3235 3120 3304 τῇ
3141 3233 3276 3304 πρὸς
3299 3234 3391 3285 τὸν
3413 3235 3779 3300 πνευματικὸν
3807 3233 4014 3302 πατέρα

755 3355 921 3408 fuitda
949 3352 1248 3405 inferorum
1286 3350 1466 3402 adhuc
1503 3349 1691 3403 vivens
1720 3348 2090 3401 miserandum
2124 3346 2178 3399 in
2213 3360 2336 3399 mo-

753 3444 883 3495 dum
911 3442 1237 3496 deturbatur
1269 3456 1282 3493 :
1312 3449 1364 3493 et
1393 3447 1450 3491 ut
1481 3438 1867 3492 inobedientize
1916 3451 1980 3489 ac
2007 3435 2336 3505 perditionis

754 3533 924 3596 filius,
953 3532 1293 3585 domicilium
1340 3529 1563 3585 Satanae
1597 3527 1676 3592 fit,
1717 3537 1772 3582 et
1826 3528 2006 3582 omnis
2040 3527 2336 3581 immunda!

753 3626 1041 3693 potestatis
1079 3624 1216 3693 ejus.

825 3718 914 3771 45.
943 3717 1218 3769 Adhortor
1248 3727 1320 3778 te,
1354 3715 1425 3768 fill
1451 3714 1798 3779 obedientim,
1823 3722 1876 3766 ut
1900 3713 2013 3767 hch
2038 3714 2088 3766 in
2118 3723 2338 3782 pectore

754 3821 849 3863 tuo
903 3809 1117 3862 volutes
1175 3807 1492 3870 identidem,
1546 3821 1879 3875 omnemque
1929 3807 2334 3861 contentionem

755 3907 1037 3966 adhibeas,
1081 3920 1148 3958 ne
1182 3905 1232 3956 in
1263 3902 1400 3956 mala
1431 3903 1654 3967 inferni,
1683 3903 1748 3956 de
1783 3902 1984 3971 quibus
2013 3902 2220 3957 dictum
2251 3914 2337 3959 est

756 4016 781 4049 α
817 3997 1000 4059 nobis,
1024 3997 1332 4066 ptaacipites
1361 4035 1376 4059 ,
1416 3996 1510 4049 sed
1542 3995 1594 4046 in
1627 3995 1745 4048 dies
1776 3994 2022 4062 singulos
2064 3995 2228 4047 Deum
2263 3996 2335 4048 ita

756 4103 914 4158 roges
974 4095 1028 4142 et
1082 4087 1284 4141 dicas:
1329 4087 1498 4149 Deus,
1553 4093 1608 4138 et
1650 4084 1878 4138 Domine
1932 4085 2336 4152 universorum,

754 4196 916 4249 quem
952 4195 1117 4246 pt'ltcl
1144 4190 1227 4233 est
1258 4181 1439 4231 omnis
1470 4177 1720 4245 spiritus,
1757 4187 1809 4228 et
1840 4178 2039 4229 anima:
2071 4185 2335 4244 potestas,

754 4273 848 4342 qui
883 4272 1036 4327 solus
1073 4284 1269 4325 sanare
1296 4285 1381 4322 me
1415 4278 1588 4337 potes,
1613 4269 1810 4322 exaudi
1845 4284 1929 4322 me
1959 4268 2256 4334 infelicem,
2287 4278 2339 4324 et

757 4367 810 4417 in
851 4378 934 4417 me
966 4364 1373 4416 delitescentem
1406 4361 1700 4414 draconem
1734 4360 2071 4415 sanctissimi
2101 4361 2338 4430 Spiritus

760 4457 836 4509 tui
888 4457 1120 4508 adventu
1157 4458 1540 4521 interemptum
1581 4453 1744 4517 dele;
1783 4468 1976 4522 mequo
2009 4457 2337 4513 mendicum.

758 4551 906 4603 etab
932 4551 1080 4602 oinni
1118 4549 1319 4601 virtute
1353 4549 1588 4611 nudum,
1626 4549 1801 4600 sancti
1838 4546 2017 4604 Patris
2046 4550 2150 4605 mei
2188 4551 2341 4617 pedi-

758 4645 860 4696 bus
885 4642 1168 4710 procidere
1198 4639 1352 4704 velis,
1376 4651 1429 4694 et
1456 4652 1701 4695 sanetam
1732 4639 1856 4708 ejus
1878 4642 2111 4695 animam
2141 4641 2208 4695 ad
2240 4643 2338 4695 do-

760 4736 974 4789 lendam
1007 4733 1180 4787 vicem
1243 4747 1440 4794 meam,
1499 4744 1554 4787 et
1599 4733 1667 4785 ad
1725 4734 2155 4788 misericordiam
2208 4737 2338 4789 mihi

760 4827 886 4881 inde
911 4823 1257 4879 tribuendam
1288 4825 1584 4889 adducito;
1611 4834 1666 4879 et
1696 4826 1762 4879 da
1793 4828 2158 4882 humilitatem
2183 4833 2339 4884 cordi

762 4933 908 4982 meo,
948 4927 1000 4970 et
1035 4917 1398 4986 cogitationes
1431 4916 1714 4980 decentes,
1758 4921 2055 4986 peccatori,
2097 4923 2188 4988 qui
2241 4935 2339 4989 pe-

762 5011 896 5079 pigit
923 5021 1118 5069 tecum,
1156 5017 1212 5061 ut
1235 5008 1614 5077 pinuitcntiatn
1645 5020 1827 5078 ageret
1862 5027 1875 5061 :
1911 5021 1966 5064 et
1995 5027 2061 5064 ne
2086 5012 2138 5064 in
2174 5012 2334 5065 finem

761 5104 1118 5171 derelinquas
1152 5105 1412 5165 animam,
1451 5115 1572 5170 qua:
1612 5103 1781 5156 semel
1821 5103 1916 5156 tibi
1957 5120 2016 5159 se
2073 5120 2339 5176 aggrave-

762 5201 860 5260 vit,
893 5207 947 5250 et
978 5204 1030 5249 te
1070 5195 1322 5250 confessa
1364 5203 1467 5259 est,
1512 5197 1722 5264 totique
1755 5198 1961 5250 mundo
1992 5203 2338 5268 prmoptavit,

762 5304 826 5342 ac
871 5289 1110 5359 praetulit
1143 5297 1214 5341 te.
1272 5287 1351 5340 Tu
1393 5290 1538 5342 cnim
1580 5292 1744 5354 nosti,
1786 5291 2029 5356 Domine,
2086 5295 2221 5348 velle
2257 5311 2341 5350 me

762 5383 990 5442 salvari,
1019 5381 1230 5435 tametsi
1269 5382 1409 5434 mala
1440 5386 1836 5437 consuetudine
1867 5387 2120 5438 retardor
2144 5396 2198 5440 et
2235 5388 2340 5439 im-

764 5475 973 5540 pedior.
1014 5471 1398 5528 Verumtamen
1461 5480 1644 5529 omnia
1685 5480 1781 5531 tibi
1845 5481 2125 5546 possibilia
2187 5491 2338 5544 sunt,

764 5583 883 5635 qua:
916 5567 1058 5636 apud
1089 5567 1336 5622 homines
1375 5571 1758 5639 impossibilia.

833 5746 924 5798 M.
978 5744 1080 5811 Qui
1115 5749 1435 5814 prieclarum
1483 5747 1604 5804 ﬁdei
1649 5767 1712 5805 ac
1767 5754 1882 5821 spei
1918 5752 2336 5810 fundamentum

769 5840 906 5891 aulae
937 5853 1001 5892 ac
1044 5841 1228 5909 palatii
1255 5842 1472 5911 pietatis
1496 5858 1822 5914 posuerunt,
1855 5859 1910 5904 et
1937 5865 2102 5921 supra
2128 5861 2339 5920 petram

769 5932 1102 5990 obedientia:
1134 5935 1384 5996 Patribus
1419 5941 1798 6011 spiritualibus
1828 5947 2147 6004 exhibenda‘
2180 5949 2344 6015 pedes

2437 3330 2602 3384 αὑτοῦ
2673 3329 2767 3380 καὶ
2845 3325 3190 3391 διδάσκαλον,
3247 3326 3326 3387 είς
3390 3325 3664 3394 πέταυρον
3711 3323 3806 3374 καὶ
3860 3323 4015 3393 βυθὸν

2435 3423 2564 3494 ᾅδου
2597 3423 2677 3475 ἔτι
2729 3420 2836 3484 ζῶν
2865 3420 3114 3481 ἐλεεινῶς
3139 3417 3532 3486 καταφέρεται,
3589 3417 3684 3467 καὶ
3725 3410 3878 3477 οἶκος
3927 3415 4013 3467 τοῦ

2437 3521 2653 3572 Σατανᾶ
2703 3520 2796 3571 καὶ
2819 3518 3000 3585 πάσης
3038 3513 3204 3567 αὑτοῦ
3238 3515 3339 3582 τῆς
3367 3511 3678 3583 ἀκαθάρτου
3727 3511 4012 3581 δυνάμεως

2436 3610 2667 3678 γίνεται,
2698 3606 2772 3668 ὡς
2804 3605 3036 3676 ἀπειθὴς
3068 3605 3162 3656 καὶ
3186 3602 3463 3663 ἀπωλείας
3493 3603 3629 3663 υίὸς.

2511 3697 2619 3769 μγ’.
2641 3697 2951 3766 Παρακαλῶ
2969 3713 3028 3748 σε
3041 3696 3131 3748 τὸν
3144 3696 3238 3762 τῆς
3262 3693 3528 3763 ὑπακοῆς,
3557 3692 3643 3743 ἵνα
3669 3691 3846 3744 ταῦτα
3867 3694 4018 3763 στρὲ-

2439 3806 2544 3864 φῃς
2580 3789 2817 3859 συνεχῶς
2850 3792 2907 3842 ἐν
2941 3791 3010 3859 τῇ
3071 3787 3279 3857 διανοίᾳ
3324 3803 3418 3838 σου
3449 3800 3461 3813 ·
3506 3785 3599 3836 καὶ
3623 3785 3780 3856 πάσῃ
3812 3786 4016 3854 σπουδῇ

2436 3889 2830 3959 ἀγωνίσασθαι,
2858 3887 2954 3940 τοῦ
3002 3888 3076 3958 μὴ
3106 3883 3390 3938 κατελθεῖν
3433 3884 3490 3935 ὲν
3542 3884 3654 3945 τοῖς
3703 3881 4019 3950 είρημένοις

2438 3983 2533 4039 τοῦ
2561 3983 2688 4056 ᾅδου
2709 3983 2899 4043 κακοῖς
2929 3998 2941 4010 ·
2978 3981 3091 4034 ἀλλ’
3113 3978 3253 4032 οὕτω
3275 3976 3491 4029 δέεσθαι
3513 3974 3733 4044 θερμῶς
3765 3973 3862 4025 τοῦ
3884 3969 4018 4024 Θεοῦ

2439 4076 2564 4129 καθ’
2591 4075 2853 4145 ἑκάστην,
2878 4076 2970 4127 καὶ
2989 4072 3171 4139 λέγειν
3201 4090 3214 4102 ·
3246 4071 3347 4123 Θεὲ
3382 4069 3477 4122 καὶ
3507 4068 3680 4136 Κύριε
3711 4066 3821 4118 τῶν
3846 4065 4019 4116 ἀπάν-

2440 4187 2570 4234 των,
2595 4171 2625 4223 ό
2649 4167 2829 4239 πάσης
2869 4167 3039 4235 πνοῆς
3064 4165 3158 4218 καὶ
3183 4153 3360 4233 ψυχῆς
3385 4162 3524 4231 ἔχων
3547 4161 3644 4227 τὴν
3692 4159 3972 4222 ἐξουσίαν,
3993 4157 4019 4205 ὁ

2438 4259 2599 4329 μόνος
2657 4251 2913 4309 ἰάσασθαί
2960 4269 3027 4322 με
3063 4249 3381 4320 δυνάμενος,
3415 4247 3720 4302 ὲπάκουσόν
3755 4263 3859 4318 μου
3919 4245 4019 4312 τῆς

2430 4351 2670 4419 δεήσεως
2689 4344 2784 4397 τοῦ
2817 4340 3184 4410 ταλαιπώρου,
3202 4340 3296 4392 καὶ
3311 4338 3403 4392 τὸν
3424 4341 3480 4390 ἐν
3499 4339 3619 4407 ἐμοὶ
3633 4335 4020 4406 ὲμιρωλεὺοντα

2434 4442 2728 4511 δράκοντα,
2769 4438 2836 4505 τῇ
2875 4434 2970 4487 τοῦ
3000 4432 3270 4499 παναγίου
3313 4447 3405 4483 σου
3436 4428 3756 4496 Πνεὺματος
3809 4429 4021 4495 ἐπιφοι-

2436 4533 2591 4602 τήσει
2621 4525 2938 4587 θανατώσας
2959 4525 3225 4590 ἀφάνισον
3255 4537 3269 4552 ⁸
3313 4521 3458 4588 κάμὲ
3509 4517 3725 4587 πτωχὸν
3786 4520 3886 4568 καὶ
3933 4534 4025 4583 γυ-

2440 4624 2570 4694 μνὴν
2607 4621 2788 4689 πάσης
2822 4617 3023 4689 ἀρετῆς
3059 4615 3404 4685 ὑπάρχοντα,
3433 4613 3548 4673 τοῖς
3577 4609 3670 4662 τοῦ
3713 4610 3870 4676 ἁγίου
3925 4626 4022 4678 μου

2441 4714 2648 4782 Πατρὸς
2709 4709 2836 4763 ποσὶ
2879 4709 3018 4776 μετά
3076 4705 3330 4774 δακρύων
3383 4703 3714 4770 προσπεσεῖν
3771 4698 4023 4763 ἀξίωσον,

2442 4807 2532 4859 καὶ
2564 4805 2662 4873 τὴν
2692 4801 2854 4869 ἁγίαν
2883 4797 3046 4852 αὑτοῦ
3072 4797 3248 4866 ψυχὴν
3274 4797 3353 4858 εἰς
3387 4793 3733 4864 συμπάθειαν
3759 4790 4026 4858 τοῦἒλεῆ-

2443 4899 2532 4949 σαί
2557 4913 2622 4966 με
2656 4895 2884 4946 ἕλκυσον
2909 4909 2920 4921 ·
2959 4892 3051 4942 καὶ
3081 4890 3190 4951 δὸς,
3225 4888 3418 4957 Κύριε,
3444 4885 3781 4937 ταπείνωσιν
3802 4885 3867 4951 τῇ
3890 4900 3996 4952 καρ

2443 4989 2529 5059 δίᾳ
2590 5004 2712 5056 μου,
2739 4987 2832 5037 καὶ
2862 4983 3159 5051 λογισμοὺς
3200 4981 3517 5048 πρέποντας
3560 4976 3876 5047 ἁμαρτωλῷ
3902 4992 4027 5027 συϊ-

2442 5080 2653 5149 θεμένῳ
2682 5096 2764 5130 σοι
2804 5079 3090 5147 μετανοεῖν
3119 5093 3130 5104 ·
3191 5074 3284 5126 καὶ
3343 5073 3418 5141 μὴ
3473 5072 3550 5131 είς
3589 5070 3744 5132 τέλος
3791 5071 4028 5135 ὲγκατιμ

2441 5171 2630 5240 λείψω
2677 5169 2854 5239 ψυχὴν
2902 5168 3048 5229 ἅπαξ
3112 5163 3558 5232 συνταξαμὲνην,
3615 5163 3711 5214 καὶ
3756 5159 4030 5229 ὁμολογή-

2444 5281 2629 5326 σασαν,
2682 5264 2776 5315 καὶ
2833 5264 2953 5314 ἀντὶ
3004 5260 3205 5321 παντὸς
3261 5258 3356 5309 τοῦ
3407 5258 3615 5326 κόσμου
3657 5253 4028 5322 ἐκλεξαμένην

2443 5359 2536 5409 καὶ
2587 5354 3078 5424 προτιμησαμένην
3133 5368 3214 5403 σε.
3271 5346 3432 5412 υἷδας
3487 5348 3634 5417 γὰρ,
3706 5347 3902 5416 Κύριε,
3951 5347 4028 5397 ὅτι

2443 5450 2581 5500 θέλω
2613 5448 2874 5517 σωθῆναι,
2894 5448 2942 5499 εἰ
2973 5446 3068 5499 καὶ
3092 5447 3124 5513 ή
3155 5446 3365 5512 πονηρά
3405 5460 3506 5512 μου
3545 5440 3801 5510 συνήθεια
3857 5439 4028 5507 ὲμπόο

2438 5541 2547 5592 διό»
2593 5558 2692 5610 μου
2746 5540 3069 5592 καθίσταται
3101 5554 3112 5566 ⁸
3161 5536 3299 5588 ἀλλὰ
3334 5535 3534 5587 δυνατά
3594 5550 3698 5587 σοι.
3756 5533 4026 5590 Δέσποτα,

2445 5635 2622 5687 πάντα
2653 5635 2753 5685 ὅσα
2793 5633 2942 5701 παρά
2970 5628 3278 5701 ἀνθρώποις
3318 5627 3573 5680 ἀδύνατα.

2517 5756 2620 5824 μδ’.
2660 5757 2721 5808 Οἱ
2751 5757 2914 5810 καλὸν
2945 5761 3033 5808 τὸν
3055 5756 3301 5826 θεμέλιον
3333 5759 3425 5826 τῆς
3455 5758 3690 5819 πίστεως
3739 5759 3834 5811 καὶ
3877 5761 4026 5811 ἐλπί-

2444 5848 2629 5912 δος,ὲν
2658 5853 2723 5918 τῇ
2751 5849 2888 5919 αὑλῇ
2954 5849 3356 5912 καταὸαλὸντες
3419 5850 3516 5916 τῆς
3551 5849 3856 5912 εὐσεϐείας,
3891 5852 4026 5914 μετά

2445 5951 2610 6019 φόϐον
2645 5950 2736 6004 καὶ
2765 5949 2992 6020 τρῦμου,
3028 5950 3120 6002 καὶ
3156 5950 3246 6002 ἐπὶ
3281 5950 3378 6020 τὴν
3414 5950 3614 6018 πέτραν
3651 5947 3748 6018 τῆς
3781 5949 4021 6017 ὑπακοῆς
