4182 6456
221 395 332 456 625

1489 396 1863 457 CAPITULA
1910 393 2101 453 PliAC
2120 396 2225 454 l‘lC
2247 398 2295 455 \.

3362 401 3468 462 626

294 512 399 573 η’.
449 507 561 577 Οὒχ
594 507 622 559 ὀ
667 509 957 578 ἡσυχάζων
996 510 1151 579 μόνος
1175 550 1188 572 ,
1218 509 1250 578 ἦ
1283 511 1310 560 ὁ
1340 507 1770 575 ὑποτασσόμενος

1965 512 2053 565 53.
2082 510 2199 564 Νοιι
2228 510 2404 564 solum
2434 510 2752 579 quiescens,
2786 520 2838 565 ct
2872 514 3322 581 contemplationi
3373 516 3465 569 de-

219 601 361 653 ἀλλὶ
389 604 481 655 καὶ
511 604 537 655 ὁ
564 604 949 673 ήγουμενεὺων
972 643 985 664 ,
1021 605 1111 655 καὶ
1147 606 1173 657 ὁ
1204 602 1414 656 πολλῶν
1468 601 1806 671 apt/iniit:-

211 789 393 865 cendo
441 789 745 865 insurgere.
788 794 995 849 Animm
1046 797 1312 865 siquidem
1368 797 1675 852 trementis.
1734 805 1788 849 et

212 861 615 935 tumultuosius
650 869 865 928 agitatas
903 868 1066 919 verba
1103 861 1208 921 non
1259 870 1567 935 proﬁcient.
1604 868 1789 920 Missis

211 938 397 985 autem
434 932 538 993 his,
576 946 838 995 quantum
874 946 1030 1004 potes
1084 932 1323 991 animum
1357 951 1507 992 tuum
1541 938 1785 1000 humilia,

208 1014 263 1057 et
287 1017 413 1075 mox
441 1004 786 1057 timiditatem
816 1007 1152 1075 proﬂigatam
1186 1024 1504 1075 cognosces.

288 1091 309 1122 ι
357 1073 435 1122 Ab
470 1075 656 1125 aeedia
712 1073 995 1141 quispiam
1036 1073 1353 1143 oppressus,
1406 1087 1641 1132 mentem
1700 1095 1787 1131 re-

209 1144 460 1200 missam.
494 1152 545 1193 et
571 1145 812 1198 tenebris
836 1146 1090 1207 oll‘ttsam,
1126 1159 1179 1201 et
1212 1150 1452 1202 animam
1485 1163 1639 1201 suam
1672 1148 1789 1202 dis-

210 1213 687 1286 solu_tam_h:tbet,
740 1227 797 1267 ιιι
848 1232 913 1269 ex
958 1217 1058 1271 hoc
1101 1220 1496 1286 propemodum
1544 1220 1723 1272 luctus
1758 1235 1787 1274 a

208 1283 380 1334 corde
416 1281 534 1346 ejus
559 1285 773 1337 deﬁciat
793 1326 807 1344 .
832 1300 878 1338 et
901 1281 1116 1340 ﬂamma
1142 1290 1364 1354 spiritus
1394 1291 1445 1343 in
1481 1306 1547 1344 eo
1578 1289 1786 1343 exstin-

208 1364 427 1426 t:uatu_r.
447 1362 684 1426 totaque
713 1355 909 1409 domus
937 1359 1186 1426 corporis
1211 1361 1333 1420 eius
1364 1361 1513 1413 fumo
1564 1360 1786 1425 implea-

208 1433 321 1479 tnr.
356 1422 496 1497 Quin
531 1426 695 1497 etiam
730 1422 1097 1480 membrorum
1132 1439 1315 1496 torpor
1344 1430 1397 1484 in
1436 1430 1554 1497 ipso
1582 1422 1785 1483 excitae

206 1502 317 1555 tus,
348 1509 411 1547 es
446 1494 663 1558 pigritia
692 1511 814 1549 eum
846 1497 898 1549 in
931 1494 1260 1552 altissimum
1294 1494 1542 1554 somnum
1572 1501 1784 1553 demer-

204 1564 303 1627 git,
340 1575 391 1613 ut
435 1565 749 1617 necessario
784 1579 811 1617 a
853 1577 1114 1621 consueta
1167 1570 1465 1630 aeoluthia,
1503 1586 1596 1622 seu
1629 1569 1779 1622 ordi-

207 1643 337 1687 nata
373 1633 654 1686 lunetioue
685 1651 782 1688 sua
828 1647 1025 1692 cesset.
1085 1638 1179 1692 llis
1215 1656 1308 1705 per
1355 1640 1773 1697 continentiam,

201 1715 255 1756 et
290 1705 506 1762 vigilias
532 1706 820 1771 resistens,
850 1709 993 1761 vieto
1019 1724 1213 1761 somno
1238 1709 1418 1762 statim
1458 1710 1771 1775 arrogantia

200 1788 300 1825 cor
331 1776 387 1829 in
412 1778 643 1835 Iuratur,
676 1784 729 1827 et
756 1777 1039 1831 deﬁciente
1072 1779 1240 1835 luctu.
1276 1780 1567 1832 timiditate
1596 1780 1774 1833 corri-

198 1845 371 1907 pitur.
406 1844 579 1910 Quam
613 1860 666 1899 ιιι
702 1862 893 1901 rursus
925 1848 978 1902 in
1006 1864 1062 1903 se
1096 1852 1394 1913 experitur.
1423 1850 1601 1902 alieno
1636 1859 1772 1901 tem-

198 1927 336 1975 pore
369 1916 560 1969 cellam
592 1916 800 1972 exiens.
840 1928 893 1972 et
925 1917 978 1971 in
1030 1919 1386 1985 caliginosum
1428 1935 1490 1972 ac
1530 1920 1780 1972 tenebro-

198 1998 324 2036 sum
349 1988 530 2039 locum
558 2000 617 2037 se
643 1988 953 2051 conferens,
981 1997 1242 2053 stansque
1271 1990 1322 2043 in
1348 2006 1412 2043 eo
1437 1990 1694 2045 manibus
1724 1990 1776 2041 in

197 2058 403 2128 caelum
466 2056 677 2128 levatis.
730 2066 782 2111 et
835 2060 995 2125 signo
1040 2059 1223 2112 crucis
1280 2060 1332 2113 in
1383 2076 1440 2113 se
1491 2074 1777 2128 expresso.

196 2126 435 2181 sublati:
466 2126 531 2180 ad
582 2127 749 2179 Deum
804 2129 998 2191 oculis,
1053 2130 1141 2180 tthi
1194 2132 1413 2193 paulum
1474 2126 1778 2183 ltumiliavit

195 2197 470 2255 animum,
506 2199 687 2268 statim
726 2198 1035 2251 timiditatis
1070 2199 1279 2252 dannun
1316 2201 1383 2253 ab
1414 2216 1479 2253 eo
1527 2201 1777 2268 aliquan-

194 2274 314 2318 tum
364 2269 589 2320 recedit.
630 2266 703 2319 Eo
749 2278 928 2320 autem
976 2269 1267 2336 potentior,
1308 2278 1360 2322 et
1397 2266 1776 2324 formidandus

193 2336 289 2389 ille
323 2338 517 2395 hostis.
549 2338 639 2405 qui
675 2336 972 2407 advanaut
1023 2340 1251 2401 gloriam
1306 2341 1585 2401 sollicitat.
1628 2343 1774 2407 rogi-

193 2408 461 2460 tationem
486 2410 645 2461 istam
676 2406 977 2468 suﬂurans,
1001 2409 1267 2461 dilaniare
1292 2426 1438 2469 eum.
1468 2406 1775 2476 iterumque

192 2478 692 2538 pusillanimitatis,
743 2493 837 2532 seu
894 2479 1209 2533 timiditatis
1273 2479 1505 2534 dienmni
1559 2482 1774 2534 tradere.

190 2547 331 2601 vult.
362 2547 517 2613 Quod
550 2549 639 2602 ubi
668 2548 936 2614 intelligit,
969 2549 1223 2611 miratur,
1260 2550 1534 2617 Deumque
1563 2550 1775 2603 ferven-

190 2626 456 2691 tererat.
489 2621 564 2672 uti
592 2620 831 2673 animam
865 2636 1020 2674 suam
1053 2619 1122 2673 ab
1149 2620 1525 2687 hujuscemodi
1561 2622 1771 2691 laqueis

188 2688 395 2741 diaboli
436 2699 677 2743 tueatur.

268 2777 288 2808 ι
326 2758 532 2821 Multis,
574 2767 626 2811 et
678 2768 736 2811 ut
786 2775 888 2827 ego
940 2761 1160 2824 quidem
1220 2762 1438 2825 opinor,
1492 2760 1768 2826 omnibus,

193 2830 391 2901 horum
424 2829 730 2882 dtemonnm
761 2830 1070 2901 canuit-tus,
1105 2831 1553 2901 nequitiaqueet
1573 2831 1677 2892 via,
1706 2848 1771 2886 ac

193 2898 362 2961 ratio,
393 2913 501 2951 nua
538 2910 786 2957 utuntur,
818 2900 883 2950 ad
924 2900 1340 2960 intelligendum
1372 2898 1629 2953 idiﬂicilis
1661 2912 1767 2956 est.

191 2967 407 3019 Norunt
431 2970 576 3022 enim
604 2969 1068 3032 pusillanimitatis
1090 2970 1387 3023 daemonem
1415 2986 1538 3023 cum
1568 2972 1771 3024 acediae

187 3037 443 3091 dammne
491 3040 699 3101 venire,
732 3048 785 3091 et
823 3041 1162 3108 conspirare,
1203 3048 1259 3092 et
1302 3041 1446 3094 hunc
1499 3041 1572 3092 illi
1610 3041 1770 3094 auxi-

190 3108 324 3159 lium
372 3108 536 3163 lerre.
586 3112 661 3163 Ac
695 3110 929 3176 priorem
981 3109 1200 3177 quidem
1234 3110 1381 3162 illum
1430 3110 1679 3163 timorem
1715 3110 1769 3166 in

1897 605 2063 668 ditus,
2094 611 2188 657 aut
2218 601 2519 672 subjectus,
2560 602 2655 658 sed
2688 604 2847 656 etiam
2887 620 2980 674 pra
3002 609 3234 675 pos'tus,
3268 607 3471 678 quique

1890 794 2153 847 devorare.
2205 795 2527 850 nitentibus.
2588 796 2833 861 Dumque
2873 804 3089 853 aestuat.
3127 802 3181 850 et
3236 807 3349 860 quo
3409 811 3478 848 se.

1891 876 2066 919 vertat
2103 868 2298 927 nescit.
2334 884 2434 922 nec
2472 868 2634 921 habet
2688 885 2798 932 quo
2843 866 3140 935 confugiat,
3173 876 3223 917 et
3273 882 3300 917 a
3358 881 3469 930 quo

1890 938 2143 995 salutem,
2195 938 2773 1005 conservationemque
2828 946 3011 1003 petat,
3076 936 3140 988 ad
3178 935 3464 990 Dominum

1893 1006 2108 1058 tandem
2142 1007 2412 1068 confugit.
2450 1008 2541 1070 qui
2575 1024 2692 1060 eam
2727 1008 2940 1059 salvare
2974 1015 3174 1073 potest.

1965 1096 1983 1126 ι
2018 1076 2118 1139 Qui
2150 1091 2179 1126 e.
2211 1079 2412 1129 mundo
2446 1088 2560 1129 toto
2608 1094 2665 1129 se
2700 1079 2954 1134 removit,
2986 1079 3131 1129 velut
3170 1077 3221 1130 in
3270 1076 3465 1129 solitu-

1888 1145 2017 1198 dine
2040 1146 2207 1204 invia.
2236 1155 2289 1200 et
2315 1150 2549 1201 ferarum
2580 1148 2736 1211 plena
2765 1161 2823 1199 se
2851 1161 2972 1199 esse
2996 1146 3252 1211 pet-spicit
3280 1165 3294 1201 :
3323 1148 3469 1200 unde

1895 1216 2090 1269 timore
2141 1218 2464 1274 incredibili.
2504 1228 2554 1270 et
2592 1228 2827 1270 tremore
2863 1216 3019 1277 longe
3054 1218 3292 1269 maximo
3341 1231 3467 1269 eum

1895 1285 2202 1341 i'IceSsente
2231 1287 2429 1339 elamat
2458 1290 2523 1339 all
2558 1287 2868 1341 Dominum.
2905 1296 2959 1338 ιιι
3005 1284 3178 1339 Jonas
3209 1286 3359 1347 (Ion.
3406 1302 3467 1343 tt.

1894 1357 1913 1406 l
1952 1359 2131 1423 seqq.)
2166 1357 2384 1416 quidem
2422 1374 2450 1407 e,
2489 1366 2631 1419 ceto,
2687 1368 2740 1409 et
2796 1357 2927 1407 mari
2967 1357 3090 1409 vitm
3146 1356 3309 1421 hujus
3359 1373 3372 1408 :
3411 1366 3469 1409 ut

1893 1425 2077 1479 Duiiel
2111 1429 2274 1484 (Dan.
2331 1444 2401 1491 vr,
2442 1430 2460 1480 at
2512 1444 2690 1493 seqq.:
2730 1442 2838 1483 κεν.
2874 1427 2963 1483 28.
3006 1428 3027 1480 l
3068 1429 3249 1493 seqt.)
3288 1438 3467 1481 autem

1888 1511 1917 1547 c
1948 1496 2067 1551 lacn
2101 1499 2439 1563 passionum,
2470 1507 2526 1551 nt
2560 1500 2776 1553 leonum
2804 1497 3048 1561 scilicet;
3087 1505 3146 1550 ut
3176 1506 3286 1551 tres
3315 1499 3468 1565 pueri

1886 1579 1950 1618 ex
2007 1568 2222 1619 camino
2254 1568 2393 1633 ignis
2433 1570 2608 1621 insitre
2660 1567 2824 1633 (Dan.
2867 1582 2947 1627 ιιι,
2990 1568 3011 1618 l
3064 1567 3242 1635 seqq.)
3276 1577 3328 1619 et
3382 1568 3469 1616 in-

1888 1645 2027 1687 natae
2057 1639 2215 1689 nobis
2246 1640 2724 1701 concupiscentia,
2764 1645 2818 1688 et
2858 1636 3068 1688 urentis
3110 1654 3122 1688 :
3158 1644 3214 1687 ut
3248 1635 3468 1687 Manas—

1883 1722 1971 1757 ses
1998 1706 2083 1773 (Η
2121 1708 2306 1763 Paral.
2342 1724 2531 1766 sntit.
2571 1713 2590 1759 l
2630 1710 2808 1775 seqq.)
2842 1724 2906 1759 ex
2941 1708 3151 1759 catenis
3189 1707 3357 1771 hujus
3384 1708 3467 1759 lu-

1880 1778 1973 1836 tei,
2002 1789 2053 1829 et
2087 1780 2325 1830 interitu?
2356 1779 2585 1847 subjecti
2612 1777 2895 1844 corporis:
2925 1792 3084 1844 quem
3112 1785 3165 1831 ct
3212 1776 3468 1829 Dominus

1889 1850 2190 1900 exaudiens
2232 1848 2409 1915 ipsum
2454 1846 2482 1901 ε
2529 1847 2801 1915 profundo
2841 1847 3196 1915 ignorantim,
3236 1855 3289 1899 et
3331 1846 3470 1898 ami-

1889 1918 2013 1969 citia
2049 1918 2209 1981 huius
2245 1914 2427 1972 muneli
2462 1914 2674 1976 liberat.
2720 1914 3180 1985 quemadmodum
3231 1915 3466 1983 prophe-

1891 1994 1998 2037 tam
2030 1989 2180 2042 illtttn
2211 2003 2236 2039 a
2264 1996 2405 2049 ceto,
2432 1997 2492 2041 ut
2519 1990 2584 2041 ad
2610 1991 2721 2040 lucc
2752 2002 2860 2039 non
2888 1987 3217 2041 revolvatur.
3248 1986 3467 2040 [aberat

1889 2058 2033 2111 sicut
2068 2059 2340 2113 Danieletn
2385 2073 2413 2111 ει
2449 2059 2567 2113 lacu
2603 2058 2868 2110 malarum
2900 2057 3294 2122 cogitationum
3329 2071 3465 2109 con-

1888 2129 2259 2194 cupiscentize.
2321 2128 2670 2195 rapientium,
2725 2134 2777 2178 et
2818 2126 3194 2179 devorantium
3256 2126 3466 2180 animas

1890 2197 2191 2251 hominum.
2227 2196 2303 2250 ΛΙι
2336 2208 2495 2250 antea
2529 2196 2811 2264 conceptis
2838 2195 3210 2260 opinionibus,
3240 2196 3465 2249 vitioso-

1891 2283 2007 2319 rum
2038 2268 2328 2321 τιίῐοιριιιιιηι
2379 2269 2571 2327 plenis,
2603 2266 2750 2320 illius
2787 2266 2946 2330 ignis.
2980 2266 3073 2332 qui
3112 2266 3386 2318 comburit
3410 2274 3465 2318 et

1887 2348 2063 2390 \astat
2115 2340 2233 2405 ejus
2276 2337 2537 2399 animam,
2590 2346 2753 2402 atque
2793 2337 2861 2390 ad
2916 2337 3162 2389 attiuncs
3225 2334 3465 2388 nefarias

1886 2404 2163 2475 compellit
2190 2419 2246 2464 et
2292 2407 2483 2466 trahit.
2522 2407 2926 2460 int'OtllbllSllllli
2958 2404 3224 2475 custodit.
3261 2416 3309 2457 et
3341 2406 3463 2471 Spi~

1885 2476 1994 2528 ritu
2016 2474 2223 2532 saneto
2255 2478 2494 2529 irrorans
2518 2477 2636 2545 ejus
2662 2477 2921 2542 animam,
2950 2486 3007 2528 ttt
3043 2474 3317 2528 lsruclitas
3342 2474 3464 2530 illos

1886 2561 2105 2613 pueros,
2131 2559 2183 2603 et
2225 2567 2252 2604 a
2291 2556 2502 2601 terrena
2558 2550 2679 2609 hac,
2724 2547 3007 2614 gravique,
3059 2555 3113 2598 et
3160 2546 3397 2599 motibus
3434 2563 3461 2595 ει

1885 2618 2099 2673 ratione
2132 2619 2342 2674 aversis
2365 2618 2659 2685 plurimum
2685 2617 2926 2670 obnoxia
2951 2631 3117 2669 carne
3145 2618 3459 2681 neutiquam

1883 2685 2243 2760 lntuuliatain,
2288 2696 2343 2760 et
2374 2704 2491 2742 sme
2522 2689 2673 2760 lapsu
2714 2701 3068 2760 conservans,
3101 2685 3266 2760 lilium
3299 2686 3460 2760 lui-is,

1878 2766 1934 2810 ιιι
1961 2758 2064 2813 dici
2104 2754 2279 2827 ipsum
2315 2757 2463 2821 facit,
2494 2767 2549 2812 et
2581 2757 2707 2811 hinc
2741 2757 2849 2822 jam
2884 2765 3099 2826 gustum
3134 2754 3463 2809 immortali-

1881 2826 2008 2879 tatis
2042 2834 2089 2883 ei
2122 2831 2342 2897 praebet.

1955 2916 1973 2945 ε
2009 2895 2200 2954 Anima
2233 2902 2312 2954 sic
2354 2899 2604 2955 habitans
2636 2899 2689 2951 in
2715 2896 2821 2949 isto
2860 2895 3074 2957 ahjeeto
3120 2909 3366 2959 corpore,
3403 2905 3459 2947 ut

1878 2981 1950 3033 eo
1974 2978 2156 3024 utatur
2203 2970 2564 3029 familiariter,
2612 2976 2665 3021 et
2697 2968 2999 3031 voluptates
3026 2965 3145 3033 ejus
3174 2967 3454 3027 all‘ectans,

1879 3031 2169 3105 gloriaque
2204 3043 2452 3093 humanae
2476 3037 2655 3092 dedita
2683 3054 2697 3091 :
2727 3046 2821 3089 aut
2851 3031 3296 3103 hurutu'qttidem
3331 3040 3457 3089 nul-

1881 3112 1984 3160 tam
2020 3111 2290 3163 rationem
2317 3110 2546 3173 ducens,
2580 3108 2715 3161 lucis
2744 3116 2948 3165 autem,
2999 3119 3093 3156 set
3133 3106 3254 3159 vitro
3295 3105 3456 3169 hujus

191 3179 376 3230 anima
419 3194 543 3231 cum
575 3179 957 3233 obfirmatione
992 3176 1213 3245 gignere
1240 3196 1253 3231 :
1295 3180 1652 3247 posteriorem
1692 3191 1771 3234 te-
1799 3176 1842 3236 C
1874 3177 2272 3241 iucunditatem
2302 3178 2563 3242 sentiens,
2589 3177 2654 3231 ad
2677 3191 2893 3247 omnem
2920 3178 3200 3247 virtutem,
3224 3183 3277 3228 et
3305 3190 3458 3227 mau-

189 3248 413 3307 nebras,
441 3257 491 3299 et
518 3249 919 3309 remissionem.
947 3259 1203 3311 prmterea
1226 3252 1524 3304 caecitatem
1549 3251 1768 3317 animrc,

189 3326 242 3369 et
285 3319 627 3380 intellectus,
660 3326 714 3373 et
744 3319 1186 3384 desperationem
1221 3320 1591 3375 introducere.
1638 3320 1770 3375 Cer—

190 3389 441 3441 tantihns
497 3398 677 3441 autem
751 3391 937 3442 acetlia
1003 3389 1290 3455 probatio,
1351 3399 1405 3444 et
1470 3391 1771 3457 exploratio

186 3458 441 3523 quaedam
475 3467 559 3511 est
592 3458 1059 3523 humilitatemque
1091 3459 1284 3512 iisdem
1317 3461 1599 3514 conciliat.

263 3527 427 3597 «Qui
483 3528 538 3579 in
590 3528 838 3582 oratione
878 3544 1201 3596 progressus
1242 3531 1465 3590 habent.
1504 3540 1598 3585 aut
1651 3532 1771 3597 ejus

188 3596 373 3667 studio
398 3597 701 3657 ducuntur,
731 3614 828 3651 eos
856 3600 1056 3651 aeedite
1080 3599 1292 3651 daemon
1329 3596 1769 3667 frequentissime

188 3666 485 3738 lacessi-re.
513 3675 565 3718 et
590 3682 906 3735 oppugnare
934 3669 1243 3721 consuevit.
1270 3668 1404 3721 Nam
1430 3666 1765 3738 reliquorum

186 3736 502 3788 dartnonutn
533 3738 715 3790 nullus
746 3745 939 3807 contra
975 3738 1074 3791 hos
1101 3738 1401 3807 quidquam
1439 3736 1581 3792 valet
1607 3756 1620 3793 :
1653 3742 1767 3795 sive

189 3807 279 3859 ille
340 3808 485 3859 alius
552 3806 891 3860 meonomiea
950 3808 1185 3876 quadam
1254 3808 1345 3861 Dei
1409 3811 1767 3875 permissione

187 3886 383 3927 contra
418 3878 570 3944 ipsos
599 3877 741 3931 valet
771 3892 785 3931 :
816 3878 930 3930 sive
964 3880 1130 3944 (quod
1159 3893 1258 3945 ego
1289 3879 1547 3932 libentitts
1572 3879 1762 3945 credo)

186 3961 249 3998 ex
310 3947 710 4013 inaequalitate,
766 3955 820 3998 ct
886 3948 1295 4015 perturbatione
1353 3951 1765 4015 temperamenti

188 4018 441 4082 corporis
472 4016 761 4068 adversum
796 4031 896 4071 nos
924 4018 1070 4070 vires
1106 4018 1293 4071 sumit.
1326 4016 1482 4083 Quod
1511 4020 1657 4081 dico,
1682 4030 1767 4074 est

190 4084 528 4147 huiusmodi.
576 4084 631 4136 Si
666 4085 839 4139 multo
880 4087 1004 4139 cibo
1050 4088 1395 4140 stomachum
1428 4092 1669 4153 gravavi.
1711 4100 1765 4146 et

186 4171 251 4205 νς
296 4158 589 4208 saturitate
630 4156 791 4207 nim’a
842 4171 1157 4210 somnosmu
1212 4160 1553 4225 consopitus,
1585 4162 1765 4214 domi-

186 4233 313 4277 nata
346 4234 429 4305 est
457 4227 626 4305 tuenti
655 4240 787 4277 meae.
824 4227 1183 4305 vituperanda
1224 4227 1461 4305 affectio,
1496 4240 1549 4305 et
1584 4231 1763 4305 vit-tus

186 4310 329 4347 sum.
376 4294 580 4347 Deinde
615 4310 828 4366 rursus,
862 4296 905 4348 si
941 4294 1297 4366 immoderate
1330 4296 1471 4350 cibis
1500 4299 1761 4366 abstinui,

188 4374 427 4434 mentem
461 4379 634 4417 meam
664 4364 980 4425 obscuravi.
1009 4376 1063 4418 et
1106 4380 1245 4434 pene
1278 4367 1609 4421 immobilem
1641 4364 1762 4423 red;

186 4431 324 4495 didi,
361 4434 666 4500 iterumque
696 4443 882 4500 postea
917 4436 970 4487 in
1004 4431 1248 4488 eamdem
1287 4435 1628 4491 aﬂeCIionent
1679 4442 1762 4493 itt-

184 4501 316 4555 cidi.
350 4502 626 4577 ln'erdum
657 4519 737 4577 es
763 4505 883 4577 ςαξΙὶ
918 4506 1408 4577 tentperie‘nescio
1460 4510 1761 4577 quomodo,

186 4582 243 4622 et
277 4572 543 4625 nebulosa
568 4573 819 4627 crassitie
842 4574 985 4627 venti
1017 4571 1227 4631 humidi
1262 4576 1391 4629 talia
1422 4571 1761 4636 certantibus

181 4643 467 4695 eveniunt.

263 4729 283 4761 ι
327 4711 536 4788 Aecdia_
578 4711 778 4788 tuentis
824 4726 877 4767 et
926 4717 1123 4769 anima:
1157 4731 1305 4788 mors
1350 4725 1433 4771 est
1468 4734 1678 4788 :quam
1712 4723 1760 4777 si

192 4778 337 4833 Deus
370 4781 708 4847 permisisset
735 4782 787 4833 in
812 4800 923 4856 nos
957 4787 1218 4852 grassari,
1251 4778 1759 4856 quantum-potest,

191 4865 353 4902 nemo
437 4865 679 4917 unquam
742 4853 1025 4919 spirituale
1094 4853 1368 4910 certamen
1426 4853 1756 4915 certantium

188 4920 423 4972 salutem
462 4922 655 4973 luisset
688 4932 1039 4977 consecutus.
1081 4925 1319 4980 Muneris
1352 4935 1532 4979 autem
1585 4934 1757 4985 nostri

188 4997 291 5051 est,
331 5004 431 5055 pro
466 4990 606 5062 virili
646 5004 797 5062 parte
825 4993 999 5046 eidem
1031 4997 1309 5057 resistere,
1356 4996 1448 5049 Dei
1486 5013 1635 5062 vero,
1667 5017 1758 5052 ar-

183 5073 322 5110 cana
348 5060 584 5126 quadam
616 5061 827 5134 ratione
858 5078 958 5117 nos
985 5066 1248 5127 excitare,
1277 5066 1561 5134 palamque
1587 5060 1758 5123 victo-

185 5140 275 5181 re!
329 5130 745 5206 praestareslist
791 5146 955 5199 porro
1008 5130 1373 5206 imposSIbile,
1428 5130 1756 5206 quemquam

183 5209 461 5277 mortuum
500 5200 665 5252 vitale
694 5200 874 5278 lumen
912 5200 1153 5278 recipere
1183 5206 1301 5278 sine
1347 5200 1467 5272 ejus
1502 5200 1625 5275 ope,
1662 5214 1756 5278 qui

185 5271 543 5333 semetipsum
582 5282 613 5321 a
645 5271 874 5323 mortuis
908 5275 1277 5327 resuscitavit.

185 5404 196 5414 .
260 5353 279 5385 ι
313 5336 370 5388 Si
406 5337 549 5416 furto
596 5342 854 5405 quodam.
887 5356 1115 5416 seuper
1160 5344 1568 5416 subreptionem
1606 5364 1757 5405 mens

184 5412 238 5484 iit
270 5412 667 5484 arrogantiam,
719 5416 773 5460 et
822 5412 1161 5484 magniﬁcam
1216 5415 1285 5466 tle
1331 5412 1392 5468 Se
1441 5418 1755 5484 opinionem

181 5475 487 5550 devenerit.
522 5486 576 5528 et
606 5476 681 5550 in
731 5492 799 5550 ea
833 5475 1050 5546 luti—gius
1094 5493 1442 5550 processerit,
1480 5475 1553 5538 ἰιι
1591 5503 1649 5541 se
1702 5494 1755 5541 in

181 5545 486 5616 certamine
536 5546 803 5611 spirituztli
862 5545 1241 5616 altqitidesse
1291 5545 1585 5615 existimet.
1642 5566 1753 5611 tum

184 5615 385 5688 gratia,
421 5629 559 5688 quae
596 5616 769 5681 ipsam
832 5618 1192 5681 illuminabat,
1248 5638 1348 5677 nec
1405 5628 1754 5688 cernebatur.

184 5684 383 5758 avolat.
421 5682 633 5736 Etcum
675 5701 802 5758 eam
827 5688 971 5741 brevi
1022 5690 1237 5742 inanem
1272 5692 1596 5758 deseruerit,
1645 5682 1755 5748 sta;

188 5754 281 5823 tim
322 5752 377 5805 in
425 5762 614 5819 aperto
644 5763 724 5806 est
754 5754 876 5822 ejus
933 5758 1302 5823 imbecillitas,
1350 5752 1753 5819 incursantibus

186 5821 331 5875 illam
369 5821 871 5890 perturbationibus
922 5826 1096 5880 instar
1125 5821 1318 5883 cauum
1362 5835 1651 5895 atrocium,
1691 5853 1751 5889 ac

1876 3247 2063 3302 datum
2117 3251 2206 3302 Dei
2244 3260 2422 3316 torpet
2465 3248 2643 3315 plane,
2679 3246 3010 3316 minimeque
3043 3246 3243 3298 alacris
3285 3255 3388 3316 est.
3426 3264 3454 3297 ιι

1876 3320 2035 3373 malis
2064 3321 2172 3384 jam
2203 3315 2365 3374 dictis
2415 3319 2569 3385 quasi
2602 3317 2772 3372 arctis
2800 3315 3022 3385 gravata
3076 3315 3451 3382 compedibus.

1873 3390 2008 3440 Cum
2036 3403 2214 3442 autent
2243 3384 2483 3443 excitata
2517 3387 2795 3442 laboribus
2831 3384 3161 3443 alllictiouis,
3194 3395 3248 3437 et
3279 3385 3453 3453 lacry-

1876 3458 1978 3511 mis
2004 3461 2355 3526 pteuitentiae.
2395 3460 2609 3527 pondus
2640 3459 2823 3509 earnis
2872 3470 2900 3507 ει
2958 3458 3308 3527 secretissit,
3346 3459 3455 3507 sal-

1872 3524 2119 3603 suginem
2149 3534 2348 3583 terreni
2380 3524 2575 3584 sensus
2607 3527 2824 3603 ﬂetibus
2856 3524 3067 3592 magnis
3090 3525 3454 3603 eltlll.-llttlltl-

1875 3597 2193 3667 litatetnque
2243 3616 2424 3653 rerum
2476 3613 2597 3668 quae
2652 3597 2929 3668 videntur,
2985 3594 3343 3668 transcendit,
3398 3603 3453 3645 et

1873 3680 2012 3734 puro
2039 3662 2245 3724 luinine
2270 3662 2568 3732 l'rniturfet
2595 3682 2622 3719 a
2646 3665 3018 3718 dominatione
3043 3662 3449 3733 tyrannicarum

1870 3737 2036 3806 animi
2078 3740 2393 3806 passionum
2426 3738 2599 3793 asseri
2638 3737 3017 3806 meruit,_mox
3074 3745 3127 3786 et
3156 3734 3270 3801 ipsa
3325 3748 3448 3786 cum

1868 3803 2142 3874 Propheta
2174 3810 2446 3875 exclamat
2492 3826 2506 3860 :
2570 3826 2588 3857 ι
2628 3804 2960 3882 conscidiin
3008 3818 3234 3882 saccum
3268 3818 3448 3882 meum

1868 3884 1922 3928 et
1951 3873 2371 3933 circumdedisti
2401 3895 2486 3931 me.
2540 3877 2748 3939 laetitia,
2804 3882 2862 3927 ut
2912 3880 3095 3926 cantet
3144 3873 3238 3925 tibi
3278 3874 3450 3941 gloria

1871 3956 2092 4020 tnea,_ct
2128 3963 2231 4020 non
2265 3964 2599 4020 compttngar
2630 3945 2805 4016 (Psal.
2835 3958 2993 4020 ists,
3017 3944 3128 4007 12).
3160 4014 3170 4020 _
3330 4015 3335 4020 θ

1948 4036 1965 4067 ι
2010 4017 2144 4071 Tres
2185 4018 2334 4072 locos
2370 4012 2528 4072 sacra
2560 4012 2845 4083 Scriptura
2883 4014 3108 4077 indicat,
3160 4014 3212 4063 in
3249 4012 3448 4083 quibus

1872 4102 2028 4141 mens
2066 4088 2298 4141 libenter
2332 4089 2578 4142 habitare
2629 4081 2936 4162 consuevit.
2973 4084 3083 4162 Ego
3136 4098 3262 4135 vero
3308 4081 3447 4162 duos

1868 4161 2051 4224 potius
2082 4172 2203 4212 esse
2242 4160 2349 4213 aio.
2386 4173 2491 4210 non
2524 4169 2582 4210 ιιι
2620 4157 2844 4209 doceam
2900 4156 3195 4221 Scriptura:
3229 4160 3448 4203 contra-

1867 4228 1970 4285 ria.
2004 4228 2149 4296 quod
2195 4228 2367 4281 absit!
2427 4228 2520 4281 sed
2554 4226 2792 4279 medium
2842 4225 2980 4277 inter
3032 4224 3358 4296 principium
3392 4238 3446 4275 et

1869 4294 2034 4372 linem
2061 4298 2203 4350 haud
2242 4314 2557 4351 numerans.
2596 4296 2840 4372 Exempli
2878 4308 3064 4372 causa.
3096 4294 3187 4359 qui
3218 4308 3281 4345 es
3314 4295 3445 4372 urbe

1863 4365 1921 4420 in
1951 4368 2165 4431 urbem,
2194 4377 2244 4421 et
2279 4385 2308 4422 e
2344 4370 2564 4435 regione
2595 4369 2647 4420 ili
2704 4368 2864 4418 aliam
2899 4364 3174 4432 regionem
3199 4364 3441 4435 transiit,

1865 4439 2161 4492 nonetiam
2194 4438 2295 4490 iter
2327 4433 2503 4504 ipsum
2540 4452 2650 4506 quo
2684 4438 2961 4502 prolectus
2990 4442 3094 4494 est,
3128 4433 3445 4506 tit-licuaiit

1796 4524 1839 4579 ι)
1870 4508 2149 4579 regionem
2180 4502 2511 4579 appellabit,
2536 4502 2789 4575 quainiis
2810 4506 2863 4558 in
2896 4519 2961 4579 eo
2993 4506 3160 4579 multa
3189 4510 3243 4553 et
3271 4502 3447 4553 admi-

1869 4571 2057 4631 rabilia
2104 4571 2320 4631 viderit.
2360 4571 2572 4630 Etenim
2610 4578 2702 4646 qui
2759 4591 2825 4628 ex
2876 4573 3110 4643 .-£g_vpto
3148 4571 3200 4622 ιιι
3242 4581 3440 4623 terram

1866 4648 2247 4716 promissionis
2277 4647 2550 4716 migravit,
2581 4658 2634 4700 et
2669 4647 2720 4699 in
2754 4663 2814 4699 ea
2866 4648 3044 4700 sedent
3078 4649 3285 4716 pusttzt,
3318 4658 3434 4691 om.

1865 4715 2016 4770 nium
2056 4717 2274 4786 quidem
2312 4715 2658 4788 recordatur».
2688 4733 2809 4785 qua:
2864 4716 2917 4766 in
2970 4715 3145 4764 ιιιιιιΙιυ
3180 4726 3439 4788 occurri--

1865 4798 2015 4845 runt.
2048 4802 2222 4853 eaque
2278 4796 2465 4839 narrat
2496 4786 2792 4841 omnibus:
2832 4800 2938 4836 non
2990 4793 3166 4853 tamen
3198 4796 3227 4832 a
3264 4786 3437 4847 prima

1862 4856 1927 4907 ad
1960 4851 2281 4918 secundum,
2312 4866 2367 4909 et
2393 4872 2422 4909 a
2453 4855 2689 4909 secunda
2724 4856 2777 4908 itt
2824 4856 3035 4907 tertiani
3072 4851 3297 4914 urbem,
3347 4866 3374 4899 ιι
3420 4859 3439 4901 ι

1864 4928 2141 4994 regionem
2173 4942 2235 4981 se
2278 4926 2587 4980 ambulasse
2619 4926 2751 4979 dicit
2783 4942 2795 4977 :
2830 4924 2922 4977 sed
2957 4920 3229 4991 quomodo
3263 4938 3290 4971 a
3322 4935 3439 4994 ser-

1864 4989 2035 5049 vit'nte.
2059 4997 2125 5050 ad
2155 4997 2483 5053 libertatein.
2511 5010 2539 5046 a
2568 4997 2807 5049 tenebris
2843 4995 2908 5045 ad
2958 4989 3155 5051 lucem,
3190 5004 3218 5040 ιι
3250 4989 3438 5039 condi-

1864 5068 2010 5121 tiuue
2040 5068 2240 5137 captivi
2273 5067 2341 5119 ad
2372 5066 2600 5133 patriam
2633 5084 2647 5118 :
2692 5070 2770 5119 sic
2808 5074 2970 5119 etiam
3011 5064 3077 5114 ab
3127 5062 3432 5137 all'ectiont:

1865 5138 1967 5191 bus
2000 5136 2065 5189 ad
2111 5130 2299 5190 carum
2333 5130 2683 5197 vacuitatem,
2718 5138 2786 5189 ab
2820 5154 3007 5191 earum
3068 5138 3327 5183 servitute
3367 5130 3433 5179 ad

1864 5207 2170 5261 libertatem
2204 5206 2426 5275 spiritus
2460 5221 2473 5256 :
2505 5214 2559 5258 et
2592 5209 2661 5259 ab
2694 5209 3007 5276 atitiripatis
3042 5215 3252 5276 contra
3280 5207 3434 5248 Itali:-

1862 5293 1978 5330 ratn
2027 5276 2193 5329 animi
2235 5274 2589 5344 Opinionibus
2628 5278 2815 5346 (quam
2855 5274 3000 5331 velut
3058 5274 3429 5343 captivitatem

1859 5348 2162 5413 Spirituatis
2184 5349 2265 5399 lex
2297 5345 2560 5415 nominat)
2581 5345 2645 5398 ad
2682 5350 2912 5402 reditum
2940 5362 3105 5415 supra
3132 5353 3381 5398 naturam
3412 5352 3427 5390 :

1858 5432 1888 5469 a
1943 5417 2064 5467 vita:
2102 5416 2263 5482 hujus
2304 5415 2513 5484 pelago,
2547 5426 2601 5470 et
2636 5417 2890 5472 ﬂuctibus
2923 5422 2988 5472 a.l
3026 5424 3228 5468 statum
3280 5424 3431 5466 tran-

1857 5486 2142 5553 quillitatis
2172 5500 2361 5539 eorum
2394 5488 2594 5552 quibus
2628 5503 2751 5541 cum
2788 5494 2987 5541 ιιοιιιι.ἐο
3014 5486 3147 5539 nihil
3196 5494 3280 5537 est
3336 5498 3431 5535 nc-

1858 5557 1986 5622 gutii
2020 5574 2032 5608 :
2071 5558 2141 5609 ab
2168 5557 2536 5609 amaritudine
2571 5558 2999 5611 sollicitudinum
3034 5569 3087 5609 et
3120 5554 3429 5609 tribulatio-

1859 5640 1988 5677 num
2046 5633 2269 5693 pr0pter
2300 5639 2388 5678 res
2422 5628 2664 5681 caducas
2702 5630 2767 5680 ad
2804 5627 3132 5681 ineffabilem
3186 5623 3428 5679 suavita-

1857 5708 1985 5758 tem,
2016 5705 2067 5747 et
2095 5706 2266 5747 otium
2306 5708 2336 5747 a
2362 5698 2509 5749 curis
2538 5712 2717 5750 rerum
2749 5708 3088 5751 terrenarum
3120 5698 3370 5749 univetsc
3408 5705 3421 5742 :

1857 5785 1886 5817 ει
1920 5765 2215 5833 cupiditate
2247 5764 2557 5834 multiplici,
2591 5776 2643 5818 et
2671 5767 3051 5833 distractione,
3092 5776 3146 5819 ct
3186 5767 3421 5819 tumultu

1856 5839 1920 5889 ml
1984 5850 2149 5888 unum
2212 5836 2413 5891 solum.
2465 5846 2518 5892 et
2573 5839 2929 5892 univcrsalem
2989 5837 3420 5891 convenientiam
