4182 6456
725 351 830 417 627

1963 349 2344 412 ΞῩΜΕΟΧΙΞ
2383 352 2752 417 JUNlORlS

3868 343 3980 408 628

727 465 915 521 multis
942 473 1156 535 prmest,
1184 475 1234 520 et
1261 466 1376 534 ipse
1414 462 1682 528 minister,
1709 476 1839 515 cura
1874 475 2069 516 vacare
2098 458 2257 513 debet
2285 475 2299 512 :

2385 475 2495 522 vo;,
2527 460 2620 512 καὶ
2645 458 2808 522 αὐτὸς
2827 459 2855 512 ὁ
2883 457 3168 521 διακονῶν,
3213 457 3519 528 ἀμέριμνος
3551 455 3757 527 ὀφείλει
3785 452 3932 510 εἶναι
3961 496 3973 516 ,

726 561 829 612 hoc
856 568 962 622 est,
995 559 1062 613 ab
1091 558 1343 613 omnihus
1373 559 1494 611 vitro
1548 554 1780 625 negotiis
1808 556 1945 609 citra
2002 552 2303 607 dubitatio-

723 666 847 704 nem
878 650 1034 712 liber,
1070 659 1122 704 et
1155 650 1442 719 expeditus
1478 663 1621 703 esse.
1669 648 1802 701 Nam
1841 647 1884 701 si
1921 643 2306 702 sollicitudini-

730 741 834 794 bus
861 742 1149 810 agitamur.
1178 741 1631 808 prmaricatores
1655 738 1964 793 invenimur
1987 737 2132 790 illius
2155 751 2306 789 mm-
2341 736 2344 739 ’

725 828 773 881 d.
796 829 834 882 ti
853 846 867 881 :
883 829 994 883 ι·Νο
1009 831 1148 884 solli:
1170 832 1227 884 iti
1249 831 1367 886 sitis
1383 830 1575 883 anima
1589 839 1779 885 vestrre
1795 830 1923 898 quid
1940 830 2302 891 manducetis,

725 932 818 976 aut
845 923 972 990 quid
1008 925 1243 987 bibatis;
1293 938 1471 991 neque
1492 922 1708 991 corpori
1733 929 1916 975 vestro
1940 920 2068 989 quid
2107 920 2302 973 indua-

721 1017 895 1068 mini:
928 1015 1043 1068 hac
1073 1015 1216 1068 enim
1249 1016 1432 1068 omnia
1457 1022 1644 1085 gentes
1674 1013 1955 1081 inquirunt
1981 1013 2074 1064 ".o
2112 1011 2178 1064 Et
2202 1009 2305 1070 ito,

723 1120 847 1159 rum
872 1104 1150 1171 :tCavetc,
1174 1108 1464 1173 nequando
1487 1113 1779 1174 graventur
1811 1105 1973 1160 corda
1994 1115 2168 1160 vestra
2189 1119 2305 1159 cru-

723 1198 873 1268 pnIa,
894 1205 941 1249 et
963 1196 1246 1264 ebrietate,
1269 1212 1329 1249 ac
1349 1197 1811 1251 sollicitudinibus
1829 1196 1992 1266 hujus
2011 1197 2262 1251 szeeuli".
2279 1217 2296 1247 ι

795 1287 884 1340 54.
926 1287 1096 1352 Quem
1142 1303 1227 1342 res
1268 1289 1389 1341 vita:
1432 1288 1596 1357 hujus
1624 1291 1919 1344 sollicitum
1989 1290 2210 1351 habent,
2246 1298 2300 1343 et

727 1384 960 1444 angunt,
1013 1390 1118 1428 non
1147 1385 1231 1430 est
1263 1376 1422 1430 liber.
1458 1376 1690 1446 Propter
1719 1381 1913 1431 harum
1947 1379 2153 1448 quippe
2185 1379 2299 1433 sol-

727 1467 1090 1528 licitudinem,
1124 1476 1178 1520 et
1225 1484 1414 1521 curam
1471 1471 1689 1523 anxiam
1745 1487 1866 1526 sese
1928 1472 2190 1537 demittit,
2245 1483 2300 1528 rt

727 1557 1013 1621 servitutis
1050 1555 1181 1626 iugo
1233 1558 1530 1624 submittit,
1579 1561 1695 1614 sive
1752 1576 1872 1624 sua,
1904 1562 2019 1616 sive
2064 1563 2295 1617 aliorum

725 1660 892 1698 causa
923 1647 1197 1702 sollicitus
1229 1648 1320 1701 sit.
1353 1649 1391 1701 Α
1425 1651 1628 1719 quibus
1667 1651 1824 1714 liber,
1863 1667 1961 1707 nec
1989 1653 2056 1707 de
2090 1669 2168 1716 se,
2200 1670 2296 1708 uec

2384 553 2552 623 ἤγουν
2585 551 2868 620 ἐλεύθερος
2898 553 3006 606 ἀπὸ
3040 553 3252 605 πάντων
3279 550 3387 604 τῶν
3406 551 3676 621 βιωτικῶν
3707 552 3976 620 πραγμα-

2383 663 2491 696 των
2523 644 2930 714 ἁναμφιϐὁλως.
2974 645 3035 698 Et
3087 645 3197 713 γὰρ
3232 643 3609 714 μεριμνῶμεν,
3648 643 3975 713 παραϐάται

2381 737 2480 805 τῆς
2506 735 2600 789 τοῦ
2635 734 2771 788 Θεοῦ
2823 736 3044 804 ἐντολῆς
3096 734 3487 805 εὑρισκόμεθα,
3545 737 3643 804 τῆς
3669 736 3972 802 λεγούσης,

2391 849 2408 879 ι
2444 829 2534 898 Μὴ
2566 829 2938 899 μεριμνήσητε
2969 831 3035 898 τῇ
3066 828 3210 898 ψυχῇ
3267 828 3420 897 ὑμῶν
3449 829 3500 881 τί
3539 829 3787 895 ψάγητεξ,
3827 829 3860 897 ἢ
3919 828 3972 879 τί

2385 922 2567 990 πίητε,
2601 922 2632 989 ἧ
2669 921 2721 971 τί
2755 921 3050 989 ἐνδύσησθε
3079 939 3091 952 ·
3146 921 3320 973 ταῦτα
3369 922 3478 992 γὰρ
3510 923 3686 974 πάντα
3716 922 3787 975 τὰ
3837 922 3972 990 ἔθνη

2381 1014 2662 1082 ἐπιζητεῖο
2694 1015 2816 1065 »καὶ
2846 1014 3062 1065 πάλιν-ι
3102 1013 3337 1065 Βλέπετε
3375 1016 3582 1084 μήποτε
3621 1013 3973 1084 βαρυνθῶσιν

2380 1107 2436 1158 αἱ
2467 1105 2684 1174 καρδὲαι
2732 1106 2888 1174 ἡμῶν
2938 1109 2993 1158 ἐν
3021 1105 3326 1176 κραιπάλῃ,
3361 1106 3454 1158 καὶ
3491 1105 3654 1178 μέθῃ,
3684 1107 3778 1158 καὶ
3809 1106 3973 1176 μερίς

2384 1215 2541 1267 μναις
2573 1197 2857 1266 βιωτικαῖς
2919 1217 2935 1248 ι

2454 1289 2542 1342 νδ’.
2594 1290 2650 1342 Ὀ
2682 1292 2738 1342 ὲν
2777 1291 2889 1352 τοῖς
2922 1288 3193 1359 βιωτικοῖς
3240 1287 3532 1358 πράγμασι
3560 1289 3654 1341 τὸν
3704 1290 3971 1359 λογισμὸν

2379 1383 2518 1453 ἔχων
2548 1383 2920 1454 μεριμνῶντα,
2950 1385 3050 1436 οὐκ
3078 1383 3223 1436 ἔστιν
3258 1384 3562 1453 ἐλεύθερος·
3595 1384 3700 1436 ὑπὸ
3728 1386 3842 1453 γὰρ
3867 1386 3970 1453 τῆς

2377 1479 2582 1530 τούτων
2605 1479 2876 1547 μερίμνης
2924 1476 3213 1546 κατέχεται
3248 1478 3341 1530 καὶ
3369 1476 3674 1540 δουλοῦται,
3695 1478 3796 1530 κᾶν
3825 1480 3967 1549 ὑπὲρ

2380 1567 2574 1622 ἑαυτοῦ
2609 1569 2849 1639 μεριμνᾷ
2909 1567 3102 1633 ταῦτα,
3139 1567 3243 1620 κᾶν
3263 1567 3334 1620 δι’
3365 1567 3608 1638 ἑτέρους.
3676 1569 3734 1620 Ὀ
3762 1569 3820 1621 δὲ
3857 1569 3966 1622 ὑπὸ

2379 1661 2585 1714 τούτων
2637 1660 2942 1730 ἐλεύθερος,
2975 1659 3098 1712 οὔτε
3129 1660 3196 1712 δι’
3250 1659 3466 1725 ἑαυτὸν,
3498 1658 3620 1712 οὔτε
3645 1660 3713 1712 δι’
3742 1661 3967 1731 ἑτέρους

723 1735 791 1790 de
840 1737 961 1790 aliis
1022 1741 1223 1807 (quoad
1279 1742 1445 1794 vitam
1509 1743 1650 1796 hanc
1712 1744 1944 1810 attinet)
2028 1746 2297 1801 sollicitus

2384 1761 2708 1828 μεριμνήσει
2737 1755 3030 1825 β.ωτικῶς,
3066 1755 3170 1809 κᾶν
3197 1756 3518 1820 ἐπίσκοπος,
3552 1756 3656 1809 κᾶν
3691 1756 3962 1821 διάκονος,

723 1832 848 1891 erit,
883 1845 976 1883 seu
1016 1832 1330 1900 episcopus,
1374 1848 1472 1887 seu
1505 1836 1852 1904 praepositus,
1896 1853 1990 1892 seu
2029 1839 2297 1895 diaconus

2384 1849 2484 1901 xiv
2514 1848 2816 1917 ἡγούμενος
2843 1844 2980 1898 εἶναι
3010 1845 3150 1914 τύχῃ
3175 1859 3189 1874 °
3239 1843 3356 1896 ἀλλ’
3389 1843 3512 1896 οὐδὲ
3541 1845 3774 1914 ἀργήσει
3809 1845 3963 1905 ποτὲ,

724 1917 911 1978 fuerit.
945 1921 1051 1974 Sed
1106 1938 1284 1992 neque
1319 1923 1608 1980 feriabitur
1640 1929 1975 1997 aliquando;
2012 1944 2104 1987 aut
2138 1934 2297 2002 quid-

722 2025 915 2080 quam,
957 2014 1120 2067 etiam
1187 2016 1540 2072 minimorum
1569 2061 1582 2083 ,
1622 2021 2128 2092 vilissimorumque
2159 2040 2296 2080 con-

723 2111 950 2158 temnet.
991 2105 1079 2159 Dei
1112 2117 1294 2162 autem
1330 2110 1676 2180 bencplaeito
1725 2127 1915 2170 omnes
1945 2119 2214 2182 actiOues,
2243 2131 2298 2174 et

723 2207 889 2261 opera
937 2212 1036 2250 sua
1091 2199 1348 2262 metiens,
1380 2201 1434 2254 in
1483 2203 1632 2256 omni
1694 2219 1774 2267 re,
1819 2214 1872 2260 et
1921 2207 1973 2260 in
2002 2210 2149 2261 omni
2188 2214 2294 2264 vita

721 2287 1100 2344 sollicitudine
1135 2292 1346 2346 carebit
1372 2293 1471 2362 (4).

795 2376 886 2430 55.
932 2377 1066 2430 Dum
1144 2379 1382 2448 proximi
1442 2383 1662 2436 domum
1729 2385 2004 2442 aediﬁcare
2063 2391 2295 2460 cOgitas,

718 2483 850 2521 eave
889 2483 955 2519 ne
1006 2477 1151 2521 tuam
1205 2470 1414 2524 diruas.
1445 2469 1727 2541 Perpende
1766 2476 1910 2529 enim
1943 2493 2106 2546 quam
2145 2480 2291 2534 istud

721 2560 1055 2614 lahoriosum
1093 2577 1155 2615 at:
1184 2562 1401 2617 dilﬁcile
1443 2579 1582 2632 onus
1613 2567 1722 2629 sit,
1755 2569 2043 2637 nequando
2097 2568 2202 2624 hoc
2244 2579 2297 2625 te

723 2653 1005 2716 moliente,
1042 2668 1104 2706 ac
1157 2653 1522 2710 deliberatum
1559 2657 1816 2725 habente,
1851 2671 1906 2714 et
1947 2668 2098 2715 tuam
2159 2662 2294 2734 deji-

718 2744 860 2806 cias,
894 2755 947 2798 et
975 2745 1120 2798 illius
1155 2746 1473 2816 neuthuam
1509 2751 1823 2806 instaurare
1853 2768 2046 2821 queas.

791 2836 879 2890 56.
922 2835 1037 2892 Nisi
1095 2839 1168 2892 ita
1201 2852 1551 2908 comparatus
1583 2843 1685 2905 sis,
1723 2854 1780 2897 ut
1827 2846 2086 2916 negotiis,
2116 2855 2170 2901 et
2221 2847 2295 2902 la-

720 2928 1024 2983 cultalibus
1082 2945 1266 2984 rerum
1309 2932 1446 2985 nihil
1508 2948 1787 2998 moveare,
1825 2951 1890 2988 ne
1921 2938 2017 2990 tibi
2049 2938 2290 2992 admini-

719 3023 1040 3073 strationem
1085 3021 1354 3074 committi
1391 3023 1562 3086 velis;
1611 3041 1677 3078 ne
1715 3025 1769 3076 in
1822 3025 1905 3080 his
1935 3037 2153 3097 captus.
2195 3045 2293 3096 pro

2383 1939 2416 2008 ἦ
2441 1955 2586 1999 τινος
2611 1940 3014 2007 καταφρονήσει
3045 1936 3153 1989 τῶν
3178 1934 3581 1989 εὐτελεστάτων
3627 1938 3720 1989 καὶ
3767 1954 3963 2006 μικρο-

2384 2031 2590 2085 τατων·
2629 2029 2938 2096 θεαρέστως
2969 2028 3024 2080 δὲ
3073 2030 3291 2082 ἅπαντα
3325 2027 3496 2079 ποιῶν
3531 2033 3625 2081 καὶ
3679 2031 3960 2099 πράττων,

2383 2121 2688 2190 ἀμέριμνος
2725 2122 2780 2173 ἐν
2825 2122 2956 2172 πᾶσι
2992 2119 3312 2182 διατελέσει,
3335 2120 3431 2173 καὶ
3461 2123 3518 2172 ὲν
3547 2119 3625 2190 τῷ
3653 2120 3754 2191 βίῳ
3777 2121 3958 2173 παντί.

2455 2375 2544 2428 νε’.
2578 2377 2670 2447 Μὴ
2694 2377 3004 2448 καταλύσῃς
3030 2393 3124 2429 σου
3145 2376 3246 2448 τὴν
3262 2376 3461 2443 οἰκίαν,
3477 2378 3533 2430 ὲν
3558 2378 3636 2447 τῷ
3678 2377 3960 2449 βούλεσθαί

2385 2485 2443 2521 σε
2465 2469 2564 2539 τὴν
2583 2469 2674 2521 τοῦ
2699 2470 2928 2536 πλησίον
2959 2468 3312 2538 οἰκοδομῆσαι
3337 2486 3350 2498 ·
3371 2471 3475 2540 ὅρα
3501 2469 3608 2540 γὰρ
3632 2470 3706 2533 ὡς
3726 2471 3959 2539 χαλεπὸν

2380 2560 2440 2614 τὸ
2467 2562 2627 2631 ἔργον
2663 2562 2755 2615 καὶ
2788 2559 3046 2614 δύσκολον
3073 2577 3086 2591 ·
3132 2562 3340 2630 μήποτε
3370 2561 3804 2630 προαιρούμενος
3839 2562 3959 2614 τοῦ·

2380 2671 2460 2717 το,
2495 2654 2586 2706 καὶ
2616 2654 2713 2722 τὴν
2744 2652 2843 2724 σὴν
2873 2653 3240 2723 καθαιρήσῃς,
3277 2653 3369 2704 καὶ
3411 2652 3835 2722 ἀνοικοδομῆσαι
3865 2653 3959 2723 τὴν

2380 2745 2590 2798 ἐκείνου
2619 2745 2843 2814 [ax-Jan;
2872 2743 3124 2806 οὐδόλως.

2452 2838 2557 2902 νς’.
2601 2837 2725 2889 Ἐὰν
2761 2837 2835 2907 μὴ
2867 2838 3077 2889 τελείαν
3103 2835 3522 2907 ἀπροσπεωειαν
3550 2837 3659 2889 τῶν
3693 2838 3955 2906 πραγμά-

2378 2950 2484 2984 των
2511 2931 2603 2983 καὶ
2649 2930 2756 2982 τῶν
2788 2928 3087 3000 χρημάτων
3110 2932 3285 2999 κτήσῃ
3315 2928 3413 2981 τοῦ
3449 2928 3588 2997 βίον,
3619 2928 3694 2996 μὴ
3726 2929 3960 2999 θελήσῃς

2377 3023 2687 3093 οἰκονομίαν
2714 3021 3120 3092 ἐγχειρισθῆναι
3147 3021 3514 3090 πραγμάτων,
3535 3021 3620 3073 ἵνα
3636 3021 3711 3090 μὴ
3732 3021 3959 3084 ἁλοὺςέν

722 3109 970 3164 merrcde
1019 3111 1336 3173 ministerii,
1366 3111 1523 3175 furis,
1556 3123 1608 3168 et
1656 3115 1931 3184 sacrilegii
1987 3118 2288 3172 damnatio-

2384 3119 2610 3183 τούτοις,
2639 3116 2761 3170 ἀντὶ
2784 3115 2877 3169 τοῦ
2894 3114 3161 3185 λήψεσθαι
3186 3113 3378 3184 μισθὸν
3397 3113 3694 3175 διακονίας,
3721 3115 3958 3167 κλέπτω

722 3214 845 3253 nem
910 3201 1131 3254 subeas.
1189 3201 1285 3256 Sin
1321 3212 1503 3256 autem
1533 3219 1561 3256 a
1598 3210 1896 3274 pra-posito
1937 3209 2003 3262 ad
2043 3211 2146 3265 hoc
2176 3227 2298 3264 mu-

726 3307 833 3346 nus
886 3308 1134 3362 urgeare,
1187 3295 1412 3364 perinde
1459 3303 1512 3351 te
1565 3296 1787 3364 habeto,
1834 3309 1892 3353 ut
1946 3301 1991 3355 si
2037 3304 2294 3360 manibus

728 3383 905 3451 ignem
946 3394 1196 3438 urentem
1234 3393 1524 3442 tractares.
1560 3387 1626 3441 Et
1667 3391 2090 3458 applicatiouem
2124 3396 2294 3449 animi

723 3487 821 3538 per
878 3473 1307 3540 confessionem,
1369 3485 1422 3530 et
1479 3481 1857 3548 paenitentiam
1899 3485 2184 3549 cohibens,
2227 3502 2292 3540 ex

723 3566 828 3619 ista
861 3567 1100 3634 pra-femi
1155 3568 1441 3622 voluntate
1493 3571 1627 3624 nihil
1671 3572 1986 3626 detrimenti
2026 3576 2287 3643 accipies.

792 3657 882 3709 57.
934 3657 1036 3722 Qui
1088 3658 1329 3711 nondum
1363 3667 1448 3713 est
1481 3662 1724 3728 ἀπαθὴς,
1771 3680 1951 3734 neque
1997 3681 2124 3718 num
2155 3667 2298 3720 ἀττά·

729 3749 853 3801 Θεια
877 3750 968 3812 sit,
1005 3752 1159 3802 novit
1191 3768 1203 3803 :
1234 3765 1407 3815 neque
1441 3753 1603 3806 talem
1643 3754 1922 3809 hominem
1952 3773 2076 3810 esse
2105 3758 2157 3810 iu
2191 3768 2298 3812 ter-

723 3839 799 3893 ris
825 3841 935 3908 (qui
971 3841 1181 3894 scilicet
1214 3842 1357 3894 omni
1401 3842 1621 3896 turbido
1652 3855 1803 3899 motu
1841 3846 2034 3918 vacet)
2067 3849 2295 3903 credere

724 3940 924 4000 potest.
963 3933 1209 3997 Quonam
1263 3932 1408 3986 enim
1437 3935 1600 3989 modo
1630 3977 1645 4002 ,
1681 3938 1775 4005 qui
1829 3954 1885 3993 se
1941 3939 2120 4010 ipsum
2177 3959 2288 3996 nou

800 4140 841 4171 "
879 4141 1066 4194 Matth.
1097 4158 1169 4206 vr,
1203 4140 1290 4195 εἴ.
1343 4143 1382 4175 ⁸⁷
1418 4144 1548 4198 Luc.
1587 4161 1696 4211 ut,
1733 4147 1818 4199 ὖι.

725 4374 902 4426 suam,
958 4355 1390 4424 char-itatemque
1450 4369 1603 4407 meus
1669 4353 1904 4406 humana
1961 4365 2298 4407 transmeare

723 4428 882 4484 solet.

723 4582 841 4633 quae
870 4582 978 4620 non
1011 4575 1334 4626 cernuntur,
1371 4563 1726 4632 ejusdemque
1775 4579 1802 4616 ιι
1835 4564 2206 4623 seusihilibus,
2239 4563 2306 4616 ad

726 4653 788 4692 ea
819 4652 938 4701 qua!
974 4652 1137 4702 supra
1181 4650 1402 4688 sensum
1433 4643 1562 4687 sunt
1594 4633 1870 4700 migratio.
1903 4645 1955 4686 et
1983 4633 2223 4701 jucunda
2252 4635 2306 4687 in

730 4706 839 4758 illis
873 4705 1344 4764 commemoratio.
1377 4703 1622 4756 omnium
1656 4719 1773 4766 qua:
1810 4713 1958 4756 retro
1988 4712 2136 4762 sunt.
2169 4704 2311 4755 obli-

730 4776 892 4828 vione
918 4794 946 4826 ιι
984 4776 1179 4843 gignit.
1210 4774 1359 4826 lianc
1398 4773 1562 4833 igitur
1605 4786 1704 4838 ego
1733 4787 1914 4823 veram
1954 4772 2217 4840 quietem,
2254 4783 2307 4825 et

732 4846 934 4913 quietis
978 4846 1254 4912 regionem
1303 4858 1366 4895 ac
1403 4843 1581 4913 locum
1617 4843 1849 4913 appello
1878 4862 1888 4894 :
1921 4845 1977 4913 in
2022 4859 2179 4913 qut-tn
2215 4843 2306 4909 qui

731 4910 1277 4975 ascendere—meruit,
1306 4928 1410 4964 non
1437 4910 1581 4970 inde,
1617 4910 2076 4978 quemadmodum
2108 4911 2305 4976 Moses,

730 4985 1092 5054 quadraginta
1120 4984 1313 5054 diebus
1342 4991 1403 5054 _et
1437 4981 1688 5054 noctibus
1741 4981 1803 5054 in_
1843 4991 2027 5034 monte
2077 4983 2305 5054 exactis,

765 5057 1028 5106 escendet
1082 5071 1093 5105 :
1133 5051 1225 5105 sed
1265 5051 1354 5104 ubi
1387 5051 1740 5117 compererit,
1792 5050 1992 5103 bonum
2044 5064 2164 5103 esse
2197 5051 2308 5105 illic

727 5121 875 5180 δεδι).
902 5122 970 5176 de
1013 5137 1210 5175 t-artero
1265 5120 1329 5172 ad
1385 5120 1643 5174 inferiora
1681 5120 1822 5172 haud
1859 5135 2132 5188 quaquam
2170 5134 2304 5174 con-

732 5199 993 5244 ιρι-ιριιιτ.
1028 5190 1229 5244 Domus
1257 5199 1434 5243 autem
1459 5189 1743 5243 Trinitatis
1769 5189 1856 5241 hic
1885 5189 2079 5249 factus,
2106 5197 2159 5240 et
2193 5189 2305 5256 ipse

726 5275 795 5311 vn
827 5258 1093 5314 Trinitate
1123 5260 1268 5314 velut
1300 5259 1353 5312 in
1407 5275 1572 5327 regno
1620 5259 1880 5312 emlorum
1922 5259 2244 5311 iultabitzthit
2287 5277 2300 5311 :

730 5332 743 5382 ί
786 5331 1016 5383 haritatc
1053 5331 1311 5382 nimirum
1367 5345 1487 5381 eum
1520 5336 1883 5389 sustentante,
1925 5344 2023 5379 nee
2059 5339 2109 5378 ut
2143 5329 2304 5380 cadat

732 5413 776 5462 pi
802 5400 1097 5453 rtnittcntc.
1135 5417 1152 5449 ι

810 5525 1232 5603 (.il'Pontanus
1272 5534 1423 5587 aldit
1485 5535 1782 5603 capitulum
1848 5548 2011 5586 unum
2066 5551 2077 5585 :
2141 5555 2156 5584 ι
2205 5534 2298 5590 Est

736 5601 1050 5657 εοιιιεὶιιιόο
1076 5602 1329 5669 quaedam
1359 5601 1567 5657 vacans
1590 5615 1824 5666 actione,
1851 5614 1902 5656 et
1928 5604 2069 5655 actio
2096 5621 2294 5669 expers

739 5621 1050 5657 5(‘lliCllUOO
1076 5621 1329 5669 Διυωυειιιι
1359 5621 1559 5657 vacans
1590 5621 1824 5666 aCllUIIP,
1851 5621 1902 5656 Cl
1928 5621 2069 5655 aeuo
2096 5621 2156 5656 Ολ
2207 5621 2294 5660 "'5

739 5673 1125 5729 sollicitudinis
1160 5693 1171 5727 :
1226 5682 1284 5725 ut
1338 5685 1531 5726 contra
1563 5716 1578 5739 ,
1621 5673 1866 5725 vat-nitas
1907 5621 2294 5727 sollicitudinis

742 5753 984 5804 actuosa.
1037 5752 1086 5796 et
1131 5743 1378 5798 Otiositas
1448 5746 1719 5807 sollicita,
1800 5759 1934 5812 quas
2005 5755 2054 5797 et
2112 5743 2294 5798 Domi-

2379 3218 2472 3270 καὶ
2524 3214 2804 3286 ῑεροσύλου
2857 3211 3155 3279 καταδίκην
3203 3208 3426 3277 ὐφέξῃς.
3487 3209 3546 3260 Εἰ
3601 3208 3656 3260 δὲ
3709 3210 3814 3261 ὑπὸ
3870 3208 3959 3260 τοῦ

2380 3307 2720 3379 προεστῶτος
2749 3304 2885 3374 πρὸς
2917 3303 3074 3357 τοῦτο
3102 3302 3421 3371 ἑκϐιασθῇς,
3459 3296 3672 3370 ὡς’ττῖρ
3699 3318 3961 3370 μεταχει-

2381 3400 2660 3471 ριζόμενος
2687 3397 2901 3465 φλέγων
2928 3395 3172 3448 διάκεισο
3192 3410 3207 3426 ⁸
3243 3398 3336 3446 καὶ
3365 3392 3465 3462 τὴν
3519 3393 3830 3461 προσϐολὴν
3870 3392 3960 3444 τοῦ

2378 3491 2664 3561 λογισμοῦ,
2693 3490 2758 3542 δι’
2787 3488 3191 3557 ἐξαγορεύσεως
3217 3487 3310 3538 καὶ
3336 3487 3624 3554 μετανοίας
3649 3487 3957 3554 ἀπείργωσι,

2378 3587 2623 3654 ἀὸλαεὴς
2653 3586 2717 3653 τῇ
2747 3582 2842 3635 τοῦ
2877 3581 3217 3651 προεστῶτος
3245 3581 3376 3648 εὐχῇ
3421 3579 3821 3648 διατηρηθήσῃ.

2451 3677 2547 3743 νζ’.
2585 3678 2644 3728 Ὀ
2691 3677 2765 3745 μὴ
2794 3673 3036 3743 γεγονὼς
3082 3671 3320 3740 ἀπαθὴς,
3354 3670 3472 3722 οὐδὲ
3519 3671 3602 3722 ὅτι
3640 3669 3788 3721 ἔστιν
3822 3670 3963 3721 ἀπά-

2373 3773 2492 3827 θεια
2521 3769 2682 3834 οἶδεν,
2703 3768 2815 3822 ἀλλ’
2861 3767 2981 3820 οὐδὲ
3014 3764 3257 3817 πιστεύει
3288 3757 3425 3816 εἷναί
3452 3780 3572 3814 τινα
3599 3761 3840 3813 τοιοῦτον
3864 3761 3956 3811 ἐπὶ

2374 3865 2472 3934 τῆς
2495 3867 2617 3934 γῆς.
2657 3862 2781 3925 Πῶς
2809 3861 2918 3929 γὰρ
2951 3861 2979 3912 ὁ
3004 3859 3078 3928 μὴ
3107 3856 3297 3910 ἑαυτὸν
3322 3856 3698 3926 ἀρνησάμενος
3724 3853 3960 3921 πρῶτον,

2375 3959 2465 4011 καὶ
2489 3957 2548 4010 τὸ
2583 3949 2718 4024 αἷμα
2745 3951 2990 4014 κενώσας
3026 3949 3323 4020 προθύμως
3355 3945 3519 4001 αὑτοῦ
3557 3947 3698 4013 ὑπὲρ
3727 3947 3826 4013 τῆς
3861 3961 3962 4012 μα’

2403 4371 2514 4478 (ritus
2604 4353 2877 4423 expressit
2949 4352 3034 4406 his
3089 4352 3300 4418 verbis;
3367 4352 3516 4405 illam
3577 4352 3796 4421 quidem
3854 4364 3978 4404 eum

2445 4425 2574 4478 itit:

804 4470 1138 4551 :‘iransitio
1181 4496 1379 4550 mentis
1411 4495 1479 4547 ab
1514 4493 1597 4546 his
1627 4508 1748 4560 quae
1787 4502 2110 4556 cernuntur,
2144 4494 2208 4546 ad
2236 4509 2296 4548 ea
2328 4470 2378 4529 Ῑ)
2406 4470 2622 4548 ῖῦξιοι·
2676 4508 2830 4547 meus
2866 4506 3040 4557 usque
3083 4491 3246 4545 modo
3295 4499 3580 4561 operatur,
3610 4499 3662 4543 et
3717 4505 3818 4558 ego
3851 4505 3981 4556 ope-

2420 4581 2512 4618 ror
2540 4584 2557 4615 ›
2594 4564 2774 4632 (Joan.
2807 4579 2860 4624 v,
2906 4563 3017 4627 l7).
3057 4564 3147 4632 Et,
3181 4560 3400 4615 rursum
3437 4577 3452 4617 :
3492 4581 3508 4610 ι
3551 4560 3868 4632 Operatnini
3902 4561 3981 4613 ei-

2419 4635 2546 4692 bum
2585 4650 2692 4687 non
2727 4633 2819 4700 qui
2861 4635 3018 4699 perit.
3055 4631 3151 4684 sed
3186 4632 3281 4699 qui
3312 4641 3495 4683 manet
3526 4632 3578 4683 in
3613 4631 3778 4682 vitam
3820 4639 3981 4700 :eterf

2418 4721 2540 4758 nam
2578 4723 2596 4753 ι
2630 4699 2815 4769 (Jodn.
2856 4719 2929 4761 VI,
2961 4701 3080 4768 ‘27),
3120 4716 3225 4753 non
3275 4701 3576 4768 prohibens
3603 4703 3850 4766 onerari,
3883 4699 3974 4751 sed

2415 4777 2620 4826 dcit-ens
2673 4787 2774 4825 nos
2831 4772 3038 4838 absque
3092 4770 3469 4824 sollicitudine
3527 4769 3778 4836 operari;
3841 4769 3979 4820 hanc

2416 4859 2568 4904 Vero,
2626 4843 2754 4895 dunt
2807 4842 2882 4894 ait
2920 4857 2935 4894 :
2973 4859 2991 4891 ι
3031 4841 3166 4905 Quis
3209 4848 3452 4893 vestrum
3496 4841 3744 4905 cogitans
3803 4847 3980 4903 putt-st

2414 4914 2653 4978 adjicere
2711 4910 2778 4964 ad
2852 4919 3118 4964 staturam
3171 4925 3324 4963 suam
3387 4910 3634 4962 cubitum
3693 4907 3911 4978 unum?
3958 4923 3975 4953 ι

2413 4977 2661 5051 (Macrin,
2691 4998 2765 5041 VI,
2800 4980 2891 5042 27}
2927 4979 3126 5051 tollens
3156 4979 3406 5051 videlicet
3437 4980 3669 5051 otiosam
3708 4977 3979 5051 sollicitu-

2412 5045 2616 5114 dinem,
2643 5052 2730 5103 cui
2778 5051 2926 5104 actio
2968 5050 3140 5103 deest.
3168 5050 3299 5114 Qui:
3331 5060 3514 5100 autem
3558 5047 3715 5099 habet
3743 5045 3979 5113 conjun-

2411 5133 2554 5176 ctam
2610 5123 2900 5182 actionem,
2931 5121 2996 5172 de
3019 5133 3082 5172 ea
3121 5121 3201 5173 sic
3229 5118 3472 5188 loquitur
3509 5133 3522 5168 :
3565 5133 3584 5166 ι
3606 5114 3691 5188 Et
3718 5117 3783 5188 de
3811 5115 3979 5188 vesti-

2411 5201 2595 5245 mento
2633 5201 2728 5242 aut
2769 5191 3032 5242 alimento
3081 5189 3213 5257 quid
3247 5184 3470 5242 solliciti
3513 5184 3978 5257 estisiconside-

2412 5270 2529 5313 rate
2587 5261 2699 5314 lilia
2744 5261 2897 5328 agri,
2934 5265 2988 5310 et
3045 5254 3289 5310 volatilia
3347 5257 3495 5328 coeli,
3546 5255 3832 5328 quomodo
3889 5254 3974 5305 illa

2409 5342 2692 5390 crescunt,
2718 5324 2914 5382 et'hrec
2947 5336 3247 5395 pascuntur
3287 5346 3304 5378 ι
3344 5325 3510 5397 (Ibid.
3541 5326 3654 5390 28).
3687 5324 3782 5397 §ic
3818 5335 3978 5397 unam

2408 5400 2629 5466 quidem
2683 5389 3268 5466 removensalteram
3314 5389 3978 5466 eoulirmanquominus,

2407 5464 2592 5522 erudit
2631 5484 2754 5531 nos,
2791 5465 3071 5534 quomodo
3107 5482 3214 5519 non
3263 5466 3531 5518 sollicitos
3577 5464 3979 5534 sollicite‘ope-

2407 5540 2540 5598 rari,
2575 5548 2627 5591 et
2657 5532 2934 5605 quomodo
2965 5537 3342 5591 sollicitudine
3377 5543 3660 5605 vacantes.
3687 5532 3972 5602 operibus.

2409 5619 2460 5659 et
2505 5604 2788 5663 laboribus
2853 5607 2991 5660 nihil
3054 5606 3420 5662 attiueutibus
3477 5604 3758 5659 abstinere
3809 5615 3976 5671 opor-

2405 5687 2532 5734 ιιίιι.
