  <div class='ocr_page' id='page_1' title='image "/cluster/home/n/w/nwhite01/storage/ocr_20150623/120/nnc1.0046979972/313.png"; bbox 0 0 4182 6456; ppageno 0'>
   <div class='ocr_carea' id='block_1_1' title="bbox 792 338 891 399">
    <p class='ocr_par' dir='ltr' id='par_1_1' title="bbox 792 338 891 399">
     <span class='ocr_line' id='line_1_1' title="bbox 792 338 891 399; baseline 0.02 -2"><span class='ocrx_word' id='word_1_1' title='bbox 792 338 891 399; x_wconf 82' lang='grc'><strong>631</strong></span> 
     </span>
    </p>
   </div>
   <div class='ocr_carea' id='block_1_2' title="bbox 2009 357 2770 422">
    <p class='ocr_par' dir='ltr' id='par_1_2' title="bbox 2009 357 2770 422">
     <span class='ocr_line' id='line_1_2' title="bbox 2009 357 2770 422; baseline 0.009 -7"><span class='ocrx_word' id='word_1_2' title='bbox 2009 357 2388 417; x_wconf 73' lang='lat' dir='ltr'><strong>SYMEONIS</strong></span> <span class='ocrx_word' id='word_1_3' title='bbox 2410 360 2770 422; x_wconf 80' lang='lat' dir='ltr'><strong>JUNIORlS</strong></span> 
     </span>
    </p>
   </div>
   <div class='ocr_carea' id='block_1_3' title="bbox 3937 371 4027 433">
    <p class='ocr_par' dir='ltr' id='par_1_3' title="bbox 3937 371 4027 433">
     <span class='ocr_line' id='line_1_3' title="bbox 3937 371 4027 433; baseline -0.022 0"><span class='ocrx_word' id='word_1_4' title='bbox 3937 371 4027 433; x_wconf 73' lang='lat'><strong>632</strong></span> 
     </span>
    </p>
   </div>
   <div class='ocr_carea' id='block_1_4' title="bbox 864 453 2349 550">
    <p class='ocr_par' dir='ltr' id='par_1_4' title="bbox 864 453 2349 533">
     <span class='ocr_line' id='line_1_4' title="bbox 864 453 2349 533; baseline 0.012 -29"><span class='ocrx_word' id='word_1_5' title='bbox 864 453 949 506; x_wconf 80' lang='lat'><strong>59.</strong></span> <span class='ocrx_word' id='word_1_6' title='bbox 990 453 1457 518; x_wconf 83' lang='lat' dir='ltr'><strong>Quemadmodum</strong></span> <span class='ocrx_word' id='word_1_7' title='bbox 1492 460 1561 511; x_wconf 88' lang='lat' dir='ltr'><strong>ah</strong></span> <span class='ocrx_word' id='word_1_8' title='bbox 1585 468 1825 516; x_wconf 74' lang='lat' dir='ltr'><strong>extrema</strong></span> <span class='ocrx_word' id='word_1_9' title='bbox 1853 476 2171 533; x_wconf 78' lang='lat' dir='ltr'><strong>pattp;&#39;rlale</strong></span> <span class='ocrx_word' id='word_1_10' title='bbox 2198 482 2225 518; x_wconf 90' lang='lat' dir='ltr'><strong>a</strong></span> <span class='ocrx_word' id='word_1_11' title='bbox 2269 483 2349 521; x_wconf 85' lang='lat' dir='ltr'><strong>re-</strong></span> 
     </span>
    </p>
   </div>
   <div class='ocr_carea' id='block_1_5' title="bbox 2443 453 4025 550">
    <p class='ocr_par' dir='ltr' id='par_1_5' title="bbox 2515 470 4025 550">
     <span class='ocr_line' id='line_1_5' title="bbox 2515 470 4025 550; baseline 0.006 -26"><span class='ocrx_word' id='word_1_12' title='bbox 2515 470 2611 528; x_wconf 76' lang='lat' dir='ltr'><strong>vO&#39;.</strong></span> <span class='ocrx_word' id='word_1_13' title='bbox 2650 472 2918 544; x_wconf 79' lang='grc' dir='ltr'><strong>Καθάπερ</strong></span> <span class='ocrx_word' id='word_1_14' title='bbox 2974 475 3005 527; x_wconf 80' lang='grc' dir='ltr'><strong>ὁ</strong></span> <span class='ocrx_word' id='word_1_15' title='bbox 3038 476 3147 530; x_wconf 83' lang='grc' dir='ltr'><strong>ἀπὸ</strong></span> <span class='ocrx_word' id='word_1_16' title='bbox 3179 479 3454 548; x_wconf 78' lang='grc' dir='ltr'>πτωχείας</span> <span class='ocrx_word' id='word_1_17' title='bbox 3500 478 3761 550; x_wconf 71' lang='grc' dir='ltr'><strong>ἐσχάτης,</strong></span> <span class='ocrx_word' id='word_1_18' title='bbox 3803 480 3916 533; x_wconf 77' lang='grc' dir='ltr'><strong>ὑπὸ</strong></span> <span class='ocrx_word' id='word_1_19' title='bbox 3943 482 4025 532; x_wconf 74' lang='grc' dir='ltr'><strong>τοῦ</strong></span> 
     </span>
    </p>
   </div>
   <div class='ocr_carea' id='block_1_6' title="bbox 795 543 2361 620">
    <p class='ocr_par' dir='ltr' id='par_1_6' title="bbox 795 543 2361 620">
     <span class='ocr_line' id='line_1_6' title="bbox 795 543 2361 620; baseline 0.012 -25"><span class='ocrx_word' id='word_1_20' title='bbox 795 557 857 610; x_wconf 66' lang='lat' dir='ltr'><strong>ge</strong></span> <span class='ocrx_word' id='word_1_21' title='bbox 892 543 945 597; x_wconf 91' lang='lat' dir='ltr'><strong>in</strong></span> <span class='ocrx_word' id='word_1_22' title='bbox 985 545 1213 609; x_wconf 72' lang='lat' dir='ltr'><strong>divitiis,</strong></span> <span class='ocrx_word' id='word_1_23' title='bbox 1250 556 1303 601; x_wconf 87' lang='lat' dir='ltr'><strong>et</strong></span> <span class='ocrx_word' id='word_1_24' title='bbox 1352 548 1551 603; x_wconf 67' lang='lat' dir='ltr'><strong>illustri</strong></span> <span class='ocrx_word' id='word_1_25' title='bbox 1596 552 1863 620; x_wconf 82' lang='lat' dir='ltr'><strong>dignitate</strong></span> <span class='ocrx_word' id='word_1_26' title='bbox 1918 557 2240 620; x_wconf 83' lang='lat' dir='ltr'><strong>collocatus,</strong></span> <span class='ocrx_word' id='word_1_27' title='bbox 2271 575 2361 613; x_wconf 88' lang='lat' dir='ltr'><strong>vc-</strong></span> 
     </span>
    </p>
   </div>
   <div class='ocr_carea' id='block_1_7' title="bbox 793 640 2360 720">
    <p class='ocr_par' dir='ltr' id='par_1_7' title="bbox 793 640 2360 720">
     <span class='ocr_line' id='line_1_7' title="bbox 793 640 2360 720; baseline 0.013 -33"><span class='ocrx_word' id='word_1_28' title='bbox 793 644 986 705; x_wconf 87' lang='lat' dir='ltr'><strong>steque</strong></span> <span class='ocrx_word' id='word_1_29' title='bbox 1048 640 1292 707; x_wconf 89' lang='lat' dir='ltr'><strong>pretiosa</strong></span> <span class='ocrx_word' id='word_1_30' title='bbox 1348 642 1612 709; x_wconf 87' lang='lat' dir='ltr'><strong>indutus,</strong></span> <span class='ocrx_word' id='word_1_31' title='bbox 1649 660 1713 701; x_wconf 86' lang='lat' dir='ltr'><strong>ac</strong></span> <span class='ocrx_word' id='word_1_32' title='bbox 1768 656 1913 701; x_wconf 89' lang='lat' dir='ltr'><strong>stare</strong></span> <span class='ocrx_word' id='word_1_33' title='bbox 1959 647 2011 701; x_wconf 91' lang='lat' dir='ltr'><strong>in</strong></span> <span class='ocrx_word' id='word_1_34' title='bbox 2063 661 2360 720; x_wconf 84' lang='lat' dir='ltr'><strong>conspectu</strong></span> 
     </span>
    </p>
   </div>
   <div class='ocr_carea' id='block_1_8' title="bbox 792 728 2384 810">
    <p class='ocr_par' dir='ltr' id='par_1_8' title="bbox 792 728 2384 810">
     <span class='ocr_line' id='line_1_8' title="bbox 792 728 2384 810; baseline 0.011 -30"><span class='ocrx_word' id='word_1_35' title='bbox 792 728 915 792; x_wconf 86' lang='lat' dir='ltr'><strong>ejus</strong></span> <span class='ocrx_word' id='word_1_36' title='bbox 965 731 1177 799; x_wconf 79' lang='lat' dir='ltr'><strong>jussus,</strong></span> <span class='ocrx_word' id='word_1_37' title='bbox 1233 742 1286 787; x_wconf 88' lang='lat' dir='ltr'><strong>et</strong></span> <span class='ocrx_word' id='word_1_38' title='bbox 1324 734 1501 804; x_wconf 89' lang='lat' dir='ltr'><strong>ipsum</strong></span> <span class='ocrx_word' id='word_1_39' title='bbox 1539 752 1719 807; x_wconf 85' lang='lat' dir='ltr'><strong>regem</strong></span> <span class='ocrx_word' id='word_1_40' title='bbox 1773 742 1974 810; x_wconf 90' lang='lat' dir='ltr'><strong>cupide</strong></span> <span class='ocrx_word' id='word_1_41' title='bbox 2030 743 2275 797; x_wconf 90' lang='lat' dir='ltr'><strong>intuetur</strong></span> <span class='ocrx_word' id='word_1_42' title='bbox 2308 748 2384 800; x_wconf 79' lang='lat' dir='ltr'><strong>ct&#39;</strong></span> 
     </span>
    </p>
   </div>
   <div class='ocr_carea' id='block_1_9' title="bbox 792 820 2361 905">
    <p class='ocr_par' dir='ltr' id='par_1_9' title="bbox 792 820 2361 905">
     <span class='ocr_line' id='line_1_9' title="bbox 792 820 2361 905; baseline 0.013 -35"><span class='ocrx_word' id='word_1_43' title='bbox 792 826 851 872; x_wconf 93' lang='lat' dir='ltr'><strong>ut</strong></span> <span class='ocrx_word' id='word_1_44' title='bbox 886 820 1289 879; x_wconf 83' lang='lat' dir='ltr'><strong>benemeritum</strong></span> <span class='ocrx_word' id='word_1_45' title='bbox 1335 829 1693 898; x_wconf 80' lang='lat' dir='ltr'><strong>singulariter</strong></span> <span class='ocrx_word' id='word_1_46' title='bbox 1733 831 1914 902; x_wconf 77' lang='lat' dir='ltr'><strong>diligit</strong></span> <span class='ocrx_word' id='word_1_47' title='bbox 1959 842 2012 887; x_wconf 89' lang='lat' dir='ltr'><strong>et</strong></span> <span class='ocrx_word' id='word_1_48' title='bbox 2042 851 2147 905; x_wconf 88' lang='lat' dir='ltr'><strong>qua</strong></span> <span class='ocrx_word' id='word_1_49' title='bbox 2182 843 2361 891; x_wconf 85' lang='lat' dir='ltr'><strong>tectus</strong></span> 
     </span>
    </p>
   </div>
   <div class='ocr_carea' id='block_1_10' title="bbox 788 916 2361 997">
    <p class='ocr_par' dir='ltr' id='par_1_10' title="bbox 788 916 2361 997">
     <span class='ocr_line' id='line_1_10' title="bbox 788 916 2361 997; baseline 0.013 -31"><span class='ocrx_word' id='word_1_50' title='bbox 788 922 872 967; x_wconf 84' lang='lat' dir='ltr'><strong>est</strong></span> <span class='ocrx_word' id='word_1_51' title='bbox 929 916 1169 971; x_wconf 82' lang='lat' dir='ltr'><strong>tunicam</strong></span> <span class='ocrx_word' id='word_1_52' title='bbox 1207 921 1615 990; x_wconf 88' lang='lat' dir='ltr'><strong>animadvertit,</strong></span> <span class='ocrx_word' id='word_1_53' title='bbox 1672 934 1725 980; x_wconf 90' lang='lat' dir='ltr'><strong>et</strong></span> <span class='ocrx_word' id='word_1_54' title='bbox 1759 943 1867 997; x_wconf 89' lang='lat' dir='ltr'><strong>qua</strong></span> <span class='ocrx_word' id='word_1_55' title='bbox 1895 939 2122 983; x_wconf 87' lang='lat' dir='ltr'><strong>ornatus</strong></span> <span class='ocrx_word' id='word_1_56' title='bbox 2158 944 2242 988; x_wconf 88' lang='lat' dir='ltr'><strong>est</strong></span> <span class='ocrx_word' id='word_1_57' title='bbox 2282 933 2361 986; x_wconf 82' lang='lat' dir='ltr'><strong>di-</strong></span> 
     </span>
    </p>
   </div>
   <div class='ocr_carea' id='block_1_11' title="bbox 778 1006 2361 1087">
    <p class='ocr_par' dir='ltr' id='par_1_11' title="bbox 778 1006 2361 1087">
     <span class='ocr_line' id='line_1_11' title="bbox 778 1006 2361 1087; baseline 0.014 -33"><span class='ocrx_word' id='word_1_58' title='bbox 778 1006 1049 1077; x_wconf 74' lang='lat' dir='ltr'><strong>,gnitatem</strong></span> <span class='ocrx_word' id='word_1_59' title='bbox 1090 1014 1375 1078; x_wconf 79' lang='lat' dir='ltr'><strong>cognoscit</strong></span> <span class='ocrx_word' id='word_1_60' title='bbox 1411 1024 1467 1067; x_wconf 90' lang='lat' dir='ltr'><strong>et</strong></span> <span class='ocrx_word' id='word_1_61' title='bbox 1514 1014 1805 1087; x_wconf 80' lang='lat' dir='ltr'><strong>facultates</strong></span> <span class='ocrx_word' id='word_1_62' title='bbox 1842 1021 1943 1074; x_wconf 86' lang='lat' dir='ltr'><strong>sibi</strong></span> <span class='ocrx_word' id='word_1_63' title='bbox 1995 1022 2361 1077; x_wconf 79' lang='lat' dir='ltr'><strong>donatas&#39;no-</strong></span> 
     </span>
    </p>
   </div>
   <div class='ocr_carea' id='block_1_12' title="bbox 791 1097 2360 1176">
    <p class='ocr_par' dir='ltr' id='par_1_12' title="bbox 791 1097 2360 1176">
     <span class='ocr_line' id='line_1_12' title="bbox 791 1097 2360 1176; baseline 0.014 -27"><span class='ocrx_word' id='word_1_64' title='bbox 791 1097 864 1149; x_wconf 83' lang='lat' dir='ltr'><strong>vit</strong></span> <span class='ocrx_word' id='word_1_65' title='bbox 902 1115 914 1151; x_wconf 88' lang='lat'><strong>:</strong></span> <span class='ocrx_word' id='word_1_66' title='bbox 970 1100 1041 1151; x_wconf 88' lang='lat' dir='ltr'><strong>ita</strong></span> <span class='ocrx_word' id='word_1_67' title='bbox 1098 1106 1405 1159; x_wconf 81' lang='lat' dir='ltr'><strong>monachus</strong></span> <span class='ocrx_word' id='word_1_68' title='bbox 1433 1146 1447 1169; x_wconf 93' lang='lat'><strong>,</strong></span> <span class='ocrx_word' id='word_1_69' title='bbox 1492 1110 1585 1176; x_wconf 91' lang='lat' dir='ltr'><strong>qui</strong></span> <span class='ocrx_word' id='word_1_70' title='bbox 1618 1125 1742 1164; x_wconf 87' lang='lat' dir='ltr'><strong>vere</strong></span> <span class='ocrx_word' id='word_1_71' title='bbox 1778 1125 1807 1163; x_wconf 89' lang='lat' dir='ltr'><strong>a</strong></span> <span class='ocrx_word' id='word_1_72' title='bbox 1843 1114 2051 1167; x_wconf 93' lang='lat' dir='ltr'><strong>mundo</strong></span> <span class='ocrx_word' id='word_1_73' title='bbox 2077 1155 2091 1175; x_wconf 89' lang='lat'><strong>,</strong></span> <span class='ocrx_word' id='word_1_74' title='bbox 2129 1116 2360 1170; x_wconf 87' lang='lat' dir='ltr'><strong>munda-</strong></span> 
     </span>
    </p>
   </div>
   <div class='ocr_carea' id='block_1_13' title="bbox 787 1189 2361 1271">
    <p class='ocr_par' dir='ltr' id='par_1_13' title="bbox 787 1189 2361 1271">
     <span class='ocr_line' id='line_1_13' title="bbox 787 1189 2361 1271; baseline 0.016 -31"><span class='ocrx_word' id='word_1_75' title='bbox 787 1189 984 1258; x_wconf 89' lang='lat' dir='ltr'><strong>nisque</strong></span> <span class='ocrx_word' id='word_1_76' title='bbox 1020 1195 1182 1250; x_wconf 80' lang='lat' dir='ltr'><strong>rebus</strong></span> <span class='ocrx_word' id='word_1_77' title='bbox 1218 1200 1465 1263; x_wconf 83' lang='lat' dir='ltr'><strong>secessit,</strong></span> <span class='ocrx_word' id='word_1_78' title='bbox 1495 1212 1549 1255; x_wconf 88' lang='lat' dir='ltr'><strong>et</strong></span> <span class='ocrx_word' id='word_1_79' title='bbox 1577 1202 1644 1256; x_wconf 91' lang='lat' dir='ltr'><strong>ad</strong></span> <span class='ocrx_word' id='word_1_80' title='bbox 1669 1203 1951 1261; x_wconf 82' lang='lat' dir='ltr'><strong>Christum</strong></span> <span class='ocrx_word' id='word_1_81' title='bbox 1976 1211 2240 1271; x_wconf 77' lang='lat' dir='ltr'><strong>accessit,</strong></span> <span class='ocrx_word' id='word_1_82' title='bbox 2266 1225 2361 1264; x_wconf 84' lang='lat' dir='ltr'><strong>vo-</strong></span> 
     </span>
    </p>
   </div>
   <div class='ocr_carea' id='block_1_14' title="bbox 784 1293 2359 1373">
    <p class='ocr_par' dir='ltr' id='par_1_14' title="bbox 784 1293 2359 1373">
     <span class='ocr_line' id='line_1_14' title="bbox 784 1293 2359 1373; baseline 0.015 -38"><span class='ocrx_word' id='word_1_83' title='bbox 784 1293 1052 1353; x_wconf 88' lang='lat' dir='ltr'><strong>catusque</strong></span> <span class='ocrx_word' id='word_1_84' title='bbox 1085 1302 1281 1358; x_wconf 86' lang='lat' dir='ltr'><strong>magno</strong></span> <span class='ocrx_word' id='word_1_85' title='bbox 1314 1306 1438 1345; x_wconf 92' lang='lat' dir='ltr'><strong>cum</strong></span> <span class='ocrx_word' id='word_1_86' title='bbox 1482 1309 1673 1361; x_wconf 87' lang='lat' dir='ltr'><strong>sensu,</strong></span> <span class='ocrx_word' id='word_1_87' title='bbox 1710 1308 1757 1351; x_wconf 90' lang='lat' dir='ltr'><strong>et</strong></span> <span class='ocrx_word' id='word_1_88' title='bbox 1793 1300 1859 1353; x_wconf 89' lang='lat' dir='ltr'><strong>ad</strong></span> <span class='ocrx_word' id='word_1_89' title='bbox 1896 1300 2153 1356; x_wconf 83' lang='lat' dir='ltr'><strong>sublimia</strong></span> <span class='ocrx_word' id='word_1_90' title='bbox 2189 1304 2359 1373; x_wconf 82' lang='lat' dir='ltr'><strong>spiri-</strong></span> 
     </span>
    </p>
   </div>
   <div class='ocr_carea' id='block_1_15' title="bbox 784 1375 2354 1451">
    <p class='ocr_par' dir='ltr' id='par_1_15' title="bbox 784 1375 2354 1451">
     <span class='ocr_line' id='line_1_15' title="bbox 784 1375 2354 1451; baseline 0.017 -27"><span class='ocrx_word' id='word_1_91' title='bbox 784 1375 954 1428; x_wconf 86' lang='lat' dir='ltr'><strong>tualis</strong></span> <span class='ocrx_word' id='word_1_92' title='bbox 1014 1378 1235 1434; x_wconf 72' lang='lat' dir='ltr'><strong>theorize</strong></span> <span class='ocrx_word' id='word_1_93' title='bbox 1291 1398 1389 1450; x_wconf 90' lang='lat' dir='ltr'><strong>per</strong></span> <span class='ocrx_word' id='word_1_94' title='bbox 1451 1388 1841 1443; x_wconf 84' lang='lat' dir='ltr'><strong>mandatorum</strong></span> <span class='ocrx_word' id='word_1_95' title='bbox 1911 1393 2354 1451; x_wconf 76' lang='lat' dir='ltr'><strong>observationem</strong></span> 
     </span>
    </p>
   </div>
   <div class='ocr_carea' id='block_1_16' title="bbox 784 1474 2354 1555">
    <p class='ocr_par' dir='ltr' id='par_1_16' title="bbox 784 1474 2354 1555">
     <span class='ocr_line' id='line_1_16' title="bbox 784 1474 2354 1555; baseline 0.018 -42"><span class='ocrx_word' id='word_1_96' title='bbox 784 1481 1034 1534; x_wconf 67' lang='lat' dir='ltr'><strong>evectus,</strong></span> <span class='ocrx_word' id='word_1_97' title='bbox 1082 1482 1136 1525; x_wconf 90' lang='lat' dir='ltr'><strong>et</strong></span> <span class='ocrx_word' id='word_1_98' title='bbox 1180 1474 1363 1543; x_wconf 88' lang='lat' dir='ltr'><strong>ipsum</strong></span> <span class='ocrx_word' id='word_1_99' title='bbox 1396 1478 1566 1533; x_wconf 90' lang='lat' dir='ltr'><strong>Deum</strong></span> <span class='ocrx_word' id='word_1_100' title='bbox 1597 1483 1733 1536; x_wconf 90' lang='lat' dir='ltr'><strong>citra</strong></span> <span class='ocrx_word' id='word_1_101' title='bbox 1772 1484 2151 1555; x_wconf 87' lang='lat' dir='ltr'><strong>deeeptionem</strong></span> <span class='ocrx_word' id='word_1_102' title='bbox 2186 1490 2354 1555; x_wconf 83' lang='lat' dir='ltr'><strong>videt,</strong></span> 
     </span>
    </p>
   </div>
   <div class='ocr_carea' id='block_1_17' title="bbox 782 1559 2352 1641">
    <p class='ocr_par' dir='ltr' id='par_1_17' title="bbox 782 1559 2352 1641">
     <span class='ocr_line' id='line_1_17' title="bbox 782 1559 2352 1641; baseline 0.017 -34"><span class='ocrx_word' id='word_1_103' title='bbox 782 1566 838 1641; x_wconf 56' lang='lat' dir='ltr'><strong>et</strong></span> <span class='ocrx_word' id='word_1_104' title='bbox 863 1559 1064 1615; x_wconf 81' lang='lat' dir='ltr'><strong>factam</strong></span> <span class='ocrx_word' id='word_1_105' title='bbox 1122 1564 1175 1619; x_wconf 92' lang='lat' dir='ltr'><strong>in</strong></span> <span class='ocrx_word' id='word_1_106' title='bbox 1231 1582 1289 1622; x_wconf 89' lang='lat' dir='ltr'><strong>se</strong></span> <span class='ocrx_word' id='word_1_107' title='bbox 1336 1571 1698 1627; x_wconf 77' lang='lat' dir='ltr'><strong>mutationem</strong></span> <span class='ocrx_word' id='word_1_108' title='bbox 1745 1575 1893 1630; x_wconf 87' lang='lat' dir='ltr'><strong>clare</strong></span> <span class='ocrx_word' id='word_1_109' title='bbox 1946 1579 2352 1633; x_wconf 80' lang='lat' dir='ltr'><strong>animadvertit.</strong></span> 
     </span>
    </p>
   </div>
   <div class='ocr_carea' id='block_1_18' title="bbox 784 1648 2352 1738">
    <p class='ocr_par' dir='ltr' id='par_1_18' title="bbox 784 1648 2352 1738">
     <span class='ocr_line' id='line_1_18' title="bbox 784 1648 2352 1738; baseline 0.013 -35"><span class='ocrx_word' id='word_1_110' title='bbox 784 1648 944 1706; x_wconf 78' lang='lat' dir='ltr'><strong>Videt</strong></span> <span class='ocrx_word' id='word_1_111' title='bbox 996 1656 1141 1714; x_wconf 83' lang='lat' dir='ltr'><strong>enim</strong></span> <span class='ocrx_word' id='word_1_112' title='bbox 1198 1672 1415 1728; x_wconf 90' lang='lat' dir='ltr'><strong>semper</strong></span> <span class='ocrx_word' id='word_1_113' title='bbox 1466 1677 1524 1717; x_wconf 90' lang='lat' dir='ltr'><strong>se</strong></span> <span class='ocrx_word' id='word_1_114' title='bbox 1560 1664 2072 1735; x_wconf 81' lang='lat' dir='ltr'><strong>circumtulgentem</strong></span> <span class='ocrx_word' id='word_1_115' title='bbox 2123 1674 2352 1738; x_wconf 77' lang='lat' dir='ltr'><strong>gratiam</strong></span> 
     </span>
    </p>
   </div>
   <div class='ocr_carea' id='block_1_19' title="bbox 780 1742 2355 1831">
    <p class='ocr_par' dir='ltr' id='par_1_19' title="bbox 780 1742 2355 1831">
     <span class='ocr_line' id='line_1_19' title="bbox 780 1742 2355 1831; baseline 0.012 -36"><span class='ocrx_word' id='word_1_116' title='bbox 780 1742 1053 1809; x_wconf 87' lang='lat' dir='ltr'><strong>Spiritus,</strong></span> <span class='ocrx_word' id='word_1_117' title='bbox 1092 1763 1213 1815; x_wconf 71' lang='lat' dir='ltr'><strong>qua:</strong></span> <span class='ocrx_word' id='word_1_118' title='bbox 1274 1750 1655 1808; x_wconf 86' lang='lat' dir='ltr'><strong>indumentum</strong></span> <span class='ocrx_word' id='word_1_119' title='bbox 1725 1765 1975 1821; x_wconf 81' lang='lat' dir='ltr'><strong>vocatur,</strong></span> <span class='ocrx_word' id='word_1_120' title='bbox 2038 1768 2093 1814; x_wconf 92' lang='lat' dir='ltr'><strong>et</strong></span> <span class='ocrx_word' id='word_1_121' title='bbox 2156 1761 2355 1831; x_wconf 76' lang='lat' dir='ltr'><strong>regalis</strong></span> 
     </span>
    </p>
   </div>
   <div class='ocr_carea' id='block_1_20' title="bbox 2443 562 4028 642">
    <p class='ocr_par' dir='ltr' id='par_1_20' title="bbox 2443 562 4028 642">
     <span class='ocr_line' id='line_1_20' title="bbox 2443 562 4028 642; baseline 0.006 -26"><span class='ocrx_word' id='word_1_122' title='bbox 2443 562 2709 632; x_wconf 73' lang='grc' dir='ltr'>βασιλέως</span> <span class='ocrx_word' id='word_1_123' title='bbox 2726 568 2803 630; x_wconf 75' lang='grc' dir='ltr'>εἰς</span> <span class='ocrx_word' id='word_1_124' title='bbox 2824 568 3055 621; x_wconf 83' lang='grc' dir='ltr'><strong>πλοῦτον</strong></span> <span class='ocrx_word' id='word_1_125' title='bbox 3081 570 3414 641; x_wconf 79' lang='grc' dir='ltr'><strong>ἀνενεχθεὶς,</strong></span> <span class='ocrx_word' id='word_1_126' title='bbox 3432 572 3528 626; x_wconf 68' lang='grc' dir='ltr'><strong>καὶ</strong></span> <span class='ocrx_word' id='word_1_127' title='bbox 3552 574 3860 642; x_wconf 76' lang='grc' dir='ltr'>περιφανὲς</span> <span class='ocrx_word' id='word_1_128' title='bbox 3880 574 4028 637; x_wconf 76' lang='grc' dir='ltr'><strong>ἀξίω·</strong></span> 
     </span>
    </p>
   </div>
   <div class='ocr_carea' id='block_1_21' title="bbox 2444 659 4027 733">
    <p class='ocr_par' dir='ltr' id='par_1_21' title="bbox 2444 659 4027 733">
     <span class='ocr_line' id='line_1_21' title="bbox 2444 659 4027 733; baseline 0.008 -27"><span class='ocrx_word' id='word_1_129' title='bbox 2444 669 2541 723; x_wconf 76' lang='grc' dir='ltr'><strong>μα,</strong></span> <span class='ocrx_word' id='word_1_130' title='bbox 2574 659 2769 727; x_wconf 81' lang='grc' dir='ltr'><strong>στολήν</strong></span> <span class='ocrx_word' id='word_1_131' title='bbox 2828 676 2891 712; x_wconf 89' lang='grc' dir='ltr'>τε</span> <span class='ocrx_word' id='word_1_132' title='bbox 2942 661 3075 729; x_wconf 81' lang='grc' dir='ltr'>παρ’</span> <span class='ocrx_word' id='word_1_133' title='bbox 3109 662 3276 716; x_wconf 81' lang='grc' dir='ltr'><strong>αὐτοῦ</strong></span> <span class='ocrx_word' id='word_1_134' title='bbox 3310 663 3573 733; x_wconf 76' lang='grc' dir='ltr'><strong>λαμπρὰν</strong></span> <span class='ocrx_word' id='word_1_135' title='bbox 3621 665 3894 728; x_wconf 70' lang='grc' dir='ltr'><strong>ἐνδυοεὶς,</strong></span> <span class='ocrx_word' id='word_1_136' title='bbox 3944 670 4027 718; x_wconf 76' lang='grc' dir='ltr'><strong>καὶ</strong></span> 
     </span>
    </p>
   </div>
   <div class='ocr_carea' id='block_1_22' title="bbox 2440 749 4023 820">
    <p class='ocr_par' dir='ltr' id='par_1_22' title="bbox 2440 749 4023 820">
     <span class='ocr_line' id='line_1_22' title="bbox 2440 749 4023 820; baseline 0.005 -22"><span class='ocrx_word' id='word_1_137' title='bbox 2440 749 2548 818; x_wconf 83' lang='grc' dir='ltr'><strong>πρὸ</strong></span> <span class='ocrx_word' id='word_1_138' title='bbox 2582 749 2877 820; x_wconf 79' lang='grc' dir='ltr'><strong>προσώπου</strong></span> <span class='ocrx_word' id='word_1_139' title='bbox 2900 751 3071 805; x_wconf 80' lang='grc' dir='ltr'><strong>αὑτοῦ</strong></span> <span class='ocrx_word' id='word_1_140' title='bbox 3108 752 3362 808; x_wconf 74' lang='grc' dir='ltr'>ἵστασθαι</span> <span class='ocrx_word' id='word_1_141' title='bbox 3401 755 3738 818; x_wconf 80' lang='grc' dir='ltr'>κελευσθεὶς,</span> <span class='ocrx_word' id='word_1_142' title='bbox 3774 758 3945 808; x_wconf 78' lang='grc' dir='ltr'><strong>αὐτόν</strong></span> <span class='ocrx_word' id='word_1_143' title='bbox 3975 774 4023 807; x_wconf 82' lang='grc' dir='ltr'>τε</span> 
     </span>
    </p>
   </div>
   <div class='ocr_carea' id='block_1_23' title="bbox 2439 840 4023 918">
    <p class='ocr_par' dir='ltr' id='par_1_23' title="bbox 2439 840 4023 918">
     <span class='ocr_line' id='line_1_23' title="bbox 2439 840 4023 918; baseline 0.006 -25"><span class='ocrx_word' id='word_1_144' title='bbox 2439 840 2530 893; x_wconf 68' lang='grc' dir='ltr'><strong>τὸν</strong></span> <span class='ocrx_word' id='word_1_145' title='bbox 2555 841 2779 910; x_wconf 70' lang='grc' dir='ltr'>βασιλέα</span> <span class='ocrx_word' id='word_1_146' title='bbox 2807 848 2948 914; x_wconf 69' lang='grc' dir='ltr'><strong>μετὰ</strong></span> <span class='ocrx_word' id='word_1_147' title='bbox 2971 845 3137 899; x_wconf 71' lang='grc' dir='ltr'><strong>πόθου</strong></span> <span class='ocrx_word' id='word_1_148' title='bbox 3160 850 3283 917; x_wconf 80' lang='grc' dir='ltr'><strong>ὁρᾷ,</strong></span> <span class='ocrx_word' id='word_1_149' title='bbox 3304 848 3401 901; x_wconf 79' lang='grc' dir='ltr'><strong>καὶ</strong></span> <span class='ocrx_word' id='word_1_150' title='bbox 3424 849 3497 910; x_wconf 83' lang='grc' dir='ltr'>ὡς</span> <span class='ocrx_word' id='word_1_151' title='bbox 3529 848 3835 918; x_wconf 77' lang='grc' dir='ltr'><strong>εὐεργέτην</strong></span> <span class='ocrx_word' id='word_1_152' title='bbox 3858 851 4023 917; x_wconf 74' lang='grc' dir='ltr'>ὑπερ-</span> 
     </span>
    </p>
   </div>
   <div class='ocr_carea' id='block_1_24' title="bbox 2448 936 4028 1010">
    <p class='ocr_par' dir='ltr' id='par_1_24' title="bbox 2448 936 4028 1010">
     <span class='ocr_line' id='line_1_24' title="bbox 2448 936 4028 1010; baseline 0.005 -24"><span class='ocrx_word' id='word_1_153' title='bbox 2448 936 2655 1006; x_wconf 78' lang='grc' dir='ltr'>αγαπᾷ,</span> <span class='ocrx_word' id='word_1_154' title='bbox 2684 937 2779 988; x_wconf 73' lang='grc' dir='ltr'><strong>καὶ</strong></span> <span class='ocrx_word' id='word_1_155' title='bbox 2810 940 2911 1008; x_wconf 79' lang='grc' dir='ltr'><strong>τὴν</strong></span> <span class='ocrx_word' id='word_1_156' title='bbox 2942 938 3136 1008; x_wconf 80' lang='grc' dir='ltr'><strong>στολὴν</strong></span> <span class='ocrx_word' id='word_1_157' title='bbox 3185 942 3251 1009; x_wconf 69' lang='grc' dir='ltr'><strong>ἦν</strong></span> <span class='ocrx_word' id='word_1_158' title='bbox 3289 940 3580 993; x_wconf 72' lang='grc' dir='ltr'><strong>ἐνεδύσατο</strong></span> <span class='ocrx_word' id='word_1_159' title='bbox 3619 942 3836 1010; x_wconf 76' lang='grc' dir='ltr'><strong>τρανῶς</strong></span> <span class='ocrx_word' id='word_1_160' title='bbox 3871 960 4028 994; x_wconf 76' lang='grc' dir='ltr'><strong>κατα-</strong></span> 
     </span>
    </p>
   </div>
   <div class='ocr_carea' id='block_1_25' title="bbox 2440 1020 4023 1099">
    <p class='ocr_par' dir='ltr' id='par_1_25' title="bbox 2440 1020 4023 1099">
     <span class='ocr_line' id='line_1_25' title="bbox 2440 1020 4023 1099; baseline 0.003 -22"><span class='ocrx_word' id='word_1_161' title='bbox 2440 1029 2565 1090; x_wconf 78' lang='grc' dir='ltr'><strong>νοεῖ,</strong></span> <span class='ocrx_word' id='word_1_162' title='bbox 2596 1028 2691 1081; x_wconf 78' lang='grc' dir='ltr'><strong>καὶ</strong></span> <span class='ocrx_word' id='word_1_163' title='bbox 2720 1029 2780 1079; x_wconf 76' lang='grc' dir='ltr'><strong>τὸ</strong></span> <span class='ocrx_word' id='word_1_164' title='bbox 2830 1020 3046 1099; x_wconf 69' lang='grc' dir='ltr'><strong>ἁξξιιῖμα</strong></span> <span class='ocrx_word' id='word_1_165' title='bbox 3088 1032 3467 1098; x_wconf 74' lang='grc' dir='ltr'><strong>ἐπιγινώσκει,</strong></span> <span class='ocrx_word' id='word_1_166' title='bbox 3518 1034 3613 1084; x_wconf 78' lang='grc' dir='ltr'><strong>καὶ</strong></span> <span class='ocrx_word' id='word_1_167' title='bbox 3650 1035 3742 1085; x_wconf 75' lang='grc' dir='ltr'><strong>τὸν</strong></span> <span class='ocrx_word' id='word_1_168' title='bbox 3799 1034 4023 1085; x_wconf 72' lang='grc' dir='ltr'><strong>δοθέντα</strong></span> 
     </span>
    </p>
   </div>
   <div class='ocr_carea' id='block_1_26' title="bbox 2436 1117 4027 1193">
    <p class='ocr_par' dir='ltr' id='par_1_26' title="bbox 2436 1117 4027 1193">
     <span class='ocr_line' id='line_1_26' title="bbox 2436 1117 4027 1193; baseline 0.006 -25"><span class='ocrx_word' id='word_1_169' title='bbox 2436 1117 2588 1187; x_wconf 75' lang='grc' dir='ltr'><strong>αὐτῷ</strong></span> <span class='ocrx_word' id='word_1_170' title='bbox 2616 1118 2846 1171; x_wconf 82' lang='grc' dir='ltr'><strong>πλοῦτον</strong></span> <span class='ocrx_word' id='word_1_171' title='bbox 2863 1122 3173 1183; x_wconf 79' lang='grc' dir='ltr'><strong>ἐπίσταται.</strong></span> <span class='ocrx_word' id='word_1_172' title='bbox 3199 1123 3343 1176; x_wconf 77' lang='grc' dir='ltr'><strong>οὕτω</strong></span> <span class='ocrx_word' id='word_1_173' title='bbox 3365 1125 3459 1177; x_wconf 72' lang='grc' dir='ltr'><strong>καὶ</strong></span> <span class='ocrx_word' id='word_1_174' title='bbox 3492 1126 3725 1193; x_wconf 54' lang='lat' dir='ltr'><strong>paulo;</strong></span> <span class='ocrx_word' id='word_1_175' title='bbox 3752 1127 3783 1176; x_wconf 82' lang='lat'><em>6</em></span> <span class='ocrx_word' id='word_1_176' title='bbox 3816 1126 4027 1193; x_wconf 69' lang='grc' dir='ltr'><strong>ἀληθῶς</strong></span> 
     </span>
    </p>
   </div>
   <div class='ocr_carea' id='block_1_27' title="bbox 2437 1208 4029 1284">
    <p class='ocr_par' dir='ltr' id='par_1_27' title="bbox 2437 1208 4029 1284">
     <span class='ocr_line' id='line_1_27' title="bbox 2437 1208 4029 1284; baseline 0.006 -25"><span class='ocrx_word' id='word_1_177' title='bbox 2437 1208 2660 1260; x_wconf 77' lang='grc' dir='ltr'><strong>ἀπὸτοῦ</strong></span> <span class='ocrx_word' id='word_1_178' title='bbox 2692 1210 2901 1279; x_wconf 65' lang='grc' dir='ltr'><strong>κόσμου</strong></span> <span class='ocrx_word' id='word_1_179' title='bbox 2960 1214 3054 1263; x_wconf 81' lang='grc' dir='ltr'><strong>καὶ</strong></span> <span class='ocrx_word' id='word_1_180' title='bbox 3100 1213 3209 1263; x_wconf 76' lang='grc' dir='ltr'><strong>τῶν</strong></span> <span class='ocrx_word' id='word_1_181' title='bbox 3243 1216 3301 1265; x_wconf 82' lang='grc' dir='ltr'><strong>ὲν</strong></span> <span class='ocrx_word' id='word_1_182' title='bbox 3338 1214 3491 1282; x_wconf 80' lang='grc' dir='ltr'><strong>αὐτῷ</strong></span> <span class='ocrx_word' id='word_1_183' title='bbox 3526 1216 3877 1284; x_wconf 71' lang='grc' dir='ltr'><strong>πραγμάτων</strong></span> <span class='ocrx_word' id='word_1_184' title='bbox 3902 1218 4029 1268; x_wconf 77' lang='grc' dir='ltr'><strong>ἁνα-</strong></span> 
     </span>
    </p>
   </div>
   <div class='ocr_carea' id='block_1_28' title="bbox 2435 1301 4027 1375">
    <p class='ocr_par' dir='ltr' id='par_1_28' title="bbox 2435 1301 4027 1375">
     <span class='ocr_line' id='line_1_28' title="bbox 2435 1301 4027 1375; baseline 0.003 -23"><span class='ocrx_word' id='word_1_185' title='bbox 2435 1301 2715 1371; x_wconf 86' lang='grc' dir='ltr'><strong>χωρήσας,</strong></span> <span class='ocrx_word' id='word_1_186' title='bbox 2745 1303 2839 1355; x_wconf 77' lang='grc' dir='ltr'><strong>καὶ</strong></span> <span class='ocrx_word' id='word_1_187' title='bbox 2871 1305 3187 1373; x_wconf 78' lang='grc' dir='ltr'>προσελθὼν</span> <span class='ocrx_word' id='word_1_188' title='bbox 3219 1305 3297 1373; x_wconf 79' lang='grc' dir='ltr'><strong>τῷ</strong></span> <span class='ocrx_word' id='word_1_189' title='bbox 3328 1305 3572 1375; x_wconf 72' lang='grc' dir='ltr'><strong>Χριστῷ,</strong></span> <span class='ocrx_word' id='word_1_190' title='bbox 3618 1306 3954 1375; x_wconf 82' lang='grc' dir='ltr'><strong>ἀνακληθείς</strong></span> <span class='ocrx_word' id='word_1_191' title='bbox 3976 1324 4027 1357; x_wconf 85' lang='grc' dir='ltr'>τε</span> 
     </span>
    </p>
   </div>
   <div class='ocr_carea' id='block_1_29' title="bbox 2436 1391 4029 1467">
    <p class='ocr_par' dir='ltr' id='par_1_29' title="bbox 2436 1391 4029 1467">
     <span class='ocr_line' id='line_1_29' title="bbox 2436 1391 4029 1467; baseline 0.004 -24"><span class='ocrx_word' id='word_1_192' title='bbox 2436 1391 2797 1462; x_wconf 77' lang='grc' dir='ltr'><strong>εὐαισθήτως,</strong></span> <span class='ocrx_word' id='word_1_193' title='bbox 2824 1399 2918 1447; x_wconf 82' lang='grc' dir='ltr'><strong>καὶ</strong></span> <span class='ocrx_word' id='word_1_194' title='bbox 2940 1396 3075 1465; x_wconf 64' lang='grc' dir='ltr'>πρὸς</span> <span class='ocrx_word' id='word_1_195' title='bbox 3101 1396 3233 1465; x_wconf 65' lang='grc' dir='ltr'>ὕψος</span> <span class='ocrx_word' id='word_1_196' title='bbox 3256 1399 3633 1467; x_wconf 70' lang='grc' dir='ltr'><strong>πνευματικῆς</strong></span> <span class='ocrx_word' id='word_1_197' title='bbox 3659 1399 3903 1467; x_wconf 74' lang='grc' dir='ltr'>Θεωρίας</span> <span class='ocrx_word' id='word_1_198' title='bbox 3947 1399 4029 1449; x_wconf 79' lang='grc' dir='ltr'><strong>διὰ</strong></span> 
     </span>
    </p>
   </div>
   <div class='ocr_carea' id='block_1_30' title="bbox 2435 1482 4024 1557">
    <p class='ocr_par' dir='ltr' id='par_1_30' title="bbox 2435 1482 4024 1557">
     <span class='ocr_line' id='line_1_30' title="bbox 2435 1482 4024 1557; baseline 0.004 -25"><span class='ocrx_word' id='word_1_199' title='bbox 2435 1482 2536 1550; x_wconf 75' lang='grc' dir='ltr'><strong>τῆς</strong></span> <span class='ocrx_word' id='word_1_200' title='bbox 2558 1482 2665 1533; x_wconf 83' lang='grc' dir='ltr'><strong>τῶν</strong></span> <span class='ocrx_word' id='word_1_201' title='bbox 2691 1484 2925 1537; x_wconf 76' lang='grc' dir='ltr'><strong>ἐντολῶν</strong></span> <span class='ocrx_word' id='word_1_202' title='bbox 2957 1488 3225 1555; x_wconf 74' lang='grc' dir='ltr'><strong>ἐργασίας</strong></span> <span class='ocrx_word' id='word_1_203' title='bbox 3272 1488 3609 1557; x_wconf 64' lang='grc' dir='ltr'><strong>ἀνενεχθεὶς³</strong></span> <span class='ocrx_word' id='word_1_204' title='bbox 3638 1489 3803 1540; x_wconf 72' lang='grc' dir='ltr'><strong>αὐτόν</strong></span> <span class='ocrx_word' id='word_1_205' title='bbox 3848 1506 3910 1540; x_wconf 83' lang='grc' dir='ltr'>τε</span> <span class='ocrx_word' id='word_1_206' title='bbox 3943 1490 4024 1542; x_wconf 59' lang='grc' dir='ltr'><strong>τὸν</strong></span> 
     </span>
    </p>
   </div>
   <div class='ocr_carea' id='block_1_31' title="bbox 2436 1573 4024 1649">
    <p class='ocr_par' dir='ltr' id='par_1_31' title="bbox 2436 1573 4024 1649">
     <span class='ocr_line' id='line_1_31' title="bbox 2436 1573 4024 1649; baseline 0.003 -23"><span class='ocrx_word' id='word_1_207' title='bbox 2436 1573 2569 1626; x_wconf 81' lang='grc' dir='ltr'><strong>Θεὸν</strong></span> <span class='ocrx_word' id='word_1_208' title='bbox 2590 1574 2847 1637; x_wconf 74' lang='grc' dir='ltr'><strong>ἀπλανῶς</strong></span> <span class='ocrx_word' id='word_1_209' title='bbox 2885 1578 3007 1647; x_wconf 82' lang='grc' dir='ltr'>ὁρᾷ,</span> <span class='ocrx_word' id='word_1_210' title='bbox 3042 1579 3132 1630; x_wconf 71' lang='grc' dir='ltr'><strong>καὶ</strong></span> <span class='ocrx_word' id='word_1_211' title='bbox 3158 1578 3257 1649; x_wconf 82' lang='grc' dir='ltr'><strong>τὴν</strong></span> <span class='ocrx_word' id='word_1_212' title='bbox 3285 1581 3588 1647; x_wconf 73' lang='grc' dir='ltr'><strong>γενομένην</strong></span> <span class='ocrx_word' id='word_1_213' title='bbox 3632 1582 3710 1641; x_wconf 82' lang='grc' dir='ltr'>εἰς</span> <span class='ocrx_word' id='word_1_214' title='bbox 3738 1582 3909 1633; x_wconf 67' lang='grc' dir='ltr'><strong>αὐτὸν</strong></span> <span class='ocrx_word' id='word_1_215' title='bbox 3936 1582 4024 1632; x_wconf 72' lang='grc' dir='ltr'><strong>ἁ).-</strong></span> 
     </span>
    </p>
   </div>
   <div class='ocr_carea' id='block_1_32' title="bbox 2436 1668 4023 1744">
    <p class='ocr_par' dir='ltr' id='par_1_32' title="bbox 2436 1668 4023 1744">
     <span class='ocr_line' id='line_1_32' title="bbox 2436 1668 4023 1744; baseline 0.003 -25"><span class='ocrx_word' id='word_1_216' title='bbox 2436 1668 2654 1720; x_wconf 85' lang='grc' dir='ltr'><strong>λοίωσιν</strong></span> <span class='ocrx_word' id='word_1_217' title='bbox 2683 1670 2897 1739; x_wconf 79' lang='grc' dir='ltr'><strong>τρανῶς</strong></span> <span class='ocrx_word' id='word_1_218' title='bbox 2923 1675 3208 1725; x_wconf 81' lang='grc' dir='ltr'><strong>κατανοεῖ·</strong></span> <span class='ocrx_word' id='word_1_219' title='bbox 3248 1673 3437 1742; x_wconf 79' lang='grc' dir='ltr'>βλέπει</span> <span class='ocrx_word' id='word_1_220' title='bbox 3491 1674 3599 1741; x_wconf 75' lang='grc' dir='ltr'>γὰρ</span> <span class='ocrx_word' id='word_1_221' title='bbox 3629 1676 3716 1726; x_wconf 72' lang='grc' dir='ltr'><strong>ἀεὶ</strong></span> <span class='ocrx_word' id='word_1_222' title='bbox 3741 1673 3842 1743; x_wconf 76' lang='grc' dir='ltr'><strong>τὴν</strong></span> <span class='ocrx_word' id='word_1_223' title='bbox 3870 1676 4023 1744; x_wconf 77' lang='grc' dir='ltr'>χάριν</span> 
     </span>
    </p>
   </div>
   <div class='ocr_carea' id='block_1_33' title="bbox 2435 1760 4025 1835">
    <p class='ocr_par' dir='ltr' id='par_1_33' title="bbox 2435 1760 4025 1835">
     <span class='ocr_line' id='line_1_33' title="bbox 2435 1760 4025 1835; baseline 0.004 -24"><span class='ocrx_word' id='word_1_224' title='bbox 2435 1760 2529 1811; x_wconf 78' lang='grc' dir='ltr'><strong>τοῦ</strong></span> <span class='ocrx_word' id='word_1_225' title='bbox 2560 1761 2876 1829; x_wconf 54' lang='lat' dir='ltr'><strong>Evanuisse;</strong></span> <span class='ocrx_word' id='word_1_226' title='bbox 2922 1764 3022 1830; x_wconf 81' lang='grc' dir='ltr'><strong>τὴν</strong></span> <span class='ocrx_word' id='word_1_227' title='bbox 3044 1765 3505 1832; x_wconf 78' lang='grc' dir='ltr'><strong>περιλάμπουσαν</strong></span> <span class='ocrx_word' id='word_1_228' title='bbox 3545 1767 3731 1828; x_wconf 70' lang='grc' dir='ltr'><strong>αὑτὸν,</strong></span> <span class='ocrx_word' id='word_1_229' title='bbox 3781 1768 3906 1835; x_wconf 73' lang='grc' dir='ltr'>ἣτις</span> <span class='ocrx_word' id='word_1_230' title='bbox 3938 1767 4025 1817; x_wconf 76' lang='grc' dir='ltr'><strong>καὶ</strong></span> 
     </span>
    </p>
   </div>
   <div class='ocr_carea' id='block_1_34' title="bbox 780 1830 2349 1928">
    <p class='ocr_par' dir='ltr' id='par_1_34' title="bbox 780 1838 2349 1928">
     <span class='ocr_line' id='line_1_34' title="bbox 780 1838 2349 1928; baseline 0.013 -43"><span class='ocrx_word' id='word_1_231' title='bbox 780 1849 1047 1928; x_wconf 75' lang='lat' dir='ltr'><strong>purpura,</strong></span> <span class='ocrx_word' id='word_1_232' title='bbox 1083 1838 1193 1893; x_wconf 89' lang='lat' dir='ltr'><strong>itno</strong></span> <span class='ocrx_word' id='word_1_233' title='bbox 1221 1843 1368 1911; x_wconf 91' lang='lat' dir='ltr'><strong>quod</strong></span> <span class='ocrx_word' id='word_1_234' title='bbox 1404 1844 1519 1914; x_wconf 89' lang='lat' dir='ltr'><strong>ipse</strong></span> <span class='ocrx_word' id='word_1_235' title='bbox 1549 1845 1805 1902; x_wconf 81' lang='lat' dir='ltr'><strong>Christus</strong></span> <span class='ocrx_word' id='word_1_236' title='bbox 1835 1858 1919 1903; x_wconf 87' lang='lat' dir='ltr'><strong>est</strong></span> <span class='ocrx_word' id='word_1_237' title='bbox 1957 1868 1970 1903; x_wconf 87' lang='lat'><strong>:</strong></span> <span class='ocrx_word' id='word_1_238' title='bbox 2005 1852 2349 1921; x_wconf 86' lang='lat' dir='ltr'><strong>quandoqui-</strong></span> 
     </span>
    </p>
   </div>
   <div class='ocr_carea' id='block_1_35' title="bbox 2443 1830 4025 1928">
    <p class='ocr_par' dir='ltr' id='par_1_35' title="bbox 2443 1851 4025 1928">
     <span class='ocr_line' id='line_1_35' title="bbox 2443 1851 4025 1928; baseline 0.002 -25"><span class='ocrx_word' id='word_1_239' title='bbox 2443 1851 2638 1923; x_wconf 77' lang='grc' dir='ltr'><strong>ἔνδυμα</strong></span> <span class='ocrx_word' id='word_1_240' title='bbox 2688 1854 2937 1907; x_wconf 69' lang='grc' dir='ltr'><strong>καλεῖται</strong></span> <span class='ocrx_word' id='word_1_241' title='bbox 2992 1856 3086 1906; x_wconf 61' lang='grc' dir='ltr'><strong>καὶ</strong></span> <span class='ocrx_word' id='word_1_242' title='bbox 3139 1856 3411 1925; x_wconf 71' lang='grc' dir='ltr'>βασίλειος</span> <span class='ocrx_word' id='word_1_243' title='bbox 3478 1858 3764 1928; x_wconf 64' lang='grc' dir='ltr'><strong>ἁλουργέςθ</strong></span> <span class='ocrx_word' id='word_1_244' title='bbox 3828 1858 4025 1927; x_wconf 68' lang='grc' dir='ltr'><strong>μᾶλλον</strong></span> 
     </span>
    </p>
   </div>
   <div class='ocr_carea' id='block_1_36' title="bbox 778 1925 2349 2020">
    <p class='ocr_par' dir='ltr' id='par_1_36' title="bbox 778 1925 2349 2010">
     <span class='ocr_line' id='line_1_36' title="bbox 778 1925 2349 2010; baseline 0.016 -34"><span class='ocrx_word' id='word_1_245' title='bbox 778 1925 901 1979; x_wconf 85' lang='lat' dir='ltr'><strong>dem</strong></span> <span class='ocrx_word' id='word_1_246' title='bbox 936 1927 988 1982; x_wconf 91' lang='lat' dir='ltr'><strong>in</strong></span> <span class='ocrx_word' id='word_1_247' title='bbox 1020 1945 1143 1983; x_wconf 89' lang='lat' dir='ltr'><strong>eum</strong></span> <span class='ocrx_word' id='word_1_248' title='bbox 1193 1934 1479 1990; x_wconf 86' lang='lat' dir='ltr'><strong>credentes</strong></span> <span class='ocrx_word' id='word_1_249' title='bbox 1512 1978 1525 1999; x_wconf 93' lang='lat'><strong>,</strong></span> <span class='ocrx_word' id='word_1_250' title='bbox 1564 1938 1684 2007; x_wconf 91' lang='lat' dir='ltr'><strong>ipso</strong></span> <span class='ocrx_word' id='word_1_251' title='bbox 1732 1941 2212 2009; x_wconf 82' lang='lat' dir='ltr'><strong>superindutmtur</strong></span> <span class='ocrx_word' id='word_1_252' title='bbox 2249 1946 2349 2010; x_wconf 77' lang='lat' dir='ltr'><strong>(li).</strong></span> 
     </span>
    </p>
   </div>
   <div class='ocr_carea' id='block_1_37' title="bbox 2443 1925 4025 2020">
    <p class='ocr_par' dir='ltr' id='par_1_37' title="bbox 2443 1925 4025 2020">
     <span class='ocr_line' id='line_1_37' title="bbox 2443 1925 4025 2020; baseline 0.003 -26"><span class='ocrx_word' id='word_1_253' title='bbox 2443 1942 2512 2006; x_wconf 59' lang='lat'><strong>5},</strong></span> <span class='ocrx_word' id='word_1_254' title='bbox 2546 1945 2684 2013; x_wconf 76' lang='grc' dir='ltr'>ὅπερ</span> <span class='ocrx_word' id='word_1_255' title='bbox 2728 1946 2889 2007; x_wconf 79' lang='grc' dir='ltr'>αὑτός</span> <span class='ocrx_word' id='word_1_256' title='bbox 2912 1947 3029 1998; x_wconf 67' lang='grc' dir='ltr'>ἐστι</span> <span class='ocrx_word' id='word_1_257' title='bbox 3062 1948 3300 2016; x_wconf 75' lang='grc' dir='ltr'>Χριστὸς</span> <span class='ocrx_word' id='word_1_258' title='bbox 3330 1950 3357 2001; x_wconf 86' lang='grc' dir='ltr'><strong>ὁ</strong></span> <span class='ocrx_word' id='word_1_259' title='bbox 3403 1925 3628 2019; x_wconf 38' lang='grc' dir='ltr'>Κύριοςς</span> <span class='ocrx_word' id='word_1_260' title='bbox 3676 1925 3839 2020; x_wconf 72' lang='grc' dir='ltr'>εἴπερ</span> <span class='ocrx_word' id='word_1_261' title='bbox 3868 1951 4025 2002; x_wconf 73' lang='grc' dir='ltr'><strong>αὑτὸν</strong></span> 
     </span>
    </p>
   </div>
   <div class='ocr_carea' id='block_1_38' title="bbox 2432 2038 3599 2119">
    <p class='ocr_par' dir='ltr' id='par_1_38' title="bbox 2432 2038 3599 2119">
     <span class='ocr_line' id='line_1_38' title="bbox 2432 2038 3599 2119; baseline 0.006 -31"><span class='ocrx_word' id='word_1_262' title='bbox 2432 2038 2483 2089; x_wconf 88' lang='grc' dir='ltr'><strong>οἱ</strong></span> <span class='ocrx_word' id='word_1_263' title='bbox 2516 2039 2596 2101; x_wconf 88' lang='grc' dir='ltr'>εἰς</span> <span class='ocrx_word' id='word_1_264' title='bbox 2622 2039 2787 2091; x_wconf 68' lang='grc' dir='ltr'><strong>αὐτὸν</strong></span> <span class='ocrx_word' id='word_1_265' title='bbox 2824 2041 3177 2104; x_wconf 76' lang='grc' dir='ltr'><strong>πιστεύοντες</strong></span> <span class='ocrx_word' id='word_1_266' title='bbox 3204 2042 3599 2119; x_wconf 44' lang='grc' dir='ltr'><strong>ἑπενδύυνταικ</strong></span> 
     </span>
    </p>
   </div>
   <div class='ocr_carea' id='block_1_39' title="bbox 772 2248 2330 2328">
    <p class='ocr_par' dir='ltr' id='par_1_39' title="bbox 772 2248 2330 2328">
     <span class='ocr_line' id='line_1_39' title="bbox 772 2248 2330 2328; baseline 0.01 -32"><span class='ocrx_word' id='word_1_267' title='bbox 772 2248 1129 2328; x_wconf 70' lang='lat' dir='ltr'><strong>eontulerunt</strong></span> <span class='ocrx_word' id='word_1_268' title='bbox 1174 2268 1187 2302; x_wconf 89' lang='lat'>:</span> <span class='ocrx_word' id='word_1_269' title='bbox 1227 2254 1319 2328; x_wconf 85' lang='lat' dir='ltr'><strong>qui</strong></span> <span class='ocrx_word' id='word_1_270' title='bbox 1380 2258 1540 2309; x_wconf 69' lang='lat' dir='ltr'><strong>etiam</strong></span> <span class='ocrx_word' id='word_1_271' title='bbox 1574 2257 1713 2319; x_wconf 84' lang='lat' dir='ltr'><strong>soli,</strong></span> <span class='ocrx_word' id='word_1_272' title='bbox 1755 2275 1990 2328; x_wconf 88' lang='lat' dir='ltr'><strong>superna</strong></span> <span class='ocrx_word' id='word_1_273' title='bbox 2021 2259 2111 2315; x_wconf 85' lang='lat' dir='ltr'><strong>Dei</strong></span> <span class='ocrx_word' id='word_1_274' title='bbox 2160 2264 2330 2327; x_wconf 79' lang='lat' dir='ltr'><strong>gratia</strong></span> 
     </span>
    </p>
   </div>
   <div class='ocr_carea' id='block_1_40' title="bbox 770 2318 2334 2399">
    <p class='ocr_par' dir='ltr' id='par_1_40' title="bbox 770 2318 2334 2399">
     <span class='ocr_line' id='line_1_40' title="bbox 770 2318 2334 2399; baseline 0.011 -30"><span class='ocrx_word' id='word_1_275' title='bbox 770 2334 867 2399; x_wconf 64' lang='lat' dir='ltr'><strong>eos</strong></span> <span class='ocrx_word' id='word_1_276' title='bbox 905 2318 1426 2399; x_wconf 20' lang='lat' dir='ltr'><strong>_adjuvaitte_.vbrevi</strong></span> <span class='ocrx_word' id='word_1_277' title='bbox 1473 2329 1651 2395; x_wconf 87' lang='lat' dir='ltr'><strong>spatio</strong></span> <span class='ocrx_word' id='word_1_278' title='bbox 1684 2318 1736 2381; x_wconf 90' lang='lat' dir='ltr'><strong>in</strong></span> <span class='ocrx_word' id='word_1_279' title='bbox 1794 2318 1995 2383; x_wconf 85' lang='lat' dir='ltr'><strong>virtute</strong></span> <span class='ocrx_word' id='word_1_280' title='bbox 2039 2318 2334 2399; x_wconf 81' lang='lat' dir='ltr'><strong>protleiuut</strong></span> 
     </span>
    </p>
   </div>
   <div class='ocr_carea' id='block_1_41' title="bbox 774 2388 2334 2466">
    <p class='ocr_par' dir='ltr' id='par_1_41' title="bbox 774 2388 2334 2466">
     <span class='ocr_line' id='line_1_41' title="bbox 774 2388 2334 2466; baseline 0.013 -29"><span class='ocrx_word' id='word_1_281' title='bbox 774 2388 1026 2466; x_wconf 78' lang='lat' dir='ltr'><strong>feliciter,</strong></span> <span class='ocrx_word' id='word_1_282' title='bbox 1057 2393 1225 2466; x_wconf 69' lang='lat' dir='ltr'><strong>et__at_l</strong></span> <span class='ocrx_word' id='word_1_283' title='bbox 1281 2410 1342 2447; x_wconf 86' lang='lat' dir='ltr'><strong>ea</strong></span> <span class='ocrx_word' id='word_1_284' title='bbox 1400 2398 1467 2451; x_wconf 91' lang='lat' dir='ltr'><strong>de</strong></span> <span class='ocrx_word' id='word_1_285' title='bbox 1506 2388 1727 2466; x_wconf 39' lang='lat' dir='ltr'><strong>&quot;quibus</strong></span> <span class='ocrx_word' id='word_1_286' title='bbox 1791 2388 2217 2455; x_wconf 69' lang='lat' dir='ltr'><strong>memoravimus</strong></span> <span class='ocrx_word' id='word_1_287' title='bbox 2276 2420 2334 2457; x_wconf 89' lang='lat' dir='ltr'><strong>se</strong></span> 
     </span>
    </p>
   </div>
   <div class='ocr_carea' id='block_1_42' title="bbox 773 2459 2331 2528">
    <p class='ocr_par' dir='ltr' id='par_1_42' title="bbox 773 2459 2331 2528">
     <span class='ocr_line' id='line_1_42' title="bbox 773 2459 2331 2528; baseline 0.015 -23"><span class='ocrx_word' id='word_1_288' title='bbox 773 2459 1097 2513; x_wconf 68' lang='lat' dir='ltr'><strong>extendunt.</strong></span> <span class='ocrx_word' id='word_1_289' title='bbox 1131 2463 1211 2515; x_wconf 88' lang='lat' dir='ltr'><strong>Illi</strong></span> <span class='ocrx_word' id='word_1_290' title='bbox 1245 2466 1335 2519; x_wconf 86' lang='lat' dir='ltr'><strong>alii</strong></span> <span class='ocrx_word' id='word_1_291' title='bbox 1379 2469 1525 2521; x_wconf 89' lang='lat' dir='ltr'><strong>velut</strong></span> <span class='ocrx_word' id='word_1_292' title='bbox 1548 2459 1702 2522; x_wconf 71' lang='lat' dir='ltr'><strong>invia</strong></span> <span class='ocrx_word' id='word_1_293' title='bbox 1734 2470 1992 2523; x_wconf 87' lang='lat' dir='ltr'><strong>oberrarc</strong></span> <span class='ocrx_word' id='word_1_294' title='bbox 2022 2473 2279 2527; x_wconf 83' lang='lat' dir='ltr'><strong>sinuntur</strong></span> <span class='ocrx_word' id='word_1_295' title='bbox 2316 2491 2331 2528; x_wconf 89' lang='lat'><strong>:</strong></span> 
     </span>
    </p>
   </div>
   <div class='ocr_carea' id='block_1_43' title="bbox 770 2532 2332 2600">
    <p class='ocr_par' dir='ltr' id='par_1_43' title="bbox 770 2532 2332 2600">
     <span class='ocr_line' id='line_1_43' title="bbox 770 2532 2332 2600; baseline 0.01 -19"><span class='ocrx_word' id='word_1_296' title='bbox 770 2544 872 2582; x_wconf 84' lang='lat' dir='ltr'><strong>nec</strong></span> <span class='ocrx_word' id='word_1_297' title='bbox 907 2545 1002 2597; x_wconf 82' lang='lat' dir='ltr'><strong>per</strong></span> <span class='ocrx_word' id='word_1_298' title='bbox 1033 2532 1199 2595; x_wconf 84' lang='lat' dir='ltr'><strong>viam,</strong></span> <span class='ocrx_word' id='word_1_299' title='bbox 1230 2537 1294 2589; x_wconf 89' lang='lat' dir='ltr'><strong>ad</strong></span> <span class='ocrx_word' id='word_1_300' title='bbox 1326 2552 1486 2600; x_wconf 91' lang='lat' dir='ltr'><strong>quam</strong></span> <span class='ocrx_word' id='word_1_301' title='bbox 1520 2541 1699 2593; x_wconf 83' lang='lat' dir='ltr'><strong>emissi</strong></span> <span class='ocrx_word' id='word_1_302' title='bbox 1728 2549 1876 2596; x_wconf 86' lang='lat' dir='ltr'><strong>sunt.</strong></span> <span class='ocrx_word' id='word_1_303' title='bbox 1912 2541 2004 2594; x_wconf 85' lang='lat' dir='ltr'><strong>sed</strong></span> <span class='ocrx_word' id='word_1_304' title='bbox 2032 2545 2332 2597; x_wconf 70' lang='lat' dir='ltr'><strong>st-cnndum</strong></span> 
     </span>
    </p>
   </div>
   <div class='ocr_carea' id='block_1_44' title="bbox 772 2600 2337 2683">
    <p class='ocr_par' dir='ltr' id='par_1_44' title="bbox 772 2600 2337 2683">
     <span class='ocr_line' id='line_1_44' title="bbox 772 2600 2337 2683; baseline 0.013 -35"><span class='ocrx_word' id='word_1_305' title='bbox 772 2600 1187 2683; x_wconf 74' lang='lat' dir='ltr'><strong>adiuvenlioues</strong></span> <span class='ocrx_word' id='word_1_306' title='bbox 1218 2608 1460 2661; x_wconf 90' lang='lat' dir='ltr'><strong>cordium</strong></span> <span class='ocrx_word' id='word_1_307' title='bbox 1485 2624 1708 2663; x_wconf 91' lang='lat' dir='ltr'><strong>suorum</strong></span> <span class='ocrx_word' id='word_1_308' title='bbox 1736 2612 2017 2664; x_wconf 87' lang='lat' dir='ltr'><strong>ambulant</strong></span> <span class='ocrx_word' id='word_1_309' title='bbox 2048 2613 2103 2667; x_wconf 91' lang='lat' dir='ltr'><strong>in</strong></span> <span class='ocrx_word' id='word_1_310' title='bbox 2139 2615 2337 2669; x_wconf 80' lang='lat' dir='ltr'><strong>studiis</strong></span> 
     </span>
    </p>
   </div>
   <div class='ocr_carea' id='block_1_45' title="bbox 769 2685 907 2724">
    <p class='ocr_par' dir='ltr' id='par_1_45' title="bbox 769 2685 907 2724">
     <span class='ocr_line' id='line_1_45' title="bbox 769 2685 907 2724; baseline 0.007 -1"><span class='ocrx_word' id='word_1_311' title='bbox 769 2685 907 2724; x_wconf 75' lang='lat' dir='ltr'><strong>BIIIS.</strong></span> 
     </span>
    </p>
   </div>
   <div class='ocr_carea' id='block_1_46' title="bbox 852 2747 2335 2821">
    <p class='ocr_par' dir='ltr' id='par_1_46' title="bbox 852 2747 2335 2821">
     <span class='ocr_line' id='line_1_46' title="bbox 852 2747 2335 2821; baseline 0.007 -22"><span class='ocrx_word' id='word_1_312' title='bbox 852 2761 871 2793; x_wconf 78' lang='grc' dir='ltr'><strong>ι</strong></span> <span class='ocrx_word' id='word_1_313' title='bbox 904 2747 1005 2821; x_wconf 84' lang='lat' dir='ltr'><strong>Qui</strong></span> <span class='ocrx_word' id='word_1_314' title='bbox 1045 2750 1159 2821; x_wconf 68' lang='lat' dir='ltr'><strong>haec</strong></span> <span class='ocrx_word' id='word_1_315' title='bbox 1204 2765 1588 2821; x_wconf 34' lang='lat' dir='ltr'><strong>sumtua‘usus</strong></span> <span class='ocrx_word' id='word_1_316' title='bbox 1617 2752 1896 2817; x_wconf 76' lang='lat' dir='ltr'><strong>diligentia</strong></span> <span class='ocrx_word' id='word_1_317' title='bbox 1932 2762 2190 2821; x_wconf 74' lang='lat' dir='ltr'><strong>expertus</strong></span> <span class='ocrx_word' id='word_1_318' title='bbox 2231 2766 2335 2818; x_wconf 79' lang='lat' dir='ltr'><strong>est,</strong></span> 
     </span>
    </p>
   </div>
   <div class='ocr_carea' id='block_1_47' title="bbox 770 2819 2336 2891">
    <p class='ocr_par' dir='ltr' id='par_1_47' title="bbox 770 2819 2336 2891">
     <span class='ocr_line' id='line_1_47' title="bbox 770 2819 2336 2891; baseline 0.009 -26"><span class='ocrx_word' id='word_1_319' title='bbox 770 2819 1045 2891; x_wconf 44' lang='lat' dir='ltr'><strong>quaiuliro</strong></span> <span class='ocrx_word' id='word_1_320' title='bbox 1078 2819 1366 2889; x_wconf 76' lang='lat' dir='ltr'><strong>intelliget.</strong></span> <span class='ocrx_word' id='word_1_321' title='bbox 1406 2819 1505 2885; x_wconf 84' lang='lat' dir='ltr'><strong>Qui</strong></span> <span class='ocrx_word' id='word_1_322' title='bbox 1546 2838 1650 2874; x_wconf 88' lang='lat' dir='ltr'><strong>non</strong></span> <span class='ocrx_word' id='word_1_323' title='bbox 1700 2832 1802 2887; x_wconf 88' lang='lat' dir='ltr'><strong>est,</strong></span> <span class='ocrx_word' id='word_1_324' title='bbox 1846 2839 1964 2891; x_wconf 78' lang='lat' dir='ltr'><strong>quae</strong></span> <span class='ocrx_word' id='word_1_325' title='bbox 1995 2819 2213 2888; x_wconf 86' lang='lat' dir='ltr'><strong>quidem</strong></span> <span class='ocrx_word' id='word_1_326' title='bbox 2249 2841 2336 2879; x_wconf 87' lang='lat' dir='ltr'><strong>se-</strong></span> 
     </span>
    </p>
   </div>
   <div class='ocr_carea' id='block_1_48' title="bbox 772 2888 2340 2961">
    <p class='ocr_par' dir='ltr' id='par_1_48' title="bbox 772 2888 2340 2961">
     <span class='ocr_line' id='line_1_48' title="bbox 772 2888 2340 2961; baseline 0.009 -29"><span class='ocrx_word' id='word_1_327' title='bbox 772 2888 1015 2951; x_wconf 72' lang='lat' dir='ltr'><strong>cundum</strong></span> <span class='ocrx_word' id='word_1_328' title='bbox 1045 2888 1277 2943; x_wconf 79' lang='lat' dir='ltr'><strong>sensum</strong></span> <span class='ocrx_word' id='word_1_329' title='bbox 1320 2891 1454 2947; x_wconf 85' lang='lat' dir='ltr'><strong>dixi.</strong></span> <span class='ocrx_word' id='word_1_330' title='bbox 1505 2892 1769 2961; x_wconf 76' lang='lat' dir='ltr'><strong>percipiet</strong></span> <span class='ocrx_word' id='word_1_331' title='bbox 1809 2912 1824 2948; x_wconf 84' lang='lat'><strong>:</strong></span> <span class='ocrx_word' id='word_1_332' title='bbox 1865 2888 1934 2947; x_wconf 82' lang='lat' dir='ltr'><strong>de</strong></span> <span class='ocrx_word' id='word_1_333' title='bbox 1980 2893 2340 2959; x_wconf 82' lang='lat' dir='ltr'><strong>spiritualiter</strong></span> 
     </span>
    </p>
   </div>
   <div class='ocr_carea' id='block_1_49' title="bbox 769 2962 2341 3023">
    <p class='ocr_par' dir='ltr' id='par_1_49' title="bbox 769 2962 2341 3023">
     <span class='ocr_line' id='line_1_49' title="bbox 769 2962 2341 3023; baseline 0.011 -20"><span class='ocrx_word' id='word_1_334' title='bbox 769 2966 980 3018; x_wconf 72' lang='lat' dir='ltr'><strong>autem,</strong></span> <span class='ocrx_word' id='word_1_335' title='bbox 1007 2968 1061 3013; x_wconf 90' lang='lat' dir='ltr'><strong>et</strong></span> <span class='ocrx_word' id='word_1_336' title='bbox 1103 2962 1407 3015; x_wconf 85' lang='lat' dir='ltr'><strong>secundum</strong></span> <span class='ocrx_word' id='word_1_337' title='bbox 1434 2962 1852 3023; x_wconf 61' lang='lat' dir='ltr'><strong>intelligentiam</strong></span> <span class='ocrx_word' id='word_1_338' title='bbox 1892 2965 2072 3023; x_wconf 77' lang='lat' dir='ltr'><strong>dictis,</strong></span> <span class='ocrx_word' id='word_1_339' title='bbox 2107 2964 2257 3019; x_wconf 82' lang='lat' dir='ltr'><strong>leves</strong></span> <span class='ocrx_word' id='word_1_340' title='bbox 2287 2978 2341 3020; x_wconf 88' lang='lat' dir='ltr'><strong>et</strong></span> 
     </span>
    </p>
   </div>
   <div class='ocr_carea' id='block_1_50' title="bbox 770 3028 2337 3101">
    <p class='ocr_par' dir='ltr' id='par_1_50' title="bbox 770 3028 2337 3101">
     <span class='ocr_line' id='line_1_50' title="bbox 770 3028 2337 3101; baseline 0.011 -28"><span class='ocrx_word' id='word_1_341' title='bbox 770 3028 941 3083; x_wconf 74' lang='lat' dir='ltr'><strong>exiles</strong></span> <span class='ocrx_word' id='word_1_342' title='bbox 966 3032 1234 3099; x_wconf 79' lang='lat' dir='ltr'><strong>quasdam</strong></span> <span class='ocrx_word' id='word_1_343' title='bbox 1288 3031 1541 3085; x_wconf 87' lang='lat' dir='ltr'><strong>notiones</strong></span> <span class='ocrx_word' id='word_1_344' title='bbox 1575 3035 1797 3088; x_wconf 81' lang='lat' dir='ltr'><strong>habebit</strong></span> <span class='ocrx_word' id='word_1_345' title='bbox 1830 3052 1843 3090; x_wconf 89' lang='lat'><strong>:</strong></span> <span class='ocrx_word' id='word_1_346' title='bbox 1879 3036 2173 3101; x_wconf 81' lang='lat' dir='ltr'><strong>potiusque</strong></span> <span class='ocrx_word' id='word_1_347' title='bbox 2204 3035 2337 3091; x_wconf 81' lang='lat' dir='ltr'><strong>falsa</strong></span> 
     </span>
    </p>
   </div>
   <div class='ocr_carea' id='block_1_51' title="bbox 769 3102 2341 3173">
    <p class='ocr_par' dir='ltr' id='par_1_51' title="bbox 769 3102 2341 3173">
     <span class='ocr_line' id='line_1_51' title="bbox 769 3102 2341 3173; baseline 0.007 -25"><span class='ocrx_word' id='word_1_348' title='bbox 769 3105 1018 3173; x_wconf 71' lang='lat' dir='ltr'><strong>quautam</strong></span> <span class='ocrx_word' id='word_1_349' title='bbox 1059 3102 1111 3153; x_wconf 92' lang='lat' dir='ltr'><strong>lu</strong></span> <span class='ocrx_word' id='word_1_350' title='bbox 1142 3104 1326 3155; x_wconf 90' lang='lat' dir='ltr'><strong>animo</strong></span> <span class='ocrx_word' id='word_1_351' title='bbox 1359 3102 1592 3167; x_wconf 73' lang='lat' dir='ltr'><strong>emnget,</strong></span> <span class='ocrx_word' id='word_1_352' title='bbox 1619 3112 1671 3156; x_wconf 87' lang='lat' dir='ltr'><strong>et</strong></span> <span class='ocrx_word' id='word_1_353' title='bbox 1714 3120 1740 3155; x_wconf 88' lang='lat' dir='ltr'><strong>a</strong></span> <span class='ocrx_word' id='word_1_354' title='bbox 1786 3108 2011 3157; x_wconf 80' lang='lat' dir='ltr'><strong>veritate</strong></span> <span class='ocrx_word' id='word_1_355' title='bbox 2045 3105 2341 3173; x_wconf 88' lang='lat' dir='ltr'><strong>dictorum,</strong></span> 
     </span>
    </p>
   </div>
   <div class='ocr_carea' id='block_1_52' title="bbox 2446 2267 4015 2337">
    <p class='ocr_par' dir='ltr' id='par_1_52' title="bbox 2446 2267 4015 2337">
     <span class='ocr_line' id='line_1_52' title="bbox 2446 2267 4015 2337; baseline 0.003 -22"><span class='ocrx_word' id='word_1_356' title='bbox 2446 2277 2594 2319; x_wconf 84' lang='lat' dir='ltr'><strong>ctum</strong></span> <span class='ocrx_word' id='word_1_357' title='bbox 2629 2277 2775 2331; x_wconf 85' lang='lat' dir='ltr'><strong>sunt,</strong></span> <span class='ocrx_word' id='word_1_358' title='bbox 2811 2269 3141 2324; x_wconf 72' lang='lat' dir='ltr'><strong>invenit-tur.</strong></span> <span class='ocrx_word' id='word_1_359' title='bbox 3176 2271 3308 2335; x_wconf 71' lang='lat' dir='ltr'><strong>Quae</strong></span> <span class='ocrx_word' id='word_1_360' title='bbox 3348 2285 3585 2337; x_wconf 87' lang='lat' dir='ltr'><strong>namque</strong></span> <span class='ocrx_word' id='word_1_361' title='bbox 3616 2289 3634 2319; x_wconf 93' lang='grc' dir='ltr'><strong>ι</strong></span> <span class='ocrx_word' id='word_1_362' title='bbox 3678 2267 3880 2323; x_wconf 80' lang='lat' dir='ltr'><strong>Oculus</strong></span> <span class='ocrx_word' id='word_1_363' title='bbox 3916 2286 4015 2322; x_wconf 87' lang='lat' dir='ltr'><strong>non</strong></span> 
     </span>
    </p>
   </div>
   <div class='ocr_carea' id='block_1_53' title="bbox 2446 2336 4018 2406">
    <p class='ocr_par' dir='ltr' id='par_1_53' title="bbox 2446 2336 4018 2406">
     <span class='ocr_line' id='line_1_53' title="bbox 2446 2336 4018 2406; baseline -0.001 -15"><span class='ocrx_word' id='word_1_364' title='bbox 2446 2336 2584 2391; x_wconf 73' lang='lat' dir='ltr'><strong>Vidit</strong></span> <span class='ocrx_word' id='word_1_365' title='bbox 2609 2379 2624 2401; x_wconf 92' lang='lat'><strong>,</strong></span> <span class='ocrx_word' id='word_1_366' title='bbox 2682 2355 2781 2392; x_wconf 89' lang='lat' dir='ltr'><strong>nec</strong></span> <span class='ocrx_word' id='word_1_367' title='bbox 2833 2343 2986 2393; x_wconf 86' lang='lat' dir='ltr'><strong>auris</strong></span> <span class='ocrx_word' id='word_1_368' title='bbox 3016 2342 3263 2406; x_wconf 88' lang='lat' dir='ltr'><strong>audivit,</strong></span> <span class='ocrx_word' id='word_1_369' title='bbox 3303 2356 3402 2393; x_wconf 91' lang='lat' dir='ltr'><strong>nec</strong></span> <span class='ocrx_word' id='word_1_370' title='bbox 3448 2336 3509 2393; x_wconf 11' lang='lat' dir='ltr'><strong>in,</strong></span> <span class='ocrx_word' id='word_1_371' title='bbox 3537 2356 3635 2393; x_wconf 93' lang='lat' dir='ltr'><strong>cor</strong></span> <span class='ocrx_word' id='word_1_372' title='bbox 3665 2340 3904 2392; x_wconf 87' lang='lat' dir='ltr'><strong>hominis</strong></span> <span class='ocrx_word' id='word_1_373' title='bbox 3936 2356 4018 2389; x_wconf 79' lang='lat' dir='ltr'><strong>as-</strong></span> 
     </span>
    </p>
   </div>
   <div class='ocr_carea' id='block_1_54' title="bbox 2446 2408 4018 2519">
    <p class='ocr_par' dir='ltr' id='par_1_54' title="bbox 2446 2408 4018 2519">
     <span class='ocr_line' id='line_1_54' title="bbox 2446 2408 4018 2519; baseline 0.003 -61"><span class='ocrx_word' id='word_1_374' title='bbox 2446 2409 2746 2519; x_wconf 73' lang='lat' dir='ltr'><strong>cendequ</strong></span> <span class='ocrx_word' id='word_1_375' title='bbox 2780 2430 2799 2462; x_wconf 78' lang='grc' dir='ltr'><strong>ι</strong></span> <span class='ocrx_word' id='word_1_376' title='bbox 2838 2410 2893 2481; x_wconf 88' lang='grc'><strong>(1</strong></span> <span class='ocrx_word' id='word_1_377' title='bbox 2922 2411 3049 2477; x_wconf 85' lang='lat' dir='ltr'><strong>Cor,</strong></span> <span class='ocrx_word' id='word_1_378' title='bbox 3084 2427 3142 2476; x_wconf 93' lang='grc' dir='ltr'>ιι,</span> <span class='ocrx_word' id='word_1_379' title='bbox 3177 2412 3254 2481; x_wconf 87' lang='grc'><strong>9),</strong></span> <span class='ocrx_word' id='word_1_380' title='bbox 3288 2413 3567 2479; x_wconf 86' lang='lat' dir='ltr'><strong>quomodo</strong></span> <span class='ocrx_word' id='word_1_381' title='bbox 3604 2408 3815 2465; x_wconf 69' lang='lat' dir='ltr'><strong>notitia:</strong></span> <span class='ocrx_word' id='word_1_382' title='bbox 3849 2412 4018 2479; x_wconf 72' lang='lat' dir='ltr'><strong>subji-</strong></span> 
     </span>
     <span class='ocr_line' id='line_1_55' title="bbox 2446 2486 2657 2519; baseline 0 0"><span class='ocrx_word' id='word_1_383' title='bbox 2446 2490 2471 2519; x_wconf 79' lang='lat' dir='ltr'><strong>t!</strong></span> <span class='ocrx_word' id='word_1_384' title='bbox 2494 2486 2657 2519; x_wconf 60' lang='lat' dir='ltr'><strong>antur</strong></span> 
     </span>
    </p>
   </div>
   <div class='ocr_carea' id='block_1_55' title="bbox 2442 2486 2680 2533">
    <p class='ocr_par' dir='ltr' id='par_1_55' title="bbox 2442 2486 2680 2533">
     <span class='ocr_line' id='line_1_56' title="bbox 2442 2486 2680 2533; baseline 0.017 -4"><span class='ocrx_word' id='word_1_385' title='bbox 2442 2490 2471 2529; x_wconf 93' lang='lat' dir='ltr'><strong>c</strong></span> <span class='ocrx_word' id='word_1_386' title='bbox 2494 2486 2680 2533; x_wconf 74' lang='lat' dir='ltr'><strong>enturi</strong></span> 
     </span>
    </p>
   </div>
   <div class='ocr_carea' id='block_1_56' title="bbox 2522 2549 4019 2620">
    <p class='ocr_par' dir='ltr' id='par_1_56' title="bbox 2522 2549 4019 2620">
     <span class='ocr_line' id='line_1_57' title="bbox 2522 2549 4019 2620; baseline 0.001 -21"><span class='ocrx_word' id='word_1_387' title='bbox 2522 2569 2540 2599; x_wconf 87' lang='grc' dir='ltr'><strong>ι</strong></span> <span class='ocrx_word' id='word_1_388' title='bbox 2576 2550 2835 2605; x_wconf 85' lang='lat' dir='ltr'><strong>Dominus</strong></span> <span class='ocrx_word' id='word_1_389' title='bbox 2868 2552 2961 2620; x_wconf 90' lang='lat' dir='ltr'><strong>qui</strong></span> <span class='ocrx_word' id='word_1_390' title='bbox 2995 2552 3225 2620; x_wconf 69' lang='lat' dir='ltr'><strong>largitur</strong></span> <span class='ocrx_word' id='word_1_391' title='bbox 3262 2552 3421 2606; x_wconf 90' lang='lat' dir='ltr'><strong>nobis</strong></span> <span class='ocrx_word' id='word_1_392' title='bbox 3459 2565 3580 2619; x_wconf 65' lang='lat' dir='ltr'><strong>qum</strong></span> <span class='ocrx_word' id='word_1_393' title='bbox 3626 2564 3791 2613; x_wconf 83' lang='lat' dir='ltr'><strong>supra</strong></span> <span class='ocrx_word' id='word_1_394' title='bbox 3827 2549 4019 2603; x_wconf 85' lang='lat' dir='ltr'><strong>intelli-</strong></span> 
     </span>
    </p>
   </div>
   <div class='ocr_carea' id='block_1_57' title="bbox 2445 2620 4016 2688">
    <p class='ocr_par' dir='ltr' id='par_1_57' title="bbox 2445 2620 4016 2688">
     <span class='ocr_line' id='line_1_58' title="bbox 2445 2620 4016 2688; baseline -0.002 -18"><span class='ocrx_word' id='word_1_395' title='bbox 2445 2622 2685 2687; x_wconf 86' lang='lat' dir='ltr'><strong>gentiam</strong></span> <span class='ocrx_word' id='word_1_396' title='bbox 2714 2633 2865 2683; x_wconf 88' lang='lat' dir='ltr'><strong>suut,</strong></span> <span class='ocrx_word' id='word_1_397' title='bbox 2905 2625 2995 2674; x_wconf 90' lang='lat' dir='ltr'><strong>dat</strong></span> <span class='ocrx_word' id='word_1_398' title='bbox 3027 2624 3185 2675; x_wconf 88' lang='lat' dir='ltr'><strong>nobis</strong></span> <span class='ocrx_word' id='word_1_399' title='bbox 3208 2623 3369 2675; x_wconf 87' lang='lat' dir='ltr'><strong>etiam</strong></span> <span class='ocrx_word' id='word_1_400' title='bbox 3408 2637 3503 2686; x_wconf 87' lang='lat' dir='ltr'><strong>per</strong></span> <span class='ocrx_word' id='word_1_401' title='bbox 3548 2620 3819 2688; x_wconf 84' lang='lat' dir='ltr'><strong>Spiritum</strong></span> <span class='ocrx_word' id='word_1_402' title='bbox 3863 2636 4016 2673; x_wconf 90' lang='lat' dir='ltr'><strong>sumn</strong></span> 
     </span>
    </p>
   </div>
   <div class='ocr_carea' id='block_1_58' title="bbox 2446 2690 4018 2758">
    <p class='ocr_par' dir='ltr' id='par_1_58' title="bbox 2446 2690 4018 2758">
     <span class='ocr_line' id='line_1_59' title="bbox 2446 2690 4018 2758; baseline 0.003 -21"><span class='ocrx_word' id='word_1_403' title='bbox 2446 2704 2609 2757; x_wconf 78' lang='lat' dir='ltr'><strong>supra</strong></span> <span class='ocrx_word' id='word_1_404' title='bbox 2648 2691 3059 2757; x_wconf 72' lang='lat' dir='ltr'><strong>intelligentiam</strong></span> <span class='ocrx_word' id='word_1_405' title='bbox 3097 2694 3256 2746; x_wconf 84' lang='lat' dir='ltr'><strong>aliam</strong></span> <span class='ocrx_word' id='word_1_406' title='bbox 3310 2690 3762 2758; x_wconf 86' lang='lat' dir='ltr'><strong>intelligentiam,</strong></span> <span class='ocrx_word' id='word_1_407' title='bbox 3800 2699 3861 2741; x_wconf 90' lang='lat' dir='ltr'><strong>ut</strong></span> <span class='ocrx_word' id='word_1_408' title='bbox 3902 2704 4018 2756; x_wconf 65' lang='lat' dir='ltr'><strong>qua!</strong></span> 
     </span>
    </p>
   </div>
   <div class='ocr_carea' id='block_1_59' title="bbox 2443 2761 4015 2831">
    <p class='ocr_par' dir='ltr' id='par_1_59' title="bbox 2443 2761 4015 2831">
     <span class='ocr_line' id='line_1_60' title="bbox 2443 2761 4015 2831; baseline 0 -21"><span class='ocrx_word' id='word_1_409' title='bbox 2443 2773 2605 2831; x_wconf 68' lang='lat' dir='ltr'><strong>supra</strong></span> <span class='ocrx_word' id='word_1_410' title='bbox 2637 2761 3047 2831; x_wconf 82' lang='lat' dir='ltr'><strong>intelligentiam</strong></span> <span class='ocrx_word' id='word_1_411' title='bbox 3076 2772 3207 2817; x_wconf 91' lang='lat' dir='ltr'><strong>sunt</strong></span> <span class='ocrx_word' id='word_1_412' title='bbox 3229 2763 3495 2813; x_wconf 87' lang='lat' dir='ltr'><strong>donorum</strong></span> <span class='ocrx_word' id='word_1_413' title='bbox 3526 2762 3646 2829; x_wconf 90' lang='lat' dir='ltr'><strong>ejus</strong></span> <span class='ocrx_word' id='word_1_414' title='bbox 3670 2761 4015 2821; x_wconf 80' lang='lat' dir='ltr'><strong>charismata,</strong></span> 
     </span>
    </p>
   </div>
   <div class='ocr_carea' id='block_1_60' title="bbox 2446 2830 3535 2899">
    <p class='ocr_par' dir='ltr' id='par_1_60' title="bbox 2446 2830 3535 2899">
     <span class='ocr_line' id='line_1_61' title="bbox 2446 2830 3535 2899; baseline 0.003 -17"><span class='ocrx_word' id='word_1_415' title='bbox 2446 2830 2695 2885; x_wconf 75' lang='lat' dir='ltr'><strong>miriﬁce.</strong></span> <span class='ocrx_word' id='word_1_416' title='bbox 2732 2830 2878 2884; x_wconf 78' lang='lat' dir='ltr'><strong>clare</strong></span> <span class='ocrx_word' id='word_1_417' title='bbox 2906 2840 2960 2884; x_wconf 89' lang='lat' dir='ltr'><strong>et</strong></span> <span class='ocrx_word' id='word_1_418' title='bbox 2987 2847 3121 2899; x_wconf 86' lang='lat' dir='ltr'><strong>pure.</strong></span> <span class='ocrx_word' id='word_1_419' title='bbox 3144 2831 3535 2895; x_wconf 82' lang='lat' dir='ltr'><strong>intelligamus.</strong></span> 
     </span>
    </p>
   </div>
   <div class='ocr_carea' id='block_1_61' title="bbox 2523 2899 4015 2965">
    <p class='ocr_par' dir='ltr' id='par_1_61' title="bbox 2523 2899 4015 2965">
     <span class='ocr_line' id='line_1_62' title="bbox 2523 2899 4015 2965; baseline 0.001 -16"><span class='ocrx_word' id='word_1_420' title='bbox 2523 2918 2541 2949; x_wconf 91' lang='grc' dir='ltr'><strong>ι</strong></span> <span class='ocrx_word' id='word_1_421' title='bbox 2581 2899 3056 2965; x_wconf 83' lang='lat' dir='ltr'><strong>Quemadmodum</strong></span> <span class='ocrx_word' id='word_1_422' title='bbox 3091 2903 3371 2955; x_wconf 74' lang='lat' dir='ltr'><strong>insensilis</strong></span> <span class='ocrx_word' id='word_1_423' title='bbox 3401 2901 3466 2952; x_wconf 82' lang='lat' dir='ltr'><strong>ad</strong></span> <span class='ocrx_word' id='word_1_424' title='bbox 3504 2917 3669 2951; x_wconf 87' lang='lat' dir='ltr'><strong>unum</strong></span> <span class='ocrx_word' id='word_1_425' title='bbox 3694 2942 3706 2959; x_wconf 84' lang='lat'><strong>,</strong></span> <span class='ocrx_word' id='word_1_426' title='bbox 3739 2900 3807 2953; x_wconf 76' lang='lat' dir='ltr'><strong>ad</strong></span> <span class='ocrx_word' id='word_1_427' title='bbox 3840 2900 4015 2952; x_wconf 88' lang='lat' dir='ltr'><strong>omnia</strong></span> 
     </span>
    </p>
   </div>
   <div class='ocr_carea' id='block_1_62' title="bbox 2447 2970 4014 3030">
    <p class='ocr_par' dir='ltr' id='par_1_62' title="bbox 2447 2970 4014 3030">
     <span class='ocr_line' id='line_1_63' title="bbox 2447 2970 4014 3030; baseline -0.002 -8"><span class='ocrx_word' id='word_1_428' title='bbox 2447 2976 2533 3022; x_wconf 87' lang='lat' dir='ltr'><strong>est</strong></span> <span class='ocrx_word' id='word_1_429' title='bbox 2570 2972 2852 3023; x_wconf 86' lang='lat' dir='ltr'><strong>insensilis</strong></span> <span class='ocrx_word' id='word_1_430' title='bbox 2881 2987 2897 3023; x_wconf 87' lang='lat'><strong>:</strong></span> <span class='ocrx_word' id='word_1_431' title='bbox 2940 2973 3020 3030; x_wconf 85' lang='lat' dir='ltr'><strong>sic</strong></span> <span class='ocrx_word' id='word_1_432' title='bbox 3046 2972 3269 3026; x_wconf 88' lang='lat' dir='ltr'><strong>seusilis</strong></span> <span class='ocrx_word' id='word_1_433' title='bbox 3295 2970 3362 3023; x_wconf 91' lang='lat' dir='ltr'><strong>ad</strong></span> <span class='ocrx_word' id='word_1_434' title='bbox 3405 2986 3573 3023; x_wconf 91' lang='grc' dir='ltr'>ιιιιιιιιι</span> <span class='ocrx_word' id='word_1_435' title='bbox 3610 2971 3779 3023; x_wconf 80' lang='lat' dir='ltr'><strong>sentit</strong></span> <span class='ocrx_word' id='word_1_436' title='bbox 3811 2971 4014 3025; x_wconf 88' lang='lat' dir='ltr'><strong>omnia.</strong></span> 
     </span>
    </p>
   </div>
   <div class='ocr_carea' id='block_1_63' title="bbox 2447 3040 4015 3109">
    <p class='ocr_par' dir='ltr' id='par_1_63' title="bbox 2447 3040 4015 3109">
     <span class='ocr_line' id='line_1_64' title="bbox 2447 3040 4015 3109; baseline -0.001 -18"><span class='ocrx_word' id='word_1_437' title='bbox 2447 3050 2500 3092; x_wconf 86' lang='lat' dir='ltr'><strong>et</strong></span> <span class='ocrx_word' id='word_1_438' title='bbox 2529 3048 2684 3093; x_wconf 72' lang='lat' dir='ltr'><strong>extra</strong></span> <span class='ocrx_word' id='word_1_439' title='bbox 2714 3042 2959 3093; x_wconf 86' lang='lat' dir='ltr'><strong>omnium</strong></span> <span class='ocrx_word' id='word_1_440' title='bbox 2996 3056 3221 3097; x_wconf 84' lang='lat' dir='ltr'><strong>sensum</strong></span> <span class='ocrx_word' id='word_1_441' title='bbox 3254 3050 3361 3094; x_wconf 85' lang='lat' dir='ltr'><strong>est.</strong></span> <span class='ocrx_word' id='word_1_442' title='bbox 3398 3040 3454 3109; x_wconf 80' lang='lat' dir='ltr'><strong>In</strong></span> <span class='ocrx_word' id='word_1_443' title='bbox 3508 3040 3896 3107; x_wconf 80' lang='lat' dir='ltr'><strong>intelligentia,</strong></span> <span class='ocrx_word' id='word_1_444' title='bbox 3928 3055 4015 3091; x_wconf 86' lang='lat' dir='ltr'><strong>seu</strong></span> 
     </span>
    </p>
   </div>
   <div class='ocr_carea' id='block_1_64' title="bbox 2449 3109 4017 3178">
    <p class='ocr_par' dir='ltr' id='par_1_64' title="bbox 2449 3109 4017 3178">
     <span class='ocr_line' id='line_1_65' title="bbox 2449 3109 4017 3178; baseline -0.002 -15"><span class='ocrx_word' id='word_1_445' title='bbox 2449 3111 2644 3163; x_wconf 87' lang='lat' dir='ltr'><strong>notitia</strong></span> <span class='ocrx_word' id='word_1_446' title='bbox 2674 3109 2920 3164; x_wconf 87' lang='lat' dir='ltr'><strong>omnium</strong></span> <span class='ocrx_word' id='word_1_447' title='bbox 2952 3121 3060 3178; x_wconf 85' lang='lat' dir='ltr'><strong>est,</strong></span> <span class='ocrx_word' id='word_1_448' title='bbox 3086 3120 3141 3167; x_wconf 90' lang='lat' dir='ltr'><strong>et</strong></span> <span class='ocrx_word' id='word_1_449' title='bbox 3173 3112 3243 3165; x_wconf 82' lang='lat' dir='ltr'><strong>ab</strong></span> <span class='ocrx_word' id='word_1_450' title='bbox 3273 3125 3465 3165; x_wconf 90' lang='lat' dir='ltr'><strong>eorum</strong></span> <span class='ocrx_word' id='word_1_451' title='bbox 3502 3111 3694 3163; x_wconf 83' lang='lat' dir='ltr'><strong>notitia</strong></span> <span class='ocrx_word' id='word_1_452' title='bbox 3723 3125 3835 3163; x_wconf 91' lang='lat' dir='ltr'><strong>non</strong></span> <span class='ocrx_word' id='word_1_453' title='bbox 3869 3110 4017 3164; x_wconf 88' lang='lat' dir='ltr'><strong>cohi-</strong></span> 
     </span>
    </p>
   </div>
   <div class='ocr_carea' id='block_1_65' title="bbox 769 3170 2632 3250">
    <p class='ocr_par' dir='ltr' id='par_1_65' title="bbox 769 3170 2632 3250">
     <span class='ocr_line' id='line_1_66' title="bbox 769 3170 2632 3250; baseline 0.008 -31"><span class='ocrx_word' id='word_1_454' title='bbox 769 3178 842 3250; x_wconf 43' lang='grc' dir='ltr'>ιιι.</span> <span class='ocrx_word' id='word_1_455' title='bbox 864 3170 1219 3225; x_wconf 85' lang='lat' dir='ltr'><strong>vehementer</strong></span> <span class='ocrx_word' id='word_1_456' title='bbox 1252 3173 1519 3243; x_wconf 82' lang='lat' dir='ltr'><strong>deceptus</strong></span> <span class='ocrx_word' id='word_1_457' title='bbox 1550 3190 1613 3228; x_wconf 94' lang='lat' dir='ltr'><strong>ac</strong></span> <span class='ocrx_word' id='word_1_458' title='bbox 1658 3173 1978 3238; x_wconf 82' lang='lat' dir='ltr'><strong>frustratus,</strong></span> <span class='ocrx_word' id='word_1_459' title='bbox 2024 3176 2185 3244; x_wconf 85' lang='lat' dir='ltr'><strong>longe</strong></span> <span class='ocrx_word' id='word_1_460' title='bbox 2252 3170 2343 3230; x_wconf 56' lang='lat' dir='ltr'><strong>ab;</strong></span> <span class='ocrx_word' id='word_1_461' title='bbox 2373 3189 2418 3250; x_wconf 73' lang='grc' dir='ltr'>ο</span> <span class='ocrx_word' id='word_1_462' title='bbox 2452 3180 2632 3233; x_wconf 88' lang='lat' dir='ltr'><strong>betur.</strong></span> 
     </span>
    </p>
   </div>
   <div class='ocr_carea' id='block_1_66' title="bbox 851 3312 2342 3371">
    <p class='ocr_par' dir='ltr' id='par_1_66' title="bbox 851 3312 2342 3371">
     <span class='ocr_line' id='line_1_67' title="bbox 851 3312 2342 3371; baseline 0.004 -6"><span class='ocrx_word' id='word_1_463' title='bbox 851 3330 868 3360; x_wconf 85' lang='grc' dir='ltr'><strong>ι</strong></span> <span class='ocrx_word' id='word_1_464' title='bbox 907 3312 1043 3366; x_wconf 88' lang='lat' dir='ltr'><strong>Cum</strong></span> <span class='ocrx_word' id='word_1_465' title='bbox 1083 3316 1368 3369; x_wconf 86' lang='lat' dir='ltr'><strong>laboribus</strong></span> <span class='ocrx_word' id='word_1_466' title='bbox 1411 3332 1472 3368; x_wconf 89' lang='lat' dir='ltr'><strong>ac</strong></span> <span class='ocrx_word' id='word_1_467' title='bbox 1533 3316 1837 3369; x_wconf 81' lang='lat' dir='ltr'><strong>sudoribus</strong></span> <span class='ocrx_word' id='word_1_468' title='bbox 1872 3318 1979 3371; x_wconf 88' lang='lat' dir='ltr'><strong>tuis</strong></span> <span class='ocrx_word' id='word_1_469' title='bbox 2023 3316 2130 3369; x_wconf 90' lang='lat' dir='ltr'><strong>vile</strong></span> <span class='ocrx_word' id='word_1_470' title='bbox 2161 3324 2215 3369; x_wconf 88' lang='lat' dir='ltr'><strong>et</strong></span> <span class='ocrx_word' id='word_1_471' title='bbox 2245 3318 2342 3371; x_wconf 83' lang='lat' dir='ltr'><strong>ab-</strong></span> 
     </span>
    </p>
   </div>
   <div class='ocr_carea' id='block_1_67' title="bbox 770 3382 2344 3455">
    <p class='ocr_par' dir='ltr' id='par_1_67' title="bbox 770 3382 2344 3455">
     <span class='ocr_line' id='line_1_68' title="bbox 770 3382 2344 3455; baseline 0.002 -16"><span class='ocrx_word' id='word_1_472' title='bbox 770 3382 972 3439; x_wconf 62' lang='lat' dir='ltr'><strong>iectum</strong></span> <span class='ocrx_word' id='word_1_473' title='bbox 1004 3400 1209 3453; x_wconf 85' lang='lat' dir='ltr'><strong>corpus</strong></span> <span class='ocrx_word' id='word_1_474' title='bbox 1236 3396 1386 3439; x_wconf 89' lang='lat' dir='ltr'><strong>tuum</strong></span> <span class='ocrx_word' id='word_1_475' title='bbox 1431 3388 1812 3455; x_wconf 82' lang='lat' dir='ltr'><strong>perdomueris</strong></span> <span class='ocrx_word' id='word_1_476' title='bbox 1840 3402 1904 3440; x_wconf 89' lang='lat' dir='ltr'><strong>ac</strong></span> <span class='ocrx_word' id='word_1_477' title='bbox 1929 3387 2259 3455; x_wconf 68' lang='lat' dir='ltr'><strong>swbjuparis,</strong></span> <span class='ocrx_word' id='word_1_478' title='bbox 2290 3398 2344 3442; x_wconf 87' lang='lat' dir='ltr'><strong>et</strong></span> 
     </span>
    </p>
   </div>
   <div class='ocr_carea' id='block_1_68' title="bbox 769 3456 2338 3525">
    <p class='ocr_par' dir='ltr' id='par_1_68' title="bbox 769 3456 2338 3525">
     <span class='ocr_line' id='line_1_69' title="bbox 769 3456 2338 3525; baseline 0.004 -21"><span class='ocrx_word' id='word_1_479' title='bbox 769 3459 825 3504; x_wconf 88' lang='lat' dir='ltr'><strong>te</strong></span> <span class='ocrx_word' id='word_1_480' title='bbox 857 3458 1277 3511; x_wconf 79' lang='lat' dir='ltr'><strong>necessitatibus</strong></span> <span class='ocrx_word' id='word_1_481' title='bbox 1320 3456 1439 3520; x_wconf 76' lang='lat' dir='ltr'><strong>ejus</strong></span> <span class='ocrx_word' id='word_1_482' title='bbox 1468 3458 1709 3515; x_wconf 76' lang='lat' dir='ltr'><strong>exueris,</strong></span> <span class='ocrx_word' id='word_1_483' title='bbox 1742 3458 2034 3525; x_wconf 80' lang='lat' dir='ltr'><strong>ipsumque</strong></span> <span class='ocrx_word' id='word_1_484' title='bbox 2070 3458 2338 3521; x_wconf 72' lang='lat' dir='ltr'><strong>let&#39;ejam,</strong></span> 
     </span>
    </p>
   </div>
   <div class='ocr_carea' id='block_1_69' title="bbox 771 3526 2344 3595">
    <p class='ocr_par' dir='ltr' id='par_1_69' title="bbox 771 3526 2344 3595">
     <span class='ocr_line' id='line_1_70' title="bbox 771 3526 2344 3595; baseline 0.003 -23"><span class='ocrx_word' id='word_1_485' title='bbox 771 3531 825 3573; x_wconf 75' lang='lat' dir='ltr'><strong>et</strong></span> <span class='ocrx_word' id='word_1_486' title='bbox 860 3526 1268 3591; x_wconf 90' lang='lat' dir='ltr'><strong>quodammodo</strong></span> <span class='ocrx_word' id='word_1_487' title='bbox 1304 3528 1592 3594; x_wconf 85' lang='lat' dir='ltr'><strong>spirituale</strong></span> <span class='ocrx_word' id='word_1_488' title='bbox 1626 3530 1945 3595; x_wconf 79' lang='lat' dir='ltr'><strong>gestaveris.</strong></span> <span class='ocrx_word' id='word_1_489' title='bbox 1981 3537 2161 3579; x_wconf 84' lang='lat' dir='ltr'><strong>utnec</strong></span> <span class='ocrx_word' id='word_1_490' title='bbox 2194 3528 2344 3579; x_wconf 84' lang='lat' dir='ltr'><strong>Ialm-</strong></span> 
     </span>
    </p>
   </div>
   <div class='ocr_carea' id='block_1_70' title="bbox 770 3598 2342 3660">
    <p class='ocr_par' dir='ltr' id='par_1_70' title="bbox 770 3598 2342 3660">
     <span class='ocr_line' id='line_1_71' title="bbox 770 3598 2342 3660; baseline 0.006 -17"><span class='ocrx_word' id='word_1_491' title='bbox 770 3607 911 3659; x_wconf 88' lang='lat' dir='ltr'><strong>rem,</strong></span> <span class='ocrx_word' id='word_1_492' title='bbox 940 3611 1039 3649; x_wconf 90' lang='lat' dir='ltr'><strong>nec</strong></span> <span class='ocrx_word' id='word_1_493' title='bbox 1095 3598 1313 3660; x_wconf 74' lang='lat' dir='ltr'><strong>famem,</strong></span> <span class='ocrx_word' id='word_1_494' title='bbox 1350 3612 1449 3651; x_wconf 85' lang='lat' dir='ltr'><strong>nec</strong></span> <span class='ocrx_word' id='word_1_495' title='bbox 1488 3599 1634 3650; x_wconf 88' lang='lat' dir='ltr'><strong>sitim</strong></span> <span class='ocrx_word' id='word_1_496' title='bbox 1692 3598 1913 3659; x_wconf 72' lang='lat' dir='ltr'><strong>Sentiat,</strong></span> <span class='ocrx_word' id='word_1_497' title='bbox 1962 3606 2077 3649; x_wconf 90' lang='lat' dir='ltr'><strong>tum</strong></span> <span class='ocrx_word' id='word_1_498' title='bbox 2137 3599 2342 3652; x_wconf 79' lang='lat' dir='ltr'><strong>clarius</strong></span> 
     </span>
    </p>
   </div>
   <div class='ocr_carea' id='block_1_71' title="bbox 773 3667 2339 3737">
    <p class='ocr_par' dir='ltr' id='par_1_71' title="bbox 773 3667 2339 3737">
     <span class='ocr_line' id='line_1_72' title="bbox 773 3667 2339 3737; baseline 0.005 -26"><span class='ocrx_word' id='word_1_499' title='bbox 773 3677 936 3737; x_wconf 84' lang='lat' dir='ltr'><strong>quam</strong></span> <span class='ocrx_word' id='word_1_500' title='bbox 995 3667 1045 3718; x_wconf 93' lang='lat' dir='ltr'><strong>in</strong></span> <span class='ocrx_word' id='word_1_501' title='bbox 1093 3668 1315 3737; x_wconf 88' lang='lat' dir='ltr'><strong>speculo</strong></span> <span class='ocrx_word' id='word_1_502' title='bbox 1369 3683 1563 3721; x_wconf 77' lang='lat' dir='ltr'><strong>cernes</strong></span> <span class='ocrx_word' id='word_1_503' title='bbox 1615 3668 1862 3733; x_wconf 87' lang='lat' dir='ltr'><strong>eumqui</strong></span> <span class='ocrx_word' id='word_1_504' title='bbox 1920 3682 2081 3735; x_wconf 75' lang='lat' dir='ltr'><strong>Supra</strong></span> <span class='ocrx_word' id='word_1_505' title='bbox 2121 3678 2339 3735; x_wconf 74' lang='grc' dir='ltr'>ι-τιιιιιιιιι</span> 
     </span>
    </p>
   </div>
   <div class='ocr_carea' id='block_1_72' title="bbox 772 3735 2342 3808">
    <p class='ocr_par' dir='ltr' id='par_1_72' title="bbox 772 3735 2342 3808">
     <span class='ocr_line' id='line_1_73' title="bbox 772 3735 2342 3808; baseline 0.004 -23"><span class='ocrx_word' id='word_1_506' title='bbox 772 3735 969 3808; x_wconf 70' lang='lat' dir='ltr'><strong>mentis</strong></span> <span class='ocrx_word' id='word_1_507' title='bbox 997 3746 1099 3798; x_wconf 86' lang='lat' dir='ltr'><strong>est,</strong></span> <span class='ocrx_word' id='word_1_508' title='bbox 1124 3735 1185 3792; x_wconf 83' lang='lat' dir='ltr'><strong>et</strong></span> <span class='ocrx_word' id='word_1_509' title='bbox 1226 3738 1401 3791; x_wconf 88' lang='lat' dir='ltr'><strong>oculis</strong></span> <span class='ocrx_word' id='word_1_510' title='bbox 1431 3740 1701 3797; x_wconf 85' lang='lat' dir='ltr'><strong>revelatis,</strong></span> <span class='ocrx_word' id='word_1_511' title='bbox 1737 3748 1898 3803; x_wconf 80' lang='lat' dir='ltr'><strong>atque</strong></span> <span class='ocrx_word' id='word_1_512' title='bbox 1925 3753 2045 3789; x_wconf 89' lang='lat' dir='ltr'><strong>eum</strong></span> <span class='ocrx_word' id='word_1_513' title='bbox 2087 3738 2342 3808; x_wconf 69' lang='lat' dir='ltr'><strong>lacrymis</strong></span> 
     </span>
    </p>
   </div>
   <div class='ocr_carea' id='block_1_73' title="bbox 776 3803 2339 3875">
    <p class='ocr_par' dir='ltr' id='par_1_73' title="bbox 776 3803 2339 3875">
     <span class='ocr_line' id='line_1_74' title="bbox 776 3803 2339 3875; baseline 0.006 -23"><span class='ocrx_word' id='word_1_514' title='bbox 776 3803 1007 3875; x_wconf 66' lang='lat' dir='ltr'><strong>videbis,</strong></span> <span class='ocrx_word' id='word_1_515' title='bbox 1043 3824 1204 3875; x_wconf 88' lang='lat' dir='ltr'><strong>quem</strong></span> <span class='ocrx_word' id='word_1_516' title='bbox 1250 3824 1410 3861; x_wconf 86' lang='lat' dir='ltr'><strong>nemo</strong></span> <span class='ocrx_word' id='word_1_517' title='bbox 1444 3810 1577 3860; x_wconf 83' lang='lat' dir='ltr'><strong>vidit</strong></span> <span class='ocrx_word' id='word_1_518' title='bbox 1611 3824 1887 3871; x_wconf 89' lang='lat' dir='ltr'><strong>unquam:</strong></span> <span class='ocrx_word' id='word_1_519' title='bbox 1921 3820 1973 3859; x_wconf 88' lang='lat' dir='ltr'><strong>et</strong></span> <span class='ocrx_word' id='word_1_520' title='bbox 2022 3803 2216 3859; x_wconf 55' lang='lat' dir='ltr'><strong>anima&#39;</strong></span> <span class='ocrx_word' id='word_1_521' title='bbox 2248 3816 2339 3862; x_wconf 88' lang='lat' dir='ltr'><strong>tua</strong></span> 
     </span>
    </p>
   </div>
   <div class='ocr_carea' id='block_1_74' title="bbox 770 3872 2337 3940">
    <p class='ocr_par' dir='ltr' id='par_1_74' title="bbox 770 3872 2337 3940">
     <span class='ocr_line' id='line_1_75' title="bbox 770 3872 2337 3940; baseline 0.003 -16"><span class='ocrx_word' id='word_1_522' title='bbox 770 3872 888 3940; x_wconf 75' lang='lat' dir='ltr'><strong>ejus</strong></span> <span class='ocrx_word' id='word_1_523' title='bbox 944 3872 1132 3931; x_wconf 82' lang='lat' dir='ltr'><strong>amore</strong></span> <span class='ocrx_word' id='word_1_524' title='bbox 1171 3881 1438 3940; x_wconf 75' lang='lat' dir='ltr'><strong>sauciata,</strong></span> <span class='ocrx_word' id='word_1_525' title='bbox 1472 3879 1705 3931; x_wconf 86' lang='lat' dir='ltr'><strong>lamenta</strong></span> <span class='ocrx_word' id='word_1_526' title='bbox 1735 3876 1859 3929; x_wconf 83' lang='lat' dir='ltr'><strong>ﬂetu</strong></span> <span class='ocrx_word' id='word_1_527' title='bbox 1891 3876 2167 3930; x_wconf 84' lang='lat' dir='ltr'><strong>miscebis.</strong></span> <span class='ocrx_word' id='word_1_528' title='bbox 2201 3878 2337 3931; x_wconf 87' lang='lat' dir='ltr'><strong>Tum</strong></span> 
     </span>
    </p>
   </div>
   <div class='ocr_carea' id='block_1_75' title="bbox 770 3947 2338 4017">
    <p class='ocr_par' dir='ltr' id='par_1_75' title="bbox 770 3947 2338 4017">
     <span class='ocr_line' id='line_1_76' title="bbox 770 3947 2338 4017; baseline 0.004 -22"><span class='ocrx_word' id='word_1_529' title='bbox 770 3947 1061 4017; x_wconf 63' lang='lat' dir='ltr'><strong>recordare</strong></span> <span class='ocrx_word' id='word_1_530' title='bbox 1096 3950 1222 4010; x_wconf 87' lang='lat' dir='ltr'><strong>mei.</strong></span> <span class='ocrx_word' id='word_1_531' title='bbox 1254 3962 1308 4003; x_wconf 89' lang='lat' dir='ltr'><strong>et</strong></span> <span class='ocrx_word' id='word_1_532' title='bbox 1334 3965 1428 4002; x_wconf 89' lang='lat' dir='ltr'><strong>ora</strong></span> <span class='ocrx_word' id='word_1_533' title='bbox 1456 3964 1553 4014; x_wconf 90' lang='lat' dir='ltr'><strong>pro</strong></span> <span class='ocrx_word' id='word_1_534' title='bbox 1589 3963 1674 4001; x_wconf 89' lang='lat' dir='ltr'><strong>me</strong></span> <span class='ocrx_word' id='word_1_535' title='bbox 1713 3948 1959 4014; x_wconf 75' lang='lat' dir='ltr'><strong>indigno.</strong></span> <span class='ocrx_word' id='word_1_536' title='bbox 1996 3947 2171 4017; x_wconf 92' lang='lat' dir='ltr'><strong>utqui</strong></span> <span class='ocrx_word' id='word_1_537' title='bbox 2212 3963 2338 4002; x_wconf 88' lang='lat' dir='ltr'><strong>cum</strong></span> 
     </span>
    </p>
   </div>
   <div class='ocr_carea' id='block_1_76' title="bbox 774 4013 2339 4087">
    <p class='ocr_par' dir='ltr' id='par_1_76' title="bbox 774 4013 2339 4087">
     <span class='ocr_line' id='line_1_77' title="bbox 774 4013 2339 4087; baseline 0.004 -20"><span class='ocrx_word' id='word_1_538' title='bbox 774 4013 883 4067; x_wconf 81' lang='lat' dir='ltr'><strong>Deo</strong></span> <span class='ocrx_word' id='word_1_539' title='bbox 912 4017 1263 4085; x_wconf 81' lang='lat' dir='ltr'><strong>conjunctus,</strong></span> <span class='ocrx_word' id='word_1_540' title='bbox 1294 4013 1465 4072; x_wconf 11' lang='lat' dir='ltr'><strong>etiam,</strong></span> <span class='ocrx_word' id='word_1_541' title='bbox 1486 4018 1737 4071; x_wconf 78' lang='lat' dir='ltr'><strong>fiduciam</strong></span> <span class='ocrx_word' id='word_1_542' title='bbox 1769 4013 1908 4087; x_wconf 88' lang='lat' dir='ltr'><strong>apud</strong></span> <span class='ocrx_word' id='word_1_543' title='bbox 1938 4013 2339 4086; x_wconf 59' lang='lat' dir='ltr'><strong>illum&#39;pudore</strong></span> 
     </span>
    </p>
   </div>
   <div class='ocr_carea' id='block_1_77' title="bbox 772 4087 1593 4151">
    <p class='ocr_par' dir='ltr' id='par_1_77' title="bbox 772 4087 1593 4151">
     <span class='ocr_line' id='line_1_78' title="bbox 772 4087 1593 4151; baseline 0.01 -18"><span class='ocrx_word' id='word_1_544' title='bbox 772 4098 878 4136; x_wconf 86' lang='lat' dir='ltr'><strong>non</strong></span> <span class='ocrx_word' id='word_1_545' title='bbox 923 4087 1262 4143; x_wconf 69' lang='lat' dir='ltr'><strong>aﬂieivmlam</strong></span> <span class='ocrx_word' id='word_1_546' title='bbox 1294 4091 1593 4151; x_wconf 63' lang='lat' dir='ltr'><strong>inveneris.</strong></span> 
     </span>
    </p>
   </div>
   <div class='ocr_carea' id='block_1_78' title="bbox 848 4155 2339 4227">
    <p class='ocr_par' dir='ltr' id='par_1_78' title="bbox 848 4155 2339 4227">
     <span class='ocr_line' id='line_1_79' title="bbox 848 4155 2339 4227; baseline 0.005 -21"><span class='ocrx_word' id='word_1_547' title='bbox 848 4174 866 4205; x_wconf 93' lang='grc' dir='ltr'><strong>ι</strong></span> <span class='ocrx_word' id='word_1_548' title='bbox 899 4155 1010 4210; x_wconf 78' lang='lat' dir='ltr'><strong>Nec</strong></span> <span class='ocrx_word' id='word_1_549' title='bbox 1066 4160 1133 4212; x_wconf 86' lang='lat' dir='ltr'><strong>de</strong></span> <span class='ocrx_word' id='word_1_550' title='bbox 1172 4161 1300 4223; x_wconf 87' lang='lat' dir='ltr'><strong>Deo,</strong></span> <span class='ocrx_word' id='word_1_551' title='bbox 1353 4160 1660 4225; x_wconf 82' lang='lat' dir='ltr'><strong>divinisque</strong></span> <span class='ocrx_word' id='word_1_552' title='bbox 1713 4159 1878 4211; x_wconf 79' lang='lat' dir='ltr'><strong>rebus</strong></span> <span class='ocrx_word' id='word_1_553' title='bbox 1929 4157 2339 4227; x_wconf 87' lang='lat' dir='ltr'><strong>philosophanti</strong></span> 
     </span>
    </p>
   </div>
   <div class='ocr_carea' id='block_1_79' title="bbox 771 4228 2340 4298">
    <p class='ocr_par' dir='ltr' id='par_1_79' title="bbox 771 4228 2340 4298">
     <span class='ocr_line' id='line_1_80' title="bbox 771 4228 2340 4298; baseline 0.006 -22"><span class='ocrx_word' id='word_1_554' title='bbox 771 4228 1117 4293; x_wconf 62' lang='lat' dir='ltr'><strong>pastiitenlia,</strong></span> <span class='ocrx_word' id='word_1_555' title='bbox 1172 4246 1273 4284; x_wconf 85' lang='lat' dir='ltr'><strong>nec</strong></span> <span class='ocrx_word' id='word_1_556' title='bbox 1332 4230 1616 4298; x_wconf 73' lang='lat' dir='ltr'><strong>roenitenti</strong></span> <span class='ocrx_word' id='word_1_557' title='bbox 1667 4229 1733 4281; x_wconf 89' lang='lat' dir='ltr'><strong>de</strong></span> <span class='ocrx_word' id='word_1_558' title='bbox 1782 4228 1891 4282; x_wconf 90' lang='lat' dir='ltr'><strong>Deo</strong></span> <span class='ocrx_word' id='word_1_559' title='bbox 1935 4229 2241 4296; x_wconf 87' lang='lat' dir='ltr'><strong>disputare,</strong></span> <span class='ocrx_word' id='word_1_560' title='bbox 2276 4247 2340 4285; x_wconf 82' lang='lat' dir='ltr'><strong>ac</strong></span> 
     </span>
    </p>
   </div>
   <div class='ocr_carea' id='block_1_80' title="bbox 772 4297 2341 4366">
    <p class='ocr_par' dir='ltr' id='par_1_80' title="bbox 772 4297 2341 4366">
     <span class='ocr_line' id='line_1_81' title="bbox 772 4297 2341 4366; baseline 0.005 -19"><span class='ocrx_word' id='word_1_561' title='bbox 772 4297 1150 4366; x_wconf 81' lang='lat' dir='ltr'><strong>philosophari</strong></span> <span class='ocrx_word' id='word_1_562' title='bbox 1210 4297 1466 4354; x_wconf 85' lang='lat' dir='ltr'><strong>decorum</strong></span> <span class='ocrx_word' id='word_1_563' title='bbox 1504 4309 1608 4353; x_wconf 87' lang='lat' dir='ltr'><strong>est.</strong></span> <span class='ocrx_word' id='word_1_564' title='bbox 1664 4300 1943 4363; x_wconf 87' lang='lat' dir='ltr'><strong>Quantum</strong></span> <span class='ocrx_word' id='word_1_565' title='bbox 1993 4298 2139 4352; x_wconf 88' lang='lat' dir='ltr'><strong>enim</strong></span> <span class='ocrx_word' id='word_1_566' title='bbox 2171 4300 2341 4355; x_wconf 83' lang='lat' dir='ltr'><strong>distat</strong></span> 
     </span>
    </p>
   </div>
   <div class='ocr_carea' id='block_1_81' title="bbox 772 4368 2342 4438">
    <p class='ocr_par' dir='ltr' id='par_1_81' title="bbox 772 4368 2342 4438">
     <span class='ocr_line' id='line_1_82' title="bbox 772 4368 2342 4438; baseline 0.007 -22"><span class='ocrx_word' id='word_1_567' title='bbox 772 4368 955 4421; x_wconf 86' lang='lat' dir='ltr'><strong>oriens</strong></span> <span class='ocrx_word' id='word_1_568' title='bbox 980 4372 1045 4421; x_wconf 88' lang='lat' dir='ltr'><strong>ab</strong></span> <span class='ocrx_word' id='word_1_569' title='bbox 1077 4371 1379 4436; x_wconf 67' lang='lat' dir='ltr'><strong>occidente,</strong></span> <span class='ocrx_word' id='word_1_570' title='bbox 1408 4380 1562 4423; x_wconf 90' lang='lat' dir='ltr'><strong>tanto</strong></span> <span class='ocrx_word' id='word_1_571' title='bbox 1592 4370 1967 4438; x_wconf 75' lang='lat' dir='ltr'><strong>pmnitentiam</strong></span> <span class='ocrx_word' id='word_1_572' title='bbox 2006 4368 2342 4427; x_wconf 88' lang='lat' dir='ltr'><strong>sublimitate</strong></span> 
     </span>
    </p>
   </div>
   <div class='ocr_carea' id='block_1_82' title="bbox 772 4439 2343 4510">
    <p class='ocr_par' dir='ltr' id='par_1_82' title="bbox 772 4439 2343 4510">
     <span class='ocr_line' id='line_1_83' title="bbox 772 4439 2343 4510; baseline 0.005 -24"><span class='ocrx_word' id='word_1_573' title='bbox 772 4439 1041 4507; x_wconf 79' lang='lat' dir='ltr'><strong>theolOgia</strong></span> <span class='ocrx_word' id='word_1_574' title='bbox 1070 4453 1387 4510; x_wconf 83' lang='lat' dir='ltr'><strong>exsuperat.</strong></span> <span class='ocrx_word' id='word_1_575' title='bbox 1422 4442 1555 4492; x_wconf 80' lang='lat' dir='ltr'><strong>Nam</strong></span> <span class='ocrx_word' id='word_1_576' title='bbox 1594 4452 1651 4492; x_wconf 91' lang='lat' dir='ltr'><strong>ut</strong></span> <span class='ocrx_word' id='word_1_577' title='bbox 1682 4441 1844 4492; x_wconf 88' lang='lat' dir='ltr'><strong>homo</strong></span> <span class='ocrx_word' id='word_1_578' title='bbox 1876 4440 2104 4503; x_wconf 83' lang='lat' dir='ltr'><strong>morbis,</strong></span> <span class='ocrx_word' id='word_1_579' title='bbox 2138 4452 2191 4493; x_wconf 89' lang='lat' dir='ltr'><strong>et</strong></span> <span class='ocrx_word' id='word_1_580' title='bbox 2227 4442 2343 4494; x_wconf 86' lang='lat' dir='ltr'><strong>lan-</strong></span> 
     </span>
    </p>
   </div>
   <div class='ocr_carea' id='block_1_83' title="bbox 774 4510 2336 4580">
    <p class='ocr_par' dir='ltr' id='par_1_83' title="bbox 774 4510 2336 4580">
     <span class='ocr_line' id='line_1_84' title="bbox 774 4510 2336 4580; baseline 0.004 -24"><span class='ocrx_word' id='word_1_581' title='bbox 774 4523 941 4570; x_wconf 65' lang='lat' dir='ltr'><strong>guore</strong></span> <span class='ocrx_word' id='word_1_582' title='bbox 978 4510 1231 4575; x_wconf 79' lang='lat' dir='ltr'><strong>allectus,</strong></span> <span class='ocrx_word' id='word_1_583' title='bbox 1266 4522 1357 4564; x_wconf 91' lang='lat' dir='ltr'><strong>aut</strong></span> <span class='ocrx_word' id='word_1_584' title='bbox 1394 4526 1600 4580; x_wconf 88' lang='lat' dir='ltr'><strong>pauper</strong></span> <span class='ocrx_word' id='word_1_585' title='bbox 1642 4511 1839 4579; x_wconf 73' lang='lat' dir='ltr'><strong>patinis</strong></span> <span class='ocrx_word' id='word_1_586' title='bbox 1870 4511 2105 4571; x_wconf 91' lang='lat' dir='ltr'><strong>obsitus,</strong></span> <span class='ocrx_word' id='word_1_587' title='bbox 2131 4518 2185 4563; x_wconf 87' lang='lat' dir='ltr'><strong>et</strong></span> <span class='ocrx_word' id='word_1_588' title='bbox 2213 4526 2336 4564; x_wconf 87' lang='lat' dir='ltr'><strong>eum</strong></span> 
     </span>
    </p>
   </div>
   <div class='ocr_carea' id='block_1_84' title="bbox 772 4580 2342 4652">
    <p class='ocr_par' dir='ltr' id='par_1_84' title="bbox 772 4580 2342 4652">
     <span class='ocr_line' id='line_1_85' title="bbox 772 4580 2342 4652; baseline 0.005 -25"><span class='ocrx_word' id='word_1_589' title='bbox 772 4580 1016 4652; x_wconf 66' lang='lat' dir='ltr'><strong>clamore</strong></span> <span class='ocrx_word' id='word_1_590' title='bbox 1046 4583 1449 4652; x_wconf 72' lang='lat' dir='ltr'><strong>elecmosynam</strong></span> <span class='ocrx_word' id='word_1_591' title='bbox 1481 4593 1669 4648; x_wconf 87' lang='lat' dir='ltr'><strong>petens</strong></span> <span class='ocrx_word' id='word_1_592' title='bbox 1701 4598 1713 4633; x_wconf 85' lang='lat'><strong>:</strong></span> <span class='ocrx_word' id='word_1_593' title='bbox 1752 4582 1829 4633; x_wconf 86' lang='lat' dir='ltr'><strong>sic</strong></span> <span class='ocrx_word' id='word_1_594' title='bbox 1854 4582 1944 4649; x_wconf 82' lang='lat' dir='ltr'><strong>qui</strong></span> <span class='ocrx_word' id='word_1_595' title='bbox 1979 4580 2030 4632; x_wconf 91' lang='lat' dir='ltr'><strong>in</strong></span> <span class='ocrx_word' id='word_1_596' title='bbox 2073 4581 2342 4645; x_wconf 76' lang='lat' dir='ltr'><strong>pmttiten-</strong></span> 
     </span>
    </p>
   </div>
   <div class='ocr_carea' id='block_1_85' title="bbox 776 4648 2342 4719">
    <p class='ocr_par' dir='ltr' id='par_1_85' title="bbox 776 4648 2342 4719">
     <span class='ocr_line' id='line_1_86' title="bbox 776 4648 2342 4719; baseline 0.004 -23"><span class='ocrx_word' id='word_1_597' title='bbox 776 4648 849 4698; x_wconf 91' lang='lat' dir='ltr'><strong>tia</strong></span> <span class='ocrx_word' id='word_1_598' title='bbox 892 4659 1162 4713; x_wconf 73' lang='lat' dir='ltr'><strong>versatur,</strong></span> <span class='ocrx_word' id='word_1_599' title='bbox 1208 4662 1261 4706; x_wconf 89' lang='lat' dir='ltr'><strong>et</strong></span> <span class='ocrx_word' id='word_1_600' title='bbox 1292 4648 1467 4719; x_wconf 54' lang='lat' dir='ltr'><strong>&#39;oprra</strong></span> <span class='ocrx_word' id='word_1_601' title='bbox 1498 4652 1828 4718; x_wconf 74' lang='lat' dir='ltr'><strong>pcenitcntue</strong></span> <span class='ocrx_word' id='word_1_602' title='bbox 1863 4648 1985 4701; x_wconf 85' lang='lat' dir='ltr'><strong>vere</strong></span> <span class='ocrx_word' id='word_1_603' title='bbox 2014 4652 2168 4703; x_wconf 87' lang='lat' dir='ltr'><strong>obire</strong></span> <span class='ocrx_word' id='word_1_604' title='bbox 2205 4652 2342 4705; x_wconf 86' lang='lat' dir='ltr'><strong>diei-</strong></span> 
     </span>
    </p>
   </div>
   <div class='ocr_carea' id='block_1_86' title="bbox 774 4719 2340 4789">
    <p class='ocr_par' dir='ltr' id='par_1_86' title="bbox 774 4719 2340 4789">
     <span class='ocr_line' id='line_1_87' title="bbox 774 4719 2340 4789; baseline 0.004 -22"><span class='ocrx_word' id='word_1_605' title='bbox 774 4725 883 4771; x_wconf 90' lang='lat' dir='ltr'><strong>tur.</strong></span> <span class='ocrx_word' id='word_1_606' title='bbox 928 4719 997 4772; x_wconf 82' lang='lat' dir='ltr'><strong>At</strong></span> <span class='ocrx_word' id='word_1_607' title='bbox 1033 4724 1125 4787; x_wconf 91' lang='lat' dir='ltr'><strong>qui</strong></span> <span class='ocrx_word' id='word_1_608' title='bbox 1168 4723 1219 4775; x_wconf 89' lang='lat' dir='ltr'><strong>in</strong></span> <span class='ocrx_word' id='word_1_609' title='bbox 1254 4721 1580 4789; x_wconf 77' lang='lat' dir='ltr'><strong>tlicologieis</strong></span> <span class='ocrx_word' id='word_1_610' title='bbox 1611 4722 1908 4780; x_wconf 84' lang='lat' dir='ltr'><strong>volutatur,</strong></span> <span class='ocrx_word' id='word_1_611' title='bbox 1953 4735 2075 4772; x_wconf 90' lang='lat' dir='ltr'><strong>cum</strong></span> <span class='ocrx_word' id='word_1_612' title='bbox 2108 4734 2175 4773; x_wconf 87' lang='lat' dir='ltr'><strong>eo</strong></span> <span class='ocrx_word' id='word_1_613' title='bbox 2206 4736 2340 4773; x_wconf 88' lang='lat' dir='ltr'><strong>con-</strong></span> 
     </span>
    </p>
   </div>
   <div class='ocr_carea' id='block_1_87' title="bbox 775 4788 2339 4860">
    <p class='ocr_par' dir='ltr' id='par_1_87' title="bbox 775 4788 2339 4860">
     <span class='ocr_line' id='line_1_88' title="bbox 775 4788 2339 4860; baseline 0.003 -22"><span class='ocrx_word' id='word_1_614' title='bbox 775 4788 907 4860; x_wconf 76' lang='lat' dir='ltr'><strong>t&#39;erri</strong></span> <span class='ocrx_word' id='word_1_615' title='bbox 940 4800 1143 4858; x_wconf 86' lang='lat' dir='ltr'><strong>potest,</strong></span> <span class='ocrx_word' id='word_1_616' title='bbox 1184 4794 1275 4860; x_wconf 89' lang='lat' dir='ltr'><strong>qui</strong></span> <span class='ocrx_word' id='word_1_617' title='bbox 1326 4793 1378 4843; x_wconf 90' lang='lat' dir='ltr'><strong>in</strong></span> <span class='ocrx_word' id='word_1_618' title='bbox 1426 4788 1615 4859; x_wconf 75' lang='lat' dir='ltr'><strong>regum</strong></span> <span class='ocrx_word' id='word_1_619' title='bbox 1659 4791 1875 4860; x_wconf 81' lang='lat' dir='ltr'><strong>palatiis</strong></span> <span class='ocrx_word' id='word_1_620' title='bbox 1916 4790 2189 4852; x_wconf 84' lang='lat' dir='ltr'><strong>victitans,</strong></span> <span class='ocrx_word' id='word_1_621' title='bbox 2242 4806 2339 4843; x_wconf 64' lang='lat' dir='ltr'><strong>ve.</strong></span> 
     </span>
    </p>
   </div>
   <div class='ocr_carea' id='block_1_88' title="bbox 774 4858 2339 4929">
    <p class='ocr_par' dir='ltr' id='par_1_88' title="bbox 774 4858 2339 4929">
     <span class='ocr_line' id='line_1_89' title="bbox 774 4858 2339 4929; baseline 0.005 -21"><span class='ocrx_word' id='word_1_622' title='bbox 774 4858 954 4929; x_wconf 84' lang='lat' dir='ltr'><strong>stibus</strong></span> <span class='ocrx_word' id='word_1_623' title='bbox 1006 4858 1353 4916; x_wconf 83' lang='lat' dir='ltr'><strong>nitidissimis</strong></span> <span class='ocrx_word' id='word_1_624' title='bbox 1394 4876 1457 4913; x_wconf 87' lang='lat' dir='ltr'><strong>ac</strong></span> <span class='ocrx_word' id='word_1_625' title='bbox 1504 4858 1679 4929; x_wconf 76' lang='lat' dir='ltr'><strong>regiis</strong></span> <span class='ocrx_word' id='word_1_626' title='bbox 1727 4862 1974 4929; x_wconf 82' lang='lat' dir='ltr'><strong>operitur</strong></span> <span class='ocrx_word' id='word_1_627' title='bbox 2004 4901 2019 4923; x_wconf 87' lang='lat'><strong>,</strong></span> <span class='ocrx_word' id='word_1_628' title='bbox 2088 4861 2339 4929; x_wconf 76' lang='lat' dir='ltr'><strong>regisque</strong></span> 
     </span>
    </p>
   </div>
   <div class='ocr_carea' id='block_1_89' title="bbox 776 4928 2337 5000">
    <p class='ocr_par' dir='ltr' id='par_1_89' title="bbox 776 4928 2337 5000">
     <span class='ocr_line' id='line_1_90' title="bbox 776 4928 2337 5000; baseline 0.003 -21"><span class='ocrx_word' id='word_1_629' title='bbox 776 4928 1086 5000; x_wconf 78' lang='lat' dir='ltr'><strong>familiaris,</strong></span> <span class='ocrx_word' id='word_1_630' title='bbox 1122 4948 1246 4985; x_wconf 88' lang='lat' dir='ltr'><strong>cum</strong></span> <span class='ocrx_word' id='word_1_631' title='bbox 1280 4947 1343 4984; x_wconf 86' lang='lat' dir='ltr'><strong>eo</strong></span> <span class='ocrx_word' id='word_1_632' title='bbox 1385 4928 1690 5000; x_wconf 65' lang='lat' dir='ltr'><strong>saepissime</strong></span> <span class='ocrx_word' id='word_1_633' title='bbox 1735 4928 2095 4997; x_wconf 71' lang='lat' dir='ltr'><strong>colloquitur,</strong></span> <span class='ocrx_word' id='word_1_634' title='bbox 2124 4940 2175 4983; x_wconf 91' lang='lat' dir='ltr'><strong>et</strong></span> <span class='ocrx_word' id='word_1_635' title='bbox 2206 4928 2337 4999; x_wconf 89' lang='lat' dir='ltr'><strong>quid</strong></span> 
     </span>
    </p>
   </div>
   <div class='ocr_carea' id='block_1_90' title="bbox 774 4999 2335 5070">
    <p class='ocr_par' dir='ltr' id='par_1_90' title="bbox 774 4999 2335 5070">
     <span class='ocr_line' id='line_1_91' title="bbox 774 4999 2335 5070; baseline 0.002 -20"><span class='ocrx_word' id='word_1_636' title='bbox 774 4999 903 5061; x_wconf 90' lang='lat' dir='ltr'><strong>sibi,</strong></span> <span class='ocrx_word' id='word_1_637' title='bbox 923 5002 1167 5070; x_wconf 81' lang='lat' dir='ltr'><strong>aliisque</strong></span> <span class='ocrx_word' id='word_1_638' title='bbox 1200 4999 1505 5055; x_wconf 79' lang='lat' dir='ltr'><strong>faciendum</strong></span> <span class='ocrx_word' id='word_1_639' title='bbox 1534 5000 1628 5064; x_wconf 89' lang='lat' dir='ltr'><strong>sit,</strong></span> <span class='ocrx_word' id='word_1_640' title='bbox 1657 5004 1725 5054; x_wconf 87' lang='lat' dir='ltr'><strong>ab</strong></span> <span class='ocrx_word' id='word_1_641' title='bbox 1749 5016 1813 5055; x_wconf 86' lang='lat' dir='ltr'><strong>eo</strong></span> <span class='ocrx_word' id='word_1_642' title='bbox 1846 5002 1899 5055; x_wconf 92' lang='lat' dir='ltr'><strong>in</strong></span> <span class='ocrx_word' id='word_1_643' title='bbox 1938 5003 2098 5053; x_wconf 87' lang='lat' dir='ltr'><strong>horas</strong></span> <span class='ocrx_word' id='word_1_644' title='bbox 2123 5004 2335 5070; x_wconf 79' lang='lat' dir='ltr'><strong>perspi-</strong></span> 
     </span>
    </p>
   </div>
   <div class='ocr_carea' id='block_1_91' title="bbox 773 5069 1150 5125">
    <p class='ocr_par' dir='ltr' id='par_1_91' title="bbox 773 5069 1150 5125">
     <span class='ocr_line' id='line_1_92' title="bbox 773 5069 1150 5125; baseline 0.008 -4"><span class='ocrx_word' id='word_1_645' title='bbox 773 5082 875 5121; x_wconf 87' lang='lat' dir='ltr'><strong>cue</strong></span> <span class='ocrx_word' id='word_1_646' title='bbox 903 5069 1150 5125; x_wconf 87' lang='lat' dir='ltr'><strong>docetur.</strong></span> 
     </span>
    </p>
   </div>
   <div class='ocr_carea' id='block_1_92' title="bbox 855 5141 2333 5209">
    <p class='ocr_par' dir='ltr' id='par_1_92' title="bbox 855 5141 2333 5209">
     <span class='ocr_line' id='line_1_93' title="bbox 855 5141 2333 5209; baseline 0.004 -19"><span class='ocrx_word' id='word_1_647' title='bbox 855 5158 872 5190; x_wconf 91' lang='grc' dir='ltr'><strong>ι</strong></span> <span class='ocrx_word' id='word_1_648' title='bbox 912 5141 1115 5196; x_wconf 71' lang='lat' dir='ltr'><strong>Divina:</strong></span> <span class='ocrx_word' id='word_1_649' title='bbox 1151 5141 1481 5209; x_wconf 84' lang='lat' dir='ltr'><strong>cognitionis</strong></span> <span class='ocrx_word' id='word_1_650' title='bbox 1514 5143 1911 5197; x_wconf 84' lang='lat' dir='ltr'><strong>incrementum</strong></span> <span class='ocrx_word' id='word_1_651' title='bbox 1937 5142 2098 5204; x_wconf 80' lang='lat' dir='ltr'><strong>facit;</strong></span> <span class='ocrx_word' id='word_1_652' title='bbox 2134 5148 2193 5193; x_wconf 90' lang='lat' dir='ltr'><strong>ut</strong></span> <span class='ocrx_word' id='word_1_653' title='bbox 2229 5142 2333 5196; x_wconf 87' lang='lat' dir='ltr'><strong>alia</strong></span> 
     </span>
    </p>
   </div>
   <div class='ocr_carea' id='block_1_93' title="bbox 776 5212 2335 5281">
    <p class='ocr_par' dir='ltr' id='par_1_93' title="bbox 776 5212 2335 5281">
     <span class='ocr_line' id='line_1_94' title="bbox 776 5212 2335 5281; baseline 0.003 -20"><span class='ocrx_word' id='word_1_654' title='bbox 776 5212 981 5263; x_wconf 88' lang='lat' dir='ltr'><strong>omnia.</strong></span> <span class='ocrx_word' id='word_1_655' title='bbox 1019 5213 1126 5264; x_wconf 89' lang='lat' dir='ltr'><strong>imo</strong></span> <span class='ocrx_word' id='word_1_656' title='bbox 1157 5213 1320 5264; x_wconf 87' lang='lat' dir='ltr'><strong>etiam</strong></span> <span class='ocrx_word' id='word_1_657' title='bbox 1358 5214 1531 5277; x_wconf 84' lang='lat' dir='ltr'><strong>ipsum</strong></span> <span class='ocrx_word' id='word_1_658' title='bbox 1572 5214 1738 5265; x_wconf 88' lang='lat' dir='ltr'><strong>Deum</strong></span> <span class='ocrx_word' id='word_1_659' title='bbox 1771 5230 1877 5266; x_wconf 91' lang='lat' dir='ltr'><strong>non</strong></span> <span class='ocrx_word' id='word_1_660' title='bbox 1915 5227 2335 5281; x_wconf 85' lang='lat' dir='ltr'><strong>cognoscamus,</strong></span> 
     </span>
    </p>
   </div>
   <div class='ocr_carea' id='block_1_94' title="bbox 776 5282 2333 5351">
    <p class='ocr_par' dir='ltr' id='par_1_94' title="bbox 776 5282 2333 5351">
     <span class='ocr_line' id='line_1_95' title="bbox 776 5282 2333 5351; baseline 0.001 -20"><span class='ocrx_word' id='word_1_661' title='bbox 776 5288 831 5331; x_wconf 88' lang='lat' dir='ltr'><strong>et</strong></span> <span class='ocrx_word' id='word_1_662' title='bbox 860 5283 1171 5349; x_wconf 75' lang='lat' dir='ltr'><strong>magnitudo</strong></span> <span class='ocrx_word' id='word_1_663' title='bbox 1200 5282 1622 5337; x_wconf 85' lang='lat' dir='ltr'><strong>illuminationis</strong></span> <span class='ocrx_word' id='word_1_664' title='bbox 1661 5284 1801 5349; x_wconf 86' lang='lat' dir='ltr'><strong>ejus,</strong></span> <span class='ocrx_word' id='word_1_665' title='bbox 1830 5294 1911 5336; x_wconf 83' lang='lat' dir='ltr'><strong>est</strong></span> <span class='ocrx_word' id='word_1_666' title='bbox 1954 5284 2191 5351; x_wconf 82' lang='lat' dir='ltr'><strong>perfecta</strong></span> <span class='ocrx_word' id='word_1_667' title='bbox 2225 5296 2333 5335; x_wconf 59' lang='lat' dir='ltr'><strong>cai-</strong></span> 
     </span>
    </p>
   </div>
   <div class='ocr_carea' id='block_1_95' title="bbox 777 5351 2333 5422">
    <p class='ocr_par' dir='ltr' id='par_1_95' title="bbox 777 5351 2333 5422">
     <span class='ocr_line' id='line_1_96' title="bbox 777 5351 2333 5422; baseline -0.001 -20"><span class='ocrx_word' id='word_1_668' title='bbox 777 5351 937 5413; x_wconf 73' lang='lat' dir='ltr'><strong>ritas,</strong></span> <span class='ocrx_word' id='word_1_669' title='bbox 987 5367 1260 5421; x_wconf 90' lang='lat' dir='ltr'><strong>supraque</strong></span> <span class='ocrx_word' id='word_1_670' title='bbox 1304 5368 1525 5405; x_wconf 81' lang='lat' dir='ltr'><strong>sensum</strong></span> <span class='ocrx_word' id='word_1_671' title='bbox 1573 5368 1771 5406; x_wconf 90' lang='lat' dir='ltr'><strong>sensus</strong></span> <span class='ocrx_word' id='word_1_672' title='bbox 1808 5355 1959 5422; x_wconf 88' lang='lat' dir='ltr'><strong>longe</strong></span> <span class='ocrx_word' id='word_1_673' title='bbox 1998 5352 2333 5419; x_wconf 78' lang='lat' dir='ltr'><strong>perfectissi-</strong></span> 
     </span>
    </p>
   </div>
   <div class='ocr_carea' id='block_1_96' title="bbox 779 5422 2335 5490">
    <p class='ocr_par' dir='ltr' id='par_1_96' title="bbox 779 5422 2335 5490">
     <span class='ocr_line' id='line_1_97' title="bbox 779 5422 2335 5490; baseline 0.001 -19"><span class='ocrx_word' id='word_1_674' title='bbox 779 5436 921 5477; x_wconf 86' lang='lat' dir='ltr'><strong>mus.</strong></span> <span class='ocrx_word' id='word_1_675' title='bbox 955 5432 1005 5474; x_wconf 90' lang='lat' dir='ltr'><strong>et</strong></span> <span class='ocrx_word' id='word_1_676' title='bbox 1029 5424 1274 5474; x_wconf 87' lang='lat' dir='ltr'><strong>omnium</strong></span> <span class='ocrx_word' id='word_1_677' title='bbox 1309 5437 1429 5490; x_wconf 68' lang='lat' dir='ltr'><strong>qum</strong></span> <span class='ocrx_word' id='word_1_678' title='bbox 1461 5431 1613 5474; x_wconf 69' lang='lat' dir='ltr'><strong>extra</strong></span> <span class='ocrx_word' id='word_1_679' title='bbox 1648 5425 1788 5475; x_wconf 91' lang='lat' dir='ltr'><strong>hunc</strong></span> <span class='ocrx_word' id='word_1_680' title='bbox 1830 5439 2047 5476; x_wconf 84' lang='lat' dir='ltr'><strong>sensum</strong></span> <span class='ocrx_word' id='word_1_681' title='bbox 2074 5432 2222 5481; x_wconf 82' lang='lat' dir='ltr'><strong>sunt,</strong></span> <span class='ocrx_word' id='word_1_682' title='bbox 2256 5422 2335 5473; x_wconf 87' lang='lat' dir='ltr'><strong>in-</strong></span> 
     </span>
    </p>
   </div>
   <div class='ocr_carea' id='block_1_97' title="bbox 778 5491 2334 5561">
    <p class='ocr_par' dir='ltr' id='par_1_97' title="bbox 778 5491 2334 5561">
     <span class='ocr_line' id='line_1_98' title="bbox 778 5491 2334 5561; baseline 0.001 -19"><span class='ocrx_word' id='word_1_683' title='bbox 778 5491 1134 5561; x_wconf 81' lang='lat' dir='ltr'><strong>sensibililas.</strong></span> <span class='ocrx_word' id='word_1_684' title='bbox 1184 5491 1311 5556; x_wconf 74' lang='lat' dir='ltr'><strong>Qua:</strong></span> <span class='ocrx_word' id='word_1_685' title='bbox 1364 5494 1506 5545; x_wconf 85' lang='lat' dir='ltr'><strong>enim</strong></span> <span class='ocrx_word' id='word_1_686' title='bbox 1571 5494 1774 5560; x_wconf 76' lang='lat' dir='ltr'><strong>qualia,</strong></span> <span class='ocrx_word' id='word_1_687' title='bbox 1806 5504 1857 5547; x_wconf 83' lang='lat' dir='ltr'><strong>et</strong></span> <span class='ocrx_word' id='word_1_688' title='bbox 1918 5493 2241 5561; x_wconf 78' lang='lat' dir='ltr'><strong>cujusmodi.</strong></span> <span class='ocrx_word' id='word_1_689' title='bbox 2281 5502 2334 5544; x_wconf 80' lang='lat' dir='ltr'><strong>et</strong></span> 
     </span>
    </p>
   </div>
   <div class='ocr_carea' id='block_1_98' title="bbox 777 5560 2330 5630">
    <p class='ocr_par' dir='ltr' id='par_1_98' title="bbox 777 5560 2330 5630">
     <span class='ocr_line' id='line_1_99' title="bbox 777 5560 2330 5630; baseline 0.003 -22"><span class='ocrx_word' id='word_1_690' title='bbox 777 5560 893 5623; x_wconf 88' lang='lat' dir='ltr'><strong>ubi,</strong></span> <span class='ocrx_word' id='word_1_691' title='bbox 929 5572 983 5613; x_wconf 88' lang='lat' dir='ltr'><strong>ct</strong></span> <span class='ocrx_word' id='word_1_692' title='bbox 1024 5578 1165 5629; x_wconf 76' lang='lat' dir='ltr'><strong>quze,</strong></span> <span class='ocrx_word' id='word_1_693' title='bbox 1201 5570 1253 5615; x_wconf 86' lang='lat' dir='ltr'><strong>et</strong></span> <span class='ocrx_word' id='word_1_694' title='bbox 1296 5562 1569 5629; x_wconf 87' lang='lat' dir='ltr'><strong>quomodo</strong></span> <span class='ocrx_word' id='word_1_695' title='bbox 1606 5566 1656 5615; x_wconf 92' lang='lat' dir='ltr'><strong>in</strong></span> <span class='ocrx_word' id='word_1_696' title='bbox 1694 5565 1891 5630; x_wconf 89' lang='lat' dir='ltr'><strong>quibus</strong></span> <span class='ocrx_word' id='word_1_697' title='bbox 1940 5560 2045 5616; x_wconf 81' lang='lat' dir='ltr'><strong>sint</strong></span> <span class='ocrx_word' id='word_1_698' title='bbox 2094 5562 2330 5629; x_wconf 89' lang='lat' dir='ltr'><strong>ignorat,</strong></span> 
     </span>
    </p>
   </div>
   <div class='ocr_carea' id='block_1_99' title="bbox 778 5633 2327 5699">
    <p class='ocr_par' dir='ltr' id='par_1_99' title="bbox 778 5633 2327 5699">
     <span class='ocr_line' id='line_1_100' title="bbox 778 5633 2327 5699; baseline 0.001 -18"><span class='ocrx_word' id='word_1_699' title='bbox 778 5638 829 5681; x_wconf 80' lang='lat' dir='ltr'><strong>et</strong></span> <span class='ocrx_word' id='word_1_700' title='bbox 869 5633 979 5684; x_wconf 61' lang='lat' dir='ltr'><strong>hate</strong></span> <span class='ocrx_word' id='word_1_701' title='bbox 1017 5648 1359 5699; x_wconf 77' lang='lat' dir='ltr'><strong>pernoscere,</strong></span> <span class='ocrx_word' id='word_1_702' title='bbox 1390 5642 1481 5683; x_wconf 39' lang='lat' dir='ltr'><strong>aut.</strong></span> <span class='ocrx_word' id='word_1_703' title='bbox 1527 5635 1826 5699; x_wconf 65' lang='lat' dir='ltr'><strong>intelligere</strong></span> <span class='ocrx_word' id='word_1_704' title='bbox 1867 5635 2179 5698; x_wconf 82' lang='lat' dir='ltr'><strong>neutiquam</strong></span> <span class='ocrx_word' id='word_1_705' title='bbox 2233 5646 2327 5699; x_wconf 85' lang='lat' dir='ltr'><strong>po-</strong></span> 
     </span>
    </p>
   </div>
   <div class='ocr_carea' id='block_1_100' title="bbox 777 5702 2330 5771">
    <p class='ocr_par' dir='ltr' id='par_1_100' title="bbox 777 5702 2330 5771">
     <span class='ocr_line' id='line_1_101' title="bbox 777 5702 2330 5771; baseline 0 -20"><span class='ocrx_word' id='word_1_706' title='bbox 777 5707 906 5763; x_wconf 84' lang='lat' dir='ltr'><strong>test,</strong></span> <span class='ocrx_word' id='word_1_707' title='bbox 939 5702 1211 5769; x_wconf 87' lang='lat' dir='ltr'><strong>quomodo</strong></span> <span class='ocrx_word' id='word_1_708' title='bbox 1240 5704 1451 5762; x_wconf 78' lang='lat' dir='ltr'><strong>limitis,</strong></span> <span class='ocrx_word' id='word_1_709' title='bbox 1477 5712 1529 5753; x_wconf 85' lang='lat' dir='ltr'><strong>et</strong></span> <span class='ocrx_word' id='word_1_710' title='bbox 1575 5720 1680 5756; x_wconf 90' lang='lat' dir='ltr'><strong>non</strong></span> <span class='ocrx_word' id='word_1_711' title='bbox 1713 5705 1882 5769; x_wconf 84' lang='lat' dir='ltr'><strong>magis</strong></span> <span class='ocrx_word' id='word_1_712' title='bbox 1914 5704 2000 5754; x_wconf 81' lang='lat' dir='ltr'><strong>illa</strong></span> <span class='ocrx_word' id='word_1_713' title='bbox 2036 5718 2197 5771; x_wconf 84' lang='lat' dir='ltr'><strong>supra</strong></span> <span class='ocrx_word' id='word_1_714' title='bbox 2231 5718 2330 5753; x_wconf 78' lang='lat' dir='ltr'><strong>uo-</strong></span> 
     </span>
    </p>
   </div>
   <div class='ocr_carea' id='block_1_101' title="bbox 782 5771 2331 5842">
    <p class='ocr_par' dir='ltr' id='par_1_101' title="bbox 782 5771 2331 5842">
     <span class='ocr_line' id='line_1_102' title="bbox 782 5771 2331 5842; baseline 0.002 -20"><span class='ocrx_word' id='word_1_715' title='bbox 782 5771 1181 5825; x_wconf 82' lang='lat' dir='ltr'><strong>titiatueruut?</strong></span> <span class='ocrx_word' id='word_1_716' title='bbox 1218 5785 1269 5825; x_wconf 86' lang='lat' dir='ltr'><strong>et</strong></span> <span class='ocrx_word' id='word_1_717' title='bbox 1318 5786 1468 5823; x_wconf 73' lang='lat' dir='ltr'><strong>meus</strong></span> <span class='ocrx_word' id='word_1_718' title='bbox 1521 5774 1572 5825; x_wconf 89' lang='lat' dir='ltr'><strong>iu</strong></span> <span class='ocrx_word' id='word_1_719' title='bbox 1639 5776 1947 5842; x_wconf 69' lang='lat' dir='ltr'><strong>cognitione</strong></span> <span class='ocrx_word' id='word_1_720' title='bbox 2000 5771 2331 5842; x_wconf 77' lang='lat' dir='ltr'><strong>inﬁrmitatis</strong></span> 
     </span>
    </p>
   </div>
   <div class='ocr_carea' id='block_1_102' title="bbox 782 5841 2331 5913">
    <p class='ocr_par' dir='ltr' id='par_1_102' title="bbox 782 5841 2331 5913">
     <span class='ocr_line' id='line_1_103' title="bbox 782 5841 2331 5913; baseline 0.003 -20"><span class='ocrx_word' id='word_1_721' title='bbox 782 5855 917 5905; x_wconf 65' lang='lat' dir='ltr'><strong>sum,</strong></span> <span class='ocrx_word' id='word_1_722' title='bbox 955 5843 1089 5897; x_wconf 86' lang='lat' dir='ltr'><strong>nihil</strong></span> <span class='ocrx_word' id='word_1_723' title='bbox 1159 5843 1481 5912; x_wconf 80' lang='lat' dir='ltr'><strong>intelligens,</strong></span> <span class='ocrx_word' id='word_1_724' title='bbox 1524 5858 1573 5893; x_wconf 87' lang='grc' dir='ltr'><strong>ιιι</strong></span> <span class='ocrx_word' id='word_1_725' title='bbox 1616 5841 1862 5913; x_wconf 55' lang='lat' dir='ltr'><strong>bisque:</strong></span> <span class='ocrx_word' id='word_1_726' title='bbox 1903 5856 2063 5913; x_wconf 81' lang='lat' dir='ltr'><strong>supra</strong></span> <span class='ocrx_word' id='word_1_727' title='bbox 2120 5841 2331 5897; x_wconf 77' lang='lat' dir='ltr'><strong>intelle-</strong></span> 
     </span>
    </p>
   </div>
   <div class='ocr_carea' id='block_1_103' title="bbox 2373 4551 2421 4606">
    <p class='ocr_par' dir='ltr' id='par_1_103' title="bbox 2373 4551 2421 4606">
     <span class='ocr_line' id='line_1_104' title="bbox 2373 4551 2421 4606; baseline 0 0"><span class='ocrx_word' id='word_1_728' title='bbox 2373 4551 2421 4606; x_wconf 83' lang='grc' dir='ltr'>ι)</span> 
     </span>
    </p>
   </div>
   <div class='ocr_carea' id='block_1_104' title="bbox 2529 3250 4021 3316">
    <p class='ocr_par' dir='ltr' id='par_1_104' title="bbox 2529 3250 4021 3316">
     <span class='ocr_line' id='line_1_105' title="bbox 2529 3250 4021 3316; baseline -0.003 -14"><span class='ocrx_word' id='word_1_729' title='bbox 2529 3268 2547 3300; x_wconf 91' lang='grc' dir='ltr'><strong>ι</strong></span> <span class='ocrx_word' id='word_1_730' title='bbox 2584 3250 2687 3316; x_wconf 81' lang='lat' dir='ltr'><strong>Qui</strong></span> <span class='ocrx_word' id='word_1_731' title='bbox 2747 3250 2948 3305; x_wconf 87' lang='lat' dir='ltr'><strong>surdus</strong></span> <span class='ocrx_word' id='word_1_732' title='bbox 2997 3260 3080 3313; x_wconf 87' lang='lat' dir='ltr'><strong>est</strong></span> <span class='ocrx_word' id='word_1_733' title='bbox 3110 3252 3174 3304; x_wconf 85' lang='lat' dir='ltr'><strong>ad</strong></span> <span class='ocrx_word' id='word_1_734' title='bbox 3204 3265 3537 3308; x_wconf 79' lang='lat' dir='ltr'><strong>sermonem.</strong></span> <span class='ocrx_word' id='word_1_735' title='bbox 3567 3250 3633 3303; x_wconf 88' lang='lat' dir='ltr'><strong>ad</strong></span> <span class='ocrx_word' id='word_1_736' title='bbox 3686 3263 3908 3302; x_wconf 85' lang='lat' dir='ltr'><strong>omnem</strong></span> <span class='ocrx_word' id='word_1_737' title='bbox 3938 3263 4021 3298; x_wconf 84' lang='lat' dir='ltr'><strong>vo-</strong></span> 
     </span>
    </p>
   </div>
   <div class='ocr_carea' id='block_1_105' title="bbox 2452 3319 4019 3389">
    <p class='ocr_par' dir='ltr' id='par_1_105' title="bbox 2452 3319 4019 3389">
     <span class='ocr_line' id='line_1_106' title="bbox 2452 3319 4019 3389; baseline -0.001 -19"><span class='ocrx_word' id='word_1_738' title='bbox 2452 3334 2570 3373; x_wconf 81' lang='lat' dir='ltr'><strong>rem</strong></span> <span class='ocrx_word' id='word_1_739' title='bbox 2608 3320 2805 3374; x_wconf 86' lang='lat' dir='ltr'><strong>surdus</strong></span> <span class='ocrx_word' id='word_1_740' title='bbox 2830 3333 2915 3375; x_wconf 87' lang='lat' dir='ltr'><strong>est</strong></span> <span class='ocrx_word' id='word_1_741' title='bbox 2942 3339 2959 3378; x_wconf 90' lang='lat'><strong>:</strong></span> <span class='ocrx_word' id='word_1_742' title='bbox 3003 3325 3083 3376; x_wconf 91' lang='lat' dir='ltr'><strong>sic</strong></span> <span class='ocrx_word' id='word_1_743' title='bbox 3109 3330 3163 3375; x_wconf 88' lang='lat' dir='ltr'><strong>et</strong></span> <span class='ocrx_word' id='word_1_744' title='bbox 3193 3322 3286 3389; x_wconf 87' lang='lat' dir='ltr'><strong>qui</strong></span> <span class='ocrx_word' id='word_1_745' title='bbox 3313 3321 3463 3373; x_wconf 86' lang='lat' dir='ltr'><strong>audit</strong></span> <span class='ocrx_word' id='word_1_746' title='bbox 3494 3334 3823 3377; x_wconf 83' lang='lat' dir='ltr'><strong>sermonem,</strong></span> <span class='ocrx_word' id='word_1_747' title='bbox 3842 3319 4019 3389; x_wconf 13' lang='lat' dir='ltr'><strong>gaudii.</strong></span> 
     </span>
    </p>
   </div>
   <div class='ocr_carea' id='block_1_106' title="bbox 2452 3388 4015 3447">
    <p class='ocr_par' dir='ltr' id='par_1_106' title="bbox 2452 3388 4015 3447">
     <span class='ocr_line' id='line_1_107' title="bbox 2452 3388 4015 3447; baseline -0.001 -7"><span class='ocrx_word' id='word_1_748' title='bbox 2452 3391 2658 3444; x_wconf 82' lang='lat' dir='ltr'><strong>omnia.</strong></span> <span class='ocrx_word' id='word_1_749' title='bbox 2710 3391 2806 3442; x_wconf 91' lang='lat' dir='ltr'><strong>llic</strong></span> <span class='ocrx_word' id='word_1_750' title='bbox 2848 3395 3051 3447; x_wconf 86' lang='lat' dir='ltr'><strong>surdus</strong></span> <span class='ocrx_word' id='word_1_751' title='bbox 3083 3403 3165 3446; x_wconf 88' lang='lat' dir='ltr'><strong>est</strong></span> <span class='ocrx_word' id='word_1_752' title='bbox 3213 3388 3277 3443; x_wconf 81' lang='lat' dir='ltr'><strong>ad</strong></span> <span class='ocrx_word' id='word_1_753' title='bbox 3307 3405 3524 3445; x_wconf 83' lang='lat' dir='ltr'><strong>omnem</strong></span> <span class='ocrx_word' id='word_1_754' title='bbox 3565 3403 3777 3441; x_wconf 81' lang='lat' dir='ltr'><strong>vocem.</strong></span> <span class='ocrx_word' id='word_1_755' title='bbox 3825 3388 4015 3442; x_wconf 87' lang='lat' dir='ltr'><strong>Omnia</strong></span> 
     </span>
    </p>
   </div>
   <div class='ocr_carea' id='block_1_107' title="bbox 2453 3456 4015 3528">
    <p class='ocr_par' dir='ltr' id='par_1_107' title="bbox 2453 3456 4015 3528">
     <span class='ocr_line' id='line_1_108' title="bbox 2453 3456 4015 3528; baseline -0.001 -19"><span class='ocrx_word' id='word_1_756' title='bbox 2453 3462 2624 3518; x_wconf 79' lang='lat' dir='ltr'><strong>audit.</strong></span> <span class='ocrx_word' id='word_1_757' title='bbox 2655 3470 2707 3513; x_wconf 82' lang='lat' dir='ltr'><strong>et</strong></span> <span class='ocrx_word' id='word_1_758' title='bbox 2744 3462 2875 3514; x_wconf 91' lang='lat' dir='ltr'><strong>nihil</strong></span> <span class='ocrx_word' id='word_1_759' title='bbox 2906 3464 3079 3523; x_wconf 87' lang='lat' dir='ltr'><strong>audit,</strong></span> <span class='ocrx_word' id='word_1_760' title='bbox 3125 3462 3231 3515; x_wconf 88' lang='lat' dir='ltr'><strong>nisi</strong></span> <span class='ocrx_word' id='word_1_761' title='bbox 3256 3462 3349 3528; x_wconf 91' lang='lat' dir='ltr'><strong>qui</strong></span> <span class='ocrx_word' id='word_1_762' title='bbox 3386 3461 3437 3512; x_wconf 91' lang='lat' dir='ltr'><strong>in</strong></span> <span class='ocrx_word' id='word_1_763' title='bbox 3489 3460 3606 3528; x_wconf 85' lang='lat' dir='ltr'><strong>solo</strong></span> <span class='ocrx_word' id='word_1_764' title='bbox 3632 3456 3814 3509; x_wconf 78' lang='lat' dir='ltr'><strong>Verbo</strong></span> <span class='ocrx_word' id='word_1_765' title='bbox 3863 3458 4015 3510; x_wconf 83' lang='lat' dir='ltr'><strong>verba</strong></span> 
     </span>
    </p>
   </div>
   <div class='ocr_carea' id='block_1_108' title="bbox 2454 3527 4015 3601">
    <p class='ocr_par' dir='ltr' id='par_1_108' title="bbox 2454 3527 4015 3601">
     <span class='ocr_line' id='line_1_109' title="bbox 2454 3527 4015 3601; baseline -0.003 -20"><span class='ocrx_word' id='word_1_766' title='bbox 2454 3528 2660 3582; x_wconf 58' lang='lat' dir='ltr'><strong>faciunt</strong></span> <span class='ocrx_word' id='word_1_767' title='bbox 2698 3548 2712 3581; x_wconf 91' lang='lat'>:</span> <span class='ocrx_word' id='word_1_768' title='bbox 2748 3545 2812 3583; x_wconf 87' lang='lat' dir='ltr'><strong>ac</strong></span> <span class='ocrx_word' id='word_1_769' title='bbox 2846 3546 2914 3583; x_wconf 90' lang='lat' dir='ltr'><strong>ne</strong></span> <span class='ocrx_word' id='word_1_770' title='bbox 2958 3533 3107 3599; x_wconf 87' lang='lat' dir='ltr'><strong>ipsos</strong></span> <span class='ocrx_word' id='word_1_771' title='bbox 3143 3527 3387 3601; x_wconf 73' lang='lat' dir='ltr'><strong>quidem,</strong></span> <span class='ocrx_word' id='word_1_772' title='bbox 3424 3530 3520 3583; x_wconf 81' lang='lat' dir='ltr'><strong>sed</strong></span> <span class='ocrx_word' id='word_1_773' title='bbox 3558 3527 3799 3581; x_wconf 82' lang='lat' dir='ltr'><strong>Verbum</strong></span> <span class='ocrx_word' id='word_1_774' title='bbox 3826 3529 4015 3589; x_wconf 76' lang='lat' dir='ltr'><strong>solum,</strong></span> 
     </span>
    </p>
   </div>
   <div class='ocr_carea' id='block_1_109' title="bbox 2451 3601 3410 3668">
    <p class='ocr_par' dir='ltr' id='par_1_109' title="bbox 2451 3601 3410 3668">
     <span class='ocr_line' id='line_1_110' title="bbox 2451 3601 3410 3668; baseline 0.001 -16"><span class='ocrx_word' id='word_1_775' title='bbox 2451 3601 2598 3668; x_wconf 87' lang='lat' dir='ltr'><strong>quod</strong></span> <span class='ocrx_word' id='word_1_776' title='bbox 2635 3602 2690 3652; x_wconf 85' lang='lat' dir='ltr'><strong>in</strong></span> <span class='ocrx_word' id='word_1_777' title='bbox 2736 3616 2869 3653; x_wconf 88' lang='lat' dir='ltr'><strong>voce</strong></span> <span class='ocrx_word' id='word_1_778' title='bbox 2902 3603 3023 3655; x_wconf 88' lang='lat' dir='ltr'><strong>sine</strong></span> <span class='ocrx_word' id='word_1_779' title='bbox 3057 3618 3189 3655; x_wconf 82' lang='lat' dir='ltr'><strong>voce</strong></span> <span class='ocrx_word' id='word_1_780' title='bbox 3227 3610 3410 3655; x_wconf 87' lang='lat' dir='ltr'><strong>sonat.</strong></span> 
     </span>
    </p>
   </div>
   <div class='ocr_carea' id='block_1_110' title="bbox 2529 3668 4015 3734">
    <p class='ocr_par' dir='ltr' id='par_1_110' title="bbox 2529 3668 4015 3734">
     <span class='ocr_line' id='line_1_111' title="bbox 2529 3668 4015 3734; baseline -0.001 -15"><span class='ocrx_word' id='word_1_781' title='bbox 2529 3685 2548 3719; x_wconf 90' lang='grc' dir='ltr'><strong>ι</strong></span> <span class='ocrx_word' id='word_1_782' title='bbox 2589 3670 2690 3734; x_wconf 86' lang='lat' dir='ltr'><strong>Qui</strong></span> <span class='ocrx_word' id='word_1_783' title='bbox 2727 3672 2808 3723; x_wconf 89' lang='lat' dir='ltr'><strong>sic</strong></span> <span class='ocrx_word' id='word_1_784' title='bbox 2838 3673 3011 3730; x_wconf 80' lang='lat' dir='ltr'><strong>autlit,</strong></span> <span class='ocrx_word' id='word_1_785' title='bbox 3041 3672 3205 3729; x_wconf 85' lang='lat' dir='ltr'><strong>videt.</strong></span> <span class='ocrx_word' id='word_1_786' title='bbox 3237 3672 3424 3730; x_wconf 87' lang='lat' dir='ltr'><strong>sentit,</strong></span> <span class='ocrx_word' id='word_1_787' title='bbox 3449 3684 3571 3723; x_wconf 87' lang='lat' dir='ltr'><strong>eum</strong></span> <span class='ocrx_word' id='word_1_788' title='bbox 3600 3684 3707 3720; x_wconf 88' lang='lat' dir='ltr'><strong>non</strong></span> <span class='ocrx_word' id='word_1_789' title='bbox 3734 3668 3867 3720; x_wconf 79' lang='lat' dir='ltr'><strong>latet</strong></span> <span class='ocrx_word' id='word_1_790' title='bbox 3896 3668 4015 3725; x_wconf 80' lang='lat' dir='ltr'><strong>quid</strong></span> 
     </span>
    </p>
   </div>
   <div class='ocr_carea' id='block_1_111' title="bbox 2451 3740 4019 3804">
    <p class='ocr_par' dir='ltr' id='par_1_111' title="bbox 2451 3740 4019 3804">
     <span class='ocr_line' id='line_1_112' title="bbox 2451 3740 4019 3804; baseline -0.001 -13"><span class='ocrx_word' id='word_1_791' title='bbox 2451 3740 2702 3792; x_wconf 62' lang='lat' dir='ltr'><strong>vt-Iimus.</strong></span> <span class='ocrx_word' id='word_1_792' title='bbox 2732 3740 2833 3804; x_wconf 85' lang='lat' dir='ltr'><strong>Qui</strong></span> <span class='ocrx_word' id='word_1_793' title='bbox 2868 3741 2919 3795; x_wconf 92' lang='lat' dir='ltr'><strong>id</strong></span> <span class='ocrx_word' id='word_1_794' title='bbox 2964 3757 3067 3794; x_wconf 91' lang='lat' dir='ltr'><strong>non</strong></span> <span class='ocrx_word' id='word_1_795' title='bbox 3096 3744 3265 3804; x_wconf 85' lang='lat' dir='ltr'><strong>novit,</strong></span> <span class='ocrx_word' id='word_1_796' title='bbox 3298 3742 3444 3796; x_wconf 89' lang='lat' dir='ltr'><strong>hunc</strong></span> <span class='ocrx_word' id='word_1_797' title='bbox 3475 3752 3685 3792; x_wconf 83' lang='lat' dir='ltr'><strong>certum</strong></span> <span class='ocrx_word' id='word_1_798' title='bbox 3709 3750 3796 3791; x_wconf 89' lang='lat' dir='ltr'><strong>est</strong></span> <span class='ocrx_word' id='word_1_799' title='bbox 3827 3740 4019 3790; x_wconf 68' lang='lat' dir='ltr'><strong>animm</strong></span> 
     </span>
    </p>
   </div>
   <div class='ocr_carea' id='block_1_112' title="bbox 2451 3807 4017 3865">
    <p class='ocr_par' dir='ltr' id='par_1_112' title="bbox 2451 3807 4017 3865">
     <span class='ocr_line' id='line_1_113' title="bbox 2451 3807 4017 3865; baseline -0.003 -2"><span class='ocrx_word' id='word_1_800' title='bbox 2451 3825 2651 3863; x_wconf 85' lang='lat' dir='ltr'><strong>sensus</strong></span> <span class='ocrx_word' id='word_1_801' title='bbox 2717 3811 3061 3865; x_wconf 86' lang='lat' dir='ltr'><strong>illuminatos</strong></span> <span class='ocrx_word' id='word_1_802' title='bbox 3102 3821 3153 3865; x_wconf 91' lang='lat' dir='ltr'><strong>et</strong></span> <span class='ocrx_word' id='word_1_803' title='bbox 3199 3826 3362 3865; x_wconf 88' lang='lat' dir='ltr'><strong>sanos</strong></span> <span class='ocrx_word' id='word_1_804' title='bbox 3408 3826 3514 3863; x_wconf 92' lang='lat' dir='ltr'><strong>non</strong></span> <span class='ocrx_word' id='word_1_805' title='bbox 3544 3809 3768 3861; x_wconf 84' lang='lat' dir='ltr'><strong>habere.</strong></span> <span class='ocrx_word' id='word_1_806' title='bbox 3800 3807 3937 3861; x_wconf 89' lang='lat' dir='ltr'><strong>Dum</strong></span> <span class='ocrx_word' id='word_1_807' title='bbox 3968 3808 4017 3859; x_wconf 91' lang='lat' dir='ltr'><strong>in</strong></span> 
     </span>
    </p>
   </div>
   <div class='ocr_carea' id='block_1_113' title="bbox 2450 3877 4018 3945">
    <p class='ocr_par' dir='ltr' id='par_1_113' title="bbox 2450 3877 4018 3945">
     <span class='ocr_line' id='line_1_114' title="bbox 2450 3877 4018 3945; baseline -0.002 -12"><span class='ocrx_word' id='word_1_808' title='bbox 2450 3895 2516 3933; x_wconf 91' lang='lat' dir='ltr'><strong>eo</strong></span> <span class='ocrx_word' id='word_1_809' title='bbox 2555 3890 2700 3933; x_wconf 89' lang='lat' dir='ltr'><strong>statu</strong></span> <span class='ocrx_word' id='word_1_810' title='bbox 2744 3887 2849 3942; x_wconf 87' lang='lat' dir='ltr'><strong>est,</strong></span> <span class='ocrx_word' id='word_1_811' title='bbox 2883 3883 3123 3934; x_wconf 86' lang='lat' dir='ltr'><strong>nondum</strong></span> <span class='ocrx_word' id='word_1_812' title='bbox 3160 3882 3439 3944; x_wconf 74' lang='lat' dir='ltr'><strong>cognovit.</strong></span> <span class='ocrx_word' id='word_1_813' title='bbox 3471 3896 3530 3935; x_wconf 86' lang='lat' dir='ltr'><strong>se</strong></span> <span class='ocrx_word' id='word_1_814' title='bbox 3560 3877 3851 3931; x_wconf 86' lang='lat' dir='ltr'><strong>conditum</strong></span> <span class='ocrx_word' id='word_1_815' title='bbox 3898 3892 4018 3945; x_wconf 83' lang='lat' dir='ltr'><strong>spe-</strong></span> 
     </span>
    </p>
   </div>
   <div class='ocr_carea' id='block_1_114' title="bbox 2450 3950 4022 4019">
    <p class='ocr_par' dir='ltr' id='par_1_114' title="bbox 2450 3950 4022 4019">
     <span class='ocr_line' id='line_1_115' title="bbox 2450 3950 4022 4019; baseline -0.004 -16"><span class='ocrx_word' id='word_1_816' title='bbox 2450 3958 2719 4003; x_wconf 87' lang='lat' dir='ltr'><strong>ctatorem</strong></span> <span class='ocrx_word' id='word_1_817' title='bbox 2784 3960 3053 4006; x_wconf 66' lang='lat' dir='ltr'><strong>creatum</strong></span> <span class='ocrx_word' id='word_1_818' title='bbox 3091 3952 3347 4013; x_wconf 79' lang='lat' dir='ltr'><strong>visibilis,</strong></span> <span class='ocrx_word' id='word_1_819' title='bbox 3380 3961 3434 4004; x_wconf 88' lang='lat' dir='ltr'><strong>et</strong></span> <span class='ocrx_word' id='word_1_820' title='bbox 3473 3956 3687 4019; x_wconf 75' lang='lat' dir='ltr'><strong>mysten</strong></span> <span class='ocrx_word' id='word_1_821' title='bbox 3750 3956 3916 4016; x_wconf 86' lang='lat' dir='ltr'><strong>atque</strong></span> <span class='ocrx_word' id='word_1_822' title='bbox 3951 3950 4022 4000; x_wconf 83' lang='lat' dir='ltr'><strong>in-</strong></span> 
     </span>
    </p>
   </div>
   <div class='ocr_carea' id='block_1_115' title="bbox 2452 4018 4014 4097">
    <p class='ocr_par' dir='ltr' id='par_1_115' title="bbox 2452 4018 4014 4097">
     <span class='ocr_line' id='line_1_116' title="bbox 2452 4018 4014 4097; baseline -0.001 -26"><span class='ocrx_word' id='word_1_823' title='bbox 2452 4029 2746 4089; x_wconf 86' lang='lat' dir='ltr'><strong>terpretem</strong></span> <span class='ocrx_word' id='word_1_824' title='bbox 2783 4020 3145 4097; x_wconf 76' lang='lat' dir='ltr'><strong>intelligibilis</strong></span> <span class='ocrx_word' id='word_1_825' title='bbox 3180 4038 3194 4073; x_wconf 87' lang='lat'><strong>:</strong></span> <span class='ocrx_word' id='word_1_826' title='bbox 3229 4020 3323 4076; x_wconf 87' lang='lat' dir='ltr'><strong>sed</strong></span> <span class='ocrx_word' id='word_1_827' title='bbox 3354 4035 3479 4097; x_wconf 84' lang='lat' dir='ltr'><strong>cum</strong></span> <span class='ocrx_word' id='word_1_828' title='bbox 3525 4018 3579 4097; x_wconf 81' lang='lat' dir='ltr'><strong>in</strong></span> <span class='ocrx_word' id='word_1_829' title='bbox 3613 4018 3825 4097; x_wconf 44' lang='lat' dir='ltr'><strong>bono-re</strong></span> <span class='ocrx_word' id='word_1_830' title='bbox 3854 4026 4014 4097; x_wconf 72' lang='lat' dir='ltr'><strong>esset.</strong></span> 
     </span>
    </p>
   </div>
   <div class='ocr_carea' id='block_1_116' title="bbox 2449 4088 4018 4159">
    <p class='ocr_par' dir='ltr' id='par_1_116' title="bbox 2449 4088 4018 4159">
     <span class='ocr_line' id='line_1_117' title="bbox 2449 4088 4018 4159; baseline -0.003 -17"><span class='ocrx_word' id='word_1_831' title='bbox 2449 4088 2796 4159; x_wconf 77' lang='lat' dir='ltr'><strong>comparatus</strong></span> <span class='ocrx_word' id='word_1_832' title='bbox 2825 4100 2881 4143; x_wconf 83' lang='lat' dir='ltr'><strong>et</strong></span> <span class='ocrx_word' id='word_1_833' title='bbox 2932 4092 3265 4145; x_wconf 84' lang='lat' dir='ltr'><strong>assimilatus</strong></span> <span class='ocrx_word' id='word_1_834' title='bbox 3299 4103 3384 4145; x_wconf 74' lang='grc' dir='ltr'><strong>εει</strong></span> <span class='ocrx_word' id='word_1_835' title='bbox 3438 4089 3614 4143; x_wconf 85' lang='lat' dir='ltr'><strong>brutis</strong></span> <span class='ocrx_word' id='word_1_836' title='bbox 3644 4097 3701 4139; x_wconf 87' lang='lat' dir='ltr'><strong>et</strong></span> <span class='ocrx_word' id='word_1_837' title='bbox 3751 4088 4018 4159; x_wconf 83' lang='lat' dir='ltr'><strong>jumentis</strong></span> 
     </span>
    </p>
   </div>
   <div class='ocr_carea' id='block_1_117' title="bbox 2449 4158 4016 4235">
    <p class='ocr_par' dir='ltr' id='par_1_117' title="bbox 2449 4158 4016 4235">
     <span class='ocr_line' id='line_1_118' title="bbox 2449 4158 4016 4235; baseline -0.003 -22"><span class='ocrx_word' id='word_1_838' title='bbox 2449 4158 2795 4225; x_wconf 85' lang='lat' dir='ltr'><strong>sarcinariis,</strong></span> <span class='ocrx_word' id='word_1_839' title='bbox 2831 4162 2885 4214; x_wconf 94' lang='lat' dir='ltr'><strong>in</strong></span> <span class='ocrx_word' id='word_1_840' title='bbox 2935 4178 3112 4229; x_wconf 83' lang='lat' dir='ltr'><strong>eaque</strong></span> <span class='ocrx_word' id='word_1_841' title='bbox 3161 4162 3524 4215; x_wconf 88' lang='lat' dir='ltr'><strong>similitudine</strong></span> <span class='ocrx_word' id='word_1_842' title='bbox 3582 4168 3766 4235; x_wconf 77' lang='lat' dir='ltr'><strong>manet</strong></span> <span class='ocrx_word' id='word_1_843' title='bbox 3820 4158 4016 4235; x_wconf 78' lang='lat' dir='ltr'><strong>adhuc.</strong></span> 
     </span>
    </p>
   </div>
   <div class='ocr_carea' id='block_1_118' title="bbox 2450 4227 4022 4293">
    <p class='ocr_par' dir='ltr' id='par_1_118' title="bbox 2450 4227 4022 4293">
     <span class='ocr_line' id='line_1_119' title="bbox 2450 4227 4022 4293; baseline -0.004 -10"><span class='ocrx_word' id='word_1_844' title='bbox 2450 4245 2557 4283; x_wconf 89' lang='lat' dir='ltr'><strong>non</strong></span> <span class='ocrx_word' id='word_1_845' title='bbox 2602 4246 2884 4292; x_wconf 84' lang='lat' dir='ltr'><strong>reversus,</strong></span> <span class='ocrx_word' id='word_1_846' title='bbox 2924 4227 3034 4285; x_wconf 84' lang='lat' dir='ltr'><strong>non</strong></span> <span class='ocrx_word' id='word_1_847' title='bbox 3085 4242 3397 4293; x_wconf 87' lang='lat' dir='ltr'><strong>revocatus,</strong></span> <span class='ocrx_word' id='word_1_848' title='bbox 3443 4239 3536 4283; x_wconf 88' lang='lat' dir='ltr'><strong>aut</strong></span> <span class='ocrx_word' id='word_1_849' title='bbox 3563 4228 3631 4282; x_wconf 89' lang='lat' dir='ltr'><strong>ad</strong></span> <span class='ocrx_word' id='word_1_850' title='bbox 3669 4234 3913 4280; x_wconf 76' lang='lat' dir='ltr'><strong>veterem</strong></span> <span class='ocrx_word' id='word_1_851' title='bbox 3943 4227 4022 4279; x_wconf 86' lang='lat' dir='ltr'><strong>di-</strong></span> 
     </span>
    </p>
   </div>
   <div class='ocr_carea' id='block_1_119' title="bbox 2449 4298 4021 4365">
    <p class='ocr_par' dir='ltr' id='par_1_119' title="bbox 2449 4298 4021 4365">
     <span class='ocr_line' id='line_1_120' title="bbox 2449 4298 4021 4365; baseline -0.002 -13"><span class='ocrx_word' id='word_1_852' title='bbox 2449 4301 2711 4365; x_wconf 71' lang='lat' dir='ltr'><strong>gnitatem</strong></span> <span class='ocrx_word' id='word_1_853' title='bbox 2767 4303 3045 4364; x_wconf 75' lang='lat' dir='ltr'><strong>rediit-tus,</strong></span> <span class='ocrx_word' id='word_1_854' title='bbox 3100 4302 3401 4354; x_wconf 87' lang='lat' dir='ltr'><strong>secundum</strong></span> <span class='ocrx_word' id='word_1_855' title='bbox 3452 4302 3655 4353; x_wconf 84' lang='lat' dir='ltr'><strong>donum</strong></span> <span class='ocrx_word' id='word_1_856' title='bbox 3700 4298 4021 4350; x_wconf 73' lang='lat' dir='ltr'><strong>inconomia:</strong></span> 
     </span>
    </p>
   </div>
   <div class='ocr_carea' id='block_1_120' title="bbox 2450 4368 3838 4435">
    <p class='ocr_par' dir='ltr' id='par_1_120' title="bbox 2450 4368 3838 4435">
     <span class='ocr_line' id='line_1_121' title="bbox 2450 4368 3838 4435; baseline -0.004 -12"><span class='ocrx_word' id='word_1_857' title='bbox 2450 4369 2665 4424; x_wconf 87' lang='lat' dir='ltr'><strong>Domini</strong></span> <span class='ocrx_word' id='word_1_858' title='bbox 2700 4374 2875 4424; x_wconf 89' lang='lat' dir='ltr'><strong>nostri</strong></span> <span class='ocrx_word' id='word_1_859' title='bbox 2904 4370 3031 4425; x_wconf 81' lang='lat' dir='ltr'><strong>Jesu</strong></span> <span class='ocrx_word' id='word_1_860' title='bbox 3063 4371 3265 4425; x_wconf 82' lang='lat' dir='ltr'><strong>Christi</strong></span> <span class='ocrx_word' id='word_1_861' title='bbox 3310 4370 3455 4435; x_wconf 81' lang='lat' dir='ltr'><strong>Filii,</strong></span> <span class='ocrx_word' id='word_1_862' title='bbox 3479 4370 3570 4422; x_wconf 90' lang='lat' dir='ltr'><strong>Dei</strong></span> <span class='ocrx_word' id='word_1_863' title='bbox 3598 4368 3838 4422; x_wconf 89' lang='lat' dir='ltr'><strong>scilicet.</strong></span> 
     </span>
    </p>
   </div>
   <div class='ocr_carea' id='block_1_121' title="bbox 2528 4440 4017 4508">
    <p class='ocr_par' dir='ltr' id='par_1_121' title="bbox 2528 4440 4017 4508">
     <span class='ocr_line' id='line_1_122' title="bbox 2528 4440 4017 4508; baseline -0.002 -18"><span class='ocrx_word' id='word_1_864' title='bbox 2528 4460 2547 4490; x_wconf 85' lang='grc' dir='ltr'><strong>ι</strong></span> <span class='ocrx_word' id='word_1_865' title='bbox 2580 4442 2681 4507; x_wconf 91' lang='lat' dir='ltr'><strong>Qui</strong></span> <span class='ocrx_word' id='word_1_866' title='bbox 2731 4442 2872 4494; x_wconf 76' lang='lat' dir='ltr'><strong>intra</strong></span> <span class='ocrx_word' id='word_1_867' title='bbox 2914 4452 3018 4501; x_wconf 90' lang='lat' dir='ltr'><strong>est.</strong></span> <span class='ocrx_word' id='word_1_868' title='bbox 3072 4456 3271 4508; x_wconf 86' lang='lat' dir='ltr'><strong>supera</strong></span> <span class='ocrx_word' id='word_1_869' title='bbox 3334 4458 3403 4495; x_wconf 91' lang='lat' dir='ltr'><strong>ne</strong></span> <span class='ocrx_word' id='word_1_870' title='bbox 3451 4440 3693 4505; x_wconf 78' lang='lat' dir='ltr'><strong>indaget,</strong></span> <span class='ocrx_word' id='word_1_871' title='bbox 3725 4446 4017 4504; x_wconf 85' lang='lat' dir='ltr'><strong>antequam</strong></span> 
     </span>
    </p>
   </div>
   <div class='ocr_carea' id='block_1_122' title="bbox 2451 4509 4018 4585">
    <p class='ocr_par' dir='ltr' id='par_1_122' title="bbox 2451 4509 4018 4585">
     <span class='ocr_line' id='line_1_123' title="bbox 2451 4509 4018 4585; baseline -0.005 -22"><span class='ocrx_word' id='word_1_872' title='bbox 2451 4513 2593 4579; x_wconf 88' lang='lat' dir='ltr'><strong>apud</strong></span> <span class='ocrx_word' id='word_1_873' title='bbox 2626 4527 2856 4576; x_wconf 81' lang='lat' dir='ltr'><strong>superos</strong></span> <span class='ocrx_word' id='word_1_874' title='bbox 2889 4513 2979 4565; x_wconf 90' lang='lat' dir='ltr'><strong>sil.</strong></span> <span class='ocrx_word' id='word_1_875' title='bbox 3031 4511 3169 4585; x_wconf 13' lang='lat' dir='ltr'><strong>Noli,</strong></span> <span class='ocrx_word' id='word_1_876' title='bbox 3192 4514 3409 4566; x_wconf 80' lang='lat' dir='ltr'><strong>curiose</strong></span> <span class='ocrx_word' id='word_1_877' title='bbox 3452 4509 3730 4585; x_wconf 68' lang='lat' dir='ltr'><strong>infe-riora</strong></span> <span class='ocrx_word' id='word_1_878' title='bbox 3765 4510 4018 4585; x_wconf 76' lang='lat' dir='ltr'><strong>serutari,</strong></span> 
     </span>
    </p>
   </div>
   <div class='ocr_carea' id='block_1_123' title="bbox 2454 4579 4021 4651">
    <p class='ocr_par' dir='ltr' id='par_1_123' title="bbox 2454 4579 4021 4651">
     <span class='ocr_line' id='line_1_124' title="bbox 2454 4579 4021 4651; baseline -0.003 -17"><span class='ocrx_word' id='word_1_879' title='bbox 2454 4597 2521 4635; x_wconf 89' lang='lat' dir='ltr'><strong>ne</strong></span> <span class='ocrx_word' id='word_1_880' title='bbox 2571 4585 2758 4650; x_wconf 87' lang='lat' dir='ltr'><strong>lapsus</strong></span> <span class='ocrx_word' id='word_1_881' title='bbox 2793 4592 3030 4651; x_wconf 82' lang='lat' dir='ltr'><strong>utraque</strong></span> <span class='ocrx_word' id='word_1_882' title='bbox 3066 4584 3288 4635; x_wconf 88' lang='lat' dir='ltr'><strong>amittas</strong></span> <span class='ocrx_word' id='word_1_883' title='bbox 3324 4600 3336 4635; x_wconf 92' lang='lat'><strong>:</strong></span> <span class='ocrx_word' id='word_1_884' title='bbox 3382 4587 3461 4635; x_wconf 88' lang='lat' dir='ltr'><strong>vel</strong></span> <span class='ocrx_word' id='word_1_885' title='bbox 3496 4580 3677 4649; x_wconf 86' lang='lat' dir='ltr'><strong>potius</strong></span> <span class='ocrx_word' id='word_1_886' title='bbox 3720 4579 3775 4630; x_wconf 91' lang='lat' dir='ltr'><strong>iu</strong></span> <span class='ocrx_word' id='word_1_887' title='bbox 3806 4579 4021 4630; x_wconf 75' lang='lat' dir='ltr'><strong>interio-</strong></span> 
     </span>
    </p>
   </div>
   <div class='ocr_carea' id='block_1_124' title="bbox 2452 4653 3275 4706">
    <p class='ocr_par' dir='ltr' id='par_1_124' title="bbox 2452 4653 3275 4706">
     <span class='ocr_line' id='line_1_125' title="bbox 2452 4653 3275 4706; baseline -0.004 -2"><span class='ocrx_word' id='word_1_888' title='bbox 2452 4653 2605 4706; x_wconf 89' lang='lat' dir='ltr'><strong>ribns</strong></span> <span class='ocrx_word' id='word_1_889' title='bbox 2639 4653 2968 4706; x_wconf 85' lang='lat' dir='ltr'><strong>interclusus</strong></span> <span class='ocrx_word' id='word_1_890' title='bbox 2992 4654 3217 4706; x_wconf 64' lang='lat' dir='ltr'><strong>haerens.</strong></span> <span class='ocrx_word' id='word_1_891' title='bbox 3257 4669 3275 4701; x_wconf 78' lang='grc' dir='ltr'><strong>ι</strong></span> 
     </span>
    </p>
   </div>
   <div class='ocr_carea' id='block_1_125' title="bbox 2523 4718 4017 4791">
    <p class='ocr_par' dir='ltr' id='par_1_125' title="bbox 2523 4718 4017 4791">
     <span class='ocr_line' id='line_1_126' title="bbox 2523 4718 4017 4791; baseline -0.003 -16"><span class='ocrx_word' id='word_1_892' title='bbox 2523 4723 2599 4791; x_wconf 83' lang='lat'><strong>(6)</strong></span> <span class='ocrx_word' id='word_1_893' title='bbox 2623 4723 2774 4775; x_wconf 84' lang='lat' dir='ltr'><strong>Adde</strong></span> <span class='ocrx_word' id='word_1_894' title='bbox 2808 4739 2872 4776; x_wconf 78' lang='lat' dir='ltr'><strong>ex</strong></span> <span class='ocrx_word' id='word_1_895' title='bbox 2916 4725 3168 4776; x_wconf 84' lang='lat' dir='ltr'><strong>Pontano</strong></span> <span class='ocrx_word' id='word_1_896' title='bbox 3198 4720 3481 4789; x_wconf 79' lang='lat' dir='ltr'><strong>sequentia</strong></span> <span class='ocrx_word' id='word_1_897' title='bbox 3534 4718 3772 4791; x_wconf 80' lang='lat' dir='ltr'><strong>capitula</strong></span> <span class='ocrx_word' id='word_1_898' title='bbox 3806 4737 3819 4771; x_wconf 91' lang='lat'>:</span> <span class='ocrx_word' id='word_1_899' title='bbox 3861 4737 3879 4768; x_wconf 89' lang='grc' dir='ltr'><strong>ι</strong></span> <span class='ocrx_word' id='word_1_900' title='bbox 3923 4718 4017 4784; x_wconf 87' lang='lat' dir='ltr'><strong>Qui</strong></span> 
     </span>
    </p>
   </div>
   <div class='ocr_carea' id='block_1_126' title="bbox 2449 4789 4017 4859">
    <p class='ocr_par' dir='ltr' id='par_1_126' title="bbox 2449 4789 4017 4859">
     <span class='ocr_line' id='line_1_127' title="bbox 2449 4789 4017 4859; baseline -0.006 -14"><span class='ocrx_word' id='word_1_901' title='bbox 2449 4789 2774 4847; x_wconf 66' lang='lat' dir='ltr'><strong>caelestibus</strong></span> <span class='ocrx_word' id='word_1_902' title='bbox 2806 4793 3013 4846; x_wconf 87' lang='lat' dir='ltr'><strong>ditatus</strong></span> <span class='ocrx_word' id='word_1_903' title='bbox 3054 4801 3138 4846; x_wconf 89' lang='lat' dir='ltr'><strong>est</strong></span> <span class='ocrx_word' id='word_1_904' title='bbox 3164 4793 3382 4859; x_wconf 86' lang='lat' dir='ltr'><strong>opibus,</strong></span> <span class='ocrx_word' id='word_1_905' title='bbox 3412 4789 4017 4859; x_wconf 32' lang='grc' dir='ltr'>ριεεςθιιιὶςικιηιμιειηι,</span> 
     </span>
    </p>
   </div>
   <div class='ocr_carea' id='block_1_127' title="bbox 2448 4856 4015 4931">
    <p class='ocr_par' dir='ltr' id='par_1_127' title="bbox 2448 4856 4015 4931">
     <span class='ocr_line' id='line_1_128' title="bbox 2448 4856 4015 4931; baseline 0.008 -16"><span class='ocrx_word' id='word_1_906' title='bbox 2448 4874 2496 4915; x_wconf 89' lang='lat' dir='ltr'><strong>et</strong></span> <span class='ocrx_word' id='word_1_907' title='bbox 2533 4864 2929 4917; x_wconf 90' lang='lat' dir='ltr'><strong>inhabitatione</strong></span> <span class='ocrx_word' id='word_1_908' title='bbox 2964 4864 3109 4927; x_wconf 76' lang='lat' dir='ltr'><strong>illius</strong></span> <span class='ocrx_word' id='word_1_909' title='bbox 3135 4856 3227 4931; x_wconf 80' lang='lat' dir='ltr'><strong>qui</strong></span> <span class='ocrx_word' id='word_1_910' title='bbox 3253 4856 3428 4914; x_wconf 66' lang='lat' dir='ltr'><strong>dixiti</strong></span> <span class='ocrx_word' id='word_1_911' title='bbox 3465 4860 3623 4931; x_wconf 52' lang='lat' dir='ltr'><strong>{Ego</strong></span> <span class='ocrx_word' id='word_1_912' title='bbox 3650 4866 3703 4909; x_wconf 76' lang='grc' dir='ltr'>ει</span> <span class='ocrx_word' id='word_1_913' title='bbox 3732 4856 3899 4931; x_wconf 58' lang='lat' dir='ltr'><strong>Pa“?!</strong></span> <span class='ocrx_word' id='word_1_914' title='bbox 3927 4874 4015 4911; x_wconf 69' lang='grc' dir='ltr'><strong>*ε’</strong></span> 
     </span>
    </p>
   </div>
   <div class='ocr_carea' id='block_1_128' title="bbox 2450 4925 4024 5000">
    <p class='ocr_par' dir='ltr' id='par_1_128' title="bbox 2450 4925 4024 5000">
     <span class='ocr_line' id='line_1_129' title="bbox 2450 4925 4024 5000; baseline -0.002 -15"><span class='ocrx_word' id='word_1_915' title='bbox 2450 4933 2692 4992; x_wconf 85' lang='lat' dir='ltr'><strong>niemus,</strong></span> <span class='ocrx_word' id='word_1_916' title='bbox 2721 4942 2775 4987; x_wconf 88' lang='lat' dir='ltr'><strong>et</strong></span> <span class='ocrx_word' id='word_1_917' title='bbox 2806 4925 3310 5000; x_wconf 47' lang='lat' dir='ltr'><strong>mansionem-apud</strong></span> <span class='ocrx_word' id='word_1_918' title='bbox 3332 4947 3455 4984; x_wconf 87' lang='lat' dir='ltr'><strong>eum</strong></span> <span class='ocrx_word' id='word_1_919' title='bbox 3481 4930 3747 4981; x_wconf 80' lang='lat' dir='ltr'><strong>faetetuus</strong></span> <span class='ocrx_word' id='word_1_920' title='bbox 3776 4946 3797 4977; x_wconf 74' lang='grc' dir='ltr'><strong>ι</strong></span> <span class='ocrx_word' id='word_1_921' title='bbox 3834 4925 4024 5000; x_wconf 50' lang='lat' dir='ltr'><strong>(10am.</strong></span> 
     </span>
    </p>
   </div>
   <div class='ocr_carea' id='block_1_129' title="bbox 2448 5002 4016 5075">
    <p class='ocr_par' dir='ltr' id='par_1_129' title="bbox 2448 5002 4016 5075">
     <span class='ocr_line' id='line_1_130' title="bbox 2448 5002 4016 5075; baseline -0.005 -20"><span class='ocrx_word' id='word_1_922' title='bbox 2448 5002 2707 5075; x_wconf 15' lang='lat' dir='ltr'><strong>siv,725),</strong></span> <span class='ocrx_word' id='word_1_923' title='bbox 2740 5004 3021 5075; x_wconf 79' lang='lat' dir='ltr'><strong>cognoscit</strong></span> <span class='ocrx_word' id='word_1_924' title='bbox 3060 5004 3202 5072; x_wconf 80' lang='lat' dir='ltr'><strong>apud</strong></span> <span class='ocrx_word' id='word_1_925' title='bbox 3246 5002 3483 5075; x_wconf 72' lang='lat' dir='ltr'><strong>anirpam</strong></span> <span class='ocrx_word' id='word_1_926' title='bbox 3538 5011 3720 5057; x_wconf 87' lang='lat' dir='ltr'><strong>suam,</strong></span> <span class='ocrx_word' id='word_1_927' title='bbox 3755 5008 4016 5075; x_wconf 75' lang='lat' dir='ltr'><strong>quantum</strong></span> 
     </span>
    </p>
   </div>
   <div class='ocr_carea' id='block_1_130' title="bbox 2446 5070 4012 5147">
    <p class='ocr_par' dir='ltr' id='par_1_130' title="bbox 2446 5070 4012 5147">
     <span class='ocr_line' id='line_1_131' title="bbox 2446 5070 4012 5147; baseline -0.004 -24"><span class='ocrx_word' id='word_1_928' title='bbox 2446 5074 2635 5143; x_wconf 62' lang='lat' dir='ltr'><strong>gratiae</strong></span> <span class='ocrx_word' id='word_1_929' title='bbox 2663 5070 2672 5073; x_wconf 62' lang='grc'>⁷</span> <span class='ocrx_word' id='word_1_930' title='bbox 2701 5072 3051 5125; x_wconf 87' lang='lat' dir='ltr'><strong>commodum</strong></span> <span class='ocrx_word' id='word_1_931' title='bbox 3075 5070 3111 5147; x_wconf 53' lang='lat'><strong>_,&#39;</strong></span> <span class='ocrx_word' id='word_1_932' title='bbox 3140 5082 3304 5141; x_wconf 86' lang='lat' dir='ltr'><strong>atque</strong></span> <span class='ocrx_word' id='word_1_933' title='bbox 3358 5070 3594 5147; x_wconf 76' lang='lat' dir='ltr'><strong>fructum</strong></span> <span class='ocrx_word' id='word_1_934' title='bbox 3616 5138 3628 5147; x_wconf 81' lang='lat'><strong>_</strong></span> <span class='ocrx_word' id='word_1_935' title='bbox 3664 5070 3972 5147; x_wconf 70' lang='lat' dir='ltr'><strong>perceperit</strong></span> <span class='ocrx_word' id='word_1_936' title='bbox 4000 5107 4012 5146; x_wconf 54' lang='grc' dir='ltr'><strong><em>τ</em></strong></span> 
     </span>
    </p>
   </div>
   <div class='ocr_carea' id='block_1_131' title="bbox 2446 5138 4015 5216">
    <p class='ocr_par' dir='ltr' id='par_1_131' title="bbox 2446 5138 4015 5216">
     <span class='ocr_line' id='line_1_132' title="bbox 2446 5138 4015 5216; baseline -0.003 -23"><span class='ocrx_word' id='word_1_937' title='bbox 2446 5138 2844 5216; x_wconf 70' lang='lat' dir='ltr'><strong>quantamque,</strong></span> <span class='ocrx_word' id='word_1_938' title='bbox 2877 5144 3176 5216; x_wconf 72' lang='lat' dir='ltr'><strong>etqualem</strong></span> <span class='ocrx_word' id='word_1_939' title='bbox 3211 5138 3390 5216; x_wconf 79' lang='lat' dir='ltr'><strong>gestet</strong></span> <span class='ocrx_word' id='word_1_940' title='bbox 3426 5142 3477 5191; x_wconf 91' lang='lat' dir='ltr'><strong>in</strong></span> <span class='ocrx_word' id='word_1_941' title='bbox 3518 5138 3665 5204; x_wconf 87' lang='lat' dir='ltr'><strong>regia</strong></span> <span class='ocrx_word' id='word_1_942' title='bbox 3708 5138 3895 5216; x_wconf 70' lang='lat' dir='ltr'><strong>cordis</strong></span> <span class='ocrx_word' id='word_1_943' title='bbox 3931 5138 4015 5216; x_wconf 70' lang='lat' dir='ltr'><strong>sui</strong></span> 
     </span>
    </p>
   </div>
   <div class='ocr_carea' id='block_1_132' title="bbox 2447 5208 4017 5287">
    <p class='ocr_par' dir='ltr' id='par_1_132' title="bbox 2447 5208 4017 5287">
     <span class='ocr_line' id='line_1_133' title="bbox 2447 5208 4017 5287; baseline -0.001 -24"><span class='ocrx_word' id='word_1_944' title='bbox 2447 5208 2879 5287; x_wconf 46' lang='lat' dir='ltr'><strong>beatitudinem;</strong></span> <span class='ocrx_word' id='word_1_945' title='bbox 2914 5208 3234 5287; x_wconf 52' lang='lat' dir='ltr'><strong>Na&#39;uryelut&#39;</strong></span> <span class='ocrx_word' id='word_1_946' title='bbox 3265 5212 3475 5263; x_wconf 71' lang='lat' dir='ltr'><strong>amicus</strong></span> <span class='ocrx_word' id='word_1_947' title='bbox 3525 5208 3871 5287; x_wconf 76' lang='lat' dir='ltr'><strong>eutii_amico</strong></span> <span class='ocrx_word' id='word_1_948' title='bbox 3910 5208 4017 5287; x_wconf 75' lang='lat' dir='ltr'><strong>dis-</strong></span> 
     </span>
    </p>
   </div>
   <div class='ocr_carea' id='block_1_133' title="bbox 2447 5276 4014 5345">
    <p class='ocr_par' dir='ltr' id='par_1_133' title="bbox 2447 5276 4014 5345">
     <span class='ocr_line' id='line_1_134' title="bbox 2447 5276 4014 5345; baseline -0.004 -10"><span class='ocrx_word' id='word_1_949' title='bbox 2447 5297 2636 5335; x_wconf 79' lang='lat' dir='ltr'><strong>serens</strong></span> <span class='ocrx_word' id='word_1_950' title='bbox 2666 5298 2791 5335; x_wconf 87' lang='lat' dir='ltr'><strong>cum</strong></span> <span class='ocrx_word' id='word_1_951' title='bbox 2848 5283 2980 5342; x_wconf 87' lang='lat' dir='ltr'><strong>Deo.</strong></span> <span class='ocrx_word' id='word_1_952' title='bbox 3035 5282 3208 5335; x_wconf 87' lang='lat' dir='ltr'><strong>libere</strong></span> <span class='ocrx_word' id='word_1_953' title='bbox 3265 5289 3406 5334; x_wconf 85' lang='lat' dir='ltr'><strong>astat</strong></span> <span class='ocrx_word' id='word_1_954' title='bbox 3462 5289 3588 5331; x_wconf 88' lang='lat' dir='ltr'><strong>ante</strong></span> <span class='ocrx_word' id='word_1_955' title='bbox 3652 5276 4014 5345; x_wconf 76' lang='lat' dir='ltr'><strong>facieniejus,</strong></span> 
     </span>
    </p>
   </div>
   <div class='ocr_carea' id='block_1_134' title="bbox 2449 5344 4011 5421">
    <p class='ocr_par' dir='ltr' id='par_1_134' title="bbox 2449 5344 4011 5421">
     <span class='ocr_line' id='line_1_135' title="bbox 2449 5344 4011 5421; baseline 0 -21"><span class='ocrx_word' id='word_1_956' title='bbox 2449 5370 2467 5400; x_wconf 89' lang='grc' dir='ltr'><strong>ι</strong></span> <span class='ocrx_word' id='word_1_957' title='bbox 2502 5353 2593 5421; x_wconf 82' lang='grc' dir='ltr'>ιιιιί</span> <span class='ocrx_word' id='word_1_958' title='bbox 2633 5356 2815 5405; x_wconf 85' lang='lat' dir='ltr'><strong>lumen</strong></span> <span class='ocrx_word' id='word_1_959' title='bbox 2868 5352 3249 5406; x_wconf 83' lang='lat' dir='ltr'><strong>inaccessibilc</strong></span> <span class='ocrx_word' id='word_1_960' title='bbox 3316 5350 3529 5403; x_wconf 89' lang='lat' dir='ltr'><strong>habitat</strong></span> <span class='ocrx_word' id='word_1_961' title='bbox 3572 5366 3588 5398; x_wconf 80' lang='grc' dir='ltr'><strong>ι</strong></span> <span class='ocrx_word' id='word_1_962' title='bbox 3640 5344 3692 5414; x_wconf 83' lang='grc' dir='ltr'>(ι</span> <span class='ocrx_word' id='word_1_963' title='bbox 3744 5344 4011 5409; x_wconf 47' lang='grc' dir='ltr'><strong>Τὶτηζνι,</strong></span> 
     </span>
    </p>
   </div>
   <div class='ocr_carea' id='block_1_135' title="bbox 2518 5434 4011 5561">
    <p class='ocr_par' dir='ltr' id='par_1_135' title="bbox 2518 5434 4011 5561">
     <span class='ocr_line' id='line_1_136' title="bbox 2518 5434 4011 5561; baseline -0.003 -18"><span class='ocrx_word' id='word_1_964' title='bbox 2518 5434 2552 5543; x_wconf 51' lang='grc' dir='ltr'><strong>ζ’</strong></span> <span class='ocrx_word' id='word_1_965' title='bbox 2570 5493 2768 5546; x_wconf 87' lang='lat' dir='ltr'><strong>Beatus</strong></span> <span class='ocrx_word' id='word_1_966' title='bbox 2798 5493 2888 5561; x_wconf 89' lang='lat' dir='ltr'><strong>qui</strong></span> <span class='ocrx_word' id='word_1_967' title='bbox 2922 5492 3007 5545; x_wconf 88' lang='lat' dir='ltr'><strong>his</strong></span> <span class='ocrx_word' id='word_1_968' title='bbox 3043 5490 3201 5545; x_wconf 82' lang='lat' dir='ltr'><strong>fidem</strong></span> <span class='ocrx_word' id='word_1_969' title='bbox 3238 5490 3507 5557; x_wconf 84' lang='lat' dir='ltr'><strong>adjumit.</strong></span> <span class='ocrx_word' id='word_1_970' title='bbox 3545 5486 3651 5541; x_wconf 82' lang='lat' dir='ltr'><strong>Ter</strong></span> <span class='ocrx_word' id='word_1_971' title='bbox 3678 5485 3897 5561; x_wconf 75' lang='lat' dir='ltr'><strong>beatus,</strong></span> <span class='ocrx_word' id='word_1_972' title='bbox 3924 5487 4011 5554; x_wconf 85' lang='lat' dir='ltr'><strong>qui</strong></span> 
     </span>
    </p>
   </div>
   <div class='ocr_carea' id='block_1_136' title="bbox 2442 5557 3997 5631">
    <p class='ocr_par' dir='ltr' id='par_1_136' title="bbox 2442 5557 3997 5631">
     <span class='ocr_line' id='line_1_137' title="bbox 2442 5557 3997 5631; baseline -0.005 -17"><span class='ocrx_word' id='word_1_973' title='bbox 2442 5579 2538 5631; x_wconf 87' lang='lat' dir='ltr'><strong>per</strong></span> <span class='ocrx_word' id='word_1_974' title='bbox 2568 5557 2867 5623; x_wconf 81' lang='lat' dir='ltr'><strong>actionem,</strong></span> <span class='ocrx_word' id='word_1_975' title='bbox 2903 5573 3166 5615; x_wconf 78' lang='lat' dir='ltr'><strong>etsmcta</strong></span> <span class='ocrx_word' id='word_1_976' title='bbox 3199 5575 3496 5616; x_wconf 84' lang='lat' dir='ltr'><strong>certauuna</strong></span> <span class='ocrx_word' id='word_1_977' title='bbox 3540 5574 3568 5611; x_wconf 87' lang='lat' dir='ltr'><strong>a</strong></span> <span class='ocrx_word' id='word_1_978' title='bbox 3607 5572 3691 5631; x_wconf 87' lang='lat' dir='ltr'><strong>me</strong></span> <span class='ocrx_word' id='word_1_979' title='bbox 3722 5557 3997 5631; x_wconf 73' lang='lat' dir='ltr'><strong>deterunt</strong></span> 
     </span>
    </p>
   </div>
   <div class='ocr_carea' id='block_1_137' title="bbox 2443 5629 4003 5706">
    <p class='ocr_par' dir='ltr' id='par_1_137' title="bbox 2443 5629 4003 5706">
     <span class='ocr_line' id='line_1_138' title="bbox 2443 5629 4003 5706; baseline -0.006 -19"><span class='ocrx_word' id='word_1_980' title='bbox 2443 5629 2808 5701; x_wconf 66' lang='lat' dir='ltr'><strong>cognitionem</strong></span> <span class='ocrx_word' id='word_1_981' title='bbox 2845 5633 3067 5706; x_wconf 80' lang='lat' dir='ltr'><strong>festinat</strong></span> <span class='ocrx_word' id='word_1_982' title='bbox 3110 5631 3600 5706; x_wconf 69' lang='lat' dir='ltr'><strong>teniprelteiitltrre.</strong></span> <span class='ocrx_word' id='word_1_983' title='bbox 3632 5629 3872 5706; x_wconf 68' lang='lat' dir='ltr'><strong>Angelus</strong></span> <span class='ocrx_word' id='word_1_984' title='bbox 3896 5638 4003 5706; x_wconf 39' lang='lat' dir='ltr'><strong>.est,</strong></span> 
     </span>
    </p>
   </div>
   <div class='ocr_carea' id='block_1_138' title="bbox 2443 5700 4011 5773">
    <p class='ocr_par' dir='ltr' id='par_1_138' title="bbox 2443 5700 4011 5773">
     <span class='ocr_line' id='line_1_139' title="bbox 2443 5700 4011 5773; baseline -0.004 -18"><span class='ocrx_word' id='word_1_985' title='bbox 2443 5700 2661 5768; x_wconf 77' lang='lat' dir='ltr'><strong>neplus</strong></span> <span class='ocrx_word' id='word_1_986' title='bbox 2694 5706 2897 5766; x_wconf 77' lang='lat' dir='ltr'><strong>(licam,</strong></span> <span class='ocrx_word' id='word_1_987' title='bbox 2956 5703 3048 5768; x_wconf 86' lang='lat' dir='ltr'><strong>qui</strong></span> <span class='ocrx_word' id='word_1_988' title='bbox 3087 5704 3400 5769; x_wconf 71' lang='lat' dir='ltr'><strong>cognt&#39;ioue</strong></span> <span class='ocrx_word' id='word_1_989' title='bbox 3448 5710 3501 5751; x_wconf 77' lang='lat' dir='ltr'><strong>et</strong></span> <span class='ocrx_word' id='word_1_990' title='bbox 3554 5700 4011 5773; x_wconf 74' lang='lat' dir='ltr'><strong>contemplatione</strong></span> 
     </span>
    </p>
   </div>
   <div class='ocr_carea' id='block_1_139' title="bbox 2442 5770 4006 5839">
    <p class='ocr_par' dir='ltr' id='par_1_139' title="bbox 2442 5770 4006 5839">
     <span class='ocr_line' id='line_1_140' title="bbox 2442 5770 4006 5839; baseline -0.005 -15"><span class='ocrx_word' id='word_1_991' title='bbox 2442 5775 2505 5826; x_wconf 84' lang='lat' dir='ltr'><strong>ad</strong></span> <span class='ocrx_word' id='word_1_992' title='bbox 2545 5775 2706 5839; x_wconf 81' lang='lat' dir='ltr'><strong>hujus</strong></span> <span class='ocrx_word' id='word_1_993' title='bbox 2743 5785 2915 5825; x_wconf 74' lang='lat' dir='ltr'><strong>status</strong></span> <span class='ocrx_word' id='word_1_994' title='bbox 2946 5774 3324 5825; x_wconf 71' lang='lat' dir='ltr'><strong>exrclsrtateui</strong></span> <span class='ocrx_word' id='word_1_995' title='bbox 3368 5770 3635 5838; x_wconf 73' lang='lat' dir='ltr'><strong>pervenit,</strong></span> <span class='ocrx_word' id='word_1_996' title='bbox 3666 5776 3720 5823; x_wconf 84' lang='lat' dir='ltr'><strong>et</strong></span> <span class='ocrx_word' id='word_1_997' title='bbox 3748 5770 4006 5822; x_wconf 77' lang='lat' dir='ltr'><strong>domesti-</strong></span> 
     </span>
    </p>
   </div>
   <div class='ocr_carea' id='block_1_140' title="bbox 2440 5842 3414 5911">
    <p class='ocr_par' dir='ltr' id='par_1_140' title="bbox 2440 5842 3414 5911">
     <span class='ocr_line' id='line_1_141' title="bbox 2440 5842 3414 5911; baseline -0.005 -14"><span class='ocrx_word' id='word_1_998' title='bbox 2440 5860 2534 5897; x_wconf 78' lang='lat' dir='ltr'><strong>cus</strong></span> <span class='ocrx_word' id='word_1_999' title='bbox 2581 5846 2692 5898; x_wconf 74' lang='lat' dir='ltr'><strong>l&#39;ci.</strong></span> <span class='ocrx_word' id='word_1_1000' title='bbox 2728 5854 2983 5911; x_wconf 84' lang='lat' dir='ltr'><strong>tanquam</strong></span> <span class='ocrx_word' id='word_1_1001' title='bbox 3020 5843 3183 5904; x_wconf 81' lang='lat' dir='ltr'><strong>lilius,</strong></span> <span class='ocrx_word' id='word_1_1002' title='bbox 3219 5842 3414 5896; x_wconf 81' lang='lat' dir='ltr'><strong>evasit.</strong></span> 
     </span>
    </p>
   </div>
  </div>
