4182 6456
264 392 377 456 633

1438 398 1441 401 ’
1495 389 1870 450 CAPITULA
1900 391 2292 457 PRACTICA.

3408 395 3516 458 634

336 500 410 562 ξοδ
437 500 627 554 [lollo‘t
663 503 762 573 μὲν
812 500 1246 574 ἁύαγινώσκουσι
1274 510 1372 574 τὰς
1403 512 1551 575 Θείας
1586 515 1807 585 Γραφάς

2007 506 2101 561 60.
2154 507 2479 578 Complures
2531 508 2747 564 divinas
2797 509 3117 577 Scripturas
3170 510 3380 582 legunt.
3420 513 3516 566 alii

257 590 311 640 ot
342 590 400 641 δὲ
436 592 529 642 καὶ
573 595 1097 665 ἀναγινωσκομέιας
1144 601 1465 653 ἁκούουσιν·
1498 604 1670 669 ὀλίγοι
1714 605 1769 657 δὲ
1800 606 1850 656 οἱ

256 680 371 733 τῶν
394 684 922 753 ἁναγινωσκημένων
953 687 1061 757 ,τὴν
1088 689 1323 762 δύναμιν
1389 696 1480 747 καὶ
1521 695 1617 767 τὴν
1644 696 1851 751 ἔννοιαν

265 773 438 843 ὃρθῷς
472 776 668 828 εἰδέναι
699 777 1015 850 δμνάμενοι·
1046 780 1094 832 οἳ
1153 783 1282 835 ποτὲ
1314 785 1414 854 μὶν
1447 786 1682 842 ἀδύνατα
1709 784 1849 843 εἶναι

266 866 328 916 τὰ
370 867 473 918 ὑπὸ
504 868 612 919 τῶν
647 867 808 922 Θείων
856 870 1088 941 Γραφῶν
1138 875 1565 944 ἀποφαίνονται·
1614 882 1742 934 ποτὲ
1792 884 1850 935 δὲ

256 957 357 1007 καὶ
386 958 908 1025 ἄπιστα-παντελῶς
943 962 1205 1032 ἡγοῦνται
1228 983 1242 998 ο
1284 968 1317 1038 ἣ
1357 969 1450 1021 καὶ
1489 972 1849 1043 ἀλληγοροῦσι

251 1047 430 1125 ταῦτα
461 1051 646 1113 κακῶς
667 1067 680 1080 θ
716 1054 809 1111 καὶ
835 1054 900 1107 τὰ
931 1056 1029 1124 μὲν
1063 1058 1205 1110 κατὰ
1236 1059 1325 1111 τὸν
1352 1062 1623 1116 ἐνεστῶτα
1652 1065 1844 1135 χρόνον

253 1137 551 1209 λεγόμενα,
584 1144 660 1206 ὡς
694 1145 832 1214 πρὸς
887 1147 1155 1221 μέλλοντα
1194 1150 1424 1220 ἐκϐῆναι
1466 1155 1733 1224 κρίνουσι,
1775 1159 1845 1211 τὰ

252 1230 314 1283 δὲ
343 1234 471 1302 περὶ
500 1235 609 1285 τῶν
641 1237 947 1303 μελλόντων
978 1243 1269 1313 εἰρημένα.
1315 1246 1391 1307 ὡς
1426 1246 1527 1316 ἤδη
1564 1250 1842 1317 γεγονότα,

252 1324 353 1375 καὶ
374 1323 496 1375 καθ’
520 1326 758 1405 ἑκάστην
778 1329 1035 1400 γινόμενα
1056 1333 1496 1403 ὲκλαμὸἀνονται
1516 1354 1528 1367 ·
1556 1339 1647 1390 καὶ
1666 1340 1843 1406 οὕτως

249 1404 356 1467 ὀύκ
386 1415 500 1468 ἔστι
532 1404 717 1488 νκρὶσις
742 1420 877 1491 ὀρθὴ
907 1424 965 1474 ἐν
997 1427 1201 1492 αὐτοῖς,
1236 1427 1357 1479 οὐδὲ
1391 1427 1682 1496 διάγνωδις
1709 1404 1843 1503 ἁληέ

250 1508 355 1573 θὴς
391 1510 447 1560 ὲν
471 1508 635 1571 Οεὶοις
676 1514 770 1563 καὶ
810 1513 1175 1583 ἀνθρωπίνοις
1209 1518 1554 1588 πράγμασιν.

320 1735 474 1802 «Qui
524 1752 692 1805 prope.
750 1736 918 1788 maris
983 1736 1145 1790 littus
1205 1741 1335 1791 stat.
1389 1735 1818 1791 immensitatem

239 1822 516 1869 aquarum
555 1808 730 1876 pelagi
764 1805 1035 1872 conspicit
1079 1808 1171 1858 ille.
1208 1805 1453 1876 quidem.
1496 1822 1684 1859 earum
1718 1824 1820 1861 an-

1937 612 2032 653 eas
2059 598 2160 667 legi
2188 614 2251 653 ac
2286 599 2504 655 recitari
2538 598 2764 655 audiunt
2796 616 2810 653 :
2846 599 3001 669 pauci
3034 609 3212 655 autem
3242 609 3398 667 sunt,
3423 601 3515 670 qui

1937 692 2047 745 vim
2079 703 2130 746 et
2161 694 2439 747 notionem
2472 734 2488 759 ,
2551 707 2645 747 seu
2700 693 3117 762 intelligentiam
3162 694 3515 750 recitaturum

1939 785 2109 854 probe
2138 794 2521 853 assequamur.
2552 784 2658 839 Alii
2693 785 2918 851 quidem
2948 786 3015 840 de
3042 782 3149 840 illis
3180 788 3348 841 multa
3398 784 3513 841 ﬁeri

1943 894 2047 959 non
2084 894 2244 948 posse.
2276 881 2653 948 pronuntiant.
2688 894 2811 949 quae
2838 881 2943 934 illis
2974 881 3170 934 litteris
3205 881 3510 938 traduntur:

1941 973 2030 1026 alii
2062 990 2157 1042 pro
2176 974 2334 1041 plane
2367 973 2777 1027 incredibilibus
2802 974 3013 1026 ducunt
3036 982 3149 1036 aut,
3170 988 3232 1027 ea
3267 972 3507 1038 allegorit

1938 1060 2357 1130 perrerthEt
2381 1076 2502 1129 quae
2533 1062 2676 1115 dicta
2704 1070 2831 1116 sunt
2862 1062 2927 1116 de
2961 1063 3215 1131 prtesenti
3245 1069 3509 1131 tempore,

1940 1154 1995 1207 in
2038 1153 2222 1205 futuro
2256 1163 2517 1208 eventura
2567 1156 2844 1223 accipiunt
2873 1173 2887 1208 :
2919 1154 2984 1208 de
3015 1155 3213 1209 futuris
3238 1168 3403 1224 porro
3428 1154 3513 1206 di-

1937 1255 2045 1309 cta,
2077 1245 2158 1299 sic
2184 1245 2630 1314 interpretantur,
2670 1248 2821 1315 quasi
2858 1263 2919 1302 ea
2955 1246 3066 1316 jam
3102 1248 3239 1301 facta
3283 1247 3429 1308 sint,
3461 1252 3515 1300 et

1935 1338 2179 1409 quotidie
2213 1338 2358 1393 fiant.
2409 1341 2481 1393 Ita
2523 1350 2706 1394 carent
2732 1358 2881 1405 vero,
2909 1343 3235 1406 sinceroqnc
3274 1340 3509 1407 iudicio;

1939 1448 2037 1486 nec
2079 1433 2222 1487 inter
2269 1432 2482 1487 divinas
2543 1434 2921 1502 humanasque
2980 1452 3070 1488 res
3114 1434 3508 1496 internoscere,

1936 1542 2000 1579 ac
2044 1526 2383 1596 distinguere
2416 1526 2693 1596 sapienter
2726 1535 2957 1597 possunt
2984 1528 3083 1597 ('7).

1923 1740 2184 1795 mittitur.
2221 1745 2280 1798 Et
2314 1745 2417 1793 ltoe
2446 1752 2550 1797 est.
2585 1743 2725 1805 quod
2761 1742 2986 1799 dicitur.
3022 1743 3161 1796 Deus
3189 1740 3281 1794 lus
3324 1748 3428 1802 est.
3453 1746 3508 1794 et

1926 1809 2015 1864 lux
2052 1829 2305 1879 suprema
2352 1828 2367 1865 τ
2400 1820 2451 1866 et
2480 1813 2567 1864 bis
2593 1814 2685 1879 qui
2726 1813 2846 1879 ejus
2880 1823 3161 1882 compotes
3194 1811 3321 1865 facti
3352 1819 3503 1870 sunt.

238 1887 351 1950 tem
377 1875 681 1950 extremum
714 1878 837 1930 visu
856 1876 972 1950 pou
1010 1886 1182 1950 potest
1209 1875 1459 1950 tleﬂuire,
1486 1878 1579 1950 sed
1611 1888 1817 1950 partem
1854 1887 1901 1950 Β
1929 1885 1997 1933 ab
2027 1875 2177 1937 omni
2205 1885 2414 1937 visione,
2438 1885 2593 1948 quies
2615 1875 2681 1935 et
2714 1875 2970 1939 cessatio.

236 1948 483 2014 aliquam
520 1949 787 2002 duntaxat
828 1946 974 2000 videt
1006 1967 1018 1999 :
1051 1948 1129 2000 sic
1178 1947 1270 2014 qui
1330 1948 1383 1999 in
1419 1946 1689 2001 intittitttm
1730 1949 1815 2002 di-

238 2020 382 2073 vinae
438 2020 623 2089 gloriat
702 2018 925 2089 pelagus
999 2017 1423 2089 contemplando
1498 2020 1813 2088 respicere,

241 2087 544 2153 ipsumque
583 2087 937 2158 intelligentia
972 2089 1177 2149 videre,
1216 2101 1280 2140 ac
1330 2087 1561 2143 lustrare
1595 2092 1812 2153 meruit.

238 2173 351 2213 non
382 2175 546 2229 quam
603 2160 771 2213 latum
800 2167 852 2211 et
899 2168 1113 2211 vastum
1145 2168 1228 2230 est
1263 2175 1275 2210 :
1307 2160 1401 2210 sed
1432 2174 1594 2228 quam
1632 2159 1813 2230 longe,

235 2228 441 2283 animat
478 2230 600 2297 ejus
635 2231 781 2284 oeuli
813 2239 1169 2296 compeetuin
1201 2228 1405 2289 ferunt,
1432 2230 1598 2285 videt.

317 2321 337 2352 ‹
373 2301 847 2367 Quemadmodum
903 2314 1072 2367 prope
1116 2314 1266 2353 mare
1325 2300 1659 2366 consistens,
1708 2319 1811 2357 non

237 2373 421 2425 solum
453 2372 631 2437 ipsum
661 2371 927 2434 aspicere.
959 2372 1052 2422 sed
1083 2372 1246 2425 etiam
1283 2371 1335 2422 in
1369 2386 1540 2439 aquas
1579 2373 1699 2437 eius
1728 2376 1811 2426 in-

236 2452 393 2495 trare
422 2452 692 2513 quantum
724 2442 974 2513 libuerit.
1015 2452 1194 2513 potest
1231 2456 1244 2493 :
1274 2440 1353 2513 sic
1390 2442 1443 2493 iu
1482 2442 1685 2513 lumine.
1719 2443 1808 2497 Dei

233 2510 494 2566 homines
539 2512 858 2581 spiritttales
885 2510 975 2579 qtti
1029 2512 1245 2574 volunt,
1284 2510 1413 2581 eius
1465 2512 1681 2565 ridendi
1715 2531 1811 2569 co.

230 2580 649 2655 gnosceudiq’ue
682 2585 893 2652 copiam
932 2596 1030 2649 pro
1068 2582 1229 2636 modo
1264 2580 1523 2635 desiderii
1549 2584 1633 2635 sui
1675 2599 1811 2638 con-

231 2664 566 2722 sequuntur.

312 2721 332 2775 ε
372 2725 657 2791 Quomodo
682 2725 735 2778 in
769 2725 959 2779 littore
992 2726 1159 2778 maris
1180 2732 1352 2777 stans.
1380 2721 1622 2790 quaudin
1658 2732 1807 2775 extra

231 2810 435 2860 aquam
471 2806 575 2855 est.
607 2796 753 2849 videt
783 2796 966 2849 omnia
994 2835 1008 2855 ,
1051 2794 1591 2863 profttnditatetnque
1634 2795 1807 2861 pelagi

232 2864 512 2932 intelligit.
542 2866 644 2920 Ubi
678 2877 856 2918 autem
892 2866 942 2917 in
991 2866 1138 2930 ipsas
1185 2864 1361 2916 tttttlas
1402 2862 1629 2925 ingredi.
1668 2876 1718 2915 et
1754 2866 1807 2918 in

206 2938 302 3001 iis
346 2936 517 2999 mergi
580 2936 830 3004 emperit,
888 2951 999 3001 quo
1062 2935 1299 3003 amplius
1354 2932 1660 3004 descendit,
1706 2934 1808 2988 hoc

229 3006 410 3074 magis
436 3006 505 3058 ab
530 3000 753 3071 aSpectn
788 3000 978 3057 eorum
1009 3020 1129 3072 qua:
1155 3000 1288 3057 foris
1317 3008 1444 3074 sunt
1486 3000 1640 3055 abest
1680 3019 1693 3055 :
1730 3004 1802 3057 ita

228 3072 528 3145 qui'divini
600 3077 827 3130 luminis
871 3076 996 3129 facti
1048 3084 1176 3128 sunt
1227 3072 1565 3145 participes;
1627 3087 1807 3141 quan-

228 3156 350 3198 tum
397 3146 451 3198 in
498 3147 813 3215 cognitione
869 3146 1175 3198 divinitatis
1233 3144 1551 3213 proficiunt,
1587 3150 1803 3197 tantum

228 3217 818 3313 propgrtioneicartfra
848 3215 1104 3300 ignorare
1139 3215 1430 3283 incipiunt.
1487 3285 1499 3299 .
1639 3292 1653 3313 .
1838 3252 1883 3313 ο

305 3306 327 3337 ‹
367 3285 840 3351 Quemadmodum
903 3287 995 3354 qui
1054 3286 1111 3340 in
1166 3300 1307 3353 aqua
1366 3285 1533 3339 maris
1572 3292 1658 3338 est
1710 3301 1808 3354 ge-

229 3373 425 3411 nuum.
464 3357 893 3410 antlumhornm
952 3367 1144 3413 tenus.
1184 3355 1367 3409 omnia
1411 3368 1565 3407 cura
1634 3369 1809 3423 aquas

227 3427 530 3497 perspicue
587 3426 755 3482 vim...
788 3426 843 3480 si
895 3437 1076 3497 autem
1113 3425 1167 3479 in
1206 3423 1533 3497 profundum
1580 3425 1811 3480 descen-

226 3496 345 3557 dat.
396 3507 449 3551 et
488 3506 634 3551 totus
679 3498 783 3551 sub
815 3496 958 3550 unda
1005 3497 1095 3557 sit,
1128 3496 1267 3548 nihil
1313 3496 1423 3562 jam
1474 3509 1664 3547 eorum
1689 3511 1808 3563 qua!

225 3577 382 3621 extra
453 3583 644 3635 aquam
689 3577 836 3625 sunt.
874 3568 1059 3619 ridere.
1110 3576 1287 3634 potest
1322 3581 1334 3616 :
1368 3564 1422 3617 et
1477 3564 1578 3617 boc
1630 3569 1805 3618 solum

226 3640 407 3699 novit,
442 3654 500 3691 se
552 3647 725 3689 totum
772 3646 1017 3704 quantus
1043 3644 1284 3705 quantus
1312 3644 1396 3687 est
1432 3635 1483 3686 in
1533 3635 1805 3698 profundo

226 3710 401 3762 maris
425 3722 546 3760 esse
588 3724 600 3759 :
634 3708 711 3759 sic
743 3708 810 3759 iis
847 3709 1163 3773 contingere
1185 3706 1344 3766 solet,
1375 3705 1469 3772 qui
1511 3719 1802 3773 progressu

226 3776 502 3849 spirituali
542 3787 853 3849 crescunt,
886 3787 1048 3849 atque
1086 3776 1154 3829 ad
1192 3774 1581 3844 perfectionem
1612 3777 1805 3844 cogni-

224 3846 397 3905 tionis
425 3858 477 3899 et
506 3846 735 3900 visionis
772 3848 1103 3900 ascendunt.

304 3939 326 3971 ‹
365 3916 623 3983 Quando.
655 3918 747 3981 qui
799 3918 852 3969 io
899 3915 1177 3985 spirituali
1227 3912 1567 3984 perfectione
1608 3929 1800 3976 proce-

222 3992 386 4050 dunt,
421 3989 794 4057 particulatim
832 3988 1234 4057 illuminantur.
1258 3986 1376 4057 sive
1408 3993 1645 4057 mentem
1680 3996 1795 4039 tau-

222 4053 511 4115 tumtnodo
568 4058 936 4119 illustrantur,
977 4066 1104 4111 tunc
1166 4054 1394 4124 gloriam
1451 4053 1566 4113 Dei.
1623 4064 1681 4108 ttt
1743 4057 1797 4108 in

224 4130 453 4197 speculo
477 4143 574 4196 per
601 4126 1015 4191 intelligentiam
1051 4128 1352 4183 intuentur.
1378 4124 1798 4197 cognitioneque

225 4194 407 4267 magis
448 4194 512 4251 ac
546 4199 737 4263 magis.
771 4208 819 4248 et
849 4199 1239 4268 mysteriorum
1271 4194 1605 4268 revelatione
1644 4210 1671 4247 a
1704 4211 1794 4247 sn-

222 4266 393 4340 perna
451 4269 622 4337 gratia
665 4266 1287 4340 llﬁ'SliClellbllllllllll’,
1348 4266 1797 4340 auspeculatione

223 4334 419 4394 eorum
454 4334 574 4403 qua:
617 4334 767 4397 sunt,
821 4338 887 4391 ad
934 4337 1321 4407 cognitionem
1355 4334 1524 4407 illius.
1565 4337 1658 4404 qui
1715 4346 1797 4389 est

222 4426 391 4480 super
423 4410 606 4461 omnia
640 4422 761 4480 quae
795 4415 948 4470 sunt,
990 4404 1188 4480 sublati
1235 4404 1512 4480 videlicet.

303 4473 323 4531 ἒ
365 4479 467 4544 Qui
506 4473 824 4543 perfectiOni
861 4478 1322 4545 appropinquant,
1355 4473 1792 4545 etatlhttcrvelut

220 4569 285 4604 ex
326 4543 482 4619 parte
517 4548 723 4606 vidi-nt.
759 4543 1111 4616 imperitiam,
1140 4543 1795 4619 eteotnprehensibilita—

224 4613 341 4677 teni
410 4634 603 4672 eorum
677 4633 796 4683 qna:
840 4613 1033 4670 'vident
1089 4615 1452 4681 intclligentes
1532 4613 1794 4683 obstupe-

223 4699 415 4747 scunt.
448 4689 569 4753 Quo
598 4691 744 4741 enim
778 4690 899 4756 plus
935 4689 987 4740 in
1019 4687 1204 4740 lumen
1238 4684 1438 4756 divinae
1460 4685 1793 4752 cognitionis

222 4765 455 4815 intrant.
489 4776 553 4809 eo
587 4754 953 4827 ignorantiam
984 4773 1139 4809 sttam
1168 4754 1401 4821 amplius
1432 4765 1790 4827 cegnoscttnt.

223 4831 459 4897 Quando
484 4825 663 4880 anteiit
698 4829 747 4879 id
780 4826 923 4894 quod
954 4826 1312 4893 intelligentia
1346 4833 1510 4897 eaptt,
1539 4825 1794 4897 quodque

220 4896 518 4955 obscurius
582 4897 715 4964 ipsis
774 4906 1022 4964 apparet.
1066 4906 1121 4947 et
1154 4907 1412 4962 tanquam
1462 4896 1513 4964 in
1572 4896 1793 4962 ερηοιιΙίι

218 4971 533 5026 ostenditur
561 4962 612 5017 et
637 4983 698 5018 ex
733 4962 883 5035 parte
910 4966 1203 5023 illuminat.
1232 4962 1568 5027 expressius,
1611 4975 1664 5016 et
1706 4966 1792 5017 itt-

220 5040 541 5107 dulgentius
572 5037 739 5089 vizlcri
769 5038 1028 5096 voluerit.
1061 5044 1116 5089 et
1152 5036 1461 5107 illutninato
1494 5049 1597 5107 per
1634 5050 1787 5087 cont-

220 5106 656 5164 tnunicationem
706 5107 875 5170 uniri,
927 5116 1211 5175 totumque
1267 5106 1331 5175 iu
1385 5120 1443 5156 se
1491 5106 1607 5175 ipso
1636 5120 1758 5157 com

221 5181 411 5253 plecti,
442 5186 494 5230 et
526 5178 631 5253 itle_
657 5177 773 5253 ipse
802 5178 856 5253 i_n
887 5173 1161 5245 profundo
1202 5174 1454 5253 spiritus,
1490 5188 1545 5224 ttt
1590 5173 1643 5226 itt
1678 5192 1792 5253 tne-

218 5246 314 5304 ilio
365 5252 565 5318 abysso
608 5247 927 5315 fulgentium
959 5261 1224 5318 aquarum
1276 5246 1667 5318 immensarum
1705 5247 1790 5297 itt-

216 5313 525 5381 clnsus,'et
578 5313 913 5382 interceptus
953 5313 1159 5377 fuerit,
1197 5323 1313 5367 tum
1372 5313 1425 5364 in
1494 5314 1787 5380 perlectam

216 5389 610 5461 ignorantiam.
637 5396 825 5461 utpote
842 5388 1207 5461 _qui__otnnetn
1232 5384 1604 5461 cognitimtem
1642 5394 1791 5436 tran-

218 5455 517 5517 scenderit.
549 5456 709 5509 modo
741 5457 1002 5509 ineﬂabili
1040 5455 1289 5523 emergit.

298 5548 318 5580 ι
365 5527 519 5582 Mens
565 5525 814 5592 simplex,
848 5528 931 5579 vel
988 5527 1168 5595 potius
1228 5525 1378 5578 omni
1430 5526 1649 5577 notione
1692 5541 1790 5577 nu-

221 5604 375 5663 data,
412 5607 469 5651 ct
519 5598 573 5650 in
609 5595 959 5663 simplicitate
1001 5598 1246 5647 divinum
1298 5595 1479 5647 lmneu
1551 5600 1662 5647 tota
1706 5597 1786 5647 in-

218 5684 435 5740 gressa,
488 5668 664 5740 et_ab
720 5676 1177 5740 ipsoACtioperta,
1244 5679 1352 5716 non
1410 5665 1608 5740 _hahet_
1642 5666 1787 5740 aliud

219 5734 503 5807 quidpiam
557 5736 821 5799 invenire,
857 5736 911 5788 in
960 5752 1071 5804 quo
1118 5738 1211 5807 sit,
1247 5744 1304 5785 ιιι
1348 5736 1510 5807 etiam
1546 5734 1612 5807 ad
1643 5734 1809 5807 illtns'

220 5802 637 5877 intelligentiam
675 5802 1006 5869 moveatur}
1044 5806 1136 5877 sed
1174 5806 1223 5856 in
1264 5802 1536 5873 profundo
1568 5804 1789 5858 luminis

221 5876 688 5937 divinituaneus.
740 5877 884 5933 foras
919 5876 1193 5941 respicere
1240 5878 1468 5931 omnino
1525 5886 1631 5929 non
1668 5889 1788 5944 per—

2004 1972 2021 2003 ι
2067 1950 2206 2005 Tum
2265 1969 2417 2007 mens
2446 1990 2462 2012 ,
2506 1956 2768 2005 continuo
2818 1965 2964 2007 mottt
3025 1954 3155 2007 cieri
3209 1953 3392 2013 solita,
3429 1952 3502 2004 sit

1929 2022 2248 2086 immobilis,
2283 2032 2336 2077 et
2383 2023 2530 2075 omni
2579 2024 2896 2085 cogitationi
2936 2040 3161 2090 pansam
3210 2023 3344 2083 dat.
3374 2036 3497 2075 cum

1925 2093 2187 2145 nimirum
2218 2103 2331 2147 tota
2385 2109 2410 2146 a
2449 2092 2634 2147 divina
2694 2093 2944 2157 caligine,
2998 2094 3313 2159 lumincque
3362 2106 3497 2143 cou-

1924 2172 2064 2215 ιρι-ιιι
2094 2166 2281 2218 fuerit.
2321 2163 2688 2217 Nihilominus
2736 2174 2966 2227 spectat.
3001 2166 3181 2221 sentit.
3211 2175 3262 2216 et
3291 2162 3496 2215 ft‘ttitnr

1924 2233 2106 2296 bonis,
2144 2235 2196 2288 in
2236 2236 2438 2303 quibus
2471 2245 2747 2288 versatur.
2786 2233 2895 2286 Nee
2927 2237 3077 2290 enim
3117 2243 3173 2287 ιιι
3204 2232 3497 2303 profundi-

1922 2312 2005 2357 tas
2042 2301 2310 2358 nudorum
2358 2305 2544 2367 maris,
2588 2306 2666 2357 sie
2698 2316 2749 2357 et
2785 2306 3127 2373 profunditas
3157 2303 3331 2357 sancti
3366 2301 3493 2369 Spi-

1934 2375 2070 2428 ritus
2108 2392 2120 2427 :
2176 2373 2267 2427 sed
2301 2385 2385 2429 est
2435 2390 2573 2443 aqua
2609 2377 2729 2430 viva
2791 2375 2919 2427 vitze
2954 2385 3169 2428 aeterna!
3197 2374 3382 2444 (Joan.
3413 2388 3486 2432 tv,

1926 2444 2033 2503 l0).
2071 2445 2265 2498 Onuia
2306 2459 2470 2512 porro
2510 2446 2620 2497 illic.
2655 2461 2755 2498 nec
2792 2446 3039 2505 intelligi.
3084 2459 3184 2498 nec
3238 2458 3492 2512 compreo

1923 2514 2109 2578 bendi,
2150 2532 2245 2568 nec
2274 2515 2531 2586 explicari
2559 2525 2787 2586 queunt,
2811 2516 2864 2569 in
2892 2517 3094 2582 quibus
3131 2529 3287 2567 mens
3302 2514 3485 2586 omnia

1923 2586 2301 2652 aspectabilia.
2335 2597 2388 2640 et
2415 2585 2516 2638 sub
2538 2584 2872 2640 intellectum
2904 2586 3158 2637 cadentia
3184 2584 3486 2643 transiens.

1922 2667 2191 2718 moratur,
2230 2665 2282 2709 et
2314 2658 2366 2710 in
2420 2656 2553 2711 solis
2588 2657 2697 2709 illis
2739 2656 3097 2709 immobiliter
3152 2662 3403 2707 movetur
3424 2670 3489 2708 ac

1919 2727 2174 2795 vertitur,
2213 2720 2404 2782 vi'vens
2460 2728 2512 2779 in
2556 2728 2663 2780 vita
2706 2741 2869 2795 supra
2911 2730 3102 2785 vitam.
3139 2726 3257 2790 ipsa
3306 2725 3491 2778 lumen

1919 2794 2226 2855 in‘Iumine.
2256 2798 2440 2850 lumen
2476 2812 2583 2850 non
2616 2813 2710 2864 per
2733 2794 2790 2849 se
2826 2814 2859 2864 :_
2892 2813 2999 2850 non
3034 2797 3177 2848 enim
3213 2806 3339 2847 tunc
3402 2810 3489 2846 se.-

1918 2863 2114 2931 ip:am,
2176 2867 2268 2921 sed
2324 2869 2414 2933 qui
2452 2860 2627 2935 super
2658 2860 2953 2929 ipsam'ect
2998 2866 3163 2920 videt.
3220 2874 3272 2917 et
3302 2881 3366 2918 ex
3400 2866 3488 2919 illa

1917 2937 2087 3004 gloria
2121 2938 2546 3004 cogitationibus
2600 2938 2923 2995 immutatis.
2986 2937 3220 3003 seipsam
3250 2935 3485 2995 ignorat.

1994 3024 2017 3057 α
2066 3006 2331 3067 Mortuus,
2370 3022 2467 3059 nec
2511 3017 2760 3058 mortuus
2792 3016 2897 3067 est,
2931 3006 3022 3071 qui
3056 3022 3181 3058 enm
3231 3006 3295 3058 ad
3331 3021 3486 3059 men-

1916 3092 2100 3131 suram
2144 3077 2495 3143 perfectionis
2525 3077 2825 3145 pertigerit,
2855 3078 2987 3129 vivit
3023 3077 3073 3128 in
3121 3075 3253 3135 Deo,
3289 3076 3343 3128 in
3375 3092 3487 3143 quo

1916 3156 2020 3208 est,
2051 3150 2209 3213 quasi
2276 3148 2327 3200 itt
2386 3146 2683 3214 semetipso
2729 3163 2838 3201 non
2894 3146 3062 3199 vivat.
3091 3146 3302 3207 Caecus,
3330 3146 3487 3215 quasi

1918 3230 2138 3275 natura.
2171 3233 2296 3271 cum
2348 3217 2497 3271 omni
2533 3225 2760 3281 aspectu
2795 3218 3032 3271 naturali
3074 3218 3248 3269 factus
3290 3216 3361 3269 sit
3395 3232 3489 3269 su-

1918 3289 2100 3357 perior
2140 3307 2152 3341 :
2191 3294 2378 3354 utpote
2428 3288 2521 3354 qui
2564 3302 2733 3341 novos
2769 3289 2980 3346 oculos.
3031 3296 3086 3341 et
3140 3286 3487 3357 naturalibus

1916 3359 2129 3423 absque
2177 3358 2593 3424 comparatione
2638 3359 3049 3423 prtestantiores
3098 3356 3377 3423 acceperit
3431 3366 3488 3411 et

1916 3444 2081 3492 supra
2111 3438 2322 3482 natura:
2351 3428 2457 3480 vim
2495 3437 2703 3480 cernat.
2736 3426 2930 3493 Operis
2966 3440 3183 3491 expers,
3206 3437 3258 3478 et
3294 3427 3487 3479 immo-

1915 3499 2062 3558 bilis.
2092 3509 2147 3551 ut
2176 3498 2267 3565 qui
2300 3513 2521 3551 omnem
2560 3496 2899 3550 [unctionem
2946 3512 3101 3550 suam
3159 3497 3481 3562 expleverit,

1911 3580 1965 3621 et
1996 3569 2317 3622 absolverit.
2353 3567 2483 3621 Sine
2522 3567 2878 3632 cogitatione,
2909 3578 2969 3621 ιιι
3025 3568 3287 3619 unionem
3334 3567 3483 3619 omni

1912 3639 2249 3707 cogitatione
2304 3638 2645 3705 Superiorem
2708 3637 2959 3702 adeptus,
2995 3648 3047 3691 et
3103 3636 3481 3707 requiescens,

1910 3706 2001 3761 ttbi
2036 3709 2181 3762 nulla
2215 3714 2299 3761 est
2336 3709 2535 3760 mentis
2578 3708 2744 3768 actio,
2783 3709 2895 3759 sive
2931 3709 3076 3759 nllus
3119 3706 3182 3757 ad
3231 3706 3479 3773 cogitau-

1908 3779 2059 3833 dum.
2096 3786 2189 3830 aut
2243 3776 2704 3837 ratiocinandum,
2758 3786 2849 3829 aut
2902 3777 3319 3843 concipiendum
3372 3791 3485 3828 mo-

1909 3856 2016 3899 tus.
2053 3848 2187 3913 Quae
2246 3847 2393 3900 enim
2459 3848 2735 3901 intellectu
2800 3846 3163 3913 impossibilia
3221 3854 3374 3907 sunt,
3414 3860 3478 3903 ea

1908 3916 2231 3985 intelligere,
2263 3925 2358 3970 aut
2413 3930 2746 3985 pernoscere
2809 3932 2917 3968 non
2984 3925 3202 3984 potest:
3237 3924 3292 3969 et
3338 3931 3480 3985 quo-

1904 3986 2197 4041 dammodo
2239 3988 2293 4040 in
2330 3985 2435 4046 bis.
2466 3988 2656 4055 requie
2690 3988 2816 4049 illa,
2860 3986 3256 4039 iutmnbilitatis
3304 3985 3478 4041 beatae

1904 4057 2347 4112 insensibilitatis
2400 4058 2713 4125 requiescit.
2760 4071 2922 4109 sensu
2977 4058 3254 4109 constanti
3320 4056 3479 4110 inex-

1904 4128 2243 4195 ριίοειιιίιίυιιι
2277 4127 2545 4180 bonorum
2583 4126 2820 4189 deliciis,
2856 4128 3032 4196 posita
3061 4126 3391 4180 curiositate
3419 4141 3480 4181 se

1900 4198 2207 4266 objectans.

1978 4264 1995 4318 ε
2027 4266 2130 4333 Qui
2159 4266 2223 4320 ad
2259 4266 2403 4322 hunc
2438 4267 2662 4321 modum
2697 4267 3051 4336 perfectionis
3088 4264 3390 4335 pervenire,
3421 4275 3476 4323 et

1901 4336 2216 4401 huiusmodi
2274 4338 2414 4391 bona
2491 4339 2742 4392 obtinere
2792 4353 2900 4391 non
2960 4338 3179 4399 meruit,
3238 4338 3476 4405 seipsum

1900 4408 2074 4460 solum
2113 4408 2441 4461 condemnet
2470 4450 2482 4468 .
2515 4418 2570 4462 et
2609 4425 2676 4461 ne
2725 4407 3137 4461 excusationem
3186 4418 3471 4476 przetexat,

1896 4493 2021 4530 esse
2076 4493 2192 4531 rem
2231 4479 2626 4545 impossibiletn
2675 4496 2689 4531 :
2734 4482 2827 4530 aut
2883 4478 3199 4543 contingere
3251 4478 3472 4543 quidem

1902 4548 2315 4612 perfectionem,
2356 4550 2448 4601 sel
2477 4552 2578 4610 ira,
2616 4560 2670 4599 ιιι
2696 4562 2803 4599 non
2838 4562 3165 4615 cognoscas.
3198 4550 3291 4600 sed
3333 4562 3361 4598 e
3388 4547 3473 4599 di-

1903 4619 2041 4669 vinis
2081 4617 2388 4685 Seripturis
2439 4622 2755 4673 certissime
2786 4619 2949 4678 norit,
2999 4631 3113 4670 rem
3147 4632 3272 4671 esse
3305 4618 3478 4683 possi-

1899 4687 2058 4740 bilem
2085 4701 2147 4739 ac
2188 4702 2393 4743 veram.
2431 4696 2483 4740 ct
2518 4703 2685 4755 opere
2724 4689 2844 4753 ipso
2878 4688 3017 4749 tleri,
3046 4698 3098 4738 et
3128 4688 3200 4739 ita
3223 4687 3472 4753 quidem,

1901 4770 1955 4807 ut
1996 4766 2361 4825 cognoscatur
2403 4758 2539 4811 fleri.
2585 4759 2893 4810 Omissionu
2946 4766 3149 4818 autent,
3184 4769 3237 4810 et
3273 4757 3472 4809 inertia

1900 4827 1951 4878 in
1997 4827 2265 4879 mandatis
2298 4828 2588 4887 obeundis,
2624 4827 3004 4896 unusquisque
3040 4826 3235 4879 borum
3271 4840 3331 4879 se
3358 4827 3476 4896 ipse

1896 4899 2259 4966 proportione
2290 4899 2445 4950 benis
2480 4899 2600 4951 istis
2639 4898 2836 4963 pritat.

1969 4968 2043 5037 (7)
2076 4966 2358 5020 Pontanus
2399 4969 2581 5020 addit:
2612 4986 2628 5014 ‹
2670 4966 2810 5019 Deus
2835 4968 2901 5018 ab
2925 4966 3090 5037 initio
3125 4966 3264 5017 duos
3303 4982 3465 5019 mun-

1896 5036 1996 5091 dos
2027 5038 2311 5090 fabricavit
2341 5078 2354 5099 ,
2396 5038 2659 5090 visibilem
2693 5050 2744 5089 et
2777 5036 3103 5089 invisibilem
3136 5050 3341 5088 :unum
3373 5051 3473 5088 au-

1898 5118 2000 5161 tem
2041 5122 2220 5176 regem
2275 5122 2464 5159 eorum
2503 5122 2623 5174 qua:
2662 5106 2945 5160 oculorum
3004 5122 3171 5160 sensu
3221 5106 3488 5175 percipe-.

1897 5187 2117 5239 rentur;
2154 5176 2499 5245 duorumque.
2534 5178 2858 5230 mundorum
2906 5181 3318 5235 characterem,
3368 5190 3466 5229 seu

1897 5258 2077 5300 notam
2110 5247 2163 5299 in
2196 5264 2254 5299 se
2303 5248 2422 5311 ipso
2460 5246 2745 5306 ferentem,
2794 5246 3145 5312 aspectabilis
3178 5247 3467 5305 nimirum,

1896 5329 1948 5370 et
2002 5318 2066 5368 ad
2101 5315 2515 5384 intelligentiam
2568 5317 2910 5384 pertinente.
2963 5316 3059 5367 llis
3097 5324 3469 5385 congruenter

1895 5402 2111 5455 quoque
2141 5385 2249 5437 duo
2281 5388 2428 5439 Soles
2465 5388 2664 5447 lucent,
2707 5401 2847 5439 unus
2886 5386 3181 5446 Sensibilis,
3220 5387 3359 5438 alter
3389 5385 3467 5438 in-

1896 5456 2193 5525 ti-lligibilis
2223 5472 2237 5507 :
2274 5456 2528 5522 quodque
2558 5464 2641 5507 est
2675 5456 2728 5509 in
2760 5456 3092 5518 visibilibus,
3129 5465 3179 5507 et
3207 5456 3311 5525 sub
3339 5469 3467 5507 sen-

1894 5524 2033 5579 sutn’
2056 5527 2402 5586 cadentibus,
2436 5527 2536 5585 sil,
2574 5527 2676 5578 ltoc
2716 5527 2766 5578 iu
2806 5527 2871 5577 iis
2908 5541 3025 5593 qua!
3060 5536 3269 5577 tantum
3306 5524 3469 5577 intel'

1894 5596 2156 5661 ligttutur,
2195 5596 2358 5649 licita.
2396 5596 2631 5648 Justitite
2670 5599 2814 5647 enim
2852 5596 2943 5649 Sol
2977 5604 3083 5660 est,
3118 5611 3181 5647 ac
3211 5595 3465 5646 nomina-

1898 5676 1983 5718 tur
2016 5665 2276 5735 (Malaclt.
2319 5681 2389 5725 tv.
2432 5665 2511 5733 2).
2565 5666 2738 5718 llabes
2778 5666 2944 5733 igitur
2994 5666 3295 5717 secundum
3348 5665 3464 5735 lure

1894 5734 2039 5791 soles
2064 5736 2228 5805 duos)
2265 5750 2429 5787 unum
2465 5736 2768 5801 subjectum
2800 5737 2997 5793 oculis.
3021 5735 3255 5805 alterum
3294 5734 3463 5785 menti

1890 5816 1943 5860 et
1985 5808 2215 5869 rationi;
2263 5805 2729 5872 quemadmodum
2769 5805 2896 5856 item
2928 5806 3039 5861 duo
3069 5804 3253 5854 mundi
3286 5811 3420 5858 sunt
3451 5844 3464 5861 ,

1898 5883 1948 5927 ut
1996 5876 2260 5933 diximus.
2304 5875 2368 5928 Et
2422 5878 2558 5931 alter
2588 5877 2809 5944 quidem
2863 5880 3079 5939 horum,
3126 5877 3179 5927 id
3230 5883 3335 5935 est,
3370 5876 3459 5936 Qui
