4182 6456
723 362 827 421 635

1911 356 2293 416 SYMEONIS
2327 356 2694 418 JUNIORIS

3841 353 3954 416 636

791 472 884 525 tit.
916 469 1022 523 Nos
1052 471 1142 538 qui
1180 469 1364 525 ﬁdeles
1398 483 1621 532 sumus,
1656 470 1938 524 univtrsos
1975 469 2156 523 titleles
2190 486 2283 521 ve-

2442 473 2540 538 ξα.’.
2569 473 2785 534 Πάντας
2811 473 2935 534 τοὺς
2971 473 3194 534 πιστοὺς
3253 470 3328 532 ὡς
3359 470 3456 524 ἕνα
3487 471 3704 539 βλέπει-ι
3741 472 3962 540 ὀφείλο-

731 572 804 618 lnt
833 578 999 616 unum
1043 563 1238 615 intueri
1271 562 1555 625 debci...;s,
1583 569 1635 613 ct
1663 560 1978 614 existimare
2020 561 2071 611 in
2111 559 2290 612 omni-

728 658 826 708 hus
857 653 1142 708 Christum
1174 669 1298 708 esse
1352 672 1364 706 :
1417 668 1649 721 eamque
1696 666 1821 720 erga
1873 651 2052 719 ipsum
2097 665 2290 721 gerere

724 746 1048 801 charitatem
1081 788 1095 810 ,
1130 755 1187 798 ut
1230 761 1328 814 pro
1363 760 1429 800 eo
1463 746 1673 798 animas
1723 752 1939 798 nostras
1969 759 2169 812 ponere
2197 757 2318 811 pa--

726 838 825 889 rati
868 837 1061 908 simus.
1095 836 1309 890 Etenim
1359 836 1614 890 universe
1662 835 1933 888 neminem
1984 833 2288 902 improbum

726 929 908 982 dicere
964 939 1055 981 aut
1099 928 1348 998 judicare
1381 929 1641 984 debemus
1672 969 1686 992 ,
1715 927 1809 984 sed
1841 944 2028 982 omnes
2066 943 2162 996 pro
2195 928 2291 982 bo-

728 1016 815 1069 uis
850 1016 1065 1077 ducere,
1105 1024 1162 1069 ut
1213 1017 1549 1072 dicebamus.
1584 1017 1809 1071 Etiamsi
1855 1018 2166 1086 quempiam
2216 1018 2293 1070 vi-

732 1107 885 1159 liosis
919 1107 1155 1161 motibus
1191 1108 1618 1163 tumultuantem
1655 1109 1877 1172 videris,
1909 1124 2016 1162 non
2045 1108 2292 1171 fratrem,

728 1204 821 1255 sed
875 1219 1068 1272 pravas
1117 1208 1514 1262 concitationes
1556 1207 1761 1270 oderis,
1812 1223 1840 1261 a
1877 1209 2078 1276 quibus
2126 1224 2296 1277 oppu-

725 1294 1086 1371 gnatur..'Sin
1145 1314 1174 1348 a
1224 1298 1642 1368 cupiditatibus,
1693 1310 1747 1354 et
1784 1301 1933 1354 curis
1983 1301 2294 1369 anticipatis

727 1385 929 1454 misere
953 1390 1312 1457 exagitatum,
1346 1391 1553 1459 majore
1583 1391 1734 1444 illum
1772 1393 2147 1466 misericordia
2175 1408 2299 1459 pro~

729 1493 976 1546 Feqttcrc,
1018 1497 1086 1534 ne
1113 1491 1168 1535 et
1201 1492 1258 1536 tu
1302 1484 1559 1549 tentcris;
1599 1492 1790 1553 utpote
1832 1496 2024 1538 natura
2056 1486 2298 1537 mutabili

734 1573 1015 1640 przcditns,
1053 1589 1326 1643 quamque
1365 1574 1596 1628 adversa
1631 1577 1916 1632 incursare
1963 1575 2123 1631 facile
2173 1593 2298 1645 pos-

729 1674 856 1718 sunt
897 1667 993 1733 (8).

798 1758 887 1813 62.
923 1759 978 1813 Si
1011 1759 1133 1827 quis
1178 1768 1238 1814 ut
1290 1761 1569 1830 hypocrita
1621 1758 1858 1820 fucatus.
1911 1767 2004 1813 aut
2045 1760 2115 1812 oh
2162 1759 2298 1814 facta

2373 583 2471 635 μεν
2503 567 2553 617 οἱ
2583 566 2789 629 πιστοὶ,
2817 567 2910 618 καὶ
2951 567 3044 617 ἐπὶ
3080 566 3162 618 ἐνὶ
3192 566 3410 634 ἑκάστῳ
3473 565 3652 618 αὐτῶν
3696 562 3834 618 εἶναι
3877 567 3962 616 lo-

2382 659 2620 726 τίζεσθαι
2652 662 2742 711 τὸν
2777 661 3011 728 Χριστόν
3033 675 3044 686 ·
3080 659 3174 710 καὶ
3195 658 3340 710 οὕτω
3372 660 3437 727 τῇ
3466 658 3600 729 πρὸς
3631 659 3796 710 αὑτὸν
3823 658 3966 725 ἁγά-

2373 752 2802 832 πῃεδιακεῑσοαι,
2828 752 2901 813 ὡς
2936 751 3187 818 ἑτοίμους
3219 744 3357 802 εἶναι
3391 749 3532 822 ὑπὲρ
3561 749 3726 802 αὑτοῦ
3751 749 3963 802 τιθέντι

2373 847 2468 907 τὰς
2503 843 2636 906 ἰδίας
2665 843 2843 912 ψυχάς
2865 859 2878 872 ο
2913 843 3033 894 οὐδὲ
3064 841 3172 912 γὰρ
3201 841 3261 893 τὸ
3293 838 3524 892 καθόλου
3551 840 3732 906 λέγειν
3753 880 3769 902 ,
3803 840 3836 908 ἦ
3877 857 3961 890 νο-

2373 937 2551 1006 μίζειν
2604 935 2891 1004 ὀφείλομέν
2941 952 3062 988 τινα
3123 933 3380 1004 πονηρὸν,
3432 933 3571 986 ἀλλά
3616 934 3826 994 πάντας
3885 932 3964 993 ὡς

2373 1031 2610 1099 ἀγαθοὺς
2638 1031 2793 1099 ὁρᾷν,
2827 1033 3016 1099 ὥσπερ
3056 1028 3284 1096 εἴπομεν
3305 1044 3319 1059 ·
3370 1025 3470 1078 κᾶν
3497 1026 3603 1094 γὰρ
3635 1026 3738 1077 ὑπὸ
3767 1026 3962 1076 παθιῖ,υ

2370 1124 2692 1192 ὀχλούμενον
2717 1123 2824 1193 ἴδῃς
2851 1122 2996 1182 τινὰ,
3032 1119 3107 1190 μὴ
3134 1120 3224 1171 τὸν
3252 1118 3500 1186 ἀδελφὸν,
3539 1117 3672 1170 ἀλλὰ
3708 1117 3775 1168 τὰ
3807 1117 3958 1182 scitir;

2376 1214 2609 1282 μίσησον
2643 1215 2709 1264 τὰ
2767 1211 3107 1281 πολεμοῦντι
3139 1209 3322 1273 αὑτὸν,
3360 1207 3460 1260 κᾶν
3506 1209 3609 1260 ὑπὸ
3649 1207 3961 1276 ἐπιθυμιῶν

2376 1307 2468 1356 καὶ
2489 1304 2812 1372 προλήψεων
2843 1304 3301 1373 τυραννούμενον,
3337 1302 3428 1352 ἐπὶ
3457 1301 3639 1352 πλεῖον
3668 1299 3963 1367 σπλαγχνί-

2379 1394 2562 1464 σοητι·
2601 1398 2674 1463 μή
2726 1411 2856 1447 ποτε
2893 1394 2988 1446 καὶ
3016 1394 3182 1454 αὐτὸς
3216 1391 3544 1463 πειρασθῇς,
3589 1391 3664 1453 ὡς
3697 1392 3803 1443 ὑπὸ
3831 1408 3960 1460 τρο-

2379 1485 2482 1553 πὴν
2517 1484 2594 1536 ὢν
2635 1484 2764 1554 ὕλης
2795 1485 3207 1554 εύπεριστάτνιυ.

2451 1761 2547 1830 ξβκ
2584 1763 2647 1814 Εἴ
2675 1779 2757 1824 τις
2813 1760 3066 1830 κίϐδηλος
3094 1759 3156 1824 ἐξ
3218 1760 3578 1827 ὑποκρίσεως,
3617 1759 3648 1829 ἢ
3692 1760 3749 1822 ἐξ
3781 1760 3963 1829 ἔργων

730 1869 830 1906 sua
885 1853 1310 1920 reprehensione
1359 1853 1575 1922 dignus.
1623 1863 1717 1906 aut
1765 1851 1831 1905 ad
1872 1853 2036 1908 breve
2084 1861 2299 1919 tempus

2401 1851 2688 1921 ,πξμωμος,
2721 1850 2754 1921 ἢ
2781 1850 2918 1920 πρὸς
2947 1849 3121 1920 βραχὺ
3168 1848 3576 1918 τεθραυσμένος
3606 1852 3665 1914 ἐξ
3699 1851 3819 1912 ἑνὸς
3856 1852 3963 1903 πά-

734 1947 958 2009 fractus,
989 1952 1042 1998 et
1072 1944 1324 2013 abiectus
1353 1953 1437 1999 est
1465 1983 1477 2005 ,
1511 1953 1605 1997 aut
1650 1945 1990 2013 aliquantum
2020 1959 2088 1999 ex
2125 1944 2300 2012 negli-

2401 1943 2588 2014 Ιους,ἥ
2627 1943 2822 2013 μικρὸν
2845 1941 3066 2010 ἐλλιπὴς
3101 1941 3159 2006 ἐξ
3190 1941 3453 2010 ἀμελείας
3482 1943 3540 1992 ὲν
3573 1942 3732 2010 μέρει
3760 1944 3963 2011 τυγχά-

732 2035 911 2100 gentia
946 2035 999 2087 in
1037 2035 1218 2101 aliqua
1253 2044 1406 2106 parte
1432 2034 1590 2088 officii
1617 2036 1699 2088 sui
1723 2035 2014 2099 claudicat,
2064 2035 2302 2104 perfecte

2401 2052 2483 2100 νει,
2514 2035 2575 2087 οὐ
2630 2032 3167 2104 συγκαταριθμείται
3213 2035 3325 2095 τοῖς
3369 2033 3708 2105 ὁλοκλήροις,
3739 2034 3856 2087 ἀλλ’
3888 2037 3963 2096 ὡς

735 2125 886 2186 sanis
927 2141 1032 2178 non
1081 2126 1516 2180 adnumeratur:
1545 2126 1639 2180 sed
1677 2135 1940 2195 tanquam
1984 2127 2216 2191 inutilis,
2249 2137 2302 2180 ct

2401 2127 2654 2198 ἱχρηστος
2684 2125 2779 2178 καὶ
2799 2125 3056 2194 ἀδόκιμος
3079 2123 3445 2178 ἀποϐάλλεται
3466 2165 3482 2189 ,
3510 2127 3598 2178 ἵνα
3649 2127 3724 2197 μὴ
3745 2129 3803 2179 ὲν
3838 2145 3964 2178 και-

734 2218 994 2284 reprohus
1023 2216 1300 2284 abjicitur,
1331 2233 1422 2282 ne,
1453 2219 1581 2271 dum
1618 2226 1809 2272 catena
1842 2219 2162 2281 intenditur,
2193 2219 2302 2288 ipse

2401 2219 2464 2289 at}:
2495 2219 2726 2282 τάσεως,
2765 2216 3128 2287 διαρραγῆναι
3157 2217 3358 2288 ποιήσῃ
3407 2217 3497 2270 τὸν
3532 2217 3829 2287 σύνδεσμον
3863 2219 3965 2286 τῆς

737 2307 898 2362 faciat
942 2318 998 2360 ut
1030 2310 1150 2376 eius
1182 2310 1499 2378 conjunctio
1551 2311 1901 2380 dirumpatur
1943 2320 1996 2366 et
2049 2312 2302 2366 interviil-

2401 2311 2650 2375 ὶλύσεως,
2685 2310 2780 2362 καὶ
2826 2309 3108 2362 διάστασιν
3140 2309 3196 2360 ὲν
3231 2307 3596 2374 ἀδιαστάτοις,
3658 2310 3752 2361 καὶ
3785 2310 3962 2361 λύπας

737 2400 844 2454 lum
873 2402 1032 2454 detur
1058 2403 1110 2455 in
1142 2403 1249 2468 his,
1279 2417 1400 2480 qua:
1426 2403 1695 2471 proxime,
1726 2404 2147 2471 arctissimeque
2191 2404 2302 2457 sine

2401 2421 2443 2455 εν
2467 2402 2794 2472 ἀμφοτέροις
2824 2398 3126 2469 ἐργάσηται
3152 2416 3165 2429 ·
3195 2399 3303 2454 τῶν
3329 2399 3429 2468 μὲν
3457 2399 3789 2470 ἔμπροσθεν,
3826 2402 3967 2468 ὑπὲρ

736 2494 1018 2545 intervallo
1056 2495 1408 2549 colmrebant
1439 2513 1452 2548 :
1480 2503 1534 2549 et
1570 2497 1818 2562 utrisque
1846 2496 2179 2560 molestiam,
2210 2496 2307 2549 do-

2385 2496 2494 2548 τῶν
2521 2494 2783 2566 ὑστέρων,
2812 2493 2922 2545 τῶν
2953 2492 3030 2552 δὲ.
3063 2494 3205 2563 ὑπὲρ
3232 2491 3328 2545 τοῦ
3357 2492 3639 2563 χωρισμοῦ
3692 2493 3802 2546 τῶν
3834 2511 3967 2562 προ-

740 2590 1018 2656 Ιί.ι·ριη‹ιυε
1051 2590 1247 2657 pariat,
1275 2590 1403 2642 dum
1439 2589 1651 2656 priores
1686 2597 1909 2658 propter
1933 2592 2302 2658 sequentium,

2401 2589 2627 2658 ιγόντων
2657 2585 3076 2656 ἀλγεινομένων.

740 2689 792 2733 et
843 2681 896 2733 hi
961 2689 1183 2749 propter
1241 2681 1665 2751 praecedentium
1722 2681 2122 2753 separationem
2182 2699 2307 2739 cru-

741 2773 954 2824 riantur
998 2772 1096 2840 (9).

743 2970 962 3011 sensum
1000 2965 1178 3010 movet
1201 2996 1215 3016 .
1251 2970 1375 3010 cum
1410 2957 1691 3019 omnibus,
1725 2973 1847 3025 quae
1887 2958 2291 3026 complectitur,

744 3034 810 3081 ah
835 3030 939 3082 hoc
962 3027 1203 3080 sensibili
1244 3037 1298 3080 et
1330 3028 1644 3093 aspectabili
1673 3029 1790 3084 sole
1819 3029 2179 3083 illuminatur.
2209 3031 2300 3082 Al-

743 3113 822 3153 ter
841 3113 992 3159 vero,
1021 3098 1130 3150 sive
1153 3097 1529 3163 intelligihilis,
1564 3100 1697 3164 ipse.
1725 3111 1778 3153 et
1809 3115 1928 3166 qtias
1965 3099 2016 3151 iii
2045 3116 2110 3152 eo
2145 3108 2293 3163 sunt,

747 3173 812 3225 ah
839 3166 1186 3223 intellectuali
1221 3167 1345 3220 Sole
1377 3169 1600 3231 iustitiae
1637 3168 1832 3231 lucem,
1880 3171 2297 3233 claritatemque

2403 2965 2551 3020 velut
2603 2964 2840 3031 irrigat:e
2890 2964 3092 3028 planta
3142 2964 3400 3016 v'rtutuzn
3445 2959 3650 3016 sensi.n
3704 2959 3756 3012 in
3811 2973 3974 3011 auras

2404 3036 2698 3104 prodeunt.
2731 3045 2892 3100 atque
2925 3036 3261 3087 adolescunt.

2481 3124 2500 3156 c
2543 3104 2634 3158 Sol
2664 3105 2937 3159 sensibilis
2963 3104 3227 3164 exoritur,
3263 3103 3524 3156 mundum
3547 3119 3634 3162 pte.
3669 3103 3834 3156 istum
3866 3102 3981 3156 luce

2409 3192 2504 3227 sua
2539 3176 2718 3238 vestit,
2753 3183 2806 3228 et
2832 3175 3012 3228 omnia
3040 3189 3159 3241 quae
3181 3173 3268 3225 illo
3299 3173 3670 3240 continen‘ur,
3703 3173 3975 3231 homines.

745 3241 1040 3310 accipiunt.
1094 3237 1388 3310 Sensibirlia
1422 3239 1586 3310 igitur
1628 3253 1654 3310 a
1697 3241 1963 3310 sensibili.
2000 3251 2050 3292 et
2097 3241 2300 3293 intelli—
2333 3233 2374 3288 C
2411 3247 2574 3306 feras,
2609 3233 2879 3310 iumenta,
2908 3253 2959 3296 et
2990 3233 3094 3295 alia
3127 3260 3290 3310 super
3319 3259 3440 3309 qua:
3476 3244 3562 3295 lux
3603 3233 3669 3296 se‘
3698 3244 3977 3307 minamur

746 3311 928 3377 sibilia
979 3309 1046 3360 ah
1094 3307 1422 3374 intelligihili
1472 3308 1598 3360 Sole
1625 3307 1860 3362 divisum
1903 3309 2296 3363 illustrantur:

749 3382 948 3435 nullam
991 3380 1207 3446 penitus
1243 3379 1383 3431 inter
1413 3395 1471 3432 se
1501 3378 1938 3443 conjunctionem
1966 3419 1979 3440 ,
2018 3390 2112 3432 aut
2166 3380 2304 3430 noti-

750 3452 897 3508 liam,
935 3456 1026 3502 aut
1054 3447 1490 3501 communionem
1524 3449 1869 3505 habentibus.
1904 3465 2079 3507 neque
2112 3449 2309 3500 intelli-

750 3522 1003 3577 tziliilihns
1028 3533 1151 3570 cum
1184 3518 1560 3581 sensibilihus,
1596 3533 1769 3587 neque
1793 3519 2151 3572 sensibilibus
2181 3533 2305 3571 cum

753 3589 1201 3648 intelliaihilibtts.

828 3681 845 3712 ι
906 3660 1066 3713 Solus
1117 3658 1277 3710 homo
1327 3674 1390 3711 ex
1447 3659 1700 3711 omnibus
1755 3673 1980 3725 qumque
2035 3656 2307 3721 videntur,

752 3746 978 3800 quaque
1006 3737 1212 3780 tantum
1245 3729 1426 3778 animo
1457 3737 1779 3789 cernuntur,
1816 3725 2011 3800 duplex
2035 3768 2048 3788 ,
2085 3743 2178 3780 seu
2223 3744 2311 3791 ge-

754 3797 935 3854 minus
964 3814 992 3851 a
1025 3800 1132 3851 Deo
1155 3807 1370 3850 creatus
1395 3805 1496 3857 est,
1521 3813 1719 3865 corpus
1738 3797 1954 3861 quidem
1981 3811 2044 3849 ex
2077 3809 2312 3861 quatuor

757 3871 949 3936 primis
1000 3867 1342 3932 corporibus,
1391 3883 1486 3919 seu
1537 3867 1818 3920 elementis
1873 3876 2311 3930 coagmentatum

759 3941 982 4000 habens,
1017 3953 1348 4002 sensumque
1385 3951 1446 3988 ac
1486 3939 1757 4004 spiritum,
1790 3951 1886 3998 per
1913 3952 2072 4000 quem
2118 3936 2311 3988 horum

759 4012 1141 4078 principiorum
1170 4015 1250 4058 est
1281 4008 1551 4074 particeps
1583 4007 1716 4078 etin
1750 4006 1852 4058 illis
1884 4005 2047 4056 vivit:
2077 4007 2311 4057 animant

758 4076 934 4132 autem
972 4076 1366 4143 intelligentim,
1405 4085 1458 4128 et
1489 4076 1703 4129 consilii
1751 4083 2080 4140 compotem,
2126 4090 2154 4127 a
2201 4091 2315 4126 ma-

759 4150 915 4209 teria,
951 4159 1001 4200 et
1032 4162 1257 4212 corpore
1292 4147 1550 4204 liberam,
1583 4161 1674 4197 seu
1712 4144 1934 4196 minium
1965 4155 2312 4209 corporatam

761 4220 906 4271 hisce
957 4217 1410 4284 inipersCrutabili
1451 4224 1505 4268 et
1553 4214 1916 4282 inexplicabili
1966 4215 2178 4268 ratione
2220 4229 2316 4265 co-

759 4289 1022 4355 pulatam,
1055 4287 1299 4348 citraque
1329 4286 1636 4355 mistionem
1668 4293 1721 4336 et
1753 4284 2138 4355 confusionem
2165 4298 2318 4336 com-

762 4353 996 4410 inistam.
1027 4355 1148 4406 llaec
1181 4371 1340 4422 porro
1382 4371 1524 4408 unus
1560 4354 1723 4407 homo
1756 4364 1916 4413 sunt,
1944 4353 2141 4422 animal
2178 4367 2319 4404 inor-

764 4427 870 4479 tale
921 4435 973 4478 et
1022 4425 1345 4482 immortale.
1379 4425 1525 4490 quod
1576 4422 1744 4475 videri
1784 4437 1884 4475 nec
1915 4423 2084 4475 videri
2123 4431 2316 4488 potest.

762 4496 992 4558 sentiri,
1024 4503 1078 4546 et
1126 4495 1350 4562 intelligi
1388 4511 1400 4546 :
1436 4494 1488 4546 in
1538 4507 1646 4561 quo
1694 4494 1972 4560 spectandi
1998 4502 2314 4562 creaturam

2411 3315 2666 3368 diﬂ‘uudit
2699 3332 2713 3367 :
2747 3331 2852 3380 qua
2890 3329 3106 3367 rursum
3138 3313 3415 3377 occidens,
3451 3315 3628 3365 locum
3661 3328 3821 3376 quem
3861 3312 3978 3362 illit-

2412 3385 2644 3442 strabat.
2679 3386 2915 3438 tenebris
2946 3383 3221 3449 oppletum
3267 3384 3546 3448 relinquit.
3586 3385 3679 3435 Sol
3711 3383 3973 3446 intelligi-

2414 3455 2540 3507 bilis
2568 3453 2760 3519 fulget.
2798 3462 2851 3505 et
2884 3454 3140 3520 fulgebat,
3177 3461 3324 3504 totus
3360 3468 3385 3500 τι
3421 3462 3536 3505 toto
3563 3455 3710 3504 omni
3751 3452 3830 3503 sic
3901 3469 3985 3502 ra-

2413 3533 2562 3593 ptus.
2606 3535 2665 3576 ut
2699 3524 2815 3591 capi
2849 3532 3076 3590 nequeat
3114 3540 3126 3574 :
3161 3538 3188 3593 τι
3219 3522 3489 3574 creaturis
3535 3533 3724 3593 auleur
3755 3522 3872 3593 Suis
3909 3538 3986 3570 w-

2414 3591 2680 3654 cernitur,
2699 3603 2751 3646 et
2782 3604 2926 3653 tutus
2948 3594 3015 3645 ab
3045 3594 3110 3644 iis
3137 3591 3344 3656 absque
3372 3592 3630 3645 di~tantia
3655 3591 3982 3655 seiungitur,

2415 3672 2608 3730 estque
2639 3666 2689 3714 in
2727 3673 2839 3714 toto
2871 3663 3015 3714 omni
3051 3672 3220 3723 totus,
3252 3671 3308 3714 et
3333 3678 3602 3722 nusquam
3641 3671 3746 3712 est.
3775 3660 3831 3712 In
3865 3660 3986 3711 totis

2416 3732 2689 3786 creaturis
2731 3732 3040 3784 visiliililitts
3082 3741 3246 3794 totus,
3292 3739 3346 3783 et
3403 3747 3624 3783 rursum
3679 3742 3835 3782 extra
3893 3732 3985 3780 luas

2420 3810 2585 3854 totus.
2613 3801 2784 3854 Totus
2809 3801 2860 3852 in
2888 3800 3219 3864 visiliilibus,
3251 3808 3305 3852 ct
3331 3809 3476 3854 totus
3505 3803 3556 3851 in
3595 3799 3986 3858 inrisiliililuis,

2416 3883 2469 3926 et
2500 3873 2700 3940 ubique
2728 3880 2876 3922 totus
2905 3871 3080 3940 adest,
3116 3879 3170 3922 et
3198 3881 3344 3922 totus
3377 3871 3716 3940 neutiquam,
3747 3869 3984 3940 uspiam.

2497 3959 2516 3992 ι
2551 3938 2805 3994 Christus
2861 3939 3209 4007 principium,
3265 3941 3527 3995 nte-lium.
3577 3951 3631 3990 et
3683 3938 3831 3999 linis,
3893 3952 3986 3987 seu

2419 4012 2817 4064 consummatio
2841 4009 2999 4062 estin
3025 4009 3302 4067 omnibus.
3331 4009 3532 4076 quippe
3561 4009 3650 4077 qui
3690 4009 3741 4060 in
3773 4007 3990 4071 primis.

2419 4084 2585 4134 etiam
2620 4083 2674 4132 in
2709 4079 2924 4140 mediis,
2955 4086 3008 4129 et
3057 4081 3355 4142 extremis,
3401 4086 3458 4129 ut
3499 4077 3550 4129 in
3608 4078 3801 4144 primis
3851 4087 3934 4127 cst
3978 4093 3988 4126 :

2419 4167 2522 4205 nec
2557 4151 2700 4201 enim
2741 4149 2884 4216 quod
2933 4148 2997 4200 ad
3045 4150 3158 4200 haec
3181 4148 3393 4206 attinet.
3442 4149 3608 4199 ullum
3663 4147 3714 4197 in
3765 4161 3829 4198 ea)
3884 4149 3993 4197 dis-

2420 4221 2624 4272 crimen
2663 4229 2744 4272 est
2784 4235 2795 4270 :
2829 4220 2971 4272 sicut
3011 4234 3110 4270 nec
3149 4217 3446 4276 Barbarus,
3502 4233 3598 4269 nec
3631 4218 3859 4284 Scytha,
3899 4229 3992 4266 nec

2422 4288 2644 4343 Grmcus
2685 4290 2738 4342 in
2778 4289 2896 4355 ipso
2945 4298 3049 4351 est,
3099 4288 3192 4341 sed
3238 4286 3446 4352 omnia,
3498 4296 3552 4339 et
3611 4288 3662 4338 iu
3729 4286 3992 4339 omnibus

2421 4359 2670 4412 Christus
2706 4358 2912 4425 (Calai.
2948 4374 3026 4423 tit,
3061 4358 3174 4424 28).

2499 4449 2516 4478 ι
2552 4429 2750 4480 Siucta
2792 4427 3031 4481 Trinitas
3064 4428 3318 4480 habitans
3349 4442 3444 4490 per
3483 4442 3696 4483 omnes,
3730 4440 3756 4474 a
3792 4425 3986 4489 primis

2426 4498 2490 4550 ad
2544 4499 2782 4560 ultimos,
2816 4505 2874 4549 ut
2907 4499 2974 4549 ab
3019 4497 3203 4564 aliquo
3253 4497 3431 4564 capite
3481 4513 3650 4558 usque
3693 4496 3757 4546 ad
3802 4495 3992 4562 pedes,

764 4566 1169 4634 aspectaliilern.
1201 4572 1253 4634 ct
1279 4559 1628 4634 intelligendi
1656 4559 2109 4634 inaspectabileni
2151 4560 2322 4634 facul-
2353 4559 2394 4612 ο
2423 4559 2786 4632 coagmentat,
2817 4559 3124 4634 componit.-
3145 4559 3514 4630 conglutinat,
3544 4566 3769 4626 adnuat,
3803 4559 3858 4614 et
3882 4565 3992 4615 eol-

765 4628 848 4686 tas
899 4636 1056 4686 inest.
1093 4632 1160 4686 Ut
1212 4633 1375 4699 igitur
1411 4628 1721 4686 in'duobus
1769 4628 1986 4684 mundis
2035 4628 2320 4699 efficientia

765 4704 872 4756 duo
924 4705 1063 4757 soles
1123 4698 1380 4755 differunt
1441 4718 1504 4755 ac
1559 4711 1918 4768 separantur,
1987 4699 2103 4765 pari
2163 4698 2324 4750 modo

762 4774 922 4825 etiam
974 4775 1023 4825 in
1076 4788 1184 4824 uno
1217 4774 1456 4833 homine,
1501 4787 1642 4824 unus
1673 4771 1888 4837 quidem
1923 4785 2144 4834 corpus,
2179 4769 2317 4818 alter

767 4843 998 4894 animam
1028 4844 1148 4906 eius
1184 4843 1466 4894 collustrat
1503 4860 1516 4892 :
1551 4849 1606 4893 et
1639 4849 1865 4906 uterque
1901 4839 1967 4892 de
1994 4856 2090 4891 suo
2120 4839 2326 4888 lumine

767 4911 1091 4991 il'luminalo,
1135 4928 1230 4991 pro
1277 4910 1396 4977 ejus
1446 4918 1604 4978 captu
1647 4909 2037 4974 abundantius,
2070 4920 2161 4960 aut
2203 4921 2325 4976 par-

764 4984 881 5034 cius
927 4984 1310 5035 communicat.

840 5070 857 5100 ι
896 5050 1183 5104 Sensibilis
1211 5055 1289 5102 sol
1329 5052 1558 5116 videtur,
1582 5067 1689 5105 non
1721 5050 1865 5104 videt
1893 5065 1905 5101 :
1935 5045 2327 5101 intellectualis

769 5120 979 5172 videtur
1017 5121 1085 5171 ab
1115 5121 1197 5172 his
1233 5121 1323 5188 qui
1358 5123 1504 5188 digni
1534 5131 1682 5180 sunt.
1710 5131 1762 5174 et
1791 5135 1979 5173 omnes
2009 5119 2188 5176 videt;
2223 5133 2330 5166 nia-

770 5191 851 5250 εἰς
902 5199 1080 5241 autem
1130 5205 1225 5244 cos
1273 5191 1363 5255 qui
1424 5193 1600 5260 ipsum
1636 5193 1841 5245 vident.
1876 5189 2165 5260 sensibilis
2219 5202 2324 5260 non

773 5261 1032 5324 loquitur,
1080 5276 1177 5312 nec
1223 5257 1476 5327 cuiquam
1512 5261 1657 5326 loqui
1709 5263 1874 5311 donat
1902 5275 1915 5310 ι
1945 5257 2328 5327 intellectualis

768 5337 822 5379 et
869 5328 1105 5394 loquitur
1131 5345 1252 5380 cum
1286 5326 1474 5384 amicis
1503 5333 1638 5391 suis.
1669 5339 1732 5381 'ct
1775 5339 1832 5382 ut
1871 5329 2184 5395 loquantur,
2239 5326 2329 5376 dat

769 5398 1044 5450 omnibus.
1086 5398 1372 5452 Sensibilis
1402 5402 1452 5453 iii
1488 5401 1646 5453 horto
1675 5398 1918 5452 sensihiii
1966 5397 2192 5453 micans.
2243 5410 2325 5444 ia.

770 5468 980 5518 diorum
1016 5483 1236 5519 suorum
1271 5469 1483 5523 fervore
1528 5472 1812 5523 humorem
1847 5465 2112 5520 duntaxat
2159 5469 2319 5516 teri-2e

771 5536 1038 5606 exsiccal,
1083 5552 1186 5588 non
1221 5541 1383 5591 etiam
1430 5541 1664 5606 plantas.
1705 5547 1759 5590 et
1800 5537 2007 5588 semina
2043 5534 2325 5597 pinguel'a-

773 5605 885 5654 cit:
919 5606 1270 5668 inteilit-ihilis
1315 5610 1366 5662 in
1418 5605 1598 5661 anima
1657 5609 2002 5665 illucescens,
2039 5615 2330 5665 ttlttttnque

774 5673 987 5727 roelicit
1023 5691 1214 5741 nempe
1249 5679 1527 5732 humoicm
1562 5680 1817 5731 vitii-runt
1860 5674 2105 5733 arefacit,
2149 5685 2198 5725 et
2231 5673 2332 5726 lae-

774 5749 990 5816 dttateui
1020 5761 1080 5798 ex
1114 5748 1216 5798 illis
1251 5759 1427 5800 natant
1459 5758 1743 5816 expurgat,
1774 5745 2069 5816 animmque
2109 5748 2328 5812 pingue-

777 5811 952 5866 dinem
987 5855 999 5870 .
1038 5831 1198 5885 quam
1255 5811 1555 5886 intelligere
1625 5811 1939 5887 possumus,
1979 5811 2187 5877 inserit,
2221 5827 2324 5881 qua

2427 4637 2556 4704 ligat
2590 4637 2712 4694 sibi.
2745 4648 2797 4688 et
2843 4637 2915 4688 ita
2947 4637 3231 4700 colligatos
3253 4676 3267 4695 ,
3304 4643 3357 4686 et
3393 4643 3754 4703 congregatos
3810 4635 3996 4683 lii-mes

2429 4723 2545 4762 cos.
2588 4715 2642 4759 et
2669 4705 2931 4758 infractos
2965 4707 3162 4768 reddit,
3189 4715 3242 4759 et
3292 4705 3344 4757 in
3375 4707 3618 4771 quolibet
3649 4719 3843 4756 eorum
3890 4717 3993 4753 una

2426 4777 2723 4841 eademque
2753 4776 2970 4840 cognita
3003 4786 3168 4842 patet,
3210 4791 3331 4840 quze
3363 4775 3504 4826 Deus
3533 4784 3645 4833 est,
3681 4774 3734 4824 in
3769 4788 3881 4842 quo
3914 4774 3994 4821 ul-

2429 4846 2540 4896 timi
2565 4845 2731 4981 patrii
2777 4844 2932 4908 fiunt,
2966 4840 3018 4899 et
3051 4846 3210 4913 primi
3246 4853 3507 4910 tanquam
3541 4843 3718 4895 ultimi
3771 4840 3990 4910 (Matth.

2433 4931 2520 4976 ιχ,
2659 4953 2672 4967 .
2715 4932 2733 4964 ι

2433 4931 2520 4976 u,
2565 4931 2672 4976 ID).
2715 4932 2733 4964 ι

2497 5007 2571 5070 (8)
2596 5005 2874 5060 Pontanus
2897 5007 3047 5060 addit
3075 5007 3372 5073 capitulum
3403 5020 3567 5056 unum
3596 5022 3608 5056 :
3645 5023 3660 5054 ι
3690 5004 3815 5067 Quo
3844 5013 4002 5069 pacto

2429 5077 2643 5128 ratione
2675 5079 2916 5130 valentes
2964 5078 3039 5128 illi
3077 5078 3297 5129 ordines
3327 5091 3690 5143 supernaruai
3730 5075 3994 5124 virtutum

2431 5162 2459 5196 ει
2504 5145 2613 5198 Deo
2641 5147 2934 5199 ordinatim
2975 5149 3346 5205 illustrantur,
3376 5163 3403 5196 a
3443 5146 3690 5211 principe
3721 5158 3781 5193 ac
3823 5146 3998 5207 primo

2431 5231 2674 5266 mnn:nm
2716 5218 2907 5269 ordine
2946 5231 3118 5283 usque
3149 5218 3214 5268 ad
3248 5217 3576 5271 secundum,
3609 5223 3663 5264 et
3692 5214 3896 5283 alrhor
3929 5212 3992 5262 ad

2432 5287 2674 5347 tmtium,
2703 5295 2757 5338 et
2782 5281 3042 5349 deinceps
3066 5287 3133 5338 ab
3160 5289 3257 5336 hoc
3287 5287 3352 5336 ad
3382 5285 3546 5336 alium
3572 5323 3586 5342 .
3615 5290 3670 5333 et
3714 5281 3780 5331 ad
3811 5295 4000 5333 omnes

2431 5357 2663 5421 denique
2712 5357 2914 5407 lumine
2946 5356 3131 5407 divino
3169 5362 3486 5423 penetrante
3516 5368 3530 5402 :
3561 5351 3754 5403 eodem
3785 5361 3840 5400 et
3873 5366 3996 5423 sano

2432 5425 2501 5475 Cti
2541 5420 2804 5476 aitlivinis
2833 5427 3036 5492 angelis
3073 5420 3386 5484 illuininati,
3416 5423 3746 5488 vinculoquc
3773 5420 4002 5484 spiritui

2435 5494 2697 5562 colligati,
2755 5507 2808 5549 et
2855 5496 3018 5560 uniti,
3064 5496 3268 5547 honore
3301 5495 3405 5546 illis
3438 5507 3618 5560 pares,
3661 5499 3716 5543 et
3767 5492 4002 5610 a'qaales

3901 5567 4002 5608 itttl.

3901 5567 4006 5608 unt.

2507 5745 2579 5812 (9)
2617 5744 2934 5814 Sequuntur
2982 5744 3124 5814 apud
3178 5744 3486 5800 l‘ontanum
3522 5749 3649 5794 octo
3697 5739 3942 5806 capitula
3996 5755 4006 5785 :

3541 5831 3560 5863 ‹
3611 5814 3710 5877 Qui
3741 5813 4002 5862 unionem
