4182 6456
779 396 883 461 639

1940 380 2324 443 SYMEONIS
2366 379 2735 442 JUNIORIS

3903 390 3996 453 640

781 517 877 574 rie,
918 514 999 569 vel
1037 528 1159 568 cum
1195 510 1421 580 imperio
1474 506 1858 563 inducentibus
1902 500 2325 571 obtemperabit,

2425 508 2631 571 κτικῶς
2659 507 2945 574 ἐναγουσιν
2977 507 3370 571 ὑπακούσεται,
3402 508 3541 562 ἀλλὰ
3593 510 3793 579 μᾶλλον
3821 511 3889 563 τὰ
3912 515 4001 564 aia-

781 606 874 660 sed
912 621 1031 674 qua:
1063 605 1239 673 ipsum
1268 604 1413 657 hunc
1446 613 1695 656 timorem
1738 608 1995 670 augeant,
2036 612 2098 651 ea
2130 597 2341 666 potiora

780 696 1054 760 censebit;
1082 704 1132 748 et
1150 710 1270 762 qua:
1298 695 1440 748 istud
1466 692 1741 745 vinculum
1769 689 1976 744 arctius
2008 687 2338 756 astringunt,

778 806 841 843 ea
871 789 1049 853 vol-3t;
1086 800 1139 841 et
1189 805 1314 857 qu:e
1377 789 1519 840 hunc
1581 785 1896 838 carnificem
1952 784 2339 843 corroboreut,

778 882 1005 935 amabit.
1039 885 1213 949 Atque
1248 885 1299 935 in
1335 883 1419 933 his
1454 882 1525 933 ita
1562 879 1905 947 pet-durabit,
1931 888 1985 931 at
2013 879 2107 947 qui
2136 878 2339 930 nullam

778 977 1006 1026 omnino
1054 975 1435 1025 liberationem
1478 974 1581 1025 sibi
1621 973 1964 1040 polliceatur.
2022 972 2157 1039 Spes
2194 972 2338 1023 enim

780 1067 1078 1125 libertatis,
1118 1067 1327 1119 doloris
1364 1068 1732 1119 levamentum
1764 1075 1880 1122 est:
1918 1080 2091 1133 eaque
2135 1063 2342 1117 fervide

782 1159 1067 1226 pmnitenti
1100 1173 1205 1209 non
1233 1159 1513 1210 conducit.

847 1249 934 1302 66.
975 1250 1281 1315 Unicuique
1313 1251 1474 1303 vitam
1506 1265 1660 1303 suam
1686 1250 1882 1303 divina:
1915 1247 2177 1302 voluntati
2211 1263 2343 1301 con-

776 1343 1060 1395 renienter
1100 1342 1432 1410 auspicanti,
1464 1342 1628 1394 timor
1654 1341 1933 1410 supplicii,
1966 1350 2019 1395 et
2053 1357 2117 1394 ex
2148 1356 2213 1394 eo
2243 1355 2342 1393 na-

776 1443 867 1487 tus
901 1434 1057 1487 dolor
1079 1434 1229 1487 utilis
1260 1442 1361 1486 est.
1387 1430 1491 1498 Qui
1519 1443 1698 1486 autem
1723 1433 1858 1487 citra
1895 1433 2040 1487 hunc
2071 1433 2341 1497 dolorem,

775 1529 910 1581 citra
942 1528 1244 1588 vinculum,
1301 1536 1353 1579 et
1399 1536 1661 1580 tortorem
1708 1527 1855 1579 hunc
1892 1527 2238 1593 incepturum
2284 1541 2343 1579 se

2424 600 2651 665 ξάνοντα
2680 600 2839 653 αὑτὸν
2866 603 3219 671 προτιμήσει,
3271 603 3365 655 καὶ
3400 602 3469 654 τὰ
3498 602 3591 654 τὸν
3620 604 3821 672 δεσμὸν
3884 606 3998 655 ἐπι-

2425 692 2725 759 σῳίγγοντα
2751 691 3099 761 θελήσει,καὶ
3115 693 3182 746 τὰ
3204 693 3297 745 τὸν
3323 694 3518 763 δήμιον
3534 694 3857 764 ἐνισχύοντα
3880 696 4002 761 ἀτα-

2425 784 2609 851 πήσει,
2638 784 2731 836 καὶ
2765 786 2823 836 ἐν
2856 783 3065 845 τούτοις
3119 785 3391 852 ἐμμεὶνει,
3440 784 3517 847 ὡς
3567 785 3641 854 μὴ
3693 785 4001 855 προσδοκῶν

2424 892 2553 927 ποτε
2604 877 2922 946 ἐλευθερίαν
2980 876 3243 945 λήψεσθαι
3277 878 3414 940 ὅλως
3466 877 3524 943 ἐξ
3558 879 3757 930 αὐτῶν.
3815 877 3875 929 Ἦ
3904 877 4001 946 γὰρ

2423 969 2577 1030 ἐλπὶς
2602 972 2700 1038 τῆς
2734 969 3055 1035 ἀπαλλαγῆς
3104 968 3436 1039 κουφότερον
3469 970 3561 1021 τὸν
3598 970 3757 1022 πόνον
3780 970 4001 1037 ἐργάζει

2421 1077 2534 1122 ται,
2560 1061 2697 1130 ὅπερ
2750 1061 2898 1111 ἐστὶν
2949 1059 3264 1123 ἀλυσιτελὲς
3318 1059 3399 1131 τῷ
3461 1058 3823 1130 μετανοοῦντι
3882 1059 4002 1127 θερ-

2428 1168 2565 1221 μως-

2497 1240 2606 1308 ξς’.
2635 1244 2805 1295 Παντὶ
2834 1240 2910 1311 τῷ
2942 1242 3084 1295 κατὰ
3113 1241 3245 1294 Θεὸν
3279 1240 3428 1311 βιοῦν
3459 1243 3765 1312 ἀρχομένῳ,
3794 1245 4002 1309 ἐπωφε-

2424 1334 2521 1407 λής
2549 1336 2578 1387 ό
2607 1336 2705 1404 τῆς
2730 1334 3007 1398 κολάσεως
3036 1334 3223 1402 φόϐος,
3257 1334 3353 1387 καὶ
3385 1336 3413 1386 ὁ
3439 1335 3598 1396 πόνος
3634 1337 3660 1387 ὀ
3687 1335 4001 1402 τικτόμενος

2425 1427 2486 1491 ἐξ
2508 1426 2673 1479 αὐτοῦ
2697 1442 2711 1455 ’
2743 1428 2772 1478 ό
2812 1425 2869 1477 δὲ
2896 1425 2991 1478 τοῦ
3031 1425 3275 1478 τοιούτου
3309 1426 3470 1478 πόνου
3519 1426 3613 1477 καὶ
3669 1424 3869 1492 δεσμοῦ
3900 1443 4000 1494 χω-

2430 1518 2737 1588 ρἰς,άρχήν
2770 1517 2954 1587 βαλεῖν
3006 1515 3436 1586 φανταζόμενος,
3483 1518 3585 1569 οὐκ
3634 1519 3729 1568 ὲπὶ
3781 1516 4001 1585 ψάμμον

777 1616 1129 1684 imaginatur,
1200 1632 1305 1671 non
1371 1617 1535 1670 modo
1599 1616 2009 1671 fundamentum
2064 1618 2331 1671 actionum

2430 1611 2609 1678 μόνον,
2634 1610 2743 1663 τῶν
2793 1610 2991 1663 ἑαυτοῦ
3044 1609 3301 1679 πράξεων
3328 1608 3421 1661 τὸν
3451 1608 3699 1675 θεμέλιον
3737 1605 4001 1660 καταϐάλ-

775 1723 1002 1762 suarum
1035 1724 1203 1777 super
1230 1724 1449 1763 arenam
1479 1711 1712 1763 collocat
1755 1728 1769 1762 :
1806 1710 1897 1763 sed
1924 1710 2088 1763 etiam
2120 1709 2331 1763 domum

2426 1699 2599 1759 λεται,
2634 1700 2771 1754 ἀλλὰ
2801 1701 2894 1752 καὶ
2926 1702 3004 1759 εἰς
3031 1700 3169 1771 ἀέρα
3216 1700 3386 1751 οἴεται
3422 1698 3545 1766 δίχα
3575 1698 3843 1766 θεμελίων
3890 1715 4001 1749 σνν-

776 1819 932 1856 suam
975 1804 1028 1855 in
1076 1817 1201 1857 aere
1236 1802 1444 1870 absque
1495 1802 1851 1856 fundamento
1890 1818 1948 1856 se
1988 1810 2338 1856 constructu-

776 1912 897 1948 rum
935 1898 1217 1964 epinalttr,
1266 1912 1388 1965 qua:
1422 1894 1535 1948 fieri
1572 1896 1894 1963 neutiquam
1936 1904 2136 1963 potest.
2178 1893 2342 1946 Dolor

774 1988 920 2040 enim
949 1988 1051 2041 iste
1074 1989 1259 2040 statim
1292 2001 1454 2041 omne
1481 1987 1743 2053 gaudium
1779 1987 1919 2054 parit
1958 2005 1970 2040 :
2009 1996 2063 2039 et
2090 1986 2190 2037 hoc
2217 1986 2340 2037 vin-

776 2081 978 2140 culum,
1008 2081 1250 2133 omnium
1284 2089 1661 2147 peccatorum,
1690 2078 2066 2147 malorumque
2097 2078 2341 2131 affectio-

777 2188 905 2226 nttm
940 2174 1158 2226 vincula
1192 2172 1495 2241 dirumpit:
1533 2181 1587 2226 et
1619 2172 1859 2225 carnifex
1889 2174 1988 2225 iste
2019 2188 2122 2224 uon
2154 2188 2339 2225 necent

775 2264 956 2329 :tﬂert,
991 2266 1084 2319 sed
1116 2266 1278 2318 vitam
1312 2265 1707 2335 sempiternam
1735 2266 2020 2317 conciliat.

844 2359 934 2413 67.
971 2358 1071 2424 Qui
1114 2373 1141 2411 a
1177 2356 1389 2421 dolore,
1412 2372 1576 2426 quem
1604 2358 1792 2411 aeterni
1821 2357 2076 2424 supplicii
2106 2355 2339 2409 formido

776 2448 1078 2516 ingenerat,
1142 2446 1394 2508 resilire;
1457 2461 1695 2515 eumque
1758 2448 1995 2516 effugere
2051 2447 2334 2501 noluerit:

773 2539 868 2592 sed
901 2540 1146 2592 animum
1185 2538 1251 2591 ad
1294 2554 1419 2591 eum
1454 2539 1773 2607 applicabit,
1816 2552 1870 2593 et
1901 2541 2022 2607 ejus
2074 2540 2179 2593 sibi
2222 2540 2339 2594 vin-

772 2630 895 2682 cula
924 2631 1097 2693 magis
1136 2631 1426 2697 astringi-t,
1468 2630 1615 2683 hunc
1649 2631 1738 2682 ille
1793 2631 2045 2685 breviore
2098 2632 2185 2685 via
2239 2631 2340 2684 du-

771 2729 945 2784 ctum,
981 2721 1125 2788 quod
1158 2721 1432 2787 sequitur,
1467 2730 1595 2773 ante
1627 2732 1985 2789 conspectum
2038 2721 2201 2791 Regis
2252 2737 2340 2774 re-

775 2826 900 2878 gum
936 2822 1159 2868 statuet.
1199 2811 1355 2877 Quod
1394 2827 1516 2866 cum
1561 2812 1763 2867 factum
1802 2813 1989 2875 fuerit,
2023 2813 2187 2867 simul
2214 2812 2337 2879 ejus

774 2906 1004 2981 gloriam
1048 2906 1195 2957 clare
1239 2904 1611 2973 conspexerit,
1669 2905 1854 2959 subito
1889 2905 2102 2958 vincula
2136 2906 2336 2959 dissol-

771 3006 991 3059 ventur,
1034 3006 1085 3049 et
1113 2997 1277 3050 timor
1303 2996 1545 3050 carnifex
1584 2998 1773 3065 procul
1798 2998 2062 3066 aufugiet,
2095 3007 2145 3051 et
2182 3001 2338 3052 dolor

771 3087 956 3141 cordis
992 3088 1109 3154 ejus
1151 3086 1204 3140 in
1240 3088 1501 3158 gaudium
1557 3099 1928 3152 convertetttr,
1980 3102 2337 3159 erumpetque

2373 1850 2415 1904 Β

2428 1791 2666 1843 ιστάνειν
2695 1793 2870 1843 οἰκίαν
2898 1809 2912 1823 ’
2948 1790 3085 1860 ὅπερ
3119 1793 3295 1861 πάντη
3332 1791 3622 1843 ἀδύνατον
3650 1793 3678 1842 ὁ
3712 1791 3818 1860 γάρ
3849 1791 4000 1851 πόνος

2424 1878 2599 1947 οὗτος,
2657 1885 2782 1937 ὅσον
2841 1883 2995 1937 οὔπω
3058 1886 3240 1936 πᾶσαν
3300 1884 3476 1954 χαρὰν
3525 1884 3826 1943 ἀποτίκτει,
3863 1885 4001 1936 καὶό

2423 1975 2621 2042 δεσμὸς
2653 1968 2831 2035 οὗτος,
2876 1974 3093 2027 πάντων
3122 1973 3540 2044 ἁμαρτημάτων
3588 1971 3683 2023 καὶ
3717 1971 3907 2023 παθῶν
3940 1974 4001 2022 τά

2424 2065 2598 2134 δεσμὰ
2623 2066 2944 2135 διαρρήσσει
2967 2080 2983 2095 ⁶
3018 2065 3110 2117 καὶ
3140 2065 3168 2115 ό
3194 2065 3389 2133 δήμιος
3412 2058 3564 2125 οὗτος
3610 2062 3733 2132 οὐχὶ
3756 2062 3997 2123 θάνατον,

2424 2157 2559 2209 ἀλλὰ
2593 2156 2736 2226 ζωὴν
2765 2156 2984 2210 αἰώνιον
3014 2157 3287 2224 προξενεῖ.

2495 2351 2593 2419 ξξν.
2622 2354 2716 2417 Ὃς
2753 2353 2819 2408 ἂν
2847 2356 2921 2426 μὴ
2956 2356 3156 2427 θελήσῃ
3184 2358 3586 2429 ἀποσκιρτῆσαι
3622 2360 3714 2412 καὶ
3744 2362 3995 2426 ἐκφυγεῖν

2418 2445 2511 2497 τὸν
2540 2446 2860 2516 τικτόμενον
2907 2449 3090 2510 πόνον,
3141 2449 3251 2502 ἀπὸ
3300 2449 3393 2502 τοῦ
3426 2451 3592 2518 φόϐου
3650 2451 3749 2518 τῆς
3783 2450 3993 2503 αἰωνίου

2420 2533 2715 2600 κολάσεως,
2747 2536 2883 2589 ἀλλά
2915 2536 3170 2607 προθέσει
3202 2538 3432 2609 καρδίας
3459 2538 3807 2609 ἀκολουθήσῃ
3834 2540 3993 2607 αὐτῷ,

2420 2627 2515 2680 καὶ
2542 2628 2840 2698 ἑπισφεγξῃ
2872 2629 3035 2681 πλέον
3061 2630 3130 2682 τὰ
3175 2631 3368 2682 τούτου
3392 2631 3567 2700 δεσμὰ
3597 2632 3778 2701 ἐαυτῷ
3809 2634 3995 2684 άναλό·

2423 2734 2561 2784 γως,
2612 2719 3043 2789 συντομωτέρως
3069 2719 3299 2783 ὁδεύσει,
3328 2722 3421 2773 καὶ
3452 2720 3558 2790 πρὸ
3586 2720 3882 2790 προσώπου
3907 2720 3994 2772 τοῦ

2420 2807 2691 2872 Βασιλέως
2719 2809 2828 2862 τῶν
2856 2809 3247 2878 βασιλευόντων
3272 2812 3619 2880 παραστήσει
3647 2813 3813 2864 αὐτόν
3834 2829 3847 2843 ·
3878 2813 3992 2863 τοία

2418 2918 2510 2952 του
2540 2901 2595 2953 δὲ
2630 2902 2935 2970 γεγονότος,
2975 2902 3093 2971 ἅμα
3117 2903 3194 2972 τῷ
3226 2903 3527 2956 θεάσασθαι
3558 2906 3720 2956 αὐτον
3746 2906 3993 2974 ἀμυδρῶς

2418 2994 2558 3063 πρὸς
2591 2995 2690 3064 τὴν
2740 2995 2897 3059 δόξαν
2926 2996 3110 3059 αἰτοῦ,
3154 2997 3358 3059 εὐθέως
3406 2997 3733 3068 λυθήσονται
3794 3001 3894 3065 μὲν
3934 3002 3994 3051 τε

2417 3087 2613 3155 δεσμά..
2658 3088 2718 3139 Ὀ
2754 3087 2811 3140 δὲ
2844 3088 3037 3157 δήμιος
3087 3088 3250 3155 φόϐος
3317 3089 3575 3157 φεύξεται
3639 3092 3862 3161 μακράν
3905 3095 3993 3146 ἀπ’

772 3178 916 3241 fons,
946 3195 1173 3233 manans
1209 3181 1274 3232 ad
1324 3196 1545 3235 sensum
1589 3181 1809 3250 quidem
1842 3181 2123 3250 lacrymis,
2157 3182 2331 3236 instar

2420 3180 2582 3233 αὑτοῦ
2610 3196 2623 3209 ·
2665 3180 2763 3233 καὶ
2798 3182 2824 3232 ὁ
2854 3182 2911 3231 ὲν
2939 3184 3004 3251 τῇ
3038 3182 3237 3252 καρδία
3260 3182 3426 3234 αὐτοῦ
3456 3184 3613 3245 πόνος
3654 3187 3995 3254 τραπήσεται

770 3271 1011 3326 fluminis
1045 3288 1060 3325 :
1096 3273 1161 3326 ad
1203 3273 1541 3327 intellectum
1576 3290 1701 3327 vero
1727 3275 2143 3342 tranquillitate,
2176 3290 2331 3326 man-

2420 3276 2495 3336 εἰς
2527 3276 2725 3343 χαρὰν,
2751 3274 2845 3325 καὶ
2886 3274 3037 3342 πηγή
3085 3276 3377 3343 γενήσεται
3410 3275 3671 3344 βρύουσα,
3730 3279 3992 3347 αἰσθητῶς

770 3364 1078 3426 suetudine,
1108 3372 1161 3419 et
1193 3366 1485 3419 dulcedine
1510 3366 1794 3420 ineffabili.
1835 3366 2063 3436 Insuper
2113 3367 2333 3421 fortitu-

766 3458 913 3515 dine.
940 3465 994 3510 et
1019 3456 1084 3510 ad
1113 3472 1331 3510 onmem
1358 3457 1720 3511 obedientiam
1754 3458 2000 3526 expedita
2032 3458 2330 3520 voluntate,

766 3560 818 3601 ct
838 3564 1001 3602 eur~u
1024 3550 1077 3602 itt
1099 3552 1183 3601 via
1201 3549 1579 3602 mandatorum
1596 3551 1801 3615 libero;
1835 3552 1979 3616 quod
2001 3551 2178 3604 adhuc
2200 3552 2333 3602 tiro-

766 3643 946 3704 nibus,
966 3652 1017 3696 et
1034 3644 1125 3709 qui
1154 3643 1384 3709 primum
1406 3643 1470 3696 ad
1491 3644 1804 3712 religiosmtt
1829 3644 2040 3697 vivendi
2064 3658 2231 3711 genus
2250 3642 2335 3694 itt-

765 3735 1148 3793 tro'ducuntur,
1178 3750 1284 3788 non
1322 3738 1630 3788 conciditur
1660 3754 1673 3789 :
1706 3752 1891 3789 eorum
1925 3745 2128 3798 autem,
2154 3734 2245 3803 qui
2265 3735 2332 3788 ad

764 3825 1002 3878 medium
1041 3826 1205 3892 hujus
1238 3827 1396 3893 spatii
1440 3825 1907 3894 proliciendojatn
1944 3829 2327 3890 ascenderunt,

762 3918 1037 3985 proprium
1057 3926 1173 3971 est:
1215 3918 1609 3971 consummath
1645 3934 1774 3971 vero
1795 3931 1956 3987 atque
1971 3920 2223 3987 perfectis
2244 3922 2331 3974 hic

761 4008 905 4073 fons,
933 4009 1097 4063 corde
1136 4010 1319 4063 subito
1369 4012 1598 4074 variato,
1640 4020 1693 4064 et
1726 4013 2016 4065 immutato
2043 4014 2219 4065 lumen
2252 4013 2328 4065 fit.

830 4101 919 4153 63.
950 4099 1054 4165 Qui
1082 4102 1225 4153 intra
1276 4116 1333 4154 se
1370 4101 1610 4170 Spiritus
1669 4105 1843 4157 sancti
1903 4104 2084 4156 lumen
2141 4103 2325 4166 habet,

758 4195 879 4262 ejus
911 4197 1090 4249 radios
1122 4210 1227 4247 non
1261 4193 1466 4258 ferens,
1506 4210 1715 4263 pronus
1741 4194 1909 4256 cadit,
1958 4194 2321 4255 vociferatur,

759 4293 812 4338 et
861 4285 1061 4337 clamat
1112 4300 1239 4337 cum
1303 4292 1528 4354 stupore
1574 4302 1636 4339 ac
1682 4286 1881 4339 timore
1911 4287 2104 4349 multo,
2140 4293 2198 4339 ut
2230 4284 2323 4355 qui

758 4392 925 4445 supra
957 4385 1165 4431 natura:
1198 4388 1417 4447 captum
1442 4378 1748 4447 quidpiam,
1784 4392 1886 4431 nec
1912 4377 1964 4430 in
1991 4391 2325 4442 sermonem,

760 4467 1257 4536 cogitationemque
1286 4469 1485 4523 cadens
1514 4468 1731 4530 viderit,
1764 4468 2064 4522 assenserit
2098 4487 2113 4522 :
2148 4468 2326 4520 imita-

758 4568 954 4629 turque
1002 4559 1301 4625 hominem,
1356 4561 1448 4630 qui
1498 4561 1751 4614 alicunde
1800 4561 2051 4614 accensis
2093 4560 2160 4613 ab
2201 4560 2325 4629 igne

760 4649 1061 4703 visceribus
1092 4650 1311 4711 ardens,
1344 4667 1443 4705 nec
1496 4652 1765 4705 ustionem
1822 4651 2052 4705 flamma:
2079 4653 2324 4721 perferre

756 4742 920 4808 potis,
957 4749 1139 4793 mente
1178 4743 1328 4794 velut
1356 4744 1630 4797 alienatus
1680 4755 1783 4806 est,
1831 4760 1934 4798 nec
1969 4746 2020 4797 in
2054 4753 2323 4814 potestate

758 4834 868 4884 ullo
905 4832 1067 4885 modo
1116 4849 1236 4886 esse
1264 4842 1465 4903 potest.
1506 4833 1795 4904 Lacrymis
1835 4844 2018 4889 autem
2057 4835 2318 4904 pcrenni~

755 4927 855 4976 bus
887 4926 1209 4991 exhaustus,
1238 4934 1292 4980 ct
1321 4926 1388 4980 ab
1421 4927 1503 4981 his
1537 4928 1890 4996 refrigeratus
1915 4968 1929 4987 .
1967 4930 2146 4996 ignem
2179 4928 2323 4982 desi—

752 5016 888 5068 derii
934 5017 1310 5070 vehementius
1341 5018 1612 5072 accendit.
1670 5018 1808 5071 llinc
1842 5033 2007 5087 porro
2048 5019 2321 5087 lacrymas

753 5107 1036 5175 profundit
1072 5109 1295 5162 uberius
1319 5150 1331 5170 ,
1365 5119 1419 5164 et
1454 5126 1516 5163 ea
1562 5111 1884 5179 profusione
1941 5110 2179 5173 ablutus,
2228 5124 2322 5164 co-

755 5209 935 5252 ruscat
966 5201 1327 5267 splendidius.
1364 5201 1465 5256 Ubi
1500 5204 1721 5256 demunt
1776 5210 1924 5256 totus
1976 5202 2201 5268 ignitus,
2234 5201 2318 5253 in-

751 5299 865 5342 star
888 5291 1109 5345 luminis
1132 5294 1255 5357 erit,
1288 5301 1418 5346 tunc
1440 5295 1691 5362 impletur
1711 5293 1856 5361 quod
1874 5293 2099 5354 dicitur,
2128 5312 2146 5344 ι
2177 5292 2318 5347 Deus

751 5381 857 5434 diis
881 5383 1064 5437 unitus
1088 5392 1141 5437 et
1179 5385 1433 5451 cognitus
1460 5402 1473 5450 ;
1504 5403 1521 5436 ι
1549 5393 1601 5439 et
1624 5394 1835 5438 tantum
1864 5384 2121 5449 fortasse,
2142 5399 2316 5454 quan-

752 5482 865 5525 tum
892 5473 1001 5543 jam
1040 5476 1143 5529 sibi
1179 5477 1451 5544 copulatis
1484 5476 1691 5541 unitus,
1719 5485 1772 5531 et
1809 5476 1893 5531 Itis
1924 5478 2013 5544 qui
2042 5487 2314 5546 cognove-

751 5576 875 5619 ruut
903 5568 1174 5620 revelatus
1199 5577 1281 5622 est
1306 5570 1349 5636 (Ι
1368 5572 1438 5639 Ι).

819 5771 929 5837 (Η)
980 5771 1263 5825 Pontanus
1313 5773 1461 5826 addit
1499 5793 1508 5825 :
1549 5793 1566 5823 ι
1606 5772 1882 5838 Quintum
1939 5788 1966 5825 a
2008 5772 2165 5823 nolis
2215 5788 2311 5825 ro-

745 5858 935 5902 gttus‘Ct
995 5845 1226 5897 voluerit
1286 5841 1448 5904 Deus,
1516 5855 1726 5897 tantum
1783 5846 1950 5896 etiam
2016 5846 2308 5895 reveletur.

2356 4509 2401 4565 D

2421 3365 2521 3436 μὲν
2545 3366 2753 3435 δάκρυα
2784 3366 3094 3434 ποταμηδὸν
3126 3367 3385 3429 άεννάως,
3412 3367 3617 3435 νοήτῶς
3649 3368 3705 3419 δὲ
3741 3370 3993 3437 γαλήνην,

2418 3458 2721 3527 πραότητα,
2738 3459 2830 3510 καὶ
2856 3459 3132 3527 ἄφραστον
3154 3458 3468 3527 γλυκασμόν
3492 3476 3504 3488 σ
3533 3460 3615 3510 ἐτι
3639 3460 3695 3511 δὲ
3726 3460 3992 3529 ἀνδρεία-ι,

2417 3555 2513 3604 καὶ
2542 3551 2602 3603 τὸ
2631 3551 2767 3619 πρὸς
2798 3552 2978 3602 πᾶσαν
3008 3550 3254 3619 ὑπακοὴν
3322 3550 3644 3616 ἐλευθερίως
3694 3556 3789 3603 και
3837 3554 3997 3619 ἀνεμ-

2418 3643 2685 3706 ποδίστως
2708 3646 2920 3711 τρέχειν
2951 3642 3058 3694 τῶν
3087 3642 3314 3694 ἐντολῶν
3337 3641 3431 3693 τοῦ
3462 3642 3597 3694 Θεοῦ
3625 3660 3637 3671 ·
3670 3642 3698 3695 ὃ
3722 3644 3863 3705 τέως
3890 3648 3995 3703 τοῖς

2417 3734 2797 3801 εἱσαγωγικοῖς
2828 3735 3109 3797 ἀδύνατον,
3150 3733 3257 3785 τῶν
3303 3736 3356 3784 δὲ
3387 3736 3521 3803 προς
3576 3736 3635 3785 τὸ
3667 3737 3832 3802 μέσον
3863 3754 3996 3786 κατι

2418 3827 2702 3893 προκοπήν
2730 3826 3063 3876 ἀνελθόντων
3114 3827 3208 3876 καὶ
3245 3823 3395 3876 ἴδιον.
3428 3826 3551 3885 Τοῖς
3583 3825 3635 3876 δὲ
3666 3842 3725 3891 τε
3768 3828 3997 3876 τελειου-

2422 3918 2625 3983 μένοις,
2658 3915 2771 3981 φῶς
2796 3917 2829 3984 ἡ
2856 3914 3007 3985 πηγὴ
3058 3914 3219 3983 αῦτη,
3267 3914 3368 3983 τῆς
3400 3914 3625 3982 καρδίας
3676 3918 3874 3985 αἴφνης
3908 3918 3997 3967 άλ-

2419 4004 2738 4072 λοιουμένής
2769 4005 2862 4055 καὶ
2897 4004 3380 4075 μεταϐαλλομένης
3411 4005 3639 4072 γίνεται.

2492 4093 2592 4164 ξή’.
2629 4094 2687 4147 Ὀ
2722 4096 2867 4148 ἔνδον
2899 4095 3064 4148 αὑτοῦ
3094 4097 3154 4148 τὸ
3190 4096 3303 4162 φῶς
3328 4097 3420 4149 τοῦ
3446 4098 3713 4163 παναγίου
3749 4100 3996 4169 Πνεῦμα-

2415 4205 2509 4251 τος
2539 4187 2698 4257 ἔχων,
2732 4188 2806 4257 μὴ
2839 4188 3017 4257 φέρων
3045 4190 3203 4239 τοῦτο
3232 4190 3384 4258 όρᾷν,
3421 4192 3501 4249 εἰς
3525 4190 3627 4258 τήν

2418 4298 2564 4347 πτει,
2614 4281 2807 4350 κράζει
2854 4297 2911 4331 τε
2945 4282 3037 4332 καὶ
3072 4283 3170 4349 βοᾷ
3228 4283 3285 4332 ἐν
3319 4281 3577 4349 ἐκπλήξει

3660 4207 3700 4238 π

3709 4192 3878 4261 tenvi;
3914 4196 3996 4245 πίε

3630 4301 3688 4334 τε
3722 4288 3819 4337 καὶ
3855 4289 3996 4355 πρόελε,

2423 4372 2637 4442 πολλῷ,
2678 4372 2749 4433 ὡς
2787 4372 2928 4442 ὑπὲρ
2960 4372 3142 4439 φύσιν,
3191 4372 3331 4442 ὑπὲρ
3360 4374 3539 4440 λόγον,
3591 4375 3730 4444 ὑπὲρ
3792 4376 3998 4429 ἔννοιαν

2423 4465 2656 4533 πρᾶγμα
2683 4463 2807 4516 ἰδὼν
2839 4466 2934 4515 καὶ
2963 4462 3171 4517 παθών.
3205 4466 3314 4517 Καὶ
3341 4466 3549 4531 γίνεται
3579 4467 3766 4534 ὅμοιος
3793 4470 3999 4539 ἀνθρὼ-

2423 4575 2510 4624 πῳ
2532 4556 2698 4608 ποθὲν
2726 4557 3022 4623 άναςρθέντι
3050 4557 3118 4608 τὰ
3143 4556 3423 4627 σπλάγχνα
3453 4559 3558 4610 ὑπὸ
3586 4561 3780 4628 πυρὸς,
3817 4562 3910 4630 ὑφ’
3936 4557 3996 4614 οῦ

2425 4651 2786 4719 φλεγόμενος,
2820 4650 2915 4701 καὶ
2945 4651 3038 4718 τῆς
3072 4650 3267 4718 φλογὸς
3293 4652 3391 4703 τὸν
3436 4655 3772 4721 ἐμπρησμὸν
3807 4658 3884 4725 μὴ
3906 4657 3993 4709 δυο

2418 4752 2651 4805 ναμινος
2681 4738 2888 4807 φέρειν,
2915 4738 3150 4808 ὑπάρχει
3175 4740 3365 4810 ὥσπερ
3389 4742 3715 4811 ἐξεστηκὼς
3739 4747 3832 4797 καὶ
3866 4746 3995 4814 μηδὲ

2417 4826 2613 4879 ἑαυτοῦ
2643 4829 2893 4895 γενέσθαι
2932 4829 3067 4891 ὅλως
3097 4831 3317 4900 ἰσχύων.
3348 4832 3471 4893 Τοῖς
3508 4833 3739 4903 δάκρυσι
3774 4836 3832 4887 δὲ
3863 4854 3990 4887 κατ-

2418 4919 2773 4987 αντλούμενος
2834 4919 3094 4984 άεννάως,
3157 4922 3250 4973 καὶ
3295 4920 3398 4973 ὑπὸ
3434 4924 3636 4974 τούτων
3687 4927 3993 4993 καταψυχιζ-

2420 5023 2601 5075 μενος,
2632 5007 2693 5059 τὸ
2719 5006 2829 5077 πῦρ
2861 5008 3085 5070 ἐξάπτει
3114 5009 3207 5061 τοῦ
3242 5009 3410 5061 πόθου
3460 5014 3835 5082 σφοδρότερον.
3885 5016 3996 5066 Ἑν-

2414 5096 2607 5148 τεῦθεν
2636 5097 2691 5149 δὲ
2724 5098 2791 5150 τα
2838 5098 3052 5169 δάκρυα
3082 5100 3305 5169 προχέει
3338 5102 3620 5165 πλειόνως,
3658 5106 3753 5154 καὶ
3778 5108 3843 5173 τῇ
3876 5104 3995 5155 τοῦ·

2412 5204 2523 5239 των
2547 5189 2770 5257 ἐκχύσει
2802 5190 3156 5258 πλυνόμενος,
3175 5191 3557 5261 λαμπρότερον
3579 5196 3991 5263 άπαστράπτει·

2414 5277 2501 5331 ὅτε
2526 5278 2580 5330 δὲ
2600 5280 2737 5342 ὅλως
2761 5280 3125 5349 ἐκπυρωθεὶς,
3158 5281 3233 5341 ὡς
3269 5281 3383 5348 φῶς
3418 5283 3667 5351 γένηται,
3702 5285 3827 5336 τότε
3863 5286 3994 5352 πληο

2414 5369 2600 5438 ροῦται
2624 5370 2686 5422 τὸ
2711 5372 2941 5439 φάσκον,
2975 5372 3108 5434 Θεὸς
3154 5372 3297 5434 θεοῖς
3330 5373 3619 5440 ἐνούμενός
3651 5390 3711 5425 τε
3740 5376 3836 5427 καὶ
3864 5394 3995 5442 γνωο

2413 5460 2719 5531 ριζόμενος,
2767 5465 2857 5516 καὶ
2884 5463 3138 5517 τοτοῦτον
3190 5465 3341 5528 ἴσως.
3395 5466 3519 5517 ὅσον
3550 5464 3649 5533 ήδη
3687 5468 3802 5526 τοῖς
3835 5483 3992 5519 συνα-

2414 5554 2628 5622 φθείσιν
2657 5553 2861 5624 ήνώθη,
2900 5556 2995 5608 καὶ
3027 5558 3139 5619 τοῖς
3170 5557 3471 5624 ἐγνωκόσιν
3498 5555 3892 5625 ἀπεκαλύφθη.

2420 5774 2695 5838 Quantum
2736 5769 2903 5823 fuerit
2930 5767 3225 5838 revelatus.
3265 5773 3476 5838 tantum
3509 5780 3536 5818 a
3576 5766 3759 5838 dignis
3809 5768 3985 5817 renui-

2417 5836 2531 5904 tur,
2564 5853 2615 5895 et
2643 5838 3016 5905 cognoscitur.
3058 5836 3187 5889 Tale
3221 5837 3349 5901 quid
3380 5837 3643 5897 experiri,
3684 5845 3779 5889 aut
3806 5837 3985 5891 videre
