4182 6456
178 423 289 484 645

168 629 581 699 ἡμαρτημένων
622 626 976 696 λαμϐάνομεν
1001 627 1216 693 ᾰςρεσιν,
1243 624 1337 676 καὶ
1369 624 1468 693 τῆς
1503 623 1634 693 πρὶν
1656 641 1755 677 κα-

167 721 345 790 τάρας
395 717 850 786 ἐλευθερούμεοα,
904 719 998 769 καὶ
1028 719 1093 786 τῇ
1153 716 1426 786 παρουσία
1465 715 1558 767 τοῦ
1603 716 1758 782 ἁγίου

172 813 491 880 Πνεύματος
518 810 857 878 ἁγιαζόμεθα
875 825 891 840 ⁸
918 809 1016 878 τὴν
1048 809 1103 861 δὲ
1149 807 1357 860 τελείαν
1381 808 1565 877 χάριν,
1620 808 1762 860 κατὰ

169 905 252 957 τό·
289 921 308 954 ι
350 903 651 972 Ἐνοικήσω
695 903 754 953 ἐν
801 902 988 964 αὐτοῖς
1016 903 1110 953 κα)⁵
1139 900 1595 971 ἐμπεριπατήσω,
1632 917 1650 950 ι
1697 897 1758 950 οὐ

171 997 294 1052 τότε
316 1037 332 1063 ,
365 995 524 1050 τοῦτο
545 995 654 1064 γὰρ
705 995 815 1048 τῶν
847 993 1244 1064 βεϐαιοπίστων
1288 993 1381 1045 καὶ
1410 994 1475 1045 ὲκ
1520 993 1632 1045 τῶν
1666 990 1760 1062 ἔρ-

168 1102 284 1153 γων
311 1086 518 1155 ταύτην
544 1083 963 1138 ἐπιδεικνύντων
989 1084 1105 1136 ἐστί
1129 1098 1145 1112 ⁶
1183 1082 1320 1153 μετὰ
1341 1084 1450 1153 γὰρ
1476 1083 1537 1135 τὺ
1569 1083 1765 1152 βαπτι-

171 1177 370 1246 σθῆναι
393 1179 561 1246 ἡμᾶς,
585 1177 723 1248 πρὸς
760 1176 1004 1246 πονηρὰς
1033 1177 1128 1228 καὶ
1157 1175 1394 1246 αἰσχρὰς
1419 1175 1647 1244 πράξεις
1671 1177 1762 1228 ὲκ-

171 1271 466 1334 κλίνοντες,
511 1272 605 1323 καὶ
644 1271 806 1323 αὐτὸν
825 1269 915 1322 τὸν
935 1269 1214 1338 ἁγιασμὸν
1242 1270 1323 1332 εἰς
1345 1269 1493 1322 ἆπαν
1526 1268 1765 1322 ἀποϐαλ-

169 1362 398 1434 λόμεοα.
426 1363 700 1432 Μετανοίᾳ
729 1363 807 1426 δὲ,
842 1363 933 1415 καὶ
959 1362 1366 1431 ἐξομολογήσει,
1395 1361 1487 1413 καὶ
1509 1360 1759 1430 δάκρυσι,

170 1457 319 1508 κατὰ
348 1455 644 1522 ἀναλογίαν
669 1455 769 1525 τὴν
814 1454 1010 1522 ipsum;
1044 1453 1312 1524 πρότερον
1343 1453 1452 1506 τῶν
1507 1454 1762 1523 ἡμαρτη-

173 1549 356 1616 μένων
419 1547 792 1618 λαμϐάνομεν,
838 1547 935 1599 καὶ
990 1546 1134 1600 οὕτω
1176 1546 1268 1599 τὸν
1312 1546 1589 1616 ἁγιασμὸν
1622 1549 1763 1617 μετα

171 1641 275 1707 τῆς
298 1641 505 1694 ἄνωθεν
538 1642 782 1710 χάριτος.

243 1734 338 1788 os'.
390 1736 522 1788 Ἀπὸ
574 1737 672 1803 μὲν
729 1734 829 1802 τῆς
870 1735 1162 1803 μετανοίας
1204 1733 1467 1798 ἔκπλυσις
1506 1734 1599 1788 τοῦ
1665 1752 1765 1805 μου

171 1829 386 1898 λυαμοῦ
407 1828 514 1880 τῶν
544 1829 788 1898 αἰσχρῶν
821 1828 1075 1897 πράξεων
1113 1827 1324 1896 γίνεται
1345 1845 1357 1858 ·
1399 1828 1536 1896 μετὰ
1565 1827 1621 1882 δὲ
1639 1827 1764 1881 ταύ-

1363 428 1735 489 CAPlTULA
1769 431 2164 495 PRACTICA.

242 537 336 593 (ιδ’.
377 537 511 590 Ἀπὸ
563 539 659 607 μὲν
711 535 803 589 τοῦ
860 534 1005 588 θείου
1072 532 1445 604 βαπτίσματος
1509 534 1608 604 τὴν
1647 533 1813 607 τῶνΑ

3320 435 3428 501 646

1917 551 2003 605 74.
2039 553 2142 608 Per
2173 562 2586 610 sacrosanctum
2638 555 2896 626 baptisma
2931 565 3285 626 peccatorum
3337 573 3425 611 rc-

1854 646 2169 700 missionem
2197 648 2525 716 accipimus,
2560 657 2613 702 et
2643 663 2672 703 a
2704 649 2874 703 veteri
2905 649 3192 703 maledicto
3222 650 3424 705 libera-

1850 750 1976 788 mur
2004 737 2344 804 adventnque
2371 737 2604 804 Spiritus
2630 739 2800 793 sancti
2827 740 3234 793 sanctiﬁcamur
3259 757 3272 792 :
3299 755 3423 809 per-

1853 826 2052 881 lectam
2087 837 2265 881 autem
2318 830 2570 898 gratiam,
2620 830 2778 899 juxta
2830 831 3001 886 illud:
3043 850 3062 883 ι
3101 832 3425 887 lnhabitabo

1849 928 1904 973 ct
1944 920 2293 973 inambulabo
2324 922 2376 976 in
2409 922 2492 977 eis
2543 922 2610 984 ",
2650 940 2667 970 ›
2706 937 2812 975 non
2861 931 2994 978 tunc
3048 923 3423 992 adipiscimur.

1853 1008 1960 1063 hoc
1990 1011 2136 1062 enim
2184 1012 2437 1076 ﬁrmiter,
2492 1020 2921 1080 constanterque
2955 1014 3320 1078 credentium,
3368 1021 3425 1067 et

1853 1097 2011 1150 ﬁdem
2073 1113 2140 1151 ex
2196 1100 2460 1167 operibus
2516 1101 2928 1156 ostendentium
2978 1111 3082 1156 est.
3140 1101 3424 1171 Baptismo

1850 1187 1996 1240 enim
2043 1186 2286 1253 lustrati,
2331 1190 2375 1242 si
2410 1189 2476 1242 ad
2507 1205 2764 1259 nequam,
2815 1200 2870 1244 et
2929 1201 3119 1260 turpes
3173 1193 3421 1248 actiones

1856 1273 2218 1344 declinemus,
2269 1278 2440 1348 ipsam
2477 1294 2695 1349 quoque
2723 1281 3208 1335 sanctiﬁcationem
3247 1281 3426 1335 fundi-

1853 1373 1941 1420 tus
1968 1370 2292 1424 amittimus.
2323 1369 2425 1426 Per
2447 1370 2821 1441 pmnitentiam
2855 1389 3039 1444 porro,
3085 1390 3178 1443 per
3206 1376 3426 1430 confes-

1852 1457 2060 1511 sionem
2121 1468 2174 1512 et
2210 1461 2484 1532 Iacrymas
2517 1477 2618 1532 pro
2644 1464 2897 1533 portione
2925 1469 3139 1519 veniam
3177 1449 3422 1534 priorum

1851 1547 2175 1603 delictorum
2221 1553 2602 1620 impetramus,
2632 1566 2686 1608 et
2731 1555 2804 1608 ita
2845 1555 3064 1609 demum
3108 1556 3423 1610 sanctiﬁca-

1852 1639 2054 1692 tionem
2094 1656 2216 1694 cum
2247 1644 2454 1698 ccclein
2495 1647 2665 1712 gratia
2698 1647 3012 1716 recipimus.

1927 1730 2012 1784 75.
2049 1732 2373 1787 PtBnitentia
2430 1740 2667 1806 turpium
2727 1739 3006 1793 actionum
3070 1739 3296 1794 maculas
3358 1750 3413 1794 et

1853 1821 2004 1874 labes
2068 1824 2352 1888 eluuntur,
2413 1836 2530 1892 post
2583 1842 2703 1882 eam
2759 1845 2890 1884 vero
2947 1829 3190 1900 Spiritus
3248 1830 3424 1886 sancti

170 1878 305 1990 ἐτῇᾆξ
317 1878 321 1879 ί
335 1878 892 1988 ᾖεέξλὴῖιέιέἶιμξιτοξ
920 1878 1077 1984 in}.
1102 1878 1134 1944 -’
1149 1917 1248 1985 οὐχ
1271 1878 1471 1978 ista;
1502 1878 1764 1978 sint.

2339 1878 2351 1888 .
2413 1878 2430 1892 ,
2487 1878 2526 1880 μ
2590 1878 2702 1882 -----
2772 1878 2885 1884 .--ν
2950 1878 3188 1900 Ἵππη

1855 1918 2379 1981 communicatione,
2415 1934 2521 1972 non
2547 1920 2770 1987 quidem
2805 1922 3152 1990 simpliciter,
3191 1924 3286 1978 sed
3335 1939 3423 1978 sc-

174 2011 319 2064 κατὰ
351 2009 450 2078 τὴν
489 2007 694 2071 πίστιν,
728 2009 822 2060 καὶ
851 2008 951 2076 τὴν
997 2004 1260 2071 διάθεσιν,
1302 2008 1397 2060 καὶ
1447 2007 1546 2074 τὴν
1573 2004 1768 2057 ταπεί-

173 2119 345 2157 νωσιν
361 2102 466 2155 τῶν
496 2102 556 2164 ἐξ
583 2101 706 2169 ὅλης
738 2100 1143 2170 μετανοούντων
1165 2100 1363 2171 ψυχῆς.
1389 2099 1464 2153 Οὐ
1497 2099 1658 2170 μόνον
1686 2097 1765 2161 δὲ,

172 2194 316 2246 ἀλλὰ
350 2193 442 2245 καὶ
476 2192 610 2262 μετὰ
643 2191 704 2243 τὸ
735 2191 947 2244 τελείαν
991 2191 1092 2258 τὴν
1131 2190 1326 2258 ἄφεσιν
1370 2188 1480 2242 τῶν
1511 2190 1766 2259 ἡμαρτη-

177 2286 387 2352 μένων,
443 2280 593 2349 παρὰ
621 2277 716 2332 τοῦ
751 2279 963 2346 Πατρος
997 2279 1092 2331 καὶ
1129 2278 1394 2348 ἀναδόχου
1424 2277 1644 2330 λαϐεῖν’
1681 2277 1770 2329 διὰ

173 2374 339 2427 τοῦτο
392 2371 559 2426 καλὸν
598 2371 722 2424 καθ’
772 2371 1012 2440 ἑκάστην
1071 2372 1378 2438 μετανοεῖν,
1430 2369 1519 2422 διὰ
1547 2370 1648 2440 τὴν
1679 2385 1770 2421 κε-

173 2466 446 2519 λεύουσαν
495 2464 736 2534 ἐντολήν.
763 2464 836 2516 Τὸ
871 2462 1000 2533 γὰρ,
1043 2480 1060 2513 ι
1095 2463 1447 2528 Μετανοεῖτε,
1478 2463 1765 2535 ἤγγικενὴ

176 2557 431 2627 βασιλεία
481 2556 589 2609 τῶν
618 2555 884 2623 οὐρανῶν,
925 2573 943 2606 ι
978 2554 1232 2625 ἀόρςστον
1271 2556 1404 2624 ἡμῖν
1433 2555 1771 2624 ὑπεμφαίνει

173 2648 278 2718 τὴν
327 2647 610 2716 ἐργαῑίαν.

248 2741 360 2799 ος·’.
408 2736 472 2788 Ἠ
502 2734 662 2806 χάρις
690 2733 783 2788 τοῦ
813 2730 1080 2799 παναγίου
1141 2729 1459 2800 [Ινεύματος
1511 2733 1632 2792 ταῖς
1692 2729 1770 2800 τῷ

176 2827 408 2898 Χριστῷ
440 2827 880 2898 νυμφευομιναις
904 2825 1129 2894 ψυχαῖς,
1148 2824 1222 2886 ὡς
1239 2822 1500 2894 ἀρραϐὼν
1529 2823 1732 2876 δίδοται
1749 2837 1765 2852 ⁸

177 2921 278 2971 καὶ
305 2917 560 2989 καθάπερ
591 2917 914 2988 ἀῤῥαῦῶνος
947 2918 1124 2988 χωρὶς
1175 2917 1278 2969 οὐκ
1325 2916 1438 2986 εχει
1470 2914 1770 2982 ἅαφάλειαν

176 3013 213 3080 ἠ
237 3010 381 3080 γυνὴ
409 3010 508 3080 τὴν
537 3011 677 3079 μετὰ
701 3008 796 3062 τοῦ
833 3009 1033 3079 ἀνδρὸς
1059 3008 1353 3077 συνάφειαν
1388 3007 1608 3076 μέλλειν
1639 3008 1771 3060 ποτὲ

178 3103 419 3172 βεϐαίως
453 3102 804 3172 γενήσεσθαι,
835 3100 1008 3164 οὕτως
1042 3102 1165 3154 οὐδὲ
1188 3100 1336 3171 ψυχὴ
1372 3099 1598 3170 βεσαίαν
1633 3099 1773 3169 λαμ-

1852 2004 2092 2058 cundum
2128 2006 2286 2059 ﬁdem
2329 2048 2343 2070 ,
2383 2008 2795 2077 dispositionem
2845 2019 2898 2064 et
2941 2011 3300 2066 humilitatem
3334 2027 3427 2066 eo-

1854 2108 1970 2145 rum
2007 2094 2100 2162 qui
2135 2104 2249 2149 toto
2312 2097 2493 2151 animo
2542 2099 2922 2168 paenitentiam
2980 2109 3200 2169 agunt:
3251 2115 3426 2170 neque

1853 2186 1955 2238 hoc
1986 2187 2189 2251 solum,
2235 2187 2333 2243 sed
2365 2189 2526 2242 etiam
2560 2199 2679 2258 post
2727 2191 3025 2259 perfectam
3071 2201 3423 2261 peccatorum

1853 2277 2231 2333 remissionem
2280 2294 2308 2332 ει
2361 2279 2556 2346 Patre,
2614 2289 2670 2335 et
2742 2279 3060 2352 ﬁdejttssoro
3123 2292 3425 2353 acceptam.

1851 2370 2122 2436 Quocirca
2153 2372 2380 2440 expedit.
2423 2372 2694 2440 poenitere
2726 2372 2990 2441 quotidie,
3045 2381 3104 2426 ut
3144 2373 3425 2442 iubemur.

1855 2461 1991 2516 Nam
2020 2464 2154 2518 illud
2195 2480 2209 2518 :
2253 2483 2270 2515 ι
2312 2464 2910 2536 Ptenitentiam'agita.
2961 2468 3430 2537 appropinquavit

1850 2553 1995 2608 enim
2029 2570 2252 2623 regnum
2283 2555 2552 2610 calorum
2588 2556 2660 2622 ",
2700 2574 2717 2606 ι
2759 2556 3098 2610 indeﬁnitum
3141 2557 3300 2612 nobis
3325 2557 3427 2611 hu-

1849 2644 1940 2714 jus
1969 2646 2046 2700 rei
2086 2646 2363 2702 l'acie‘nda:
2404 2658 2617 2715 tempus
2646 2648 2973 2704 subindicat.
3167 2706 3171 2711 _

1920 2737 2011 2791 76.
2047 2736 2394 2793 Sanctissimi
2460 2738 2704 2807 Spiritus
2739 2739 2912 2806 gratia
2972 2739 3198 2794 Christo
3242 2740 3428 2810 nuptis

1850 2829 2139 2884 animabus
2176 2843 2276 2897 pro
2306 2829 2469 2884 arrha
2502 2830 2686 2883 datur.
2723 2828 2786 2881 Et
2842 2829 3302 2897 quemadmodum
3350 2831 3429 2886 fe-

1854 2920 1998 2972 Inina
2055 2920 2174 2974 sine
2212 2921 2374 2972 arrha
2427 2937 2534 2974 non
2586 2928 2674 2973 est
2725 2935 2923 2974 secura
2980 2922 3427 2990 coniunctionem

1851 3022 1973 3058 cum
2009 3007 2130 3062 viro
2178 3009 2426 3063 stabilem
2468 3019 2522 3062 et
2559 3010 2995 3065 indissolubilem
3038 3009 3152 3066 fore
3183 3030 3196 3065 :
3228 3011 3301 3066 ita
3334 3028 3431 3066 nec

1853 3100 2045 3150 anima:
2069 3098 2129 3151 tit
2155 3107 2305 3153 certa
2336 3099 2491 3162 lides,
2525 3115 2645 3153 eam
2689 3100 2988 3169 aliquando
3011 3115 3140 3154 cum
3175 3101 3428 3162 Domino.

176 3195 338 3248 εάνει
367 3191 738 3262 πληροφορίαν
761 3192 913 3256 ποτὲ,
940 3191 1036 3244 τοῦ
1070 3193 1210 3261 μετὰ
1245 3191 1338 3245 τοῦ
1366 3190 1644 3243 Δεσπότου
1672 3190 1764 3242 αὖ·

1853 3201 1906 3241 et
1931 3185 2041 3242 Deo
2071 3204 2172 3243 suo
2206 3190 2259 3242 in
2285 3191 2468 3243 omnis
2498 3191 2598 3244 xvi
2655 3193 2836 3259 spatia
2883 3192 3151 3257 futuram,
3202 3203 3294 3247 aut
3344 3207 3432 3247 ar-

177 3289 278 3357 τῆς
309 3287 404 3339 καὶ
426 3284 560 3338 Θεοῦ
591 3284 672 3347 είς
697 3283 902 3346 αἰῶνας
933 3282 1278 3348 συνέπεσθαι,
1311 3282 1343 3352 ἢ
1372 3281 1652 3351 μυστικῶς
1678 3282 1772 3334 καὶ

177 3378 581 3447 ἁνεκφράστως
610 3374 760 3445 αὐτῷ
796 3375 1186 3436 συνάπτεσθαι,
1217 3377 1313 3428 κα).
1344 3373 1438 3427 τοῦ
1468 3373 1771 3444 ἀπροσίτου

181 3472 421 3533 κάλλους
449 3468 821 3528 ἐπαπολαύειν
859 3469 1046 3530 αὑτοῦ,
1103 3469 1152 3520 εἰ
1186 3469 1262 3538 μὴ
1291 3468 1388 3537 τῆς
1421 3466 1644 3537 χάριτος
1672 3467 1770 3519 αὐε-

180 3562 276 3614 τοῦ
311 3562 404 3614 τὸν
436 3559 736 3630 ἀρραἦῶνα
764 3559 941 3624 λάϐοι,
978 3559 1069 3612 καὶ
1093 3557 1348 3626 γνωστῶς
1376 3557 1537 3610 αὑτὸν
1572 3559 1628 3610 ὲν
1653 3559 1774 3610 ἑαυ-

182 3657 248 3724 τῇ
282 3655 577 3722 κτήσηται.

253 3741 352 3807 οξ.
393 3743 490 3795 ’ον
513 3743 711 3813 τρόπον
739 3742 790 3796 οἱ
825 3741 1166 3811 γραφόμενοι
1204 3737 1523 3810 συμϐολικοὶ
1548 3736 1770 3806 χάρται,

181 3832 345 3904 εἰμὴ
393 3831 723 3902 ὑπογραφὰς
773 3832 1102 3896 ἀξιοπίστων
1157 3829 1450 3901 μαρτύρων
1488 3827 1770 3891 δέξωνται.

181 3924 286 3976 οὐκ
338 3921 487 3974 ἔστιν
516 3923 544 3974 ὁ
577 3921 838 3993 ἀρραϐὼν
873 3921 1112 3990 βέϐαιος,
1155 3919 1326 3983 οὕτως
1378 3918 1500 3973 οὐδὲ
1537 3917 1772 3990 πρὸτῆς

183 4015 452 4085 ἐργασίας
477 4013 584 4066 τῶν
615 4013 865 4077 ἐντολῶν,
896 4015 988 4065 καὶ
1016 4014 1114 4084 τῆς
1135 4011 1242 4064 τῶν
1270 4013 1480 4084 ἀρετῶν
1505 4014 1768 4082 κτήσεως,

183 4106 441 4174 ἁσνραλὴς
475 4107 506 4175 ἡ
537 4105 634 4174 τῆς
666 4107 886 4175 χάριτος
917 4104 1185 4176 ἐλλαμψις
1216 4105 1425 4171 γίνεται
1453 4120 1466 4134 ·
1497 4105 1633 4174 ὅπερ
1663 4105 1770 4174 γὰρ

187 4200 245 4250 ὲν
271 4198 387 4259 τοῖς
420 4199 734 4267 συμφώνοις
775 4201 823 4251 οἱ
854 4199 1152 4269 μάρτυρες,
1189 4198 1344 4250 τοῦτο
1369 4197 1462 4249 ἐπὶ
1490 4196 1586 4250 τοῦ
1618 4215 1772 4249 πνευο

188 4290 428 4360 ματικοῦ
476 4291 795 4360 ἁρῤασῶνος
831 4293 864 4360 ἡ
889 4291 995 4344 τῶν
1038 4289 1265 4344 ἐντολῶν
1301 4288 1534 4360 ἐργασία
1577 4288 1672 4342 καὶ
1715 4290 1768 4342 al

261 4495 302 4526 ¹⁹
338 4494 513 4548 chit.
549 4510 696 4557 nu,
727 4493 832 4554 19.;
868 4495 909 4545 ll
933 4493 1059 4548 Cor.
1103 4511 1174 4557 νι,
1206 4494 1284 4549 l6.
1366 4495 1408 4524 "‘
1441 4492 1631 4546 Matth.
1669 4509 1747 4556 ιιι,
1790 4494 1844 4546 9..

1858 3293 2017 3341 cano,
2048 3286 2102 3333 et
2141 3279 2512 3350 inexplicabili
2573 3282 2734 3336 modo
2782 3297 2908 3336 cum
2951 3283 3074 3351 ipso
3113 3284 3430 3353 copulatum

1857 3369 1946 3436 iri,
1982 3378 2036 3424 et
2089 3370 2464 3427 inaccessibili
2499 3371 2618 3441 eius
2673 3373 3083 3443 pulchritudine
3111 3374 3428 3437 fruituram,

1855 3459 1961 3514 nisi
1987 3460 2110 3528 ejus
2148 3461 2337 3532 gratia:
2368 3462 2731 3518 arrltaboncm
2781 3465 3078 3534 acceperit,
3141 3466 3431 3535 ipsumque

1851 3549 1906 3603 in
1945 3564 2003 3605 sc
2030 3551 2209 3605 sciens
2244 3553 2518 3609 habuerit.

1924 3732 2015 3786 77.
2033 3731 2319 3798 Quomodo
2345 3731 2552 3786 chartae
2572 3733 2908 3802 symbolicae,
2933 3749 3028 3787 seu
3063 3734 3430 3790 instrumenta

1856 3824 1998 3877 inter
2036 3823 2450 3888 contrahentes,
2489 3823 2596 3876 nisi
2647 3833 2812 3877 testes
2865 3825 3042 3878 idonei
3092 3827 3430 3894 subscripse-

1852 3916 1985 3980 rint,
2022 3915 2162 3967 lirmi
2196 3928 2257 3967 ac
2284 3916 2420 3966 certi
2475 3915 2804 3970 arrhabonis
2846 3917 2953 3968 vim
3016 3932 3123 3970 non
3178 3918 3380 3972 habent
3416 3939 3428 3971 :

1854 4007 1933 4060 sic
1965 4022 2141 4076 neque
2188 4015 2478 4074 antequam
2536 4007 2790 4059 mandata
2824 4005 2915 4059 Dei
2965 4022 3131 4077 opere
3186 4008 3343 4072 ﬁant,
3377 4018 3430 4062 et

1861 4096 2092 4149 virtutes
2131 4097 2415 4163 acquisita:
2475 4095 2605 4157 sint,
2660 4105 2807 4148 certa
2853 4097 3039 4165 gratias
3101 4097 3431 4151 illuminatio

1860 4190 2149 4258 contingit.
2186 4188 2338 4255 Quod
2369 4189 2511 4241 enim
2547 4189 2600 4242 in
2638 4189 2812 4256 pactis
2873 4197 2927 4243 et
2974 4187 3260 4244 conventis
3304 4201 3430 4244 sunt

1863 4291 2052 4342 ιιειρε.
2106 4282 2204 4333 hoc
2258 4281 2310 4333 in
2361 4280 2630 4349 spirituali
2689 4280 2998 4334 arrhabone
3052 4280 3429 4334 mandatorum

179 4715 231 4759 ct
263 4701 679 4773 persolvendam
709 4701 934 4773 cuique,
973 4708 1131 4768 prout
1170 4702 1355 4753 \ivens
1392 4699 1444 4752 in
1485 4700 1585 4753 hac
1634 4699 1737 4751 vita
1781 4703 1821 4756 ll
1854 4701 2106 4770 spiritus,
2140 4699 2369 4754 stultitia
2410 4697 2810 4773 enimestillis
2839 4697 2889 4771 (Ι
2919 4697 3042 4753 Cor.
3077 4713 3136 4762 ll,
3173 4699 3261 4773 Η)
3299 4699 3423 4754 :sic

181 4772 414 4828 meritus
450 4781 552 4831 est,
582 4772 909 4833 mercedem,
942 4774 1192 4823 credunt.

254 4862 272 4894 ι
312 4843 368 4895 SI
411 4840 650 4910 Spiritus
702 4841 875 4894 sancti
924 4857 1144 4906 compos
1191 4855 1272 4903 es,
1314 4841 1537 4893 omnino
1573 4855 1634 4893 ex
1666 4842 1750 4895 liis

179 4928 302 4981 quae
332 4913 403 4964 ab
432 4914 550 4979 ipso
587 4911 639 4961 in
675 4918 726 4961 te
762 4910 900 4981 liunt
922 4924 1426 4981 cognosci-spqu
1456 4914 1748 4978 Apostolus

180 4978 247 5037 de
282 4983 374 5034 illo
400 4978 642 5046 scripsit,
695 4995 818 5030 cum
855 4980 929 5030 ait
963 4996 976 5031 :
1013 4978 1114 5031 Ubi
1152 4979 1370 5046 spiritus
1417 4981 1644 5040 Domini,
1678 4981 1750 5032 ibi

181 5055 400 5105 libertas
447 5048 528 5116 (ll
564 5050 687 5101 Car.
723 5063 784 5110 ιι,
818 5049 926 5114 l7).
965 5049 1032 5102 Et
1071 5065 1084 5100 :
1119 5049 1321 5111 Corpus
1370 5049 1581 5115 quidem
1610 5065 1751 5099 mor-

180 5133 329 5174 tuum
390 5129 467 5172 est
515 5129 728 5186 propter
779 5128 1098 5183 peccatum:
1128 5119 1347 5184 spiritus
1402 5129 1575 5170 autem
1628 5119 1747 5170 vivit

177 5202 395 5258 propter
447 5187 884 5255 iusti/irationem
918 5187 1116 5255 (Rom.
1165 5203 1277 5249 vm,
1331 5186 1450 5254 10).
1510 5186 1750 5258 EtrQui

180 5257 385 5314 Christi
410 5267 555 5321 sunt,
589 5273 802 5310 carnem
829 5273 981 5309 suam
1012 5259 1391 5325 cruci/iurant
1423 5273 1541 5308 cum
1584 5257 1748 5320 vitiis,

178 5341 228 5382 et
262 5328 703 5394 concupiscentiis
740 5327 850 5378 suis
879 5325 1100 5396 (Galat.
1147 5343 1196 5391 ν,
1247 5326 1378 5389 24).
1428 5328 1752 5396 Quicunque

180 5401 326 5452 enim
355 5399 410 5449 in
443 5397 648 5462 Spiritu
674 5405 869 5450 sancto
892 5395 1154 5464 baptizati
1206 5406 1356 5456 sunt,
1393 5405 1564 5449 totum
1592 5395 1754 5451 Chri-

179 5477 327 5521 stum
362 5468 661 5519 induerunt
687 5464 889 5536 (Colat.
919 5481 998 5528 ιιι,
1031 5465 1123 5535 27)
1159 5484 1171 5515 :
1208 5477 1260 5519 et
1301 5466 1393 5536 ﬁlii
1431 5466 1567 5519 lucis
1599 5477 1749 5528 sunt,

180 5546 234 5590 ct
267 5539 321 5590 in
364 5536 571 5590 lumine
602 5533 711 5589 non
760 5536 998 5590 occiduo
1025 5533 1310 5602 ambulant
1341 5533 1494 5602 (Luc.
1526 5551 1611 5598 xv,
1647 5536 1701 5603 δ)
1737 5554 1750 5590 :

177 5619 232 5660 et
265 5607 517 5660 videntes
545 5608 806 5659 mundum
835 5622 942 5658 non
965 5607 1150 5658 vident
1189 5623 1200 5658 :
1233 5616 1286 5658 et
1319 5607 1603 5660 audientes
1632 5621 1752 5673 qua:

181 5677 374 5746 mundi
411 5686 563 5738 sunt,
605 5691 711 5728 non
758 5676 996 5746 audiunt
1046 5673 1213 5746 (Luc.
1240 5691 1369 5746 vm,
1413 5675 1539 5746 10).
1600 5676 1753 5729 Sicut

177 5749 324 5799 extim
345 5745 544 5799 litteris
569 5756 652 5799 est
680 5745 938 5798 traditum
966 5744 1033 5799 de
1057 5744 1378 5798 carnalibus
1413 5745 1748 5807 hominibus,

177 5828 275 5872 eos
309 5815 563 5870 videntes
596 5831 706 5870 non
749 5815 953 5880 videre,
982 5825 1036 5868 et
1079 5815 1296 5868 divinas
1346 5829 1433 5866 res
1467 5816 1750 5868 audientes

181 5900 291 5942 no.1
341 5885 673 5956 intelligere,
733 5900 908 5954 neque
958 5899 1154 5954 capere
1210 5899 1391 5950 posse,
1437 5899 1562 5952 qute
1621 5894 1750 5938 sunt

1863 4773 1992 4824 mihi
2033 4774 2098 4822 tle
2140 4774 2208 4822 iis
2240 4774 2439 4835 cogita,
2474 4771 2566 4837 qni
2598 4770 2857 4837 Spiritum
2898 4779 3147 4823 sanctum
3189 4771 3329 4822 intra
3367 4785 3427 4823 se

1860 4841 2162 4893 c0ntincnt.
2211 4840 2438 4893 Gestant
2485 4840 2704 4906 quidem
2756 4853 2959 4907 corpus
2993 4879 3008 4903 ,
3048 4839 3141 4892 sed
3177 4841 3229 4892 in
3265 4855 3431 4892 carne

1859 4923 1963 4961 non
1995 4917 2122 4963 sunt
2151 4927 2163 4962 :
2203 4908 2299 4961 Vos
2323 4912 2480 4970 enim,
2509 4909 2686 4974 inquit
2733 4908 3047 4976 Apostolus,
3077 4909 3124 4960 in
3146 4925 3303 4962 carne
3327 4924 3428 4960 non

1856 4981 2002 5041 estis,
2034 4983 2122 5030 sed
2142 4980 2204 5048 fin
2237 4981 2431 5048 spiritu
2464 4995 2481 5032 :
2514 4980 2774 5044 siquidem
2805 4979 3041 5046 Spiritus
3079 4978 3175 5030 Dei
3224 4979 3429 5030 habitat

1855 5048 1911 5099 in
1945 5050 2082 5101 vobis
2109 5047 2277 5116 (Rom.
2313 5066 2429 5109 vm,
2453 5051 2528 5117 9).
2566 5049 2759 5101 Mortui
2787 5057 2914 5102 Sttttl.
2942 5049 3164 5110 mundo,
3191 5057 3242 5100 et
3271 5064 3429 5100 mnu--

1857 5117 1961 5171 dus
1997 5120 2152 5185 ipSis.
2192 5117 2328 5170 Mihi
2364 5119 2526 5182 enim,
2557 5121 2652 5180 ait,
2686 5119 2910 5171 mundus
2942 5119 3226 5184 cruci/ints
3256 5127 3355 5180 est,
3379 5126 3428 5170 et

1859 5203 1950 5256 ego
1981 5189 2170 5258 mundo
2206 5187 2409 5258 (Galat.
2444 5205 2516 5252 Vl,
2552 5190 2663 5257 H).

1937 5275 1955 5307 ι
1994 5257 2094 5322 Qui
2131 5256 2242 5311 Ita-c
2273 5259 2448 5327 signa.
2485 5273 2536 5312 et
2586 5258 2854 5312 mirabilia
2891 5258 2942 5311 in
2983 5273 3041 5312 se
3075 5256 3216 5309 facta
3253 5258 3424 5319 novit,

1865 5342 2049 5380 revera
2105 5327 2293 5392 Deum,
2334 5341 2384 5380 et
2415 5331 2566 5397 signa
2600 5328 2652 5380 in
2699 5343 2758 5381 se
2805 5335 3011 5395 gestat.
3063 5341 3204 5397 cuin
3232 5327 3425 5397 Deum,

1863 5397 1914 5450 id
1939 5406 2040 5458 est,
2076 5397 2252 5464 ipsum
2305 5394 2565 5465 Spiritum
2600 5394 3007 5452 sanctissnnum
3066 5395 3298 5465 incolam
3333 5394 3427 5465 ha-

1862 5467 2005 5528 beat,
2043 5463 2380 5534 loquentem,
2417 5478 2468 5520 et
2502 5474 2820 5533 operantem
2851 5467 2903 5519 in
2932 5482 3013 5527 se,
3043 5482 3164 5534 quae
3194 5478 3223 5516 a
3253 5463 3425 5534 Paulo

1859 5538 2000 5589 dicta
2029 5533 2178 5591 sunt.
2211 5538 2311 5602 Qui
2344 5538 2615 5602 vero_h2ec
2640 5538 2692 5590 in
2740 5552 2800 5590 se
2848 5533 3093 5589 nondum
3144 5533 3424 5601 cognovit,

1859 5623 1925 5659 ne
1960 5607 2062 5660 sibi
2103 5594 2261 5659 verba
2311 5608 2421 5667 det,
2452 5594 2748 5660 diatnnum
2787 5621 2916 5659 caro
2964 5614 3016 5658 et
3070 5594 3294 5671 sanguis
3341 5594 3425 5656 est

1858 5677 2096 5745 caligine
2133 5678 2531 5730 desideriorum
2587 5678 2776 5730 carnis
2833 5688 3059 5743 opertus
3115 5672 3419 5745 videlicet:

1855 5742 1992 5799 Caro
2045 5756 2220 5799 autem
2251 5759 2297 5799 et
2327 5748 2541 5815 sanguis
2574 5763 2791 5815 regnum
2823 5742 3146 5815 Dé_i._(quod
3181 5742 3421 5815 c_stSpi~

1855 5818 1992 5873 ritus
2023 5821 2269 5886 sanctus)
2305 5833 2404 5870 non
2428 5812 2812 5886 consequentur
2837 5817 2853 5885 (
2879 5813 2904 5868 Ι
2930 5812 3055 5870 cor.
3091 5829 3184 5880 xv,
3205 5813 3318 5883 50).
