4182 6456
245 444 353 507 661

1554 449 1818 513 CAPITA
1864 453 2233 523 MORAL’IA.

3401 475 3510 544 662

249 578 406 644 μέσῳ
434 572 611 643 ήμῶν,
649 568 902 626 τοσοῦτον
951 571 1020 627 τά
1072 570 1207 643 μέλη
1261 573 1641 643 νεκρὼσαντες
1700 574 1828 628 ἑαυ-

1940 574 2032 627 dio
2087 590 2341 635 nostrum
2398 594 2737 655 versantes;
2770 591 2862 657 qui
2918 590 3055 646 adeo
3104 592 3506 650 mortitlcarunt

244 670 361 721 τῶν
388 668 458 721 τά
515 668 609 721 ἐπὶ
654 668 753 736 τῆς
816 669 938 738 γῆς,
987 669 1051 721 ὲκ
1105 666 1284 736 πάσης
1340 666 1680 738 ἀκαθαρσίας
1739 668 1835 722 καὶ

248 760 672 829 ἐμπαθεστάτης
717 759 1034 828 ἐπιθυμίας,
1065 758 1141 821 ὡς
1175 759 1249 829 μὴ
1307 758 1467 829 μόνον
1498 761 1588 828 ἀφ’
1620 760 1832 817 ἑαυτῶν

249 870 381 905 ποτε
398 850 737 920 λογίζεσθαι,
772 852 804 923 ή
839 852 1061 921 ποιῆσαί
1088 871 1140 904 τι
1178 851 1288 904 τῶν
1313 852 1519 917 κακῶν,
1541 853 1676 908 ἀλλά
1698 855 1836 925 μηδὲ

248 946 343 1012 ὑφ’
393 945 581 1014 ἑτέρου
622 946 759 1015 πρὸς
792 947 952 997 τοῦτο
1001 946 1350 1019 ἑλκομένους,
1381 946 1667 1001 ἀλλοίωσίν
1712 966 1837 1002 τινα

246 1038 349 1105 τῆς
379 1035 689 1106 προσούσης
715 1036 904 1098 αὑτοῖς
932 1035 1201 1096 ἀπαθείας
1233 1035 1561 1104 ὑφίστασθαι
1582 1053 1595 1067 ⁵
1622 1038 1834 1094 εῐδεσαν

247 1128 362 1198 γὰρ
394 1128 460 1180 ἂν
487 1127 712 1188 τούτους
743 1126 902 1195 εἴπερ
927 1128 1125 1191 εἰδότες
1150 1123 1292 1198 ἦσαν
1319 1128 1388 1181 τὰ
1430 1130 1554 1182 καθ’
1597 1130 1835 1198 ἑκάστην

246 1218 742 1288 ἀναγινωσκόμενα
803 1218 920 1271 θεῖα
953 1219 1131 1287 λόγια,
1192 1221 1287 1273 καὶ
1337 1220 1653 1292 ψαλλόμενα
1705 1223 1836 1295 παρ’

246 1309 453 1373 αὐτῶν,
471 1310 522 1363 οἱ
550 1312 663 1373 τοῖς
688 1310 954 1373 τοιούτοις
988 1310 1091 1382 τὴν
1134 1312 1457 1383 ἀδιαφορίαν
1475 1315 1838 1386 ἐπιφημίζον-

244 1417 341 1463 τες
370 1401 467 1455 καὶ
491 1400 905 1466 διαπιστοῦντες
969 1403 1081 1466 τοῖς
1124 1403 1252 1475 περὶ
1286 1404 1445 1458 θείων
1497 1408 1838 1478 πραγμάτων

245 1494 596 1547 διδάσκουσιν
617 1496 675 1547 ὲν
708 1494 871 1565 σοφίᾳ
895 1493 992 1548 τοῦ
1019 1494 1361 1564 Πνεύματος.
1392 1494 1456 1549 Ei
1478 1498 1587 1567 γάρ
1618 1500 1676 1551 ἐν
1696 1497 1836 1566 γνὼ-

249 1602 336 1637 σει
369 1585 552 1656 τελεία
579 1584 830 1652 ἐγένοντο
852 1585 955 1655 τῆς
981 1584 1132 1650 θείας
1171 1588 1414 1657 Γραφῆς,
1454 1589 1738 1643 ἐπίστευον
1769 1590 1837 1645 ἂν

248 1680 366 1739 τοῖς
417 1677 524 1729 ὑπὸ
556 1677 692 1731 Θεοῦ
740 1676 1019 1748 λαληθεῖσι
1045 1678 1140 1731 καὶ
1170 1679 1495 1750 δωρηθεῖσιν
1526 1683 1659 1750 ἡμῖν
1693 1685 1837 1751 ἀγα-

248 1767 367 1830 θοῖς
392 1785 406 1798 ·
441 1768 564 1821 ἐπεὶ
585 1768 640 1821 δὲ
672 1768 931 1839 ἀμέτοχοι
953 1770 1066 1821 τῶν
1094 1771 1371 1837 τοιούτων,
1402 1771 1461 1838 ἐξ
1484 1773 1709 1843 οἰήσεως
1741 1774 1836 1828 καὶ

1943 670 2187 725 membra
2216 687 2338 739 sua,
2373 691 2495 745 qum
2525 688 2653 733 sunt
2699 696 2867 750 super
2899 690 3103 736 terram
3135 686 3203 747 ’°,
3260 685 3328 739 ab
3357 686 3506 740 omni

1941 763 2282 821 immumlitia
2336 779 2387 823 et
2424 768 2639 825 furente
2669 775 3147 845 concupiscentia,
3185 786 3245 829 ut
3282 792 3387 830 non
3415 794 3506 829 so-

1938 855 2047 910 lum
2088 874 2185 928 per
2213 874 2331 915 sese
2365 862 2492 915 mali
2513 863 2788 933 quippiam
2817 881 2923 920 non
2949 868 3212 937 cogitent,
3238 883 3338 921 nec
3359 869 3423 921 ad
3452 869 3505 923 id

1939 952 2394 1007 committendum
2422 954 2759 1009 incitentur:
2804 959 2897 1010 sed
2935 974 3113 1029 neque
3162 961 3232 1014 ab
3262 959 3388 1013 aliis
3438 960 3505 1013 ad

1939 1037 2041 1091 hoc
2074 1040 2373 1107 sollicitati,
2410 1046 2651 1113 qttietum
2682 1047 2849 1099 animi
2878 1048 2961 1100 sui
2989 1057 3193 1103 statum
3224 1051 3405 1119 aliqua
3438 1065 3503 1103 ex

1934 1139 2091 1200 parte
2125 1141 2338 1188 mutare
2393 1145 2680 1199 noverunt,
2733 1139 2952 1207 quando
3004 1142 3265 1195 memoria
3317 1148 3507 1196 tenent

1932 1239 2056 1293 qum
2093 1225 2337 1292 quotidie
2385 1226 2570 1295 legunt
2606 1237 2659 1283 et
2702 1231 2943 1299 psallunt
3012 1231 3197 1286 divina
3253 1234 3502 1288 oracula.

1932 1315 2031 1372 llis
2069 1318 2145 1372 illi
2174 1318 2242 1373 de
2270 1319 2673 1377 divinis-rebus
2703 1322 2755 1376 in
2807 1324 3080 1393 sapientia
3126 1325 3359 1394 spiritus
3405 1326 3505 1379 do-

1930 1411 2204 1475 rentibus,
2240 1422 2297 1467 ut
2326 1414 2528 1478 stultis,
2554 1413 2712 1467 fidem
2743 1431 2849 1470 non
2886 1416 3110 1471 habent.
3140 1415 3277 1471 Nam
3301 1418 3344 1473 si
3377 1433 3503 1488 per-

1930 1501 2071 1557 fecte
2098 1502 2314 1557 divinas
2365 1502 2683 1573 Scripturas
2716 1515 2965 1570 nossent,
3002 1506 3292 1561 crederent
3322 1506 3504 1561 verbis

1931 1591 2047 1657 Dei,
2078 1600 2130 1646 et
2166 1593 2321 1647 bonis
2353 1596 2545 1663 qnzeis
2575 1597 2813 1650 humano
2868 1598 3053 1667 generi
3085 1598 3330 1653 donavit.
3363 1598 3501 1664 Quia

1926 1698 2056 1737 vero
2119 1684 2494 1753 hujuscemodi
2548 1689 2815 1743 bonoru'n
2901 1690 2971 1744 ob
3028 1691 3392 1758 arrogantiam
3448 1700 3503 1742 et

1926 1777 2231 1831 socordiam
2291 1779 2584 1848 participes
2642 1796 2749 1835 non
2813 1792 2982 1847 sunt,
3016 1783 3181 1834 etiam
3245 1781 3347 1835 hos
3403 1780 3499 1851 qui

249 1860 519 1928 ἀμελείας
550 1860 656 1913 sisi.
689 1861 891 1927 καλῶν,
954 1862 1049 1915 καὶ
1097 1864 1223 1926 τοὺς
1260 1866 1688 1934 μετεσχηκότας,
1740 1867 1828 1919 καὶ

1922 1866 2213 1937 participes
2267 1881 2415 1936 sunt,
2452 1881 2506 1926 et
2563 1886 2659 1926 eos
2706 1872 2924 1939 docent,
2982 1874 3245 1930 increduli
3304 1872 3499 1927 calum-

248 1950 386 2019 περὶ
416 1950 523 2002 τῶν
576 1950 836 2005 τοιούτων
864 1951 1237 2019 διδάσκοντας,
1274 1954 1633 2018 ἀπιστοῦντες
1663 1950 1890 2010 ένδια-“’
1929 1957 2169 2014 niantnr.

251 2042 566 2097 ϐάλλουσιν.

327 2134 428 2204 ρξ’.
462 2135 558 2211 Διά
576 2135 736 2189 τοῦτο
766 2135 925 2205 μόνον
956 2136 1325 2207 παραϐάλλειν
1341 2138 1434 2193 καὶ
1469 2139 1683 2211 βλέπειν
1710 2144 1834 2207 τοὺς

250 2226 312 2278 ὲν
364 2224 445 2295 τῷ
496 2218 688 2295 κδσμῳ
736 2225 987 2281 θέλουσιν
1040 2229 1092 2281 oi
1147 2229 1373 2300 χάριτος
1404 2232 1831 2305 πεπληρωμένοι

251 2315 416 2381 θεοῦ,
471 2316 567 2370 καὶ
618 2317 1029 2388 τετελειωμένοι
1082 2321 1149 2389 τῇ
1180 2319 1381 2387 γνώσει
1411 2323 1507 2375 καὶ
1562 2326 1728 2397 σοφίᾳ
1763 2327 1831 2395 τῇ

251 2407 486 2470 ἀνωθεν,
519 2406 604 2461 ἴνα
644 2408 835 2478 μισθόν
877 2428 997 2463 τινα
1042 2411 1453 2481 προξενήσωσιν
1495 2415 1698 2483 αὐτοῖς,
1747 2416 1831 2470 διὰ

252 2501 622 2571 ὑπομνήσεως
650 2501 759 2555 τῶν
782 2502 1011 2555 ὲντολῶν
1034 2502 1129 2556 τοῦ
1159 2503 1319 2570 Θεοῦ,
1352 2506 1447 2561 καὶ
1473 2505 1540 2559 δι’
1570 2507 1833 2579 ἀγαθοερ-

251 2592 402 2659 γίας,
427 2595 475 2644 εἰ
498 2592 604 2662 ἀρα
629 2608 694 2661 γε
727 2592 1076 2655 ἀκούσουσιν.
1110 2595 1160 2648 εί
1180 2596 1289 2667 ἀρα
1315 2613 1378 2666 γε
1411 2598 1699 2669 συνήσουσι
1738 2599 1834 2656 καὶ

253 2683 669 2754 πεισθήσονται,
696 2685 884 2754 ἐπειδὴ
937 2688 987 2739 οἱ
1023 2688 1099 2759 μή
1151 2686 1232 2758 τῷ
1260 2688 1355 2742 τοῦ
1402 2688 1540 2744 Θεοῦ
1575 2691 1832 2760 ἀγόμενοι

252 2774 559 2843 ΙΙνεύματι,
586 2777 646 2828 ὲν
675 2779 739 2847 τῇ
782 2779 974 2850 σκοτίᾳ
1007 2780 1394 2850 περιπατοῦσι,
1428 2781 1526 2836 καὶ
1554 2782 1655 2835 οὑκ
1687 2781 1835 2837 οῖδα-

254 2883 343 2919 σιν
371 2864 496 2918 οὔτε
532 2867 633 2920 ποῦ
678 2867 1004 2936 ὑπάγουσιν,
1037 2870 1163 2925 οὔτε
1201 2873 1260 2924 ἐν
1284 2873 1395 2926 τίσι
1427 2873 1834 2945 προκόπτουσιν

252 2958 519 3020 ἐντολαῖς.
542 2959 697 3029 Τάχα
728 2960 837 3030 γάρ
864 2978 997 3015 ποτε
1027 2962 1462 3037 ἀνασφήλαντες,
1504 2967 1569 3034 ἐκ
1596 2969 1696 3035 τῆς
1732 2986 1833 3022 πε-

256 3050 547 3119 ριεχούσης
602 3052 801 3116 αὐτους
831 3054 1085 3124 οἰήσεως,
1116 3055 1358 3124 δέξονται
1412 3058 1512 3125 τὴν
1541 3057 1637 3113 τοῦ
1663 3058 1830 3129 ἁγίου

248 3131 574 3202 Πνεύματος
602 3132 775 3204 ἀληθῆ
805 3134 1178 3200 διδασκαλίαν,
1212 3140 1307 3193 καὶ⁵
1357 3140 1420 3193 τὸ
1462 3140 1558 3195 τοῦ
1583 3137 1840 3197 Θεοῦ,θέ-

244 3223 311 3293 ὶη
322 3242 399 3293 μα
434 3224 763 3289 ἀνοθεύτως,
796 3229 892 3281 καὶ
919 3230 1338 3303 ἁκαπηλεύτως,
1366 3235 1698 3301 ἀκούσαντες
1734 3254 1833 3307 με·

243 3316 598 3383 τανοήσουσι,
634 3318 727 3371 καὶ
759 3321 1090 3389 ποιήσαντες
1123 3324 1260 3377 αὐτὸ
1298 3327 1647 3396 μεταλάὸωσί
1687 3346 1836 3394 τινος

242 3404 588 3474 χαρίσματος
646 3412 1046 3479 πνευματικοῦ.
1095 3413 1156 3466 Ei
1184 3414 1240 3467 δὲ
1286 3417 1360 3486 μή
1391 3418 1649 3488 τοιαύτης
1690 3418 1837 3488 ὠφε-

242 3493 395 3560 λείας
425 3498 681 3564 γενέσθαι
715 3501 1021 3571 δυνηθῶσιν
1052 3506 1235 3571 αὑτοῖς
1264 3511 1537 3579 πρόξενοι,
1570 3512 1833 3584 θρηνοῦν-

240 3604 335 3651 τες
362 3588 464 3659 τὴν
490 3589 749 3661 πώρωσιν
806 3594 907 3662 τῆς
943 3597 1173 3666 καρδίας
1202 3600 1406 3667 αὐτῶν,
1458 3603 1833 3675 ὑποστρέφουσ

243 3697 331 3731 σιν
363 3682 445 3743 εἰς
470 3683 568 3745 τὰς
594 3683 790 3749 κέλλας
843 3688 1045 3755 αὐτῶν,
1078 3690 1273 3754 νυκτὸς
1308 3693 1405 3746 καὶ
1430 3695 1646 3766 ἡμέρας
1676 3699 1829 3769 εὑχύσ-

242 3789 400 3840 μενοι
450 3774 593 3846 ὑπὲρ
632 3778 728 3848 τῆς
772 3780 1048 3850 σωτηρίας
1076 3782 1277 3838 αὑτῶν.
1319 3784 1491 3855 Ὑπὲρ
1524 3788 1632 3857 γὰρ
1664 3790 1827 3844 ἄλλου

238 3866 387 3928 τινὸς
421 3867 675 3922 οὐδέποτε
709 3870 1117 3944 λυπηθήσονται
1145 3878 1193 3928 οἱ
1220 3876 1298 3948 τῷ
1327 3878 1445 3950 Θεῷ
1465 3880 1826 3949 ἀδιαλείπτως

239 3957 496 4023 συνόντες
526 3964 622 4015 καὶ
654 3964 1211 4039 ὑπερεμπιπλάμενοι
1239 3973 1445 4035 παντὸς
1477 3974 1708 4041 ἀγαθοῦ.

311 4048 417 4121 ρη’.
450 4052 544 4116 Τίς
595 4056 624 4107 ὁ
656 4057 859 4121 σκοπὸς
910 4060 1007 4129 τῆς
1050 4063 1319 4130 ὲνσέρκου
1351 4069 1668 4138 οἰκονῖμίας
1728 4070 1821 4123 τοῦ

234 4142 377 4197 Θεοῦ
399 4145 599 4215 Λόγου,
635 4150 662 4202 ὁ
683 4151 740 4203 ἐν
763 4151 913 4225 πάσῃ
949 4157 1013 4225 τῇ
1046 4154 1167 4226 θεία
1203 4158 1392 4227 Γραφῇ
1440 4162 1820 4232 ἀνακηρυττό-

236 4254 424 4305 μενος,
478 4242 576 4294 καὶ
616 4248 745 4311 παρ’
794 4247 952 4315 ήμῶν
1014 4249 1112 4317 μὲν
1168 4251 1703 4325 ἀναγινωσκόμενος,
1743 4258 1819 4329 μὴ

229 4332 733 4404 ἐπιγινωσκόμενος
750 4338 808 4391 δέ
830 4356 844 4403 ;
871 4341 939 4392 Ἢ
975 4342 1191 4405 πάντως
1216 4345 1303 4398 ἵνα
1337 4349 1689 4418 μετεσχηκὼς
1709 4351 1819 4404 τῶν

228 4421 545 4489 ἡμετέρων,
603 4429 897 4492 κοινωνοὺς
943 4432 1051 4482 τῶν
1084 4433 1293 4487 ἐκείνου
1342 4439 1543 4511 ποιήσῃ
1578 4442 1725 4510 ἡμᾶς
1749 4460 1760 4473 '
1792 4446 1820 4498 ὁ

229 4514 341 4583 γὰρ
377 4514 507 4578 Υἱὸς
558 4518 652 4571 τοῦ
710 4520 846 4573 Θεοῦ
899 4523 986 4576 διὰ
1019 4525 1177 4578 τοῦτο
1226 4527 1336 4591 υίὸς
1380 4530 1474 4583 τοῦ
1529 4533 1819 4604 ἀνθρώπου

226 4606 470 4671 ἐγένετο.
514 4609 601 4663 ἵνα
655 4614 807 4673 υἱοὺς
865 4614 1001 4668 Θεοῦ
1058 4620 1267 4691 ποιήσῃ
1312 4624 1439 4686 τοὺς

226 4699 379 4766 ἡμᾶς
406 4718 419 4730 ·
466 4702 602 4774 ὅπερ
638 4706 754 4757 ἐστὶ
786 4710 928 4762 κατά
960 4710 1126 4778 φύσιν
1156 4714 1391 4780 ἐκεῖνος,

224 4795 391 4865 χὰριν
446 4797 507 4849 τὸ
562 4801 719 4866 γένος

1426 4718 1645 4787 ἀνάγων
1674 4726 1816 4779 κατά

761 4804 949 4872 ἡμῶν,
1015 4808 1220 4874 γεννῶν
1281 4814 1429 4883 ἡμᾶς
1488 4816 1695 4873 ἀνωθεν
1756 4825 1814 4876 ἐν

226 4885 509 4954 Ιῐνεύματι
552 4892 717 4961 ἁγίῳ,
768 4897 865 4949 καὶ
906 4898 1071 4964 εὐθὺς
1133 4904 1369 4972 εἰσάγων
1427 4912 1572 4981 ἡμᾶς
1615 4915 1695 4978 εἰς
1716 4916 1815 4985 τὴν

224 4980 509 5047 βασιλείαν
561 4984 669 5038 τῶν
726 4990 1007 5059 οὐρανῶν·
1071 4996 1274 5056 μᾶλλον
1328 5000 1383 5053 δὲ
1445 5004 1604 5073 ἡμῶν
1662 5008 1813 5073 ἐντὸς

225 5073 325 5141 τὴν
384 5076 494 5127 τῶν
552 5080 798 5149 οὐρανῶν
863 5083 1145 5150 βασιλείαν
1206 5091 1353 5160 ἔχειν
1410 5098 1541 5166 ἡμῖν
1591 5104 1814 5172 χαριζό-

221 5182 405 5231 μενος,
439 5168 515 5232 ὡς
571 5173 644 5241 μὴ
675 5176 732 5224 ἐν
774 5174 988 5229 ἐλπίσιν
1026 5176 1166 5233 εἶναι
1210 5184 1305 5237 τοῦ
1350 5189 1613 5244 εἰσελθεῖν
1660 5198 1811 5266 ἡμᾶς

218 5258 278 5308 ἐν
334 5259 498 5329 αὐτῇ,
555 5264 675 5315 ἀλλ’
720 5268 778 5318 ἐν
832 5275 1163 5342 κατασχέσει
1204 5279 1408 5351 ταύτης
1433 5281 1593 5349 ὄντας
1642 5289 1803 5361 βοᾷν·

232 5351 421 5419 ἠμῶν
444 5356 501 5408 δὲ
524 5358 554 5427 ή
579 5356 692 5429 ζωὴ
710 5360 1017 5429 κέκρυπται
1043 5369 1145 5421 σὺν
1164 5370 1241 5438 τῷ
1254 5372 1472 5445 Χριστῷ
1498 5379 1555 5430 ὲν
1573 5380 1647 5450 τῷ
1666 5382 1803 5452 Θεῷ.

290 5447 393 5511 ρθ’.
428 5449 501 5501 Τὸ
521 5450 870 5515 αὐτεξούσιον
888 5458 981 5510 καὶ
1014 5458 1478 5537 αὑτοπροαίρετον
1518 5472 1675 5541 ήμῶν
1704 5477 1805 5530 οὑκ

2000 2148 2123 2202 107.
2166 2145 2285 2202 llac
2343 2150 2458 2205 sola
2496 2152 2564 2206 de
2597 2166 2783 2217 causa,
2821 2153 2913 2223 qui
2948 2152 3125 2225 gratia
3165 2152 3256 2207 Dei
3282 2154 3497 2221 replet.,

1926 2240 2351 2312 eognitioncque
2380 2257 2445 2296 ac
2482 2244 2749 2312 sapientia
2798 2260 3035 2317 superna
3066 2246 3324 2301 instructi
3365 2246 3497 2309 sint,

1926 2333 2012 2389 his
2042 2333 2133 2403 qui
2171 2334 2225 2388 in
2264 2335 2469 2389 mundo
2502 2346 2628 2389 sunt
2676 2351 2735 2391 se
2768 2336 3036 2405 obiicere,
3067 2345 3122 2392 et
3175 2351 3273 2393 eos
3313 2337 3499 2392 videre

1923 2428 2135 2489 volunt,
2170 2436 2229 2483 ut
2263 2428 2373 2484 illis
2421 2430 2728 2484 mercedem
2776 2430 3012 2500 aliquam
3052 2446 3148 2502 per
3192 2433 3495 2502 suggestio-

1926 2537 2047 2576 nem
2073 2522 2362 2577 cliaritatis
2394 2522 2508 2587 Dei,
2535 2533 2588 2577 et
2618 2523 2894 2580 studiosas
2916 2525 3161 2581 actiones
3182 2527 3496 2586 concilient.

1924 2612 1972 2667 si
2008 2614 2166 2667 modo
2190 2613 2438 2677 audiant,
2487 2614 2532 2668 si
2582 2615 2745 2668 modo
2776 2615 3080 2685 intelligant
3108 2624 3163 2671 et
3181 2616 3448 2671 desistant
3480 2634 3494 2669 :

1923 2702 2364 2771 quandoquidem
2396 2703 2491 2773 qui
2524 2703 2719 2773 spiritu
2762 2705 2853 2759 Dei
2887 2720 2993 2760 non
3026 2714 3277 2777 aguntur,
3314 2705 3369 2762 in
3416 2716 3497 2763 te-

1924 2793 2113 2849 nebris
2144 2795 2458 2859 ambulant,
2493 2803 2549 2850 et
2600 2795 2856 2851 nesciunt
2902 2813 3080 2869 neque
3126 2813 3236 2868 quo
3273 2801 3495 2857 vallant.

1922 2899 2102 2956 neque
2152 2886 2243 2941 ubi
2300 2885 2606 2942 otl‘endant.
2663 2888 2941 2945 Fortassis
2996 2890 3144 2944 enim
3198 2890 3495 2963 aliquando

1920 2981 2198 3051 erigentes
2244 2996 2303 3036 se
2330 2997 2394 3036 ex
2430 2983 2742 3053 arrogantia
2796 2998 2902 3052 qua
2936 2984 3187 3053 oppressi
3219 2992 3368 3049 sunt,
3399 2998 3494 3037 ve—

1922 3087 2036 3127 ram
2067 3074 2242 3127 sancti
2277 3072 2516 3143 Spiritus
2537 3074 2844 3128 doctrinam
2875 3075 3327 3143 complectentur,
3364 3075 3487 3129 Dei-

1922 3183 2026 3236 que
2075 3169 2413 3223 voluntatem
2470 3170 2590 3223 sine
2644 3168 2767 3224 fuco
2815 3184 2878 3222 ac
2910 3169 3125 3224 sincere
3181 3169 3489 3229 audientes,

1846 3261 1887 3316 C
1921 3261 2303 3328 pmoitentiam
2362 3267 2543 3330 agent,
2597 3268 2763 3329 atque
2812 3261 2886 3314 ita
2939 3260 3160 3331 aliquod
3212 3259 3493 3330 spirituale

1920 3350 2194 3405 charisma
2249 3352 2544 3421 accipient.
2584 3352 2737 3419 Quod
2789 3351 2835 3408 si
2881 3351 3023 3408 hanc
3064 3352 3147 3407 eis
3201 3352 3490 3407 utilitatem

1922 3456 2117 3509 parare
2170 3457 2279 3497 non
2314 3452 2598 3513 poterunt,
2650 3445 2910 3516 lacrymis
2946 3444 3132 3500 cet'dis
3162 3459 3350 3499 eorum
3384 3459 3489 3498 cae-

1920 3533 2143 3588 t-itatem
2181 3544 2601 3605 prosequentes,
2652 3536 2706 3590 in
2743 3553 2873 3592 suos
2905 3537 3070 3591 nidos
3121 3546 3485 3599 revertentur,

1919 3630 2110 3677 noctes
2139 3629 2192 3676 et
2225 3622 2346 3678 dies
2393 3639 2494 3694 pro
2551 3640 2739 3679 eorum
2797 3627 2973 3681 Salute
3022 3636 3145 3681 vota
3197 3626 3488 3680 facientes.

1916 3714 2208 3785 Nunquam
2252 3718 2392 3770 enim
2444 3719 2671 3788 alterius
2728 3721 2804 3773 rei
2857 3736 3022 3775 causa
3066 3720 3366 3775 molestiam
3399 3735 3486 3777 ca-

1918 3810 2089 3875 pient,
2127 3809 2217 3877 qui
2248 3824 2373 3863 cum
2409 3810 2514 3866 Deo
2544 3825 2665 3867 sunt
2704 3812 2935 3878 assidui,
2966 3823 3018 3867 et
3045 3814 3301 3867 omnibus
3330 3814 3487 3868 bonis

1918 3900 2256 3956 redundanL

1986 4086 2112 4141 108.
2176 4086 2436 4152 Quisnam
2497 4088 2819 4143 meonomiaa
2868 4089 3029 4144 Verbi
3083 4090 3174 4145 Dei
3218 4089 3270 4142 in
3321 4106 3487 4145 carne

1912 4193 2115 4249 seopus
2141 4189 2245 4245 cst,
2279 4181 2445 4248 quiin
2475 4180 2623 4233 muni
2658 4180 2839 4233 divina
2866 4180 3152 4248 Scriptura
3189 4183 3483 4247 revelatur,

1910 4280 1965 4327 et
2003 4286 2031 4324 a
2064 4273 2222 4327 nobis
2249 4272 2469 4341 legitur,
2504 4287 2605 4327 nec
2630 4273 2999 4343 intelligitur?
3036 4274 3117 4327 An
3151 4274 3239 4327 hic
3269 4275 3482 4341 utique.

1915 4372 1971 4416 ut
2001 4378 2233 4418 consors
2265 4364 2467 4418 factum
2499 4376 2839 4429 nostrorum,
2875 4382 2993 4435 (pne
3034 4366 3142 4420 illic
3161 4354 3324 4433 ~sunt,
3353 4382 3483 4421 suo-

1915 4472 2032 4509 rum
2064 4465 2349 4510 consortcs
2384 4457 2592 4512 faceret
2624 4476 2635 4511 :
2679 4466 2732 4511 et
2771 4458 2914 4527 quod
2955 4458 3071 4528 ipse
3106 4475 3200 4527 per
3230 4469 3480 4513 naturam

1910 4558 2015 4610 est,
2056 4549 2123 4601 ad
2159 4549 2287 4602 illud
2315 4565 2492 4620 genus
2526 4558 2775 4604 nostrum
2814 4566 2909 4618 per
2939 4552 3169 4620 gratiam
3203 4551 3480 4611 evelleret,

1493 4625 1819 4697 ἀνθρώπους

1917 4643 2092 4696 denuo
2128 4659 2227 4699 nos
2274 4647 2327 4698 in
2361 4643 2564 4712 Spiritu
2603 4654 2793 4698 sancto
2826 4660 3113 4714 generous,
3149 4654 3199 4699 et
3247 4645 3391 4699 illico
3428 4646 3479 4698 in

1907 4751 2135 4803 regnum
2172 4737 2437 4789 t‘wlorum
2478 4736 2765 4800 inducens,
2818 4736 2898 4790 vel
2931 4736 3113 4805 potius
3147 4737 3248 4789 hoc
3300 4736 3351 4788 in
3386 4753 3478 4788 no.

1906 4826 1988 4881 bis
2027 4827 2227 4881 habere
2255 4827 2511 4883 donans:
2556 4838 2615 4883 ut
2648 4844 2753 4882 non
2800 4828 2981 4882 adhuc
3020 4843 3309 4890 speremus
3342 4828 3475 4881 illn'l

1904 4922 2115 4987 ingredi
2149 4941 2159 4974 ε
2198 4922 2289 4973 sed
2325 4921 2436 4987 jam
2467 4920 2514 4971 id
2547 4921 2722 4988 ipsum
2761 4920 3109 4986 possidentes
3141 4918 3472 4978 clamemns.

1911 5034 1926 5064 ι
1970 5012 2164 5065 Nostra
2215 5023 2392 5064 autem
2455 5012 2557 5064 vita
2610 5010 2931 5064 abscondita
2983 5019 3063 5066 est
3094 5024 3221 5063 cunt
3256 5009 3475 5062 Christo

1908 5108 1961 5161 in
1995 5108 2048 5157 ll.
2072 5122 2103 5157 o
2131 5107 2196 5157 ".
2231 5124 2247 5155 ι

1970 5471 2087 5523 109.
2135 5470 2442 5540 Baptismus
2496 5473 2809 5530 libertatem
2890 5480 3182 5537 voluntatis
3234 5493 3470 5550 nostrze,

215 5538 533 5608 ἁ;αιρεῖται
560 5543 620 5595 τὸ
644 5544 952 5616 βάπτισμα,
981 5551 1118 5607 ἀλλὰ
1152 5555 1465 5630 ἐλευθερίαν
1483 5564 1616 5631 ἡμῖν
1644 5569 1803 5635 χαρί-

1917 5570 1939 5612 ιι
1977 5564 2122 5629 quod
2177 5566 2388 5631 spontis
2419 5574 2621 5619 nostrre
2649 5580 2756 5627 est.
2792 5571 3015 5622 minime
3044 5569 3226 5628 tollit:
3274 5578 3367 5629 sed
3422 5579 3470 5630 id

216 5629 370 5692 ζεται
407 5631 502 5684 τοῦ
537 5637 731 5703 μηκέτι
790 5641 885 5693 καὶ
927 5642 1161 5707 ἄκοντας
1220 5649 1366 5718 ἡμᾶς
1411 5660 1798 5723 τυραννεῖσθαι

1894 5653 2055 5709 nobis
2093 5656 2340 5722 largitur,
2379 5666 2434 5710 ut
2461 5658 2708 5712 nolentes
2749 5660 3002 5717 diabolus
3037 5678 3134 5717 sua
3173 5668 3462 5734 tyrannide

215 5721 318 5775 ὑπο
345 5724 440 5777 τοῦ
476 5725 755 5782 διαόόλου·
785 5732 870 5801 ἐφ’
894 5736 1027 5805 ἡμῖν
1056 5737 1111 5790 δέ
1168 5739 1316 5794 ἐστιν
1349 5721 1493 5812 μετὰ»
1518 5747 1578 5801 τὸ
1608 5748 1802 5818 βάπτι-

1918 5746 2115 5813 mplins
2152 5761 2395 5814 pruuere
2422 5762 2524 5801 non
2560 5751 2748 5816 possit.
2786 5748 2838 5804 In
2872 5764 3060 5809 nostro
3097 5766 3275 5810 autem
3313 5758 3463 5812 arbi-

292 5883 337 5913 ²⁶
368 5884 575 5941 Coltss-
642 5905 722 5948 tu.
764 5890 816 5946 5.
896 5894 936 5925 “
974 5894 1103 5949 ibid.
1154 5899 1205 5953 5.
