4182 6456
171 445 268 507 581

1478 441 1748 504 (ΣΛΡΙΤΛ
1800 436 2167 497 MOHALIA.

3335 442 3440 501 682

174 559 516 628 ἀπράγμονα
571 557 685 625 βίον
725 557 817 609 καὶ
869 557 1193 627 ἀκτήμονα·
1242 554 1337 609 καὶ
1388 555 1582 609 ἑαυτὸν
1642 554 1762 606 τότε

1861 562 1991 607 tunc
2051 564 2243 623 reputa
2295 552 2397 607 sub
2447 553 2637 623 gratia:
2694 552 2961 607 beneficio
2987 565 3263 619 agentem,
3305 572 3432 611 cum

175 652 372 721 λογίσῃ
414 653 807 722 ἐνεργούμενον
836 651 940 705 ὑπὸ
975 651 1075 721 τῆς
1115 649 1357 722 χάριτος,
1408 651 1535 702 ὅταν
1578 648 1764 718 ἀμαρ-

172 746 478 814 τωλὲτερον
548 746 768 800 πάντων
819 742 1125 814 ἀνθρώπων
1187 745 1247 797 ἐν
1317 740 1549 813 ἀληθείᾳ
1598 739 1759 811 ἔχῃς·

171 837 337 893 τοῦτο
368 838 425 890 δὲ
460 838 607 899 ὅπως
638 836 849 904 γίνεται
878 838 978 890 οὐκ
1005 836 1113 907 ἔχω
1143 837 1345 904 λέγειν,
1373 837 1401 888 ὁ
1438 833 1569 898 Θεὸς
1598 827 1759 887 οἶδεν.

247 930 400 1001 ρμδ’.
432 928 539 991 Τάς
566 927 621 981 δὲ
654 928 803 1000 ὥρας
829 930 927 998 τῆς
954 929 1282 1000 ἀγρυπνίας,
1337 926 1574 996 ὀφείλεις
1628 927 1763 991 ἀνα-

174 1022 473 1089 γινώσκειν
509 1021 611 1091 μὲν
638 1021 787 1092 ὧρας
816 1021 947 1087 δύω,
980 1039 1074 1077 και
1128 1021 1239 1075 δύω
1270 1018 1523 1091 εὔχεσθαι
1563 1022 1621 1071 ἐν
1665 1037 1762 1071 κα-

173 1117 401 1180 τανύξει
426 1118 564 1186 μετὰ
612 1115 884 1187 δακρύων,
924 1118 1017 1169 καὶ
1060 1117 1260 1169 κανόνα
1289 1110 1401 1168 οἷον
1436 1113 1638 1185 βούλει,
1670 1112 1764 1166 καὶ

173 1208 450 1278 ψαλμοὺς.
475 1209 524 1259 εἰ
556 1207 758 1277 βούλει,
790 1210 917 1272 τοὺς
948 1207 1174 1271 δώδεκα,
1221 1209 1317 1260 καὶ
1362 1207 1453 1259 τὸν
1507 1206 1762 1277 ἄμωμον,

179 1302 281 1352 καὶ
313 1300 412 1369 τὴν
436 1299 602 1369 eam;
627 1299 720 1353 τοῦ
774 1301 931 1364 ἀγίου
963 1300 1299 1372 Εύστρατίου
1323 1315 1337 1329 ⁸
1358 1297 1530 1353 ταῦτα
1559 1299 1616 1351 ἐν
1647 1299 1765 1361 ταῖς

178 1390 450 1459 μεγάλαις
479 1390 650 1454 νυξίν.
692 1391 862 1445 Ἐνδὲ
913 1393 1031 1452 ταῖς
1065 1391 1310 1461 μικραῖς,
1351 1387 1764 1457 συντομωτέραν

174 1485 280 1551 τὴν
310 1483 658 1543 ἀκολουθίαν,
691 1483 834 1538 κατά
888 1485 987 1554 τὴν
1041 1482 1423 1554 παρεχομένην
1484 1497 1566 1533 σοι
1610 1480 1763 1549 παρὰ

172 1575 319 1629 Θεοῦ
349 1576 577 1647 δύναμιν
604 1596 617 1608 ο
655 1578 784 1631 ἄνευ
825 1577 935 1648 γὰρ
970 1577 1137 1631 αὐτοῦ
1188 1575 1341 1630 οὐδὲν
1375 1574 1486 1629 τῶν
1543 1572 1764 1641 ἀγαθῶν

171 1667 582 1739 κατορθοῦται,
641 1669 824 1734 καθώς
884 1689 1051 1742 φησιν
1103 1672 1131 1722 ὀ
1196 1669 1491 1741 Προφήτης
1529 1681 1543 1696 ⁸
1604 1664 1763 1736 Παρᾶ

174 1761 389 1835 Κυρίου
438 1762 507 1815 τὰ
551 1761 869 1833 διαδήματα
932 1762 1225 1831 ἀνθρώπου
1284 1762 1713 1817 κατευθύνεταιο
1748 1783 1769 1817 ι

170 1856 272 1907 καὶ
303 1855 469 1907 αὐτοῦ
509 1853 604 1907 τοῦ
633 1852 888 1925 Σωτῆρος
922 1853 1171 1917 εἰπόντος
1200 1871 1213 1885 ο
1252 1874 1269 1906 ι
1311 1855 1495 1927 Χωρὶς
1537 1855 1675 1924 ἐμοῦ
1710 1857 1772 1910 οὐ

168 1945 408 2000 δύνασθε
441 1948 620 2001 ποιεῖν
646 1946 825 2001 οὐδέν.
855 1965 873 1999 ι
923 1948 1085 2001 ¹Ἀνευ
1111 1946 1167 2000 δὲ
1206 1947 1462 2019 δακρύων
1502 1930 1803 2020 μηδέποτεζ

171 2039 544 2110 κοινωνήσῃς.

248 2137 389 2201 ρμε¹.
438 2130 665 2184 Ἐσθίειν
695 2131 751 2184 δὲ
785 2132 850 2184 τὰ
877 2132 1293 2203 παρατιθέμενὰ
1335 2151 1417 2186 σοι
1463 2130 1551 2187 οἷά
1608 2138 1765 2191 εἰσιν.

184 2223 423 2291 Ὁμοίως
463 2224 557 2276 καὶ
599 2220 742 2276 οἶνον
796 2226 932 2293 μετά
987 2225 1321 2294 ἐγκρατείας
1376 2227 1764 2295 ἀγογγύστως·

168 2319 217 2367 εξ
254 2314 313 2367 δὲ.
347 2316 440 2367 καὶ
466 2316 609 2367 κατᾶ
660 2317 831 2384 μόνας
862 2317 1007 2387 κάθῃ
1033 2316 1102 2369 δι’
1143 2317 1451 2381 ἀσθένειαν,
1485 2318 1613 2388 ὠμὰ
1669 2319 1769 2372 λά-

170 2428 316 2478 χανα
354 2410 491 2477 μετᾶ
524 2410 745 2465 ἐλαιῶν.
793 2411 920 2463 Ἰεὶάν
949 2412 1006 2465 δέ
1038 2429 1123 2475 τις
1144 2412 1253 2465 τῶν
1289 2412 1536 2481 ἀδελφῶν
1571 2411 1770 2483 βρώσι-

172 2500 275 2569 μον
299 2518 353 2552 τι
382 2500 573 2569 πέμψῃ
598 2518 701 2566 σοι,
736 2501 883 2565 δέξαι
926 2502 1044 2570 μετ’
1067 2502 1421 2571 εὐχαριστίας
1449 2502 1544 2555 καὶ
1578 2520 1769 2556 ταπει-

168 2590 394 2653 νώσεως
427 2590 503 2651 ὡς
554 2590 736 2656 ξένος’
785 2594 878 2645 καὶ
930 2590 989 2656 ἐξ
1038 2589 1206 2645 αὑτοῦ
1268 2591 1569 2661 μετάλαϐε,
1620 2592 1675 2645 εί
1714 2610 1765 2646 τι

164 2683 211 2735 δ’
244 2684 311 2736 ἄν
342 2683 497 2735 ἐστι·
538 2684 631 2735 καὶ
668 2683 728 2737 τὸ
784 2684 1134 2755 περιλειφθὲν
1207 2684 1528 2738 ἀπόστειλον
1594 2685 1769 2756 ἑτέρῳ

166 2772 409 2841 ἀδελςρῷ,
440 2774 643 2844 πτωχῷ
674 2775 767 2828 καὶ
820 2775 1060 2829 εύλαϐεῖ.
1098 2775 1225 2829 Ἐἀν
1256 2776 1315 2829 δέ
1342 2794 1427 2839 τις
1464 2776 1674 2848 καλέσῃ
1705 2793 1766 2829 σε

168 2867 249 2927 εἰς
286 2866 657 2936 παράκλησιν,
696 2869 759 2918 ἐκ
783 2866 1001 2919 πάντων
1038 2870 1148 2919 τῶν
1184 2867 1635 2937 παρατιθεμένων
1683 2884 1766 2921 σοι

171 2956 469 3024 μετάλαϐε,
501 2957 635 3028 πρὶς
671 2958 867 3028 μικρὸν
904 2959 983 3016 δὲ,
1026 2959 1168 3011 κατά
1223 2961 1321 3029 τὴν
1365 2960 1603 3030 ἐντολὴν,
1668 2960 1767 3032 τὴν

168 3048 505 3118 ἐγκράτειαν
558 3049 864 3115 ςυλάττων.
920 3051 1304 3121 1Ανιστάμενος
1333 3052 1410 3115 δὲ,
1445 3052 1621 3123 βαλὼν
1670 3071 1764 3125 με-

169 3141 398 3195 τάνοιαν
430 3141 626 3213 ὲνῆθει
654 3142 804 3207 ξένου
844 3148 935 3196 καὶ
972 3144 1211 3215 πτωχοῦ,
1266 3147 1365 3215 τὴν
1410 3147 1764 3218 εὐχαριστίαν

164 3231 319 3301 αύτῷ
354 3232 599 3301 ἁπόνεμε
629 3233 803 3302 λέγων
826 3251 837 3264 ·
877 3234 934 3289 '0
963 3234 1118 3301 Θεὸς,
1156 3236 1342 3308 Πάτερ
1367 3237 1514 3305 ἅγιε,
1546 3239 1638 3292 τὸν
1681 3256 1766 3309 μι-

166 3322 293 3376 σθὸν
320 3322 435 3395 δώῃ
475 3341 580 3379 σοι.
618 3326 860 3398 Πρόσεχε
883 3328 938 3380 δὲ
980 3326 1056 3398 μὴ
1086 3327 1321 3399 λαλῆσαί
1355 3347 1428 3396 τι,
1497 3330 1602 3384 κᾶν
1623 3330 1764 3402 τάχα

163 3416 261 3467 καὶ
291 3413 574 3483 ὠφέλιμον
622 3417 729 3487 εἴη.

242 3514 399 3587 ρμς’.
436 3516 500 3570 ΕΞ
531 3516 591 3570 δὲ
628 3518 721 3570 καί
754 3532 840 3581 τις
869 3516 977 3570 τῶν
1010 3518 1256 3586 ἀδελφῶν
1285 3518 1509 3583 θλιϐεὶς,
1545 3520 1577 3590 ἢ
1614 3521 1764 3588 παρά

161 3608 261 3663 τοῦ
290 3608 657 3680 προεστῶτος,
691 3608 724 3680 ἢ
776 3609 869 3662 τοῦ
902 3610 1211 3681 οἰκονόμου,
1268 3612 1301 3682 ἡ
1337 3630 1484 3675 τινος
1541 3612 1758 3679 ἐτέρου,

164 3702 299 3775 ἔλθῃ
329 3703 467 3773 πρὸς
484 3704 563 3767 σὲ,
581 3702 981 3773 παραμύθησαι
1009 3702 1171 3757 αὑτὸν
1201 3703 1373 3767 οὕτως
1403 3719 1419 3736 ·
1445 3705 1761 3771 Πίστευσον,

161 3796 381 3863 ἀδελςὲ,
423 3794 560 3864 πρὸς
588 3793 821 3864 δοκιμήν
860 3811 941 3847 σοι
969 3792 1129 3848 τοῦτο
1162 3795 1352 3863 γέγονε
1388 3814 1401 3828 ·
1452 3798 1622 3867 κάμοὶ
1653 3797 1762 3865 γὰρ

160 3888 442 3959 διαφόρως
470 3885 628 3941 τοῦτο
655 3886 881 3957 συνέϐη,
918 3886 1012 3939 καὶ
1028 3888 1091 3939 ὲκ
1122 3890 1493 3959 μικροψυχίας
1530 3889 1759 3943 ἐλυπού-

164 3997 295 4049 μην·
324 3978 517 4032 ἐπεῖδε
530 3977 986 4049 ὲπληροφορήθην
1004 3978 1141 4048 πρὸς
1157 3979 1387 4051 δοκιμὴν
1408 3978 1583 4034 ταῦτα
1597 3976 1759 4048 εἶναι,

164 4069 320 4137 φέρω
353 4066 721 4137 εὐχαρίστως.
750 4069 861 4120 Καὶ
895 4070 959 4122 σὺ
988 4070 1168 4121 τοίνυν
1202 4068 1375 4133 οὕτως
1410 4071 1553 4124 ποίει
1587 4087 1601 4100 ⁸
1665 4074 1760 4126 καὶ

164 4159 370 4228 μᾶλλον
396 4158 750 4231 εύψρανθήσῃ
775 4160 868 4213 ἐπὶ
915 4162 1035 4222 ταῖς
1087 4161 1367 4225 τοιαύταις
1405 4161 1637 4232 θλίψεσι.
1700 4164 1762 4218 El

161 4255 219 4307 δὲ
254 4255 349 4308 καὶ
371 4254 506 4323 πρὸς
536 4254 802 4327 λοιδορίας
828 4258 1035 4326 τραπῇ,
1095 4256 1216 4326 μηδ
1251 4256 1424 4319 οὕτως
1482 4258 1761 4327 ἀποστρα-

167 4348 297 4415 φῇς,
332 4344 448 4397 ἀλλ’
477 4345 551 4408 ὼς
587 4345 652 4399 ἂν
676 4349 708 4415 ή
738 4346 895 4417 χάρις
921 4347 1302 4418 ἐπιχορηγήσῃ
1346 4365 1452 4413 σοι,
1514 4351 1763 4419 παραμύο

165 4440 332 4508 θησαι
374 4439 557 4491 αὐτόν.
609 4437 814 4492 Πολλαὶ
870 4439 976 4508 γάρ
999 4440 1107 4491 είσι
1157 4440 1481 4511 διακρίσεις,
1543 4441 1634 4494 καὶ
1685 4441 1761 4507 ὡς

166 4538 307 4598 νοεῖς
335 4535 435 4605 τὴν
460 4534 553 4588 τοῦ
593 4535 825 4603 ἁδελφοῦ
880 4535 1214 4589 κατάστασιν
1263 4538 1360 4591 καὶ
1402 4537 1529 4599 τοὺς
1594 4534 1759 4590 αὐτοῦ

1865 647 2121 709 majorem
2168 645 2424 698 omnibus
2472 645 2787 699 hominibus
2847 657 3192 715 peccatorem
3223 658 3275 703 te
3317 650 3435 703 sin-

1863 754 1987 793 cere
2020 737 2248 794 habebis
2285 755 2296 789 :
2346 737 2396 790 id
2434 746 2617 789 autem
2648 739 2927 807 quatnodo
2953 737 3064 803 fiat,
3101 739 3285 793 dicere
3323 752 3431 794 non

1862 836 2033 897 valeo,
2072 831 2216 887 Deus
2246 832 2371 885 scit.

1936 923 2055 976 tu.
2093 920 2284 986 Qtthd
2340 922 2505 975 horas
2553 923 2774 993 vigilia',
2820 922 2984 976 debes
3051 926 3231 992 legere
3296 926 3435 978 duas

1860 1017 2045 1080 horas,
2082 1024 2137 1069 et
2191 1013 2328 1068 duas
2373 1016 2583 1080 precari
2640 1030 2765 1069 cum
2807 1016 3228 1084 compunctione
3268 1028 3322 1074 et
3358 1019 3435 1071 la-

1860 1109 2065 1180 crymis
2088 1148 2102 1170 ,
2136 1109 2423 1162 recitando
2470 1108 2757 1177 quodlibet
2801 1107 3053 1163 Oﬂicium
3084 1111 3430 1172 canonicum.

1862 1211 1915 1253 rt
1943 1199 2209 1268 psalmos,
2235 1200 2279 1254 si
2315 1200 2418 1262 vis,
2448 1198 2760 1264 duodecim,
2793 1209 2848 1255 et
2892 1200 3190 1255 lllarianam
3241 1202 3433 1270 globu-

1863 1296 2039 1346 lorum
2089 1293 2293 1346 amomi
2342 1306 2625 1356 coronam,
2657 1300 2710 1347 et
2760 1293 2937 1346 sancti
2976 1293 3272 1347 Eustrathii
3309 1308 3436 1346 ora-

1856 1388 2061 1439 tionem
2112 1403 2127 1439 :
2180 1384 2293 1438 haec
2338 1385 2389 1437 in
2421 1384 2595 1451 longis
2640 1384 2914 1438 nm-tibus.
2954 1385 3009 1437 lu
3050 1385 3309 1440 brevibus
3342 1402 3438 1439 au-

1858 1490 1988 1541 tem,
2026 1478 2245 1532 brevius
2278 1478 2349 1531 sit
2395 1477 2671 1541 Ollirium,
2725 1492 2823 1547 pro
2873 1476 3080 1529 viribus
3122 1478 3215 1531 tibi
3252 1493 3282 1531 a
3328 1477 3438 1532 Deo

1859 1569 2228 1640 suppeditatis
2262 1586 2275 1623 :
2312 1571 2430 1623 sine.
2466 1570 2575 1622 Deo
2616 1571 2760 1623 enim
2799 1569 2935 1622 nihil
2972 1568 3097 1622 boni
3132 1570 3434 1640 peragitur,

1863 1672 1922 1716 ut
1953 1663 2029 1715 ait
2061 1662 2333 1732 Propheta
2363 1678 2377 1715 :
2413 1680 2430 1713 ι
2469 1663 2622 1729 Apud
2670 1662 2960 1715 Dominum
2996 1675 3222 1731 gressus
3256 1661 3433 1715 homi-

1859 1756 1941 1809 nis
1974 1755 2282 1824 dirigentur
2317 1756 2385 1809 “.
2434 1772 2450 1804 ›
2492 1753 2556 1807 Ει
2586 1755 2696 1820 ipse
2729 1752 2981 1808 Salvator
3007 1753 3145 1807 dixit
3182 1769 3195 1803 ι
3242 1771 3261 1804 ι
3308 1751 3439 1807 Sine

1860 1864 1943 1903 me
1981 1848 2117 1902 nihil
2153 1849 2382 1918 potestis
2416 1847 2595 1900 facere
2621 1848 2684 1896 ⁵³.
2738 1865 2754 1895 ι
2808 1875 2871 1885 --
2918 1847 3047 1899 Sine
3085 1844 3339 1913 larrymis
3372 1858 3440 1897 ne

1861 1955 2099 2011 unquam
2133 1942 2197 1994 ad
2239 1940 2685 1994 communionem
2719 1937 2973 1991 accedas.

1934 2139 2056 2193 145.
2097 2136 2335 2193 Comcde
2363 2137 2518 2192 cibos
2548 2137 2648 2191 tibi
2671 2138 2907 2199 oblatos,
2939 2136 3259 2205 quicunque
3289 2137 3434 2191 sint:

1861 2234 2068 2301 pariter
2121 2240 2175 2287 et
2227 2233 2413 2285 viuum
2462 2231 2585 2285 bibe
2636 2245 2761 2284 cum
2797 2231 3158 2300 temperantia
3211 2239 3265 2284 et
3318 2231 3439 2283 sine

1861 2325 2337 2388 murmuratione;
2371 2334 2425 2377 et
2459 2325 2502 2379 si
2540 2324 2692 2379 solus
2736 2323 3073 2378 remanseris
3100 2323 3171 2376 ob
3205 2321 3440 2376 inﬁrmi-

1858 2426 2051 2479 tatem,
2083 2417 2256 2471 cru-la
2284 2416 2508 2469 comede
2543 2414 2815 2483 legumina
2866 2429 2989 2467 eum
3024 2411 3168 2468 oleo.
3204 2410 3259 2466 Si
3312 2412 3438 2481 quis

1860 2502 2107 2565 fratrum
2140 2509 2235 2563 tibi
2278 2509 2459 2563 cibum
2511 2507 2747 2575 aliquem
2793 2504 3030 2564 miserit.
3085 2502 3273 2571 act-ipe
3309 2517 3437 2556 cum

1860 2602 2195 2675 gratitudine
2251 2608 2417 2669 atque
2451 2598 2766 2652 humilitate
2812 2606 3071 2665 tanquam
3120 2594 3343 2664 hospes,
3379 2604 3436 2649 et

1861 2697 1928 2749 de
1960 2695 2051 2749 illo
2092 2702 2374 2761 assumpta
2424 2690 2914 2760 quantulacunque
2948 2695 3123 2755 parte,
3164 2688 3440 2756 reliquum

1863 2788 2020 2840 mitte
2050 2784 2210 2839 alteri
2246 2782 2400 2837 fratri
2434 2781 2688 2835 mendico
2713 2787 2767 2831 et
2803 2778 2913 2845 pio.
2948 2778 3005 2832 Si
3029 2778 3154 2846 quis
3189 2778 3255 2830 ad
3287 2792 3443 2831 men-

1862 2894 1976 2935 sam
2016 2893 2170 2932 suam
2217 2886 2267 2931 te
2314 2875 2613 2936 vocaverit,
2644 2888 2710 2925 ex
2756 2870 3017 2926 omnibus
3084 2871 3180 2923 tibi
3238 2870 3441 2925 oblatis

1862 2973 2049 3041 accipe
2084 2970 2311 3038 aliquid,
2343 2968 2443 3023 etsi
2477 2982 2693 3036 parum,
2721 2966 2872 3034 iuxta
2907 2974 3262 3033 praeceptum,
3296 2974 3437 3019 tem-

1863 3065 2169 3134 perantiam
2212 3076 2460 3119 servans.
2514 3059 2759 3127 Surgens
2797 3065 3000 3120 autem,
3034 3071 3155 3110 cum
3186 3071 3445 3111 reveren-

1863 3158 1948 3210 ti:e
2027 3156 2183 3224 signo
2232 3166 2383 3206 more
2440 3150 2677 3217 hospitis
2710 3159 2763 3201 et
2828 3147 3104 3210 mendici,
3138 3155 3321 3216 grates
3364 3147 3441 3200 illi

1861 3266 1959 3321 age
1989 3250 2180 3304 dicens
2219 3265 2233 3301 :
2274 3267 2291 3299 ‹
2342 3246 2506 3310 Deus,
2546 3244 2718 3298 frater
2760 3249 2968 3305 sancte,
3002 3240 3309 3296 mercedem
3346 3238 3442 3294 tibi

1863 3344 2144 3415 rependat.
2184 3361 2202 3392 ι
2232 3340 2375 3395 Cave
2424 3349 2606 3393 autem
2643 3350 2708 3389 ne
2753 3334 2882 3404 quid
2927 3332 3185 3402 efl'utias,
3221 3335 3442 3390 etiamsi

1860 3437 2001 3491 forte
2028 3438 2158 3491 utile
2219 3435 2378 3490 foret.

1933 3531 2057 3585 “6.
2096 3530 2152 3585 Si
2179 3533 2306 3601 quis
2348 3532 2576 3586 fratrum
2620 3541 2856 3585 vexatus
2903 3528 3020 3583 sive
3060 3542 3088 3580 a
3123 3524 3439 3594 superiore,

1860 3624 1980 3679 sive
2011 3627 2080 3678 ab
2132 3638 2444 3686 oeconomo,
2479 3626 2595 3676 sive
2624 3625 2690 3676 ah
2729 3622 2918 3691 aliquo
2949 3620 3076 3683 alio,
3126 3628 3175 3670 te
3224 3616 3441 3677 adierit,

1864 3719 1937 3771 ita
1966 3733 2090 3773 eum
2123 3718 2303 3772 solare
2346 3734 2360 3770 :
2402 3736 2419 3768 ι
2460 3716 2609 3771 Habe
2644 3715 2921 3774 ﬁduciam.
2958 3710 3155 3767 frater.
3200 3709 3279 3762 Ad
3315 3723 3442 3777 pro—

1861 3808 2146 3862 bationem
2200 3809 2304 3861 hoc
2338 3806 2434 3860 tibi
2471 3804 2694 3870 evenit;
2732 3818 2857 3857 nam
2892 3800 2996 3869 ipsi
3026 3800 3159 3853 mihi
3196 3799 3299 3851 hoc
3332 3797 3443 3850 uti-

1861 3903 1987 3957 liter
2021 3901 2277 3971 contigit,
2303 3909 2355 3953 et
2402 3899 2557 3971 prius
2594 3898 2812 3967 quidem
2850 3909 2960 3965 pra:
2989 3890 3442 3962 pusillanimitato

1860 4010 2004 4065 aegre
2048 3996 2325 4065 ferebam;
2373 4002 2657 4063 postquam
2711 4003 2841 4040 veto
2878 3986 3009 4039 mihi
3047 3982 3295 4054 persuasi
3324 3982 3441 4033 ltﬂ’C

1856 4063 1923 4143 ad
1975 4063 2352 4158 probationem
2430 4098 2594 4143 esse,
2655 4080 2862 4134 suli‘ero
2941 4092 3065 4129 cum
3135 4073 3437 4143 gratiarum

1856 4182 2090 4235 actione.
2125 4178 2189 4232 Et
2212 4187 2270 4232 tu
2304 4178 2390 4232 fac
2421 4175 2699 4236 similiter,
2726 4179 2780 4225 et
2810 4169 2992 4240 potius
3019 4168 3202 4220 laetare
3230 4163 3296 4217 de
3329 4162 3434 4215 hu-

1852 4272 2092 4341 jusmodi
2142 4267 2618 4324 trilmlationibus.
2664 4284 2682 4317 ι
2711 4264 2767 4318 Si
2804 4262 2868 4314 ad
2917 4259 3165 4315 convicia
3207 4272 3439 4311 conver-

1858 4375 2024 4427 tatur.
2068 4380 2173 4418 non
2215 4364 2334 4418 ideo
2389 4362 2543 4414 illum
2578 4354 2877 4425 μήλεθρρά
2915 4364 3077 4428 prout
3130 4352 3227 4405 tibi
3262 4349 3438 4420 gratia

1858 4466 2137 4527 suggeret,
2165 4470 2287 4506 eum
2338 4452 2630 4506 consolare
2670 4467 2683 4501 :
2729 4445 2887 4499 multi
2922 4446 3065 4497 enim
3116 4450 3243 4496 sunt
3299 4440 3436 4493 varii

1863 4549 2039 4603 modi.
2102 4544 2304 4611 Quales
2341 4544 2508 4611 igitur
2567 4538 2787 4593 noveris
2822 4549 2941 4590 esse
2971 4532 3158 4587 fratris
3205 4530 3439 4600 disposi-

167 4628 489 4696 λογισμοὺς,
524 4629 789 4698 συνέρχου
819 4628 987 4698 αύτῷ,
1003 4630 1097 4682 καὶ
1120 4628 1195 4698 μὴ
1218 4629 1361 4700 ἀφῇς
1385 4629 1761 4700 ἀθεράπευτον

1861 4641 2041 4694 tiones
2107 4647 2159 4691 et
2222 4635 2602 4703 cegiuuioues,
2636 4640 2689 4684 te
2749 4629 2850 4698 ipsi
2904 4626 3275 4686 accommoda.
3332 4636 3436 4677 nec

164 4721 329 4772 αὑτὸν
349 4718 629 4773 ἀπελθεῖν.

239 4809 388 4881 ρμξ.
425 4810 769 4865 Ἀσθενοῦντι
798 4811 857 4865 δὲ
895 4812 1131 4883 ἀδελφῷ,
1188 4815 1237 4866 εί
1284 4814 1465 4883 συμὸᾖ
1523 4830 1629 4878 σοι,
1682 4810 1759 4882 μὴ

167 4902 570 4971 ἐπισκέψασθαι
598 4904 763 4973 μέχρι
781 4904 998 4969 πολλοῦ,
1029 4905 1110 4958 δεῖ
1149 4905 1231 4958 σοί
1280 4924 1333 4959 τι
1394 4904 1758 4975 προαποστεί-

168 4998 279 5061 λαι,
308 4996 485 5065 δηλῶν
519 4996 615 5049 καὶ
663 4996 842 5061 τοῦτο,
871 4998 978 5053 ὅτι.
1019 4997 1339 5061 Πίστευσον,
1396 4999 1579 5068 Πάτερ
1610 4998 1756 5064 ᾶγιε,

168 5092 410 5158 σήμερον
437 5086 639 5155 ἔμαθον
664 5088 794 5157 περί
827 5089 928 5155 τῆς
952 5088 1132 5154 νόσου,
1163 5090 1255 5140 καὶ
1290 5088 1551 5157 αἰτοῦμαι
1627 5104 1757 5155 συγ-

165 5178 433 5247 χώρησιν.
478 5170 767 5238 Εἷθ⁹οὖτως
814 5176 1069 5230 ἀπελθὼν
1111 5180 1404 5247 μετάνοιάν
1455 5196 1515 5231 τε
1558 5177 1755 5247 βαλὼν,

166 5271 259 5321 καὶ
297 5268 464 5338 εύχῆς
484 5270 809 5337 γενομένης,
838 5268 1011 5332 οὕτως
1054 5270 1175 5322 εἰπὲ
1201 5270 1350 5340 αύτῷ
1376 5288 1389 5301 ·
1417 5270 1541 5332 Πῶς
1573 5273 1599 5323 ὁ
1625 5270 1758 5333 Θεος

166 5359 431 5431 ἐϐοήθησέ
464 5376 568 5422 σοι,
594 5359 775 5430 Πάτερ
816 5362 973 5427 ᾶγιε;
1008 5361 1099 5413 καὶ
1131 5359 1420 5424 καθεσθεὶς
1442 5360 1757 5430 δεδεμέναις

172 5457 294 5517 ταῖς
319 5455 504 5524 χερσὶ,
532 5451 737 5507 σιώπα.
792 5453 857 5505 Et
894 5454 1069 5506 δὲκαὶ
1095 5453 1245 5506 ἄλλοι
1303 5454 1408 5507 εἰσὶ
1450 5453 1757 5525 παραγενό-

174 5566 348 5617 μενοι,
380 5545 725 5614 ἐπισκέψεως
749 5546 931 5616 χάριν,
964 5546 1199 5616 πρόσεχε
1238 5546 1314 5617 μὴ
1357 5546 1756 5615 προσομιλῆσαί

170 5657 245 5702 τι,
273 5641 309 5707 ἧ
337 5639 633 5708 γραφικὴν,
666 5639 698 5707 ἦ
732 5639 1114 5706 φυσιολογικὸν
1136 5658 1150 5671 -
1183 5639 1415 5709 μάλιστα
1487 5639 1561 5710 μὴ
1616 5641 1755 5708 ἐρω-

169 5734 413 5801 τώμενος
436 5747 447 5758 °
479 5731 565 5782 ἵνα
594 5729 669 5799 μὴ
697 5728 821 5781 ὓστε
832 5747 922 5799 ρον
955 5729 1165 5801 θλιὸᾔς.
1200 5729 1373 5785 Τοῦτο
1399 5732 1507 5800 γὰρ
1556 5731 1649 5782 ἐπὶ
1695 5731 1755 5783 τὸ

172 5824 423 5877 πλεῖστον
457 5821 747 5893 συμϐαίνει
770 5826 882 5887 τοῖς
909 5821 1305 5891 ἁπλουστέροις
1349 5822 1456 5876 τῶν
1487 5820 1752 5891 ἀδελφῶν.

260 5919 305 5946 ιε
332 5919 471 5973 μελε.
508 5922 798 5984 xxxvrﬂfi.
873 5924 917 5954 ⁸ο
943 5920 1099 5977 Juau.
1138 5940 1222 5990 xv,
1254 5926 1303 5981 Ei.

512 6016 553 6072 Ρ
570 6029 777 6072 tritor.
807 6018 895 6077 C-n
954 6016 1049 6075 CX
1071 6017 1149 6076 Χ,

1860 4736 1978 4787 sine.
2010 4732 2158 4783 illum
2188 4744 2293 4782 non
2333 4735 2581 4782 sanatum
2616 4725 2787 4777 abire.

1931 4823 2049 4875 M7.
2083 4819 2387 4886 [Egrotanti
2422 4818 2602 4876 fratri,
2631 4819 2673 4869 si
2702 4815 2840 4867 forte
2868 4814 3045 4881 ipsum
3068 4812 3178 4881 jam
3203 4810 3295 4863 diu
3329 4825 3435 4864 nou

1860 4913 2188 4973 visitavcris,
2239 4912 2445 4976 aliquid
2506 4908 2841 4979 p'armittcrc
2903 4907 3088 4967 debes,
3119 4906 3223 4958 hoc
3257 4904 3438 4958 deela-

1863 5022 1989 5060 rans
2022 5022 2036 5059 :
2081 5024 2097 5055 ι
2127 5003 2322 5061 Crede.
2347 5005 2514 5056 l’rater
2549 5008 2759 5060 sancte,
2790 4998 2952 5051 hodie
2987 4995 3225 5063 comperi
3255 4995 3321 5047 de
3346 5004 3438 5047 tuo

1860 5098 2071 5162 morbo,
2108 5105 2163 5149 et
2198 5109 2363 5164 posco
2398 5095 2633 5147 veniam.
2680 5110 2696 5142 ι
2739 5090 2940 5144 Deinde
2972 5085 3275 5157 profectus,
3309 5100 3434 5137 cum

1860 5188 2168 5244 reverentia
2222 5187 2364 5240 facta
2430 5185 2702 5244 oratione,
2747 5183 2836 5235 die
2898 5180 2972 5233 illi
3018 5198 3030 5233 :
3073 5196 3092 5229 ‹
3153 5179 3437 5243 Quomodo

1859 5284 2001 5338 Deus
2028 5281 2129 5335 tibi
2153 5282 2451 5336 auxiliatos
2491 5286 2595 5340 est,
2633 5276 2799 5329 frater
2834 5270 3063 5330 sancte?
3098 5290 3115 5323 ι
3147 5282 3199 5327 et
3235 5272 3434 5325 sedens

1852 5375 2063 5443 junctis
2096 5372 2349 5424 manibus
2381 5369 2561 5422 silete.
2595 5366 2650 5420 Si
2697 5364 2787 5418 alii
2828 5361 3268 5419 sintassidentes
3297 5361 3433 5415 visi-

1854 5465 2077 5522 tationis
2105 5479 2293 5527 causa,
2327 5478 2456 5517 cave
2484 5475 2550 5515 ne
2568 5459 2697 5528 quid
2724 5457 2964 5527 loquaris
2998 5456 3113 5511 sive
3136 5456 3201 5509 de
3237 5454 3432 5508 litteris

1855 5563 1969 5617 sive
2020 5559 2087 5614 de
2152 5557 2397 5613 scientiis
2446 5554 2815 5615 naturalibus,
2864 5548 3168 5623 praesertim
3216 5548 3261 5602 si
3321 5563 3426 5600 non

1857 5652 2236 5722 interrogeris.
2269 5648 2344 5703 Ne
2398 5648 2614 5704 tandem
2664 5646 2764 5701 tias
2815 5638 3239 5699 molestuszhoc
3282 5639 3426 5691 enim

1856 5750 2175 5815 plerumque
2213 5744 2404 5799 accidit
2443 5739 2869 5810 simplicioribus
2904 5733 3181 5788 fratribus.

2989 6015 3062 6076 22
