4182 6456
769 398 876 460 683

2026 402 2403 463 SYMEONIS
2434 406 2796 474 JUNlORlS

3929 437 4029 498 68¢

848 519 967 573 HS.
1000 517 1137 572 Cum
1184 518 1284 587 piis
1334 516 1597 574 fratribus
1634 521 1678 574 si
1732 520 2023 588 contingat
2055 521 2150 574 tibi
2186 536 2340 589 pran-

2517 531 2667 595 ρμη’.
2691 524 2823 578 Μετ’
2852 525 3098 580 εὖλαϐῶν
3127 527 3371 598 ἀδελφῶν
3392 533 3440 584 εί
3470 534 3653 605 συμϐῇ
3686 537 4031 605 ἑστιαθῆναι,

768 612 919 678 dere,
954 614 1021 667 de
1053 613 1307 666 omnibus
1343 611 1821 666 indisu-itninatim
1854 622 2069 683 oportet
2102 623 2153 668 te
2195 630 2349 668 man-

768 704 990 766 ducare,
1015 718 1362 773 qumcuttqtte
1410 703 1539 758 sitit.
1572 701 1628 756 Si
1658 705 1784 773 quis
1816 704 2097 771 prohibuit
2151 721 2218 759 ne
2266 708 2345 775 pi-

768 810 916 850 scem
976 803 1071 848 aut
1124 794 1341 864 quidvis
1401 794 1547 848 aliud
1613 796 1956 856 comederes.
2011 796 2108 850 tibi
2159 805 2344 850 autem

768 888 882 942 haec
914 886 1237 957 offerantur,
1268 900 1422 951 tunc,
1462 888 1507 941 si
1539 884 1641 941 sub
1666 904 1829 942 manu
1856 888 2061 943 habeas
2093 904 2220 942 eum
2252 891 2345 959 qui

767 980 1068 1049 prohibuit,
1103 993 1225 1049 pete
1254 980 1321 1033 ab
1347 980 1467 1048 ipso
1497 981 1711 1034 veniam
1735 981 1801 1035 de
1821 980 1927 1036 illis
1949 981 2344 1047 comedendis;

767 1076 810 1128 si
866 1090 999 1128 vero
1027 1075 1190 1135 absit,
1223 1085 1317 1127 aut
1348 1074 1496 1127 scias
1528 1089 1653 1127 eum
1706 1073 1810 1128 hoc
1839 1075 1938 1128 tibi
1979 1090 2086 1128 non
2136 1074 2345 1129 condo-

767 1185 919 1236 nare,
951 1170 1072 1222 illos
1106 1176 1287 1221 autem
1315 1166 1692 1221 scandalizare
1720 1168 1880 1231 nolis,
1910 1176 2031 1237 post
2054 1168 2344 1236 prandium

766 1277 880 1315 rem
904 1263 953 1315 ei
984 1275 1213 1329 expone,
1242 1260 1526 1328 postulans
1560 1259 1794 1313 veniam.
1816 1260 1971 1326 Quod
2013 1261 2057 1315 si
2094 1270 2345 1315 neutrum

768 1357 902 1409 velis
932 1344 1133 1409 ‘ni'elius
1184 1354 1282 1408 tibi
1316 1363 1397 1408 est
1456 1353 1577 1408 illos
1636 1369 1743 1407 non
1793 1355 1984 1419 adire;
2029 1356 2139 1409 duo
2197 1354 2341 1407 enim

764 1447 1071 1503 lucraberis
1103 1466 1113 1499 :
1154 1447 1362 1501 scilicet
1398 1446 1577 1501 inanis
1611 1447 2116 1515 glorimdmmoncm
2149 1447 2346 1515 fugies,

765 1542 998 1611 illosque
1017 1558 1042 1593 a
1058 1540 1319 1594 seandalo
1336 1547 1388 1591 et
1409 1538 1653 1592 molestia
1667 1538 1943 1592 liberabis.
1963 1537 2016 1592 Si
2033 1539 2347 1609 pinguiores

763 1634 873 1689 sint
908 1634 1040 1697 cibi,
1093 1646 1250 1687 serva
1276 1629 1575 1700 Regulam;
1618 1631 1817 1685 melius
1848 1639 1934 1685 est
1960 1642 2145 1685 tamen
2176 1633 2342 1685 etiam

762 1727 832 1780 de
883 1727 967 1779 his
1022 1724 1284 1778 omnibus
1322 1724 1607 1793 paululum
1666 1738 1902 1778 sumere.
1965 1724 2174 1781 Pariter
2220 1742 2344 1780 cum

763 1819 968 1873 alicubi
1006 1818 1269 1871 invitatus
1294 1816 1488 1881 fueris,
1514 1815 1671 1885 juxta
1697 1815 1940 1885 Apostoli
1983 1828 2337 1887 praeceptum,

762 1913 831 1967 de
887 1908 1147 1963 omnibus
1182 1909 1278 1960 tibi
1309 1907 1509 1961 oblatis
1545 1906 1770 1962 comede
1805 1907 1926 1963 sine
1972 1907 2084 1962 ullo
2143 1907 2340 1963 discri—

762 2003 912 2056 mine
945 2008 1170 2069 propter
1198 1996 1623 2053 conscientiam.

836 2186 958 2242 M9.
993 2185 1073 2249 Si,
1108 2194 1159 2237 te
1189 2191 1486 2255 peragente
1535 2184 1593 2239 in
1625 2194 1718 2238 tua
1771 2183 1971 2239 cellula
2008 2184 2338 2246 orationem,

762 2281 939 2352 pulset
993 2278 1194 2347 aliquis
1241 2276 1491 2347 jannam,
1541 2275 1589 2331 ei
1623 2278 1798 2345 aperi.
1834 2277 1898 2329 Et
1934 2275 2134 2332 sedens
2170 2274 2337 2328 collo-

761 2389 933 2444 qttcre
980 2371 1283 2431 humiliter,
1325 2368 1369 2423 si
1419 2367 1550 2439 quid
1594 2368 1692 2423 tibi
1732 2380 2002 2440 proponat
2034 2369 2101 2422 ad
2136 2368 2345 2422 utilita-

761 2478 869 2521 tem
906 2462 1263 2525 conducens;
1292 2470 1346 2515 et
1383 2462 1426 2515 si
1458 2475 1566 2528 qua
1593 2461 1843 2515 molestia
1880 2468 2160 2530 gravetur,
2186 2463 2342 2514 stude

759 2560 933 2615 verbo
1001 2557 1081 2612 vel
1146 2570 1309 2625 opere
1353 2554 1504 2606 illum
1549 2568 1766 2607 sanare.
1819 2553 1895 2607 Eo
1944 2562 2126 2608 autem
2187 2567 2337 2606 rece-

757 2656 943 2716 dente,
988 2660 1045 2704 tu
1093 2649 1259 2720 ianua
1291 2649 1476 2702 clausa
1510 2658 1846 2717 rcsuxnptam
1900 2648 2206 2701 orationem
2241 2646 2340 2699 ab-

757 2744 953 2800 solve:
990 2757 1115 2797 nam
1153 2740 1415 2810 :equanda
1466 2750 1549 2794 est
1595 2738 2032 2792 reconciliationi
2069 2753 2204 2793 cura
2245 2738 2341 2793 ad-

758 2836 1011 2892 euntium
1044 2833 1178 2903 (22).
1217 2834 1288 2886 De
1346 2830 1713 2885 saecularibus
1762 2843 1894 2883 vero
1958 2830 2338 2884 consulentem

760 2945 869 2985 non
906 2930 979 2985 ita
1012 2926 1230 2995 excipe,
1281 2924 1373 2978 sed
1419 2923 1639 2977 nonnisi
1697 2921 1955 2975 absoluta
1986 2921 2239 2977 oratione
2268 2923 2336 2973 al-

762 3024 1004 3093 loquere.

830 3239 950 3297 150.
980 3238 1115 3292 Dum
1154 3251 1303 3300 oras,
1334 3234 1377 3288 si
1410 3234 1535 3303 quis
1571 3243 1769 3297 terror,
1799 3245 1889 3287 aut
1916 3234 2210 3304 strepitus,
2246 3245 2341 3288 aut

762 3335 941 3404 fulgor
1007 3330 1165 3401 quasi
1231 3327 1496 3391 luminis,
1532 3336 1626 3380 ant
1680 3327 1978 3396 quidquam
2036 3326 2185 3382 aliud
2245 3343 2310 3382 su

817 3408 833 3431 θ

2441 616 2551 693 τῶν
2607 617 2986 685 προκειμένων
3028 619 3361 689 ἀδιακρίτως
3422 626 3525 696 χρὴ
3578 642 3637 677 σε
3668 629 4029 698 μεταλαμϐαο

2442 726 2573 775 νειν,
2607 710 2660 762 εῖ
2682 726 2735 762 τι
2778 709 2825 763 δ’
2852 710 2918 763 ἂν
2950 705 3110 768 ὦσιν.
3154 713 3282 767 Ἐὰν
3324 715 3383 768 δὲ
3412 716 3634 788 ἐντολήν
3686 736 3835 784 τινος
3884 720 4028 792 ἔχῃς,

2440 800 2472 872 ἦ
2504 801 2685 871 ίχθύος
2712 802 2746 872 ἢ
2772 803 2960 872 ἑτέρου
2995 804 3109 858 οἴου
3130 805 3207 876 μὴ
3232 808 3583 877 μεταλαϐεῖν,
3610 812 3717 864 εἰσὶ
3753 812 3814 864 δὲ
3846 831 4027 883 ⁴’ταρα-

2436 893 2717 963 τιθὲμενα,
2750 897 2800 949 εἰ
2829 898 3136 969 προχείρως
3165 895 3248 973 ᾖὸ
3282 900 3380 968 τὴν
3410 902 3633 973 ἐντολὴν
3673 904 3825 968 δοὺς,
3858 906 4025 959 ἀπελ-

2435 984 2545 1038 θὼν
2605 987 2793 1039 πεῖσον
2851 988 3015 1042 αὑτὸν
3074 992 3430 1063 συγχωρῆσαί
3488 1010 3571 1048 σοι
3622 996 3719 1050 τοῦ
3786 998 4024 1066 μεταλα-

2436 1075 2572 1132 ϐεῖν.
2603 1078 2667 1130 Et
2693 1077 2751 1130 δὲ
2784 1078 2846 1131 ού
2878 1079 3167 1152 πάρεστιν,
3207 1084 3240 1152 ἦ
3285 1085 3380 1137 καὶ⁵
3414 1084 3707 1152 γινώσκεις
3769 1089 3847 1158 μὴ
3900 1104 4023 1154 συγ-

2434 1170 2633 1237 χωρεῖν
2671 1186 2775 1233 σοι,
2801 1173 2899 1225 καὶ
2934 1173 3099 1226 πάλιν
3131 1174 3331 1239 αὐτοὺς
3370 1177 3433 1231 ού
3493 1177 3675 1246 βούλει
3736 1181 4024 1234 σκανδαλὺ

2436 1278 2547 1326 σαι,
2589 1264 2729 1333 μετά
2748 1265 2847 1336 τὴν
2877 1266 3143 1332 ἑστίασιν,
3173 1268 3373 1323 ἀνάθου
3405 1271 3555 1342 αὐτῷ
3607 1273 3676 1326 τὰ
3729 1273 3835 1343 τῆς
3885 1275 4021 1346 πρά-

2433 1352 2591 1418 ξεως,
2619 1356 2789 1411 αἰτῶν
2812 1358 3183 1431 συγχώρησιν.
3218 1363 3281 1416 Εἰ
3320 1364 3377 1418 δὲ
3437 1368 3501 1417 ὲκ
3546 1366 3757 1422 τούτων
3797 1369 4020 1423 ξούδέτε-

2433 1463 2527 1516 ρον
2558 1447 2759 1517 βούλει,
2786 1454 3035 1524 κρεῖττόν
3067 1470 3148 1508 σοι
3193 1457 3267 1525 μὴ
3294 1457 3552 1512 ἀπελθεῖν
3580 1461 3718 1530 πρὸς
3770 1462 3972 1524 αὐτούς
4004 1480 4016 1491 ’

2429 1538 2543 1591 δύω
2578 1540 2691 1613 γάρ
2716 1544 3017 1613 κερδανεῖς,
3052 1547 3146 1600 καὶ
3178 1548 3272 1601 τὸν
3300 1548 3404 1617 τῆς
3453 1552 3760 1616 κενοδοξίας
3788 1553 4018 1624 δαίμονα

2430 1630 2697 1703 ἐκφεύξῃ,
2720 1636 2814 1687 καὶ
2841 1636 3042 1702 αὐτοὺς
3070 1640 3373 1695 σκανδάλου
3426 1645 3521 1697 καὶ
3555 1643 3791 1712 θλίψεως
3846 1646 4017 1699 ἁπαλο

2428 1716 2618 1789 ὶὰξῃς.
2650 1722 2714 1775 Εἰ
2736 1723 2794 1775 δὲ
2828 1726 2942 1779 τῶν
2977 1733 3307 1801 παχυτέρων
3341 1735 3468 1799 εἰσὶ,
3503 1734 3743 1801 φύλαξον
3798 1737 3893 1789 τὸν
3922 1754 4017 1790 za-

2434 1822 2582 1872 νάνα.
2618 1820 2888 1889 Κρεῖσσον
2914 1820 2969 1874 δὲ
2997 1822 3094 1875 καὶ
3126 1824 3219 1875 ἐπὶ
3248 1825 3429 1877 αὐτῶν
3465 1826 3530 1878 ὲκ
3562 1825 3782 1881 πάντων
3820 1832 4010 1901 μικρὸν

2436 1910 2785 1976 μεταλαϐεῖν.
2825 1910 3058 1981 Ὁμοίως
3100 1916 3193 1967 καὶ
3226 1916 3320 1967 ἐπὶ
3374 1917 3775 1988 παρακλήσεώς
3849 1938 4007 1983 τινος,

2434 2000 2576 2055 κατά
2606 2001 2695 2055 τὸν
2725 2002 3045 2057 ’Δπόστολον
3074 2005 3469 2073 νομοθετοῦντα
3495 2009 3605 2060 πᾶν
3624 2010 3685 2060 τὸ
3713 2027 3788 2062 πα
3796 2013 4010 2079 ρατιθέ-

2435 2095 3013 2166 μενονὲοθίειν,μηδὲν
3040 2098 3425 2167 ἀνακρίνοντας
3438 2099 3524 2152 διὰ
3554 2098 3651 2170 τὴν
3680 2103 4007 2172 συνεξδησιν.

2509 2186 2655 2255 ρμθ’.
2703 2188 2828 2241 Ἐἀν
2861 2190 3142 2253 ποιοῦντός
3179 2207 3275 2242 σου
3314 2192 3373 2245 ὲν
3403 2191 3481 2262 τῷ
3507 2192 3702 2263 κελλίῳ
3757 2210 3856 2248 σου
3918 2198 4008 2263 τὴν

2432 2279 2620 2347 εὐχὴν,
2659 2280 2867 2351 κρούσῃ
2898 2297 2980 2343 τις
3003 2282 3101 2351 τὴν
3154 2282 3343 2353 θύραν,
3396 2284 3605 2348 ἄνοιξον
3665 2285 3836 2356 αὐτῷ.
3907 2290 4011 2340 Καὶ

2435 2370 2723 2434 καθεσθεὶς
2758 2373 3019 2443 ὁμίλησον
3057 2374 3194 2443 μετά
3242 2376 3644 2443 ταπεινώσεως,
3699 2379 3754 2431 ετ
3802 2397 3855 2433 τι
3886 2380 3929 2434 δ’
3951 2382 4010 2435 ἄν

2434 2460 2712 2536 προϐάλλῃ
2743 2464 2853 2517 τῶν
2892 2467 3272 2519 συντεινόντων
3320 2470 3401 2530 εἰς
3456 2468 3726 2537 ὠφέλειαν
3753 2487 3767 2502 ’
3822 2476 3923 2526 καὶ
3964 2474 4009 2525 εὶ

2434 2552 2538 2606 ὑπὸ
2577 2552 2806 2622 θλίψεως
2823 2556 2939 2609 ἐστι
2974 2556 3370 2627 βεϐαρημένος,
3400 2561 3752 2633 σπούδασονῆ
3778 2565 3837 2617 ἐν
3876 2565 4010 2635 λόγῳ

2434 2644 2540 2713 ἢέν
2572 2644 2718 2716 ἔργῳ
2753 2645 3093 2716 θεραπεῦσαι
3123 2650 3306 2703 αὐτόν.
3333 2653 3443 2705 Καὶ
3477 2652 3641 2706 πάλιν
3693 2656 3865 2709 αὐτοῦ
3894 2659 4013 2711 ἁνα-

2431 2733 2757 2803 χωροῦντος,
2810 2736 3076 2801 ·κλείσας,
3134 2740 3615 2811 ἔπαναλαϐόμενος
3693 2746 3795 2813 τὴν
3851 2750 4010 2817 εὐχὴν

2432 2825 2693 2881 ἐπιτέλει.
2720 2827 2827 2880 Καὶ
2864 2830 2975 2897 γὰρ
3006 2829 3207 2899 ὁμοίως
3238 2833 3338 2901 τῆς
3390 2832 3739 2905 καταλλαγῆς
3777 2837 4011 2907 ὑπάρχει

2434 2918 2526 2967 καὶ
2547 2918 2580 2986 ἡ
2612 2918 2879 2988 θεραπεία
2912 2919 3019 2972 τῶν
3045 2922 3401 2990 προσιόντων.
3467 2926 3579 2977 Οὔκ
3613 2927 3704 2979 ἐπὶ
3726 2930 4011 2997 κοσμικῶν

2432 3007 2488 3058 δὲ
2515 3005 2686 3071 οὕτως
2715 3009 2798 3062 δεῖ
2845 3014 3017 3065 ποιεῖν
3043 3028 3055 3041 ·
3104 3013 3241 3067 ἀλλά
3299 3015 3643 3085 πληροῦντας
3702 3020 3806 3088 τὴν
3850 3022 4011 3091 εὖχὴν

2432 3096 2603 3160 (οὕτως
2626 3098 2776 3169 αὐτῷ
2799 3100 3039 3170 ὀμιλεῖνω

2490 3247 2585 3310 ρν’.
2623 3239 2931 3311 Εύχομένου
2958 3241 3014 3295 δέ
3048 3258 3170 3305 σου,
3223 3244 3272 3295 ει
3327 3241 3494 3295 δειλία
3549 3259 3635 3305 τις
3686 3242 3718 3311 ἧ
3780 3244 4007 3307 κτύπος,

2418 3333 2451 3405 ἢ
2512 3334 2588 3395 ὡς
2648 3334 2767 3401 φῶς
2818 3334 3126 3405 ἐπιλάμψῃ,
3201 3335 3233 3405 ἢ
3309 3334 3438 3389 ἀλλο
3492 3352 3545 3387 τι
3595 3337 3845 3405 γένηται,
3940 3340 4000 3389 σὺ

760 3418 1093 3499 ρὲτνθηριίι,
1130 3430 1186 3475 tu
1216 3437 1280 3475 ne
1306 3420 1571 3485 turberis,
1599 3418 1693 3473 sed
1716 3419 1964 3474 tenacius
2004 3419 2059 3473 in
2086 3419 2339 3475 oratione

2429 3426 2496 3495 μὴ
2536 3425 2799 3495 Θροηθῇς,
2850 3428 2986 3481 ἀλλὰ
3026 3426 3227 3498 μᾶλλον
3276 3429 3657 3498 ἐκτενέστερον
3719 3432 3786 3499 τῇ
3838 3445 4005 3499 προσ-

758 3532 1044 3588 pcrsevera
1081 3533 1094 3569 :
1123 3529 1249 3568 nam
1278 3528 1305 3566 a
1332 3511 1677 3567 daemonibus
1699 3511 1997 3565 suscitatur
2015 3516 2337 3576 commotio,

2429 3521 2547 3589 ευχῇ
2632 3518 2972 3589 καρτέρησον
3009 3534 3024 3551 ο

757 3625 813 3669 et
843 3611 1120 3674 fremitus,
1152 3616 1204 3662 et
1241 3604 1551 3670 distractio,
1599 3611 1658 3656 ut
1695 3603 1881 3657 animo
1927 3602 2192 3657 deficiens
2214 3618 2340 3659 ora-

757 3706 967 3760 tionem
1007 3701 1257 3762 omittas,
1307 3706 1363 3752 ct
1421 3698 1524 3751 hoc
1571 3697 1834 3765 deinceps
1869 3697 1923 3749 in
1984 3697 2343 3751 consuetudi-

759 3812 883 3853 nem
940 3792 1286 3855 dereniente,
1324 3790 1607 3861 captivum
1644 3801 1692 3845 te
1742 3791 1845 3845 sub
1876 3804 2044 3843 manu
2077 3790 2337 3843 habeam.

760 3891 816 3945 Si
851 3903 982 3945 vero
1030 3887 1128 3942 tibi
1183 3886 1496 3940 orationem
1533 3885 1813 3953 peragenti
1868 3883 2018 3937 aliud
2084 3882 2339 3953 alfalgcat

756 3983 940 4036 lumen
966 3977 1037 4034 de
1067 3991 1176 4048 quo
1218 3976 1367 4046 loqui
1402 3992 1508 4029 non
1564 3975 1744 4041 valeo,
1778 3975 1989 4044 tibique
2033 3974 2125 4029 fiat
2157 3976 2338 4028 anima

758 4072 955 4146 gaudio
984 4070 1289 4135 exsultans,
1319 4078 1369 4122 ct
1396 4067 1755 4138 perfectioris
1780 4067 2130 4133 desiderium,
2179 4077 2234 4121 ct
2259 4069 2337 4120 la-

758 4179 1073 4238 crymarum
1105 4162 1303 4218 eﬂusio
1336 4175 1458 4216 Cttttt
1496 4160 1944 4231 compunctienc,
1985 4161 2072 4213 hic
2100 4175 2341 4229 agnosce

763 4259 856 4312 Dei
881 4255 1255 4311 visitationem
1282 4265 1334 4307 et
1374 4254 1643 4307 auxilium
1683 4269 1696 4306 :
1732 4262 1788 4306 et
1816 4252 1861 4306 si
1892 4252 1983 4306 diu
2016 4266 2340 4321 persevera-

762 4351 922 4415 verit,
954 4360 1005 4404 te
1032 4348 1398 4402 nihilominus
1447 4346 1672 4400 humilia
1718 4360 1783 4398 eo
1814 4344 1958 4415 quod
1987 4344 2122 4398 nihil
2157 4343 2336 4413 perfe-

758 4447 902 4499 ceris
938 4459 1004 4499 ex
1048 4442 1149 4496 hac
1184 4443 1554 4512 Iaeryniarum
1584 4437 1973 4503 continuitate,
2008 4438 2156 4505 quod
2187 4454 2338 4491 men-

759 4546 866 4591 tem
897 4546 1049 4590 tuam
1092 4535 1157 4587 ad
1194 4533 1397 4601 aliquid
1433 4532 1656 4586 carnale
1711 4530 2015 4585 ducturum
2066 4539 2173 4584 est.
2199 4528 2337 4583 Ora-

762 4630 964 4682 tionem
993 4643 1126 4682 ret‘o
1155 4641 1285 4681 care
1311 4642 1375 4680 ne
1410 4626 1686 4693 relinquas
1728 4622 1798 4676 ob
1845 4622 2193 4678 inimicorum
2230 4621 2338 4675 for-

764 4722 1023 4775 midinem
1052 4736 1065 4783 ;
1102 4720 1219 4777 sed.
1253 4720 1393 4772 sicut
1426 4735 1557 4787 puer
1594 4717 1925 4787 quibusdam
1959 4716 2146 4770 lamiis
2178 4716 2340 4769 terri-

3098 3519 3315 3589 ταραχὴ
3396 3519 3507 3587 γὰρ
3589 3520 3804 3586 γίνεται
3887 3521 4001 3573 δαι-

2422 3610 2639 3679 μονικὴ,
2671 3611 2764 3663 καὶ
2803 3610 2996 3681 φρίκη,
3026 3612 3121 3664 καὶ
3161 3610 3443 3675 ἔκστασις,
3501 3612 3649 3675 ὅπως
3701 3611 4005 3680 χαυνωθεὶς

2418 3702 2515 3772 τὴν
2546 3701 2709 3771 εὐχὴν
2732 3703 2901 3772 ἐάσῃς
2930 3717 2947 3733 ·
2973 3704 3068 3755 καὶ
3102 3702 3293 3757 λοιπὸν
3324 3706 3381 3756 ὲν
3419 3703 3530 3767 ’ἐξςι
3551 3703 3747 3755 τούτου
3773 3707 4006 3772 γενομέυ

2418 3808 2532 3852 νου,
2561 3791 2870 3861 ὑποχείριόν
2911 3808 2970 3844 σε
2997 3792 3221 3845 λάϐωσι.
3269 3792 3329 3845 Εἰ
3381 3793 3438 3846 δὲ
3482 3795 3582 3860 τὴν
3635 3793 3803 3863 εὐχὴν
3853 3797 4007 3846 ἐκτε-

2420 3882 2870 3952 λοῦντος,ἒτερον
2906 3884 3022 3952 φῶς
3073 3884 3358 3956 ἐπιλάμψῃ
3414 3903 3520 3946 σοι,
3560 3886 3697 3956 ὅπερ
3752 3886 4003 3939 ἁδυνατῶ

2419 3975 2645 4044 φράσαι,
2679 3978 2852 4046 χαρᾶς
2886 3994 2944 4028 τε
3003 3976 3219 4046 πλήρης
3258 3978 3290 4046 ἡ
3342 3978 3487 4047 Ψυχὴ

2424 4068 2525 4137 μία
2552 4085 2606 4121 τε
2636 4068 2743 4121 τῶν
2783 4068 3134 4137 κρειττόνων,
3170 4070 3263 4120 καὶ
3292 4067 3541 4140 δακρύων
3564 4068 3823 4138 adeso-.1
3868 4070 4008 4137 μετὰ

2422 4158 2785 4224 κατανύξεως.
2820 4159 3055 4227 γίνωσκε
3088 4160 3237 4213 θείαν
3258 4162 3562 4233 ἐπισκοπὴν
3607 4156 3744 4215 εἶναι
3785 4163 3880 4215 καὶ
3916 4164 4008 4214 ἀν-

2418 4250 2635 4320 τίληψιν
2671 4253 2830 4305 τοῦτο
2861 4268 2876 4285 ·
2907 4252 3000 4306 καὶ
3024 4254 3072 4306 εί
3108 4254 3340 4323 ἐπιμένῃ
3378 4254 3539 4323 μέχρι
3572 4254 3793 4316 πολλοῦ,
3824 4255 3915 4307 δια
3949 4255 4005 4305 τ’)

2424 4346 2495 4413 μή
2524 4362 2576 4397 τι
2600 4344 2759 4397 πλέον
2782 4361 2865 4397 σοι
2894 4344 3151 4412 γενέσθαι
3182 4346 3247 4397 ἐκ
3302 4345 3403 4414 τῆς
3429 4346 3538 4398 τῶν
3583 4344 3839 4412 δακρύων
3879 4364 3999 4398 cm-

2423 4435 2579 4504 οχῆς,
2609 4435 3013 4504 αἰχμαλώτισον
3041 4436 3130 4488 τὸν
3157 4436 3282 4490 νοῦν
3316 4454 3409 4489 σου
3449 4437 3528 4500 εἷς
3554 4439 3733 4490 τιτῶν
3758 4456 4006 4508 σωματι-

2418 4521 2551 4588 κῶν,
2579 4524 2674 4577 καὶ
2698 4524 2941 4594 ἐντούτῳ
2972 4525 3353 4596 ταπεινωθήσῃ
3372 4543 3385 4557 ·
3405 4527 3503 4595 τὴν
3537 4528 3593 4580 δὲ
3625 4529 3795 4597 εὐχὴν
3824 4532 4002 4597 πρίσ-

2420 4631 2512 4684 εχε
2560 4614 2636 4684 μὴ
2697 4616 2755 4668 ὲν
2783 4618 2849 4685 τῇ
2880 4620 2989 4669 τῶν
3048 4616 3260 4687 ἐχθρῶν
3318 4618 3615 4687 ὲκφοϐήσει
3650 4621 4000 4687 καταλεῖεζαι.

2430 4705 2570 4759 Ἀλλ’
2602 4704 2791 4776 ὥσπερ
2815 4711 2942 4771 παῖς
2968 4709 3073 4761 ύπό
3116 4726 3279 4761 τινων
3313 4710 3724 4778 μορμολυκείων
3775 4712 4010 4764 δεδιττᾶο

3521 3978 3744 4043 γένηται
3756 4020 3769 4040 ,
3818 3977 4005 4028 ἐπιθυ·

762 4821 850 4865 tus
881 4814 934 4865 in
968 4811 1128 4864 ulnas
1164 4811 1358 4865 matris
1405 4811 1648 4880 patrisre
1701 4808 2043 4880 anfugiendo
2081 4808 2222 4863 tales
2251 4824 2337 4861 re-

2429 4814 2586 4866 μενος
2624 4798 2730 4851 ὑπὸ
2753 4798 2852 4861 τὰς
2880 4800 3125 4867 ἀγκάλας
3161 4804 3260 4866 τῆς
3310 4802 3515 4873 μητρὸς
3558 4804 3590 4874 ἢ
3652 4802 3747 4855 τοῦ
3804 4806 4010 4872 πατρὸς

765 4911 944 4957 meret
978 4912 1243 4966 terrores,
1275 4904 1354 4958 sic
1384 4912 1438 4955 et
1479 4911 1536 4955 tn
1574 4918 1672 4972 per
1728 4902 2036 4956 orationem
2070 4899 2136 4954 ad
2170 4899 2337 4953 Deum

759 5008 992 5049 currens
1021 4992 1339 5062 huiusmodi
1370 4994 1622 5048 timorem
1664 4994 1860 5064 fugies.

831 5171 954 5229 ibi.
977 5170 1032 5226 Si
1064 5180 1115 5225 te
1145 5171 1198 5225 in
1224 5172 1358 5225 cella
1385 5173 1659 5225 sedentem
1687 5172 1894 5241 aliquid
1923 5170 2094 5226 frater
2114 5170 2342 5225 veniens

761 5268 1059 5332 interroget
1115 5261 1264 5315 circa
1300 5277 1538 5331 pugnam
1581 5263 1890 5326 carnalem,
1933 5276 2001 5315 ne
2057 5261 2212 5315 illum
2249 5275 2336 5315 re-

2420 4886 2804 4953 προσφεύγων,
2821 4887 2913 4941 τὸν
2943 4888 3150 4942 τούτων
3180 4891 3485 4944 ἀπωθεῖται
3514 4890 3697 4957 φόϐον,
3728 4892 3873 4946 οὕτω
3915 4896 4009 4946 καὶ

2426 4979 2491 5031 σὺ
2513 4978 2602 5032 διὰ
2633 4980 2734 5049 τῆς
2764 4980 2955 5051 εὐχῆς,
3005 4981 3141 5053 πρὸς
3173 4982 3265 5035 τὸν
3321 4983 3455 5035 Θεὸν
3504 4983 3857 5055 ἀναδραμὼν,
3917 4986 4009 5038 τὸν

2421 5070 2627 5123 τούτων
2657 5072 2820 5138 φόϐον
2844 5072 3140 5139 διαφεύξει.

2493 5171 2626 5236 ρνα¹.
2664 5164 2791 5218 Ἐὰν
2818 5166 3188 5236 καθεζομένου
3215 5156 3306 5220 σου
3342 5168 3401 5220 ὲν
3424 5168 3505 5239 τῷ
3524 5169 3744 5239 κελλίῳ,
3784 5170 4011 5240 ἀδελφός

2420 5270 2508 5316 τις
2535 5253 2709 5307 ἐλθὼν
2739 5256 3109 5325 ἐρωτήσεισοι
3146 5258 3275 5327 περὶ
3297 5259 3560 5327 σαρκικοῦ
3610 5260 3871 5329 πολέμου.
3938 5263 4014 5330 μὴ

764 5357 957 5428 pellas,
1012 5354 1107 5409 sed
1176 5370 1298 5407 cum
1368 5355 1795 5423 compunctione
1850 5370 1972 5426 qua:
2027 5354 2128 5409 tibi
2160 5352 2337 5425 gratia

2429 5344 2777 5416 ἀποστρέψῃς
2805 5344 2898 5397 τὸν
2942 5344 3210 5409 τοιοῦτον,
3246 5346 3383 5401 ἀλλά
3453 5350 3589 5418 μετά
3638 5352 4011 5416 κατανύξεως.

762 5426 1020 5518 suggeret
1050 5457 1105 5502 et
1130 5462 1251 5517 quae
1287 5461 1349 5499 ex
1382 5454 1473 5500 tua
1531 5448 1872 5516 experientia
1922 5448 2340 5513 didicisti,haec

2429 5426 2578 5497 ὲξῶν
2609 5436 2641 5505 ἡ
2671 5435 2765 5489 τοῦ
2794 5435 2928 5490 Θεοῦ
2959 5437 3116 5507 χάρις
3150 5440 3551 5510 ὲπιχορηγήσει
3604 5459 3710 5505 σοι,
3765 5445 3859 5495 καὶ
3892 5444 3922 5496 ὃ
3952 5446 4014 5496 ἐκ

764 5543 838 5596 illi
872 5541 940 5595 ad
997 5540 1168 5610 ipsius
1223 5541 1508 5593 utilitatem
1571 5542 1918 5594 eonnnunica
1974 5554 2211 5610 eumque
2259 5540 2340 5595 sic

2429 5526 2678 5595 πράξεως
2700 5529 2990 5598 κέκτησαι,
3020 5530 3304 5600 ὠᾩέλησον
3332 5532 3517 5594 αὐτὸν,
3550 5534 3645 5587 καὶ
3683 5534 3860 5597 οὕτως
3880 5538 4017 5589 ἀπό-

765 5635 960 5690 libera.
1004 5631 1393 5705 Egredientem
1450 5644 1633 5686 autem
1707 5640 2021 5688 reverenter
2065 5633 2332 5697 salutans,

2429 5618 2602 5673 λυσον.
2635 5620 3019 5692 Ἐξερχομένου
3040 5623 3119 5686 δὲ,
3162 5622 3342 5693 βαλὼν
3371 5625 3659 5694 μετάνοιαν
3722 5629 3861 5697 πρὸς
3915 5629 4020 5682 αύ-

832 5821 949 5887 (22;
982 5818 1163 5881 ldvst,
1201 5819 1347 5873 sicut
1380 5817 1832 5886 itttcrt‘tlmpenda
1878 5825 1963 5871 est
2012 5819 2219 5886 oratio,
2262 5818 2493 5890 ipsaque
2525 5819 2718 5875 altaris
2806 5819 3035 5884 oblatio,
3089 5828 3144 5874 ut
3201 5832 3329 5874 cum
3382 5817 3550 5871 fratre
3614 5819 4019 5883 reconcilieris,

765 5892 839 5945 ita
869 5891 1035 5945 etiam
1071 5900 1126 5942 ut
1155 5892 1274 5958 t'jtls
1308 5890 1505 5944 salutis
1540 5906 1730 5943 curam
1769 5904 1949 5957 geras.
