4182 6456
227 428 339 489 685

1517 445 1784 505 CAPITA
1842 447 2206 515 MOllALIA.

3372 460 3480 528 686

225 559 347 620 τὸν,
436 560 592 617 εἰπέ·
646 561 963 625 Πίστευσον,
994 563 1209 632 ἀδελφὲ,
1251 564 1457 628 ἑλπίζω
1488 572 1570 629 τις
1599 576 1697 638 τὴν
1736 585 1806 637 φι-

1907 574 1994 628 dic
2034 593 2048 630 :
2080 595 2100 627 ‹
2131 574 2414 632 Fiduciam
2448 579 2606 646 habe,
2641 579 2830 645 frater,
2880 597 3042 650 spero
3101 579 3479 636 misericordia

230 655 589 722 λανθρωπίαν
656 655 749 710 τοῦ
815 656 972 721 Θεοῦ,
1057 658 1139 711 ὅτι
1196 659 1449 727 φεύξεται
1535 661 1647 714 ἀπὸ
1733 662 1826 715 σοῦ

235 741 266 794 6
298 741 547 806 τοιοῦτος
607 743 866 814 πόλεμος,
903 745 1065 816 μόνον
1093 743 1168 815 μὴ
1229 745 1561 817 ὑπενδὼσῃς,
1617 747 1650 820 ἢ
1695 765 1827 819 χαυο

230 833 436 902 νωθῇς.
533 833 874 899 Ἐξελθόντος
959 836 1016 889 δὲ
1097 836 1286 901 αὐτοῦ,
1375 837 1616 901 ἀναστὰς
1728 840 1823 891 καὶ

232 922 742 993 ἀνατυπωσάμενος
809 924 902 978 τὸν
943 924 1110 979 αὐτοῦ
1157 928 1413 994 πολεμον,
1464 929 1676 1001 ἐπάρας
1726 929 1823 993 τὰς

230 1013 427 1081 χεῖρας
451 1012 590 1080 μετᾶ
619 1013 871 1084 δακρύων
905 1015 1041 1084 πρὸς
1074 1015 1167 1070 τὸν
1231 1016 1365 1072 Θεὸν
1387 1019 1444 1073 ὲν
1498 1022 1822 1090 στεναγμοῖς

235 1102 381 1171 ὑπὲρ
412 1103 506 1156 τοῦ
536 1103 768 1172 ἀδελφοῦ
821 1105 1044 1177 δεήθητι
1075 1107 1252 1176 λέγων
1284 1126 1298 1140 ·
1345 1109 1520 1178 Κύριε
1543 1112 1572 1163 6
1609 1110 1763 1173 Θεὸς,
1795 1113 1822 1165 6

238 1195 321 1265 μὴ
374 1182 548 1249 θέλων
572 1198 664 1250 τὸν
697 1196 930 1252 θάνατον
977 1200 1073 1252 τοῦ
1140 1201 1494 1273 ἀμαρτωλοῦ,
1536 1202 1611 1264 ὡς
1651 1199 1820 1266 οἶδας,

235 1287 338 1340 καὶ
370 1287 643 1358 συμφέρει
674 1289 752 1361 τῷ
773 1291 988 1361 ἀδελφῷ
1019 1291 1217 1364 τούτῳ,
1245 1295 1624 1366 οἰκονόμησον.
1657 1296 1766 1348 Καὶ
1793 1295 1823 1348 6

234 1375 448 1439 956;,6
477 1377 760 1444 γινώσκων
787 1380 954 1434 αὐτοῦ
1017 1383 1116 1454 τὴν
1155 1384 1291 1456 πρὸς
1345 1385 1405 1438 σὲ
1466 1387 1671 1448 πίστιν,
1726 1387 1824 1457 τὴν

234 1467 296 1520 δὲ
333 1470 432 1538 σὴν
453 1468 514 1533 ἐξ
534 1470 756 1540 ἀγάπης
786 1473 1134 1541 συμπάθειαν
1191 1477 1283 1529 καὶ
1355 1477 1625 1548 εἰλικρινῆ
1685 1478 1822 1549 ὑπὲρ

237 1556 415 1610 αὑτοῦ
432 1558 619 1627 εὐχὴν,
653 1560 902 1629 κουφὲζει
936 1562 1024 1616 τὸν
1052 1563 1242 1617 τούτου
1280 1565 1536 1636 πόλεμον.

305 1646 439 1716 ρλβ’.
483 1646 670 1700 Ταῦτα
700 1647 757 1700 δὲ
807 1647 984 1700 πάντα
1029 1649 1314 1718 ἐπιτήδειά
1375 1654 1533 1712 εἰσιν,
1591 1651 1805 1718 ἁόελφὲ,

227 1741 373 1810 1:96;
399 1737 714 1803 κατὰνυξιν,
751 1741 843 1792 καὶ
864 1739 944 1792 δεῖ
980 1741 1117 1808 μετὰ
1160 1743 1628 1812 συντετριμμένης
1677 1759 1810 1811 καρο

227 1834 375 1890 δίας,
410 1829 690 1898 ὑπομονῆς
721 1846 780 1882 τε
835 1828 931 1881 καὶ
990 1830 1340 1900 εὐχαριστίας
1390 1832 1675 1894 ἐπιτελεῖν,
1714 1832 1806 1884 δα-

1909 668 2000 724 Dei
2027 669 2141 724 fore
2162 682 2219 725 ut
2244 671 2414 742 fugiat
2432 688 2461 727 a
2481 682 2533 726 te
2557 672 2870 728 istiusmodi
2890 674 3284 734 belluu‘muodo
3305 687 3412 726 non
3430 679 3484 726 te

1906 765 2173 828 remittas,
2220 781 2320 819 nec
2346 765 2590 820 delicias.
2631 786 2648 819 ι
2688 769 2886 833 Atque,
2930 768 3023 820 illo
3051 781 3297 837 egresso,
3328 773 3482 818 stans

1902 868 1967 908 ac
1997 854 2099 908 tibi
2167 865 2570 926 repraesentans
2603 858 2723 928 ejus
2755 873 2989 928 pugnam
3022 898 3037 919 ,
3078 871 3384 925 n-anusquc
3416 854 3479 907 ad

1906 947 2074 1003 Deum
2126 951 2434 1006 extendens
2477 966 2601 1006 cum
2647 953 2907 1024 larrymis
2947 959 2998 1005 et
3035 948 3347 1018 gemitibus,
3379 961 3482 1016 pro

1905 1039 2074 1094 fratre
2126 1041 2464 1110 deprecare,
2515 1043 2756 1097 dicens:
2801 1061 2819 1093 ‹
2883 1041 3112 1096 Domine
3166 1038 3330 1095 Deus.
3385 1038 3478 1106 qui

1904 1147 2010 1186 non
2049 1132 2132 1187 vis
2174 1144 2407 1188 mortem
2447 1134 2778 1203 peccatoris,
2809 1142 2974 1203 prout
3019 1132 3131 1188 scis
3159 1131 3292 1185 huic
3323 1129 3477 1182 fratri

1905 1227 2191 1295 prodesse,
2235 1227 2492 1299 dispone.
2542 1246 2560 1280 ι
2623 1228 2689 1281 lit
2741 1227 2905 1286 Deus,
2938 1225 3118 1280 sciens
3159 1225 3309 1279 illius
3338 1221 3389 1276 in
3430 1230 3480 1276 te

1905 1319 2185 1383 tiduciam.
2219 1329 2485 1393 tuamque
2520 1321 2753 1375 amicam
2787 1318 3228 1389 compassionem
3265 1323 3320 1370 et
3360 1313 3479 1368 siu-

1902 1425 2060 1464 ceras
2088 1427 2190 1480 pro
2231 1413 2325 1466 illo
2378 1429 2593 1483 preces,
2640 1413 2902 1468 allevabit
2941 1410 3061 1476 eius
3118 1407 3475 1461 tentatinncs.

1981 1643 2103 1698 152.
2135 1643 2260 1700 llzec
2285 1648 2468 1700 omnia
2503 1646 2657 1700 utilia
2689 1655 2840 1710 sunt,
2872 1644 3062 1705 frater,
3115 1642 3182 1697 ad
3211 1656 3482 1710 compun-

1903 1738 2170 1802 ctionem,
2219 1747 2274 1792 et
2301 1746 2520 1808 oportet
2563 1755 2689 1793 eum
2722 1738 2963 1793 contrito
2991 1732 3179 1796 corde,
3215 1741 3482 1785 constan-

1904 1827 1975 1880 tia
2003 1836 2052 1881 et
2089 1827 2395 1897 gratiarum
2431 1829 2652 1882 actione
2681 1829 2772 1883 illa
2816 1827 3086 1897 implere:
3121 1825 3324 1893 quippe
3356 1839 3478 1892 qua:

233 1921 423 1991 κρύων
449 1918 580 1971 ὄντα
615 1920 762 1972 αἴτια
809 1919 905 1972 κοιλ⁸
939 1920 1298 1990 καθαιρετικὲι
1330 1922 1542 1986 παθῶν,
1583 1923 1677 1976 καὶ
1710 1923 1806 1992 τῆς

1903 1919 2172 1990 Iacrymas
2197 1920 2452 1982 eliciunt,
2484 1927 2721 1989 purgant
2750 1933 2777 1971 a
2803 1917 3224 1988 cupiditatibus,
3263 1923 3318 1968 et
3347 1928 3477 1981 ape-

232 2009 605 2080 τῶνοὺρανῶν
647 2012 882 2080 προξενα
915 2011 1208 2081 βασιλείας.
1245 2014 1491 2067 Βιαστῶν
1524 2014 1632 2086 γάρ
1662 2017 1810 2068 ἐστιν

222 2113 257 2181 ἡ
302 2107 554 2179 βασιλεία
608 2106 718 2159 τῶν
777 2107 1163 2175 οὐρα-.ὦν,καὶ
1220 2105 1435 2173 βιασταὶ
1480 2103 1818 2172 ἁρπάζουσιν

223 2202 426 2268 αὑτήν.
456 2200 562 2252 Καὶ
595 2197 704 2267 γὰρ
736 2199 784 2249 εἰ
809 2197 981 2250 ταῦτα
1013 2196 1403 2268 κατορθώσεις,
1429 2194 1540 2248 τῶν
1568 2191 1816 2247 παλαιῶν

221 2290 369 2358 τιθῶν
419 2287 640 2350 τελείως
689 2289 968 2359 ἐκστήσῃ·
1029 2287 1157 2350 ἴσως
1199 2287 1293 2340 καὶ
1349 2287 1528 2340 αὐτῶν
1583 2289 1692 2338 τῶν
1723 2281 1816 2336 τοῦ

214 2379 484 2450 λογισμοῦ
536 2378 895 2450 προσεολῶνσ
954 2380 1165 2447 πέφυκε
1222 2379 1334 2448 γὰρ
1380 2379 1688 2448 ὑποχωρεῖν
1736 2375 1814 2447 τῷ

214 2475 358 2541 φωτὶ
389 2473 452 2525 τὸ
484 2472 697 2536 σκότος,
735 2472 938 2543 καὶτῷ
987 2472 1126 2544 ἡλίῳ
1160 2473 1193 2542 ἡ
1231 2473 1378 2526 σκιά.
1431 2472 1541 2526 Καὶ
1604 2471 1711 2542 γὰρ
1765 2473 1811 2524 εἰ

214 2563 427 2618 τούτων
455 2562 720 2633 ἀμελήσει
748 2579 831 2626 τις
873 2563 995 2616 κατ’
1024 2563 1220 2633 ἀρχὰς,
1278 2559 1494 2631 χαυνῶν
1546 2560 1636 2613 τὸν
1668 2561 1812 2626 λογι-

217 2656 360 2724 σμὸν
393 2653 691 2725 περίεργος
721 2654 1039 2726 γενόμενος,
1074 2655 1178 2725 τῆς
1231 2654 1456 2724 χάριτος
1514 2653 1808 2720 περείται,

217 2747 314 2799 καὶ
351 2747 475 2799 τότε
509 2749 588 2807 εἰς
647 2745 790 2816 πάθη
825 2746 1014 2800 κακῶν
1069 2743 1348 2816 ἐμπεσὼν,
1408 2742 1664 2811 γινώσκει
1715 2742 1812 2812 τὴν

221 2837 358 2891 ἰδίαν
386 2837 694 2901 ἀσθένειαν,
722 2838 925 2901 δειλίας
953 2838 1354 2909 πληρούμενος.
1385 2838 1462 2891 Οὐ
1487 2836 1568 2891 δεῖ
1615 2835 1671 2890 δὲ
1716 2836 1811 2888 και

214 2929 306 2981 τὸν
336 2927 735 2999 κατορθοῦντα,
770 2929 830 2993 ἐξ
863 2930 994 2982 ἰδίου
1047 2931 1214 2984 κόπου
1268 2932 1426 2986 τοῦτο
1476 2926 1807 2999 λογίζεσθαι,

210 3019 420 3074 ἀλλ’ὶκ
450 3023 550 3090 τῆς
604 3021 698 3074 τοῦ
724 3020 859 3074 θεοῦ
915 3023 1136 3092 χάριτος
1169 3042 1183 3055 ο
1215 3022 1605 3095 προκαθαίρειν
1641 3018 1698 3071 δὲ
1727 3017 1811 3070 δεῖ

217 3111 414 3164 ἑαυτὸν
445 3112 584 3166 κατὰ
602 3112 692 3165 τὸν
721 3113 943 3166 εἰπόντα
970 3133 984 3145 ·
1005 3115 1323 3185 Καθαρτέον
1354 3116 1590 3186 πρῶτον,
1619 3111 1808 3166 ἔπειτα

215 3201 299 3270 τῷ
330 3203 562 3274 καθαρῷ
591 3204 1044 3276 προσομιλητέον.
1075 3206 1169 3259 Ἐκ
1202 3209 1311 3278 γὰρ
1331 3206 1541 3260 πολλῶν
1557 3202 1809 3275 δακρύων

1905 2010 2051 2064 riunt
2085 2026 2314 2078 regnum
2375 2011 2664 2066 cmineum.
2711 2011 2847 2063 Nam
2881 2028 2898 2060 ι
2940 2025 3166 2078 regnum
3210 2005 3474 2060 t'mlorum

1904 2103 2011 2154 vim
2052 2103 2278 2171 patitur,
2312 2115 2365 2156 et
2411 2103 2632 2156 violenti
2673 2103 2892 2172 rapiunt
2923 2100 3060 2153 illud
3081 2101 3154 2164 ⁸⁸,
3197 2117 3215 2150 ι
3270 2096 3329 2152 Si
3375 2096 3471 2148 illa

1903 2193 2272 2262 exscquaris,
2334 2201 2576 2249 veterem
2654 2194 2930 2247 hominem
2977 2191 3222 2261 perfecte
3280 2202 3474 2250 exues,

1902 2285 2050 2355 ipsas
2098 2285 2263 2341 etiam
2315 2285 2674 2355 cogitationis
2727 2283 2973 2338 olfeusas
3015 2299 3028 2335 :
3088 2281 3268 2335 solent
3327 2279 3472 2333 enim

1898 2378 2095 2433 celere
2123 2377 2231 2432 luci
2262 2378 2522 2439 tenebrae,
2560 2385 2615 2430 et
2645 2379 2839 2429 umbra
2877 2373 3001 2428 soli.
3043 2373 3100 2427 Si
3134 2372 3262 2441 quis
3290 2378 3471 2424 autem

1897 2469 2012 2524 hrec
2046 2469 2115 2523 ab
2151 2469 2309 2522 initio
2361 2468 2630 2539 negligat,
2684 2446 2916 2522 remissa
2983 2473 3166 2521 mente
3215 2462 3470 2518 curiosus

1898 2564 2100 2626 factus,
2133 2561 2312 2632 gratia
2345 2563 2618 2632 privatur,
2649 2569 2702 2616 et
2753 2569 2885 2615 tunc
2919 2559 2974 2613 in
3015 2571 3212 2630 pravas
3255 2555 3472 2625 cupidi-

1897 2662 2038 2708 tates
2097 2651 2374 2718 incidcns,
2416 2654 2697 2723 propriam
2753 2651 3008 2722 agnoscit
3065 2649 3471 2711 inﬁrmitatem,

1897 2747 2094 2801 timore
2127 2745 2393 2815 repletus.
2427 2743 2544 2800 Non
2586 2752 2803 2814 oportet
2851 2759 2980 2799 vero
3012 2757 3139 2798 eum
3174 2742 3269 2810 qui
3301 2756 3364 2796 ea
3394 2737 3473 2792 fe-v

1893 2839 2071 2894 liciter
2095 2838 2438 2906 exsequitur,
2469 2836 2522 2891 id
2559 2853 2660 2891 suo
2687 2837 2929 2891 tribucre
2971 2835 3170 2899 labori,
3206 2835 3302 2890 sed
3347 2842 3471 2888 tan-

1893 2936 2008 2982 tum
2037 2929 2231 2997 gratiae
2281 2927 2527 2994 divinat;
2564 2937 2728 2996 atque
2773 2927 3014 2996 seipsum
3054 2926 3342 2996 purifirare
3376 2926 3472 2979 de-

1892 3021 2003 3086 bet,
2047 3021 2217 3090 juxta
2254 3021 2420 3074 illam
2454 3020 2558 3090 qui
2600 3021 2753 3074 dixit
2817 3038 2837 3074 :
2884 3019 3124 3088 Oportet
3185 3017 3466 3088 puriﬁcari

1892 3112 2044 3181 prius
2103 3127 2266 3180 quam
2327 3127 2451 3165 cum
2519 3127 2658 3182 puro
2719 3110 3058 3167 conversari.
3096 3110 3282 3166 Multis
3317 3111 3466 3164 enim

1891 3204 2149 3274 laery-eis
2198 3218 2353 3258 meus
2409 3213 2640 3273 purgata
2705 3213 2759 3258 et
2815 3204 3091 3260 illustrata
3128 3204 3316 3257 divino
3372 3203 3464 3256 illo

225 3288 323 3341 τοῦ
359 3289 453 3342 νοῦ
496 3290 884 3362 καθαρθέντος,
925 3293 1020 3346 καὶ
1035 3292 1303 3363 ἕλλαμψιν
1329 3293 1423 3346 τοῦ
1441 3291 1599 3344 θείου
1631 3289 1806 3360 φωτὸς

1890 3296 2096 3348 lumine
2120 3295 2291 3362 quod,
2329 3296 2376 3350 si
2417 3302 2588 3367 totus
2619 3293 2772 3347 orbis
2797 3294 2864 3347 de
2915 3309 2980 3349 eo
3021 3296 3314 3364 acceperit,
3349 3309 3459 3348 non

226 3376 654 3449 ὑποδεχομένου,
691 3381 828 3450 ὅπερ
857 3378 976 3443 ὅλος
1035 3381 1064 3432 6
1114 3381 1342 3450 κόσμος,
1395 3381 1443 3433 εἰ
1491 3378 1652 3451 λάϐῃ,
1705 3379 1807 3432 οὒκ

221 3469 460 3530 ἐλαττοῖ,
501 3471 702 3541 νοερῶς
727 3474 837 3535 τοῖς
873 3472 1158 3541 μέλλουσιν
1187 3472 1570 3544 ἐμφιλοχωρεῖ.

305 3561 593 3632 ’Πρωτήθη
629 3563 758 3616 ποτὲ
784 3565 812 3615 6
842 3565 996 3631 ἇγιος
1044 3565 1136 3618 καὶ
1185 3565 1452 3636 μακάριος
1504 3556 1659 3628 οὗτος
1704 3565 1805 3618 Συ-

224 3653 604 3721 μεό)ν,ὖπσῖος
627 3649 773 3707 εἶναι
797 3654 1003 3723 ὀξείλει
1068 3659 1096 3708 6
1151 3656 1351 3726 ἱερεὺς,
1392 3656 1487 3710 καὶ
1536 3656 1805 3726 ἀπεκρῖθη

219 3745 392 3810 λέγων
413 3763 426 3776 ·
474 3745 615 3811 Ἐγὼ
641 3746 740 3813 μὲν
771 3747 869 3799 οὐκ
905 3747 1022 3816 εἰμὶ
1051 3747 1198 3814 ἄξιος
1221 3742 1357 3800 εἶναι
1384 3747 1568 3816 iac-5'3;
1599 3763 1616 3774 '
1661 3746 1804 3816 πλὴν

220 3833 468 3898 ποταπὸς
502 3832 643 3888 εἶναι
675 3837 881 3905 ὀφείλει
908 3838 936 3888 6
969 3836 1181 3906 μέλλων
1215 3837 1521 3908 ἱερουργεῖν
1550 3837 1628 3907 τῷ
1661 3838 1801 3908 Θεῷ,

218 3926 481 3995 ἀσφαλῶς
514 3927 749 3993 ἔγνωκα.
789 3928 877 3980 Ἐν
929 3926 1167 3998 πρώτοις
1219 3929 1338 4000 μὲν,
1395 3931 1558 3998 ἁγνὸς
1625 3931 1685 3983 οὐ
1726 3931 1803 4001 τῷ

221 4017 440 4083 σώματι
470 4017 653 4086 μόνον,
674 4017 811 4071 ἀλλὰ
838 4021 932 4071 καὶ
961 4023 1026 4089 τῇ
1059 4023 1205 4091 ψυχῇ
1231 4037 1243 4050 ο
1290 4021 1382 4073 καὶ
1418 4021 1553 4091 πρὸς
1594 4020 1804 4085 τούτοις

217 4110 484 4178 ἀμέτοχος
515 4105 654 4162 εἶναι
689 4110 868 4182 πάσης
911 4112 1206 4182 ἁμαρτίας.
1237 4113 1499 4185 Δεύτερον
1521 4115 1578 4167 δὲ
1607 4132 1800 4168 ταπει-

217 4199 304 4261 νὸς
333 4202 428 4252 καὶ
459 4200 657 4270 τῷἔξω
680 4201 820 4272 ἤθει,
854 4203 946 4255 καὶ
973 4203 1050 4274 τῷ
1081 4204 1290 4258 ἔνδοθεν
1328 4206 1428 4276 τῆς
1489 4207 1667 4276 ψυχῆς
1700 4225 1796 4260 κα-

213 4293 550 4361 ταστήματι.
579 4289 709 4346 Εἶτα
733 4295 818 4348 ὅτε
845 4296 1179 4364 παρίσταται
1208 4300 1274 4368 τῇ
1332 4299 1454 4368 ἱερᾷ
1502 4301 1596 4352 καὶ
1657 4301 1786 4366 ἁγία

213 4381 484 4451 τραπέζῃ,
521 4383 724 4451 νοερῶς
768 4384 869 4452 μὲν
900 4384 998 4454 τὴν
1031 4385 1294 4456 θεὸτητα,
1355 4387 1630 4458 αἰσθητῶς
1654 4389 1710 4441 δὲ
1732 4389 1800 4441 τὰ

215 4474 561 4544 προκεὲμενα
598 4474 729 4542 ἆγια
761 4477 894 4546 ὀρᾷν
923 4477 1129 4545 ὀφείλει
1165 4479 1552 4549 ἀναμφιϐόλως
1578 4497 1591 4509 υ
1611 4480 1670 4532 οὑ
1692 4480 1798 4552 μὴν

211 4563 292 4627 δὲ,
319 4564 456 4617 ἀλλὰ
489 4565 584 4618 καὶ
612 4567 778 4619 αὑτὸν
807 4567 900 4619 τὸν
934 4569 992 4620 ἐν
1019 4568 1214 4638 δώροις
1253 4570 1500 4638 ἀοράτως
1529 4571 1794 4642 1:an”,

211 4655 533 4709 ἐνοικοῦντα
566 4657 866 4728 κεκτῆσθαι
906 4662 1197 4729 χρεωστεί,
1229 4663 1287 4714 ὲν
1314 4663 1380 4731 τῇ
1431 4662 1626 4715 ἑαυτοῦ
1660 4679 1770 4732 καρ

209 4744 297 4817 δίᾳ
321 4747 578 4814 γνωστῶς
610 4764 624 4779 ·
656 4749 743 4802 ἵνα
777 4748 1000 4820 δύνηται
1029 4750 1171 4806 οὕτω
1202 4754 1337 4823 μετὰ
1355 4754 1664 4824 παρῤησίας
1697 4756 1798 4821 τὰς

211 4838 848 4910 ἱκετηρεαεπροσφέρειν
878 4858 891 4872 ⁸
922 4845 1016 4896 καὶ
1049 4844 1124 4906 ὡς
1154 4845 1308 4914 φίλος
1332 4847 1467 4914 πρὸς
1499 4847 1652 4914 φίλον
1675 4850 1791 4900 δια-

206 4930 525 4999 λεγόμενος,
552 4931 696 4983 οὕτω
729 4932 913 5001 λέγειν
948 4951 962 4966 ο
1005 4955 1022 4986 ε
1065 4936 1248 5007 Πάτερ
1271 4938 1452 5007 ἡμῶν,
1486 4941 1513 4991 6
1565 4941 1622 4992 ὲν
1681 4941 1792 5003 τοῖς

203 5023 479 5092 οὐρανοῖς,
506 5023 821 5095 ἁγιασθήτω
852 5026 916 5079 τὸ
940 5027 1110 5096 ὄνομά
1173 5045 1288 5094 σου,
1325 5049 1343 5081 ι
1379 5030 1646 5100 δηλούσης
1696 5034 1794 5102 τῆς

203 5115 394 5184 εὐχῆς,
424 5114 500 5177 ὡς
519 5116 610 5168 τὸν
644 5116 805 5186 φύσει
839 5117 967 5174 ὅντα
996 5119 1132 5174 Υἰὸν
1195 5121 1287 5174 τοῦ
1327 5121 1483 5185 Θεοῦ,
1531 5123 1668 5191 ἔχων
1714 5125 1794 5176 ol-

205 5207 408 5261 κοῦντα
429 5209 488 5261 ὲν
515 5209 714 5280 ἑαυτῷ,
747 5212 885 5280 μετὰ
917 5212 1015 5265 τοῦ
1053 5214 1285 5286 Πατρὸς,
1347 5217 1443 5270 καὶ
1487 5216 1582 5271 τοῦ
1633 5218 1790 5284 ἁγῑου

207 5298 548 5365 ΙΙνεύματος.
579 5299 870 5362 Τοιούτους
897 5300 1039 5357 εἶδον
1099 5304 1532 5378 πρεσϐυτέρους,
1575 5323 1792 5380 συγχω-

205 5384 415 5456 ρήσατέ
434 5402 552 5456 μοι,
582 5387 822 5458 πατέρες
847 5391 940 5442 καὶ
970 5391 1207 5461 ἀδελφοί.

280 5475 476 5543 Ἔλεγε
505 5476 561 5529 δὲ
585 5479 679 5530 καὶ
706 5478 886 5541 τοῦτο,
918 5481 994 5544 ὡς
1027 5484 1155 5554 περί
1185 5502 1328 5549 τινος
1374 5486 1558 5551 ἄλλου,
1597 5488 1790 5540 ἑαυτὸν

204 5566 560 5636 ὐποκρύῦων,
588 5569 684 5623 καὶ
702 5571 801 5640 τὴν
825 5573 936 5626 τῶν
953 5573 1258 5645 ἀνθρώπων
1287 5578 1446 5645 δόξαν
1478 5578 1786 5648 ἐκφεύγων,

205 5660 311 5712 ὑπὸ
332 5660 391 5713 δὲ
413 5661 830 5733 φιλανθρωπίας
859 5667 1026 5722 αὑτοῦ
1101 5669 1295 5724 ἑαυτὸν
1347 5673 1790 5742 ἀναγκαζόμενος

205 5756 451 5824 φανεροῖ.
471 5753 738 5824 Ἤκουσα,
771 5760 1094 5831 φησὶ,παρᾰι
1121 5779 1265 5827 τινος
1299 5764 1536 5834 μοναχοῦ
1566 5764 1782 5835 ἱερέως,

260 5923 302 5954 ⁶¹
338 5923 531 5982 Matth.
572 5945 646 5993 st,
673 5933 756 5988 12.

1805 4633 1845 4684 D

1888 3385 2189 3450 minuitur,
2243 3385 2607 3456 spiritualiter
2653 3391 2709 3438 et
2747 3383 2940 3438 alIcctu
2997 3385 3050 3437 in
3110 3384 3218 3438 vita
3276 3382 3461 3437 futura

1885 3479 2032 3530 \‘lvit.

1953 3568 2334 3635 Interrogatus
2368 3567 2602 3637 quadam
2640 3569 2730 3622 die
2764 3575 2992 3623 sanctus
3049 3577 3102 3620 et
3146 3566 3338 3618 beatus
3371 3564 3462 3619 illo

1885 3657 2108 3711 Simeon
2135 3657 2315 3728 qualis
2349 3672 2476 3711 esse
2505 3657 2699 3712 debeat
2738 3657 3021 3720 sacerdos,
3062 3655 3345 3724 respondit
3377 3655 3462 3708 his

1883 3748 2063 3803 verbis
2101 3767 2114 3804 :
2157 3767 2176 3801 ι
2219 3748 2482 3818 Equidem
2540 3764 2649 3802 non
2683 3763 2804 3802 sum
2853 3749 3053 3817 dignus
3103 3748 3193 3807 qui
3225 3747 3328 3798 sim
3367 3761 3460 3798 sa-

1880 3842 2111 3908 cerdos;
2139 3849 2384 3896 attamen
2426 3842 2607 3911 qualis
2637 3857 2763 3896 esse
2786 3843 2982 3896 debeat
3010 3843 3102 3911 qui
3129 3841 3456 3896 sacriﬁcium

1883 3934 1992 3989 Deo
2025 3944 2110 3990 est
2137 3935 2451 3997 oblaturus,
2495 3943 2648 3988 certo
2693 3934 2841 3990 novi.
2891 3932 2957 3987 Et
3007 3933 3184 4003 primo
3235 3933 3457 4002 quidem

1880 4035 2132 4089 sanctus,
2166 4041 2274 4080 non
2328 4041 2561 4097 corpore
2610 4035 2872 4089 tantum,
2929 4023 3025 4079 sed
3056 4033 3110 4077 et
3163 4024 3370 4089 anima,
3400 4031 3456 4078 et

1880 4120 2103 4184 insuper
2148 4118 2412 4171 inmmnis
2467 4117 2542 4172 sit
2571 4117 2639 4171 ab
2696 4116 2844 4170 omni
2895 4126 3139 4186 peccato.
3179 4115 3456 4175 Secundo,

1879 4210 2123 4271 humilis,
2158 4217 2274 4262 tum
2307 4210 2576 4264 exteriori
2610 4209 2826 4272 habitu,
2852 4218 2965 4265 tum
2992 4207 3457 4263 interiorianium-

1877 4303 2262 4371 dispositione.
2346 4303 2599 4366 Deinde,
2651 4319 2774 4356 cum
2867 4310 3011 4356 astat
3089 4314 3458 4358 saetmanetm

1879 4409 2101 4457 mensae,
2137 4395 2333 4461 spiritu
2387 4396 2769 4461 Divinitatem,
2824 4395 3309 4450 sensibus-antem
3366 4412 3454 4448 res

1876 4501 2065 4541 sacras
2113 4488 2293 4542 oculis
2346 4489 2663 4558 propositas
2693 4490 3058 4558 contemplari
3122 4489 3285 4542 debet
3324 4503 3451 4542 cum

1878 4580 1982 4635 fide
2005 4595 2112 4634 non
2165 4581 2473 4635 haesitante.
2507 4583 2574 4633 At
2627 4582 2931 4650 praesertim
2965 4596 3093 4636 eum
3149 4581 3328 4651 ipsum
3362 4582 3456 4648 qui

1877 4672 2049 4726 estin
2100 4669 2269 4725 donis
2333 4672 2681 4725 invisibiliter
2727 4687 2994 4740 prmsens,
3031 4673 3083 4726 in
3119 4673 3286 4727 corde
3354 4689 3455 4726 suo

1879 4763 2278 4816 iuhabitantcm
2333 4761 2681 4818 familiariter
2717 4764 2919 4818 habere
2963 4763 3152 4824 debet,
3194 4774 3252 4817 ut
3281 4767 3450 4833 possit

1885 4855 2223 4908 conﬁdenter
2251 4870 2374 4908 eum
2417 4857 2654 4924 precari,
2685 4865 2759 4920 et,
2792 4855 2951 4925 quasi
2979 4856 3192 4909 amicus
3218 4856 3452 4908 amicum

1875 4945 2183 5012 alloquens,
2217 4943 2264 4996 ei
2319 4941 2503 4996 dicere
2566 4960 2582 4998 :
2623 4962 2640 4994 ι
2711 4944 2874 4998 Pater
2905 4951 3121 5007 noster,
3166 4944 3259 5012 qui
3313 4959 3371 4997 es
3400 4946 3452 4996 in

1873 5038 2049 5097 caelis,
2076 5034 2461 5089 sanctiﬁcctur
2496 5049 2696 5088 nomen
2746 5045 2937 5100 tutttn;
2979 5054 2998 5088 ι
3028 5047 3194 5104 atque
3241 5035 3451 5088 oratio-

1876 5130 1962 5182 nis
1981 5129 2194 5182 fervore
2221 5126 2481 5181 ostendat
2517 5142 2578 5182 se
2617 5128 2672 5180 in
2701 5126 2997 5197 semetipso
3046 5127 3446 5180 inhabitantem

1874 5222 2076 5274 habere
2108 5220 2286 5285 illum,
2313 5221 2406 5286 qui
2445 5229 2530 5274 est
2577 5228 2772 5272 natura
2807 5217 2981 5272 Filius
3013 5217 3128 5284 Dei,
3173 5235 3235 5274 ac
3285 5218 3447 5272 simul

1869 5310 2085 5363 Patrem
2114 5317 2168 5362 et
2207 5307 2474 5375 Spiritum
2521 5316 2798 5363 sanctum.
2833 5307 2992 5362 Tales
3021 5308 3126 5360 vidi
3158 5309 3446 5378 presbyte-

1867 5416 1984 5463 ros,
2011 5401 2226 5453 veniam
2260 5399 2390 5452 mihi
2441 5398 2747 5464 concedite,
2786 5396 2978 5453 Patres
3028 5408 3083 5453 et
3135 5399 3375 5454 Fratres.
3419 5419 3438 5452 ι

1937 5493 2162 5546 Dicebat
2204 5491 2408 5554 adhuc,
2447 5499 2710 5560 tauquam
2760 5490 2826 5544 de
2859 5491 3099 5559 quodam
3145 5493 3252 5546 alio
3284 5491 3435 5556 (nam

1861 5602 1984 5643 sese
2033 5585 2350 5640 occultabat
2413 5585 2823 5653 humanamque
2878 5583 3120 5654 fugiebat
3176 5583 3436 5655 glm-iam,

1864 5681 1959 5735 sed
1992 5695 2090 5733 sua
2123 5694 2248 5733 eum
2281 5679 2602 5732 humanitas
2638 5677 2871 5732 invitum
2901 5678 3107 5748 prodit)
3137 5696 3149 5732 :
3189 5696 3208 5730 ι
3238 5676 3436 5732 Audivl

1867 5768 2158 5843 quemdam
2193 5768 2524 5825 monachum
2567 5767 2909 5826 sacerdotem
2939 5768 3044 5824 hoc
3081 5767 3216 5825 mihi
3253 5775 3441 5839 ulpolu
