4182 6456
726 338 828 403 68Ἶ

1961 353 2334 415 SYMEONIS
2370 360 2729 422 JUSIORIS

3872 376 3977 441 688

726 452 924 505 intimo
964 456 1464 512 commnuieautem
1501 479 1512 512 :
1560 478 1576 510 ι
1629 459 1743 515 Νυιι
1770 478 1913 531 praui
1949 468 2285 522 sacrilicium

2353 514 2363 530 ι
2391 478 2762 551 θαρῤήσαντός
2794 498 2885 552 μοι
2918 482 2992 547 ὡς
3023 486 3313 553 προσφιλεϊ
3342 486 3527 550 αὑτοῦ,
3572 487 3653 540 ὅτι
3698 487 3971 541 Οἰδέττοτι

720 542 916 609 obtuli,
973 547 1104 616 quin
1162 549 1399 619 {viderim
1477 554 1742 620 bpirltum
1814 567 2094 624 sanetum,
2148 562 2291 616 sicut

721 638 900 706 ipsum
929 641 1039 695 vidi
1070 643 1123 697 in
1156 658 1241 698 me
1282 646 1727 715 descendentem,
1762 653 1984 720 quando
2002 668 2164 722 super
2204 672 2290 711 nte

719 730 1166 789 cxtendcbantur
1222 754 1442 802 manus,
1472 742 1946 811 sacerdotalisque
1998 762 2288 803 consecra-

718 820 1226 881 tionis'orationem
1268 831 1621 900 metropolita
1660 834 1953 897 recitabat,
1987 844 2042 891 et
2085 839 2289 892 cucho-

713 912 922 983 legium
962 917 1166 973 misero
1195 921 1364 987 capiti
1401 937 1525 976 meo
1555 923 1959 991 imponebatur.
2001 946 2020 978 κ
2057 930 2290 984 interro.

712 1012 874 1071 gntus
906 1007 1075 1077 igitur
1103 1023 1131 1062 a
1175 1026 1262 1065 me
1299 1014 1580 1082 quomodo
1626 1016 1779 1070 illum
1808 1027 1940 1074 tunc
1976 1021 2203 1076 vidisset
2234 1030 2287 1076 et

712 1096 818 1152 sub
862 1113 967 1168 qua
1031 1099 1235 1168 forma,
1275 1106 1605 1175 respondit:
1645 1127 1661 1158 ι
1723 1108 1961 1181 Simplex
2008 1122 2147 1177 erat,
2184 1130 2286 1169 nec

708 1188 876 1244 videri
905 1200 1141 1261 poterat,
1175 1196 1279 1249 nisi
1331 1206 1390 1250 ut
1428 1198 1557 1264 lux;
1592 1209 1655 1260 et.
1689 1215 1811 1254 cum
1848 1201 2084 1269 primum
2118 1204 2284 1257 mira-

711 1295 821 1345 rer,
879 1284 1073 1341 videns
1126 1289 1271 1354 quod
1326 1305 1610 1359 nunquam
1654 1291 1921 1357 videram,
1955 1303 2007 1349 et
2065 1312 2281 1351 mecum

704 1374 1000 1441 cogitarem
1033 1378 1290 1446 quidnam
1336 1378 1437 1433 hoc
1470 1390 1636 1444 esset,
1671 1381 1808 1435 dixit
1867 1383 1959 1437 ille
1996 1385 2128 1439 mihi
2164 1402 2284 1456 my-

706 1466 873 1531 stice,
928 1470 1088 1537 quasi
1134 1471 1377 1541 linguam
1428 1475 1657 1528 sciens:
1708 1494 1726 1528 ι
1782 1475 1894 1546 Ego
1936 1479 2019 1533 sie
2088 1496 2284 1537 omnes

700 1553 830 1607 olim
876 1554 1180 1627 prephetas
1234 1570 1288 1615 et
1323 1562 1628 1630 apostolos,
1672 1570 1724 1617 et
1774 1580 1922 1620 nunc
1952 1566 2047 1622 Dei
2078 1569 2283 1625 electos

705 1646 1031 1715 frequenter
1086 1652 1252 1705 visito
1314 1670 1327 1706 :
1392 1668 1515 1707 sum
1567 1655 1713 1708 enim
1761 1670 1982 1713 saueius
2041 1660 2281 1730 Spiritus

713 1734 828 1792 Dei.
873 1757 892 1790 ι
930 1741 1027 1797 Cui
1065 1744 1243 1814 gloria
1278 1755 1331 1799 et
1366 1746 1542 1799 virtus
1574 1745 1626 1798 in
1657 1752 1880 1804 saacula.
1920 1753 2110 1805 Amen.

730 1966 1217 1984 ———-—.—--—--————._
1226 1978 2268 1997 “*OW—m—
2291 1990 2345 1996 ...ρ

2388 573 2807 645 ἐλειτούργησα,
2844 577 2918 645 μὴ
2958 576 3080 630 ἰδὼν
3098 577 3160 630 τὺ
3212 578 3437 648 Πνεῦμα
3462 580 3521 632 τὸ
3551 580 3727 647 ἅγιον,
3789 580 3971 642 καθὼς

2388 664 2521 716 αὐτὸ
2543 659 2683 717 εἶδον
2712 665 2868 719 ἐλθὸν
2895 668 2984 719 ἐπ’
3011 667 3160 738 ἐμοὶ,
3193 670 3282 722 ὅτε
3313 687 3379 739 με
3413 672 3809 740 ἐχειροτόνουν,
3870 673 3966 724 καὶ

2388 760 2484 826 τὴν
2512 756 2677 828 εὐχὴν
2722 758 2815 811 τοῦ
2869 760 3062 830 ἱερέως
3094 763 3122 814 ὁ
3187 764 3587 834 μητροπολίτης
3648 765 3824 832 ἔλεγε,
3876 764 3967 815 τοῦ

2383 849 2710 919 Εὑχοὶογίου
2738 853 3092 922 ἐπικειμένου
3127 857 3194 925 τῇ
3224 854 3385 926 ἀθλξᾳ
3417 875 3520 926 μου
3539 858 3771 928 κεφαλῇ.
3802 858 3969 926 Ἐρωσ

2378 942 2564 1010 τηῡεὶς
2597 939 2691 997 οὖν
2720 947 2852 1015 ’παρ’
2885 945 3022 1016 ἐμοῦ
3059 947 3177 1010 πῶς
3210 947 3374 1001 τοῦτο
3405 947 3513 1002 εἶδε
3548 950 3694 1014 τότε,
3748 954 3844 1003 καὶ
3909 952 3966 1001 ἐν

2377 1034 2531 1086 ποίου
2556 1034 2731 1096 εῐδους
2749 1040 2955 1107 μορφῇ,
2980 1034 3158 1092 εἶπεν·
3194 1039 3425 1092 Ἀπλοῦν
3449 1041 3547 1110 μὲν
3578 1043 3673 1095 καὶ
3703 1042 3962 1100 ἀνείδεον,

2376 1125 2516 1194 πλὴν
2547 1125 2622 1189 ὡς
2638 1126 2753 1193 φῶς
2793 1144 2807 1156 ⁵
2848 1132 2943 1182 καὶ
2966 1130 3042 1193 ὡς
3068 1130 3380 1201 ἐθαύμαζον
3420 1134 3540 1186 κατ’
3571 1134 3743 1205 ἀρχὰς
3770 1135 3914 1196 ἰδὼν,
3936 1135 3963 1186 ὅ

2375 1212 2631 1267 οὐδέποτε
2666 1216 2983 1288 ἐθεασάμην
3005 1237 3018 1250 ’
3053 1221 3147 1273 καὶ
3176 1221 3229 1273 τι
3264 1219 3331 1275 ἂν
3373 1223 3459 1293 εἴη
3508 1223 3667 1277 τοῦτο
3722 1225 3961 1292 διαλογι-

2375 1300 2604 1372 ζομένου
2654 1323 2778 1375 μου,
2805 1306 2957 1374 ἐλεγέ
2991 1327 3082 1378 μοι
3112 1312 3389 1381 μυστικῶς
3417 1315 3614 1379 ἐκεῖνο,
3671 1314 3863 1385 ὥσπερ
3904 1320 3961 1367 ἐν

2374 1394 2572 1461 γνώσει
2609 1400 2832 1467 φωνῆς’
2886 1400 3027 1469 Ἐγὼ
3069 1402 3214 1456 οὕτω
3265 1406 3430 1457 πᾶσιν
3476 1407 3807 1476 προφήταις,
3868 1413 3961 1459 καί

2370 1488 2479 1539 ἀπο
2489 1489 2711 1557 πτόλοις,
2728 1492 2947 1554 καὶτοῖς
2965 1492 3060 1545 νῦν
3078 1493 3358 1558 ἐκλεκτοῖς
3373 1498 3465 1551 τοῦ
3480 1496 3633 1558 Θεοῦ,
3658 1500 3751 1552 καὶ
3781 1500 3959 1566 ἁγίοις

2375 1580 2641 1646 ἐπιφοιτῶ
2669 1598 2681 1610 ·
2718 1582 2779 1633 τὸ
2830 1584 2940 1654 γὰρ
2980 1584 3135 1651 ἅγιον
3189 1587 3414 1656 Πνεῦμά
3459 1590 3575 1659 ειμι
3636 1590 3732 1643 τοῦ
3792 1591 3953 1643 Θεοῦ.

2371 1671 2526 1742 Αὐτῷ
2551 1674 2584 1742 ἡ
2619 1671 2767 1739 δόξα,
2793 1675 2885 1727 καὶ
2917 1677 2976 1728 τὸ
3006 1677 3206 1747 κράτος
3226 1681 3305 1743 εἰς
3333 1680 3458 1744 τοὺς
3498 1681 3722 1745 αἰῶνας.
3768 1684 3954 1755 Λμήν.

2350 1989 3089 2001 -.α-Ἥ*-
3102 1992 3365 2003 -m

1906 2142 2147 2198 SANCTI
2209 2145 2456 2201 PATRIS
2504 2148 2756 2207 NUSTRI

787 2339 1771 2500 SYMEONIS
1867 2351 2748 2510 JUNIORIS
2838 2358 3832 2519 THEOLOGI

1444 2636 1699 2679 ABBATIS
1764 2639 2150 2684 MONASTERII
2196 2642 2250 2685 S.
2310 2644 2634 2688 MAMANTIS
2682 2645 2744 2688 IN
2797 2646 3168 2693 IEROCERCO

1012 2802 1153 2889 DE
1215 2804 2271 2898 ALTEBA'I‘IONIBUS
2322 2812 2743 2901 ANIMZE
2812 2816 2959 2904 ET
3005 2816 3601 2909 CORPORIS

915 2994 1070 3067 Qum
1125 3012 1200 3057 ex
1245 2996 1541 3058 varietate
1599 2996 1738 3058 cmli
1770 3004 1874 3059 aut
1914 3000 2102 3071 aeris,
2160 3018 2431 3081 qumque
2464 3022 2542 3065 ex
2590 3005 2951 3076 elementis,
3005 3025 3079 3068 ex
3127 3008 3319 3083 cibis,
3369 3012 3683 3073 interdum

1350 3120 1532 3181 etiam
1618 3139 1693 3181 ex
1771 3122 2165 3183 dmmonibus
2255 3130 2559 3188 exsistere
2637 3130 2700 3189 in
2777 3133 2957 3192 nobis
3035 3132 3264 3207 solent,

2060 3300 2570 3361 DISSERTATIO.

1566 3457 1842 3520 [interprete
1868 3460 2013 3510 Petro
2036 3461 2257 3522 Possim,
2280 3459 2531 3511 societatis
2554 3462 2671 3511 Jesu
2700 3461 3009 3524 presbytero.

740 3780 963 3837 Fratres
997 3794 1049 3838 et
1083 3785 1289 3848 Patres,
1319 3784 1478 3839 debet
1506 3787 1803 3839 monachus
1836 3800 1955 3853 qum
1985 3784 2037 3839 in
2061 3785 2237 3839 anima
2278 3787 2319 3841 Β
2354 3785 2552 3840 tionem
2587 3788 2821 3855 patiens,
2862 3794 2921 3841 ut
2953 3788 3113 3840 vitam
3156 3785 3318 3840 etiam
3354 3796 3592 3843 recuset.
3621 3789 3774 3842 Alias
3830 3803 3928 3839 su-

670 3878 996 3947 contingunt
1028 3878 1373 3932 alterationes
1404 3878 1840 3946 mutationesque
1862 3918 1876 3941 ,
1915 3894 2021 3930 non
2062 3878 2241 3932 solum

673 3984 835 4023 nosse
876 3977 931 4022 et
976 3969 1314 4039 intelligere,
1367 3970 1457 4023 sed
1504 3970 1670 4023 etiam
1716 3984 1912 4024 causas
1968 3972 2243 4038 ipsarum,

668 4062 859 4125 quales
915 4060 1132 4114 tandem
1179 4061 1327 4125 sint,
1376 4060 1627 4126 undeque
1674 4060 1729 4114 in
1785 4060 1901 4128 ipso
1952 4061 2242 4114 exsistant.

669 4152 977 4220 Aliquando
1007 4153 1151 4204 enim
1184 4152 1365 4205 subita
1399 4153 1641 4204 exoritur
1669 4150 1863 4203 anima:
1896 4150 2101 4213 lmtitia,
2137 4150 2242 4203 ali-

666 4243 885 4313 quando
918 4244 1083 4298 simili
1116 4241 1277 4296 modo
1309 4243 1569 4296 mmstitia‘
1594 4240 1765 4311 ipsam
1803 4242 2010 4295 invadit
2038 4249 2092 4295 et
2119 4256 2242 4309 gra-

666 4334 803 4387 vedo
830 4332 1149 4387 vehemens.
1184 4333 1359 4401 Atque
1404 4332 1678 4386 interdum
1715 4333 1933 4399 quidem
1979 4331 2046 4385 ad
2088 4347 2239 4385 com-

665 4425 977 4492 punctionis
1011 4434 1214 4478 motum
1254 4440 1315 4476 ac
1366 4438 1586 4479 sensum
1662 4423 1917 4476 facillima
1990 4432 2071 4477 est
2106 4440 2121 4476 :
2156 4424 2237 4475 in-

667 4515 880 4569 terdum
910 4516 1260 4577 obcallescit',
1298 4524 1349 4567 ct
1402 4514 1468 4567 ad
1525 4514 1722 4583 lapidis
1769 4511 2025 4566 duritiem
2079 4514 2236 4581 riget.

663 4608 811 4661 Alias
843 4622 1035 4661 rursus
1072 4617 1354 4659 mansueta
1388 4614 1440 4658 et
1476 4606 1695 4658 humilis
1727 4613 1831 4670 est,
1860 4605 2095 4673 atpaulo
2118 4614 2239 4672 post

664 4715 794 4769 vaga
821 4707 1021 4759 mente,
1057 4698 1591 4766 cogitationibusque
1640 4697 1906 4763 diSpersis
1955 4707 2068 4749 tum
2125 4698 2235 4747 ira-

661 4792 839 4845 cunda
889 4799 942 4844 et
978 4791 1254 4843 rabiosuia
1321 4791 1385 4842 a-l
1450 4804 1641 4841 omnes
1692 4788 1918 4845 fratres.
1969 4787 2035 4840 Et
2087 4802 2233 4839 nune

660 4883 876 4950 quidem
911 4882 1143 4935 remissa
1176 4894 1239 4933 ac
1280 4879 1535 4947 languida
1574 4879 1632 4932 lit
1678 4878 1970 4947 segnisque
1987 4878 2051 4930 ad
2070 4892 2231 4931 omne

661 4987 803 5040 opus
836 4991 849 5026 :
886 4970 1022 5025 alias
1051 4985 1181 5024 vero
1207 4977 1529 5039 experrecta
1566 4980 1619 5023 et
1649 4968 1796 5038 vigil,
1830 4984 1894 5021 ac
1924 4968 1990 5022 ad
2012 4984 2227 5021 onmem

658 5061 1022 5116 obedientiam
1067 5068 1338 5129 prompta,
1376 5069 1432 5113 ut
1475 5061 1636 5113 etiam
1686 5060 2110 5114 circumstantes
2138 5070 2227 5112 aut

2352 3885 2457 3929 tem
2496 3878 2550 3930 in
2584 3888 2794 3931 tantum
2832 3892 2952 3932 sese
2981 3877 3214 3931 dilataus
3245 3877 3296 3929 iu
3327 3878 3443 3945 ipsa
3497 3881 3653 3944 quasi
3687 3881 3928 3933 exundat

2350 3969 2548 4023 lietitize
2582 3970 2686 4033 vis,
2721 3978 2780 4022 ut
2831 3968 3091 4023 cohibere
3143 3968 3377 4037 seipsam
3432 3980 3702 4038 nequeat,
3748 3987 3923 4041 quau-

2350 4061 2553 4113 tumvis
2582 4060 2633 4113 id
2662 4070 2917 4117 conetur.

2420 4149 2544 4204 llaec
2581 4161 2773 4204 natura
2805 4158 3180 4220 comparatum
3206 4160 3288 4205 est
3315 4152 3388 4203 ita
3422 4151 3537 4204 ﬁeri
3580 4154 3726 4205 circa
3760 4162 3924 4204 natu-

2346 4243 2489 4296 rales
2522 4243 2911 4297 innovatioues
2943 4244 3139 4297 animae
3172 4253 3225 4297 et
3249 4244 3515 4310 corporis,
3553 4247 3680 4296 ilum
3702 4260 3804 4297 nos
3825 4261 3923 4313 pm

2344 4335 2486 4387 vii-ili
2520 4337 2896 4389 contendimus
2925 4335 2979 4387 in
3016 4334 3283 4387 exercitio
3325 4334 3539 4387 virtutis
3580 4343 3635 4387 et
3692 4336 3917 4384 inauda-

2344 4437 2521 4479 torum
2551 4427 2958 4493 adimpletione.
2983 4424 3182 4479 Verum
3203 4424 3660 4493 quemadmodum
3686 4425 3740 4477 in
3772 4426 3917 4477 hunc

2344 4518 2562 4570 modum
2600 4518 2865 4571 alteratur
2900 4519 3105 4575 anima.
3138 4518 3211 4570 ita
3242 4524 3294 4570 et
3333 4532 3485 4571 meus
3516 4529 3700 4569 nostra
3733 4558 3748 4579 ,
3786 4532 3922 4569 (νοηθ-

2342 4608 2619 4675 similique
2669 4608 2783 4662 hare
2854 4623 2978 4663 eum
3030 4608 3118 4661 illa
3171 4607 3548 4661 vicissitudine
3591 4621 3656 4659 ac
3707 4609 3923 4662 ratione

2339 4707 2724 4751 commutatur.
2788 4697 2885 4753 Est
2918 4699 3063 4753 enim
3101 4696 3371 4751 interdum
3422 4708 3580 4751 acuta
3612 4698 3679 4750 ad
3713 4698 3922 4751 intelli-

2337 4782 2570 4851 geudum
2606 4801 2619 4835 :
2660 4784 2873 4837 acutior
2902 4793 2955 4838 et
2984 4786 3278 4837 micantior
3306 4784 3411 4837 illis
3440 4800 3561 4852 qua:
3597 4784 3915 4851 intelligen-

2338 4875 2409 4925 tia
2440 4883 2624 4927 versat
2655 4876 2797 4926 intra
2841 4889 2900 4927 se
2954 4873 3340 4942 percurrcndis
3393 4882 3448 4927 et
3487 4874 3869 4928 discernendis
3903 4915 3918 4935 ,

2333 4965 2606 5020 celeriter.
2630 4964 3035 5035 Nonnunquam
3072 4965 3137 5018 ad
3166 4974 3457 5034 utrumque
3476 4966 3619 5019 lenta
3646 4976 3700 5020 et
3725 4968 3915 5023 tarda.

2332 5061 2408 5111 Ae
2444 5059 2736 5128 aliquando
2766 5058 2989 5128 quidem
3019 5057 3207 5111 eadem
3239 5059 3385 5111 velut
3412 5073 3603 5112 amens
3640 5064 3707 5111 ‘ct
3759 5071 3915 5113 muta

659 5158 849 5210 obvios
878 5164 1136 5225 provocet
1167 5164 1221 5207 et
1248 5155 1403 5222 quasi
1434 5153 1684 5207 convicio
1715 5154 1918 5205 excitet
1968 5153 2033 5205 ad
2081 5164 2227 5206 recte
2256 5136 2297 5191 θ
2332 5150 2607 5219 surdaque
2648 5150 2731 5216 iit,
2756 5149 2896 5204 alias
2929 5149 3105 5203 solers
3135 5147 3353 5217 quidem
3381 5158 3437 5203 et
3459 5148 3691 5212 diserta,
3724 5159 3914 5203 atten-

659 5248 946 5318 agendum.
974 5248 1373 5315 Nonnunquam
1408 5261 1623 5299 rursum
1655 5246 1707 5298 iu
1740 5247 1976 5313 seipsam
2001 5246 2225 5298 collecta

656 5336 953 5400 ctdcvota,
992 5351 1113 5387 mox
1158 5339 1356 5403 passim
1404 5334 1602 5396 eil‘usa;
1661 5342 1774 5386 tum
1828 5335 2225 5388 subcontumax

654 5445 717 5483 ac
769 5429 1078 5500 impudens.
1131 5428 1532 5496 Nonnumquam
1582 5429 1824 5479 omnium
1884 5426 2142 5479 benevole
2175 5437 2226 5479 et

654 5536 779 5574 cum
816 5520 1507 5593 charitatereminiscens,
1543 5532 1745 5585 eosque
1796 5518 1860 5569 ad
1917 5531 1975 5569 se
2026 5531 2224 5583 prmio-

650 5627 785 5667 cans
820 5629 834 5665 :
870 5612 1004 5666 alias
1036 5626 1215 5680 neque
1244 5611 1361 5664 illos
1390 5654 1403 5675 ,
1439 5625 1615 5678 neque
1658 5609 1748 5675 qui
1791 5622 1975 5661 coram
2021 5609 2220 5662 adsunt

654 5703 851 5757 intueri
896 5704 1151 5758 sustinet.
1208 5701 1603 5770 Nonnunquam
1660 5700 1894 5768 denique
1959 5708 2216 5753 contrusa

654 5815 706 5850 ιη
738 5815 794 5851 se
830 5800 1003 5868 ipsam
1041 5796 1280 5865 undique
1331 5806 1385 5848 et
1416 5794 1568 5863 quasi
1599 5795 1648 5847 in
1686 5793 1949 5861 angustiis
1986 5792 2217 5848 sudoru-

2334 5252 2496 5309 taque
2553 5251 2607 5294 et
2652 5241 2932 5310 prudens,
2993 5241 3339 5309 expeditique
3391 5238 3651 5301 consilii,
3714 5253 3913 5291 rursus

2332 5331 2628 5399 aliquando
2652 5346 2818 5395 emca,
2850 5330 3144 5397 aliquando
3172 5331 3485 5400 perspicax,
3516 5328 3635 5382 acie
3671 5331 3816 5382 oculi
3843 5346 3912 5383 eo

2331 5439 2504 5493 usque
2542 5424 2652 5477 acri
2686 5439 2751 5478 ac
2779 5422 2980 5485 vivida,
3019 5431 3077 5475 ut
3114 5425 3277 5477 etiam
3332 5437 3504 5491 usque
3550 5422 3616 5474 ad
3672 5421 3912 5490 profui.-

2327 5518 2551 5571 ditatcm
2579 5516 3031 5583 altitudinemque
3060 5515 3440 5584 mysteriorum
3468 5515 3907 5581 contemplanda

2329 5618 2615 5679 penetret,
2655 5624 2792 5676 pene
2829 5608 2969 5661 ultra
3003 5620 3169 5675 quam
3219 5606 3507 5675 pervenire
3556 5604 3768 5657 homini
3824 5603 3911 5658 fas

2326 5712 2430 5766 est,
2463 5703 2605 5754 viam
2631 5701 2733 5755 sibi
2766 5715 2857 5766 per
2904 5701 3009 5751 vim
3060 5700 3352 5767 quamdam
3402 5697 3679 5765 aperiens.
3734 5695 3902 5749 Inter-

2326 5796 2453 5849 dum
2485 5789 2710 5862 simplex
2750 5801 2803 5845 et
2836 5790 2901 5843 ad
2933 5804 3149 5845 omnem
3183 5788 3651 5857 contemplationis
3693 5797 3903 5841 motum
