4182 6456
240 469 349 537 689

1552 474 1822 542 (ᾺΡῙΤΑ
1860 472 2224 544 MORHJA.

3389 483 3493 546 690

239 589 518 655 procincta
559 597 612 644 et
645 591 835 646 libera.
873 590 1147 662 Septaque
1191 591 1378 648 eadem
1421 609 1482 646 ac
1529 596 1580 646 in
1626 608 1684 647 se
1731 606 1814 646 re-
1846 587 1888 642 Α
1921 607 2027 660 quo
2055 596 2105 649 cl
2141 599 2311 654 semel
2342 601 2681 673 agglutinato
2733 599 3032 656 concrevit.
3069 597 3314 666 (Zujuslu
3340 610 3500 649 caeno

241 687 432 748 tlllCla,
463 697 693 751 seseque
724 698 912 738 coram
957 692 1298 740 ostentantes
1339 687 1605 741 malorum
1641 685 1818 739 illece-

240 768 368 824 bras
402 787 467 825 ne
499 773 784 828 attendens
815 775 1037 843 quidem
1072 786 1166 831 aut
1217 778 1380 830 ullam
1428 791 1615 831 earum
1667 779 1818 845 cogi—

237 866 502 916 tat'ouem
538 867 795 933 capiens;
847 867 927 920 sic
957 877 1214 938 tanquam
1236 884 1462 938 prorsus
1489 885 1596 923 non
1614 880 1818 922 essent.

240 955 523 1008 interdqu
563 973 692 1011 vero
722 960 1061 1027 voluptatmn
1092 962 1359 1031 imagines
1386 963 1564 1015 varias
1587 961 1819 1029 (ingens,

238 1061 468 1100 versans
502 1057 555 1101 et
586 1050 943 1117 reciprocans
978 1054 1190 1107 alterno
1224 1063 1384 1116 aestu,
1421 1068 1585 1120 seque
1614 1052 1668 1106 in
1700 1067 1821 1106 om-

238 1151 379 1204 nem
403 1141 657 1208 nequitiae
685 1142 921 1211 speciem
960 1142 1323 1209 induens,aut
1347 1143 1525 1211 potius
1562 1152 1820 1211 tanquam

241 1226 462 1284 ﬂamma
498 1231 552 1285 in
597 1233 903 1288 virentibus
935 1235 1094 1303 lignis
1125 1251 1152 1287 a
1183 1236 1354 1289 multo
1390 1235 1538 1289 iunio
1588 1234 1823 1289 sannca-

243 1322 454 1376 tionem
505 1327 798 1392 quamdam
847 1329 1100 1397 patiens.
1152 1344 1240 1383 res
1290 1330 1528 1384 maxime
1582 1330 1823 1386 nefarias

243 1414 393 1466 ultro
428 1415 757 1484 designans,
792 1435 898 1473 non
938 1421 1116 1474 solum
1170 1436 1276 1489 qua
1328 1421 1540 1490 objecta
1594 1424 1825 1477 invitant

239 1508 597 1561 occasionum
633 1511 1013 1577 prmsentium,
1048 1512 1142 1567 sed
1175 1513 1426 1568 absentia
1475 1514 1637 1568 etiam
1670 1530 1821 1582 quae-

241 1600 366 1650 dam
400 1603 585 1667 procul
617 1617 930 1673 accersens,
965 1605 1179 1674 sibique
1210 1606 1510 1661 admovens
1565 1607 1727 1660 stulta
1772 1617 1825 1661 et

242 1689 460 1748 fallacia
494 1696 596 1748 sibi
635 1698 686 1749 in
717 1713 774 1752 se
816 1698 932 1766 ipsa
967 1698 1240 1754 deformat
1286 1699 1425 1752 idola
1475 1699 1822 1753 mendacium

239 1785 654 1853 cogitationum.
684 1787 801 1855 Qua
843 1793 960 1846 vice
1017 1807 1199 1846 rerum
1255 1807 1370 1855 cor,
1418 1793 1544 1846 licet
1597 1792 1824 1846 multum

241 1894 468 1944 gemens
508 1889 563 1932 et
593 1882 876 1938 reluctans
906 1884 1174 1954 anxieque
1213 1895 1532 1942 contestans
1555 1927 1571 1951 ,
1627 1901 1826 1955 nequa-

241 1989 406 2036 quam
443 1989 502 2028 se
534 1976 908 2041 acquiescere.
943 1978 1075 2031 nihil
1109 1987 1288 2032 tamen
1317 1980 1530 2047 prolicit
1553 1980 1618 2032 ad
1636 1981 1826 2033 sedan-

240 2065 366 2115 dam
406 2074 807 2134 tempestatem,
844 2081 1192 2139 mentemque
1221 2072 1288 2124 ab
1317 2071 1528 2126 insanis
1575 2073 1825 2140 cogitatis

238 2156 644 2216 deduCendam.
697 2161 761 2213 Et
794 2162 908 2215 haec
946 2163 1167 2230 quidem
1224 2164 1491 2218 hactenus
1528 2164 1595 2218 de
1630 2165 1824 2219 altera-

241 2250 489 2304 tinnibus
523 2254 722 2308 mentis
751 2263 803 2308 et
830 2255 1223 2309 intellectualis
1272 2266 1472 2312 nostrce
1506 2257 1817 2327 divinaeque

242 2344 460 2398 animm.
487 2344 618 2410 Quae
658 2362 787 2401 vero
817 2348 1143 2416 contingunt
1171 2351 1317 2404 circa
1348 2364 1550 2419 corpus
1585 2351 1827 2417 inaequa-

243 2438 453 2503 litates,
486 2443 736 2504 quamvis
763 2440 827 2494 ad
862 2443 1284 2497 discernendum
1317 2442 1606 2509 notabiles,
1639 2444 1826 2513 cogni-

243 2540 416 2598 quue
441 2533 600 2588 nobis
657 2532 844 2589 faciles
891 2537 1199 2600 videantur,
1243 2552 1590 2606 nequaquam
1642 2548 1822 2594 tamen

242 2624 386 2676 tales
421 2633 572 2678 sunt.
612 2623 788 2693 llujus
825 2627 970 2680 enim
1004 2629 1179 2696 partis
1215 2629 1475 2697 pleraque
1510 2630 1688 2682 omnis
1716 2629 1828 2683 lere

245 2715 480 2769 mutatio
509 2732 536 2768 a
570 2727 760 2771 natura
785 2726 893 2772 est.
929 2718 1124 2773 Nostra
1156 2720 1362 2790 quippe
1410 2721 1593 2774 anima
1633 2721 1827 2774 immu-

245 2806 430 2861 tabilis
467 2818 664 2862 natura
696 2810 1118 2879 substantiaque
1170 2820 1275 2867 est.
1333 2810 1596 2866 Similiter
1643 2823 1824 2866 autem

242 2907 297 2949 et
335 2913 493 2952 mens
521 2900 710 2954 eodem
755 2903 914 2954 modo
945 2913 998 2955 ct
1051 2903 1369 2958 conditione
1408 2914 1617 2957 naturzc
1665 2904 1825 2959 simul

244 3006 371 3044 cum
404 2992 520 3058 ipsa
552 3007 578 3044 a
603 2993 864 3048 Creatore
888 2995 1056 3048 edita.
1096 2995 1221 3049 Sola
1284 3005 1511 3065 utraque
1570 2997 1824 3050 nimirum

245 3083 482 3136 arbitrio
511 3098 633 3138 sese
668 3101 889 3139 movens
925 3088 1148 3155 proprio
1175 3097 1225 3141 et
1259 3087 1431 3142 libero
1485 3089 1691 3155 impetu
1726 3104 1825 3142 vo-

246 3174 481 3227 luntatis
541 3163 801 3231 virttttetn
857 3178 1123 3232 vitiumve
1175 3181 1536 3249 participans.
1580 3180 1692 3236 Hoc
1746 3191 1826 3237 est

1921 686 2023 741 sibl
2080 689 2278 757 placet,
2331 691 2624 748 Immundai
2677 691 2792 746 suis
2837 691 3013 745 instar
3067 687 3323 744 obscenis
3379 699 3500 740 sese

1923 785 2135 851 gaudiis
2197 786 2523 856 immergere
2579 789 2936 859 volutare-que
2998 787 3260 859 gestiens.
3328 783 3500 839 Nemo

1925 877 2090 944 igitur
2122 879 2188 931 ad
2222 878 2333 932 lucc
2367 895 2395 932 a
2424 883 2643 950 proprio
2677 894 2909 950 corpore
2940 879 3216 949 impellise
3243 877 3501 947 trahique

1923 969 2198 1035 opinetur.
2240 970 2354 1024 Non
2390 972 2461 1025 ita
2499 980 2604 1026 est.
2637 974 2776 1038 Quid
2813 972 2982 1043 ergo?
3029 967 3316 1024 commoda
3350 983 3502 1023 men-

1925 1069 2032 1114 tem
2071 1070 2373 1126 attentam,
2423 1064 2578 1117 linxit
2628 1065 2771 1121 Deus
2825 1065 3103 1119 hominem
3134 1100 3150 1125 ,
3199 1063 3421 1131 pulvere
3473 1074 3503 1112 o

1926 1162 2068 1205 terra
2098 1163 2338 1222 sumpto.
2364 1155 2442 1209 En
2469 1170 2569 1225 ego
2601 1156 2695 1210 tibi
2725 1157 2935 1212 ostendi
2992 1170 3195 1224 corpus
3219 1195 3235 1218 ,
3269 1152 3500 1207 ostendo

1922 1244 2032 1311 jam
2068 1255 2122 1299 et
2155 1254 2209 1300 tu
2240 1248 2369 1300 mihi
2422 1263 2542 1317 quae
2581 1249 2886 1318 qualesque
2943 1247 3382 1318 perturbationes
3443 1259 3502 1296 ae.

1925 1338 2258 1406 cupiditates
2292 1338 2345 1393 in
2377 1340 2498 1408 ipso
2533 1342 2663 1403 sint,
2718 1339 2963 1408 profecto
3019 1337 3222 1391 nullam
3270 1335 3512 1390 deumn-

1927 1439 2102 1482 strare
2141 1438 2316 1500 potes.
2348 1430 2489 1496 Quid
2530 1433 2730 1486 deinde
2752 1432 2775 1485 ?
2801 1431 2865 1484 Et
2897 1431 3177 1500 insufﬂauit
3217 1430 3268 1482 in
3313 1429 3502 1498 faciem

1925 1519 2038 1586 ejus
2071 1518 2327 1574 Dominus
2370 1521 2506 1574 Deus
2537 1561 2551 1585 ,
2580 1534 2625 1576 et
2655 1523 2828 1591 (actus
2863 1530 2940 1576 est
2985 1523 3140 1574 homo
3168 1520 3223 1571 in
3272 1519 3504 1572 mtimam

1927 1613 2246 1679 virentem‘,
2284 1625 2337 1669 et
2371 1617 2610 1669 surrexit
2635 1630 2664 1671 c
2690 1625 2856 1680 terra,
2914 1624 2966 1669 et
3021 1612 3336 1668 ambulabat
3381 1612 3506 1679 _spi-

1929 1706 2038 1758 ritu
2075 1708 2287 1762 scilicet
2320 1708 2412 1777 qui
2440 1707 2553 1774 jam
2593 1708 2644 1761 in
2681 1709 2798 1777 ipso
2830 1717 2951 1763 erat
2982 1722 3079 1776 pro
3121 1713 3389 1777 potestate
3418 1720 3504 1756 ar-

1931 1799 2206 1868 bitrioque
2243 1817 2344 1853 suo
2385 1808 2640 1856 movente
2674 1815 2893 1869 corpus,
2934 1800 3107 1855 lomcs
3151 1813 3308 1860 vero.
3349 1795 3505 1850 inde-

1931 1890 2195 1946 liberatus
2217 1892 2655 1960 irrationalisque
2674 1902 2850 1947 motus
2877 1900 3212 1947 secretarum
3238 1891 3504 1959 partium:

1933 1983 2104 2047 furor,
2120 1985 2361 2053 inquam,
2386 1985 2473 2040 ille
2495 2000 2556 2039 ac
2576 1984 2744 2039 libido
2768 1997 3106 2054 nequaquam
3132 1982 3309 2037 adhuc
3328 1989 3506 2044 eran',

1928 2076 2022 2130 sed
2054 2077 2241 2131 eratin
2264 2077 2383 2144 ipso
2411 2077 2515 2130 vita
2543 2092 2773 2131 concors
2803 2076 2871 2129 ab
2896 2073 3172 2130 inti-stinis
3205 2074 3497 2137 tranquilla

1928 2167 2175 2222 dissidiis
2209 2175 2264 2223 et
2312 2167 2604 2222 individua!
2642 2167 3022 2222 consensionis
3054 2166 3352 2220 securitate
3383 2162 3505 2217 felix

1929 2267 2126 2313 status.
2161 2260 2452 2315 Videamus
2481 2260 2647 2330 igitur
2679 2274 2746 2314 ne
2779 2259 2919 2314 forte
2941 2274 3006 2313 eo
3051 2256 3194 2328 quod
3224 2272 3330 2311 non
3362 2264 3509 2312 esset

1931 2351 2144 2414 mulier,
2176 2359 2266 2404 aut
2291 2351 2425 2420 quia
2444 2367 2552 2406 non
2573 2360 2690 2406 erat
2724 2363 2922 2422 prazsto
2943 2350 3098 2418 copia
3128 2349 3378 2404 ciborum
3410 2362 3502 2401 sa-

1931 2444 2091 2497 livam
2121 2445 2479 2506 moventium,
2508 2442 2714 2496 idcirco
2738 2455 2916 2512 neque
2932 2441 2996 2496 ad
3019 2441 3302 2496 libidinem
3339 2451 3514 2512 neque

1930 2536 1994 2590 ad
2027 2535 2205 2605 gulam
2239 2537 2403 2590 homo
2441 2547 2776 2590 moveretur.
2815 2534 3044 2600 Quando
3088 2534 3256 2603 igitur
3305 2532 3510 2601 produ-

1931 2632 2008 2684 xit
2049 2629 2114 2684 de
2157 2631 2324 2684 Immo
2357 2629 2498 2684 Deus
2527 2629 2751 2683 arbores
2774 2643 2934 2682 onme
2959 2642 3131 2698 genus
3167 2626 3501 2680 fructiferas.

1931 2722 2203 2789 spcciosas
2233 2722 2375 2784 visu,
2397 2729 2615 2789 gustatu
2648 2717 2892 2774 suaves?
2923 2717 3152 2782 Quando
3179 2729 3309 2772 vero
3333 2715 3502 2768 Adam

1931 2822 1984 2866 et
2016 2812 2122 2866 Eva
2157 2813 2285 2866 nudi
2325 2813 2488 2865 simul
2545 2820 2701 2864 erant
2753 2812 2808 2865 in
2854 2809 3110 2877 paradiso
3167 2822 3267 2863 nec
3311 2807 3511 2862 erube-

1933 2904 2158 2956 sCebaiit
2190 2902 2258 2954 ’?
2315 2901 2477 2956 Vides
2516 2917 2694 2969 neque
2733 2900 2879 2970 quod
2933 2909 3078 2954 esset
3111 2899 3217 2953 Eva
3264 2896 3464 2952 femina
3495 2936 3508 2958 .

1932 3009 2030 3049 nec
2061 2996 2205 3063 quod
2238 2994 2420 3048 nudus
2453 3004 2680 3062 uterque
2710 2996 2878 3047 ullttm
2911 2995 3238 3062 cujusquam
3291 2990 3506 3044 illorum

1931 3092 2286 3144 continentia:
2315 3088 2665 3154 dispendium
2701 3103 2823 3141 esse
2847 3087 3113 3141 oblatum.
3159 3083 3262 3139 Sed
3317 3098 3511 3154 quanta

1934 3182 2063 3235 libet
2102 3183 2260 3242 nudi,
2296 3181 2465 3234 mutui
2503 3189 2683 3232 tactus
2737 3179 3071 3248 experientia
3115 3176 3398 3232 carebant.
3437 3175 3511 3226 Ac

244 3266 392 3336 quod
429 3269 551 3322 aliis
587 3272 764 3323 verbis
789 3271 893 3323 dici
921 3273 1080 3335 solet,
1113 3273 1252 3327 lucis
1295 3275 1425 3329 illas
1449 3284 1543 3328 aut
1568 3276 1824 3330 tcnebra-
1851 3269 1896 3332 C
1933 3289 2110 3340 neque
2137 3273 2244 3325 ulla
2282 3271 2694 3340 perturbatione
2729 3271 2954 3338 pudoris
2983 3309 2997 3331 ,
3041 3283 3216 3336 neque
3245 3265 3512 3321 naturalis

246 3375 369 3413 rum
406 3376 504 3430 pro
540 3363 768 3416 arbitrio
817 3365 1104 3420 electionis
1156 3382 1272 3421 sua:
1322 3368 1825 3437 participandurum

245 3454 614 3507 communiter
650 3455 700 3507 in
737 3470 898 3510 omne
953 3473 1128 3511 :cvum
1203 3458 1455 3513 dominas
1499 3469 1553 3514 ct
1602 3476 1828 3529 capact's

247 3563 312 3600 ac
343 3547 501 3614 quasi
550 3547 793 3602 haeredes
825 3550 1177 3604 constitutas.
1213 3551 1405 3605 Anima
1441 3591 1454 3613 .
1483 3554 1730 3620 inquam.
1777 3566 1830 3608 et

247 3655 406 3692 mens
431 3640 587 3692 alteri
623 3639 815 3693 horum
845 3679 859 3701 ,
911 3649 968 3693 ut
996 3642 1204 3695 dictum
1243 3653 1364 3707 est,
1406 3645 1634 3699 arbitrio
1681 3647 1829 3700 delc-

248 3738 371 3784 ctus
405 3737 459 3784 et
489 3729 794 3783 voluntaria
826 3731 1138 3787 adlunsione
1169 3733 1393 3791 allectus
1449 3736 1603 3791 liberi
1638 3737 1827 3805 allisa,

247 3822 291 3875 si
320 3820 540 3890 quidem
587 3823 770 3883 bono,
822 3823 980 3878 honre
1029 3822 1205 3888 llunt;
1255 3829 1340 3882 sin
1400 3836 1585 3882 autem
1640 3831 1782 3884 malo
1811 3870 1826 3892 .

250 3915 406 3967 mala:
431 3911 692 3967 evadunt.
723 3913 789 3966 At
819 3929 1026 3982 corpus
1058 3926 1109 3970 et
1143 3927 1337 3971 natura
1390 3921 1653 3976 nzutabile
1677 3961 1690 3983 .
1742 3933 1828 3975 ut-

252 4012 378 4070 pote
407 4003 771 4069 compositum
813 4012 865 4056 et
894 4005 1169 4059 subtantia
1199 4005 1441 4072 lituum,
1501 4020 1558 4061 ut
1591 4012 1732 4077 quod
1765 4026 1830 4066 ex

251 4097 484 4148 materia
517 4096 867 4162 corruptibili
902 4095 1153 4163 ﬂuxaque
1179 4108 1419 4161 constet,
1450 4102 1832 4156 commistione

253 4201 345 4244 aut
384 4190 894 4257 contemperatione
923 4186 1220 4240 conﬂatum
1255 4193 1656 4246 conitrariorum
1693 4194 1833 4246 invi-

251 4297 390 4334 cem.
431 4281 506 4333 Ex
535 4279 720 4332 calido
746 4279 1016 4347 siquidem
1052 4289 1103 4333 et
1138 4279 1356 4349 frigido,
1392 4289 1451 4334 ut
1482 4282 1667 4336 talium
1704 4299 1835 4338 con-

251 4375 378 4427 sulti
415 4389 538 4424 vere
572 4373 781 4435 dicunt,
824 4386 999 4438 exque
1028 4371 1176 4425 sicco
1230 4381 1395 4441 atque
1431 4374 1659 4428 humido
1703 4378 1834 4431 sub-

252 4467 452 4519 stantia
489 4465 608 4532 ejus
639 4475 744 4519 est.
776 4464 1043 4517 Cancrum
1083 4465 1260 4530 ipsum
1289 4479 1385 4534 per
1441 4469 1690 4536 seipsum
1724 4471 1832 4523 elc-

251 4559 431 4609 ctioue
471 4554 809 4620 arbitrioque
837 4568 1058 4606 cassum
1107 4561 1229 4616 est,
1288 4556 1397 4608 imo
1441 4557 1485 4609 si
1540 4559 1830 4614 dicendum

250 4661 327 4702 ρει
362 4688 375 4709 ,
421 4657 474 4700 et
526 4655 670 4698 motu
711 4663 724 4699 :

252 4740 454 4790 Ilnvum
491 4738 545 4790 in
603 4738 1018 4804 corruptionem
1079 4745 1287 4790 motmu
1341 4742 1667 4795 substantiae
1716 4745 1836 4811 ejus

255 4829 555 4880 naturalem
587 4827 880 4894 quemdam
909 4827 1128 4889 dixerit,
1161 4830 1266 4896 alui
1301 4829 1489 4898 utique
1535 4832 1832 4886 irrationa.

254 4923 316 4971 lis
343 4929 445 4973 cst.
484 4919 538 4970 Si
571 4929 750 4970 autem
788 4918 1143 4980 irrationalis.
1176 4929 1232 4973 et
1272 4921 1445 4989 Culpa:
1473 4938 1667 4990 espers
1690 4965 1702 4986 ,
1739 4938 1833 4976 ne-

251 5031 356 5078 que
397 5012 672 5065 obuoxius
709 5011 797 5063 Dei
838 5011 1066 5077 judicio.
1102 5011 1300 5066 Fomes
1351 5030 1480 5068 vero
1508 5057 1521 5075 ,
1573 5022 1836 5086 concupi-

251 5107 499 5166 scentia,
563 5103 731 5157 libido
761 5145 774 5168 ,
828 5104 1079 5171 voluptas
1107 5143 1121 5166 ,
1175 5106 1295 5172 gula
1325 5146 1339 5167 ,
1375 5107 1792 5177 intemperantia
1829 5161 1841 5181 ,

250 5197 652 5256 ειηιιιιοιριιιίλ,
709 5195 952 5258 desidia,
1017 5198 1178 5250 luxus
1227 5201 1459 5252 vestium
1513 5212 1564 5251 et
1640 5205 1838 5256 similia

255 5292 461 5351 omnia,
491 5304 613 5352 qmu
665 5289 911 5355 plerique
953 5289 1166 5357 corpori
1223 5291 1532 5356 imputant,
1583 5303 1837 5362 tauquam

255 5379 304 5430 id
333 5381 384 5430 in
414 5393 477 5431 ea
509 5378 736 5438 feratur,
771 5393 880 5431 non
900 5386 1026 5432 sunt
1057 5389 1234 5432 tamen
1257 5381 1378 5446 ejus
1404 5385 1621 5449 propria
1648 5403 1660 5444 ;
1689 5389 1834 5451 quod

253 5481 482 5537 apparet
514 5471 568 5522 in
596 5479 791 5534 morte,
838 5471 1059 5539 quando
1088 5483 1294 5525 remota
1348 5474 1527 5525 anima
1581 5477 1711 5529 nihil
1737 5478 1834 5529 bo-

255 5574 374 5611 rum
407 5576 616 5628 corpus
647 5562 876 5630 appetit.
910 5560 1120 5612 Animm
1159 5561 1324 5623 igitur
1352 5579 1446 5628 per
1474 5579 1676 5633 organa
1701 5583 1825 5619 cor--

254 5654 403 5719 poris
428 5653 517 5705 isti
558 5663 738 5705 motus
769 5665 920 5705 sunt.
960 5652 1082 5703 Ην(-
1119 5654 1208 5704 illa
1270 5656 1369 5704 sibi
1407 5656 1646 5720 indulget
1675 5699 1688 5718 ,
1721 5661 1833 5714 lucc

253 5744 458 5811 appetit
487 5742 710 5794 deiinita
746 5744 1152 5798 necessitudine
1188 5745 1467 5795 Iutulenta-
1519 5753 1702 5803 (‘nt'ttis
1759 5769 1820 5804 «ιχ

329 5925 342 5954 ⁸
379 5922 506 5976 Gen.
560 5938 618 5984 ll,
648 5922 695 5974 ἶ,

776 5931 790 5954 ³
824 5924 950 5986 Ηιὶά,
987 5926 1066 5979 ἐξ).
1153 5928 1169 5956 ³
1203 5931 1337 5982 Utilt.
1376 5946 1438 5985 ιν.
1484 5933 1523 5982 Ι,

774 4646 881 4700 nisi
922 4647 967 4699 si
1011 4647 1136 4714 quis
1190 4647 1560 4702 cadueitatem
1609 4651 1727 4717 ejus
1778 4660 1831 4705 et
1865 4620 1911 4677 υ

1934 3363 2259 3430 corporibus
2320 3359 2616 3429 pruriginis
2693 3360 2917 3412 stimulo
2997 3358 3371 3412 tcntabantur.
3447 3355 3516 3406 At

1934 3463 2053 3522 post
2087 3459 2370 3521 peccatum
2396 3462 2448 3506 ct
2471 3452 2991 3519 transgressionem,
3031 3448 3222 3518 ejectis
3246 3448 3515 3501 ambobus

1931 3561 1960 3599 e
1995 3544 2271 3612 paradiso,
2309 3543 2528 3612 Dcoque
2563 3542 2804 3606 nudatis,
2840 3543 3134 3609 divinaque
3163 3539 3284 3609 ejus
3305 3539 3513 3593 exclusi

1934 3638 2125 3704 gloria,
2161 3645 2273 3689 tum
2312 3636 2551 3700 demum,
2600 3644 2659 3687 ut
2704 3634 2970 3703 scriptum
3027 3640 3112 3688 cst
3145 3632 3163 3663 '
3192 3672 3206 3696 ,
3261 3633 3516 3700 cognovit

1938 3730 2110 3783 Adam
2147 3744 2372 3781 uxorem
2407 3743 2562 3781 suam
2591 3742 2710 3796 qua:
2743 3725 2998 3795 concepit
3052 3733 3107 3781 et
3153 3726 3381 3795 peperit.
3410 3724 3514 3794 lgi-

1936 3830 2043 3882 tur,
2079 3820 2426 3881 cbarissime,
2459 3819 2503 3872 si
2544 3816 2709 3871 Deum
2736 3818 2949 3871 sincere
2998 3814 3268 3870 amaveris
3314 3821 3368 3867 ct
3418 3822 3472 3865 tu
3500 3853 3515 3876 ,

1935 3922 1989 3966 et
2031 3912 2084 3966 in
2115 3909 2236 3979 ejus
2263 3910 2558 3964 dilectione
2597 3908 2888 3967 manseris.
2920 3906 3072 3961 nulla
3125 3905 3224 3960 tibi
3275 3920 3515 3974 unquam

1937 4005 2272 4074 perturbatio
2302 4003 2699 4064 dominabitur,
2734 4015 2834 4055 nee
2859 4008 2911 4056 te
2939 4001 3042 4057 sub
3069 3999 3332 4054 ditionem
3361 4013 3515 4053 suam

1936 4111 2212 4164 corporeae
2246 4097 2591 4150 necessitatis
2652 4093 2905 4163 tyrannis
2938 4106 3178 4160 unquam
3228 4092 3335 4146 ulla
3373 4091 3515 4145 redi-

1937 4201 2046 4259 get.
2077 4186 2546 4254 Quemadmodum
2580 4185 2726 4239 enim
2781 4184 2848 4237 ad
2885 4185 3019 4239 nihil
3063 4196 3262 4253 corpus
3310 4184 3512 4236 moveri

1940 4291 2117 4349 potest
2148 4281 2265 4334 sine
2295 4279 2474 4332 anima
2510 4293 2529 4334 :
2565 4278 2643 4331 sic
2673 4292 2850 4346 neque
2885 4278 2989 4331 Deo
3024 4277 3176 4331 unita
3229 4289 3330 4345 per
3386 4275 3520 4327 cha-

1940 4373 2154 4426 ritatem
2188 4372 2368 4424 anima
2405 4371 2532 4424 inde
2563 4371 2761 4423 abduci
2795 4369 2900 4422 ulla
2942 4367 2994 4423 vi
3023 4375 3202 4437 potest
3240 4370 3305 4422 ad
3360 4368 3515 4421 volu-

1943 4473 2116 4533 ptates
2150 4463 2556 4532 cupiditatesve
2585 4475 2903 4529 corporeas.
2945 4461 3048 4516 Sed
3089 4476 3263 4530 neque
3292 4463 3354 4513 ad
3385 4461 3518 4514 alias

1941 4557 2423 4624 concupiscentias
2446 4556 2674 4623 quasvis
2701 4554 2998 4607 visibilium
3033 4565 3120 4605 aut
3155 4553 3515 4606 invisibilium

1941 4665 2118 4702 rermu
2148 4657 2239 4701 aut
2273 4649 2555 4709 vitiorum,
2600 4655 2816 4702 tenetur
2874 4647 3018 4701 enim
3067 4645 3324 4700 astrictus
3377 4645 3518 4698 dulci

1939 4740 2028 4791 Dii
2064 4739 2329 4792 cbaritate
2359 4739 2594 4807 impetus
2650 4738 2834 4791 cordis
2857 4737 2998 4806 ejus.
3034 4736 3128 4790 Illa
3166 4736 3332 4805 igitur
3355 4733 3518 4790 Crea-

1939 4832 2094 4890 toris,
2136 4841 2195 4884 ut
2221 4831 2425 4883 dictmu
2466 4837 2574 4890 est,
2606 4828 2692 4882 sui
2722 4829 3007 4898 complexu
3041 4828 3340 4882 constricta
3370 4866 3385 4890 ,
3423 4842 3522 4896 age.

1939 4938 2044 4988 qua
2084 4922 2304 4974 tandem
2347 4921 2562 4973 ratione
2588 4927 2756 4989 queat
2792 4921 3042 4985 corporei
3073 4919 3275 4973 lomitis
3305 4918 3519 4973 ﬂamma

1940 5015 2163 5082 corripi,
2196 5021 2289 5066 aut
2326 5013 2553 5065 omnino
2608 5011 2894 5080 cupidinis
2949 5011 3115 5064 ullius
3163 5013 3400 5065 carnalis
3445 5012 3521 5064 ai-

1949 5108 2107 5159 [ιη-ιιιὶ
2143 5107 2458 5174 mancipare
2513 5119 2842 5159 consensum
2907 5118 3112 5167 suum,
3167 5104 3317 5157 nullo
3374 5113 3522 5156 certe

1946 5198 2126 5255 modo.
2163 5199 2318 5261 Quod
2357 5212 2486 5250 vero
2526 5199 2860 5249 nmtationes
2904 5196 3025 5251 illas
3071 5195 3264 5250 attinet
3303 5209 3424 5264 qum
3454 5210 3517 5247 es

1945 5291 2175 5343 naturali
2234 5289 2552 5343 conditione
2607 5289 2858 5356 corporis
2919 5286 3238 5342 necessario
3293 5287 3346 5340 in
3402 5287 3520 5356 ipso

1943 5386 2338 5444 exsistunt,e.e
2371 5394 2503 5432 sane
2544 5379 2850 5432 manifesta:
2900 5390 3067 5443 sont,
3116 5379 3318 5432 cadunt
3373 5380 3518 5432 enim

1942 5491 2097 5543 :eqtte
2133 5476 2185 5525 in
2257 5488 2447 5526 omnes
2497 5472 2656 5524 etiam
2734 5480 2988 5534 sanctos,
3047 5469 3340 5539 aliquando
3373 5470 3516 5522 enim

1943 5570 2077 5620 bene
2111 5567 2290 5619 valere
2318 5566 2524 5618 dicitur
2549 5577 2673 5615 cum
2711 5563 2900 5630 prima!
2930 5561 3224 5630 qualitates
3271 5561 3519 5614 inducias

1938 5667 2123 5716 neunt,
2157 5655 2450 5724 aliquando
2479 5657 2529 5706 in
2564 5655 2810 5706 umrbum
2849 5655 2990 5706 trahi
3021 5692 3033 5714 .
3068 5654 3285 5722 quoties
3341 5667 3512 5705 unum

1937 5751 2227 5819 quodpiam
2279 5763 2340 5798 cx
2397 5752 2632 5813 quatuor
2676 5745 2963 5797 elementis
3014 5751 3107 5796 aut
3174 5756 3514 5802 exsuperas
