4182 6456
718 412 820 477 691

1955 414 2331 476 SYMEONIS
2368 415 2733 479 JUNIORIS

3868 424 3975 488 692

717 531 1075 590 abundaverit
1109 572 1121 592 ,
1156 541 1248 585 aut
1290 531 1559 586 inﬁrmius
1588 535 1641 587 iu
1674 534 1923 590 minores
1972 552 2134 607 quam
2165 553 2289 607 pro-
2317 539 2358 596 Α
2390 554 2498 607 que
2549 542 2672 611 ipso
2727 553 2884 613 aptas
2933 554 2985 599 et
3044 562 3342 617 snspensas
3393 548 3709 603 habeamus.
3775 548 3974 603 Verum

718 623 896 693 portio
931 623 1346 692 temperamenti
1385 626 1636 693 requirit,
1668 624 1753 678 sui
1810 626 1983 696 ipsius
2034 631 2289 700 reliquias

717 714 1001 780 defecerit,
1042 715 1186 785 quod
1223 716 1483 771 nimirum
1508 728 1602 790 aut
1656 721 1832 788 ipsum
1881 736 2046 789 supra
2093 732 2289 777 cauera

716 808 1114 880 praivaluerit:
1167 818 1261 862 aut
1292 809 1425 879 ipsis
1458 811 1510 864 iu
1573 827 1633 867 sc
1685 814 2093 885 insurgentibus
2155 818 2292 873 resi«

715 902 916 957 stendo
940 902 1118 971 impar
1146 904 1519 959 succubuerit.
1550 906 1629 960 Ex
1659 908 1859 977 quibus
1895 909 2291 967 destillationes

716 994 1094 1062 lluxionesque
1145 995 1433 1059 exsistunt,
1485 1005 1539 1050 et
1592 1010 1962 1054 extremarum
2013 1002 2287 1056 interdum

717 1078 953 1153 partium
1018 1086 1441 1141 resecandarum
1503 1091 1802 1147 necessitas
1852 1110 1865 1147 :
1913 1103 1967 1149 et
2036 1095 2290 1151 videlicet

715 1177 967 1231 animalis
1006 1178 1283 1232 interdum
1317 1181 1485 1234 totius
1536 1184 1814 1252 corruptio
1842 1226 1855 1247 ,
1895 1187 2029 1240 nihil
2085 1203 2145 1242 ex
2206 1189 2289 1243 his

680 1314 683 1315 ν
716 1270 1028 1329 detrimenti
1065 1271 1320 1341 capiente
1356 1284 1545 1327 nostra
1580 1275 1788 1330 anima.
1832 1277 2103 1343 Quoniam
2171 1283 2290 1349 ple-

718 1374 884 1427 raque
917 1360 1111 1414 borum
1139 1378 1203 1415 ex
1242 1364 1661 1432 intemperantia
1696 1368 1800 1421 cibi
1848 1379 2115 1438 potusque
2164 1386 2289 1440 pro.

718 1456 946 1509 veniunt
980 1474 993 1510 :
1028 1472 1328 1527 eorumque
1363 1474 1427 1514 ex
1463 1462 1729 1533 indigesta
1757 1505 1772 1528 ,
1831 1466 2081 1535 maleque
2126 1469 2285 1523 mista

717 1561 771 1602 et
804 1559 1060 1619 congesta
1086 1552 1267 1620 capia.
1324 1552 1576 1618 Quaedam
1630 1568 1807 1610 tamen
1860 1569 2039 1612 ortum
2093 1563 2289 1617 habent

670 1718 674 1723 θ
712 1651 791 1693 ev-
816 1647 1097 1691 ventorum
1131 1642 1433 1697 mutatione
1479 1653 1639 1712 atque
1671 1648 1857 1711 aeris',
1905 1666 2015 1718 quo
2040 1692 2055 1717 ,
2099 1664 2290 1722 utpote

719 1738 911 1785 natura
951 1732 1163 1801 frigido,
1199 1734 1367 1801 frigus
1430 1740 1757 1807 sapiuscule
1807 1744 2147 1815 concipiente
2203 1764 2291 1802 so-

718 1823 1051 1897 litomajos,
1086 1845 1205 1895 (μιιν
1252 1829 1550 1899 frigidioris
1600 1844 1807 1889 natura:
1860 1850 1984 1891 sunt
2037 1840 2284 1894 imbecil-

720 1917 855 1970 liora
884 1920 1094 1972 scilicet
1130 1922 1284 1974 liunt.
1315 1924 1448 1989 Quae
1481 1941 1607 1979 vero
1653 1929 1814 1982 calidi
1868 1937 2283 2000 temperamenti
2315 1898 2361 1957 Β

718 2019 868 2073 sunt,
919 2014 1229 2069 robustiora
1278 2018 1676 2086 vegetior-aque.
1730 2020 1865 2075 Cum
1921 2040 2050 2078 vero
2097 2042 2287 2081 rursus

720 2100 931 2157 fervore
963 2104 1351 2160 vehementiori
1381 2124 1476 2162 aer
1529 2110 1896 2178 incanduerit,
1930 2114 2124 2185 frigida
2165 2120 2287 2185 qni-

718 2193 839 2247 tlem
871 2194 1190 2249 refoventur
1226 2208 1278 2250 et
1309 2198 1468 2266 quasi
1500 2201 1831 2255 reviviscunt
1868 2222 1883 2258 :
1936 2212 1994 2258 ut
2039 2206 2288 2262 videmus

718 2287 784 2340 ad
815 2287 982 2341 solem
1016 2304 1236 2344 muscas
1267 2332 1280 2354 ,
1316 2300 1370 2345 et
1396 2293 1446 2344 id
1475 2309 1645 2361 genus
1681 2295 1887 2350 insecta
1917 2336 1929 2357 ,
1965 2300 2147 2367 vigere
2189 2315 2287 2354 vo-

718 2380 985 2449 litarcqne
1013 2382 1164 2435 vitali
1196 2392 1382 2451 tepore
1407 2385 1721 2439 collustrata
1750 2394 1803 2441 et
1838 2388 2058 2443 confota
2114 2392 2291 2446 radio-

720 2484 839 2526 rum
871 2474 1010 2540 ejus,
1050 2474 1279 2528 valentia
1305 2476 1414 2544 jam
1442 2488 1496 2530 ct
1540 2487 1763 2531 strenua
1812 2480 1879 2534 ad
1928 2497 2145 2537 onmem
2197 2501 2291 2539 ex-

718 2566 882 2635 pediti
916 2574 1097 2621 motus
1134 2567 1337 2622 micare
1373 2566 1705 2623 facultatem.
1758 2570 1959 2631 Contra
2016 2590 2142 2629 vero
2169 2593 2289 2646 qua:

718 2657 1041 2711 ealidiorem
1073 2658 1481 2713 concretionem
1537 2662 1737 2715 habent
1792 2680 2023 2733 prorsus
2074 2666 2290 2721 inllam~

718 2759 941 2803 tuantur
977 2758 1032 2804 ct
1067 2750 1356 2819 liquefacta
1390 2754 1737 2808 resolvuntur
1764 2772 1778 2809 :
1801 2768 1965 2827 atque
1988 2759 2053 2812 ad
2073 2776 2287 2816 omnem

718 2841 987 2893 actionem
1016 2854 1077 2892 ac
1112 2848 1316 2893 motum
1362 2845 1563 2911 pariter
1594 2845 1863 2901 imbecilla
1905 2847 2041 2902 ﬁunt
2071 2859 2127 2905 et
2173 2852 2289 2906 lan-

718 2928 1196 3005 guida.‘Adeoquc
1228 2932 1282 2983 in
1321 2934 1634 2988 universum
1668 2952 2006 3006 unaquaeque
2038 2940 2288 3006 resjnxta

720 3022 1134 3090 proportionem
1180 3026 1594 3093 temperamenti
1647 3028 1851 3097 proprii
1900 3029 1953 3083 in
2005 3033 2183 3096 aeris,
2238 3042 2293 3088 et

717 3122 1008 3168 ventorum
1045 3118 1345 3172 mutatione
1376 3158 1390 3178 .
1425 3119 1781 3173 mutationem
1831 3122 2085 3191 suscipit.
2114 3122 2291 3179 Caete-

2399 635 2682 688 enimvcro
2714 651 2821 690 non
2856 638 2970 693 hate
2996 653 3182 693 omnes
3213 640 3537 709 intelligunt.
3576 640 3679 696 Sed
3704 642 3974 695 animales

2397 726 2614 795 quidem
2674 729 3031 785 alterationes
3091 746 3155 785 ac
3197 731 3530 788 mutationes
3580 736 3831 803 corporis
3880 736 3974 802 qui

2398 820 2616 889 paulum
2647 820 2786 874 ultra
2830 822 3092 892 principia
3118 823 3479 894 aliquousque
3543 824 3598 878 in
3632 828 3855 879 virtutis
3887 824 3974 877 via

2398 927 2810 991 processerunt,
2858 931 2955 985 per
3007 925 3192 986 partes
3241 918 3433 974 horum
3489 921 3671 989 aliqua
3737 921 3975 991 quisque

2397 1007 2643 1061 sentiunt
2676 990 2698 1060 τ’
2730 1018 2893 1076 prout
2940 1009 3149 1064 scilicet
3210 1009 3265 1063 in
3327 1012 3460 1079 ipsis
3523 1012 3638 1066 fieri
3685 990 3972 1082 quidpiam

2398 1098 2705 1168 contigerit.
2749 1100 2819 1153 De
2853 1101 2918 1156 iis
2952 1102 3100 1156 enim
3148 1103 3244 1172 qui
3289 1105 3385 1157 toti
3434 1105 3613 1158 adhuc
3646 1106 3698 1158 in
3733 1108 3975 1160 tenebris

2391 1186 2597 1252 jacent,
2632 1189 2816 1243 nullus
2856 1190 3015 1246 nobis
3044 1205 3247 1247 sermo.
3278 1192 3609 1249 Mutationes
3639 1206 3824 1250 autem
3856 1214 3975 1266 qna.-

2397 1278 2454 1333 in
2494 1287 2675 1335 mente
2726 1282 3024 1348 exsistunt,
3062 1296 3117 1335 ut
3156 1284 3415 1346 diximus.
3468 1292 3522 1338 et
3557 1287 3973 1341 vicissitudines

2398 1372 2500 1425 Soli
2556 1375 3027 1440 perturbationum
3076 1376 3313 1430 victores
3353 1377 3687 1447 perfectique
3714 1389 3768 1434 et
3804 1383 3923 1449 puri
3955 1420 3971 1447 ,

2397 1466 2663 1533 expeditae
2692 1467 2838 1520 vitiis
2869 1468 3065 1522 anima:
3098 1479 3152 1520 et
3198 1468 3504 1524 libertatem
3557 1474 3755 1526 virtute
3797 1484 3972 1527 nactze

2399 1570 2710 1628 perspec:as
2746 1560 2956 1615 scilicet
2993 1560 3308 1616 habuerint.
3341 1562 3528 1633 Neque
3560 1565 3610 1619 id
3646 1565 3752 1633 ipsi
3784 1580 3852 1620 ex
3887 1580 3967 1629 se,

2398 1652 2490 1705 sed
2526 1652 2644 1719 ejus
2677 1654 2841 1723 cuius
2873 1664 3024 1717 sunt,
3055 1656 3258 1724 quique
3308 1656 3431 1710 iHos
3480 1664 3539 1708 ut
3586 1671 3718 1709 suos
3766 1667 3967 1719 curat,

2399 1742 2742 1796 institutione
2767 1744 2940 1803 docti.
2972 1745 3378 1815 Nonnunquam
3423 1747 3694 1815 siquidem
3741 1764 3807 1802 ex
3840 1750 3971 1802 inte.

2396 1834 2758 1904 qualitatibus
2785 1850 2906 1903 ane
2940 1836 3168 1889 subinde
3201 1848 3379 1891 mente
3403 1856 3431 1888 n
3466 1840 3821 1909 iuterpolant,
3856 1841 3972 1893 ani-

2390 1943 2475 1982 ma
2511 1936 2820 1983 coarctatur
2856 1938 3156 1998 mmstaque
3197 1931 3256 1984 tit
3280 1971 3295 1993 ,
3345 1931 3599 1986 aﬂluente
3646 1933 3811 2000 paulo
3846 1942 3971 1985 ante

2388 2020 2589 2089 gaudio
2616 2030 2839 2089 repente
2867 2022 3115 2075 multata.
3143 2020 3529 2077 Verumtamen
3556 2023 3759 2078 virtute
3786 2033 3966 2087 utens,

2389 2121 2757 2183 conatumque
2798 2114 3111 2179 intendens,
3146 2114 3398 2183 emergit,
3429 2122 3483 2169 et
3510 2124 3747 2169 mentem
3779 2116 3962 2185 erigit.

2395 2203 2524 2260 Vice
2564 2221 2719 2261 versa
2751 2220 3146 2276 nonnunquam
3183 2223 3248 2261 ex
3284 2208 3352 2262 iis
3378 2222 3500 2276 quae
3526 2210 3732 2278 patitur
3761 2209 3968 2270 anima,

2390 2306 2719 2366 propagatur
2776 2300 3088 2368 compassio
3134 2300 3187 2351 in
3249 2308 3508 2364 mentem,
3559 2314 3682 2368 qua:
3741 2310 3796 2353 et
3846 2300 3963 2366 ipsa

2391 2404 2556 2443 sensu
2592 2390 2893 2445 involvitur
2928 2392 3192 2444 malorum
3227 2391 3367 2458 ejus,
3397 2400 3451 2446 et
3496 2399 3654 2445 nocte
3680 2392 3970 2460 ingruente

2391 2480 2554 2533 veluti
2594 2495 2877 2549 oppressa,
2915 2482 3146 2537 subesse
3183 2481 3401 2550 quidem
3432 2484 3673 2537 tenebris
3699 2485 3961 2553 cogitur:

2393 2585 2498 2624 non
2526 2571 2827 2639 acquiescit
2855 2581 3060 2642 tamen,
3097 2571 3192 2627 sed
3221 2572 3397 2627 lucem
3428 2572 3509 2627 vel
3538 2574 3798 2629 amissam
3821 2577 3968 2629 omni

2393 2661 2443 2713 vi
2470 2663 2683 2730 quaerit,
2714 2662 2798 2714 vel
2825 2662 3133 2717 elabentem
3167 2671 3401 2716 retentat
3427 2662 3703 2717 mordicus
3731 2682 3745 2715 :
3773 2679 3842 2717 ex
3865 2679 3970 2731 qua

2393 2753 2668 2808 interdum
2697 2754 2894 2808 victrix
2922 2755 3243 2810 auxiliarem
3270 2770 3490 2824 quoque
3521 2754 3734 2808 radium
3770 2756 3823 2808 in
3854 2757 3971 2809 ani-

2393 2858 2536 2897 mam
2579 2845 2767 2897 mittit.
2803 2824 2953 2900 Alias
2972 2859 3037 2898 ex
3075 2844 3323 2910 inaequali
3359 2860 3553 2898 rursus
3576 2844 3961 2899 vicissitudine

2396 2936 2728 2991 habitudiuis
2753 2938 2997 3004 corporis
3022 2945 3261 3005 utraque
3289 2944 3543 3001 vexatur,
3567 2948 3621 2991 et
3648 2938 3813 3007 quasi
3843 2938 3973 2993 snh-

2391 3021 2651 3091 jugantur
2696 3023 2845 3091 gravi
2902 3023 3212 3093 tyrannide.
3259 3023 3666 3094 Nonnunquam
3727 3026 3971 3080 obsessa:

2396 3114 2521 3168 licet
2554 3114 2874 3184 circumque
2910 3125 3238 3185 oppugnatae
3282 3118 3544 3180 exterius,
3590 3117 3716 3172 belli
3747 3118 3970 3187 quidem

723 3217 841 3258 rum
868 3216 1070 3275 praeter
1106 3212 1219 3264 lucc
1247 3227 1368 3281 qua:
1406 3212 1643 3267 diximus
1674 3214 1778 3267 alia
1823 3224 1907 3269 cst
1957 3218 2120 3271 etiam
2173 3219 2293 3272 ani-

2399 3208 2553 3275 quasi
2583 3206 2856 3276 fragorem
2896 3207 3150 3272 audiunt,
3175 3217 3233 3263 et
3257 3208 3400 3263 facili
3436 3224 3600 3263 sensu
3632 3210 3969 3280 repulsoque

722 3299 985 3352 mantium
1020 3303 1237 3371 propria
1283 3308 1535 3365 mutatio,
1569 3320 1689 3374 quae
1722 3306 1801 3359 vel
1838 3322 1902 3361 ex
1949 3309 2131 3362 cibatu
2197 3325 2291 3378 pn-

724 3398 894 3459 tuqne
934 3393 1128 3459 nimio,
1161 3395 1246 3448 vel
1276 3412 1339 3449 ex
1367 3396 1576 3466 jejunio
1607 3413 1822 3452 summo
1840 3401 2069 3456 exsistit.
2106 3396 2292 3471 Neque

723 3478 837 3535 haec
858 3483 1057 3549 solum,
1083 3483 1175 3537 sed
1206 3485 1369 3539 etiam
1401 3502 1466 3541 ex
1504 3489 1675 3542 multo
1738 3503 1932 3543 somno
1975 3500 2067 3544 aut
2122 3492 2290 3545 inulta

724 3572 921 3641 vigilia.
954 3575 1234 3630 exlabore
1290 3585 1381 3629 aut
1424 3577 1631 3631 desidia
1689 3594 1952 3648 corporea
2008 3582 2066 3635 lit
2122 3584 2288 3637 etiam

724 3666 828 3717 alia
860 3665 1107 3734 qna-dam
1139 3670 1371 3722 mutatio
1398 3669 1447 3720 in
1477 3670 1657 3722 nobis.
1690 3670 1806 3723 Alia
1846 3686 2040 3726 rursus
2090 3688 2153 3726 ex
2208 3674 2292 3725 iu-

722 3758 1025 3812 cvsistentc
1081 3761 1294 3829 corpori
1335 3762 1562 3814 materia
1626 3770 1680 3817 et
1724 3764 1952 3816 naturali
2016 3765 2070 3817 in
2136 3764 2294 3819 nobis

723 3848 897 3901 calido
919 3862 1189 3904 cammoto
1218 3854 1433 3905 exs'stit
1463 3853 1629 3906 motio
1668 3854 2009 3921 cvaporantis
2071 3870 2289 3909 sursum

727 3940 924 3994 fumosi
972 3941 1252 4006 incendii,
1301 3952 1355 3996 ut
1407 3943 1462 3996 fit
1508 3960 1629 3997 cum
1694 3959 1832 4010 aqua
1886 3960 2050 4013 super
2097 3947 2291 4014 injecta

726 4047 913 4097 pruna:
940 4035 1195 4088 ardentrs
1218 4039 1665 4103 exstinguuntur,
1693 4037 1785 4105 qui
1811 4052 1975 4103 vapor
1999 4036 2292 4105 aliquando

726 4125 778 4176 in
803 4124 979 4177 solum
1012 4133 1200 4193 caput,
1237 4125 1533 4193 aliquando
1561 4134 1671 4179 toto
1699 4141 1925 4195 torpore
1954 4125 2289 4181 diﬂ‘nuditur.

725 4218 901 4285 Super
942 4214 1061 4268 haec
1096 4217 1277 4269 onmia
1319 4232 1447 4269 vero
1480 4257 1493 4281 ,
1518 4217 1621 4269 alia
1649 4232 1841 4271 rursus
1886 4229 2007 4280 est,
2059 4221 2293 4287 permis-

724 4307 877 4359 sioue
905 4306 1028 4359 boui
1054 4308 1227 4359 nostri
1268 4305 1356 4360 Dei
1392 4316 1445 4360 ct
1484 4306 1744 4371 Domini,
1784 4310 2045 4377 ingruens
2084 4311 2137 4363 in
2193 4326 2293 4365 nos

724 4414 754 4450 a
786 4397 1124 4451 daemonibus
1155 4398 1219 4450 ad
1246 4399 1609 4454 eruditionem
1663 4411 1717 4455 et
1762 4400 2057 4455 salutarem
2108 4417 2294 4457 corre-

724 4494 1260 4554 rtionetn,teutatio.
1319 4492 1507 4557 Qualis
1542 4509 1670 4546 vera
1715 4494 1829 4546 haec.
1875 4504 1999 4559 est;
2054 4495 2293 4565 gravedo

2398 3298 2791 3368 defringantur,
2842 3300 2996 3356 salvo
3052 3300 3199 3356 intus
3248 3310 3391 3355 statu
3441 3305 3610 3357 beata:
3659 3305 3833 3372 pacis.
3867 3320 3972 3369 qua

2399 3391 2636 3461 gaudent
2686 3392 2899 3446 interim
2949 3393 3004 3446 in
3060 3395 3207 3447 sinu.
3258 3395 3406 3449 Alias
3446 3409 3597 3447 versa
3637 3396 3756 3447 vice
3814 3395 3975 3448 civile

2400 3484 2837 3552 perturbatorum
2870 3483 3163 3538 affectuum
3196 3486 3397 3539 bellum
3440 3494 3497 3540 et
3541 3484 3844 3540 seditiosus
3886 3498 3973 3540 tn-

2399 3576 2605 3630 multus
2637 3575 2739 3630 fert
2766 3586 2931 3644 atque
2959 3577 3070 3645 agit
3101 3579 3247 3632 intus
3275 3578 3483 3641 omnia,
3511 3579 3687 3632 tristie
3720 3578 3861 3633 facie
3891 3595 3977 3633 re-

2399 3686 2519 3723 rum
2552 3679 2606 3723 et
2655 3670 2951 3724 miserabili
3008 3670 3216 3735 labore,
3271 3680 3331 3723 ut
3380 3685 3556 3739 neque
3596 3671 3684 3725 illa
3732 3683 3974 3725 extrema

2402 3761 2619 3827 patienti
2669 3776 2790 3829 spes
2831 3769 3003 3814 restet
3058 3761 3477 3830 tranquillitatis
3520 3777 3846 3816 reversum.
3884 3763 3976 3816 Sic

2402 3855 2501 3907 ista
2535 3869 2657 3909 sese
2691 3853 2926 3907 invicem
2963 3853 3245 3914 infestant,
3276 3854 3405 3907 dum
3439 3862 3493 3907 et
3520 3854 3699 3905 anima
3734 3864 3788 3907 et
3822 3870 3975 3909 mens

2400 3961 2428 3997 a
2461 3960 2716 4012 corpore,
2744 3954 2798 3999 et
2830 3960 2983 3998 meus
3015 3943 3085 3999 ab
3116 3945 3299 3998 anima
3354 3958 3545 3997 rursus
3586 3943 3702 4011 ipsa
3745 3960 3757 3992 :
3797 3946 3978 3997 anima

2402 4053 2526 4092 vero
2560 4038 2795 4091 vicissim
2829 4052 2858 4090 a
2890 4046 3069 4090 mente
3094 4044 3144 4089 et
3176 4050 3407 4101 corpore
3439 4035 3849 4088 incommodum
3880 4050 3973 4087 ac-

2400 4128 2549 4196 cipit.
2581 4125 2766 4195 Neque
2800 4141 2927 4179 vero
2954 4124 3236 4179 individuo
3265 4138 3481 4191 semper
3510 4124 3710 4187 anima,
3739 4133 3795 4176 ct
3825 4140 3981 4178 mens

2401 4218 2710 4279 turbantur,
2745 4233 2933 4271 verum
2969 4232 3034 4271 ex
3067 4217 3153 4271 bis
3177 4219 3509 4285 quandoque
3532 4219 3711 4269 anima
3745 4221 3860 4271 sola
3888 4234 3981 4286 pa-

2402 4311 2559 4371 titur,
2594 4320 2771 4362 mente
2813 4310 2984 4378 ipsam
3017 4310 3175 4378 quasi
3215 4326 3312 4379 pro
3338 4311 3516 4364 cilicio
3546 4314 3819 4366 naturalis
3843 4314 3980 4365 ami-

2401 4402 2544 4454 ciliaa
2595 4401 2941 4456 consolante.
3003 4401 3317 4467 Aliquando
3371 4418 3527 4454 mens
3566 4414 3881 4455 excmratur
3926 4414 3978 4452 et

2403 4494 2674 4553 obruitur,
2708 4493 2834 4543 dum
2863 4492 3045 4545 anima
3077 4494 3245 4546 libera
3280 4509 3611 4559 permanens
3642 4495 3846 4546 virtute
3878 4496 3975 4545 di-

724 4586 840 4653 ipsa
877 4585 1121 4652 corporis
1143 4595 1196 4637 ct
1231 4600 1293 4637 ex
1333 4588 1565 4638 mavime
1598 4587 1947 4640 terrestribus
1997 4602 2061 4640 ac
2095 4588 2296 4642 crassis
2329 4590 2370 4643 D
2398 4584 2506 4636 vini
2553 4583 2696 4652 ignis
2741 4582 2912 4650 abigit
2940 4581 3253 4651 caliginem,
3287 4591 3340 4634 ct
3372 4582 3547 4634 velum
3581 4582 3745 4643 tollit,
3774 4584 3978 4635 \‘isttttt-

724 4677 845 4743 ejus
899 4676 1110 4731 lecibus
1162 4678 1467 4732 lentescens
1526 4691 1715 4746 torpor
1763 4681 2018 4733 tristititc.
2074 4678 2301 4745 Quando

723 4768 887 4821 etiam
948 4768 1066 4822 sine
1123 4784 1264 4822 nova
1309 4777 1607 4837 apparcnte
1654 4784 1819 4823 causa
1882 4772 1934 4823 in
1992 4787 2202 4840 pmnam
2236 4773 2302 4825 ti-

726 4859 1013 4911 tillationis
1074 4859 1238 4912 unius
1293 4874 1444 4912 vana:
1518 4860 1801 4927 gloriohe,
1866 4862 1955 4913 cui
2025 4859 2163 4913 forte
2219 4861 2302 4912 in-

726 4949 1057 5003 dulserimus
1118 4964 1451 5004 consensmn
1505 4958 1598 5003 aut
1643 4951 2151 5005 delcctatiuncnlam
2205 4968 2300 5005 vo-

726 5040 1018 5091 luntariam
1063 5081 1077 5103 ,
1145 5049 1239 5093 aut
1298 5040 1444 5109 quod
1504 5039 1559 5093 in
1632 5042 1942 5108 superbiam
2016 5041 2143 5094 elati
2228 5041 2302 5094 si-

728 5144 899 5195 mus,
963 5131 1219 5200 quodque
1272 5134 1335 5184 de
1386 5132 1506 5186 aliis
1574 5140 1777 5185 latnt-re
1842 5131 2102 5195 judicium
2162 5146 2301 5201 pra:-

726 5224 1270 5293 t-ipitaverintns,qui
1296 5225 1586 5278 multorum
1614 5225 1959 5288 quotidianus
1986 5235 2069 5276 est
2095 5226 2298 5291 lapsus,

729 5313 811 5366 vel
837 5313 975 5366 alias
1002 5315 1202 5367 multas
1235 5314 1306 5367 ob
1330 5329 1529 5367 causas
1560 5315 1649 5367 isti
1672 5315 1901 5367 tlzemoni
1930 5314 2301 5367 condonamur

730 5406 782 5455 in
820 5404 1103 5457 interitum
1128 5406 1348 5472 quidem
1382 5406 1589 5465 carnis.
1613 5406 1999 5459 eontritioneut
2038 5405 2302 5457 veroani-

740 5512 859 5559 mar,
890 5498 1396 5566 probationetuque,
1425 5508 1479 5551 ct
1504 5498 1956 5552 exercitationem
1984 5498 2299 5566 ampliorem

728 5587 868 5650 ejus,
902 5599 1012 5640 ttun
1045 5598 1104 5642 ut
1132 5600 1289 5658 capto
1324 5591 1536 5645 interim
1584 5592 1959 5659 experimento
1987 5591 2301 5646 misericor-

733 5679 976 5732 dissizuze
1005 5682 1402 5749 eutnpassiunis
1429 5680 1519 5735 Dei
1550 5697 1676 5749 erga
1704 5698 1802 5735 nos
1829 5692 2001 5734 totum
2038 5683 2089 5735 in
2125 5684 2298 5752 ipsum

733 5785 798 5820 es
841 5769 1055 5821 sintera
1089 5772 1476 5839 pra'paraaionc
1510 5772 1673 5825 animi
1712 5772 2107 5827 transferamus
2139 5790 2294 5827 amo-

744 5873 877 5924 tetn,
910 5860 1286 5932 dcsidctiaquc
1318 5864 1497 5918 omnia
1526 5872 1579 5918 ct
1612 5879 1733 5933 spes
1770 5864 1821 5916 in
1862 5870 1977 5932 ipso
2011 5866 2161 5932 lixas,
2204 5884 2297 5919 cx-

2404 4692 2508 4741 qtte
2564 4675 2728 4727 menti
2771 4672 3033 4727 restituit.
3084 4673 3373 4741 Propterea
3432 4674 3568 4735 disi,
3606 4688 3640 4725 ο
3684 4672 3878 4727 Patres
3928 4684 3978 4723 et

2404 4765 2644 4829 Fratres,
2685 4774 2939 4833 oportere
2971 4780 3079 4817 non
3120 4764 3299 4818 solum
3332 4772 3488 4816 notas
3514 4778 3637 4816 esse
3689 4766 3851 4817 nol-.is
3880 4779 3966 4815 va-

2405 4859 2625 4911 rietates
2668 4857 3126 4923 mutationesque.
3174 4869 3238 4907 ac
3282 4855 3599 4921 contingere
3680 4855 3873 4907 solitas
3924 4855 3975 4905 in

2405 4948 2564 5001 nobis
2596 4947 2987 5009 alterationcs;
3019 4945 3112 4999 sed
3142 4946 3284 4999 scire
3329 4945 3494 4999 etiam
3526 4957 3795 5014 prieterea
3833 4946 3975 4997 unde

2404 5040 2535 5105 ipsa!
2586 5047 2639 5090 et
2690 5037 2963 5104 quomodo
2999 5048 3053 5089 et
3094 5052 3122 5089 a
3157 5037 3357 5104 quibus
3406 5038 3709 5105 qualcsjue
3758 5038 3969 5103 spirent

2403 5130 2794 5198 cogitationum
2828 5129 3002 5191 venti;
3040 5138 3095 5183 et
3124 5145 3191 5183 ex
3222 5129 3427 5197 quibus
3468 5128 3712 5183 fontibus
3755 5130 3975 5181 clllziaut

2403 5234 2563 5290 atque
2590 5224 2867 5274 exundent
2899 5220 3121 5273 flutnina
3163 5222 3633 5288 perturbatiomtm
3716 5221 3971 5273 tentatio-

2405 5331 2666 5377 numque,
2697 5324 2753 5365 ut
2793 5322 2847 5365 et
2890 5313 3114 5365 domum
3163 5314 3360 5365 anima:
3402 5313 3861 5367 constabiliamns
3906 5312 3968 5364 all

2405 5406 2716 5458 ﬁrmitatem
2753 5404 3058 5458 resistendo
3088 5418 3293 5471 parem,
3326 5411 3379 5455 et
3409 5402 3839 5471 gubernaculum
3877 5417 3972 5454 na—

2402 5498 2483 5549 vis
2528 5508 2723 5549 nustrte
2757 5495 3051 5563 dirigamus
3095 5492 3345 5554 fclititer,
3386 5509 3494 5545 non
3536 5503 3721 5544 autem
3777 5492 3966 5545 inscite

2405 5590 2704 5658 ignaveque
2739 5595 3058 5639 tractemus.
3116 5584 3319 5636 Horum
3367 5594 3547 5636 autem
3597 5584 3969 5649 cognitionen

2405 5696 2535 5735 usus
2564 5680 2814 5733 assiduus
2842 5687 2894 5730 et
2924 5676 3255 5743 experientia
3284 5678 3455 5739 longa:
3475 5675 3599 5727 vit'c
3624 5675 3966 5742 suppeditat,

2406 5788 2527 5827 cum
2562 5771 2842 5825 exacrioue
2882 5770 3005 5822 vita:
3038 5768 3173 5821 intra
3208 5769 3474 5820 invidiane
3513 5765 3819 5834 άὶςυῑυιίιιςιε
3864 5767 3961 5816 oh-

2409 5864 2766 5919 scrvationcnt
2802 5872 2989 5917 sancte
3018 5869 3326 5915 transactse.
3355 5860 3495 5915 Sane
3533 5874 3673 5928 opus
3707 5869 3787 5912 est
3819 5858 3959 5927 quis-
