4182 6456
171 413 275 474 709

1083 413 1460 474 APPENDIX
1503 412 1599 470 AD
1639 409 2043 470 SYMEONEM
2079 407 2492 472 JUNIOREM.

3284 407 3392 469 ἨΟ

170 535 322 587 ματα
356 521 454 590 τῆς
481 520 653 590 ψυχῆς
691 523 756 575 vi
801 523 891 576 τὸν
924 523 1126 595 θεωρῇ,
1165 531 1255 580 καὶ
1285 529 1351 582 vi:
1382 529 1746 601 προσεύχεται
1771 527 1804 580 Α
1827 524 1916 576 καὶ
1951 523 2203 592 δεύτερος
2243 524 2443 594 τρόπος
2473 524 2560 576 ὁὲν
2593 522 2934 594 προκόπτων
2965 525 3054 577 τὸν
3079 523 3386 594 ἄνθρωπον.

166 609 430 682 καΰαρῶς
462 613 520 665 ὲν
554 613 781 686 ἀληθείᾳ
813 615 994 680 καθὼς
1035 621 1256 688 πρέπει.

233 785 384 857 Πλὴν
414 787 477 840 τὺ
508 789 572 843 vi
607 790 778 863 βλέπῃ
808 795 889 855 είς
918 796 1009 848 τὸν
1039 797 1290 868 οὐρανὸν,
1338 801 1506 856 πολλὰ
1537 803 1744 874 ὀλίγαις

161 883 362 949 φοραῖς
403 882 606 952 πρέπει
637 883 702 936 νᾶ
725 884 784 937 τὸ
817 886 955 957 χάνῃ
999 887 1088 941 διὰ
1130 890 1221 943 τὸν
1252 891 1416 960 φόϐον
1444 893 1552 948 τῶν
1581 913 1743 967 πονη-

162 971 276 1040 ρῶν
313 979 647 1042 πνευμάτων
681 976 820 1030 ὀποῦ
865 979 1156 1034 κατοικοῦν
1195 984 1276 1044 είς
1315 983 1405 1037 τὸν
1448 985 1609 1056 ἀέρα,
1651 989 1744 1040 καὶ

160 1061 248 1114 διὰ
277 1062 438 1115 τοῦτο
468 1064 821 1134 ὀνομάζονται
857 1071 1073 1139 ὲναέρια
1125 1073 1412 1140 πνεύματα
1435 1115 1449 1140 ,
1485 1079 1552 1131 τὰ
1584 1077 1744 1132 ὁποῖα

163 1151 462 1220 προξενοῖιν
507 1157 729 1218 πολλαῖς
776 1159 869 1212 καὶ
915 1160 1206 1233 διάφοραις
1256 1165 1485 1232 πλάναις
1533 1170 1613 1232 εἰς
1655 1170 1744 1222 τὸν

162 1245 326 1314 ἀέρα·
369 1248 462 1299 καὶ
502 1249 702 1318 πρέπει
748 1249 813 1304 νὰ
869 1254 1250 1325 προσέχωμεν.
1318 1257 1539 1331 Ἐπειδὴ
1587 1260 1746 1313 τοῦτο

166 1338 381 1406 μοναχᾶ
417 1337 570 1402 ζητεῖ
597 1342 626 1394 ὁ
651 1341 782 1405 θεὸς
811 1343 918 1396 ἀπὸ
947 1346 1117 1414 ἡμᾶς,
1148 1346 1211 1400 τὸ
1244 1347 1312 1402 vi
1350 1344 1489 1402 εἶναι
1517 1351 1746 1421 καθαρι-

165 1428 344 1498 σμὲνη
385 1431 417 1499 ή
454 1432 647 1502 καρδία
686 1451 792 1501 ρας
825 1435 892 1504 μὲ
931 1437 1030 1506 τὴν
1061 1437 1289 1506 φύλαξιν
1324 1440 1416 1493 καὶ
1446 1441 1740 1512 προσοχὴν.

163 1521 279 1573 Καὶ
317 1521 518 1586 ἀνίσως
548 1525 582 1595 ὴ
618 1524 742 1594 ῥίζα
768 1521 907 1579 εἶναι
930 1529 1082 1596 ἀγέα,
1113 1529 1295 1592 καθὼς
1327 1532 1473 1599 λέγει
1505 1535 1533 1586 ὁ
1574 1533 1740 1586 Ἀπό-

165 1613 378 1677 στολος,
407 1617 641 1687 φανερὸν
665 1613 820 1684 εἶναι,
849 1621 967 1684 πῶς
991 1621 1085 1675 καὶ
1117 1622 1167 1676 οί
1191 1623 1374 1676 κλάδοι
1403 1622 1544 1677 εἶναι
1571 1624 1736 1694 ἅγιοι,

168 1706 271 1764 καὶ
300 1707 330 1760 ὁ
373 1707 602 1776 καρπός.
649 1710 832 1780 Χωρὶς
861 1712 918 1764 δὲ
952 1711 1043 1764 τὸν
1088 1713 1290 1782 τρόπον
1320 1713 1455 1766 ὀποῦ
1487 1714 1738 1784 εἴπαμεν,

1824 615 1974 666 Διατὶ
2001 615 2181 677 καθὼς
2213 616 2340 668 ὅταν
2384 614 2626 685 θέλωμεν
2671 618 2735 669 vi
2765 615 3043 684 κτίσωμεν
3070 617 3169 670 ἕνα
3202 618 3389 686 σπῆτι,

1823 702 1911 756 δὲν
1941 703 2172 772 βάνομεν
2210 703 2427 772 πρῶτον
2451 703 2548 772 τὴν
2581 704 2810 774 σκέπην,
2840 705 2932 757 καὶ
2961 703 3165 775 ὕστερα
3198 705 3259 758 τὸ
3300 713 3389 758 υε-

1827 795 2029 864 μέλιον,
2082 795 2223 849 διατι
2270 795 2427 848 τοῦτο
2475 790 2616 847 εἶναι
2663 795 2944 850 ἀδύνατονο
2993 795 3128 849 ἀλλὰ
3173 796 3387 867 πρῶτον

1827 889 2059 958 βάνομεν
2081 888 2142 941 τὸ
2169 887 2436 958 Οεμὲλιον,
2472 888 2564 940 καὶ
2591 886 2792 958 ὕστερα
2822 887 3080 958 κτίζομεν
3115 885 3176 940 τὺ
3201 889 3386 958 σπῆτι,

1825 979 1920 1033 καὶ
1963 978 2085 1031 τότε
2136 978 2369 1048 βάνομεν
2411 979 2505 1030 καὶ
2535 978 2633 1046 τὴν
2677 981 2908 1046 σκέπην·
2940 978 3053 1042 ἐτζι
3103 978 3395 1048 πρέπεινὰ

1826 1069 2094 1140 κάμωμεν
2119 1068 2215 1121 καὶ
2233 1069 2309 1130 εἰς
2327 1070 2394 1122 τὰ
2410 1067 2784 1138 πνευματικά*
2813 1066 3026 1138 πρῶτον
3055 1069 3121 1119 να
3147 1068 3395 1137 βάλωμεν

1827 1160 2101 1228 Θεμέλιον,
2144 1159 2314 1228 ἧγουν
2345 1159 2411 1212 να
2445 1160 2769 1228 φυλάξωμεν
2797 1159 2899 1228 τὴν
2925 1159 3174 1228 καρδίαν,
3208 1161 3300 1212 καὶ
3331 1158 3397 1210 νὰ

1827 1249 2309 1318 ὀλιγωστεύσωμεν
2352 1249 2460 1302 ἀπὸ
2497 1250 2664 1318 αὐτὴν
2687 1251 2753 1302 τὰ
2783 1250 2950 1318 πὰοη,
2980 1252 3074 1301 καὶ
3101 1247 3304 1318 ὕστερα
3333 1249 3397 1301 νὰ

1829 1342 2102 1412 κτίσωμεν
2128 1342 2188 1396 τὸ
2227 1342 2596 1412 πνευματικὸν
2617 1344 2798 1410 σπῆτι·
2836 1342 3002 1409 ἠγουν
3035 1340 3100 1393 vi
3120 1340 3400 1408 διώξωμεν

1828 1434 1926 1502 τὴν
1949 1433 2190 1504 ταραχὴν
2220 1433 2326 1486 τῶν
2362 1433 2614 1504 πονηρῶν
2643 1434 2968 1503 πνευμάτων
2997 1432 3132 1484 ὀποῦ
3168 1433 3274 1502 μᾶς
3303 1447 3401 1484 πο-

1828 1524 2028 1594 λεμοῦν
2061 1525 2128 1594 μὲ
2153 1528 2267 1586 ταῖς
2299 1524 2556 1596 αἴσθησες
2578 1541 2592 1556 ο
2623 1525 2716 1578 καὶ
2741 1526 2806 1578 vi
2836 1523 3124 1594 φεύγωμεν
3164 1524 3228 1575 τὸ
3255 1523 3402 1590 ὀγλι-

1829 1615 2135 1686 γωρότερον
2173 1616 2263 1668 τὸν
2289 1616 2524 1685 πόλεμον
2550 1615 2751 1678 αὐτῶν,
2782 1616 2875 1669 καὶ
2895 1616 3015 1668 τότε
3045 1613 3112 1668 νὰ
3153 1613 3402 1684 βάνωμεν

1831 1708 1926 1761 καὶ
1951 1707 2048 1779 τὴν
2077 1708 2310 1779 σκέπηνο
2343 1707 2511 1778 ηγουν
2537 1707 2604 1760 va
2629 1706 3022 1777 ἀναχωροῦμεν
3045 1707 3267 1768 τελείως
3297 1705 3406 1758 ἀπὸ

158 1799 351 1861 ὅποιος
381 1799 652 1867 ἀσηκὼνει
679 1798 744 1850 τὰ
777 1797 944 1866 μάτιά
972 1815 1067 1852 του
1111 1801 1205 1853 καὶ
1248 1803 1337 1854 τὸν
1373 1801 1498 1856 νοῦν
1533 1820 1626 1857 του
1653 1805 1734 1868 εἰς
1831 1798 1927 1853 ὅλα
1959 1798 2027 1852 τὰ
2057 1801 2378 1870 πράγματα,
2421 1800 2518 1854 καὶ
2547 1798 2613 1854 νὰ
2642 1798 3012 1868 εἰρηνεύωμεν
3053 1797 3234 1860 καθὼς
3267 1797 3405 1868 πρέ·

158 1892 255 1943 τὸν
287 1890 538 1957 οὐρανὸν,
571 1891 665 1942 καὶ
689 1889 832 1943 ϐέλει
861 1893 925 1944 vi
960 1893 1288 1960 φαντάζεται
1319 1896 1518 1949 κᾶποια
1546 1899 1733 1966 νοητὰ,
1768 1873 1805 1926 Β
1834 1906 1944 1950 πει.
1980 1891 2072 1945 καὶ
2110 1893 2177 1945 vi
2204 1891 2478 1961 διδὼμεθα
2520 1890 2658 1954 ὅλως
2684 1889 2859 1943 διόλου
2891 1890 2969 1951 εἰς
2999 1886 3090 1940 τδν
3115 1887 3267 1940 Θεὸνσ
3298 1887 3406 1940 Καὶ

160 1981 331 2042 αὐτὸς
357 1981 658 2047 φαντασίας
685 1979 867 2050 βλέπει
900 1984 992 2034 καὶ
1019 1982 1252 2051 ψεύτικα
1285 1983 1608 2055 πράγματα,
1641 1985 1736 2038 καὶ
1833 1980 1947 2043 ἕτζι
1986 1980 2343 2049 τελειὼνομεν
2381 1982 2443 2034 τὸ
2491 1980 2860 2052 πνευματικὸν
2900 1979 3066 2048 σπῆτι
3093 1981 3152 2032 ὲν
3183 1978 3406 2049 Χριστῷ

158 2069 246 2136 δχι
281 2067 535 2138 ἀληθινὰ,
593 2069 661 2138 μὲ
705 2070 767 2122 τὸ
812 2069 880 2122 vi
918 2067 1059 2124 εἶναι
1107 2071 1418 2142 ἀκάθαρτος
1461 2075 1492 2145 ή
1538 2075 1733 2146 καρδία
1846 2070 2019 2141 Ἰησοῦ
2059 2071 2136 2142 τῷ
2170 2073 2356 2144 Κυρίῳ
2403 2073 2579 2144 ἡμῶν·
2683 2076 2716 2143 ἡ
2758 2071 2886 2137 δόξα
2911 2073 2988 2136 είς
3036 2071 3163 2136 τοὺς
3203 2070 3407 2134 αἰῶνας

157 2175 276 2213 του.
314 2161 422 2213 Καὶ
461 2160 640 2225 καθὼς
669 2163 904 2230 είπαμεν
941 2164 1162 2224 πολλαῖς
1192 2168 1416 2234 φοραῖς,
1449 2168 1478 2219 ὁ
1520 2167 1735 2237 πρῶτος
1834 2161 1939 2214 τῶν
1965 2162 2192 2218 αἰώνων.
2232 2165 2426 2236 Ἀμήν.

177 2459 3395 2502 M
925 2494 963 2502 ._
1007 2494 1280 2502 __________
1303 2497 1323 2502 _.
1344 2470 2371 2502 _.,,'

1731 2502 1784 2506 ——
1799 2501 2095 2510 w—-.—__.__.
2121 2504 2274 2510 -..ν-..-
2293 2507 2306 2510 αν
2321 2505 2532 2512 -—-___—.
2553 2507 2714 2514 .—-—--..

1396 2675 2160 2796 APPENDIX.

263 3123 1142 3295 SCIIOLASTICI
1219 3122 1916 3292 CUJUSDAM
1997 3120 2656 3292 lllALllGUS
2733 3123 2906 3290 DE
2988 3125 3290 3304 0E0,

1205 3455 1305 3515 AD
1373 3451 1788 3514 SYMEONEM
1850 3451 2358 3516 THEOLOGUM.

233 3776 662 3832 larsnaocnto.
714 3777 854 3842 Quid
903 3786 1020 3831 erat
1063 3781 1117 3830 in
1167 3778 1395 3841 mundo,
1451 3787 1736 3844 antequam
1769 3775 1811 3835 C
1848 3785 1951 3836 quc
1985 3785 2226 3839 prmscns
2256 3771 2346 3832 sit,
2377 3768 2834 3840 quemadmodum
2863 3762 3163 3826 allirmasti,
3201 3763 3268 3816 ab
3297 3777 3414 3814 om-

165 3868 490 3924 exsisteret?
1847 3865 2008 3918 uibus
2041 3872 2221 3918 tamen
2254 3863 2596 3931 sejungitur?

237 3956 565 4016 Rasroxsm.
623 3959 788 4020 Deus,
847 3961 1021 4028 ipsius
1072 3957 1252 4011 mumli
1293 3972 1488 4028 parens
1519 3966 1572 4012 et
1605 3972 1736 4012 con-

172 4050 333 4107 ditor.
1126 4100 1130 4103 .

237 4141 350 4195 lar.
386 4141 524 4194 Cum
555 4141 793 4194 nomium
825 4151 1064 4197 exstaret
1086 4142 1342 4210 mundus,
1381 4156 1490 4212 quo
1521 4142 1734 4196 tandem

168 4242 324 4302 pacto
358 4234 412 4287 in
452 4233 651 4287 mundo
684 4235 844 4288 erat?

238 4324 383 4379 Riese
435 4325 705 4391 Quoniam
740 4329 995 4389 mundus.
1023 4329 1185 4382 etiam
1217 4331 1532 4399 priusquam
1562 4329 1732 4393 liet'et,

171 4420 222 4472 iu
255 4419 364 4474 Deo
395 4421 556 4487 plane
601 4427 860 4488 tanquam
903 4419 1078 4475 factus
1115 4424 1286 4476 inerat
1321 4437 1334 4474 :
1379 4423 1735 4490 quemadmo-

170 4511 293 4564 dum
326 4511 578 4564 hmnines
609 4525 846 4579 qucque,
881 4514 1107 4566 necdum
1138 4513 1188 4566 iu
1228 4515 1363 4568 hanc
1395 4515 1569 4569 lucem
1599 4516 1732 4579 nati,

172 4616 226 4656 ιιι
254 4606 369 4671 jam
405 4603 516 4656 nati
549 4604 688 4671 apud
728 4602 895 4657 Deum
928 4614 1075 4660 sunt.
1101 4606 1293 4660 Omnia
1325 4607 1542 4676 quippe.
1573 4608 1735 4662 etiam

173 4700 410 4751 nuudum
447 4705 751 4766 procreata,
789 4698 840 4750 in
870 4714 925 4751 se
955 4699 1072 4767 ipso
1095 4701 1401 4765 constituit,
1433 4701 1534 4755 etsi
1570 4702 1619 4755 id
1654 4702 1737 4754 iu-

172 4792 482 4857 telligentim
515 4798 715 4844 nostra!
747 4791 1168 4845 imbecillitatem
1209 4791 1451 4860 ell'ugiat.

239 4883 352 4936 lsr.
386 4881 440 4936 Si
506 4882 665 4950 igitur
716 4885 770 4936 in
819 4885 1022 4937 mundo
1064 4896 1182 4937 erat
1230 4885 1400 4948 licus,
1447 4896 1732 4952 antequam

174 4977 428 5029 mundum
463 4975 771 5039 aulilicaret,
808 4986 863 5027 ttt
898 4975 1000 5034 ais.
1034 4977 1162 5045 quid
1190 4993 1254 5029 eo
1284 4978 1480 5030 factum
1510 4987 1612 5038 est,
1644 4979 1732 5030 ubi

172 5068 315 5121 illum
360 5067 660 5136 produxit?
691 5067 830 5123 Nunt
857 5068 926 5122 ab
957 5084 1020 5121 eo
1055 5068 1316 5134 secessit;
1357 5084 1425 5123 an
1455 5068 1635 5123 adhuc
1679 5069 1732 5124 in

170 5171 233 5210 eo
264 5158 486 5211 manet?

237 5247 405 5303 Ras».
453 5246 602 5302 Loco
655 5249 873 5318 quidem
926 5264 956 5303 a
1003 5251 1278 5305 creaturis
1329 5253 1446 5308 suis
1494 5253 1732 5322 ipsarqu

173 5351 380 5395 creator
411 5341 552 5395 Dens
578 5352 864 5410 separatus
895 5358 1005 5396 non
1032 5354 1134 5398 est.
1157 5344 1275 5408 Quo
1301 5346 1445 5398 enim
1470 5361 1527 5398 se
1558 5355 1736 5399 trans-

174 5433 355 5495 ferret,
390 5448 598 5501 qmeso,
624 5434 713 5501 qni
748 5435 948 5502 ubique
977 5451 1222 5504 praesens
1250 5437 1422 5500 adest,
1458 5447 1510 5491 et
1535 5437 1734 5492 divini-

174 5530 279 5576 tate
324 5538 424 5577 Sita
484 5523 669 5590 implet
708 5525 988 5589 universa,
1019 5538 1343 5595 naturaque,
1376 5537 1430 5582 et
1475 5531 1732 5592 essentia,

174 5623 225 5666 et
254 5614 638 5673 subsistentia,
671 5614 999 5683 eazterisqne
1036 5615 1465 5684 proprietatibus
1519 5630 1734 5669 omnem

175 5717 421 5757 naturam
459 5705 734 5758 conditam
783 5708 1018 5769 excedit.
1063 5709 1132 5760 ab
1163 5722 1334 5774 caque
1384 5709 1651 5762 immenso
1683 5716 1738 5762 et

176 5793 630 5861 ἱιιεοιιιρτειιοηεο
660 5793 979 5848 discrimine.
1007 5796 1331 5848 secernitur.

250 5884 359 5938 lsr.
401 5885 517 5950 Qua
551 5886 785 5949 ratione,
818 5901 943 5940 eum
974 5887 1093 5940 loco
1126 5903 1230 5942 non
1263 5889 1446 5950 distet,
1485 5889 1578 5944 sed
1617 5887 1728 5942 ubi-

1850 4018 1862 4039 !
1912 3953 2074 4008 lisse.
2107 3957 2230 4009 llaec
2256 3956 2485 4024 quaestio
2521 3953 2790 4007 diliitilcm
2824 3950 3263 4020 intelligentiam,
3297 3963 3406 4002 non

1844 4045 1970 4101 item
2024 4047 2292 4100 diliirilem
2343 4049 2763 4116 explicationem
2819 4045 3002 4098 habet.
3059 4043 3164 4097 Deo
3223 4053 3404 4097 autent

1844 4137 1977 4190 nihil
2017 4151 2096 4192 est
2127 4138 2483 4207 impossibile.
2515 4139 2696 4206 Itaque
2727 4144 2907 4206 potest
2936 4137 3028 4189 tibi
3076 4137 3237 4204 hujus
3269 4152 3408 4204 quo-

1840 4247 1944 4299 que.
1976 4232 2049 4284 rei
2078 4233 2290 4298 pieuam
2327 4231 2486 4284 tidem
2529 4230 2728 4283 facere.
2755 4229 2884 4297 Age,
2915 4227 3281 4294 intelligenter
3313 4242 3403 4278 au-

1841 4323 2036 4375 sculta.
2079 4321 2250 4375 Sicuti
2308 4337 2462 4374 mens
2499 4321 2734 4373 humana
2762 4333 2860 4372 nec
2895 4318 3181 4372 cohibetur
3210 4318 3402 4381 muris,

1842 4429 1938 4465 nec
1972 4414 2094 4467 loco
2127 4412 2604 4467 circumsm'ibitnr
2649 4427 2661 4463 :
2701 4409 2794 4464 sed
2831 4424 3033 4476 εον-ρης
3070 4417 3277 4461 tantum
3307 4408 3405 4462 do-

1842 4506 2106 4560 muncula)
2131 4505 2450 4565 includitur,
2488 4514 2541 4557 et
2576 4503 2811 4557 vinculis
2840 4492 3254 4568 constringitur,
3285 4501 3402 4568 ipsa

1839 4606 1988 4651 extra
2015 4611 2216 4665 Corpus
2248 4596 2413 4650 libere
2450 4595 2650 4664 ubique
2682 4603 2909 4664 vagatur
2943 4608 2956 4644 ε
2985 4607 3083 4647 nec
3126 4593 3342 4647 interim
3375 4607 3404 4645 a

1839 4704 2068 4756 corpore
2098 4697 2404 4757 separatur,
2443 4704 2539 4741 nec
2589 4703 2618 4740 a
2673 4686 2954 4741 domicilio
2998 4685 3185 4754 procul
3219 4683 3406 4746 distat,

1840 4796 2026 4834 verum
2064 4790 2120 4834 et
2147 4781 2347 4835 absens
2391 4780 2820 4849 quodammodo,
2851 4779 2937 4832 bis
2977 4779 3154 4839 adest,
3196 4787 3250 4830 et
3283 4791 3407 4830 eum

1841 4873 1946 4926 illis
1977 4873 2129 4926 adest
2161 4872 2332 4935 abest,
2360 4871 2816 4942 praesentiantque
2847 4885 2969 4925 cum
3002 4869 3248 4923 absentia
3275 4881 3412 4922 con-

1836 4966 2012 5030 jungit
2043 4979 2058 5015 :
2092 4963 2164 5016 ita
2212 4961 2355 5017 Deus
2405 4963 2629 5031 ubique,
2663 4971 2718 5015 et
2754 4963 2808 5014 in
2849 4961 3127 5022 omnibus,
3161 4967 3216 5012 et
3244 4968 3400 5012 extra

1839 5056 2044 5117 omnia,
2075 5063 2131 5108 et
2160 5068 2428 5122 nusquam
2456 5062 2537 5107 est
2568 5060 2781 5116 natura,
2813 5051 3076 5116 essentia,
3110 5056 3164 5104 et
3203 5049 3401 5119 gloria,

1845 5148 1971 5216 quia
2003 5145 2383 5200 circumscribi
2417 5145 2683 5200 limitibus
2715 5144 2856 5198 haud
2891 5153 3090 5214 potest.

1915 5240 2028 5294 lar.
2083 5237 2185 5306 Qui
2236 5254 2368 5306 ergo
2423 5253 2532 5293 non
2581 5239 3085 5302 circumscribitur,
3134 5237 3408 5307 quomodo

1842 5333 2028 5403 implet
2068 5333 2291 5388 omnia?
2324 5331 2427 5397 Qui
2462 5332 2645 5401 implet
2681 5331 2863 5384 onsnia
2889 5370 2904 5394 ,
2937 5331 3212 5400 quomodo
3241 5331 3410 5384 incir-

1834 5423 2200 5493 cmuscriptus
2227 5431 2333 5485 est,
2365 5431 2418 5475 et
2447 5437 2713 5492 nusquam
2741 5424 2863 5478 est?

1910 5517 2074 5570 llesr.
2103 5515 2246 5571 Sane
2278 5515 2494 5582 quidem
2525 5530 2795 5570 concessu
2832 5515 3073 5569 omnium
3109 5514 3249 5570 Deus
3282 5514 3404 5568 nhi-

1835 5626 1943 5681 que
1982 5618 2100 5673 est;
2133 5617 2186 5660 et
2216 5623 2338 5661 cum
2374 5607 2598 5676 impleat
2627 5607 2809 5661 omnia
2839 5649 2852 5671 ,
2882 5608 2966 5662 his
2997 5623 3116 5676 qua:
3147 5609 3395 5660 videmus

1835 5703 2060 5756 omnino
2094 5716 2200 5755 non
2243 5698 2605 5769 permiscetur
2644 5715 2656 5752 :
2692 5698 2786 5754 sed
2837 5714 2902 5752 eo
2934 5697 3095 5752 modo
3118 5712 3227 5766 quo
3266 5696 3407 5748 dui-

1845 5810 1967 5848 mus
1997 5793 2322 5846 secernitur.
2353 5788 2632 5859 Nusquam
2661 5803 2838 5845 autem
2871 5798 2953 5845 est
2979 5830 2992 5853 ,
3029 5789 3175 5860 quod
3219 5787 3284 5842 ad
3321 5803 3410 5841 ea-

1847 5898 1993 5954 ptnm
2029 5896 2274 5942 nostrum
2309 5884 2525 5940 attinet.
2561 5881 2727 5938 Nemo
2753 5882 2896 5937 enim
2934 5882 3106 5947 norit,
3140 5895 3206 5935 ne
3230 5879 3404 5949 angeli
