4182 6456
200 480 307 542 ’ἷ37

1428 482 1766 542 EDICTUM
1812 484 2233 545 SYNODAHZ.

3352 493 3457 554 73S

203 600 304 653 καὶ
334 596 664 665 Συγκέλλου,
696 597 905 667 Νικήτα
932 596 1298 667 Χαλκηδόνος,
1333 599 1425 650 καὶ
1458 599 1780 665 Συγκέλλου,

1885 602 2042 668 ceilo,
2084 600 2269 655 Niccta
2314 602 2680 659 Chalcedonis
2722 614 2774 660 et
2830 605 3084 678 Syncello
3113 646 3126 671 ,
3160 607 3459 666 Laurentio

205 691 568 759 Λαυρεντίου,
634 689 940 758 Δι-ῤῥαχίου
990 691 1080 741 καὶ
1134 690 1463 757 Συγκέλλου,
1524 690 1781 760 Ἀνθίμου

206 782 403 849 Σίδης,
452 780 719 832 Νικολάου
779 779 1174 842 ῐιισινοῦντος,
1246 780 1472 843 Λέοντος
1540 781 1780 849 Μύρων,

197 880 428 936 Λέοντος
464 873 895 943 Τραπεζοῦντος,
922 873 1171 925 Ἰωάννου
1210 873 1486 942 Σμύρνης,
1519 874 1782 926 Εὐσεδίου

213 959 721 1035 Αδριανουπόλεως,
754 966 1166 1017 Κωνσταντίνου
1226 964 1563 1035 Μιτυλήνης,
1618 967 1785 1018 Νικο-

198 1063 329 1114 λάου
360 1058 587 1121 Χωνῶν,
631 1057 899 1109 ’Υπατίου
944 1058 1261 1125 Ἱδροῦντος,
1298 1061 1389 1110 καὶ
1424 1058 1781 1127 ἁρχιεπισκό-

198 1170 323 1203 πων
377 1153 608 1212 Λέοντος
656 1150 1040 1219 Καραϐιζύης,
1078 1149 1376 1219 Γρηγορίου
1420 1149 1784 1218 Μεσημϐρίας

198 1244 628 1313 παρισταμένων
653 1242 748 1293 καὶ
773 1242 881 1293 τῶν
916 1240 1335 1310 πατριαρχικῶν
1370 1240 1670 1310 ἀρχόντων.

275 1338 392 1387 Οὐκ
415 1332 481 1404 ἦν
517 1335 646 1403 ἄρα,
676 1334 749 1396 ὠς
779 1333 946 1397 ἔοικε,
974 1334 1134 1401 κόρος
1191 1331 1265 1400 τῷ
1293 1330 1516 1401 πονηρῷ
1554 1332 1665 1385 τῶν
1690 1350 1786 1385 κα·

200 1426 339 1478 κῶν.
366 1426 465 1476 Διὰ
495 1427 649 1477 τοῦτο
687 1426 795 1493 γὰρ
825 1426 886 1475 οὐ
923 1423 1154 1474 παᾷεται
1189 1426 1302 1483 τοῖς
1337 1422 1621 1474 εὐσεὸέσιν
1666 1424 1786 1474 ἐπι-

202 1517 500 1583 φυόμενος,
535 1514 629 1565 καὶ
660 1514 846 1566 καινόν
879 1531 929 1565 τι
963 1513 1105 1565 κατά
1161 1511 1419 1581 ἀληθείας
1480 1514 1569 1565 ἀεὶ
1628 1516 1785 1581 ἐφευ-

202 1608 417 1677 ρίσκειν
452 1606 939 1676 ὲκμηχανώελενος.
970 1604 1264 1675 Τοιγάρτοι
1295 1605 1389 1656 καὶ
1430 1604 1654 1674 μυρίαις
1686 1606 1785 1673 μὲν

204 1700 397 1760 vim;
453 1700 690 1758 ἀπάταις
752 1698 858 1766 πρὸ
910 1698 1005 1764 τῆς
1064 1698 1121 1748 ὲν
1176 1698 1339 1765 σαρκὶ
1378 1698 1473 1749 τοῦ
1513 1700 1783 1750 Δεσπότου

200 1790 513 1860 παρουσίας
565 1792 652 1842 τὸν
705 1789 989 1858 ἄνθρωπον
1047 1790 1385 1859 ὑπηγάγετο.
1437 1791 1676 1860 Μυρὶαις
1728 1790 1783 1843 δὲ

200 1887 301 1936 καί
332 1887 471 1952 μετὰ
508 1883 679 1935 ταῦτα
722 1883 949 1943 πλάναις
984 1886 1078 1935 καὶ
1118 1883 1485 1951 δελεάσμασιν
1546 1883 1785 1934 ὑποσκε-

1890 690 2173 761 Dyrrachii
2213 705 2265 749 et
2303 694 2556 766 Syncello
2583 736 2596 757 ,
2637 697 2854 750 Antitno
2908 699 3087 762 Sides,
3117 699 3339 757 Nicolao
3365 702 3456 755 Pi-

1892 783 2158 844 sinuntis,
2220 784 2401 840 Leone
2459 786 2767 857 Myrorutn.
2828 789 3009 845 Leone
3068 792 3458 860 Trapezuntis,

1885 876 2097 929 Joanne
2137 873 2405 945 Smyrnae.
2462 878 2702 933 Eusebio
2731 878 3145 949 Adrianopolis,
3182 888 3462 938 Lonstan-

1890 969 2007 1022 tino
2060 969 2371 1040 Mityleues,
2425 968 2655 1024 Nicolao
2706 972 3045 1039 Citonarum,
3078 975 3309 1045 llypatio
3360 975 3460 1029 Hi-

1885 1058 2105 1112 druntis
2153 1066 2206 1110 et
2251 1059 2685 1129 archiepiscopis
2719 1060 2904 1116 Leone
2940 1061 3278 1133 Caralvyziae,
3318 1065 3460 1120 Gre-

1885 1150 2045 1216 gorio
2080 1150 2417 1204 Mesembria:
2470 1154 2864 1209 assistentibus
2902 1166 2955 1210 et
2988 1157 3459 1225 patriarchalibtts

1884 1242 2189 1297 nobilibus.

1954 1332 2203 1401 Nequam
2252 1347 2315 1386 ac
2354 1332 2608 1402 improbo
2649 1337 2884 1393 da‘moni
2932 1352 3043 1393 non
3098 1348 3185 1393 sat
3240 1340 3363 1405 fuit,
3400 1348 3461 1395 ut

1884 1420 2121 1483 videtur,
2155 1425 2451 1478 malorum.
2486 1425 2780 1493 Propterea
2822 1444 3059 1498 namque
3100 1430 3315 1483 nullum
3354 1448 3460 1484 un-

1886 1529 2048 1581 quam
2106 1516 2265 1568 linem
2331 1516 2483 1581 fecit,
2529 1519 2583 1571 in
2617 1519 2739 1589 pios
2788 1519 3039 1575 homines
3085 1537 3372 1592 arrepens,
3405 1530 3460 1576 ct

1888 1621 2090 1659 novum
2122 1608 2254 1675 quid
2314 1611 2582 1666 adversus
2631 1614 2921 1667 veritatem
2964 1629 3183 1682 semper
3235 1617 3461 1685 excogi-

1887 1706 2030 1751 taus.
2070 1704 2423 1769 Quapropter
2466 1702 2775 1759 innumeris
2842 1704 2957 1759 fere
3011 1705 3300 1760 lraudibtts
3334 1716 3462 1761 ante

1886 1789 2101 1843 Domini
2133 1791 2187 1843 itt
2212 1806 2376 1846 carne
2406 1793 2700 1846 adventum
2731 1810 2903 1863 genus
2934 1795 3233 1849 humanum
3264 1798 3459 1860 illusit,

1889 1883 2197 1935 innumeris
2232 1899 2360 1936 vero
2396 1885 2750 1953 postmodum
2785 1888 3069 1942 erroribus
3094 1897 3147 1941 et
3181 1888 3461 1944 illecebris

196 1977 375 2038 λίζειν
409 1975 501 2026 καὶ
530 1973 872 2043 παρασύρειν
908 1975 1035 2035 τοὺς
1090 1974 1239 2043 αὐτῷ
1272 1973 1629 2043 πειθομένους
1678 1975 1779 2042 οὐχ

1887 1974 2244 2040 supplantare
2299 1981 2352 2026 et
2397 1952 2648 2041 dejicere
2702 1990 2798 2031 eos
2857 1978 2952 2047 qui
3006 1977 3085 2031 illi
3133 1980 3458 2044 credebant,

199 2064 416 2133 ὑφῆκεν
445 2064 601 2126 ὅλως,
638 2063 760 2115 οὐδὲ
800 2062 1062 2117 διέλιπεν.
1106 2063 1267 2117 Ἀλλά
1305 2067 1402 2117 καὶ
1464 2064 1671 2117 τούτων
1720 2067 1783 2117 ἐκ

201 2156 380 2208 ποδώι
404 2157 734 2222 γενομένων,
768 2157 860 2208 καὶ
893 2155 1147 2219 εὐσεϐοῦς
1187 2158 1279 2209 καὶ
1306 2156 1532 2226 βαθείας
1571 2158 1785 2220 ἐλπίδος

196 2249 314 2308 τοῖς
347 2247 595 2299 εὐσεϐεῖν
623 2248 1072 2317 ὐποτρεςομένης
1102 2247 1343 2300 ἐθέλουσι
1374 2250 1499 2317 μήτ’
1545 2247 1612 2300 ἂν
1654 2266 1782 2301 και-

197 2336 436 2403 νοτέρων
465 2336 892 2405 δυσσεϐημάτων
938 2337 1245 2405 ἐφευρετὰς
1295 2337 1550 2405 γενέσθαι
1618 2339 1778 2402 ποτὲ,

199 2430 258 2480 ὲν
296 2430 463 2480 πᾶσιν
488 2425 568 2492 οἷς
605 2430 743 2481 κατὰ
776 2429 871 2481 τοῦ
906 2429 1066 2500 ὀρθοῦ
1094 2429 1253 2497 λόγου
1292 2431 1320 2481 ό
1371 2431 1604 2501 πονηρὸς
1659 2448 1783 2483 πει-

200 2520 368 2589 ράσαι
402 2518 733 2571 ἐσπούδασεν
776 2536 788 2549 ο
822 2522 900 2581 είς
928 2520 1239 2571 τούναντίον
1267 2520 1418 2590 αὐτῴ
1454 2522 1560 2573 τῶν
1606 2538 1783 2590 μηχα-

196 2610 462 2680 νημάτων
485 2611 936 2680 περιτραπέντων
960 2625 973 2643 ·
999 2610 1095 2663 νῦν
1117 2627 1263 2673 τινες
1285 2610 1563 2673 δυσσεϐεῖς
1591 2612 1781 2681 ἄνδρες

195 2703 297 2754 καὶ
326 2703 712 2771 ἀποτρόπαιοι,
745 2705 838 2757 καὶ
877 2701 927 2754 τί
966 2702 1075 2771 γὰρ
1125 2704 1225 2755 οὐκ
1278 2704 1343 2757 ἄν
1403 2720 1486 2766 τις
1541 2704 1781 2756 εὐσεϐῶν

192 2798 422 2855 τούτους
458 2795 795 2857 ὀνομάσειεν,
828 2796 1021 2865 ἄνδρες
1064 2798 1126 2848 ἐκ
1160 2796 1386 2859 σκότους
1443 2796 1736 2858 ἀναδύντες
1764 2834 1779 2858 ,

196 2887 321 2953 (τῆς
362 2889 473 2955 γάρ
528 2884 815 2954 Ἐσπερίου
871 2888 1066 2957 μοίρας
1119 2887 1367 2957 ὑπῆρχον
1421 2889 1781 2957 γεννήματα),

198 2981 278 3040 εἰς
314 2978 415 3045 τὴν
445 2977 645 3046 εὐσεΘῆ
671 2978 876 3048 ταύτην
909 2980 1157 3043 ἐλθόντες
1226 2981 1385 3034 πόλιν
1448 2983 1542 3034 καὶ
1583 2981 1780 3050 θεοφύ-

196 3070 422 3133 λακτον,
457 3071 551 3137 ἀφ’
586 3066 675 3140 ἦς,
701 3070 892 3139 ὥσπερ
919 3073 1028 3124 ἀπό
1052 3090 1194 3135 τινος
1237 3073 1443 3141 ὑψηλοῦ
1481 3074 1574 3124 καὶ
1619 3089 1782 3141 μετε-

199 3161 346 3229 ώρου
375 3161 577 3229 χωρίου
614 3161 666 3211 αί
702 3160 799 3229 τῆς
844 3160 1157 3229 όρθοδοξίας
1210 3161 1383 3230 πηγαὶ
1434 3161 1778 3225 άναδύονται,

200 3257 297 3305 καὶ
328 3253 542 3322 καθαρᾶ
588 3252 688 3322 τῆς
726 3253 1011 3316 εὐσεϐείας
1074 3253 1143 3306 τὰ
1189 3255 1407 3323 νάματα
1456 3256 1513 3317 ἐς
1556 3254 1624 3306 τά
1682 3255 1782 3321 τῆς

198 3342 531 3411 οἰκουμένης
570 3343 881 3414 διαρρέουσι
917 3346 1151 3412 πέρατα,
1202 3346 1299 3398 καὶ
1330 3345 1591 3414 ποταμῶν
1626 3346 1781 3414 δίκην

198 3435 296 3496 τὰς
332 3437 388 3486 ὲν
424 3434 616 3505 ἁπάσῃ
645 3437 710 3505 τῇ
755 3436 845 3503 ὐφ’
896 3435 1046 3497 ἥλιον
1096 3436 1295 3504 ψυχὰς,
1362 3440 1472 3498 τοῖς
1530 3437 1779 3489 εὐσεόἐσι

196 3525 434 3594 δόγμασι
470 3525 917 3594 καταρδεύουσιν,
939 3528 1016 3589 είς
1036 3526 1262 3597 ταύτην,
1283 3529 1472 3597 ὥσπερ
1494 3530 1778 3599 κεραυνὸς,

198 3617 233 3686 ἢ
282 3618 531 3687 σεισμὸς,
561 3618 593 3687 ἧ
627 3618 871 3687 χαλάζης
914 3620 1152 3687 πλῆθος
1214 3624 1262 3675 εί
1295 3621 1399 3691 χρὴ
1462 3622 1517 3674 δὲ
1582 3623 1781 3691 μᾶλλον

200 3710 381 3760 εἰπεῖν
411 3711 759 3779 οἰκειότερον,
787 3710 859 3772 ὠς
897 3712 1077 3780 μονιδς
1106 3711 1296 3781 ἄγριος
1340 3713 1780 3784 εἰσπηδήσαντες

199 3799 292 3851 τὸν
325 3799 487 3868 ὀρθὸν
516 3799 673 3866 λόγον
706 3804 771 3870 τῇ
799 3802 1035 3873 διαφορᾷ
1065 3803 1174 3857 τῶν
1206 3804 1498 3874 δογμάτων
1546 3809 1781 3861 καταλυ-

203 3891 483 3960 μήνασθαι
513 3891 902 3962 ἐπεχείρησαν,
944 3893 1018 3956 ὼς
1060 3897 1153 3946 καὶ
1208 3896 1434 3967 Γραφὴν
1479 3898 1780 3951 ἀποθέσθαι

200 3984 260 4033 ὲν
286 3984 355 4050 τῇ
392 3985 631 4052 μυστικῇ
657 3985 755 4052 τῆς
812 3983 1057 4054 μεγάλης
1090 3984 1185 4037 τοῦ
1245 3986 1382 4039 Θεοῦ
1455 3988 1781 4058 Ἐκκλησὶας

199 4075 476 4145 τραπέζῃ,
506 4072 575 4125 δι’
598 4070 664 4145 ἦς
687 4075 854 4143 ἡμᾶς,
894 4076 1096 4145 μᾶλλον
1129 4077 1186 4129 δὲ
1220 4078 1319 4147 τὴν
1367 4077 1650 4149 ὀρθόδοξον
1685 4079 1778 4131 τοῦ

201 4166 340 4219 θεοῦ
380 4166 730 4234 Ἐκκλησίαν,
765 4169 859 4218 καὶ
888 4168 1096 4231 πάντας
1122 4168 1250 4233 τοὺς
1293 4170 1367 4239 μὴ
1400 4172 1781 4241 συνυπαγομέ-

202 4279 328 4324 τους
352 4264 464 4323 τοῖς
490 4260 671 4313 αὐτῶν
691 4260 1106 4331 δυσσεὸήμασιν
1133 4262 1448 4331 δρθοδόξους
1478 4264 1781 4333 άναθέματι

202 4354 269 4405 δι’
310 4352 445 4404 αὐτὸ
472 4351 652 4411 τοῦτο,
686 4353 766 4404 ὅτι
798 4354 1045 4405 εὐσεὸεἰν
1076 4354 1170 4406 καὶ
1206 4355 1266 4406 τὸ
1312 4355 1596 4425 όρθόδοξον
1645 4374 1780 4426 προ-

204 4446 412 4497 ϐαίνειν
437 4444 711 4512 ἐθέλομεν,
743 4444 1145 4508 καθυπέόαὶον,
1208 4447 1598 4513 ἐγκαλέσαντες
1650 4449 1782 4516 ἡμῖν

204 4537 341 4587 ἄλλα
375 4535 432 4587 τέ
474 4553 619 4597 τινα,
659 4537 752 4587 καὶ
782 4538 864 4587 ὅτι
895 4538 1023 4596 τούς
1061 4538 1328 4604 πώγωνας
1381 4540 1781 4609 παραπλησίως

202 4630 437 4690 ἐκείνοις
482 4628 669 4696 ξυρᾷν,
700 4629 794 4679 καὶ
821 4626 921 4696 τὴν
939 4628 1081 4681 κατὰ
1114 4629 1277 4696 φύσιν
1320 4631 1607 4701 ἀνθρώπου
1649 4648 1780 4700 μορ·
1815 4654 1858 4707 ι)

204 4722 313 4789 φὴν
344 4721 499 4789 παρὰ
527 4720 687 4787 φύσιν
720 4719 1071 4782 ἐξαλλάσσειν
1103 4723 1203 4773 οὐκ
1257 4723 1561 4792 ἀνεχόμεθα
1586 4739 1602 4754 ⁶
1644 4727 1777 4791 πρὸς

205 4814 261 4865 δὲ
282 4812 382 4863 καὶ
415 4812 496 4863 ὅτι
532 4810 606 4879 μὴ
634 4812 1039 4880 διακρινόμενοι
1063 4812 1170 4864 ἀπὸ
1198 4814 1587 4883 πρεσϐυτέρων
1615 4834 1780 4883 μετα-

204 4903 507 4972 λαμόάνειν
535 4902 959 4971 γεγαμηκότων.
987 4902 1128 4972 Πρὸς
1157 4904 1246 4954 ἐπὶ
1283 4906 1417 4957 πᾶσι
1461 4904 1517 4956 δὲ
1548 4905 1776 4969 τούτοις,

206 4997 301 5047 καὶ
328 4995 674 5064 ὄτιτδὶερον
700 4995 793 5045 καὶ
844 4994 999 5059 ἆγιον
1051 4994 1340 5064 σύμϐολον,
1394 4996 1422 5048 ὃ
1480 4998 1612 5049 πᾶσι
1666 5002 1778 5061 τοῖς

207 5086 537 5147 συνοόικοῖς,
571 5084 664 5137 καὶ
721 5086 1127 5151 οἰκουμενικοίς
1178 5084 1529 5155 ψηφίσμασιν
1567 5087 1779 5157 ἄμαχον

204 5175 313 5244 εχει
346 5176 448 5245 τὴν
484 5175 659 5242 ἰσχὺν,
694 5174 869 5236 νόθοις
894 5174 1173 5241 λογισμοῖς
1202 5177 1297 5228 καὶ
1329 5179 1776 5247 παρεγγράπτοις

202 5265 381 5332 λόγοις
413 5267 504 5318 καί
533 5264 769 5334 θράσους
805 5265 1081 5337 ὑπερϐολῇ
1116 5266 1190 5337 μὴ
1220 5267 1562 5337 κιϐδηλεύειν
1595 5269 1775 5322 ἐθέλο-

209 5376 333 5426 μεν,
377 5358 510 5426 μηδὲ
542 5358 940 5428 παραπλησίως
965 5360 1189 5420 ἐκείνοις
1217 5362 1279 5411 ἐκ
1307 5359 1400 5411 τοῦ
1429 5362 1657 5430 Πατρὸς,
1681 5363 1777 5414 καὶ

203 5451 296 5503 τοῦ
334 5450 466 5501 Υἱοῦ
493 5450 554 5501 τὸ
586 5450 809 5517 Πνεῦμα
832 5451 889 5501 τὸ
917 5452 1091 5517 ἆγιον,
1145 5444 1189 5502 ὦ
1234 5452 1341 5502 τῶν
1395 5453 1489 5503 τοῦ
1536 5452 1775 5519 πονηροῦ

209 5543 645 5612 μηχανημάτων,
681 5543 793 5595 ἀλλ’
827 5545 892 5594 ἐκ
918 5542 1007 5596 τοῦ
1044 5544 1257 5611 Πατρός
1301 5561 1479 5611 φαμεν
1506 5545 1772 5613 ἐκπορεύ-

204 5634 357 5687 εσθαι
388 5650 402 5664 ·
458 5641 596 5702 μητε
618 5636 680 5702 τῇ
718 5635 908 5704 Γραφῇ
942 5636 1234 5703 προσέχειν
1255 5637 1553 5699 ἐθέλοντες,
1578 5639 1633 5706 ἢ,
1659 5639 1772 5689 Οὐκ

206 5726 676 5795 ἀκομαδαράσετε,
706 5726 867 5795 φησι,
896 5728 1018 5789 τούς
1043 5728 1308 5794 πώγωνας
1333 5730 1509 5797 ἡμῶν,
1528 5728 1647 5781 οὒτε
1669 5732 1774 5799 μὴν

206 5822 403 5872 ἐννοεῖν
443 5820 580 5881 ὅλως
650 5818 987 5889 βουλομενοι,
1042 5822 1121 5873 ὅτι
1190 5823 1435 5889 γυναιξὶν
1506 5823 1774 5891 εὐπρεπὲς

207 5912 361 5965 τοῦτο
390 5913 417 5965 ὁ
448 5912 641 5975 κτίσας
666 5913 888 5981 ἐποίησε
921 5913 1076 5978 Θεὸς,
1099 5915 1320 5984 ἀνδράσι
1354 5915 1406 5968 δὲ
1430 5917 1772 5981 ἀνάρμοστον

1888 2064 2115 2115 omnino
2176 2078 2283 2115 non
2343 2064 2584 2129 destitit,
2646 2081 2826 2135 neque
2893 2084 3136 2138 unquam
3197 2072 3458 2127 cessavit.

1888 2152 2285 2207 Verumtamen
2340 2155 2428 2210 his
2463 2173 2686 2226 quoque
2720 2158 2787 2212 de
2821 2160 3003 2215 medio
3029 2162 3288 2227 sublatis,
3332 2178 3458 2217 cum

1885 2246 1972 2314 pia
2011 2260 2321 2315 magnaque
2370 2262 2495 2322 spes
2552 2258 2698 2303 esset
2733 2253 2785 2304 iu
2822 2253 2887 2306 iis
2919 2257 3014 2322 qui
3040 2256 3297 2322 pietatem
3341 2269 3463 2310 am-

1888 2338 2223 2405 plectuntur,
2268 2321 2553 2407 nunquam
2590 2341 2644 2394 in
2668 2352 2946 2411 posterum
2990 2360 3128 2399 nova
3159 2345 3461 2415 impietatis

1887 2430 2097 2482 semina
2153 2432 2479 2487 inventuros
2528 2434 2581 2486 in
2633 2435 2894 2489 omnibus
2949 2437 3034 2490 his
3091 2452 3214 2505 qua:
3266 2447 3457 2491 contra

1886 2526 2096 2571 rectam
2118 2524 2386 2572 rationem
2409 2520 2693 2590 improbus
2721 2523 2810 2575 ille
2837 2522 3202 2577 dissetninare
3225 2525 3460 2588 studuit,

1884 2622 2008 2661 cum
2075 2619 2267 2661 contra
2327 2624 2390 2664 ac
2449 2613 2565 2680 ipse
2618 2626 2975 2681 speraverat,
3014 2617 3283 2669 machinae
3312 2616 3460 2668 illius

1885 2702 2174 2769 dissipata:
2207 2702 2465 2763 fuissent.
2504 2720 2649 2757 nunc
2670 2706 2893 2774 quidam
2932 2708 3184 2761 homines
3216 2708 3365 2776 impii
3404 2718 3462 2762 et

1884 2794 2235 2856 exsecrandi,
2270 2803 2321 2845 et
2361 2795 2493 2862 quid
2543 2811 2648 2847 non
2700 2798 3014 2866 quicunque
3044 2799 3297 2867 pietatem
3330 2799 3462 2853 colit

1884 2899 1978 2938 eos
2005 2900 2108 2937 non
2151 2889 2479 2949 nominaret,
2514 2887 2766 2943 homines
2810 2906 2839 2942 ο
2889 2891 3133 2945 tenebris
3168 2907 3457 2961 erumpen‘

1885 2985 1989 3038 tes.
2027 2993 2150 3031 cum
2190 2995 2254 3032 ex
2306 2979 2587 3047 Hesperia
2643 2992 2822 3034 ortum
2872 2982 3098 3048 ducant,
3129 2984 3180 3035 itt
3238 2984 3461 3052 pietatis

1884 3067 2173 3120 cultricem
2218 3071 2357 3121 hanc
2383 3079 2432 3121 et
2469 3083 2497 3120 a
2538 3068 2647 3122 Deo
2698 3083 3088 3125 conservatam
3138 3072 3327 3126 urbem
3363 3074 3430 3125 ad

1884 3158 2193 3222 venientes,
2230 3173 2295 3210 ex
2330 3174 2435 3227 qua
2483 3168 2749 3229 tanquam
2806 3176 2874 3213 ex
2926 3161 3033 3214 alta
3086 3171 3141 3215 et
3180 3162 3460 3216 eminente

1885 3249 2110 3316 Specula
2164 3248 2505 3302 orthodoxia:
2577 3249 2756 3303 fontes
2818 3259 3144 3320 erumpunt,
3202 3260 3254 3305 et
3322 3265 3458 3318 pura

1834 3340 1851 3361 ‘
1887 3341 2105 3407 pietatis
2147 3339 2352 3393 ﬂuenta
2388 3341 2441 3393 itt
2481 3341 2636 3395 orbis
2669 3350 2944 3394 terrarum
2985 3342 3117 3394 lines
3155 3340 3459 3409 perﬂuunt,

1885 3442 1939 3485 et
1963 3432 2251 3485 ﬂuviorum
2306 3435 2487 3486 instar
2520 3438 2756 3495 animas,
2800 3450 2924 3503 quae
2974 3433 3077 3487 sub
3102 3435 3221 3487 sole
3246 3434 3456 3502 degunt

1885 3539 2079 3579 Omnes
2141 3527 2246 3595 piis
2317 3527 2666 3596 dogmatibus
2728 3527 2980 3594 irrigant,
3036 3525 3223 3578 inhac
3289 3526 3456 3578 velntt

1886 3618 2091 3687 fulgur,
2128 3621 2242 3672 sive
2298 3626 2485 3682 turbo,
2516 3623 2631 3673 sive
2662 3619 2949 3688 grandinis
2997 3622 3179 3688 copia,
3224 3621 3363 3683 sive,
3399 3627 3459 3673 ut

1884 3711 2059 3778 magis
2110 3711 2329 3778 proprie
2390 3725 2505 3764 rem
2573 3711 2903 3774 indicemus,
2962 3710 3129 3765 veluti
3185 3711 3458 3764 silvestris

1884 3814 2089 3869 porcus
2148 3800 2467 3865 irruentes,
2524 3810 2731 3854 rectam
2793 3803 3064 3855 rationem
3133 3800 3457 3854 diversitate

1882 3892 2198 3962 dogmatutn
2250 3902 2580 3959 praevertere
2613 3892 2798 3946 conati
2831 3902 2964 3947 sunt
2996 3892 3091 3957 ita,
3130 3902 3188 3946 ut
3223 3900 3276 3946 et
3302 3892 3458 3947 Scri-

1883 3995 2100 4054 pturatn
2154 3985 2208 4039 in
2263 3987 2495 4055 mystica
2526 4002 2736 4055 magna:
2801 3985 2890 4039 Dei
2931 3986 3185 4040 Ecclesia:
3222 4000 3455 4054 repone-

1886 4088 2007 4131 rent
2041 4093 2251 4141 mensa,
2280 4095 2389 4148 qua
2441 4094 2567 4141 nos,
2598 4082 2706 4132 imo
2733 4078 3099 4133 orthodoxam
3131 4078 3225 4131 Dei
3271 4077 3458 4132 hiccine-—

1883 4167 2045 4230 siam,
2097 4183 2402 4238 omnesque
2448 4170 2541 4237 qui
2609 4170 2793 4238 impiis
2848 4184 3040 4223 eorum
3103 4169 3455 4238 dogmatibus

1882 4270 1991 4307 tton
2033 4256 2248 4326 abrepti
2310 4265 2480 4323 sunt,
2528 4258 2874 4312 orthodoxos
2904 4258 2973 4311 ob
3020 4257 3073 4311 id
3117 4258 3282 4323 idem,
3310 4260 3454 4327 quod

1885 4347 1953 4414 pii
1982 4362 2107 4401 esse
2130 4356 2187 4401 et
2216 4347 2375 4401 (idem
2423 4349 2791 4402 orthodoxam
2825 4349 3045 4401 dilatari
3076 4352 3449 4417 praecupiunz,

1884 4438 2231 4492 anathemate
2260 4438 2488 4505 feriunt,
2524 4440 2845 4496 incusantes
2881 4456 2976 4493 nos
3003 4440 3056 4492 in
3089 4439 3275 4492 tnultis
3305 4432 3374 4492 ali
3400 4454 3450 4505 s,

1882 4539 1935 4581 ct
1960 4539 2223 4596 praeterea
2280 4531 2426 4598 quod
2478 4534 2704 4585 l‘arbatn
2736 4547 2890 4599 teque
2924 4546 2987 4584 ac
3039 4530 3117 4582 illi
3151 4530 3361 4593 radere,
3397 4539 3453 4582 ct

1884 4634 2003 4672 eam
2042 4636 2162 4687 qum
2188 4631 2271 4674 est
2316 4624 2615 4675 secundum
2647 4635 2925 4685 naturam,
2962 4622 3198 4676 hominis
3223 4623 3449 4690 ﬁguram

1883 4713 2174 4768 immutare
2228 4729 2335 4767 non
2382 4718 2741 4771 sustinemus.
2799 4715 2911 4768 Nec
2976 4731 3083 4768 non
3142 4717 3287 4784 quud
3341 4731 3448 4768 non

1881 4802 2041 4857 divisi
2071 4820 2098 4856 a
2136 4806 2479 4875 presbyteris
2527 4809 2879 4862 matrimonio
2927 4810 3159 4878 junctis,
3213 4826 3454 4865 commu-

1882 4896 2102 4950 nionem
2149 4898 2507 4965 suscipimus.
2542 4898 2620 4951 Ad
2664 4899 2779 4953 haec
2822 4902 2967 4968 quod
3028 4914 3448 4956 sacrosanctum

1884 4987 2226 5058 Symbolum,
2272 4993 2414 5055 quod
2477 4994 2737 5048 omnibus
2786 4995 3158 5064 synodalibus,
3192 5005 3244 5047 et
3297 5010 3451 5048 tecu-

1884 5081 2113 5134 tnenicis
2148 5083 2380 5136 decretis
2412 5083 2807 5139 inconcussum
2836 5098 3001 5155 atque
3030 5086 3449 5155 inexpugnabile

1883 5172 2051 5224 robur
2083 5172 2266 5235 habet,
2313 5175 2519 5242 spuriis
2550 5180 2809 5243 cogitatis
2835 5186 2889 5229 et
2916 5180 3263 5229 sermonibus
3288 5180 3449 5229 adul-

1883 5263 2093 5327 terittis,
2129 5274 2182 5316 et
2230 5266 2474 5319 audaciae
2522 5282 2749 5320 excessu
2808 5268 3118 5321 adulterare
3172 5269 3445 5331 nolumus,

1881 5372 1979 5409 nec
2023 5366 2079 5408 ttt
2122 5359 2218 5423 illi,
2250 5374 2313 5411 ex
2347 5358 2504 5411 Patre
2548 5368 2600 5411 et
2635 5359 2772 5412 Filio
2815 5360 3076 5426 Spiritum
3110 5372 3383 5423 sanctum,
3412 5377 3444 5411 ο

1883 5451 2111 5516 improbi
2146 5452 2409 5503 daemonis
2438 5453 2751 5504 machinas!
2788 5453 2880 5504 Sed
2927 5470 2988 5506 ex
3030 5453 3185 5506 Patre
3212 5454 3444 5505 dit-imus

1881 5541 2222 5608 procedere;
2275 5558 2451 5609 neque
2512 5543 2810 5610 Scriptum
2861 5546 3105 5598 animum
3160 5546 3446 5597 advertere

1881 5634 2145 5697 volentes,
2181 5635 2301 5702 quin
2342 5635 2417 5685 Ne
2462 5632 2818 5700 deglabretis,
2862 5638 2960 5698 ait,
3004 5646 3181 5689 menta
3228 5647 3439 5701 vestra;

1879 5741 2057 5792 neque
2127 5728 2350 5778 omnino
2392 5729 2573 5779 animo
2607 5729 2822 5781 volvere
2875 5730 3135 5791 volentes,
3182 5730 3439 5781 decitrutn

1878 5820 1928 5873 id
1977 5820 2297 5873 mulieribus
2352 5830 2652 5872 creatorem
2728 5820 2894 5873 Deum
2958 5823 3233 5884 statuisse,
3297 5820 3440 5886 quod

1879 5913 2200 5966 indecorum
2236 5921 2382 5968 esset
2420 5912 2775 5978 hominibus;
2810 5914 2900 5969 set!
2928 5924 2975 5968 ci
3010 5915 3261 5982 quintum
3295 5913 3438 5967 Gan-
