4182 6456
729 418 837 483 743

1547 416 1971 477 MICIIAELIS
2006 408 2436 473 CERULARH
2466 408 2579 469 ΕΡ.
2606 407 3127 469 ΡΑΤΒΙΑΒΟΙΙᾹΞ

3895 403 4002 465 ῊᾸ

729 512 970 580 virosque
1005 509 1068 562 ab
1122 506 1311 562 iisdem
1363 505 1729 560 cohonestatos
1761 516 1807 559 et
1842 522 1977 559 cives
2015 506 2302 571 sapientes,
2333 515 2348 563 Α

2435 499 2511 554 ταὶ
2566 504 2600 554 ό
2633 500 2783 567 λαὸς
2836 501 3059 567 ταύτης
3101 498 3217 568 τῆς
3269 499 4002 565 Κωνσταντινουπόλεως,

729 602 965 655 maxime
988 600 1223 653 omnium
1240 597 1577 660 Christiana,
1607 609 1655 652 et
1682 599 1981 653 orthodoxa
2016 598 2142 652 urbs
2170 606 2249 651 est
2287 610 2302 648 :

725 692 870 765 quod
921 692 990 746 ad
1026 691 1361 756 Hichaelem,
1403 692 1495 760 qui
1546 692 1921 760 patriarchatu
1970 690 2232 754 abutitur,
2257 697 2307 742 et

728 788 876 841 illius
910 786 1224 853 insipientia:
1259 785 1427 838 socios
1457 795 1506 838 et
1538 793 1824 848 consortes,
1869 785 1925 836 in
1953 782 2123 836 medio
2160 781 2305 834 illius

730 878 964 947 plurima
1005 878 1275 932 hazresean
1312 877 1531 930 zizania
1581 878 1816 947 quotidie
1871 876 2309 930 disseminantur.

734 972 1192 1036 Quemadmodum
1225 972 1361 1023 enim
1390 970 1686 1024 Simoniaci
1707 969 1905 1022 donum
1930 969 2027 1022 Dei
2049 969 2312 1023 vendunt:

733 1074 788 1118 ut
829 1062 1050 1128 Valesii,
1080 1064 1310 1131 hospi:es
1349 1080 1474 1116 suos
1516 1074 1777 1127 castraut,
1817 1073 1867 1117 et
1910 1080 2011 1116 non
2044 1062 2214 1115 solum
2248 1059 2317 1113 ad

732 1156 1065 1220 clericatum,
1102 1156 1190 1207 sed
1218 1156 1436 1221 insuper
1480 1156 1548 1208 ad
1578 1158 1941 1223 episcopatum
1970 1162 2273 1221 promorent
2297 1167 2317 1205 :

732 1257 789 1300 ut
830 1248 1041 1324 Ariani,
1085 1247 1409 1313 rebaptizant
1436 1249 1490 1300 in
1542 1250 1748 1301 nomine
1786 1259 1985 1299 sancta:
2037 1244 2317 1297 Trin’tatis

732 1342 1063 1411 baptizatos,
1096 1349 1144 1394 et
1199 1339 1419 1394 Latinos
1470 1341 1808 1408 potissimum
1849 1357 1867 1393 :
1905 1348 1961 1392 ut
1996 1338 2314 1401 Donatista,

734 1435 1044 1497 decernunt,
1100 1443 1255 1487 extra
1296 1430 1601 1486 ercorum
1656 1432 1970 1493 Ecclesium,
2025 1429 2318 1483 Ecclesiam

734 1528 958 1596 Christi,
987 1538 1035 1582 et
1053 1545 1230 1583 rerum
1252 1529 1599 1596 sacri/icium,
1628 1538 1674 1580 et
1710 1526 1971 1595 baptisma
1998 1541 2062 1578 ex
2080 1524 2319 1577 universo

734 1619 859 1681 orbe
887 1620 1145 1686 periisse:
1175 1629 1231 1673 ut
1265 1618 1423 1673 Nico.
1469 1622 1581 1681 itas,
1613 1620 1857 1672 carnales
1882 1618 2099 1684 nuptias
2134 1631 2320 1669 conce-

733 1712 903 1775 dunt,
960 1712 1353 1780 defenduntque
1430 1714 1602 1766 sacris
1659 1714 1851 1765 altaris
1902 1711 2215 1763 ministris:
2264 1719 2320 1761 ut

739 1802 1037 1867 Seueriani,
1070 1802 1412 1856 maledictam
1455 1803 1615 1872 legem
1676 1802 1879 1872 Moysi;
1908 1802 2260 1869 pronuntiant
2303 1817 2323 1854 .'

736 1906 794 1947 ut
833 1892 1339 1957 Pneumatomachi,
1373 1904 1465 1947 aut
1509 1893 1850 1957 Theomachi,
1885 1892 2122 1961 Spiritus
2150 1892 2324 1946 sancti

736 1999 804 2038 c1:
839 1980 984 2035 Filio
1034 1984 1426 2051 processionem
1452 1994 1517 2038 e.t
1563 1984 1818 2055 Symbolo
1852 1985 2235 2038 absciderunt:
2266 1991 2323 2034 ut

741 2072 1040 2138 Nazareni,
1067 2075 1336 2128 carnalem
1365 2073 1677 2129 Iudaeorum
1708 2078 2015 2130 munditiem
2046 2075 2175 2129 adeo
2209 2093 2322 2129 ser-

2412 593 2510 646 καὶ
2540 591 2709 649 πᾶσα
2731 594 2769 660 ἡ
2805 592 3098 660 καθολικὴ
3128 592 3488 660 Ἐκκλησία,
3539 589 3691 659 ἡμᾶς
3733 590 4005 645 ἐνταῦθα

2415 685 2800 755 διεγνωκέναι
2841 686 2940 737 καὶ
2972 685 3112 738 ὅθεν
3136 682 3397 737 πλεῖστα
3420 684 3744 752 χαιρόμεθα
3772 681 4006 751 ἀγαθὲν

2415 778 2514 830 καὶ
2539 777 2850 846 μέγιστον,
2879 776 3020 830 ὅθεν
3054 774 3332 840 ἐλεεινῶς
3376 776 3733 844 λυπούμεθα
3786 773 4003 825 κακόν.

2415 869 2526 923 Καὶ
2574 870 2686 937 γὰρ
2735 870 2888 923 ὅσον
2941 868 3093 936 πρὸς
3141 867 3286 932 τοὺς
3323 868 3531 933 κίονας
3581 867 3689 921 τοῦ
3718 864 4004 935 κράτους,

2417 960 2516 1014 καὶ
2545 960 2688 1027 τοὺς
2712 960 2899 1014 αὐτοῦ
2924 961 3373 1029 τετιμημένους,
3401 958 3498 1013 καὶ
3558 959 3702 1024 τοὺς
3748 958 4005 1021 πολίτας

2418 1054 2672 1122 σοφοὺς,
2702 1052 3278 1122 Χριστιανικώτατος
3311 1053 3409 1105 καὶ
3453 1050 3779 1118 ὀρθόδοξός
3835 1052 4006 1103 ἐστιν

2418 1144 2456 1212 ἡ
2498 1147 2714 1211 πόλις’
2754 1145 2905 1199 ἴσον
2942 1144 3011 1197 δὲ
3036 1145 3188 1212 πρὸς
3221 1144 3331 1197 τὸν
3360 1144 3607 1211 Μιχαὴλ
3663 1143 3775 1194 τὸν
3839 1160 4009 1195 κατα-

2421 1237 2765 1306 χρηστικῶς
2794 1241 3128 1307 λεγόμενον
3154 1236 3559 1306 πατριάρχην,
3606 1235 3707 1289 καὶ
3732 1234 3849 1302 τῆς
3910 1236 4008 1288 αὖ-

2422 1332 2528 1385 τοῦ
2556 1332 2769 1398 ἀνοίας
2797 1332 3157 1400 συνεργοὺς,
3197 1330 3458 1385 πλεῖστα
3496 1330 3717 1390 ᾆζάνια
3747 1329 3876 1383 τῶν
3927 1332 4006 1382 ai-

2420 1424 2648 1494 ρέσεων
2683 1424 3067 1492 καθεκάστην
3082 1424 3492 1491 διασπείρεται
3514 1421 3769 1491 ἐνμέσῳ
3795 1421 4005 1487 αὐτῆς.

2423 1517 2510 1570 ὅτι
2540 1517 2736 1580 καθὼς
2761 1519 2814 1571 ol
2853 1516 3208 1587 Σιμωνιακοι
3242 1514 3359 1583 τὴν
3404 1513 3637 1582 δωρεὰν
3696 1512 3808 1565 τοῦ
3868 1512 4007 1566 Θεσῦ

2424 1607 2861 1675 πιπράσκουσι,
2912 1607 3010 1659 καὶ
3045 1606 3125 1671 ὡς
3150 1604 3434 1659 Βαλέσιοι
3493 1604 3637 1669 τοὺς
3682 1604 4009 1672 παροίκους

2394 1724 2395 1727 η
2424 1699 2624 1753 αὐτῶν
2660 1697 3183 1768 ἐξευνουχίζουσι,
3209 1699 3313 1752 καὶ
3336 1701 3410 1754 οὐ
3440 1700 3636 1768 μόνον
3664 1699 3824 1767 apis;
3842 1699 4010 1763 ’Κλη-

2418 1789 2656 1856 ρικᾶτα,
2695 1789 2856 1844 ἀλλὰ
2890 1792 2989 1844 καὶ
3018 1791 3171 1857 πρὸς
3195 1789 3580 1846 ἐπισκοπᾶτα
3630 1791 3972 1860 ἀνάγουσιν
3997 1808 4009 1822 ·

2424 1879 2504 1943 ὠς
2543 1882 2594 1932 οἱ
2621 1878 2912 1949 Ἀρειανοὶ
2946 1879 3419 1942 ἀναεαπτίζουσι
3453 1883 3596 1949 τοὺς
3638 1882 3711 1936 ἐν
3770 1884 4012 1950 ε’νόματι

2427 1969 2537 2038 τῆς
2563 1972 2736 2040 ἁγίας
2771 1970 3014 2040 Τριόδος
3035 1973 3586 2042 βεϐαπτισμένοιις.
3620 1977 3718 2027 καὶ
3746 1977 4014 2043 μάλιστα

2428 2063 2572 2128 τοὺς
2602 2063 2901 2129 Λατίνους
2931 2078 2945 2093 ’
2978 2065 3058 2130 ὠς
3105 2067 3159 2118 oi
3217 2066 3571 2119 Δονατισταὶ
3620 2066 4016 2133 ἐπικοροῖσιι·

738 2178 887 2232 rant,
948 2178 1003 2220 ut
1051 2168 1302 2234 parvulos
1358 2170 1637 2222 morientes
1676 2178 1798 2223 ante
1849 2180 2087 2223 octauum
2118 2172 2257 2224 diem
2290 2188 2323 2223 a

2435 2158 2519 2212 ὅτι
2579 2159 2755 2225 ἐκτὸς
2811 2159 2924 2228 τῆς
2985 2162 3356 2229 Ἑκκλησίας
3403 2162 3525 2216 τῶν
3568 2162 3852 2230 Γραικῶν
3908 2166 4013 2230 τήν

740 2260 1021 2313 nativitatc
1040 2260 1307 2327 baptizari
1350 2261 1724 2331 contradicunt
1767 2271 1854 2314 :et
1882 2264 2126 2316 mulieres
2159 2263 2237 2316 rel
2269 2263 2323 2315 in

738 2352 1051 2413 menstruis,
1097 2352 1176 2404 vel
1233 2364 1396 2421 partu
1456 2354 1846 2420 periclitantes,
1905 2354 2322 2415 communicare,

740 2444 824 2499 vel
861 2445 908 2497 si
937 2444 1225 2514 baptizata
1284 2461 1387 2497 non
1430 2442 1653 2513 fuerint,
1684 2445 1949 2512 baptizari
1985 2446 2261 2511 prohibent
2305 2460 2322 2499 :

741 2546 794 2592 et
815 2553 1022 2591 comam
1067 2538 1279 2606 capitis,
1326 2549 1371 2590 et
1410 2536 1649 2599 barbam,
1692 2537 1850 2590 veluti
1907 2536 2179 2591 Nazareni
2231 2554 2329 2591 nu-

747 2631 984 2694 trientes,
1013 2647 1101 2683 eos
1127 2631 1217 2699 qui
1237 2646 1416 2682 comas
1453 2630 1689 2689 tondent,
1718 2642 1766 2683 et
1804 2632 2093 2684 secundum
2117 2633 2330 2684 institu-

748 2723 943 2775 tionem
1006 2719 1260 2775 Romana:
1299 2720 1556 2775 Ecclesiae
1588 2722 1781 2774 barbas
1833 2724 2055 2782 radunt.
2104 2725 2154 2776 in
2187 2741 2331 2776 com-

746 2814 1056 2867 munionem
1111 2829 1215 2866 non
1277 2813 1564 2880 recipiunt.
1606 2813 1679 2866 De
1726 2814 1916 2881 quibus
1951 2816 2243 2876 erroribus.
2280 2824 2329 2869 et

746 2905 1152 2971 aliis'pluribus
1213 2906 1486 2972 operibus,
1519 2906 1631 2972 ipse
1686 2905 1917 2959 Michael
1987 2907 2180 2959 litteris
2231 2906 2330 2960 do-

748 2998 881 3051 mini
910 2997 1079 3050 nastri
1113 2995 1306 3050 Leonis
1359 3011 1509 3064 papae
1540 2998 1867 3057 admonitus.
1901 2998 2206 3062 resipiscere
2237 3013 2327 3050 ne-

748 3087 936 3157 glexit.
1002 3086 1353 3141 Postmodum
1411 3087 1559 3142 nobis
1618 3088 1769 3140 illius
1811 3088 2016 3141 nuntiis
2072 3090 2332 3141 similium

751 3181 1021 3233 malorum
1084 3188 1403 3245 argumenta
1468 3180 1859 3233 rationabiliter
1936 3179 2331 3247 opponentilus,

749 3270 1089 3335 pra-sentiam
1117 3285 1297 3334 suam,
1333 3279 1491 3338 atque
1523 3269 1848 3339 colloquium
1880 3272 2086 3337 penitus
2109 3273 2335 3339 denega-

752 3361 852 3423 uit,
901 3375 1065 3429 neque
1110 3376 1324 3413 sacrum
1374 3362 1756 3429 imperatorum
1811 3362 2114 3425 consilium.
2144 3372 2193 3417 et
2248 3380 2337 3416 sa-

753 3454 989 3523 pientum
1024 3469 1147 3507 eum
1204 3455 1599 3508 cohortantium
1632 3456 1700 3508 ad
1730 3472 1918 3509 sanam
1953 3466 2198 3521 utentem,
2234 3473 2335 3509 au-
2360 3482 2405 3545 ρ

754 3547 859 3600 diit
897 3561 918 3600 .'
949 3546 1395 3616 quemadmodum
1438 3558 1485 3601 et
1538 3559 1694 3602 antea
1734 3549 2050 3603 Latinorum
2084 3550 2332 3604 ecclesias

753 3639 974 3701 clausit,
1006 3654 1198 3708 eosque
1232 3638 1509 3709 Azymitas
1537 3656 1874 3710 nuncupant,
1904 3642 2071 3695 verbis
2102 3653 2148 3696 et
2176 3643 2335 3711 factis

754 3732 947 3801 ubique
985 3740 1292 3799 persecutus
1349 3742 1429 3786 est
1470 3734 1522 3786 in
1560 3741 1790 3799 tantum,
1833 3744 1890 3787 ut
1947 3735 2002 3787 in
2033 3736 2164 3804 ﬁliis
2223 3721 2336 3791 suis

757 3824 1239 3877 anuthematizaret
1300 3825 1655 3891 apostolicam
1708 3827 1908 3891 sedem,
1959 3837 2145 3880 contra
2178 3844 2338 3896 quam

757 3919 984 3986 seipsum
1023 3916 1197 3970 adhuc
1226 3917 1511 3971 subscribit
1541 3919 1920 3972 wcumenicum
1949 3919 2337 3987 patriarcham.

762 4010 939 4075 Quare
988 4027 1083 4063 nos
1139 4011 1379 4079 ejusdem
1422 4020 1641 4073 sancttc,
1674 4023 1723 4066 et
1780 4014 1965 4079 prima
2028 4014 2340 4083 apostolica

761 4102 901 4154 sedis
930 4102 1195 4169 insignem
1227 4102 1504 4169 injuriam,
1534 4115 1583 4156 et
1618 4105 1722 4157 vim
1763 4120 1867 4158 non
1896 4105 2143 4175 ferentes,
2169 4116 2218 4159 et
2249 4122 2344 4159 ca-

765 4191 1014 4243 tholicam
1049 4193 1209 4260 ﬁdem
1248 4192 1431 4245 multis
1463 4194 1634 4246 modis
1684 4194 1919 4265 demergi
1962 4212 2113 4262 posse
2163 4198 2345 4265 suspi-

742 4293 944 4356 _cantes
977 4321 990 4345 ,
1046 4283 1489 4352 prtejudicatione
1520 4295 1720 4339 sancta:
1753 4296 1802 4341 et
1839 4288 2128 4342 individua:
2168 4289 2345 4343 Trini-

767 4377 919 4440 tatis,
958 4385 1008 4428 et
1045 4376 1219 4428 throni
1254 4378 1556 4444 apostolici,
1600 4380 1753 4449 cujus
1785 4396 1879 4433 nos
1920 4398 2103 4434 sumus
2137 4386 2345 4450 apocri-

768 4468 943 4530 siarii,
979 4477 1028 4521 et
1060 4470 1298 4523 omnium
1342 4458 1761 4525 orthodoxorum
1790 4472 2040 4539 Patrum,
2077 4484 2124 4528 et
2148 4486 2346 4544 septem

767 4561 1112 4629 synodorum,
1145 4576 1210 4614 est
1254 4562 1503 4615 universa
1550 4564 1818 4617 catholica
1859 4564 2099 4620 Ecclesia
2126 4567 2350 4620 anathe-

772 4652 924 4717 mati,
960 4651 1099 4721 quod
1153 4652 1405 4707 dominus
1460 4667 1637 4709 noster
1664 4657 1937 4725 piissimus
1994 4674 2134 4726 papa
2180 4659 2349 4713 eidem

773 4744 1025 4799 Michaeli
1090 4754 1140 4798 et
1206 4746 1355 4799 illius
1403 4747 1739 4816 sequacibus,
1782 4752 1829 4801 si
1881 4751 2098 4803 suaderi
2141 4750 2347 4811 nolunt,

2428 2254 2803 2316 Ἐκκλησίαν
2832 2254 2941 2307 τοῦ
2969 2256 3252 2320 Χριστοῦ,
3296 2254 3395 2310 καὶ
3431 2257 3470 2323 ἠ
3500 2257 3764 2326 ἀληθινὴ
3813 2261 4010 2323 θυσίη,

2429 2343 2526 2397 καὶ
2567 2345 2631 2398 τὸ
2655 2345 2980 2414 βάπτισμα
3021 2347 3092 2411 ἐξ
3130 2347 3282 2402 ὅλου
3326 2348 3435 2402 τοῦ
3483 2352 3719 2418 κόσμου
3788 2351 4015 2404 ἀπολω-

2428 2439 2674 2492 λεκέναι
2705 2456 2718 2471 ο
2782 2441 2863 2507 ὡς
2932 2443 2987 2494 οί
3058 2443 3407 2496 Νικολαΐται
3474 2444 3620 2510 τοὺς
3683 2446 4013 2514 σαρκικοὺς

2431 2531 2658 2600 γάμους
2686 2531 3135 2600 παραχωροῦσι,
3166 2534 3266 2586 καὶ
3304 2534 3677 2591 διεκδικοῦσι
3738 2538 3870 2602 τοῖς
3911 2540 4013 2593 τοῦ

2431 2626 2589 2691 ἱεροῦ
2618 2626 3054 2692 θυσιαστηρίου
3082 2628 3411 2695 ὑπηρέταις
3433 2644 3448 2660 ’
3478 2630 3561 2696 ὡς
3588 2633 3641 2683 cl
3664 2633 4013 2698 Σεσηριανοι

2430 2716 2876 2784 ἐπικατάρατόν
2900 2732 3051 2785 φασι
3082 2717 3191 2770 τὸν
3227 2722 3418 2788 νόμον
3447 2721 3554 2774 τοῦ
3579 2722 3849 2787 Μωσέως
3872 2739 3889 2755 ·
3944 2726 4017 2788 ὡς

2433 2812 2495 2891 oi
2519 2811 3014 2880 Πνευματομάχοι
3039 2813 3077 2880 ἢ
3107 2815 3391 2884 θεομάχοι
3413 2814 3739 2883 ἀπέκοψαν
3774 2816 3899 2869 ἀπὸ
3926 2816 4017 2869 τοῦ

2433 2903 2748 2969 συμϐόλου
2832 2905 2963 2971 τοῦη
3008 2906 3211 2975 ἁγίου,
3260 2908 3609 2975 Πνεύματος
3678 2906 3803 2975 τὴν
3852 2908 4020 2961 ἐκπό-

2426 3008 2646 3061 ρευσιν
2665 2994 2733 3046 ἐκ
2768 2995 2873 3047 τοῦ
2899 2996 3034 3050 Υίοῦ
3060 3013 3075 3028 ·
3107 2998 3189 3063 ὡς
3209 3000 3264 3051 ol
3287 2997 3627 3066 Ναζωρηνοι
3662 2999 3775 3052 τὸν
3814 3016 4020 3067 caput-

2435 3085 2549 3138 κύν
2598 3084 2719 3139 τῶν
2772 3087 3084 3143 Ἰουδαίων
3150 3092 3528 3159 καθαρισμὸν
3561 3092 3663 3145 ἐπὶ
3727 3094 4022 3148 τοσοῦτον

2435 3179 2750 3245 τηροῦσιν,
2780 3179 2937 3233 ὥστε
2968 3180 3041 3234 τὰ
3074 3182 3278 3250 ,ϐρέφη
3346 3184 3419 3237 τὰ
3481 3186 3869 3253 θνησκόγενα
3914 3188 4023 3254 πρὸ

2435 3270 2546 3336 τῆς
2580 3272 2802 3341 ὀγδόης
2834 3274 3061 3341 ἡμέρας
3093 3274 3216 3329 ἀπὸ
3250 3273 3361 3341 τῆς
3410 3274 3760 3343 γεννήσεως
3814 3278 4025 3341 ,ϐαπτί-

2439 3363 2636 3424 ζεσθαι
2687 3366 3047 3435 ἀντιλέγειν,
3113 3368 3214 3421 καὶ
3266 3370 3375 3433 τὰς
3436 3368 3751 3438 γυναῖκας,
3796 3371 3909 3436 τὰς
3961 3370 4026 3421 ὲν

2437 3456 2563 3522 τοῖς
2594 3458 2988 3525 καταμηνίοις
3016 3457 3238 3521 αὐτῶν,
3267 3459 3390 3513 εἴτε
3426 3460 3497 3513 ἐν
3553 3459 3629 3527 τῇ
3670 3460 3862 3528 γέννᾳ
3911 3479 4026 3516 κιν-

2437 3551 2817 3617 δυνευούσας
2876 3554 3403 3621 κοινωνήσασθαι,
3474 3554 3596 3607 εἴτε
3668 3554 4027 3611 ἀΰάπτιστεί

2439 3646 2579 3708 εισι,
2600 3644 2995 3708 ,βαπτίζεσθαι
3023 3644 3409 3711 διακωλύειν,
3433 3647 3531 3699 καὶ
3552 3646 3668 3714 τὴν
3697 3650 3897 3716 κόμην
3926 3649 4030 3713 τῆς

2440 3735 2718 3805 κεφαλῆς
2772 3736 2873 3790 καὶ
2910 3737 3018 3791 τοῦ
3078 3737 3384 3807 πώγωνος,
3445 3740 3526 3804 ὡς
3582 3742 3639 3793 οι
3695 3740 4029 3807 Ναζωρηνοὶ

2440 3826 2781 3897 τρέφοντες,
2810 3828 2948 3893 τοὺς
2980 3828 3086 3894 τὰς
3110 3831 3298 3897 κόμας
3353 3831 3685 3898 κεφοντας,
3723 3833 3827 3885 καὶ
3889 3836 4033 3886 κατά

2441 3920 2558 3987 τὴν
2578 3919 2859 3984 διάταξιν
2924 3919 3035 3989 τῆς
3094 3918 3428 3990 Ῥωμαῖκῆς
3473 3920 3842 3989 Ἐκκλησίας
3897 3925 4033 3989 τοὺς

2445 4012 2736 4081 πώγωνας
2769 4011 3118 4082 ξιφίζοντας
3148 4015 3238 4079 εὶς
3274 4012 3394 4079 τὴν
3420 4015 3753 4067 κοινωνίαν
3770 4018 3847 4069 οὐ
3867 4033 4036 4072 κατα-

2444 4106 2724 4174 δέχωνται
2749 4119 2763 4132 ·
2794 4103 2947 4171 ὑπὲρ
2967 4099 3055 4156 ὦν
3084 4102 3466 4173 πλανισμῶν,
3497 4104 3595 4156 καὶ
3619 4103 3845 4172 ἐτέρων
3870 4108 4034 4158 πλεί-

2447 4212 2612 4252 στων
2642 4195 2835 4264 ἔργων
2868 4193 3078 4257 αὐτοῦ,
3128 4196 3162 4247 ό
3202 4194 3390 4259 αὐτὸς
3441 4194 3687 4263 Μιχαὴλ
3743 4196 4035 4266 γράμματι

2448 4289 2555 4343 τοῦ
2592 4288 2780 4355 κυροῦ
2814 4284 2984 4354 ἡμῶν
3004 4287 3267 4350 Λέοντος
3290 4286 3400 4340 τοῦ
3427 4287 3600 4339 πάπα
3627 4291 4033 4357 νουθετηθεὶς,

2449 4396 2653 4434 na..."
2677 4380 3159 4445 κατεφρόνησεν.
3198 4379 3447 4432 Ἔπειτα
3501 4378 3652 4448 ἡμῖν
3695 4380 3826 4446 τοῖς
3865 4384 4037 4451 dmi-

2448 4477 2583 4537 λοις
2615 4469 2805 4523 αὐτοῦ
2833 4471 2940 4532 τὰς
2971 4470 3299 4535 ὑποθέσεις
3339 4468 3459 4522 τῶν
3507 4473 3889 4537 τηλικούτων
3950 4492 4039 4527 κα-

2452 4563 2577 4618 κῶν
2602 4563 2864 4631 λογικῶς
2901 4561 3264 4629 ἀντιστῆναι
3313 4563 3592 4632 λέγουσι,
3648 4563 3765 4630 τὴν
3814 4582 4038 4633 παροιν-

2452 4657 2600 4710 σίαν
2628 4655 2840 4716 αὐτοῦ,
2879 4655 2979 4707 καὶ
3002 4656 3117 4721 τὴν
3146 4657 3492 4723 συντυχίαν
3518 4654 3835 4721 παντελῶς
3860 4660 4039 4727 ἀπηρ-

2453 4748 2707 4813 νήσατο,
2747 4750 2886 4801 οὔτε
2914 4746 2994 4812 τῷ
3029 4747 3186 4815 ὑγιεῖ
3213 4748 3588 4816 ,ϐουλεύματι
3609 4748 3730 4801 τῶν
3764 4752 4038 4819 absorpta

771 4838 1019 4901 decreuit,
1048 4838 1186 4891 hunc
1215 4840 1271 4892 in
1307 4841 1520 4893 modum
1550 4842 1957 4895 subscribimus.
1984 4842 2229 4907 Michael,
2260 4843 2348 4911 qui

2458 4841 2650 4909 τόρων
2665 4840 2762 4894 καὶ
2796 4838 2917 4893 τῶν
2947 4839 3159 4908 σοφῶν
3183 4842 3635 4893 νουθετούντων
3654 4842 4039 4895 κατασπάσα-

775 4930 1149 5001 patriarchatu
1203 4932 1466 4997 abutitur,
1518 4935 1834 5003 neophytus,
1889 4944 1939 4989 et
1988 4936 2081 5005 qui
2144 4945 2353 4989 tantum

776 5024 1008 5076 humano
1056 5024 1248 5077 timore
1286 5026 1641 5078 monasticum
1690 5027 1934 5079 habitum
1985 5028 2180 5092 induit,
2216 5044 2354 5081 nunc

780 5128 900 5167 tero
922 5114 1130 5168 delictis
1156 5114 1546 5169 incurabilibus
1574 5118 1719 5182 apud
1762 5120 1958 5173 multos
1985 5120 2352 5188 diﬂ'ormatus,

778 5214 828 5259 et
850 5220 959 5257 una
990 5220 1111 5258 cum
1157 5221 1217 5259 eo
1255 5204 1384 5269 Leo,
1418 5208 1508 5275 qui
1541 5208 1753 5261 Acrida:
1777 5210 1996 5276 dicitur,
2028 5222 2080 5265 et
2118 5212 2354 5281 ejusdem

782 5296 1051 5350 Michaelis
1114 5299 1427 5352 sacellarius
1480 5299 1853 5368 Nicephorus,
1898 5304 1987 5371 qui
2043 5302 2357 5357 Latinorum

785 5389 1111 5456 sacriﬁcium
1146 5391 1199 5442 in
1225 5402 1505 5459 conspectu
1555 5395 1790 5448 omnium
1828 5396 2047 5463 pedibus
2083 5396 2362 5452 conculca-

786 5481 881 5543 vit,
912 5481 1187 5549 ceterique
1208 5496 1390 5536 omnes
1416 5486 1505 5553 qui
1534 5501 1620 5538 eos
1657 5497 1951 5554 sequuntur
1980 5488 2033 5539 in
2056 5488 2176 5556 jam
2204 5487 2361 5541 dictis

787 5571 1052 5625 erroribus
1070 5582 1117 5624 et
1138 5572 1563 5640 facinoribus,sit
1583 5580 2224 5644 anathema,maranatha
2242 5597 2361 5632 cum

792 5663 1134 5725 Simonideis.
1165 5663 1418 5730 Valesiis,
1445 5670 1682 5735 Arianis,
1708 5670 2031 5737 Donatistis,
2061 5670 2362 5732 Nicolaitis.

797 5756 1572 5823 Secerianileanichwis,cum
1591 5762 1777 5830 quibus
1813 5764 2065 5833 dogmata
2097 5773 2361 5826 statuunt,

796 5856 843 5900 et
865 5847 986 5902 aliis
1004 5851 1089 5915 qui
1114 5850 1477 5917 fermentatum
1504 5854 1797 5908 animatum
1821 5873 1933 5909 esse
1952 5844 2156 5925 dicunl,
2179 5869 2226 5911 et
2249 5875 2363 5911 cum

2462 4937 2603 4988 σθαι
2620 4934 2828 4996 αὐτὸν,
2846 4935 2959 5001 οὐχ
2977 4932 3359 5000 ὑπήκουσεν,
3387 4932 3583 4998 καθὼς
3622 4934 3723 4985 καὶ
3759 4937 4041 5003 πρότερον

2462 5029 2571 5094 τὰς
2598 5026 2717 5081 τῶν
2751 5027 3027 5081 Λατίνων
3078 5025 3442 5091 Ἐκκλησίας
3473 5024 3894 5092 ἠσφαλίσατο,
3956 5026 4040 5079 καὶ

2463 5119 2685 5185 αὐτοὺς
2725 5117 3025 5188 Ἀζυμίτας
3064 5117 3397 5173 ἀποκαλῶν
3432 5117 3659 5184 ῥήματι
3714 5120 3816 5172 καὶ
3860 5121 4040 5189 ἔργοις

2466 5211 2786 5280 ἁπανταχῆ
2842 5210 3243 5274 κατεδιώξατο
3292 5211 3393 5263 ἐπὶ
3432 5213 3765 5277 τοσοῦτον,
3799 5213 3958 5268 ὥστε
3982 5215 4039 5265 ἐν

2460 5305 2586 5369 τοῖς
2616 5303 2769 5367 υίοῖς
2796 5302 2985 5356 αὐτοῦ
3016 5303 3469 5372 ἀναθεματίζειν
3492 5303 3606 5367 τὴν
3628 5304 4040 5370 ἀποστολικὴν

2463 5396 2782 5463 καθέδραν,
2808 5396 2938 5449 καθ’
2982 5391 3057 5465 ἧς
3094 5396 3317 5450 ἑαυτὸν
3344 5396 3433 5449 ἔτι
3473 5396 3809 5465 ὑπογράφει
3858 5401 4039 5451 οἰκουο

2460 5488 2704 5558 μενικὸν
2742 5486 3126 5555 πατριάρχην
3148 5502 3164 5516 ο
3198 5488 3338 5541 ὅθεν
3362 5487 3535 5555 ἡμεῖς
3572 5488 3687 5555 τῆς
3736 5488 3915 5557 ἀγίας
3944 5487 4037 5541 aito

2466 5579 2599 5647 τῆς.
2651 5579 2755 5632 καὶ
2805 5577 3043 5647 πρώτης
3090 5579 3513 5646 “manum?”
3580 5579 3879 5647 καθέδρας
3942 5580 4037 5644 τὴν

2467 5672 2847 5734 ἐξάκουστον
2890 5669 3043 5732 βίαν
3088 5672 3185 5724 καὶ
3226 5672 3398 5740 ὓϐριν
3451 5675 3564 5738 οὺχ
3618 5675 4034 5740 ὑποφέροντες.

2477 5766 2586 5828 τήν
2606 5782 2667 5817 τε
2690 5764 3023 5830 καθολικὴν
3047 5766 3264 5817 πίστιν
3293 5765 3697 5819 καταδύεσθαι
3762 5769 4038 5829 πολυτικῦ

2475 5874 2598 5924 πως
2676 5856 3073 5925 ὑφορώμενοι,
3142 5858 3451 5927 προκρίσει
3510 5857 3621 5926 τῆς
3682 5858 3896 5929 dying,
3955 5854 4031 5907 καὶ
