4202 6450
740 392 845 456 823

742 606 823 650 cst
861 599 911 649 in
939 614 1136 668 corpus
1165 602 1186 652 ’ἒ
1636 678 1639 679 ν

810 690 968 747 ACH.
1013 694 1162 747 llaud
1191 698 1408 765 quidem
1438 701 1568 753 scio.

815 780 974 836 SAM.
1012 784 1114 839 Per
1143 797 1329 856 guttur
1357 789 1516 845 cibus
1566 800 1618 845 et
1651 802 1812 864 potus
1845 795 1897 847 in
1935 794 2299 848 ventriculum

739 871 1128 939 demittuntur,
1170 886 1427 947 tanquam
1470 882 1522 936 in
1557 884 1721 938 ollam
1754 887 2013 955 aliquam.
2045 886 2150 939 Sed
2175 900 2299 939 cum

740 964 1170 1033 hepar'calidum
1230 972 1475 1039 adjacent
1528 978 1844 1039 stomacho,
1899 977 2159 1044 coquitur
2202 978 2301 1031 ali-

740 1063 1002 1120 mentum,
1042 1069 1096 1112 et
1128 1059 1181 1113 in
1215 1061 1431 1132 chylum
1464 1068 1837 1122 convertitur:
1868 1069 2121 1139 quodque
2153 1084 2316 1123 eraso.

740 1161 859 1199 sum
894 1155 1019 1213 est,
1078 1149 1333 1205 deorsum
1374 1153 1487 1208 abit
1519 1172 1532 1209 :
1580 1157 1723 1225 quod
1762 1167 1940 1214 autem
1989 1169 2148 1214 tenue
2176 1200 2190 1222 ,
2247 1161 2300 1214 in

741 1237 956 1307 chyium
998 1251 1262 1296 mutatum
1294 1245 1522 1302 innatat.
1570 1250 1639 1302 At
1688 1265 1818 1305 vero
1874 1268 1997 1305 cum
2032 1253 2185 1318 jecur
2231 1252 2303 1305 sit

740 1329 1000 1406 calidum;
1033 1333 1191 1387 molle
1218 1345 1273 1389 et
1306 1336 1508 1405 laxum,
1541 1340 1608 1393 ad
1639 1356 1697 1396 se
1746 1344 1971 1397 attrahit
2003 1354 2055 1400 et
2088 1346 2139 1398 in
2170 1361 2301 1399 san-

739 1422 954 1487 guinem
989 1429 1258 1481 convertit
1290 1446 1303 1482 :
1338 1445 1436 1484 nec
1466 1446 1575 1485 non
1608 1433 1921 1487 universum
1971 1451 2169 1503 corpus
2206 1452 2302 1506 per

740 1521 901 1562 venas
933 1510 1097 1564 veluti
1133 1528 1228 1581 per
1250 1516 1469 1570 canales
1502 1517 1709 1588 irrigat,
1735 1521 2051 1576 alimentum
2086 1524 2139 1576 in
2168 1524 2301 1595 chy-

738 1593 848 1647 lum
879 1610 1200 1655 conversum
1238 1605 1291 1658 in
1329 1607 1633 1663 ventriculo
1664 1610 2018 1680 distribuens,
2062 1615 2114 1667 in
2149 1615 2299 1683 ipso-

737 1685 917 1749 quein’
963 1692 1284 1757 sanguinem
1328 1709 1696 1762 conversum,
1757 1702 1988 1772 singulis
2042 1705 2300 1761 membris

736 1764 1152 1846 commutatum,
1183 1785 1487 1854 cuiusmodi
1520 1799 1602 1845 est
1631 1792 1759 1846 illud
1798 1796 2048 1849 :ossibus
2079 1812 2161 1857 os.
2188 1814 2300 1852 me-

736 1866 897 1921 dullae
942 1871 1229 1927 medullam
1256 1914 1271 1938 ,
1328 1879 1508 1933 nervis
1558 1896 1784 1937 nervum
1816 1924 1832 1948 ,
1865 1887 2038 1939 oculis
2070 1889 2259 1943 oculos
2287 1928 2301 1953 ,

738 1959 948 2025 capillis
978 1964 1232 2031 capillum
1266 2006 1278 2029 ,
1311 1970 1421 2023 cuti
1455 1982 1633 2028 cutem
1663 2016 1677 2039 ,
1710 1978 1983 2046 unguibus
2017 1996 2250 2049 unguem
2290 1999 2303 2033 :

738 2057 901 2117 atque
925 2051 995 2105 ita
1032 2054 1087 2107 fit
1123 2057 1349 2113 infantis
1384 2064 1781 2120 incrementum
1818 2068 1870 2121 in
1908 2070 2082 2122 virum
2121 2111 2135 2133 ,
2170 2087 2306 2139 pane

736 2140 783 2189 ei
821 2139 871 2192 in
899 2156 1103 2212 corpus
1137 2158 1367 2212 mutato,
1402 2161 1454 2205 et
1485 2156 1705 2224 potione
1737 2158 1790 2212 in
1822 2160 2167 2230 sanguinem.

810 2231 965 2288 ACII.
1010 2234 1147 2288 Vera
1182 2256 1473 2297 memoras.

810 2321 970 2378 SAM.
1002 2323 1199 2382 Eodem
1228 2332 1390 2385 etiam
1420 2344 1578 2403 pacto
1610 2337 1875 2410 intelligas
1902 2342 2014 2397 fieri
2056 2356 2299 2401 nostrum

737 2416 1079 2478 nys-teI-ittni.
1117 2416 1384 2471 Sacerdos
1415 2423 1557 2477 cnim
1587 2441 1781 2495 panem
1839 2446 2006 2502 super
2053 2452 2298 2492 mensam

735 2511 983 2557 sanctam
1035 2508 1305 2576 deponit,“
1326 2514 1531 2581 pariter
1570 2526 1622 2571 et
1671 2519 1856 2575 vinum
1897 2539 1910 2576 :
1958 2533 2011 2578 ct
2050 2541 2151 2580 con
2176 2544 2299 2596 pre-

736 2595 930 2661 cando,
976 2597 1323 2657 invocatione
1371 2615 1556 2660 sancta
1643 2609 1883 2680 Spiritus
1927 2629 2146 2672 sani-tus
2201 2621 2299 2674 de-

736 2689 970 2752 scendit,
999 2699 1053 2744 ct
1088 2698 1398 2763 supervenit
1433 2701 1484 2753 in
1514 2716 1575 2755 ea
1610 2720 1730 2772 qure
1773 2718 1897 2761 sunt
1949 2713 2228 2781 proposita
2278 2733 2290 2769 :

736 2790 787 2830 et
819 2781 941 2850 igne
969 2798 1080 2837 sua:
1112 2786 1415 2844 divinitatis
1441 2833 1454 2855 ,
1513 2793 1567 2846 in
1620 2812 1818 2865 corpus
1869 2808 1923 2853 ct
1976 2806 2292 2872 sanguinem

733 2870 969 2935 Christi,
1002 2891 1194 2944 panem
1227 2886 1281 2933 ct
1329 2881 1513 2935 vinum
1565 2898 1905 2954 commutat,
1948 2907 2055 2945 non
2110 2895 2295 2951 minus

733 2976 895 3026 quam
923 2963 1082 3029 jecur
1111 2968 1429 3024 alimentum
1464 2973 1514 3026 in
1546 2989 1743 3045 corpus
1798 2979 2077 3046 cujusdam
2115 2986 2292 3041 homi-

734 3055 840 3108 nis.
865 3057 947 3111 An
986 3073 1115 3123 non,
1156 3063 1372 3129 amabo,
1404 3067 1659 3124 concedis
1677 3085 1837 3138 posse
1866 3086 2284 3132 sacrosanctum

733 3143 826 3200 Dei
852 3146 1113 3216 Spiritum
1139 3153 1280 3208 idem
1309 3165 1566 3225 praestare
1595 3161 1740 3230 quod
1777 3169 1930 3219 tuum
1965 3164 2157 3235 jecur?

805 3238 964 3295 ΑΕΗ.
1007 3241 1281 3300 Concedo.

805 3330 965 3388 SAM.
1009 3334 1123 3389 [loc
1157 3337 1322 3406 igitur
1348 3354 1547 3411 corpus
1592 3352 1646 3399 et
1692 3349 2012 3418 sanguinem
2055 3355 2291 3409 assumi-

736 3438 860 3479 mus
911 3424 967 3479 in
1023 3429 1406 3485 remissionem
1464 3445 1852 3504 peccatorum,
1902 3450 1954 3494 et
2020 3441 2072 3496 in
2128 3446 2295 3499 vitam

733 3522 1013 3582 aeternam,
1048 3515 1277 3574 Domino
1308 3530 1495 3578 nostro
1542 3525 1751 3582 «licente
1793 3550 1806 3584 :
1853 3530 1955 3595 Qui
2008 3536 2296 3590 manducat

730 3620 898 3658 meam
931 3622 1164 3673 carnem,
1205 3621 1252 3663 et
1281 3612 1405 3667 bibit
1431 3631 1599 3668 meum
1638 3623 1945 3689 sanguinem
1966 3663 1981 3686 ,
2012 3625 2165 3678 habet
2215 3628 2293 3681 vi-

732 3704 838 3749 tam
871 3706 1121 3752 retentam
1157 3703 1196 3754 ‘.
1240 3702 1309 3757 lis
1361 3721 1489 3761 vero
1539 3709 1632 3778 qui
1688 3727 1793 3765 non
1849 3714 2007 3768 facile
2062 3718 2294 3772 credunt

729 3788 797 3840 oh
832 3787 885 3841 id
919 3790 1062 3858 quod
1115 3804 1380 3861 apparet,
1418 3807 1673 3868 tanquam
1726 3817 1828 3857 non
1883 3805 2191 3863 videntibus
2240 3809 2292 3864 id

729 3881 945 3936 evenire
982 3883 1129 3953 quod
1159 3900 1245 3941 res
1277 3889 1564 3956 pollicetur
1598 3896 1957 3963 corporaliter
1988 3899 2123 3953 eﬂici
2153 3902 2173 3970 (
2197 3918 2293 3971 pa-

728 3972 815 4027 nis
870 3975 1012 4028 enim
1072 3983 1125 4029 et
1181 3979 1369 4033 vinum
1430 3990 1729 4055 apparent)
1770 3992 2048 4058 ’przetcrea
2092 3992 2158 4045 iis
2196 3994 2289 4059 qui

727 4063 910 4118 dicunt
951 4082 965 4120 :
1006 4067 1126 4133 Quo
1157 4078 1316 4137 pacto
1358 4072 1469 4129 fleri
1507 4084 1685 4144 potest
1719 4089 1775 4131 ut
1800 4088 1977 4136 oratio
2016 4094 2069 4137 et
2094 4085 2294 4143 divina:

730 4157 947 4212 virtutis
999 4160 1274 4217 invocatio
1324 4180 1488 4237 super
1538 4185 1680 4239 pane
1731 4171 1916 4241 facta,
1971 4186 2293 4235 transmutat

726 4260 849 4299 eum
877 4247 929 4300 in
961 4263 1181 4304 carnem
1213 4251 1417 4318 vivam,
1447 4255 1677 4327 simplex
1710 4270 1763 4315 et
1799 4265 1959 4318 unica
1994 4268 2131 4322 ratio
2159 4271 2292 4324 satis

725 4336 849 4389 erit.
890 4336 1092 4392 Contra
1118 4341 1261 4394 enim
1292 4343 1752 4418 interrogabimus
1777 4394 1790 4417 ,
1822 4369 1946 4409 cum
1979 4362 2118 4413 ratio
2175 4376 2293 4415 car-

728 4427 867 4479 nalis
891 4431 1260 4496 generationis
1284 4436 1540 4493 omnibus
1566 4440 1635 4494 sit
1665 4444 1974 4512 perspicua,
2004 4450 2125 4516 quei
2155 4450 2286 4505 illud

729 4518 1007 4573 humidum
1039 4521 1184 4590 quod
1229 4524 1533 4582 infunditur
1579 4531 1645 4584 ad
1698 4538 2130 4601 procreationem
2174 4543 2288 4596 ani-

724 4607 904 4671 malis,
932 4608 985 4663 in
1013 4611 1285 4668 hominem
1319 4621 1894 4694 convertituriAtque
1931 4628 2073 4682 nulla
2114 4640 2198 4685 est
2235 4634 2287 4687 in

726 4701 825 4754 hac
855 4716 913 4754 re
941 4704 1104 4769 ratio,
1132 4720 1252 4774 qua:
1304 4709 1722 4770 ratiocinatione
1769 4716 1948 4785 aliqua
2004 4720 2288 4789 probabile

719 4792 851 4859 quid
897 4794 1207 4863 excogitare
1254 4812 1435 4867 queat.
1495 4802 1763 4869 Quidnam
1804 4810 1947 4863 enim
1994 4826 2284 4869 commune

720 4885 967 4939 definitio
1008 4886 1242 4940 hominis
1282 4891 1476 4947 collata
1527 4911 1651 4949 cum
1709 4898 1802 4951 illa
1845 4902 2111 4969 qualitate
2163 4920 2284 4974 quin

718 4976 986 5039 cernitur,
1014 4976 1215 5031 habet?
1241 4977 1373 5032 Nam
1429 4982 1591 5039 homo
1634 4997 1717 5040 est
1748 4988 2007 5057 quiddam
2046 4993 2279 5050 rationis

720 5068 1008 5135 particeps,
1038 5070 1200 5138 vique
1228 5073 1557 5143 intelligendi
1581 5079 1862 5147 pra'ditum
1898 5100 1911 5134 :
1939 5083 2069 5138 illud
2095 5095 2277 5140 autem

718 5157 771 5207 iu
818 5157 1037 5211 humida
1068 5163 1298 5227 quadam
1334 5168 1597 5233 qualitate
1624 5174 1895 5228 cernitur.
1928 5173 2127 5243 Nilque
2161 5192 2279 5229 am-

720 5242 860 5309 plius
887 5261 1047 5312 quam
1082 5248 1133 5301 id
1165 5251 1310 5318 quod
1345 5270 1505 5308 sensu
1539 5261 1785 5313 cernitur
1814 5301 1828 5325 ,
1860 5242 2279 5333 comprehendit

720 5333 1096 5401 intelligentia.
1132 5338 1235 5393 Sed
1265 5342 1467 5415 virtute
1515 5346 1697 5403 divina
1749 5352 1879 5405 illud
1941 5356 2281 5408 convertitur

720 5422 775 5473 in
810 5422 1122 5481 hominem:
1149 5446 1253 5497 qua
1294 5434 1529 5501 sublata,
1555 5449 1761 5506 perstat
1798 5442 2081 5497 immotum
2115 5454 2168 5499 et
2196 5446 2278 5499 in-

716 5510 927 5568 viiii-ax.
962 5514 1017 5569 Si
1048 5517 1370 5588 igiturillic,
1406 5542 1511 5580 non
1544 5529 1595 5582 id
1620 5530 1765 5599 quod
1808 5533 2115 5601 subjectum
2142 5543 2225 5590 est
2254 5546 2275 5599 ‘.

718 5603 993 5660 hominem
1039 5608 1241 5667 efﬁcit:
1300 5616 1395 5669 sed
1459 5618 1635 5676 virtus
1669 5622 1854 5677 divina
1899 5625 2163 5681 transfert
2221 5626 2274 5681 id

786 5779 805 5813 ¹
840 5779 993 5837 iam.
1026 5797 1100 5852 Vl,
1128 5783 1216 5840 55.

1986 402 2306 462 SAMON/E
2344 404 2711 471 GAZENSIS

815 503 969 558 SAM.
1008 506 1127 570 Quo
1164 509 1379 566 tandem
1435 522 1590 577 pacto
1641 512 1797 583 panis
1847 512 1944 566 tibi
2004 529 2301 568 conversus
2332 518 2378 573 Α

2378 5622 2670 5693 ἀνθρώπου
2730 5623 2893 5692 φύσιν
2946 5625 3237 5693 μεταποιεῖ
3275 5624 3338 5674 τὸ
3389 5625 3766 5695 φαινόμενον,

3874 418 3992 482 824

2480 520 2580 572 ΣΛ.
2614 524 2725 576 Καὶ
2758 524 2871 585 πῶς
2898 542 2978 579 σοι
3011 526 3176 596 ἄρτος
3218 527 3408 595 γέγονε
3445 528 3642 599 σῶμας

2473 701 2587 754 AX.
2619 701 2722 754 Τὸν
2749 702 2951 771 τρόπον
2974 705 3173 770 ἀγνοῶ.

2478 789 2581 843 ΣΛ.
2611 790 2707 841 Διὰ
2735 791 2829 843 τοῦ
2858 791 3056 861 λαιμοῦ
3088 795 3122 863 ἡ
3161 793 3365 864 βρῶσις
3387 797 3539 866 καὶὴ
3570 796 3728 859 πόσις
3780 799 3859 861 εἰς
3891 801 3994 851 τὸν

2410 881 2680 949 στόμαχον
2699 882 3122 951 κατέρχεται,ὡς
3141 887 3219 946 εἰς
3240 885 3446 953 χύτραν
3468 889 3913 955 ’παρακειμένου
3929 890 3993 942 δὲ

2404 971 2482 1041 τῷ
2501 974 2755 1043 στομὰχῲ
2773 974 2977 1043 θερμοῦ
2992 975 3143 1037 ὄντος
3162 976 3255 1028 τοῦ
3277 978 3505 1045 ἥπατος.
3526 978 3736 1046 ἐφεῖται
3758 981 3788 1045 ἡ
3806 982 3990 1049 τροφὴ

2407 1066 2498 1117 καὶ
2516 1065 2774 1135 χολοῦται
2797 1069 2892 1118 καὶ
2917 1067 2977 1118 τδ
3004 1066 3105 1135 μὲν
3137 1069 3483 1137 παχυμερὲς,
3516 1071 3667 1122 κάτω
3698 1076 3895 1138 γωρεί’
3927 1074 3992 1123 τι

2404 1154 2457 1208 δὲ
2478 1157 2832 1226 λεπτομερὲο,
2857 1158 3235 1226 κεχολωμένον
3270 1159 3612 1222 ἐπιπολάζει.
3647 1161 3739 1221 Ὠς
3770 1162 3827 1213 δὲ
3855 1163 3986 1227 θεο-

2407 1246 2506 1315 μὸν
2528 1247 2771 1316 ὑπάρχον
2797 1249 2857 1298 τὸ
2883 1244 3038 1318 ἧπαρ
3072 1250 3170 1301 xa‘t
3189 1250 3504 1316 au;sqa&t62;.
3534 1252 3753 1319 ἀνασπᾷ
3787 1253 3882 1303 καὶ
3903 1254 3986 1303 αἱ·

2407 1340 2584 1407 ματοί·
2606 1341 2697 1392 καὶ
2722 1339 2877 1402 ὠςδι⁹
2891 1341 3095 1409 ὀχετῶν
3108 1340 3253 1394 ἅπαν
3272 1342 3332 1393 τὸ
3355 1344 3513 1408 σ·ῖιμ;ι
3533 1342 3621 1393 διὰ
3641 1343 3749 1395 τῶν
3772 1344 3985 1409 ςλεϐὦν

2404 1433 2752 1501 καταρδεύει·
2783 1434 3008 1503 μερίζον
3037 1434 3137 1502 τὴν
3161 1435 3499 1502 χυῖιωθείσαν
3520 1436 3577 1485 ὲν
3611 1434 3688 1501 τῷ
3726 1437 3983 1503 στομάχῳ

2402 1523 2629 1591 τροφὴν,
2695 1526 2788 1576 καὶ
2820 1525 2878 1574 ὲν
2908 1524 3057 1593 αὖτῷ
3102 1525 3543 1593 αἱματωθεῖσαν,
3618 1527 3837 1594 ὲκάστῳ
3877 1528 3983 1576 τῶν

2407 1613 2588 1683 μελῶν
2664 1614 3306 1683 συμμεταϐαλλομένην,
3381 1611 3495 1668 οἶόν
3548 1617 3698 1667 ἐστιν
3761 1617 3982 1680 ἐκεῖνο,

2401 1705 2633 1767 ὀστείοις
2674 1704 2889 1768 ὀστοῦν,
2946 1705 3129 1773 μυελῷ
3194 1706 3423 1773 μυελὸν,
3484 1707 3701 1775 νεύροις
3762 1705 3980 1774 νεῦρον,

2402 1796 2699 1865 ὀφθαλμοῖς
2725 1797 3058 1866 ὀφθαλμοὺς,
3089 1796 3231 1866 θριξὶ
3275 1798 3460 1865 τρίχα,
3492 1797 3721 1864 δέρματι
3772 1795 3979 1862 δέρμα,

2412 1887 2588 1954 ὄνυξιν
2622 1888 2805 1957 ὄνυχα*
2834 1889 2927 1940 καὶ
2947 1886 3089 1940 οὕτω
3108 1888 3316 1953 γίνεται
3339 1890 3372 1956 ὴ
3400 1887 3493 1939 τοῦ
3515 1886 3748 1955 βρέφους
3780 1886 3862 1947 εις
3896 1886 3979 1936 ἄν-

2411 1977 2511 2047 δρα
2536 1977 2786 2047 αὔξησις,
2821 1978 2914 2030 τοῦ
2948 1976 3114 2047 ἄρτου
3159 1977 3307 2046 αὐτῷ
3355 1978 3639 2045 γεγονότος
3670 1975 3859 2045 σῶμα,
3890 1973 3978 2027 καὶ

2406 2068 2507 2136 τῆς
2530 2085 2569 2119 π
2586 2068 2740 2130 ῐσεως
2774 2060 2934 2135 αἷμα.

2472 2248 2585 2302 AX.
2614 2250 2815 2301 Ἔοικε.

2476 2341 2581 2394 ΣΛ.
2616 2341 2831 2411 Τρόπον
2888 2338 2979 2392 τὸν
3015 2338 3180 2391 αὐτὸν
3227 2338 3321 2389 καὶ
3353 2338 3412 2389 τὸ
3436 2338 3709 2408 ἡμέτερον
3750 2341 3863 2392 νόει
3896 2357 3962 2407 μο

2402 2432 2646 2499 γίνεσθαι
2701 2431 3021 2500 μυστήριον.
3076 2429 3273 2499 Τίθησι
3371 2428 3481 2498 γὰρ
3539 2429 3634 2481 ἐπὶ
3688 2429 3789 2498 τὴν
3819 2430 3974 2495 ἁγίαν

2398 2526 2675 2597 τράπεζαν
2700 2525 2728 2576 ὁ
2753 2524 2930 2592 ἱερεὺς
2957 2522 3051 2577 τὸν
3085 2522 3270 2591 ἄρτον,
3321 2521 3521 2591 ὁμοίως
3546 2520 3642 2574 καὶ
3671 2522 3763 2573 τὸν
3790 2517 3937 2574 οἶνον
3966 2537 3975 2553 ·

2398 2618 2492 2671 καὶ
2545 2617 2800 2686 δεομένου
2840 2618 3124 2681 ἐπικλήσει
3166 2615 3298 2685 ἁγίᾳ
3324 2615 3385 2666 τὸ
3439 2613 3667 2681 Πνεῦμα
3711 2614 3774 2664 τδ
3828 2614 3976 2679 ἆγιοι

2397 2710 2632 2769 κάτεισι,
2661 2706 3024 2774 καὶὲπιφοιτᾷ
3048 2706 3159 2765 τοῖς
3189 2701 3592 2771 προκειμένοις·
3621 2699 3813 2766 καλ.τῷ
3846 2701 3973 2768 mp‘

2395 2801 2493 2869 τῆς
2516 2799 2677 2852 αἱ.τοῦ
2719 2799 2968 2866 θεότητος
3021 2798 3100 2857 εἰς
3129 2795 3289 2863 σῶμα
3315 2796 3409 2847 καὶ
3434 2788 3571 2861 αἷμα
3608 2792 3851 2861 Χριστοῦ
3888 2792 3971 2842 tax

2394 2893 2557 2963 ἄρτον
2588 2892 2675 2944 καὶ
2710 2891 2799 2942 τὶν
2832 2886 2973 2942 οἶνον
3003 2885 3347 2956 μεταϐάλλει.
3374 2885 3471 2953 οὐχ
3498 2880 3659 2954 ἧττον
3692 2884 3807 2952 ἦτο
3826 2880 3968 2953 ἧπτε

2394 2987 2492 3053 τὴν
2545 2984 2771 3053 τροφὴν,
2805 2983 2883 3043 εἰς
2918 2980 2975 3033 τὸ
3003 2980 3097 3033 τοῦ
3130 2995 3278 3040 τινος
3349 2976 3662 3047 ἀνθρώπου.
3713 2978 3783 3028 Ἢ
3818 2979 3879 3026 οὐ

2393 3077 2515 3139 δως.
2548 3070 2592 3128 ὦ
2621 3075 2738 3139 τὰν,
2768 3071 3027 3125 δύνασθαι
3060 3074 3120 3123 τὸ
3160 3071 3429 3137 πανάγιον
3457 3066 3551 3119 τοῦ
3605 3066 3742 3119 Θεοῦ
3807 3066 3967 3117 Ilua-

2325 3172 2367 3230 C
2404 3185 2503 3238 μα,
2524 3168 2661 3236 ὅπερ
2693 3166 2752 3219 τὸ
2786 3164 2876 3220 σὺν
2907 3164 3124 3217 δύναται
3157 3156 3310 3233 ἦπῖρ
3350 3160 3619 3221 ὲκτε>.εἶν;

2469 3260 2584 3312 AX.
2625 3259 2845 3325 Δίδωμι.

2468 3354 2571 3407 ΣΔ.
2647 3351 2852 3404 Τούτου
2887 3349 3066 3404 τοίνυν
3123 3349 3216 3401 τοῦ
3279 3347 3535 3417 σώματος
3588 3346 3684 3398 καὶ
3740 3347 3967 3414 αἵματος

2401 3444 2896 3517 μεταλαμϐάνομεν
2926 3444 3005 3504 εἰς
3031 3441 3225 3509 ἄφεσιν
3253 3440 3566 3509 ἁμαρτιῶν,
3601 3440 3695 3493 καὶ
3721 3440 3805 3500 εἰς
3828 3438 3964 3506 ζωὴν

2398 3536 2637 3597 αἰώνιον,
2662 3532 2757 3586 τοῦ
2789 3532 3063 3584 Δεσπότου
3093 3531 3251 3599 ἡμῶν
3281 3531 3587 3599 εἰρηκότος·
3634 3529 3700 3580 '0
3736 3528 3964 3595 τρώγων

2393 3646 2510 3698 μου
2544 3627 2656 3693 τὴν
2711 3624 2927 3694 σάρκα,
2994 3624 3090 3676 καὶ
3122 3625 3315 3676 πίνων
3356 3640 3474 3689 μου
3504 3622 3575 3674 τὸ
3644 3615 3813 3689 αἷμα,
3851 3621 3967 3687 ἔχει

2397 3719 2555 3785 ζωὴν
2583 3720 2839 3771 αἰώνιον.
2880 3716 3005 3778 Τοῖς
3049 3717 3107 3768 δὲ
3141 3715 3445 3776 δυσπειθῶς
3501 3714 3692 3781 ἔχουσι
3746 3714 3883 3781 πρὸς
3915 3713 3967 3763 τί

2397 3809 2742 3879 φαινόμενον,
2774 3807 2849 3867 ὼς
2877 3806 2951 3876 μὴ
2984 3806 3247 3875 βλέπουσι
3281 3805 3342 3857 τὸ
3376 3804 3674 3874 συμϐαῖνον
3702 3806 3767 3873 τῇ
3802 3806 3969 3869 ἐπαγ·

2395 3899 2550 3969 γελξᾳ
2573 3900 2684 3951 τῶν
2716 3898 3045 3966 σωματικῶς
3074 3897 3484 3966 ἐνεργουμένων
3521 3897 3707 3965 (ἄρτος
3742 3896 3854 3963 γὰρ
3882 3896 3967 3948 καὶ

2395 3987 2535 4053 οἶνος
2581 3988 2851 4059 φαίνεται)
2906 3989 3131 4056 προσέτι
3189 3989 3245 4040 δὲ
3289 3988 3383 4039 καὶ
3418 3990 3530 4048 τοῖς
3553 3987 3799 4052 λέγουσι.
3837 3986 3962 4048 Πῶς

2396 4084 2511 4134 ἔστι
2541 4082 2763 4135 δυνατὸν
2820 4080 2986 4150 εὐχὴν
3020 4082 3114 4132 καὶ
3172 4079 3454 4148 δυνάμεως
3494 4078 3644 4140 θείας
3678 4078 3971 4146 ὲπέκὶησιν

2396 4176 2487 4228 ἐπὶ
2537 4173 2626 4227 τοῦ
2655 4175 2822 4243 ἄρτον
2882 4173 3187 4240 γενομένην
3254 4170 3619 4239 μεταϐάλλειν
3674 4171 3843 4223 αὑτὸν
3894 4172 3970 4232 εἰς

2397 4268 2572 4337 σάρκα
2595 4266 2794 4329 ζῶσανς
2810 4262 3015 4324 ἁπλοῦς
3042 4263 3265 4331 ἐξαρκεῖ
3287 4262 3464 4328 λόγος.
3482 4263 3537 4312 Ἀ
3548 4263 3969 4331 ντερωτήσομεν

2394 4360 2522 4429 γὰρ,
2545 4358 2640 4412 τοῦ
2670 4360 2873 4429 τρόπου
2906 4358 3007 4427 τῆς
3045 4358 3188 4411 κατὰ
3234 4358 3411 4424 σάρκα
3436 4358 3747 4424 γεννήσεως
3807 4359 3973 4410 πᾶσιν

2395 4452 2547 4513 ὄντος
2605 4450 2895 4519 προδήλου,
2955 4448 3073 4511 πῶς
3122 4449 3411 4518 ἄνθρωπος’
3459 4449 3637 4499 ἐκεῖνο
3692 4448 3758 4499 τὸ
3806 4449 3971 4518 ὑγρὶν

2394 4538 2624 4607 γίνεται,
2657 4539 2715 4590 τὸ
2744 4540 2824 4599 εἰς
2872 4538 3127 4605 ἀφορμὴν
3173 4536 3273 4605 τῆς
3315 4536 3629 4598 συστάσεως
3682 4535 3784 4588 τοῦ
3827 4538 3971 4598 {tum

2388 4629 2902 4697 καταϐαλλόμενονς
2971 4626 3133 4679 Ἀλλὰ
3203 4626 3311 4696 μὴν
3370 4627 3544 4689 οὐδεὶς
3617 4628 3706 4678 ἐπ’
3755 4630 3968 4681 ὲκεὲνου

2387 4718 2542 4784 λόγος
2577 4718 2746 4781 ἐστὶν,
2785 4716 2814 4764 ὁ
2840 4714 3085 4783 λογισμῷ
3114 4732 3220 4767 τινι
3254 4714 3315 4766 τὸ
3344 4715 3568 4768 πιθανὸν
3601 4714 3965 4787 ἑξευρέσκων.

2385 4809 2451 4863 Τί
2479 4810 2584 4877 γὰρ
2620 4808 2799 4860 κοινὸν
2823 4807 2936 4876 ἔχει
2967 4809 3091 4876 ὅρος
3122 4806 3415 4876 ἀνθρώπου
3455 4808 3590 4876 πρὸς
3612 4810 3711 4876 τὴν
3744 4812 3968 4879 ἐκείνην

2391 4902 2771 4975 θεωρουμένην
2790 4900 3053 4968 ποιότητα
3107 4900 3575 4969 συγκρινόμενοςς
3640 4902 3967 4969 Ἀνθρωπος

2397 4996 2495 5064 μὲν
2526 4994 2636 5063 γὰρ
2688 4990 2907 5058 λογικόν
2938 5006 2987 5040 τι
3042 4990 3231 5058 χρῆμα
3257 4991 3352 5041 καὶ
3384 4990 3730 5059 διανοητικόν
3762 4996 3913 5046 ἐστιν
3945 5012 3963 5027 ο

2390 5088 2565 5138 ἐκεῖνο
2598 5085 2654 5137 δὲ
2706 5085 2765 5135 ἐν
2822 5081 2967 5151 ὑγρᾷ
3015 5097 3122 5132 τινι
3181 5079 3472 5149 θεωρεῖται
3525 5082 3803 5152 ποιότητι.
3854 5086 3962 5138 Καὶ

2389 5179 2550 5230 πλέον
2580 5175 2731 5228 οὐδὲν
2786 5174 2880 5227 τοῦ
2943 5175 3063 5226 κατ’
3107 5173 3362 5241 αἴσθησιν
3417 5176 3701 5241 ὁρωμένου
3787 5195 3963 5230 κατα-

2387 5265 2654 5335 λαμϐάνει
2728 5265 2762 5332 ή
2814 5262 3010 5314 ἔννοια.
3086 5260 3249 5312 Ἀλλὰ
3320 5261 3439 5332 θείᾳ
3491 5262 3722 5330 δυνάμει
3783 5267 3962 5319 ἐκεῖνο

2386 5356 2670 5425 ἄνθρωπος
2724 5355 2934 5423 γίνεται
2959 5369 2974 5385 ο
3002 5348 3070 5424 ἦς
3099 5354 3175 5422 μὴ
3226 5349 3673 5423 συμπαρούσης(
3697 5358 3963 5428 ἀκίνητόν

2384 5448 2500 5499 ἐστι
2524 5446 2619 5499 καὶ
2638 5446 3020 5514 ἁνενέργητον.
3058 5445 3119 5496 Εἰ
3148 5440 3241 5496 οὖν
3273 5446 3392 5497 ἐκεῖ
3417 5445 3478 5498 οὐ
3503 5446 3563 5497 τὸ
3592 5448 3961 5518 ὑποκείμενον

2384 5538 2529 5589 ποιεῖ
2585 5535 2677 5588 τὸν
2736 5535 3042 5604 ἄνθρωπον,
3111 5533 3229 5587 ἀλλ’
3280 5537 3314 5605 ἡ
3362 5534 3479 5588 θεία
3525 5535 3763 5606 δύναμις
3816 5541 3959 5611 πρὸς

3854 5630 3956 5700 τῆς
