4202 6450
197 388 308 451 8‘29

1329 400 1424 460 DE
1455 397 1956 458 SACRAMENTO
2017 404 2366 464 ALTARIS.

3328 402 3432 466 830

195 502 338 558 ἐστι,
373 503 465 554 καὶ
489 501 618 566 ζῶν,
651 503 742 555 καὶ
767 504 1016 575 ἐνεργὴς,
1077 507 1171 560 καὶ
1204 510 1631 580 παντοδύναμος,
1669 516 1763 565 καὶ

1884 520 2078 574 ιοιθηε,
2107 523 2159 565 et
2181 528 2518 582 quaecunque
2544 513 2710 570 voluit
2732 513 3016 576 Dominus,
3042 513 3166 568 fecit
3197 516 3380 569 omnia
3412 533 3428 580 ;

194 593 378 644 πάντα
408 595 506 646 ὅσα
537 595 826 665 ἠθέλησεν,
854 599 883 648 6
910 599 1114 667 Κύριος
1144 601 1422 670 ἐποίησενο
1455 603 1515 656 οὐ
1545 602 1767 657 δύναται

190 685 287 735 τὸν
314 685 481 754 ἄρτον
507 689 586 749 είς
633 690 693 740 τὸ
756 690 885 742 ῐδιον
949 691 1114 743 αὐτοῦ
1168 693 1326 760 σῶμα
1376 696 1766 763 μεταποιῆσαι,

193 782 289 832 καὶ
326 781 424 849 τὴν
481 780 578 833 τοῦ
629 781 822 843 ὓδατος
878 785 971 835 καὶ
1030 782 1174 836 οἴνου
1210 787 1408 854 κρᾶσιν
1440 789 1520 848 είς
1547 788 1606 838 τὸ
1637 787 1767 839 ἴδιον

195 869 374 940 aiax;
441 873 529 934 Ὠς
578 873 683 940 γὰρ
748 870 901 926 εἷπεν
925 876 982 924 ὲν
1011 876 1076 944 τῇ
1115 877 1294 945 ἀρχῇ’
1357 877 1768 944 Βλαστησὰτω

193 966 234 1031 ἡ
273 964 348 1033 γῆ
409 964 789 1034 χλοὰζουσαν
829 967 1124 1034 βοτάνην,
1189 969 1282 1021 καὶ
1319 970 1481 1038 μέχρι
1528 970 1624 1022 τοῦ
1674 971 1769 1023 νῦν

199 1060 390 1121 ὕοντος
423 1060 584 1112 αὐτοῦ
622 1060 914 1128 βλαστάνει
951 1062 1182 1130 βοτάνας
1205 1064 1238 1130 ἡ
1270 1063 1362 1130 γῆ.
1400 1063 1771 1133 ὑπερασπίζο-

201 1151 344 1218 μένη
382 1150 477 1202 καὶ
505 1150 806 1220 βιαζομένη
852 1152 954 1203 ὑπὸ
981 1152 1080 1219 τῆς
1113 1151 1413 1214 κελεύσεως
1461 1153 1556 1204 τοῦ
1587 1153 1723 1205 Θεοῦ
1752 1170 1765 1184 ·

194 1241 374 1304 οὕτως
409 1236 561 1296 εἶπεν
614 1244 642 1293 6
675 1243 806 1304 Θεὸς
841 1261 856 1274 ·
895 1244 1079 1297 Τοῦτό
1148 1245 1281 1296 ἐστι
1312 1246 1376 1295 τὸ
1405 1243 1574 1312 σῶμά
1624 1264 1766 1314 μου,

199 1335 323 1398 καὶ,
367 1335 554 1388 Τοῦτό
577 1336 707 1388 ἐστι
745 1335 812 1387 τὸ
834 1331 975 1404 αἷμά
1000 1353 1143 1402 μου,
1175 1337 1290 1398 καὶ,
1331 1337 1510 1390 Τοῦτο
1547 1339 1768 1390 ποιεῖτε

197 1428 290 1490 εις
316 1426 432 1491 τὴν
459 1425 614 1492 ἐμὴν
636 1425 1001 1492 ἀνάμνησιν·⁸
1026 1428 1118 1478 καὶ
1147 1427 1317 1495 ταύτῃ
1349 1430 1412 1495 τῇ
1448 1426 1542 1478 τοῦ
1571 1445 1771 1481 παντο-

195 1516 444 1585 δυνάμου
476 1517 768 1586 προστάξει
820 1517 979 1585 μέχρι
1011 1517 1107 1585 τῆς
1135 1517 1296 1569 αὑτοῦ
1320 1518 1583 1588 δευτέρας
1627 1539 1769 1589 παρ-ι

197 1608 391 1670 ουσίας
443 1608 666 1675 γίνεται,
721 1609 842 1679 θείᾳ
891 1609 1146 1681 ἐπιπνοίᾳ
1178 1610 1269 1660 καὶ
1301 1610 1640 1677 ὲπιροιτήσει
1671 1614 1764 1666 τοῦ

199 1699 362 1765 ἁγίου
397 1700 535 1752 Πνεύ
545 1718 735 1768 ματος.

268 1790 362 1841 AX
426 1789 586 1844 Ἀλλὰ
620 1792 708 1843 διὰ
738 1793 791 1844 τί
819 1794 1018 1863 μᾶλλον
1052 1799 1079 1848 6
1113 1799 1344 1866 Χριστὸς
1398 1798 1503 1851 ὑπὸ
1524 1799 1599 1866 τῷ
1637 1798 1766 1850 εῖδει

203 1882 373 1950 ἄρτου
426 1883 520 1934 καὶ
574 1883 668 1936 τοῦ
722 1887 890 1951 οῐνου,
942 1891 1032 1941 καὶ
1069 1889 1302 1957 ὓδατος,
1355 1891 1450 1944 τοῦ
1518 1891 1767 1960 σώματος

207 1973 380 2026 αὑτοῦ
413 1977 802 2044 κεκρυμμένου
852 1981 947 2033 καὶ
979 1981 1074 2034 τοῦ
1107 1983 1358 2050 αἵματος,
1415 1985 1768 2054 μεταλαμϐά-

205 2083 321 2117 νειν
357 2066 692 2134 παρέδωκεν,
716 2067 746 2137 ἢ
771 2069 875 2122 ὑπὸ
902 2071 1035 2142 ἄλλῃ
1070 2072 1208 2143 ὕλης

270 2158 379 2210 ΣΑ.
414 2158 524 2210 Καὶ
551 2159 862 2230 ἧδηεῖρηκα
894 2164 1023 2232 περὶ
1053 2166 1265 2229 τούτου,
1297 2166 1390 2220 καὶ
1417 2169 1578 2223 πάλιν
1606 2169 1764 2233 λέξω.

204 2249 342 2300 Θεοῦ
375 2253 784 2318 συγκαταϐἀσει
823 2257 918 2307 καὶ
963 2257 1154 2326 ἀφάτῳ
1206 2259 1451 2329 προνοίᾳ,
1489 2263 1682 2329 ἀφέσει
1709 2281 1767 2316 τε

201 2341 295 2392 καὶ
326 2341 549 2404 ἀξιώσει
599 2345 678 2405 είς
713 2346 859 2413 ἡμᾶς
910 2346 1057 2398 τοῦτ’
1119 2350 1359 2414 ἐγένετο,
1398 2351 1485 2404 ἵνα
1534 2356 1645 2414 τοῖς
1670 2357 1768 2423 τῆς

203 2434 422 2500 φύσεως
459 2436 772 2504 συνήθεσιν,
838 2439 918 2501 είς
946 2441 1006 2491 τὸ
1037 2445 1230 2507 φαγεῖν
1256 2443 1349 2494 καὶ
1387 2447 1528 2496 πιεῖν
1580 2447 1769 2498 διαπε-

208 2527 410 2594 ρῶμεν,
443 2527 536 2579 καὶ
567 2529 964 2599 ἀναφερὼμεοα
999 2535 1078 2595 είς
1110 2535 1176 2585 τὰ
1207 2535 1348 2603 ὑπὲρ
1379 2541 1561 2603 φύσιν,
1626 2540 1770 2607 φηιή⁵

202 2618 246 2669 δ’
271 2619 348 2679 είς
377 2621 445 2670 τὰ
481 2618 598 2672 θεῖα
631 2623 921 2692 μυστήρια.
943 2623 1081 2676 Ἀλλ’
1105 2622 1196 2677 οὖν
1220 2627 1276 2677 ὲν
1300 2629 1430 2680 πᾶσι
1456 2631 1567 2686 τοῖς
1591 2629 1770 2692 ἄλλοις

204 2707 495 2777 βρώμασιν
532 2713 560 2762 6
593 2712 754 2780 ἄρτος
786 2713 886 2781 τὴν
910 2714 1132 2782 πρώτην
1153 2715 1341 2784 εἴληφε
1373 2719 1544 2782 τάξιν,
1569 2721 1770 2787 ὁμοίως

200 2803 295 2854 καὶ
331 2806 387 2853 ὲν
417 2804 529 2862 τοῖς
566 2806 751 2865 ποτοῖς
785 2805 843 2856 τὸ
871 2804 1014 2876 ὕδωρ
1041 2807 1188 2858 καὶὸ
1237 2807 1378 2871 οἶνος
1426 2813 1767 2880 προτερεύει.

201 2893 430 2954 Τούτοις
474 2893 676 2955 τοίνυν,
706 2895 784 2963 τῷ
814 2896 961 2966 ἄρτῳ
1018 2899 1161 2966 φημί
1217 2900 1311 2951 καὶ
1352 2902 1430 2967 τῷ
1488 2903 1616 2973 οἴνῳ
1674 2906 1771 2957 καὶ

202 2981 362 3035 ῦδατι
397 2985 530 3052 ἡμῖν
565 2985 830 3038 ἐθισθεῖσι
873 2988 1134 3052 συζεύξας
1176 2991 1204 3042 6
1245 2991 1447 3060 Κύριος
1477 2993 1575 3060 τὴν
1607 2995 1770 3048 αὑτοῦ

202 3075 462 3142 Θεότητα,
494 3079 558 3145 τῇ
580 3077 808 3146 δυνάμει
831 3078 926 3130 τοῦ
959 3083 1199 3149 ῥήματος
1226 3083 1411 3149 αὑτοῦ,
1500 3085 1565 3139 τὰ
1597 3087 1769 3140 πάντα

1873 618 2050 656 nonne
2081 613 2258 672 potest
2279 620 2471 674 panem
2508 607 2560 659 in
2581 620 2738 660 suum
2764 605 2936 674 ipsius
2962 620 3161 673 corpus
3193 614 3430 671 mutare,

1869 702 1922 747 et
1955 708 2107 762 aquze
2132 704 2185 746 et
2217 695 2324 747 vini
2352 696 2790 749 commistionem
2815 697 2868 748 in
2899 696 3178 764 proprium
3211 696 3437 762 sanguic

1871 785 2036 836 nem?
2068 784 2199 837 Nam
2228 787 2684 854 quemadmodum
2717 786 2870 840 initio
2918 785 3052 841 dixit
3108 804 3123 841 :
3170 785 3436 839 Gcrminet

1871 884 2011 927 terra
2045 876 2255 930 herbam
2281 879 2529 931 virentem
2570 880 2611 911 “
2638 920 2654 943 ,
2689 889 2742 933 et
2793 896 2967 948 usque
3007 880 3060 933 in
3112 878 3435 931 hodiernum

1870 967 2034 1032 diem,
2063 984 2129 1022 eo
2161 971 2394 1038 pluviam
2434 971 2700 1035 mittente,
2734 980 2878 1025 terra
2911 972 3180 1041 germinat
3209 970 3432 1032 herbas,

1871 1073 1990 1125 qum
2026 1059 2114 1114 Dei
2152 1062 2354 1113 auxilio
2385 1063 2710 1130 protegitur,
2744 1063 2972 1130 ejusque
3005 1062 3164 1130 jussu
3217 1061 3270 1114 id
3306 1076 3438 1130 prm-

1871 1162 2017 1204 stare
2046 1152 2282 1220 cogitur,
2317 1151 2390 1204 ita
2426 1153 2642 1206 loculus
2678 1160 2758 1205 est
2787 1150 2927 1206 Deus
2967 1171 2980 1206 :
3041 1151 3155 1206 Hoc
3198 1159 3276 1205 est
3329 1167 3439 1203 cor-

1869 1259 1964 1310 pus
1994 1259 2181 1296 meum.
2218 1243 2330 1296 Et:
2395 1243 2495 1295 llic
2542 1254 2618 1297 est
2672 1245 2890 1314 sanguis
2936 1260 3100 1297 meus.
3152 1244 3217 1296 Et
3255 1261 3268 1297 :
3327 1245 3440 1296 Hoc

1873 1336 2031 1403 facile
2062 1336 2116 1387 in
2141 1352 2301 1387 meam
2329 1337 2904 1394 commemorationem.
2959 1336 3124 1404 idque
3181 1335 3440 1402 Omnipo-

1870 1427 2032 1481 tentis
2061 1427 2313 1483 mandato
2362 1443 2534 1496 usque
2588 1427 2653 1480 ad
2705 1427 2825 1496 ejus
2881 1427 3178 1482 secumlum
3236 1425 3439 1478 adven-

1871 1526 1983 1572 tum
2027 1521 2117 1583 tit,
2170 1518 2350 1572 divina
2399 1519 2757 1590 inspiratione
2819 1528 2873 1572 et
2923 1533 3149 1572 accessu
3204 1515 3440 1583 Spiritus

1872 1612 2067 1665 sancti.

1941 1791 2097 1849 ACll.
2133 1791 2233 1847 Sed
2261 1806 2426 1861 quare
2453 1790 2702 1844 Christus
2747 1788 2847 1844 sub
2879 1786 3063 1856 specie
3091 1785 3266 1854 panis,
3297 1781 3429 1842 vini,

1875 1896 1926 1940 et
1962 1901 2113 1954 aqua:
2143 1885 2384 1937 abditum
2423 1898 2580 1934 suum
2611 1897 2810 1950 corpus
2833 1890 2887 1934 ct
2909 1877 3230 1945 sanguinem
3258 1874 3438 1942 potius

1877 1993 2130 2034 assumen
2155 1977 2263 2030 lum
2297 1973 2541 2036 tradidit,
2573 1990 2734 2043 quam
2765 1972 2869 2027 sub
2901 1970 3005 2023 alia
3050 1966 3318 2021 materia?

1950 2153 2105 2206 SAM.
2140 2151 2213 2204 De
2241 2150 2345 2203 hoc
2385 2147 2638 2217 superius
2673 2144 2805 2204 dixi.
2848 2158 3039 2198 rursus
3061 2141 3223 2196 etiam
3265 2139 3444 2194 dictu-

1878 2262 1990 2300 rus.
2032 2243 2351 2297 Dentittente
2383 2241 2525 2291 enim
2569 2253 2626 2290 se
2672 2236 2778 2289 Deo
2805 2275 2820 2298 ,
2853 2248 3059 2301 perque
3113 2233 3286 2298 ipsius
3324 2231 3441 2283 ile-

1879 2337 2208 2390 narrabilem
2251 2330 2672 2400 providentiam,
2701 2325 3157 2380 condonatiouem
3179 2365 3192 2387 ,
3233 2329 3286 2376 et
3315 2334 3444 2388 erga

1879 2445 1977 2483 nos
2008 2429 2402 2496 dignationem,
2443 2422 2646 2476 factum
2682 2428 2785 2482 est,
2823 2427 2880 2471 ut
2913 2433 3006 2486 per
3033 2432 3093 2471 ea
3136 2429 3255 2486 quae
3286 2414 3445 2468 nobis

1879 2539 1980 2577 usu
2039 2521 2104 2574 ad
2166 2517 2433 2572 edendum
2489 2525 2542 2568 et
2601 2513 2893 2568 bibendum
2961 2509 3242 2563 familiaria
3276 2515 3445 2570 sunt,

1879 2623 2260 2673 transeamus,
2311 2618 2364 2663 et
2411 2607 2475 2661 ad
2525 2621 2586 2659 ea
2638 2605 2993 2659 sustollamur
3039 2616 3158 2670 quae
3201 2607 3445 2654 nostram

1879 2714 2209 2775 exsuperant
2248 2713 2520 2764 naturam,
2554 2701 2604 2753 id
2638 2708 2759 2764 est,
2808 2697 2876 2752 ad
2931 2695 3181 2767 mysteria
3239 2693 3443 2745 divina.

1879 2798 2183 2863 Quinetiam
2218 2795 2358 2847 inter
2395 2794 2532 2844 alios
2571 2806 2758 2844 omnes
2790 2790 2941 2843 cibos
3003 2785 3155 2854 panis
3184 2783 3288 2838 sibi
3334 2780 3447 2850 pri-

1879 2903 2026 2940 mum
2061 2888 2237 2939 locum
2272 2883 2583 2936 vilttliCnVit.
2641 2881 2826 2934 Itidem
2891 2888 2945 2933 et
3004 2878 3142 2930 inter
3191 2875 3446 2945 potiones

1882 2995 2022 3050 aqua
2051 2989 2106 3034 et
2140 2979 2324 3031 vinum
2369 2975 2576 3046 primas
2633 2979 2836 3026 tenent.
2889 2970 2989 3024 llic
3038 2969 3240 3038 igitur,
3281 2979 3448 3033 pane.

1881 3076 2102 3144 inquam
2131 3112 2144 3134 ,
2173 3071 2302 3125 vino
2331 3080 2382 3122 et
2409 3083 2548 3137 aqua
2581 3067 2736 3120 nobis
2783 3061 3106 3118 assuefactis
3133 3100 3150 3123 .
3191 3058 3451 3113 Dominus

202 3169 271 3218 ὲκ
307 3166 403 3217 τοῦ
444 3168 517 3236 μὴ
546 3167 699 3229 ὄντος
729 3170 810 3231 είς
840 3170 901 3222 τὸ
927 3166 1065 3224 εἶναι
1079 3175 1421 3244 παρήγαγεν,
1446 3151 1528 3236 είς
1559 3178 1619 3230 τὸ
1644 3179 1771 3232 ἴδιον

1884 3167 2168 3233 conjuncta
2201 3177 2296 3216 sua
2325 3161 2608 3214 divinitate
2633 3199 2647 3223 ,
2702 3159 2899 3210 virtute
2944 3155 3027 3208 sui
3085 3151 3292 3214 Verbi,
3343 3162 3450 3217 qua

202 3259 373 3310 αὑτοῦ
433 3259 593 3326 σῶμα
646 3261 742 3313 καὶ
768 3255 909 3330 αἷμα
939 3263 1079 3315 αὐτὰ
1111 3265 1464 3332 μεταϐάλλει.
1502 3269 1702 3337 "Apto;
1731 3269 1775 3322 δ’

203 3351 357 3418 ὅμως
388 3350 484 3404 καὶ
514 3346 656 3412 οἶνος
689 3351 1179 3420 παραλαμὸάνεται
1234 3357 1326 3408 καὶ
1360 3358 1633 3422 φαίνεται.
1671 3360 1780 3412 Καὶ

207 3441 369 3495 τοῦτο
417 3441 494 3510 τῷ
542 3443 876 3513 οἰκονομικῷ
926 3445 1115 3516 τρόπῳ
1172 3448 1266 3499 καὶ
1329 3450 1776 3522 συγκαταὸατικῇ

204 3533 408 3602 δωρεᾷ,
441 3533 755 3601 ἀφαιρεῖται
777 3534 937 3602 ἡμῶν
961 3536 1060 3605 τὴν
1093 3536 1296 3606 φρίκην
1350 3541 1444 3591 καὶ
1471 3539 1562 3592 τὸν
1594 3541 1776 3607 φόϐον,

209 3624 268 3675 δν
296 3625 611 3691 φρίττοντες
663 3625 990 3695 κατείχομεν
1036 3628 1122 3688 ἂν,
1154 3630 1203 3680 εί
1232 3627 1330 3698 τὴν
1378 3630 1544 3683 αὐτοῦ
1603 3633 1779 3701 σάρκα

207 3717 266 3767 ἐν
323 3715 402 3782 τῷ
429 3715 598 3783 αὐτῆς
633 3714 746 3785 ίδίῳ
781 3716 911 3768 είδει
938 3716 1031 3770 καὶ
1060 3718 1118 3771 τὸ
1166 3713 1303 3786 αἷμα
1327 3721 1614 3774 ἐκέλευσεν
1633 3725 1781 3794 ἡμᾶς

210 3805 539 3872 λαμϐάνειν.
576 3805 720 3873 Πρὸς
790 3805 1000 3869 τούτοις
1026 3808 1102 3872 δὲ,
1131 3812 1224 3862 καὶ
1271 3812 1340 3864 τὰ
1395 3813 1602 3880 ἔκφυλα
1648 3816 1780 3886 γένη

211 3897 375 3966 ἡμῶν
406 3896 778 3966 σαρκοεορίαν
830 3899 1187 3967 κατέγνωσαν
1216 3901 1306 3963 ἂν,
1364 3903 1594 3972 λέγοντα
1624 3907 1781 3968 δίκην

209 3987 423 4055 θηρίων
453 3987 603 4055 ἡμᾶς
651 3988 975 4056 αἱμοποτεῖν
1016 3988 1110 4042 καὶ
1138 3989 1465 4061 ὠμοϐορεῖν,
1502 3993 1536 4047 ἃ
1567 3993 1653 4047 διὰ
1683 3996 1780 4064 τὴν

210 4074 495 4141 ἀπιστίαν,
523 4074 685 4144 ἄρτον
734 4078 894 4145 μόνον
947 4079 1042 4132 καὶ
1087 4075 1230 4132 οἶνον
1256 4081 1484 4151 ὁρῶσιν·
1525 4085 1574 4136 οἱ
1605 4084 1660 4137 δὲ
1693 4102 1782 4137 πιο

210 4167 328 4220 στοὶ
357 4166 516 4235 σῶμα
546 4165 640 4219 τοῦ
668 4167 908 4236 Χριστοῦ
932 4170 1026 4223 καὶ
1039 4165 1179 4239 αἷμα
1205 4173 1267 4223 τὸ
1302 4174 1366 4225 ἐκ
1391 4174 1491 4242 τῆς
1508 4175 1778 4245 ἀχράντου

216 4258 481 4327 χεόμενον
539 4255 811 4326 πλευρᾶς’
853 4258 1040 4327 ὥσπερ
1110 4260 1207 4312 καὶ
1254 4260 1313 4314 ἐν
1346 4262 1423 4330 τῷ
1460 4266 1552 4316 τοῦ
1589 4265 1786 4334 βαπτίο

219 4365 430 4418 σματος
481 4348 757 4418 λουτηρίῳ
806 4351 857 4402 οῖ
911 4352 1142 4421 ἀπιστία
1187 4353 1566 4423 κατεχόμενοι,
1645 4355 1788 4425 ὕδωρ

220 4441 386 4508 μόνον
415 4441 505 4492 ἰπὶ
529 4440 629 4506 τῆς
651 4441 1041 4512 κολυμϐήθρας
1071 4443 1270 4512 ὁρῶσιν
1292 4462 1304 4476 ο
1333 4446 1383 4497 oi
1413 4447 1468 4499 δὲ
1515 4449 1695 4501 πιστοὶ
1724 4449 1786 4501 τὸ

1883 3257 2062 3312 omnia
2093 3264 2154 3309 ut
2175 3265 2356 3308 essent
2399 3267 2464 3305 ex
2493 3251 2664 3304 nihilo
2709 3247 3010 3316 produxit,
3058 3244 3110 3296 in
3170 3241 3448 3310 proprium

1881 3362 2037 3402 suum
2069 3360 2265 3414 corpus
2296 3353 2347 3396 et
2375 3343 2693 3410 sanguinem
2749 3353 2811 3394 ea
2844 3335 3125 3392 transfert.
3162 3333 3450 3387 Verumta-

1884 3452 2002 3490 men
2039 3435 2191 3503 panis
2224 3442 2280 3487 ct
2306 3432 2492 3486 vinum
2524 3437 2902 3490 assumuntur,
2938 3433 2992 3480 et
3049 3432 3329 3494 apparent.
3367 3421 3449 3475 ld-

1881 3544 1986 3598 que
2027 3525 2277 3596 prudenti
2308 3523 2719 3592 dispensatione
2747 3534 2810 3573 ac.
2843 3517 3076 3588 gratuita
3110 3513 3446 3569 demissione

1883 3623 1966 3675 Stli
2005 3619 2071 3672 ad
2113 3627 2328 3684 captum
2365 3623 2610 3667 nostrum
2642 3651 2657 3672 ,
2690 3609 2830 3663 tollit
2875 3623 2903 3660 a
2947 3607 3104 3660 nobis
3158 3606 3444 3659 horrorem

1883 3721 2043 3780 atque
2070 3718 2270 3762 metum
2304 3708 2394 3775 qui
2424 3701 2673 3758 deterriti
2710 3701 2778 3755 ab
2808 3714 2874 3754 eo
2931 3699 3316 3754 resiliissemus
3340 3737 3357 3763 ,
3404 3695 3451 3750 si

1884 3817 2106 3858 carnem
2140 3815 2295 3855 suam
2325 3799 2376 3852 in
2411 3812 2510 3851 sua
2536 3795 2752 3865 propria
2783 3792 2964 3864 specie
2985 3832 3000 3857 ,
3029 3799 3084 3845 et
3135 3788 3454 3859 sanguinem

1881 3894 2140 3964 jussisset
2189 3905 2290 3945 nos
2340 3901 2639 3944 assumere.
2697 3885 2940 3947 Adbaec,
2992 3890 3190 3938 exterat
3240 3894 3460 3950 quoque

1885 3987 2139 4040 nationes
2171 3980 2628 4035 condemnassent
2659 3992 2759 4032 nos
2786 3973 3103 4029 voracitatis
3135 3971 3317 4027 carnis
3347 3972 3457 4024 hu.

1887 4091 2084 4139 manat,
2119 4073 2390 4136 dicentes,
2424 4086 2526 4125 nos
2556 4085 2706 4123 more
2736 4067 2972 4122 ferarum
3025 4063 3343 4131 sanguinem
3379 4062 3459 4115 bi-
3541 4104 3543 4106 .

1887 4170 2035 4233 bere,
2068 4177 2122 4222 et
2145 4165 2373 4220 crudam
2401 4177 2622 4218 carnem
2652 4174 2844 4214 vorare
2876 4176 2893 4218 :
2941 4172 3065 4226 mia:
3111 4165 3332 4225 propter
3371 4154 3458 4207 in-

1888 4256 2263 4313 credulitatem
2324 4253 2502 4308 solum
2561 4265 2754 4320 panem
2803 4256 2859 4303 et
2910 4247 3096 4301 vinum
3129 4247 3456 4300 intuentur:

1889 4351 1982 4404 sed
2017 4347 2202 4402 ftdeles
2229 4359 2432 4414 corpus
2465 4341 2665 4398 Christi
2702 4347 2760 4395 et
2799 4339 3114 4408 sanguinem
3167 4352 3233 4391 ex
3277 4335 3463 4389 incon-

1891 4439 2156 4496 taminato
2184 4437 2304 4505 ejus
2356 4435 2525 4488 latere
2571 4431 2827 4487 effusum.
2879 4425 3349 4494 Quemadmodum
3405 4434 3464 4480 et

219 4532 364 4602 ὕδωρ
397 4534 491 4584 καὶ
528 4531 636 4599 πῦρ
668 4533 761 4584 καὶ
785 4531 1006 4602 πνεῦμα
1048 4535 1379 4603 καθορῶσιν.
1406 4537 1578 4590 Ὅταν
1604 4539 1660 4591 δὲ
1687 4541 1771 4593 καὶ

1895 4531 1949 4584 in
1986 4530 2202 4582 lavacro
2228 4522 2573 4594 baptismatis
2602 4562 2617 4586 ,
2647 4520 2741 4590 qui
2776 4527 2906 4573 sunt
2948 4516 3192 4572 infideles
3219 4555 3236 4580 ,
3289 4514 3461 4569 solam

214 4625 419 4677 ἐκεῖνοι
446 4623 666 4691 μέτοχοι
694 4623 962 4690 γένωνται
989 4625 1083 4676 τοῦ
1110 4624 1505 4696 βαπτίσματος,
1535 4630 1658 4681 τότε
1693 4633 1787 4700 καὶ

217 4713 376 4766 αὐτοὶ
405 4714 464 4765 τὸ
492 4712 711 4781 βέϐαιον
740 4717 804 4765 ὲκ
837 4713 934 4766 τοῦ
968 4715 1226 4783 αἰσθητοῦ
1270 4707 1617 4785 λαμϐάνουσι
1647 4722 1785 4791 πρὸς

217 4809 320 4872 τὴν
385 4806 618 4873 ἀόρατον
668 4807 1054 4876 ἁναγέννησιν.
1095 4809 1285 4872 Ὥστε,
1317 4811 1370 4862 εί
1418 4812 1501 4872 τίς
1531 4815 1679 4864 ἐστιν
1731 4819 1790 4868 ὲν

218 4892 300 4962 τῷ
331 4892 485 4945 ’ὕδατι
511 4893 694 4963 χάρις,
729 4895 831 4947 οὐκ
861 4896 925 4947 ὲκ
952 4897 1051 4964 τῆς
1078 4898 1291 4966 φύσεώς
1318 4901 1436 4951 ἐστι
1458 4900 1550 4953 τοῦ
1573 4901 1787 4967 ὓδατος,

221 4983 336 5035 ἀλλ’
360 4986 425 5036 ὲκ
477 4985 573 5054 τῆς
601 4985 695 5038 τοῦ
746 4986 1064 5056 Πνεύματος
1095 4991 1416 5060 παρουσίας.

294 5251 412 5302 AX.
439 5250 712 5318 ﬂp66qilov
734 5252 814 5304 ὅτι
847 5253 1023 5306 πάντα
1055 5257 1256 5324 τρόπον
1287 5257 1468 5320 καλῶς
1501 5259 1793 5327 κηρύττεις

227 5340 321 5392 καὶ
347 5339 600 5410 διεξέρχῃ
623 5341 690 5392 τὰ
721 5344 817 5410 τῆς
839 5342 1072 5406 πίστεως
1094 5345 1188 5396 τοῦ
1221 5345 1456 5415 Χριστοῦ
1496 5349 1791 5416 μυστήρια.

227 5429 363 5497 Περὶ
407 5427 598 5480 τούτου
628 5429 683 5480 δὲ
717 5432 1045 5502 ἀπορήσειεν
1097 5434 1162 5486 ἄν
1214 5451 1333 5498 τις,
1402 5435 1518 5497 πῶς
1545 5431 1628 5498 εἷς
1657 5436 1731 5488 ὢν
1765 5438 1793 5489 6

223 5517 358 5578 Θεὸς
405 5521 496 5570 καὶ
519 5519 575 5570 τὸ
619 5520 777 5589 σῶμα
802 5522 895 5574 τοῦ
927 5523 1163 5591 Χριστοῦ
1198 5525 1277 5588 ἓν,
1310 5525 1390 5587 είς
1442 5526 1792 5596 ἁναρίϐμητα

225 5609 455 5679 σώματα
510 5611 603 5662 καὶ
657 5613 796 5682 μέρη
859 5615 1171 5683 διαιρεῖται.
1216 5616 1401 5669 Πολλοὶ
1445 5616 1509 5668 τὰ
1562 5618 1790 5687 διαιρού-

342 5789 383 5818 ¹¹
419 5787 626 5847 (it-n.1,
664 5791 744 5843 ll.

1901 4636 2094 4692 aquam
2121 4620 2175 4674 in
2220 4617 2430 4687 piscina
2467 4615 2651 4667 vident
2693 4627 2707 4665 :
2740 4612 2925 4665 ﬁdeles
2952 4619 3129 4664 autem
3156 4649 3173 4675 ,
3222 4623 3416 4678 aquam
3445 4646 3462 4668 ,

1897 4716 2098 4786 ignem,
2128 4722 2183 4768 ct
2220 4711 2482 4780 Spiritum
2531 4705 2992 4775 contemplantur.
3037 4703 3171 4759 Cum
3222 4717 3352 4756 vero
3386 4702 3461 4755 illi

1895 4807 2060 4860 etiam
2089 4802 2382 4872 participes
2417 4799 2760 4867 baptismatis
2813 4794 3016 4847 fuerint
3063 4792 3277 4857 effecti,
3330 4799 3465 4844 tunc

1895 4894 1998 4964 ipsi
2028 4907 2241 4961 quoque
2296 4888 2602 4941 firmitatem
2663 4901 2726 4939 ac
2785 4886 2955 4939 robur
3017 4899 3046 4936 a
3103 4899 3161 4938 re
3209 4882 3465 4936 sensibus

1906 4991 2157 5055 percepta
2211 4985 2434 5036 sumunt
2480 4979 2548 5031 ad
2599 4978 2925 5032 invisibilem
2981 4976 3468 5046 regenerationem.

1906 5077 2096 5145 Itaque
2122 5077 2164 5128 si
2202 5088 2306 5143 qua
2341 5080 2423 5126 est
2456 5071 2632 5139 gratia
2665 5071 2719 5123 in
2751 5083 2913 5138 aqua,
2947 5082 3056 5121 non
3087 5074 3171 5121 est
3216 5080 3283 5119 ex
3316 5077 3470 5134 aqua:

1905 5179 2120 5230 natura,
2153 5167 2244 5218 sed
2280 5180 2345 5218 ex
2377 5165 2610 5215 adventu
2645 5159 2881 5226 Spiritus
2916 5159 3111 5212 sancti.

1973 5257 2129 5309 ACll.
2187 5253 2302 5306 Non
2342 5252 2566 5304 dubium
2632 5259 2752 5311 est,
2800 5251 2930 5315 quin
2988 5245 3239 5300 omnibus
3291 5243 3469 5298 modis

1906 5345 2343 5414 rectefprzrdices
2372 5349 2426 5396 ct
2469 5354 2758 5392 recenseas
2810 5337 3069 5407 mysteria
3123 5333 3244 5387 fidei
3304 5331 3469 5384 Chri-

1903 5441 2108 5491 stianze.
2144 5434 2339 5488 Verum
2395 5430 2462 5483 de
2494 5432 2593 5482 hac
2641 5443 2698 5481 re
2754 5428 3032 5495 ambigere
3065 5425 3187 5490 quis
3233 5429 3463 5491 posset,

1902 5544 2010 5597 quo
2060 5536 2220 5596 pacto
2271 5538 2392 5577 cum
2426 5521 2499 5574 sit
2550 5534 2691 5572 unus
2749 5517 2888 5572 Deus
2941 5527 2994 5570 ct
3044 5529 3212 5568 unum
3268 5525 3468 5578 corpus

1901 5619 2138 5682 Christi,
2174 5618 2228 5671 in
2285 5614 2494 5668 infinita
2549 5626 2779 5682 corpora
2829 5617 2883 5665 ct
2930 5617 3114 5679 partes
3169 5605 3462 5661 dividatur.
