  <div class='ocr_page' id='page_1' title='image "/cluster/home/n/w/nwhite01/storage/ocr_20150623/120/nnc1.0046979972/419.png"; bbox 0 0 4202 6450; ppageno 0'>
   <div class='ocr_carea' id='block_1_1' title="bbox 740 386 848 450">
    <p class='ocr_par' dir='ltr' id='par_1_1' title="bbox 740 386 848 450">
     <span class='ocr_line' id='line_1_1' title="bbox 740 386 848 450; baseline -0.019 0"><span class='ocrx_word' id='word_1_1' title='bbox 740 386 848 450; x_wconf 68' lang='grc' dir='ltr'><strong>διο</strong></span> 
     </span>
    </p>
   </div>
   <div class='ocr_carea' id='block_1_2' title="bbox 1928 380 2809 441">
    <p class='ocr_par' dir='ltr' id='par_1_2' title="bbox 1928 380 2809 441">
     <span class='ocr_line' id='line_1_2' title="bbox 1928 380 2809 441; baseline -0.001 0"><span class='ocrx_word' id='word_1_2' title='bbox 1928 381 2251 441; x_wconf 79' lang='lat' dir='ltr'><strong>NICETAS</strong></span> <span class='ocrx_word' id='word_1_3' title='bbox 2294 380 2809 441; x_wconf 69' lang='lat' dir='ltr'><strong>PECTORATUS.</strong></span> 
     </span>
    </p>
   </div>
   <div class='ocr_carea' id='block_1_3' title="bbox 3879 389 3983 451">
    <p class='ocr_par' dir='ltr' id='par_1_3' title="bbox 3879 389 3983 451">
     <span class='ocr_line' id='line_1_3' title="bbox 3879 389 3983 451; baseline 0 0"><span class='ocrx_word' id='word_1_4' title='bbox 3879 389 3983 451; x_wconf 72' lang='grc' dir='ltr'><strong>ειι</strong></span> 
     </span>
    </p>
   </div>
   <div class='ocr_carea' id='block_1_4' title="bbox 737 490 2300 563">
    <p class='ocr_par' dir='ltr' id='par_1_4' title="bbox 737 490 2298 563">
     <span class='ocr_line' id='line_1_4' title="bbox 737 490 2298 563; baseline -0.002 -12"><span class='ocrx_word' id='word_1_5' title='bbox 737 495 1014 558; x_wconf 75' lang='lat' dir='ltr'><strong>custodias</strong></span> <span class='ocrx_word' id='word_1_6' title='bbox 1058 494 1414 551; x_wconf 77' lang='lat' dir='ltr'><strong>Sabbatorum</strong></span> <span class='ocrx_word' id='word_1_7' title='bbox 1474 490 1718 563; x_wconf 70' lang='lat' dir='ltr'><strong>projicite</strong></span> <span class='ocrx_word' id='word_1_8' title='bbox 1780 491 1997 547; x_wconf 85' lang='lat' dir='ltr'><strong>miseris</strong></span> <span class='ocrx_word' id='word_1_9' title='bbox 2050 492 2298 560; x_wconf 69' lang='lat' dir='ltr'><strong>Judaeis;</strong></span> 
     </span>
    </p>
   </div>
   <div class='ocr_carea' id='block_1_5' title="bbox 2404 490 3975 563">
    <p class='ocr_par' dir='ltr' id='par_1_5' title="bbox 2406 490 3975 562">
     <span class='ocr_line' id='line_1_5' title="bbox 2406 490 3975 562; baseline 0.003 -17"><span class='ocrx_word' id='word_1_10' title='bbox 2406 493 2667 561; x_wconf 73' lang='grc' dir='ltr'><strong>καθολικὴ</strong></span> <span class='ocrx_word' id='word_1_11' title='bbox 2709 490 3007 561; x_wconf 81' lang='grc' dir='ltr'><strong>Ἐκκλησία</strong></span> <span class='ocrx_word' id='word_1_12' title='bbox 3036 490 3258 556; x_wconf 65' lang='grc' dir='ltr'><strong>ἐδέξατο</strong></span> <span class='ocrx_word' id='word_1_13' title='bbox 3288 493 3384 545; x_wconf 83' lang='grc' dir='ltr'><strong>καὶ</strong></span> <span class='ocrx_word' id='word_1_14' title='bbox 3414 492 3675 562; x_wconf 76' lang='grc' dir='ltr'><strong>φυλάττει</strong></span> <span class='ocrx_word' id='word_1_15' title='bbox 3721 492 3975 557; x_wconf 68' lang='grc' dir='ltr'><strong>εὖσεῦῶς</strong></span> 
     </span>
    </p>
   </div>
   <div class='ocr_carea' id='block_1_6' title="bbox 736 582 2303 652">
    <p class='ocr_par' dir='ltr' id='par_1_6' title="bbox 736 582 2303 652">
     <span class='ocr_line' id='line_1_6' title="bbox 736 582 2303 652; baseline -0.003 -10"><span class='ocrx_word' id='word_1_16' title='bbox 736 587 986 642; x_wconf 76' lang='lat' dir='ltr'><strong>similiter</strong></span> <span class='ocrx_word' id='word_1_17' title='bbox 1008 595 1062 641; x_wconf 90' lang='lat' dir='ltr'><strong>et</strong></span> <span class='ocrx_word' id='word_1_18' title='bbox 1096 583 1357 641; x_wconf 79' lang='lat' dir='ltr'><strong>sull&#39;ocata</strong></span> <span class='ocrx_word' id='word_1_19' title='bbox 1396 582 1643 637; x_wconf 84' lang='lat' dir='ltr'><strong>barbaris</strong></span> <span class='ocrx_word' id='word_1_20' title='bbox 1690 583 1960 652; x_wconf 77' lang='lat' dir='ltr'><strong>gentibus,</strong></span> <span class='ocrx_word' id='word_1_21' title='bbox 2002 593 2061 638; x_wconf 87' lang='lat' dir='ltr'><strong>ut</strong></span> <span class='ocrx_word' id='word_1_22' title='bbox 2108 584 2303 639; x_wconf 83' lang='lat' dir='ltr'><strong>ﬁamus</strong></span> 
     </span>
    </p>
   </div>
   <div class='ocr_carea' id='block_1_7' title="bbox 734 674 2301 752">
    <p class='ocr_par' dir='ltr' id='par_1_7' title="bbox 734 674 2301 752">
     <span class='ocr_line' id='line_1_7' title="bbox 734 674 2301 752; baseline -0.001 -19"><span class='ocrx_word' id='word_1_23' title='bbox 734 682 857 752; x_wconf 80' lang='lat' dir='ltr'><strong>puri</strong></span> <span class='ocrx_word' id='word_1_24' title='bbox 889 681 941 733; x_wconf 91' lang='lat' dir='ltr'><strong>in</strong></span> <span class='ocrx_word' id='word_1_25' title='bbox 975 687 1121 734; x_wconf 89' lang='lat' dir='ltr'><strong>recta</strong></span> <span class='ocrx_word' id='word_1_26' title='bbox 1145 685 1199 733; x_wconf 91' lang='lat' dir='ltr'><strong>et</strong></span> <span class='ocrx_word' id='word_1_27' title='bbox 1222 677 1567 731; x_wconf 85' lang='lat' dir='ltr'><strong>immaculata</strong></span> <span class='ocrx_word' id='word_1_28' title='bbox 1595 674 1719 739; x_wconf 82' lang='lat' dir='ltr'><strong>ﬁde,</strong></span> <span class='ocrx_word' id='word_1_29' title='bbox 1744 684 1797 729; x_wconf 90' lang='lat' dir='ltr'><strong>et</strong></span> <span class='ocrx_word' id='word_1_30' title='bbox 1828 689 1966 729; x_wconf 89' lang='lat' dir='ltr'><strong>unus</strong></span> <span class='ocrx_word' id='word_1_31' title='bbox 1987 691 2112 743; x_wconf 76' lang='lat' dir='ltr'><strong>grex</strong></span> <span class='ocrx_word' id='word_1_32' title='bbox 2140 677 2301 732; x_wconf 84' lang='lat' dir='ltr'><strong>unius</strong></span> 
     </span>
    </p>
   </div>
   <div class='ocr_carea' id='block_1_8' title="bbox 734 765 2298 842">
    <p class='ocr_par' dir='ltr' id='par_1_8' title="bbox 734 765 2298 842">
     <span class='ocr_line' id='line_1_8' title="bbox 734 765 2298 842; baseline -0.002 -17"><span class='ocrx_word' id='word_1_33' title='bbox 734 773 971 842; x_wconf 76' lang='lat' dir='ltr'><strong>pastoris</strong></span> <span class='ocrx_word' id='word_1_34' title='bbox 998 770 1225 826; x_wconf 87' lang='lat' dir='ltr'><strong>Christi.</strong></span> <span class='ocrx_word' id='word_1_35' title='bbox 1253 768 1423 837; x_wconf 84' lang='lat' dir='ltr'><strong>Cujus</strong></span> <span class='ocrx_word' id='word_1_36' title='bbox 1457 768 1509 820; x_wconf 89' lang='lat' dir='ltr'><strong>in</strong></span> <span class='ocrx_word' id='word_1_37' title='bbox 1561 781 1726 820; x_wconf 85' lang='lat' dir='ltr'><strong>cruce</strong></span> <span class='ocrx_word' id='word_1_38' title='bbox 1780 765 1967 819; x_wconf 77' lang='lat' dir='ltr'><strong>divino</strong></span> <span class='ocrx_word' id='word_1_39' title='bbox 2030 766 2298 836; x_wconf 77' lang='lat' dir='ltr'><strong>sanguine</strong></span> 
     </span>
    </p>
   </div>
   <div class='ocr_carea' id='block_1_9' title="bbox 608 857 2300 930">
    <p class='ocr_par' dir='ltr' id='par_1_9' title="bbox 608 857 2300 930">
     <span class='ocr_line' id='line_1_9' title="bbox 608 857 2300 930; baseline -0.004 -12"><span class='ocrx_word' id='word_1_40' title='bbox 735 864 988 919; x_wconf 81' lang='lat' dir='ltr'><strong>inebriati</strong></span> <span class='ocrx_word' id='word_1_41' title='bbox 1015 862 1303 916; x_wconf 81' lang='lat' dir='ltr'><strong>laudamus</strong></span> <span class='ocrx_word' id='word_1_42' title='bbox 1334 859 1454 930; x_wconf 90' lang='lat' dir='ltr'><strong>puri</strong></span> <span class='ocrx_word' id='word_1_43' title='bbox 1485 874 1620 929; x_wconf 91' lang='lat' dir='ltr'><strong>pure</strong></span> <span class='ocrx_word' id='word_1_44' title='bbox 1651 859 1887 923; x_wconf 72' lang='lat' dir='ltr'><strong>Patrem,</strong></span> <span class='ocrx_word' id='word_1_45' title='bbox 1909 867 1962 910; x_wconf 91' lang='lat' dir='ltr'><strong>et</strong></span> <span class='ocrx_word' id='word_1_46' title='bbox 1999 857 2215 921; x_wconf 84' lang='lat' dir='ltr'><strong>Filium,</strong></span> <span class='ocrx_word' id='word_1_47' title='bbox 2245 866 2300 912; x_wconf 87' lang='lat' dir='ltr'><strong>ct</strong></span> 
     </span>
    </p>
   </div>
   <div class='ocr_carea' id='block_1_10' title="bbox 729 949 2299 1025">
    <p class='ocr_par' dir='ltr' id='par_1_10' title="bbox 729 949 2299 1025">
     <span class='ocr_line' id='line_1_10' title="bbox 729 949 2299 1025; baseline -0.004 -16"><span class='ocrx_word' id='word_1_48' title='bbox 729 957 1001 1025; x_wconf 74' lang='lat' dir='ltr'><strong>Spiritum</strong></span> <span class='ocrx_word' id='word_1_49' title='bbox 1039 967 1307 1016; x_wconf 88' lang='lat' dir='ltr'><strong>sanctum,</strong></span> <span class='ocrx_word' id='word_1_50' title='bbox 1368 951 1624 1006; x_wconf 82' lang='lat' dir='ltr'><strong>universa</strong></span> <span class='ocrx_word' id='word_1_51' title='bbox 1664 949 1912 1003; x_wconf 65' lang='lat' dir='ltr'><strong>Mosaicae</strong></span> <span class='ocrx_word' id='word_1_52' title='bbox 1953 950 2109 1017; x_wconf 77' lang='lat' dir='ltr'><strong>legis,</strong></span> <span class='ocrx_word' id='word_1_53' title='bbox 2145 956 2199 1002; x_wconf 91' lang='lat' dir='ltr'><strong>et</strong></span> <span class='ocrx_word' id='word_1_54' title='bbox 2230 949 2299 1003; x_wconf 89' lang='lat' dir='ltr'><strong>ab</strong></span> 
     </span>
    </p>
   </div>
   <div class='ocr_carea' id='block_1_11' title="bbox 732 1037 2297 1110">
    <p class='ocr_par' dir='ltr' id='par_1_11' title="bbox 732 1037 2297 1110">
     <span class='ocr_line' id='line_1_11' title="bbox 732 1037 2297 1110; baseline -0.006 -9"><span class='ocrx_word' id='word_1_55' title='bbox 732 1062 801 1103; x_wconf 77' lang='lat' dir='ltr'><strong>co</strong></span> <span class='ocrx_word' id='word_1_56' title='bbox 821 1044 1092 1099; x_wconf 78' lang='lat' dir='ltr'><strong>custodita</strong></span> <span class='ocrx_word' id='word_1_57' title='bbox 1128 1042 1570 1110; x_wconf 88' lang='lat' dir='ltr'><strong>derclinqucntes</strong></span> <span class='ocrx_word' id='word_1_58' title='bbox 1617 1039 1736 1093; x_wconf 84' lang='lat' dir='ltr'><strong>sine</strong></span> <span class='ocrx_word' id='word_1_59' title='bbox 1785 1039 1896 1093; x_wconf 88' lang='lat' dir='ltr'><strong>Deo</strong></span> <span class='ocrx_word' id='word_1_60' title='bbox 1942 1038 2163 1101; x_wconf 74' lang='lat' dir='ltr'><strong>Judaeis,</strong></span> <span class='ocrx_word' id='word_1_61' title='bbox 2204 1037 2297 1106; x_wconf 90' lang='lat' dir='ltr'><strong>qui</strong></span> 
     </span>
    </p>
   </div>
   <div class='ocr_carea' id='block_1_12' title="bbox 729 1129 2300 1205">
    <p class='ocr_par' dir='ltr' id='par_1_12' title="bbox 729 1129 2300 1205">
     <span class='ocr_line' id='line_1_12' title="bbox 729 1129 2300 1205; baseline -0.003 -17"><span class='ocrx_word' id='word_1_62' title='bbox 729 1137 879 1191; x_wconf 72' lang='lat' dir='ltr'><strong>velut</strong></span> <span class='ocrx_word' id='word_1_63' title='bbox 924 1138 1052 1191; x_wconf 63' lang='lat' dir='ltr'><strong>caci</strong></span> <span class='ocrx_word' id='word_1_64' title='bbox 1090 1133 1486 1205; x_wconf 87' lang='lat' dir='ltr'><strong>.perquirentes</strong></span> <span class='ocrx_word' id='word_1_65' title='bbox 1523 1131 1831 1194; x_wconf 83' lang='lat' dir='ltr'><strong>Christum,</strong></span> <span class='ocrx_word' id='word_1_66' title='bbox 1876 1132 2056 1184; x_wconf 90' lang='lat' dir='ltr'><strong>lumen</strong></span> <span class='ocrx_word' id='word_1_67' title='bbox 2102 1129 2300 1184; x_wconf 80' lang='lat' dir='ltr'><strong>amise-</strong></span> 
     </span>
    </p>
   </div>
   <div class='ocr_carea' id='block_1_13' title="bbox 732 1223 2301 1298">
    <p class='ocr_par' dir='ltr' id='par_1_13' title="bbox 732 1223 2301 1298">
     <span class='ocr_line' id='line_1_13' title="bbox 732 1223 2301 1298; baseline -0.004 -17"><span class='ocrx_word' id='word_1_68' title='bbox 732 1237 880 1293; x_wconf 85' lang='lat' dir='ltr'><strong>runt,</strong></span> <span class='ocrx_word' id='word_1_69' title='bbox 915 1236 1300 1298; x_wconf 67' lang='lat' dir='ltr'><strong>pzrmanentes</strong></span> <span class='ocrx_word' id='word_1_70' title='bbox 1334 1226 1389 1280; x_wconf 87' lang='lat' dir='ltr'><strong>in</strong></span> <span class='ocrx_word' id='word_1_71' title='bbox 1419 1226 1634 1293; x_wconf 89' lang='lat' dir='ltr'><strong>umbra,</strong></span> <span class='ocrx_word' id='word_1_72' title='bbox 1663 1224 1806 1280; x_wconf 87' lang='lat' dir='ltr'><strong>sicut</strong></span> <span class='ocrx_word' id='word_1_73' title='bbox 1834 1223 2152 1291; x_wconf 90' lang='lat' dir='ltr'><strong>insipientes</strong></span> <span class='ocrx_word' id='word_1_74' title='bbox 2177 1234 2301 1289; x_wconf 87' lang='lat' dir='ltr'><strong>per-</strong></span> 
     </span>
    </p>
   </div>
   <div class='ocr_carea' id='block_1_14' title="bbox 730 1330 916 1386">
    <p class='ocr_par' dir='ltr' id='par_1_14' title="bbox 730 1330 916 1386">
     <span class='ocr_line' id='line_1_14' title="bbox 730 1330 916 1386; baseline 0 -12"><span class='ocrx_word' id='word_1_75' title='bbox 730 1330 916 1386; x_wconf 75' lang='lat' dir='ltr'><strong>peluo.</strong></span> 
     </span>
    </p>
   </div>
   <div class='ocr_carea' id='block_1_15' title="bbox 2411 581 3979 655">
    <p class='ocr_par' dir='ltr' id='par_1_15' title="bbox 2411 581 3979 655">
     <span class='ocr_line' id='line_1_15' title="bbox 2411 581 3979 655; baseline 0.002 -18"><span class='ocrx_word' id='word_1_76' title='bbox 2411 583 2522 637; x_wconf 69' lang='grc' dir='ltr'><strong>Καὶ</strong></span> <span class='ocrx_word' id='word_1_77' title='bbox 2564 584 2712 653; x_wconf 68' lang='grc' dir='ltr'><strong>ὂμετς</strong></span> <span class='ocrx_word' id='word_1_78' title='bbox 2740 581 2835 637; x_wconf 85' lang='grc' dir='ltr'><strong>οῦν</strong></span> <span class='ocrx_word' id='word_1_79' title='bbox 2866 582 3297 655; x_wconf 78' lang='grc' dir='ltr'><strong>διορθωσάμενοι</strong></span> <span class='ocrx_word' id='word_1_80' title='bbox 3348 584 3589 646; x_wconf 77' lang='grc' dir='ltr'><strong>εὐσεϐῶς</strong></span> <span class='ocrx_word' id='word_1_81' title='bbox 3626 584 3936 654; x_wconf 81' lang='grc' dir='ltr'><strong>φυλάττετε</strong></span> <span class='ocrx_word' id='word_1_82' title='bbox 3966 604 3979 616; x_wconf 91' lang='grc'><strong>·</strong></span> 
     </span>
    </p>
   </div>
   <div class='ocr_carea' id='block_1_16' title="bbox 2405 674 3980 748">
    <p class='ocr_par' dir='ltr' id='par_1_16' title="bbox 2405 674 3980 748">
     <span class='ocr_line' id='line_1_16' title="bbox 2405 674 3980 748; baseline -0.001 -18"><span class='ocrx_word' id='word_1_83' title='bbox 2405 676 2475 730; x_wconf 85' lang='grc' dir='ltr'><strong>τά</strong></span> <span class='ocrx_word' id='word_1_84' title='bbox 2520 675 2577 729; x_wconf 81' lang='grc' dir='ltr'><strong>δὲ</strong></span> <span class='ocrx_word' id='word_1_85' title='bbox 2602 674 2788 745; x_wconf 71' lang='grc' dir='ltr'><strong>ἄζυμα</strong></span> <span class='ocrx_word' id='word_1_86' title='bbox 2816 676 2912 729; x_wconf 74' lang='grc' dir='ltr'><strong>καὶ</strong></span> <span class='ocrx_word' id='word_1_87' title='bbox 2934 676 3034 747; x_wconf 76' lang='grc' dir='ltr'><strong>τὴν</strong></span> <span class='ocrx_word' id='word_1_88' title='bbox 3051 676 3305 746; x_wconf 82' lang='grc' dir='ltr'><strong>φυλακὴν</strong></span> <span class='ocrx_word' id='word_1_89' title='bbox 3343 676 3447 729; x_wconf 88' lang='grc' dir='ltr'><strong>τῶν</strong></span> <span class='ocrx_word' id='word_1_90' title='bbox 3478 674 3776 730; x_wconf 75' lang='grc' dir='ltr'><strong>Σαϐϐάτων</strong></span> <span class='ocrx_word' id='word_1_91' title='bbox 3811 679 3980 748; x_wconf 72' lang='grc' dir='ltr'><strong>ἀπορ-</strong></span> 
     </span>
    </p>
   </div>
   <div class='ocr_carea' id='block_1_17' title="bbox 2407 766 3985 840">
    <p class='ocr_par' dir='ltr' id='par_1_17' title="bbox 2407 766 3985 840">
     <span class='ocr_line' id='line_1_17' title="bbox 2407 766 3985 840; baseline -0.001 -19"><span class='ocrx_word' id='word_1_92' title='bbox 2407 768 2600 840; x_wconf 76' lang='grc' dir='ltr'><strong>ρίψατε</strong></span> <span class='ocrx_word' id='word_1_93' title='bbox 2639 771 2753 831; x_wconf 78' lang='grc' dir='ltr'><strong>τοῖς</strong></span> <span class='ocrx_word' id='word_1_94' title='bbox 2796 768 2979 831; x_wconf 77' lang='grc' dir='ltr'><strong>ἀθέοις</strong></span> <span class='ocrx_word' id='word_1_95' title='bbox 3048 767 3356 833; x_wconf 80' lang='grc' dir='ltr'><strong>Ἰουδαίοις,</strong></span> <span class='ocrx_word' id='word_1_96' title='bbox 3392 766 3596 836; x_wconf 81' lang='grc' dir='ltr'><strong>ὁμοίως</strong></span> <span class='ocrx_word' id='word_1_97' title='bbox 3645 767 3843 822; x_wconf 76' lang='grc' dir='ltr'><strong>καὶτὰ</strong></span> <span class='ocrx_word' id='word_1_98' title='bbox 3879 768 3985 819; x_wconf 84' lang='grc' dir='ltr'><strong>τῶν</strong></span> 
     </span>
    </p>
   </div>
   <div class='ocr_carea' id='block_1_18' title="bbox 2405 857 3981 927">
    <p class='ocr_par' dir='ltr' id='par_1_18' title="bbox 2405 857 3981 927">
     <span class='ocr_line' id='line_1_18' title="bbox 2405 857 3981 927; baseline -0.001 -16"><span class='ocrx_word' id='word_1_99' title='bbox 2405 858 2647 911; x_wconf 81' lang='grc' dir='ltr'><strong>πνικτῶν</strong></span> <span class='ocrx_word' id='word_1_100' title='bbox 2671 860 2785 921; x_wconf 85' lang='grc' dir='ltr'><strong>τοῖς</strong></span> <span class='ocrx_word' id='word_1_101' title='bbox 2818 858 3075 920; x_wconf 81' lang='grc' dir='ltr'><strong>ἀπίστοις</strong></span> <span class='ocrx_word' id='word_1_102' title='bbox 3101 858 3215 927; x_wconf 76' lang='grc'><strong>(37)</strong></span> <span class='ocrx_word' id='word_1_103' title='bbox 3249 858 3345 910; x_wconf 81' lang='grc' dir='ltr'><strong>καὶ</strong></span> <span class='ocrx_word' id='word_1_104' title='bbox 3385 857 3693 927; x_wconf 77' lang='grc' dir='ltr'><strong>Βαρὸἁροις</strong></span> <span class='ocrx_word' id='word_1_105' title='bbox 3742 858 3981 920; x_wconf 78' lang='grc' dir='ltr'><strong>ἔθνεσιν,</strong></span> 
     </span>
    </p>
   </div>
   <div class='ocr_carea' id='block_1_19' title="bbox 2407 948 3982 1018">
    <p class='ocr_par' dir='ltr' id='par_1_19' title="bbox 2407 948 3982 1018">
     <span class='ocr_line' id='line_1_19' title="bbox 2407 948 3982 1018; baseline -0.003 -15"><span class='ocrx_word' id='word_1_106' title='bbox 2407 950 2495 1003; x_wconf 80' lang='grc' dir='ltr'><strong>ῐνα</strong></span> <span class='ocrx_word' id='word_1_107' title='bbox 2546 949 2726 1012; x_wconf 85' lang='grc' dir='ltr'><strong>καλῶς</strong></span> <span class='ocrx_word' id='word_1_108' title='bbox 2781 950 2875 1002; x_wconf 77' lang='grc' dir='ltr'><strong>κα).</strong></span> <span class='ocrx_word' id='word_1_109' title='bbox 2932 949 3171 1010; x_wconf 77' lang='grc' dir='ltr'><strong>συνετῶς</strong></span> <span class='ocrx_word' id='word_1_110' title='bbox 3230 949 3725 1018; x_wconf 77' lang='grc' dir='ltr'><strong>συμφρονήσαντες</strong></span> <span class='ocrx_word' id='word_1_111' title='bbox 3744 948 3982 1018; x_wconf 76' lang='grc' dir='ltr'><strong>γένησθε</strong></span> 
     </span>
    </p>
   </div>
   <div class='ocr_carea' id='block_1_20' title="bbox 2411 1038 3980 1111">
    <p class='ocr_par' dir='ltr' id='par_1_20' title="bbox 2411 1038 3980 1111">
     <span class='ocr_line' id='line_1_20' title="bbox 2411 1038 3980 1111; baseline -0.003 -18"><span class='ocrx_word' id='word_1_112' title='bbox 2411 1040 2533 1111; x_wconf 81' lang='grc' dir='ltr'><strong>μεθ’</strong></span> <span class='ocrx_word' id='word_1_113' title='bbox 2588 1039 2746 1110; x_wconf 69' lang='grc' dir='ltr'><strong>⁴ἡμῶν</strong></span> <span class='ocrx_word' id='word_1_114' title='bbox 2802 1038 3043 1102; x_wconf 73' lang='grc' dir='ltr'><strong>ἅπαντες</strong></span> <span class='ocrx_word' id='word_1_115' title='bbox 3075 1040 3162 1092; x_wconf 82' lang='grc' dir='ltr'><strong>διὰ</strong></span> <span class='ocrx_word' id='word_1_116' title='bbox 3208 1041 3308 1108; x_wconf 75' lang='grc' dir='ltr'><strong>τῆς</strong></span> <span class='ocrx_word' id='word_1_117' title='bbox 3348 1038 3514 1107; x_wconf 83' lang='grc' dir='ltr'>ὀρθῆς</span> <span class='ocrx_word' id='word_1_118' title='bbox 3540 1040 3637 1090; x_wconf 78' lang='grc' dir='ltr'><strong>καὶ</strong></span> <span class='ocrx_word' id='word_1_119' title='bbox 3664 1038 3980 1107; x_wconf 76' lang='grc' dir='ltr'><strong>ἀμωμήτου</strong></span> 
     </span>
    </p>
   </div>
   <div class='ocr_carea' id='block_1_21' title="bbox 2411 1126 3987 1201">
    <p class='ocr_par' dir='ltr' id='par_1_21' title="bbox 2411 1126 3987 1201">
     <span class='ocr_line' id='line_1_21' title="bbox 2411 1126 3987 1201; baseline -0.004 -16"><span class='ocrx_word' id='word_1_120' title='bbox 2411 1132 2648 1194; x_wconf 84' lang='grc' dir='ltr'><strong>πίστεως</strong></span> <span class='ocrx_word' id='word_1_121' title='bbox 2687 1131 2787 1199; x_wconf 87' lang='grc' dir='ltr'><strong>μία</strong></span> <span class='ocrx_word' id='word_1_122' title='bbox 2849 1132 3056 1201; x_wconf 79' lang='grc' dir='ltr'><strong>ποίμνη</strong></span> <span class='ocrx_word' id='word_1_123' title='bbox 3092 1130 3212 1192; x_wconf 77' lang='grc' dir='ltr'><strong>ἐνὸς</strong></span> <span class='ocrx_word' id='word_1_124' title='bbox 3246 1129 3341 1184; x_wconf 85' lang='grc' dir='ltr'><strong>τοῦ</strong></span> <span class='ocrx_word' id='word_1_125' title='bbox 3378 1128 3545 1183; x_wconf 83' lang='grc' dir='ltr'><strong>καλοῦ</strong></span> <span class='ocrx_word' id='word_1_126' title='bbox 3594 1129 3689 1183; x_wconf 80' lang='grc' dir='ltr'><strong>καὶ</strong></span> <span class='ocrx_word' id='word_1_127' title='bbox 3724 1126 3987 1197; x_wconf 76' lang='grc' dir='ltr'><strong>ἀληθινοῦ</strong></span> 
     </span>
    </p>
   </div>
   <div class='ocr_carea' id='block_1_22' title="bbox 2418 1219 3988 1296">
    <p class='ocr_par' dir='ltr' id='par_1_22' title="bbox 2418 1219 3988 1296">
     <span class='ocr_line' id='line_1_22' title="bbox 2418 1219 3988 1296; baseline -0.004 -19"><span class='ocrx_word' id='word_1_128' title='bbox 2418 1225 2677 1296; x_wconf 63' lang='grc' dir='ltr'><strong>ποιμένος</strong></span> <span class='ocrx_word' id='word_1_129' title='bbox 2710 1224 2975 1294; x_wconf 79' lang='grc' dir='ltr'><strong>Χριστοῦ,</strong></span> <span class='ocrx_word' id='word_1_130' title='bbox 2999 1223 3107 1277; x_wconf 83' lang='grc' dir='ltr'><strong>τοῦ</strong></span> <span class='ocrx_word' id='word_1_131' title='bbox 3145 1223 3258 1293; x_wconf 75' lang='lat'><strong>(58)</strong></span> <span class='ocrx_word' id='word_1_132' title='bbox 3289 1223 3371 1291; x_wconf 79' lang='grc' dir='ltr'><strong>μὴ</strong></span> <span class='ocrx_word' id='word_1_133' title='bbox 3433 1221 3718 1287; x_wconf 75' lang='grc' dir='ltr'><strong>θέλοντος</strong></span> <span class='ocrx_word' id='word_1_134' title='bbox 3747 1220 3859 1273; x_wconf 79' lang='grc' dir='ltr'><strong>τὸν</strong></span> <span class='ocrx_word' id='word_1_135' title='bbox 3888 1219 3988 1273; x_wconf 81' lang='grc' dir='ltr'><strong>θὰο</strong></span> 
     </span>
    </p>
   </div>
   <div class='ocr_carea' id='block_1_23' title="bbox 2407 1311 3990 1385">
    <p class='ocr_par' dir='ltr' id='par_1_23' title="bbox 2407 1311 3990 1385">
     <span class='ocr_line' id='line_1_23' title="bbox 2407 1311 3990 1385; baseline 0.003 -16"><span class='ocrx_word' id='word_1_136' title='bbox 2407 1332 2592 1369; x_wconf 74' lang='grc' dir='ltr'><strong>ναῖον</strong></span> <span class='ocrx_word' id='word_1_137' title='bbox 2630 1315 2736 1369; x_wconf 78' lang='grc' dir='ltr'><strong>τοῦ</strong></span> <span class='ocrx_word' id='word_1_138' title='bbox 2767 1316 3142 1385; x_wconf 71' lang='grc' dir='ltr'><strong>ἀμαρτωλοῦ,</strong></span> <span class='ocrx_word' id='word_1_139' title='bbox 3169 1315 3324 1369; x_wconf 84' lang='grc' dir='ltr'><strong>ὥστε</strong></span> <span class='ocrx_word' id='word_1_140' title='bbox 3352 1315 3709 1382; x_wconf 69' lang='grc' dir='ltr'><strong>ἐπιστρέψαι</strong></span> <span class='ocrx_word' id='word_1_141' title='bbox 3744 1314 3845 1367; x_wconf 73' lang='grc' dir='ltr'><strong>καὶ</strong></span> <span class='ocrx_word' id='word_1_142' title='bbox 3884 1311 3990 1378; x_wconf 58' lang='grc' dir='ltr'><strong>(ἀπ’</strong></span> 
     </span>
    </p>
   </div>
   <div class='ocr_carea' id='block_1_24' title="bbox 728 1404 3987 1481">
    <p class='ocr_par' dir='ltr' id='par_1_24' title="bbox 728 1404 3987 1481">
     <span class='ocr_line' id='line_1_24' title="bbox 728 1404 3987 1481; baseline -0.002 -18"><span class='ocrx_word' id='word_1_143' title='bbox 728 1412 931 1475; x_wconf 78' lang='grc' dir='ltr'><strong>αὐτὸν,</strong></span> <span class='ocrx_word' id='word_1_144' title='bbox 953 1406 1013 1466; x_wconf 78' lang='grc' dir='ltr'><strong>οὗ</strong></span> <span class='ocrx_word' id='word_1_145' title='bbox 1050 1412 1126 1481; x_wconf 83' lang='grc' dir='ltr'><strong>τῷ</strong></span> <span class='ocrx_word' id='word_1_146' title='bbox 1154 1410 1242 1463; x_wconf 76' lang='grc' dir='ltr'><strong>ἐπὶ</strong></span> <span class='ocrx_word' id='word_1_147' title='bbox 1275 1405 1512 1477; x_wconf 78' lang='grc' dir='ltr'><strong>σταυροῦ</strong></span> <span class='ocrx_word' id='word_1_148' title='bbox 1546 1404 1675 1475; x_wconf 81' lang='grc' dir='ltr'><strong>θείῳ</strong></span> <span class='ocrx_word' id='word_1_149' title='bbox 1696 1407 1887 1475; x_wconf 80' lang='grc' dir='ltr'><strong>αἵματι</strong></span> <span class='ocrx_word' id='word_1_150' title='bbox 1920 1406 2284 1474; x_wconf 84' lang='grc' dir='ltr'><strong>συγκαθέντες</strong></span> <span class='ocrx_word' id='word_1_151' title='bbox 2308 1404 2623 1475; x_wconf 77' lang='grc' dir='ltr'><strong>δοξάσωμεν</strong></span> <span class='ocrx_word' id='word_1_152' title='bbox 2676 1408 2769 1460; x_wconf 65' lang='grc' dir='ltr'><strong>τὸν</strong></span> <span class='ocrx_word' id='word_1_153' title='bbox 2828 1407 3048 1477; x_wconf 81' lang='grc' dir='ltr'><strong>Πατέρα</strong></span> <span class='ocrx_word' id='word_1_154' title='bbox 3104 1408 3201 1460; x_wconf 77' lang='grc' dir='ltr'><strong>καὶ</strong></span> <span class='ocrx_word' id='word_1_155' title='bbox 3252 1408 3344 1460; x_wconf 84' lang='grc' dir='ltr'><strong>τὸν</strong></span> <span class='ocrx_word' id='word_1_156' title='bbox 3398 1405 3525 1458; x_wconf 73' lang='grc' dir='ltr'><strong>Υίὺν</strong></span> <span class='ocrx_word' id='word_1_157' title='bbox 3562 1405 3655 1456; x_wconf 71' lang='grc' dir='ltr'><strong>καὶ</strong></span> <span class='ocrx_word' id='word_1_158' title='bbox 3705 1406 3770 1458; x_wconf 79' lang='grc' dir='ltr'><strong>τὸ</strong></span> <span class='ocrx_word' id='word_1_159' title='bbox 3833 1404 3987 1471; x_wconf 74' lang='grc' dir='ltr'><strong>ἅγιον</strong></span> 
     </span>
    </p>
   </div>
   <div class='ocr_carea' id='block_1_25' title="bbox 719 1486 3985 1571">
    <p class='ocr_par' dir='ltr' id='par_1_25' title="bbox 719 1486 3985 1571">
     <span class='ocr_line' id='line_1_25' title="bbox 719 1486 3985 1571; baseline -0.003 -14"><span class='ocrx_word' id='word_1_160' title='bbox 719 1486 973 1571; x_wconf 71' lang='grc' dir='ltr'><strong>ιῆνεῦμα,</strong></span> <span class='ocrx_word' id='word_1_161' title='bbox 1007 1500 1209 1551; x_wconf 82' lang='grc' dir='ltr'><strong>’πάντα</strong></span> <span class='ocrx_word' id='word_1_162' title='bbox 1257 1496 1349 1550; x_wconf 76' lang='grc' dir='ltr'><strong>τὸν</strong></span> <span class='ocrx_word' id='word_1_163' title='bbox 1410 1495 1703 1550; x_wconf 71' lang='grc' dir='ltr'><strong>Μωσαῖκδν</strong></span> <span class='ocrx_word' id='word_1_164' title='bbox 1759 1494 1922 1562; x_wconf 84' lang='grc' dir='ltr'><strong>νόμον</strong></span> <span class='ocrx_word' id='word_1_165' title='bbox 1968 1497 2062 1549; x_wconf 80' lang='grc' dir='ltr'><strong>καὶ</strong></span> <span class='ocrx_word' id='word_1_166' title='bbox 2092 1495 2188 1560; x_wconf 64' lang='grc' dir='ltr'><strong>τὰς</strong></span> <span class='ocrx_word' id='word_1_167' title='bbox 2220 1500 2280 1551; x_wconf 81' lang='grc' dir='ltr'><strong>ὲν</strong></span> <span class='ocrx_word' id='word_1_168' title='bbox 2304 1498 2503 1567; x_wconf 79' lang='grc' dir='ltr'><strong>ἐκείνῳ</strong></span> <span class='ocrx_word' id='word_1_169' title='bbox 2533 1499 2947 1569; x_wconf 81' lang='grc' dir='ltr'><strong>παρατηρήσεις</strong></span> <span class='ocrx_word' id='word_1_170' title='bbox 2997 1500 3465 1567; x_wconf 71' lang='grc' dir='ltr'><strong>ἐγκαταλιπόντες</strong></span> <span class='ocrx_word' id='word_1_171' title='bbox 3518 1501 3631 1560; x_wconf 83' lang='grc' dir='ltr'><strong>τοῖς</strong></span> <span class='ocrx_word' id='word_1_172' title='bbox 3678 1499 3985 1563; x_wconf 83' lang='grc' dir='ltr'><strong>Ἰουδαίοις,</strong></span> 
     </span>
    </p>
   </div>
   <div class='ocr_carea' id='block_1_26' title="bbox 726 1582 3987 1672">
    <p class='ocr_par' dir='ltr' id='par_1_26' title="bbox 726 1582 3987 1672">
     <span class='ocr_line' id='line_1_26' title="bbox 726 1582 3987 1672; baseline -0.002 -28"><span class='ocrx_word' id='word_1_173' title='bbox 726 1593 922 1654; x_wconf 76' lang='grc' dir='ltr'><strong>οἵτινες</strong></span> <span class='ocrx_word' id='word_1_174' title='bbox 954 1590 1026 1651; x_wconf 84' lang='grc' dir='ltr'><strong>ὡς</strong></span> <span class='ocrx_word' id='word_1_175' title='bbox 1058 1587 1273 1672; x_wconf 65' lang='grc' dir='ltr'><strong>τυφλοὶ</strong></span> <span class='ocrx_word' id='word_1_176' title='bbox 1328 1585 1689 1657; x_wconf 80' lang='grc' dir='ltr'><strong>ψηλαφῶντες</strong></span> <span class='ocrx_word' id='word_1_177' title='bbox 1720 1582 1831 1652; x_wconf 74' lang='grc'><strong>(59)</strong></span> <span class='ocrx_word' id='word_1_178' title='bbox 1854 1586 2054 1654; x_wconf 83' lang='grc' dir='ltr'><strong>τοῖχον,</strong></span> <span class='ocrx_word' id='word_1_179' title='bbox 2086 1588 2147 1639; x_wconf 80' lang='grc' dir='ltr'><strong>τὸ</strong></span> <span class='ocrx_word' id='word_1_180' title='bbox 2178 1587 2295 1655; x_wconf 82' lang='grc' dir='ltr'><strong>φῶς</strong></span> <span class='ocrx_word' id='word_1_181' title='bbox 2355 1588 2589 1657; x_wconf 80' lang='grc' dir='ltr'><strong>ἀφέντες</strong></span> <span class='ocrx_word' id='word_1_182' title='bbox 2638 1588 3013 1659; x_wconf 83' lang='grc' dir='ltr'><strong>προσμένουσι</strong></span> <span class='ocrx_word' id='word_1_183' title='bbox 3063 1592 3131 1663; x_wconf 73' lang='grc' dir='ltr'><strong>τῇ</strong></span> <span class='ocrx_word' id='word_1_184' title='bbox 3179 1592 3309 1662; x_wconf 81' lang='grc' dir='ltr'><strong>σκιᾷ</strong></span> <span class='ocrx_word' id='word_1_185' title='bbox 3355 1590 3432 1655; x_wconf 82' lang='grc' dir='ltr'><strong>ὡς</strong></span> <span class='ocrx_word' id='word_1_186' title='bbox 3483 1593 3716 1663; x_wconf 74' lang='grc' dir='ltr'><strong>ἄφρονες</strong></span> <span class='ocrx_word' id='word_1_187' title='bbox 3766 1589 3987 1642; x_wconf 81' lang='grc' dir='ltr'><strong>ἀείποτε</strong></span> 
     </span>
    </p>
   </div>
   <div class='ocr_carea' id='block_1_27' title="bbox 728 1684 1265 1753">
    <p class='ocr_par' dir='ltr' id='par_1_27' title="bbox 728 1684 1265 1753">
     <span class='ocr_line' id='line_1_27' title="bbox 728 1684 1265 1753; baseline -0.004 -15"><span class='ocrx_word' id='word_1_188' title='bbox 728 1686 819 1739; x_wconf 81' lang='grc' dir='ltr'><strong>καὶ</strong></span> <span class='ocrx_word' id='word_1_189' title='bbox 849 1684 1098 1739; x_wconf 81' lang='grc' dir='ltr'><strong>ἁσύνετοι</strong></span> <span class='ocrx_word' id='word_1_190' title='bbox 1132 1684 1265 1753; x_wconf 73' lang='grc'><strong>(40).</strong></span> 
     </span>
    </p>
   </div>
   <div class='ocr_carea' id='block_1_28' title="bbox 798 1768 2300 1847">
    <p class='ocr_par' dir='ltr' id='par_1_28' title="bbox 798 1777 2292 1846">
     <span class='ocr_line' id='line_1_28' title="bbox 798 1777 2292 1846; baseline 0 -15"><span class='ocrx_word' id='word_1_191' title='bbox 798 1779 921 1833; x_wconf 75' lang='lat' dir='ltr'><strong>llaec</strong></span> <span class='ocrx_word' id='word_1_192' title='bbox 955 1789 1161 1840; x_wconf 86' lang='lat' dir='ltr'><strong>autem,</strong></span> <span class='ocrx_word' id='word_1_193' title='bbox 1214 1778 1373 1830; x_wconf 88' lang='lat' dir='ltr'><strong>homo</strong></span> <span class='ocrx_word' id='word_1_194' title='bbox 1424 1777 1541 1841; x_wconf 83' lang='lat' dir='ltr'><strong>Det,</strong></span> <span class='ocrx_word' id='word_1_195' title='bbox 1596 1780 1652 1831; x_wconf 86' lang='lat' dir='ltr'><strong>et</strong></span> <span class='ocrx_word' id='word_1_196' title='bbox 1705 1777 1984 1831; x_wconf 81' lang='lat' dir='ltr'><strong>multottes</strong></span> <span class='ocrx_word' id='word_1_197' title='bbox 2021 1784 2135 1846; x_wconf 87' lang='lat' dir='ltr'><strong>ipse</strong></span> <span class='ocrx_word' id='word_1_198' title='bbox 2168 1793 2292 1832; x_wconf 91' lang='lat' dir='ltr'><strong>cum</strong></span> 
     </span>
    </p>
   </div>
   <div class='ocr_carea' id='block_1_29' title="bbox 2404 1768 3985 1847">
    <p class='ocr_par' dir='ltr' id='par_1_29' title="bbox 2476 1768 3985 1847">
     <span class='ocr_line' id='line_1_29' title="bbox 2476 1768 3985 1847; baseline -0.002 -19"><span class='ocrx_word' id='word_1_199' title='bbox 2476 1776 2686 1840; x_wconf 81' lang='grc' dir='ltr'><strong>Ταῦτα,</strong></span> <span class='ocrx_word' id='word_1_200' title='bbox 2710 1770 2754 1831; x_wconf 79' lang='grc' dir='ltr'>ὦ</span> <span class='ocrx_word' id='word_1_201' title='bbox 2783 1776 3036 1847; x_wconf 80' lang='grc' dir='ltr'><strong>ἄνθρωπε</strong></span> <span class='ocrx_word' id='word_1_202' title='bbox 3062 1773 3157 1829; x_wconf 89' lang='grc' dir='ltr'><strong>τοῦ</strong></span> <span class='ocrx_word' id='word_1_203' title='bbox 3200 1775 3359 1842; x_wconf 85' lang='grc' dir='ltr'><strong>Θεοῦ,</strong></span> <span class='ocrx_word' id='word_1_204' title='bbox 3389 1775 3655 1837; x_wconf 75' lang='grc' dir='ltr'><strong>πολλάκις</strong></span> <span class='ocrx_word' id='word_1_205' title='bbox 3710 1768 3985 1839; x_wconf 55' lang='grc' dir='ltr'><strong>ἀναγνοὺς</strong></span> 
     </span>
    </p>
   </div>
   <div class='ocr_carea' id='block_1_30' title="bbox 732 1866 2294 1940">
    <p class='ocr_par' dir='ltr' id='par_1_30' title="bbox 732 1866 2294 1940">
     <span class='ocr_line' id='line_1_30' title="bbox 732 1866 2294 1940; baseline -0.001 -17"><span class='ocrx_word' id='word_1_206' title='bbox 732 1870 933 1940; x_wconf 84' lang='lat' dir='ltr'><strong>populo</strong></span> <span class='ocrx_word' id='word_1_207' title='bbox 968 1882 1272 1938; x_wconf 75' lang='lat' dir='ltr'><strong>agnoscens</strong></span> <span class='ocrx_word' id='word_1_208' title='bbox 1297 1866 1533 1923; x_wconf 86' lang='lat' dir='ltr'><strong>docuisti</strong></span> <span class='ocrx_word' id='word_1_209' title='bbox 1562 1882 1707 1931; x_wconf 88' lang='lat' dir='ltr'><strong>esse,</strong></span> <span class='ocrx_word' id='word_1_210' title='bbox 1744 1875 1797 1921; x_wconf 91' lang='lat' dir='ltr'><strong>et</strong></span> <span class='ocrx_word' id='word_1_211' title='bbox 1840 1877 2122 1923; x_wconf 85' lang='lat' dir='ltr'><strong>correctus</strong></span> <span class='ocrx_word' id='word_1_212' title='bbox 2157 1869 2294 1933; x_wconf 86' lang='lat' dir='ltr'><strong>scri-</strong></span> 
     </span>
    </p>
   </div>
   <div class='ocr_carea' id='block_1_31' title="bbox 728 1956 2291 2029">
    <p class='ocr_par' dir='ltr' id='par_1_31' title="bbox 728 1956 2291 2029">
     <span class='ocr_line' id='line_1_31' title="bbox 728 1956 2291 2029; baseline 0 -17"><span class='ocrx_word' id='word_1_213' title='bbox 728 1960 883 2029; x_wconf 74' lang='lat' dir='ltr'><strong>psisti</strong></span> <span class='ocrx_word' id='word_1_214' title='bbox 930 1958 1117 2013; x_wconf 91' lang='lat' dir='ltr'><strong>multis</strong></span> <span class='ocrx_word' id='word_1_215' title='bbox 1146 1956 1382 2013; x_wconf 87' lang='lat' dir='ltr'><strong>similem</strong></span> <span class='ocrx_word' id='word_1_216' title='bbox 1434 1956 1891 2011; x_wconf 83' lang='lat' dir='ltr'><strong>consuetudinem</strong></span> <span class='ocrx_word' id='word_1_217' title='bbox 1945 1958 2291 2022; x_wconf 85' lang='lat' dir='ltr'><strong>habentibus,</strong></span> 
     </span>
    </p>
   </div>
   <div class='ocr_carea' id='block_1_32' title="bbox 725 2048 2295 2118">
    <p class='ocr_par' dir='ltr' id='par_1_32' title="bbox 725 2048 2295 2118">
     <span class='ocr_line' id='line_1_32' title="bbox 725 2048 2295 2118; baseline 0.002 -16"><span class='ocrx_word' id='word_1_218' title='bbox 725 2060 779 2104; x_wconf 70' lang='lat' dir='ltr'><strong>el</strong></span> <span class='ocrx_word' id='word_1_219' title='bbox 814 2058 871 2104; x_wconf 92' lang='lat' dir='ltr'><strong>ut</strong></span> <span class='ocrx_word' id='word_1_220' title='bbox 901 2050 1104 2105; x_wconf 81' lang='lat' dir='ltr'><strong>habeas</strong></span> <span class='ocrx_word' id='word_1_221' title='bbox 1130 2048 1361 2103; x_wconf 81' lang='lat' dir='ltr'><strong>salutem</strong></span> <span class='ocrx_word' id='word_1_222' title='bbox 1402 2049 1598 2102; x_wconf 69' lang='lat' dir='ltr'><strong>animm</strong></span> <span class='ocrx_word' id='word_1_223' title='bbox 1622 2054 1749 2111; x_wconf 66' lang='lat' dir='ltr'><strong>tuae,</strong></span> <span class='ocrx_word' id='word_1_224' title='bbox 1787 2049 1937 2103; x_wconf 87' lang='lat' dir='ltr'><strong>mitte</strong></span> <span class='ocrx_word' id='word_1_225' title='bbox 1962 2050 2295 2118; x_wconf 88' lang='lat' dir='ltr'><strong>principibus</strong></span> 
     </span>
    </p>
   </div>
   <div class='ocr_carea' id='block_1_33' title="bbox 726 2138 2296 2209">
    <p class='ocr_par' dir='ltr' id='par_1_33' title="bbox 726 2138 2296 2209">
     <span class='ocr_line' id='line_1_33' title="bbox 726 2138 2296 2209; baseline -0.001 -13"><span class='ocrx_word' id='word_1_226' title='bbox 726 2139 1093 2203; x_wconf 79' lang='lat' dir='ltr'><strong>sacerdotum,</strong></span> <span class='ocrx_word' id='word_1_227' title='bbox 1126 2147 1180 2193; x_wconf 90' lang='lat' dir='ltr'><strong>et</strong></span> <span class='ocrx_word' id='word_1_228' title='bbox 1205 2138 1603 2201; x_wconf 85' lang='lat' dir='ltr'><strong>sacerdotibus,</strong></span> <span class='ocrx_word' id='word_1_229' title='bbox 1635 2146 1689 2192; x_wconf 88' lang='lat' dir='ltr'><strong>et</strong></span> <span class='ocrx_word' id='word_1_230' title='bbox 1726 2138 1937 2206; x_wconf 86' lang='lat' dir='ltr'><strong>adjura,</strong></span> <span class='ocrx_word' id='word_1_231' title='bbox 1968 2148 2025 2193; x_wconf 88' lang='lat' dir='ltr'><strong>ut</strong></span> <span class='ocrx_word' id='word_1_232' title='bbox 2057 2154 2151 2209; x_wconf 87' lang='lat' dir='ltr'><strong>per</strong></span> <span class='ocrx_word' id='word_1_233' title='bbox 2183 2140 2296 2195; x_wconf 72' lang='lat' dir='ltr'><strong>lucc</strong></span> 
     </span>
    </p>
   </div>
   <div class='ocr_carea' id='block_1_34' title="bbox 724 2229 2292 2301">
    <p class='ocr_par' dir='ltr' id='par_1_34' title="bbox 724 2229 2292 2301">
     <span class='ocr_line' id='line_1_34' title="bbox 724 2229 2292 2301; baseline -0.001 -13"><span class='ocrx_word' id='word_1_234' title='bbox 724 2235 934 2301; x_wconf 84' lang='lat' dir='ltr'><strong>seipsos</strong></span> <span class='ocrx_word' id='word_1_235' title='bbox 973 2232 1268 2301; x_wconf 79' lang='lat' dir='ltr'><strong>corrigam,</strong></span> <span class='ocrx_word' id='word_1_236' title='bbox 1308 2238 1362 2285; x_wconf 92' lang='lat' dir='ltr'><strong>et</strong></span> <span class='ocrx_word' id='word_1_237' title='bbox 1407 2230 1500 2284; x_wconf 90' lang='lat' dir='ltr'><strong>Dei</strong></span> <span class='ocrx_word' id='word_1_238' title='bbox 1530 2230 1812 2299; x_wconf 87' lang='lat' dir='ltr'><strong>populum,</strong></span> <span class='ocrx_word' id='word_1_239' title='bbox 1856 2240 1914 2284; x_wconf 93' lang='lat' dir='ltr'><strong>ut</strong></span> <span class='ocrx_word' id='word_1_240' title='bbox 1940 2229 2035 2285; x_wconf 80' lang='lat' dir='ltr'><strong>Dei</strong></span> <span class='ocrx_word' id='word_1_241' title='bbox 2084 2246 2292 2286; x_wconf 86' lang='lat' dir='ltr'><strong>merce-</strong></span> 
     </span>
    </p>
   </div>
   <div class='ocr_carea' id='block_1_35' title="bbox 723 2319 2295 2391">
    <p class='ocr_par' dir='ltr' id='par_1_35' title="bbox 723 2319 2295 2391">
     <span class='ocr_line' id='line_1_35' title="bbox 723 2319 2295 2391; baseline 0.001 -16"><span class='ocrx_word' id='word_1_242' title='bbox 723 2323 845 2377; x_wconf 78' lang='lat' dir='ltr'><strong>dem</strong></span> <span class='ocrx_word' id='word_1_243' title='bbox 877 2323 931 2377; x_wconf 89' lang='lat' dir='ltr'><strong>in</strong></span> <span class='ocrx_word' id='word_1_244' title='bbox 965 2322 1086 2378; x_wconf 87' lang='lat' dir='ltr'><strong>istis</strong></span> <span class='ocrx_word' id='word_1_245' title='bbox 1114 2322 1353 2387; x_wconf 86' lang='lat' dir='ltr'><strong>habeas;</strong></span> <span class='ocrx_word' id='word_1_246' title='bbox 1382 2327 1435 2375; x_wconf 92' lang='lat' dir='ltr'><strong>et</strong></span> <span class='ocrx_word' id='word_1_247' title='bbox 1468 2319 1513 2374; x_wconf 90' lang='lat' dir='ltr'><strong>si</strong></span> <span class='ocrx_word' id='word_1_248' title='bbox 1564 2320 1668 2373; x_wconf 87' lang='lat' dir='ltr'><strong>hoc</strong></span> <span class='ocrx_word' id='word_1_249' title='bbox 1710 2319 1923 2386; x_wconf 80' lang='lat' dir='ltr'><strong>feceris,</strong></span> <span class='ocrx_word' id='word_1_250' title='bbox 1974 2336 2217 2391; x_wconf 87' lang='lat' dir='ltr'><strong>propono</strong></span> <span class='ocrx_word' id='word_1_251' title='bbox 2243 2331 2295 2377; x_wconf 93' lang='lat' dir='ltr'><strong>et</strong></span> 
     </span>
    </p>
   </div>
   <div class='ocr_carea' id='block_1_36' title="bbox 725 2411 2293 2484">
    <p class='ocr_par' dir='ltr' id='par_1_36' title="bbox 725 2411 2293 2484">
     <span class='ocr_line' id='line_1_36' title="bbox 725 2411 2293 2484; baseline 0 -16"><span class='ocrx_word' id='word_1_252' title='bbox 725 2431 818 2484; x_wconf 88' lang='lat' dir='ltr'><strong>per</strong></span> <span class='ocrx_word' id='word_1_253' title='bbox 845 2415 1138 2470; x_wconf 86' lang='lat' dir='ltr'><strong>secundam</strong></span> <span class='ocrx_word' id='word_1_254' title='bbox 1174 2413 1526 2483; x_wconf 89' lang='lat' dir='ltr'><strong>scriptionem</strong></span> <span class='ocrx_word' id='word_1_255' title='bbox 1578 2411 1804 2481; x_wconf 84' lang='lat' dir='ltr'><strong>majora,</strong></span> <span class='ocrx_word' id='word_1_256' title='bbox 1863 2420 1919 2465; x_wconf 90' lang='lat' dir='ltr'><strong>et</strong></span> <span class='ocrx_word' id='word_1_257' title='bbox 1972 2411 2293 2483; x_wconf 84' lang='lat' dir='ltr'><strong>perfectiora</strong></span> 
     </span>
    </p>
   </div>
   <div class='ocr_carea' id='block_1_37' title="bbox 724 2504 2296 2579">
    <p class='ocr_par' dir='ltr' id='par_1_37' title="bbox 724 2504 2296 2579">
     <span class='ocr_line' id='line_1_37' title="bbox 724 2504 2296 2579; baseline -0.002 -17"><span class='ocrx_word' id='word_1_258' title='bbox 724 2510 809 2562; x_wconf 83' lang='lat' dir='ltr'><strong>bis</strong></span> <span class='ocrx_word' id='word_1_259' title='bbox 850 2509 947 2563; x_wconf 88' lang='lat' dir='ltr'><strong>tibi</strong></span> <span class='ocrx_word' id='word_1_260' title='bbox 984 2508 1247 2579; x_wconf 76' lang='lat' dir='ltr'><strong>scribere,</strong></span> <span class='ocrx_word' id='word_1_261' title='bbox 1294 2504 1416 2560; x_wconf 82' lang='lat' dir='ltr'><strong>tidei</strong></span> <span class='ocrx_word' id='word_1_262' title='bbox 1455 2518 1585 2560; x_wconf 83' lang='lat' dir='ltr'><strong>vera</strong></span> <span class='ocrx_word' id='word_1_263' title='bbox 1634 2506 1948 2561; x_wconf 87' lang='lat' dir='ltr'><strong>ostensione</strong></span> <span class='ocrx_word' id='word_1_264' title='bbox 2012 2515 2065 2559; x_wconf 89' lang='lat' dir='ltr'><strong>et</strong></span> <span class='ocrx_word' id='word_1_265' title='bbox 2117 2508 2296 2560; x_wconf 83' lang='lat' dir='ltr'><strong>tirma-</strong></span> 
     </span>
    </p>
   </div>
   <div class='ocr_carea' id='block_1_38' title="bbox 726 2593 2292 2667">
    <p class='ocr_par' dir='ltr' id='par_1_38' title="bbox 726 2593 2292 2667">
     <span class='ocr_line' id='line_1_38' title="bbox 726 2593 2292 2667; baseline -0.001 -16"><span class='ocrx_word' id='word_1_266' title='bbox 726 2607 907 2653; x_wconf 88' lang='lat' dir='ltr'><strong>mento</strong></span> <span class='ocrx_word' id='word_1_267' title='bbox 937 2599 1266 2660; x_wconf 83' lang='lat' dir='ltr'><strong>animarum,</strong></span> <span class='ocrx_word' id='word_1_268' title='bbox 1297 2610 1397 2667; x_wconf 86' lang='lat' dir='ltr'><strong>pro</strong></span> <span class='ocrx_word' id='word_1_269' title='bbox 1428 2595 1632 2665; x_wconf 87' lang='lat' dir='ltr'><strong>quibus</strong></span> <span class='ocrx_word' id='word_1_270' title='bbox 1664 2593 1916 2651; x_wconf 87' lang='lat' dir='ltr'><strong>Christus</strong></span> <span class='ocrx_word' id='word_1_271' title='bbox 1948 2597 2130 2666; x_wconf 88' lang='lat' dir='ltr'><strong>posuit</strong></span> <span class='ocrx_word' id='word_1_272' title='bbox 2177 2597 2292 2650; x_wconf 89' lang='lat' dir='ltr'><strong>ani-</strong></span> 
     </span>
    </p>
   </div>
   <div class='ocr_carea' id='block_1_39' title="bbox 723 2704 1073 2744">
    <p class='ocr_par' dir='ltr' id='par_1_39' title="bbox 723 2704 1073 2744">
     <span class='ocr_line' id='line_1_39' title="bbox 723 2704 1073 2744; baseline 0 -3"><span class='ocrx_word' id='word_1_273' title='bbox 723 2704 865 2742; x_wconf 70' lang='grc'><strong>1112111</strong></span> <span class='ocrx_word' id='word_1_274' title='bbox 896 2704 1051 2744; x_wconf 88' lang='lat' dir='ltr'><strong>suam</strong></span> <span class='ocrx_word' id='word_1_275' title='bbox 1062 2730 1073 2741; x_wconf 89' lang='lat'><strong>.</strong></span> 
     </span>
    </p>
   </div>
   <div class='ocr_carea' id='block_1_40' title="bbox 2410 1865 3989 1938">
    <p class='ocr_par' dir='ltr' id='par_1_40' title="bbox 2410 1865 3989 1938">
     <span class='ocr_line' id='line_1_40' title="bbox 2410 1865 3989 1938; baseline -0.004 -17"><span class='ocrx_word' id='word_1_276' title='bbox 2410 1870 2552 1938; x_wconf 88' lang='grc' dir='ltr'><strong>μετά</strong></span> <span class='ocrx_word' id='word_1_277' title='bbox 2578 1867 2670 1921; x_wconf 89' lang='grc' dir='ltr'><strong>τοῦ</strong></span> <span class='ocrx_word' id='word_1_278' title='bbox 2724 1868 2855 1921; x_wconf 77' lang='grc' dir='ltr'><strong>ἰδίου</strong></span> <span class='ocrx_word' id='word_1_279' title='bbox 2905 1866 3034 1921; x_wconf 86' lang='grc' dir='ltr'><strong>λαοῦ</strong></span> <span class='ocrx_word' id='word_1_280' title='bbox 3080 1867 3176 1921; x_wconf 77' lang='grc' dir='ltr'><strong>καὶ</strong></span> <span class='ocrx_word' id='word_1_281' title='bbox 3206 1867 3428 1931; x_wconf 69' lang='grc' dir='ltr'><strong>διδάξας</strong></span> <span class='ocrx_word' id='word_1_282' title='bbox 3449 1865 3592 1919; x_wconf 76' lang='grc' dir='ltr'><strong>οὕτω</strong></span> <span class='ocrx_word' id='word_1_283' title='bbox 3641 1866 3845 1927; x_wconf 75' lang='grc' dir='ltr'><strong>αὐτοὺς</strong></span> <span class='ocrx_word' id='word_1_284' title='bbox 3894 1866 3989 1918; x_wconf 70' lang='grc' dir='ltr'><strong>καὶ</strong></span> 
     </span>
    </p>
   </div>
   <div class='ocr_carea' id='block_1_41' title="bbox 2402 1957 3989 2029">
    <p class='ocr_par' dir='ltr' id='par_1_41' title="bbox 2402 1957 3989 2029">
     <span class='ocr_line' id='line_1_41' title="bbox 2402 1957 3989 2029; baseline -0.003 -15"><span class='ocrx_word' id='word_1_285' title='bbox 2402 1961 2859 2029; x_wconf 83' lang='grc' dir='ltr'><strong>διορθωσάμενος,</strong></span> <span class='ocrx_word' id='word_1_286' title='bbox 2921 1960 3375 2029; x_wconf 80' lang='grc' dir='ltr'><strong>μεταστραφῆναι</strong></span> <span class='ocrx_word' id='word_1_287' title='bbox 3421 1957 3731 2029; x_wconf 81' lang='grc' dir='ltr'><strong>πρόσταξον</strong></span> <span class='ocrx_word' id='word_1_288' title='bbox 3790 1957 3906 2028; x_wconf 76' lang='grc' dir='ltr'><strong>(Η)</strong></span> <span class='ocrx_word' id='word_1_289' title='bbox 3931 1961 3989 2009; x_wconf 78' lang='grc' dir='ltr'><strong>ὲν</strong></span> 
     </span>
    </p>
   </div>
   <div class='ocr_carea' id='block_1_42' title="bbox 2402 2049 3987 2123">
    <p class='ocr_par' dir='ltr' id='par_1_42' title="bbox 2402 2049 3987 2123">
     <span class='ocr_line' id='line_1_42' title="bbox 2402 2049 3987 2123; baseline -0.004 -17"><span class='ocrx_word' id='word_1_290' title='bbox 2402 2053 2617 2115; x_wconf 83' lang='grc' dir='ltr'><strong>πολλοῖς</strong></span> <span class='ocrx_word' id='word_1_291' title='bbox 2679 2053 2983 2115; x_wconf 86' lang='grc' dir='ltr'><strong>ίσοτύποις,</strong></span> <span class='ocrx_word' id='word_1_292' title='bbox 3014 2053 3163 2114; x_wconf 81' lang='grc' dir='ltr'><strong>ὅπως</strong></span> <span class='ocrx_word' id='word_1_293' title='bbox 3219 2051 3333 2123; x_wconf 64' lang='grc'><strong>(42)</strong></span> <span class='ocrx_word' id='word_1_294' title='bbox 3387 2050 3516 2121; x_wconf 72' lang='grc' dir='ltr'><strong>ἔχῃς</strong></span> <span class='ocrx_word' id='word_1_295' title='bbox 3548 2052 3650 2121; x_wconf 83' lang='grc' dir='ltr'><strong>τὴν</strong></span> <span class='ocrx_word' id='word_1_296' title='bbox 3708 2049 3987 2120; x_wconf 72' lang='grc' dir='ltr'><strong>σωτηρίαν</strong></span> 
     </span>
    </p>
   </div>
   <div class='ocr_carea' id='block_1_43' title="bbox 2400 2140 3985 2213">
    <p class='ocr_par' dir='ltr' id='par_1_43' title="bbox 2400 2140 3985 2213">
     <span class='ocr_line' id='line_1_43' title="bbox 2400 2140 3985 2213; baseline -0.004 -17"><span class='ocrx_word' id='word_1_297' title='bbox 2400 2143 2499 2212; x_wconf 84' lang='grc' dir='ltr'><strong>τῆς</strong></span> <span class='ocrx_word' id='word_1_298' title='bbox 2556 2141 2753 2195; x_wconf 82' lang='grc' dir='ltr'><strong>ἑαυτοῦ</strong></span> <span class='ocrx_word' id='word_1_299' title='bbox 2812 2143 3013 2213; x_wconf 72' lang='grc' dir='ltr'><strong>ψυχῆς*</strong></span> <span class='ocrx_word' id='word_1_300' title='bbox 3069 2142 3167 2195; x_wconf 77' lang='grc' dir='ltr'><strong>καὶ</strong></span> <span class='ocrx_word' id='word_1_301' title='bbox 3191 2141 3493 2196; x_wconf 83' lang='grc' dir='ltr'><strong>ἀπόστε).λε</strong></span> <span class='ocrx_word' id='word_1_302' title='bbox 3516 2144 3630 2204; x_wconf 87' lang='grc' dir='ltr'><strong>τοῖς</strong></span> <span class='ocrx_word' id='word_1_303' title='bbox 3664 2140 3985 2210; x_wconf 82' lang='grc' dir='ltr'><strong>ἀρχιεροῦσι</strong></span> 
     </span>
    </p>
   </div>
   <div class='ocr_carea' id='block_1_44' title="bbox 2403 2232 3986 2304">
    <p class='ocr_par' dir='ltr' id='par_1_44' title="bbox 2403 2232 3986 2304">
     <span class='ocr_line' id='line_1_44' title="bbox 2403 2232 3986 2304; baseline -0.002 -18"><span class='ocrx_word' id='word_1_304' title='bbox 2403 2235 2511 2287; x_wconf 89' lang='grc' dir='ltr'><strong>τῶν</strong></span> <span class='ocrx_word' id='word_1_305' title='bbox 2534 2234 2852 2288; x_wconf 82' lang='grc' dir='ltr'><strong>ἐπισκόπων</strong></span> <span class='ocrx_word' id='word_1_306' title='bbox 2870 2233 2978 2287; x_wconf 90' lang='grc' dir='ltr'><strong>τῶν</strong></span> <span class='ocrx_word' id='word_1_307' title='bbox 3005 2234 3149 2287; x_wconf 84' lang='grc' dir='ltr'><strong>κατά</strong></span> <span class='ocrx_word' id='word_1_308' title='bbox 3178 2234 3278 2304; x_wconf 80' lang='grc' dir='ltr'><strong>τὴν</strong></span> <span class='ocrx_word' id='word_1_309' title='bbox 3321 2233 3552 2288; x_wconf 82' lang='grc' dir='ltr'><strong>Ἰταλίαν</strong></span> <span class='ocrx_word' id='word_1_310' title='bbox 3588 2232 3797 2303; x_wconf 75' lang='grc' dir='ltr'><strong>θρόνων</strong></span> <span class='ocrx_word' id='word_1_311' title='bbox 3847 2232 3986 2301; x_wconf 75' lang='grc'><strong>(45),</strong></span> 
     </span>
    </p>
   </div>
   <div class='ocr_carea' id='block_1_45' title="bbox 2403 2324 3985 2396">
    <p class='ocr_par' dir='ltr' id='par_1_45' title="bbox 2403 2324 3985 2396">
     <span class='ocr_line' id='line_1_45' title="bbox 2403 2324 3985 2396; baseline -0.001 -18"><span class='ocrx_word' id='word_1_312' title='bbox 2403 2326 2498 2378; x_wconf 71' lang='grc' dir='ltr'><strong>καὶ</strong></span> <span class='ocrx_word' id='word_1_313' title='bbox 2522 2324 2711 2394; x_wconf 79' lang='grc' dir='ltr'><strong>ὃρκιζε</strong></span> <span class='ocrx_word' id='word_1_314' title='bbox 2740 2326 2947 2390; x_wconf 78' lang='grc' dir='ltr'><strong>αὐτοὺς</strong></span> <span class='ocrx_word' id='word_1_315' title='bbox 2998 2325 3399 2396; x_wconf 87' lang='grc' dir='ltr'><strong>διορθώσασθαι</strong></span> <span class='ocrx_word' id='word_1_316' title='bbox 3455 2327 3705 2386; x_wconf 75' lang='grc' dir='ltr'><strong>ἅπαντας</strong></span> <span class='ocrx_word' id='word_1_317' title='bbox 3764 2324 3853 2377; x_wconf 79' lang='grc' dir='ltr'><strong>ἵνα</strong></span> <span class='ocrx_word' id='word_1_318' title='bbox 3892 2325 3985 2393; x_wconf 82' lang='grc' dir='ltr'><strong>μὲ-</strong></span> 
     </span>
    </p>
   </div>
   <div class='ocr_carea' id='block_1_46' title="bbox 2402 2416 3985 2489">
    <p class='ocr_par' dir='ltr' id='par_1_46' title="bbox 2402 2416 3985 2489">
     <span class='ocr_line' id='line_1_46' title="bbox 2402 2416 3985 2489; baseline -0.003 -18"><span class='ocrx_word' id='word_1_319' title='bbox 2402 2434 2590 2486; x_wconf 86' lang='grc' dir='ltr'><strong>γιστον</strong></span> <span class='ocrx_word' id='word_1_320' title='bbox 2610 2419 2700 2472; x_wconf 77' lang='grc' dir='ltr'><strong>τὸν</strong></span> <span class='ocrx_word' id='word_1_321' title='bbox 2735 2418 2926 2489; x_wconf 77' lang='grc' dir='ltr'><strong>μισθὸν</strong></span> <span class='ocrx_word' id='word_1_322' title='bbox 2952 2420 3046 2473; x_wconf 79' lang='grc' dir='ltr'><strong>καὶ</strong></span> <span class='ocrx_word' id='word_1_323' title='bbox 3065 2421 3122 2472; x_wconf 84' lang='grc' dir='ltr'><strong>ὲν</strong></span> <span class='ocrx_word' id='word_1_324' title='bbox 3160 2419 3391 2483; x_wconf 85' lang='grc' dir='ltr'><strong>τούτοις,</strong></span> <span class='ocrx_word' id='word_1_325' title='bbox 3425 2419 3616 2488; x_wconf 83' lang='grc' dir='ltr'><strong>ὥσπερ</strong></span> <span class='ocrx_word' id='word_1_326' title='bbox 3658 2416 3756 2469; x_wconf 79' lang='grc' dir='ltr'><strong>κα).</strong></span> <span class='ocrx_word' id='word_1_327' title='bbox 3786 2418 3844 2469; x_wconf 79' lang='grc' dir='ltr'><strong>ὲν</strong></span> <span class='ocrx_word' id='word_1_328' title='bbox 3876 2419 3985 2476; x_wconf 75' lang='grc' dir='ltr'><strong>τοῖς</strong></span> 
     </span>
    </p>
   </div>
   <div class='ocr_carea' id='block_1_47' title="bbox 2400 2510 3980 2583">
    <p class='ocr_par' dir='ltr' id='par_1_47' title="bbox 2400 2510 3980 2583">
     <span class='ocr_line' id='line_1_47' title="bbox 2400 2510 3980 2583; baseline 0 -20"><span class='ocrx_word' id='word_1_329' title='bbox 2400 2510 2610 2574; x_wconf 85' lang='grc' dir='ltr'><strong>λοιποῖς</strong></span> <span class='ocrx_word' id='word_1_330' title='bbox 2646 2529 2740 2565; x_wconf 89' lang='grc' dir='ltr'><strong>σου</strong></span> <span class='ocrx_word' id='word_1_331' title='bbox 2773 2512 2961 2575; x_wconf 82' lang='grc' dir='ltr'><strong>καλοῖς</strong></span> <span class='ocrx_word' id='word_1_332' title='bbox 2992 2512 3129 2583; x_wconf 67' lang='grc' dir='ltr'><strong>(Η),</strong></span> <span class='ocrx_word' id='word_1_333' title='bbox 3157 2512 3310 2583; x_wconf 77' lang='grc' dir='ltr'><strong>ἔχῃς,</strong></span> <span class='ocrx_word' id='word_1_334' title='bbox 3338 2512 3434 2565; x_wconf 77' lang='grc' dir='ltr'><strong>καὶ</strong></span> <span class='ocrx_word' id='word_1_335' title='bbox 3456 2513 3505 2565; x_wconf 86' lang='grc' dir='ltr'><strong>εἰ</strong></span> <span class='ocrx_word' id='word_1_336' title='bbox 3526 2510 3689 2565; x_wconf 84' lang='grc' dir='ltr'><strong>τοῦτο</strong></span> <span class='ocrx_word' id='word_1_337' title='bbox 3719 2510 3980 2579; x_wconf 71' lang='grc' dir='ltr'><strong>ποιήσῃς.</strong></span> 
     </span>
    </p>
   </div>
   <div class='ocr_carea' id='block_1_48' title="bbox 2401 2596 3987 2675">
    <p class='ocr_par' dir='ltr' id='par_1_48' title="bbox 2401 2596 3987 2675">
     <span class='ocr_line' id='line_1_48' title="bbox 2401 2596 3987 2675; baseline -0.004 -20"><span class='ocrx_word' id='word_1_338' title='bbox 2401 2605 2703 2675; x_wconf 79' lang='grc' dir='ltr'><strong>προσθήσω</strong></span> <span class='ocrx_word' id='word_1_339' title='bbox 2725 2605 2819 2658; x_wconf 73' lang='grc' dir='ltr'><strong>καὶ</strong></span> <span class='ocrx_word' id='word_1_340' title='bbox 2848 2603 2938 2657; x_wconf 73' lang='grc' dir='ltr'><strong>διὰ</strong></span> <span class='ocrx_word' id='word_1_341' title='bbox 2967 2604 3230 2673; x_wconf 63' lang='grc' dir='ltr'><strong>δευτέρας</strong></span> <span class='ocrx_word' id='word_1_342' title='bbox 3264 2603 3485 2673; x_wconf 82' lang='grc' dir='ltr'><strong>γραφῆς</strong></span> <span class='ocrx_word' id='word_1_343' title='bbox 3515 2603 3584 2655; x_wconf 78' lang='grc' dir='ltr'><strong>τά</strong></span> <span class='ocrx_word' id='word_1_344' title='bbox 3650 2601 3828 2671; x_wconf 72' lang='grc' dir='ltr'><strong>μείζω</strong></span> <span class='ocrx_word' id='word_1_345' title='bbox 3892 2596 3987 2650; x_wconf 81' lang='grc' dir='ltr'><strong>καὶ</strong></span> 
     </span>
    </p>
   </div>
   <div class='ocr_carea' id='block_1_49' title="bbox 2403 2687 3981 2774">
    <p class='ocr_par' dir='ltr' id='par_1_49' title="bbox 2403 2687 3981 2774">
     <span class='ocr_line' id='line_1_49' title="bbox 2403 2687 3981 2774; baseline -0.003 -30"><span class='ocrx_word' id='word_1_346' title='bbox 2403 2691 2717 2764; x_wconf 76' lang='grc' dir='ltr'><strong>πλατύτεροι</strong></span> <span class='ocrx_word' id='word_1_347' title='bbox 2770 2693 2978 2748; x_wconf 81' lang='grc' dir='ltr'><strong>τούτων</strong></span> <span class='ocrx_word' id='word_1_348' title='bbox 3038 2694 3120 2757; x_wconf 85' lang='grc' dir='ltr'><strong>είς</strong></span> <span class='ocrx_word' id='word_1_349' title='bbox 3168 2691 3395 2757; x_wconf 74' lang='grc' dir='ltr'><strong>ἔνδειξιν</strong></span> <span class='ocrx_word' id='word_1_350' title='bbox 3419 2692 3534 2763; x_wconf 69' lang='grc'><strong>(45)</strong></span> <span class='ocrx_word' id='word_1_351' title='bbox 3591 2687 3981 2774; x_wconf 72' lang='grc' dir='ltr'><strong>πρότεροντῆς</strong></span> 
     </span>
    </p>
   </div>
   <div class='ocr_carea' id='block_1_50' title="bbox 720 2780 3985 2859">
    <p class='ocr_par' dir='ltr' id='par_1_50' title="bbox 720 2780 3985 2859">
     <span class='ocr_line' id='line_1_50' title="bbox 720 2780 3985 2859; baseline -0.001 -24"><span class='ocrx_word' id='word_1_352' title='bbox 720 2781 952 2849; x_wconf 77' lang='grc' dir='ltr'><strong>ἀληθοῦς</strong></span> <span class='ocrx_word' id='word_1_353' title='bbox 979 2785 1079 2836; x_wconf 72' lang='grc' dir='ltr'><strong>καὶι</strong></span> <span class='ocrx_word' id='word_1_354' title='bbox 1100 2781 1249 2844; x_wconf 84' lang='grc' dir='ltr'><strong>θείας</strong></span> <span class='ocrx_word' id='word_1_355' title='bbox 1288 2781 1526 2845; x_wconf 90' lang='grc' dir='ltr'><strong>πίστεως</strong></span> <span class='ocrx_word' id='word_1_356' title='bbox 1574 2780 1847 2846; x_wconf 72' lang='grc' dir='ltr'><strong>καὶδόξαν</strong></span> <span class='ocrx_word' id='word_1_357' title='bbox 1875 2782 2014 2837; x_wconf 83' lang='grc' dir='ltr'><strong>Θεοῦ</strong></span> <span class='ocrx_word' id='word_1_358' title='bbox 2074 2783 2170 2836; x_wconf 77' lang='grc' dir='ltr'><strong>καὶ</strong></span> <span class='ocrx_word' id='word_1_359' title='bbox 2218 2785 2495 2855; x_wconf 82' lang='grc' dir='ltr'><strong>σωτηρίαν</strong></span> <span class='ocrx_word' id='word_1_360' title='bbox 2518 2786 2628 2840; x_wconf 89' lang='grc' dir='ltr'><strong>τῶν</strong></span> <span class='ocrx_word' id='word_1_361' title='bbox 2682 2787 2862 2852; x_wconf 83' lang='grc' dir='ltr'><strong>καλῶς</strong></span> <span class='ocrx_word' id='word_1_362' title='bbox 2915 2789 3009 2843; x_wconf 72' lang='grc' dir='ltr'><strong>καὶ</strong></span> <span class='ocrx_word' id='word_1_363' title='bbox 3068 2786 3366 2859; x_wconf 80' lang='grc' dir='ltr'><strong>ὀρθοδόξως</strong></span> <span class='ocrx_word' id='word_1_364' title='bbox 3437 2784 3717 2839; x_wconf 79' lang='grc' dir='ltr'><strong>πιστεύειν</strong></span> <span class='ocrx_word' id='word_1_365' title='bbox 3800 2784 3985 2852; x_wconf 58' lang='lat' dir='ltr'><strong>alpes-</strong></span> 
     </span>
    </p>
   </div>
   <div class='ocr_carea' id='block_1_51' title="bbox 725 2866 2753 2950">
    <p class='ocr_par' dir='ltr' id='par_1_51' title="bbox 725 2866 2753 2950">
     <span class='ocr_line' id='line_1_51' title="bbox 725 2866 2753 2950; baseline 0.003 -24"><span class='ocrx_word' id='word_1_366' title='bbox 725 2875 920 2943; x_wconf 83' lang='grc' dir='ltr'><strong>μένων,</strong></span> <span class='ocrx_word' id='word_1_367' title='bbox 943 2873 1083 2939; x_wconf 76' lang='grc' dir='ltr'><strong>ὑπὲρ</strong></span> <span class='ocrx_word' id='word_1_368' title='bbox 1114 2866 1188 2923; x_wconf 79' lang='grc' dir='ltr'><strong>ὧν</strong></span> <span class='ocrx_word' id='word_1_369' title='bbox 1221 2872 1453 2942; x_wconf 80' lang='grc' dir='ltr'><strong>Χριστὸς</strong></span> <span class='ocrx_word' id='word_1_370' title='bbox 1496 2871 1769 2937; x_wconf 78' lang='grc' dir='ltr'><strong>εὐκαίρως</strong></span> <span class='ocrx_word' id='word_1_371' title='bbox 1803 2874 1916 2943; x_wconf 77' lang='grc'><strong>(46)</strong></span> <span class='ocrx_word' id='word_1_372' title='bbox 1943 2874 2157 2929; x_wconf 78' lang='grc' dir='ltr'><strong>τέθεικε</strong></span> <span class='ocrx_word' id='word_1_373' title='bbox 2183 2876 2283 2945; x_wconf 84' lang='grc' dir='ltr'><strong>τὴν</strong></span> <span class='ocrx_word' id='word_1_374' title='bbox 2322 2878 2519 2932; x_wconf 80' lang='grc' dir='ltr'><strong>ἑαυτοῦ</strong></span> <span class='ocrx_word' id='word_1_375' title='bbox 2549 2880 2753 2950; x_wconf 76' lang='grc' dir='ltr'><strong>ψυχήν.</strong></span> 
     </span>
    </p>
   </div>
   <div class='ocr_carea' id='block_1_52' title="bbox 2057 2998 2618 3066">
    <p class='ocr_par' dir='ltr' id='par_1_52' title="bbox 2057 2998 2618 3066">
     <span class='ocr_line' id='line_1_52' title="bbox 2057 2998 2618 3066; baseline 0.005 -8"><span class='ocrx_word' id='word_1_376' title='bbox 2057 2998 2256 3060; x_wconf 66' lang='lat' dir='ltr'><strong>Varia:</strong></span> <span class='ocrx_word' id='word_1_377' title='bbox 2284 3001 2618 3066; x_wconf 88' lang='lat' dir='ltr'><strong>lectiones.</strong></span> 
     </span>
    </p>
   </div>
   <div class='ocr_carea' id='block_1_53' title="bbox 797 3123 2295 3193">
    <p class='ocr_par' dir='ltr' id='par_1_53' title="bbox 797 3123 2295 3193">
     <span class='ocr_line' id='line_1_53' title="bbox 797 3123 2295 3193; baseline 0.001 -14"><span class='ocrx_word' id='word_1_378' title='bbox 797 3124 907 3193; x_wconf 78' lang='lat'><strong>(37)</strong></span> <span class='ocrx_word' id='word_1_379' title='bbox 944 3123 1092 3179; x_wconf 84' lang='lat' dir='ltr'><strong>Hanc</strong></span> <span class='ocrx_word' id='word_1_380' title='bbox 1126 3139 1311 3178; x_wconf 83' lang='lat' dir='ltr'><strong>vocem</strong></span> <span class='ocrx_word' id='word_1_381' title='bbox 1366 3124 1663 3193; x_wconf 80' lang='lat' dir='ltr'><strong>inﬁdelibus</strong></span> <span class='ocrx_word' id='word_1_382' title='bbox 1704 3125 1886 3179; x_wconf 86' lang='lat' dir='ltr'><strong>omisit</strong></span> <span class='ocrx_word' id='word_1_383' title='bbox 1930 3124 2160 3183; x_wconf 80' lang='lat' dir='ltr'><strong>Latinus</strong></span> <span class='ocrx_word' id='word_1_384' title='bbox 2208 3129 2295 3181; x_wconf 80' lang='lat' dir='ltr'><strong>in-</strong></span> 
     </span>
    </p>
   </div>
   <div class='ocr_carea' id='block_1_54' title="bbox 733 3207 2293 3333">
    <p class='ocr_par' dir='ltr' id='par_1_54' title="bbox 733 3207 2293 3333">
     <span class='ocr_line' id='line_1_54' title="bbox 733 3207 2293 3333; baseline 0.001 -15"><span class='ocrx_word' id='word_1_385' title='bbox 945 3234 1115 3318; x_wconf 46' lang='lat' dir='ltr'><strong>.Verha</strong></span> <span class='ocrx_word' id='word_1_386' title='bbox 1152 3263 1267 3316; x_wconf 74' lang='lat' dir='ltr'><strong>ltzec</strong></span> <span class='ocrx_word' id='word_1_387' title='bbox 1311 3281 1324 3315; x_wconf 88' lang='lat'><strong>:</strong></span> <span class='ocrx_word' id='word_1_388' title='bbox 1360 3260 1463 3326; x_wconf 85' lang='lat' dir='ltr'><strong>Qui</strong></span> <span class='ocrx_word' id='word_1_389' title='bbox 1500 3278 1602 3316; x_wconf 85' lang='lat' dir='ltr'><strong>non</strong></span> <span class='ocrx_word' id='word_1_390' title='bbox 1636 3264 1745 3317; x_wconf 76' lang='lat' dir='ltr'><strong>vult</strong></span> <span class='ocrx_word' id='word_1_391' title='bbox 1804 3275 2022 3319; x_wconf 82' lang='lat' dir='ltr'><strong>mortem</strong></span> <span class='ocrx_word' id='word_1_392' title='bbox 2050 3276 2293 3332; x_wconf 85' lang='lat' dir='ltr'><strong>peccato-</strong></span> 
     </span>
    </p>
   </div>
   <div class='ocr_carea' id='block_1_55' title="bbox 723 3333 2292 3404">
    <p class='ocr_par' dir='ltr' id='par_1_55' title="bbox 723 3333 2292 3404">
     <span class='ocr_line' id='line_1_55' title="bbox 723 3333 2292 3404; baseline 0.001 -17"><span class='ocrx_word' id='word_1_393' title='bbox 723 3337 819 3399; x_wconf 72' lang='lat' dir='ltr'><strong>ris,</strong></span> <span class='ocrx_word' id='word_1_394' title='bbox 852 3335 941 3389; x_wconf 81' lang='lat' dir='ltr'><strong>sed</strong></span> <span class='ocrx_word' id='word_1_395' title='bbox 976 3344 1031 3386; x_wconf 92' lang='lat' dir='ltr'><strong>ut</strong></span> <span class='ocrx_word' id='word_1_396' title='bbox 1062 3342 1393 3404; x_wconf 61' lang='lat' dir='ltr'><strong>convertatur</strong></span> <span class='ocrx_word' id='word_1_397' title='bbox 1423 3346 1470 3385; x_wconf 84' lang='lat' dir='ltr'><strong>et</strong></span> <span class='ocrx_word' id='word_1_398' title='bbox 1516 3336 1650 3387; x_wconf 80' lang='lat' dir='ltr'><strong>vivat</strong></span> <span class='ocrx_word' id='word_1_399' title='bbox 1706 3335 1811 3400; x_wconf 75' lang='lat' dir='ltr'><strong>ipse</strong></span> <span class='ocrx_word' id='word_1_400' title='bbox 1867 3333 2081 3404; x_wconf 76' lang='lat' dir='ltr'><strong>(Ezeclt.</strong></span> <span class='ocrx_word' id='word_1_401' title='bbox 2135 3352 2292 3399; x_wconf 80' lang='lat' dir='ltr'><strong>xvm,</strong></span> 
     </span>
    </p>
   </div>
   <div class='ocr_carea' id='block_1_56' title="bbox 723 3401 2295 3477">
    <p class='ocr_par' dir='ltr' id='par_1_56' title="bbox 723 3401 2295 3477">
     <span class='ocr_line' id='line_1_56' title="bbox 723 3401 2295 3477; baseline 0.002 -19"><span class='ocrx_word' id='word_1_402' title='bbox 723 3406 792 3477; x_wconf 55' lang='lat'><strong>5:3</strong></span> <span class='ocrx_word' id='word_1_403' title='bbox 818 3422 841 3477; x_wconf 68' lang='grc' dir='ltr'><strong>;Δ</strong></span> <span class='ocrx_word' id='word_1_404' title='bbox 870 3421 1065 3467; x_wconf 75' lang='lat' dir='ltr'><strong>xum,</strong></span> <span class='ocrx_word' id='word_1_405' title='bbox 1102 3403 1202 3468; x_wconf 75' lang='lat' dir='ltr'><strong>il;</strong></span> <span class='ocrx_word' id='word_1_406' title='bbox 1240 3401 1301 3457; x_wconf 86' lang='lat' dir='ltr'><strong><em>ll</em></strong></span> <span class='ocrx_word' id='word_1_407' title='bbox 1352 3402 1495 3457; x_wconf 84' lang='lat' dir='ltr'><strong>Petr.</strong></span> <span class='ocrx_word' id='word_1_408' title='bbox 1558 3420 1641 3468; x_wconf 89' lang='grc' dir='ltr'><strong>ιιι,</strong></span> <span class='ocrx_word' id='word_1_409' title='bbox 1673 3404 1751 3472; x_wconf 81' lang='lat'><strong>9),</strong></span> <span class='ocrx_word' id='word_1_410' title='bbox 1788 3401 1973 3461; x_wconf 78' lang='lat' dir='ltr'><strong>omisit</strong></span> <span class='ocrx_word' id='word_1_411' title='bbox 2024 3406 2295 3477; x_wconf 84' lang='lat' dir='ltr'><strong>interpres</strong></span> 
     </span>
    </p>
   </div>
   <div class='ocr_carea' id='block_1_57' title="bbox 726 3474 972 3528">
    <p class='ocr_par' dir='ltr' id='par_1_57' title="bbox 726 3474 972 3528">
     <span class='ocr_line' id='line_1_57' title="bbox 726 3474 972 3528; baseline 0 0"><span class='ocrx_word' id='word_1_412' title='bbox 726 3474 972 3528; x_wconf 84' lang='lat' dir='ltr'><strong>Latinus.</strong></span> 
     </span>
    </p>
   </div>
   <div class='ocr_carea' id='block_1_58' title="bbox 794 3543 1454 3613">
    <p class='ocr_par' dir='ltr' id='par_1_58' title="bbox 794 3543 1454 3613">
     <span class='ocr_line' id='line_1_58' title="bbox 794 3543 1454 3613; baseline 0 -17"><span class='ocrx_word' id='word_1_413' title='bbox 794 3544 907 3611; x_wconf 78' lang='lat'><strong>(59)</strong></span> <span class='ocrx_word' id='word_1_414' title='bbox 937 3544 1070 3613; x_wconf 70' lang='lat' dir='ltr'><strong>Cod.</strong></span> <span class='ocrx_word' id='word_1_415' title='bbox 1096 3543 1454 3613; x_wconf 77' lang='grc' dir='ltr'><strong>ψηλαφὸντες.</strong></span> 
     </span>
    </p>
   </div>
   <div class='ocr_carea' id='block_1_59' title="bbox 800 3612 2292 3685">
    <p class='ocr_par' dir='ltr' id='par_1_59' title="bbox 800 3612 2292 3685">
     <span class='ocr_line' id='line_1_59' title="bbox 800 3612 2292 3685; baseline 0.002 -18"><span class='ocrx_word' id='word_1_416' title='bbox 800 3613 910 3685; x_wconf 76' lang='grc' dir='ltr'><strong>(οο)</strong></span> <span class='ocrx_word' id='word_1_417' title='bbox 953 3612 1066 3667; x_wconf 89' lang='lat' dir='ltr'><strong>Duo</strong></span> <span class='ocrx_word' id='word_1_418' title='bbox 1092 3612 1364 3683; x_wconf 71' lang='lat' dir='ltr'><strong>postrema</strong></span> <span class='ocrx_word' id='word_1_419' title='bbox 1396 3616 1558 3668; x_wconf 83' lang='lat' dir='ltr'><strong>verba</strong></span> <span class='ocrx_word' id='word_1_420' title='bbox 1584 3622 1884 3669; x_wconf 75' lang='lat' dir='ltr'><strong>etantentes</strong></span> <span class='ocrx_word' id='word_1_421' title='bbox 1930 3613 2292 3685; x_wconf 81' lang='lat' dir='ltr'><strong>desuntapud</strong></span> 
     </span>
    </p>
   </div>
   <div class='ocr_carea' id='block_1_60' title="bbox 726 3684 1385 3753">
    <p class='ocr_par' dir='ltr' id='par_1_60' title="bbox 726 3684 1385 3753">
     <span class='ocr_line' id='line_1_60' title="bbox 726 3684 1385 3753; baseline -0.002 -15"><span class='ocrx_word' id='word_1_422' title='bbox 726 3684 991 3753; x_wconf 79' lang='lat' dir='ltr'><strong>Latinum</strong></span> <span class='ocrx_word' id='word_1_423' title='bbox 1011 3685 1385 3753; x_wconf 88' lang='lat' dir='ltr'><strong>interpretem.</strong></span> 
     </span>
    </p>
   </div>
   <div class='ocr_carea' id='block_1_61' title="bbox 799 3752 2081 3826">
    <p class='ocr_par' dir='ltr' id='par_1_61' title="bbox 799 3752 2081 3826">
     <span class='ocr_line' id='line_1_61' title="bbox 799 3752 2081 3826; baseline 0.001 -20"><span class='ocrx_word' id='word_1_424' title='bbox 799 3752 913 3822; x_wconf 62' lang='lat' dir='ltr'><strong>(il)</strong></span> <span class='ocrx_word' id='word_1_425' title='bbox 952 3752 1087 3808; x_wconf 79' lang='lat' dir='ltr'><strong>Male</strong></span> <span class='ocrx_word' id='word_1_426' title='bbox 1111 3752 1377 3823; x_wconf 87' lang='lat' dir='ltr'><strong>interpres</strong></span> <span class='ocrx_word' id='word_1_427' title='bbox 1405 3754 1785 3825; x_wconf 84' lang='lat' dir='ltr'><strong>imperativum</strong></span> <span class='ocrx_word' id='word_1_428' title='bbox 1820 3753 2081 3826; x_wconf 76' lang='lat' dir='ltr'><strong>neglexit.</strong></span> 
     </span>
    </p>
   </div>
   <div class='ocr_carea' id='block_1_62' title="bbox 2475 3126 2984 3195">
    <p class='ocr_par' dir='ltr' id='par_1_62' title="bbox 2475 3126 2984 3195">
     <span class='ocr_line' id='line_1_62' title="bbox 2475 3126 2984 3195; baseline -0.01 -12"><span class='ocrx_word' id='word_1_429' title='bbox 2475 3130 2589 3195; x_wconf 65' lang='grc'><strong>(62)</strong></span> <span class='ocrx_word' id='word_1_430' title='bbox 2623 3129 2758 3184; x_wconf 79' lang='lat' dir='ltr'><strong>God.</strong></span> <span class='ocrx_word' id='word_1_431' title='bbox 2790 3126 2984 3189; x_wconf 71' lang='grc' dir='ltr'><strong>οὕτως.</strong></span> 
     </span>
    </p>
   </div>
   <div class='ocr_carea' id='block_1_63' title="bbox 2465 3187 3985 3321">
    <p class='ocr_par' dir='ltr' id='par_1_63' title="bbox 2465 3187 3985 3321">
     <span class='ocr_line' id='line_1_63' title="bbox 2465 3187 3985 3321; baseline -0.006 -68"><span class='ocrx_word' id='word_1_432' title='bbox 2465 3187 2589 3321; x_wconf 59' lang='grc'><strong>((45)</strong></span> <span class='ocrx_word' id='word_1_433' title='bbox 2630 3218 2647 3251; x_wconf 77' lang='grc' dir='ltr'><strong>ι</strong></span> <span class='ocrx_word' id='word_1_434' title='bbox 2690 3187 3079 3275; x_wconf 64' lang='grc' dir='ltr'><strong>Ερὶεεορόιηιηι</strong></span> <span class='ocrx_word' id='word_1_435' title='bbox 3114 3208 3325 3259; x_wconf 85' lang='lat' dir='ltr'><strong>earum,</strong></span> <span class='ocrx_word' id='word_1_436' title='bbox 3378 3208 3500 3263; x_wconf 74' lang='lat' dir='ltr'><strong>qua:</strong></span> <span class='ocrx_word' id='word_1_437' title='bbox 3547 3193 3762 3246; x_wconf 88' lang='lat' dir='ltr'><strong>suntin</strong></span> <span class='ocrx_word' id='word_1_438' title='bbox 3810 3187 3985 3256; x_wconf 72' lang='lat' dir='ltr'><strong>italia,</strong></span> 
     </span>
     <span class='ocr_line' id='line_1_64' title="bbox 2505 3269 3247 3321; baseline -0.003 -1"><span class='ocrx_word' id='word_1_439' title='bbox 2505 3272 2638 3321; x_wconf 87' lang='lat' dir='ltr'><strong>ium.</strong></span> <span class='ocrx_word' id='word_1_440' title='bbox 2675 3285 2694 3319; x_wconf 81' lang='grc' dir='ltr'><strong>ι</strong></span> <span class='ocrx_word' id='word_1_441' title='bbox 2730 3269 2919 3321; x_wconf 85' lang='lat' dir='ltr'><strong>otnisit</strong></span> <span class='ocrx_word' id='word_1_442' title='bbox 2955 3274 3247 3321; x_wconf 79' lang='lat' dir='ltr'><strong>Interpres.</strong></span> 
     </span>
    </p>
   </div>
   <div class='ocr_carea' id='block_1_64' title="bbox 2403 3266 3247 3334">
    <p class='ocr_par' dir='ltr' id='par_1_64' title="bbox 2403 3266 3247 3334">
     <span class='ocr_line' id='line_1_65' title="bbox 2403 3266 3247 3334; baseline -0.005 -12"><span class='ocrx_word' id='word_1_443' title='bbox 2403 3266 2638 3332; x_wconf 82' lang='lat' dir='ltr'><strong>sedium,</strong></span> <span class='ocrx_word' id='word_1_444' title='bbox 2675 3285 2694 3319; x_wconf 79' lang='grc' dir='ltr'><strong>ι</strong></span> <span class='ocrx_word' id='word_1_445' title='bbox 2730 3266 2919 3321; x_wconf 79' lang='lat' dir='ltr'><strong>omisit</strong></span> <span class='ocrx_word' id='word_1_446' title='bbox 2954 3266 3247 3334; x_wconf 89' lang='lat' dir='ltr'><strong>interpres.</strong></span> 
     </span>
    </p>
   </div>
   <div class='ocr_carea' id='block_1_65' title="bbox 2475 3330 3981 3409">
    <p class='ocr_par' dir='ltr' id='par_1_65' title="bbox 2475 3330 3981 3409">
     <span class='ocr_line' id='line_1_66' title="bbox 2475 3330 3981 3409; baseline -0.008 -16"><span class='ocrx_word' id='word_1_447' title='bbox 2475 3340 2586 3409; x_wconf 71' lang='grc'><strong>(44)</strong></span> <span class='ocrx_word' id='word_1_448' title='bbox 2624 3330 2646 3390; x_wconf 56' lang='grc' dir='ltr'><strong>ι</strong></span> <span class='ocrx_word' id='word_1_449' title='bbox 2674 3336 2855 3409; x_wconf 18' lang='lat' dir='ltr'><strong>iSicut</strong></span> <span class='ocrx_word' id='word_1_450' title='bbox 2878 3344 2933 3391; x_wconf 86' lang='lat' dir='ltr'><strong>et</strong></span> <span class='ocrx_word' id='word_1_451' title='bbox 2966 3337 3019 3389; x_wconf 90' lang='lat' dir='ltr'><strong>in</strong></span> <span class='ocrx_word' id='word_1_452' title='bbox 3051 3330 3267 3390; x_wconf 67' lang='lat' dir='ltr'><strong>caeteris</strong></span> <span class='ocrx_word' id='word_1_453' title='bbox 3298 3333 3404 3387; x_wconf 87' lang='lat' dir='ltr'><strong>tuis</strong></span> <span class='ocrx_word' id='word_1_454' title='bbox 3434 3332 3595 3388; x_wconf 87' lang='lat' dir='ltr'><strong>bonis</strong></span> <span class='ocrx_word' id='word_1_455' title='bbox 3640 3330 3929 3402; x_wconf 85' lang='lat' dir='ltr'><strong>cperibus,</strong></span> <span class='ocrx_word' id='word_1_456' title='bbox 3962 3347 3981 3381; x_wconf 76' lang='grc' dir='ltr'><strong>ι</strong></span> 
     </span>
    </p>
   </div>
   <div class='ocr_carea' id='block_1_66' title="bbox 2404 3406 2787 3461">
    <p class='ocr_par' dir='ltr' id='par_1_66' title="bbox 2404 3406 2787 3461">
     <span class='ocr_line' id='line_1_67' title="bbox 2404 3406 2787 3461; baseline 0.003 -2"><span class='ocrx_word' id='word_1_457' title='bbox 2404 3406 2641 3461; x_wconf 59' lang='grc' dir='ltr'><strong>ἀθεεῐίιι</strong></span> <span class='ocrx_word' id='word_1_458' title='bbox 2671 3408 2787 3460; x_wconf 83' lang='lat' dir='ltr'><strong>Lat.</strong></span> 
     </span>
    </p>
   </div>
   <div class='ocr_carea' id='block_1_67' title="bbox 2475 3471 3983 3546">
    <p class='ocr_par' dir='ltr' id='par_1_67' title="bbox 2475 3471 3983 3546">
     <span class='ocr_line' id='line_1_68' title="bbox 2475 3471 3983 3546; baseline -0.004 -14"><span class='ocrx_word' id='word_1_459' title='bbox 2475 3478 2585 3546; x_wconf 71' lang='grc' dir='ltr'><strong>(ιδ)</strong></span> <span class='ocrx_word' id='word_1_460' title='bbox 2626 3495 2643 3527; x_wconf 84' lang='grc'><strong><em>‹</em></strong></span> <span class='ocrx_word' id='word_1_461' title='bbox 2675 3476 2751 3546; x_wconf 79' lang='lat' dir='ltr'><strong>Ad</strong></span> <span class='ocrx_word' id='word_1_462' title='bbox 2784 3474 3152 3546; x_wconf 84' lang='lat' dir='ltr'><strong>ostensionem</strong></span> <span class='ocrx_word' id='word_1_463' title='bbox 3180 3473 3331 3542; x_wconf 90' lang='lat' dir='ltr'><strong>prius</strong></span> <span class='ocrx_word' id='word_1_464' title='bbox 3364 3488 3506 3527; x_wconf 66' lang='lat' dir='ltr'><strong>verae</strong></span> <span class='ocrx_word' id='word_1_465' title='bbox 3534 3480 3587 3546; x_wconf 85' lang='lat' dir='ltr'><strong>et</strong></span> <span class='ocrx_word' id='word_1_466' title='bbox 3618 3471 3821 3525; x_wconf 74' lang='lat' dir='ltr'><strong>divina:</strong></span> <span class='ocrx_word' id='word_1_467' title='bbox 3860 3472 3983 3526; x_wconf 85' lang='lat' dir='ltr'><strong>iidei</strong></span> 
     </span>
    </p>
   </div>
   <div class='ocr_carea' id='block_1_68' title="bbox 2402 3544 3985 3614">
    <p class='ocr_par' dir='ltr' id='par_1_68' title="bbox 2402 3544 3985 3614">
     <span class='ocr_line' id='line_1_69' title="bbox 2402 3544 3985 3614; baseline -0.004 -15"><span class='ocrx_word' id='word_1_468' title='bbox 2402 3558 2455 3599; x_wconf 90' lang='lat' dir='ltr'><strong>et</strong></span> <span class='ocrx_word' id='word_1_469' title='bbox 2482 3544 2708 3614; x_wconf 68' lang='lat' dir='ltr'><strong>gloriam</strong></span> <span class='ocrx_word' id='word_1_470' title='bbox 2742 3545 2834 3599; x_wconf 89' lang='lat' dir='ltr'><strong>Dei</strong></span> <span class='ocrx_word' id='word_1_471' title='bbox 2876 3553 2931 3597; x_wconf 91' lang='lat' dir='ltr'><strong>et</strong></span> <span class='ocrx_word' id='word_1_472' title='bbox 2977 3545 3206 3614; x_wconf 84' lang='lat' dir='ltr'><strong>salutem</strong></span> <span class='ocrx_word' id='word_1_473' title='bbox 3252 3557 3464 3614; x_wconf 88' lang='lat' dir='ltr'><strong>eorum,</strong></span> <span class='ocrx_word' id='word_1_474' title='bbox 3498 3544 3587 3609; x_wconf 89' lang='lat' dir='ltr'><strong>qui</strong></span> <span class='ocrx_word' id='word_1_475' title='bbox 3610 3554 3774 3614; x_wconf 53' lang='lat' dir='ltr'><strong>recte</strong></span> <span class='ocrx_word' id='word_1_476' title='bbox 3804 3550 3857 3593; x_wconf 81' lang='lat' dir='ltr'><strong>ct</strong></span> <span class='ocrx_word' id='word_1_477' title='bbox 3891 3556 3985 3593; x_wconf 79' lang='lat' dir='ltr'><strong>or-</strong></span> 
     </span>
    </p>
   </div>
   <div class='ocr_carea' id='block_1_69' title="bbox 2404 3608 3944 3675">
    <p class='ocr_par' dir='ltr' id='par_1_69' title="bbox 2404 3608 3944 3675">
     <span class='ocr_line' id='line_1_70' title="bbox 2404 3608 3944 3675; baseline -0.005 -5"><span class='ocrx_word' id='word_1_478' title='bbox 2404 3608 2641 3670; x_wconf 55' lang='lat' dir='ltr'><strong>tlto&#39;doxe</strong></span> <span class='ocrx_word' id='word_1_479' title='bbox 2675 3615 2899 3669; x_wconf 83' lang='lat' dir='ltr'><strong>credere</strong></span> <span class='ocrx_word' id='word_1_480' title='bbox 2923 3613 3260 3675; x_wconf 88' lang='lat' dir='ltr'><strong>desiderant,</strong></span> <span class='ocrx_word' id='word_1_481' title='bbox 3299 3629 3317 3662; x_wconf 87' lang='grc' dir='ltr'><strong>ι</strong></span> <span class='ocrx_word' id='word_1_482' title='bbox 3354 3608 3579 3665; x_wconf 86' lang='lat' dir='ltr'><strong>deestin</strong></span> <span class='ocrx_word' id='word_1_483' title='bbox 3610 3608 3733 3662; x_wconf 89' lang='lat' dir='ltr'><strong>Lat.</strong></span> <span class='ocrx_word' id='word_1_484' title='bbox 3771 3621 3944 3664; x_wconf 77' lang='lat' dir='ltr'><strong>textu.</strong></span> 
     </span>
    </p>
   </div>
   <div class='ocr_carea' id='block_1_70' title="bbox 2470 3683 3907 3755">
    <p class='ocr_par' dir='ltr' id='par_1_70' title="bbox 2470 3683 3907 3755">
     <span class='ocr_line' id='line_1_71' title="bbox 2470 3683 3907 3755; baseline -0.006 -16"><span class='ocrx_word' id='word_1_485' title='bbox 2470 3686 2585 3755; x_wconf 64' lang='lat'><strong>(-56)</strong></span> <span class='ocrx_word' id='word_1_486' title='bbox 2620 3703 2636 3738; x_wconf 80' lang='grc' dir='ltr'><strong>ι</strong></span> <span class='ocrx_word' id='word_1_487' title='bbox 2667 3684 2933 3755; x_wconf 86' lang='lat' dir='ltr'><strong>Tempore</strong></span> <span class='ocrx_word' id='word_1_488' title='bbox 2962 3692 3289 3754; x_wconf 87' lang='lat' dir='ltr'><strong>opportuno,</strong></span> <span class='ocrx_word' id='word_1_489' title='bbox 3322 3699 3341 3733; x_wconf 74' lang='grc' dir='ltr'><strong>ι</strong></span> <span class='ocrx_word' id='word_1_490' title='bbox 3374 3683 3579 3734; x_wconf 88' lang='lat' dir='ltr'><strong>omittit</strong></span> <span class='ocrx_word' id='word_1_491' title='bbox 3613 3683 3907 3751; x_wconf 81' lang='lat' dir='ltr'><strong>interpres.</strong></span> 
     </span>
    </p>
   </div>
   <div class='ocr_carea' id='block_1_71' title="bbox 1985 4098 2703 4158">
    <p class='ocr_par' dir='ltr' id='par_1_71' title="bbox 1985 4098 2703 4158">
     <span class='ocr_line' id='line_1_72' title="bbox 1985 4098 2703 4158; baseline -0.004 -2"><span class='ocrx_word' id='word_1_492' title='bbox 1985 4110 2157 4158; x_wconf 77' lang='lat' dir='ltr'><strong>ANNO</strong></span> <span class='ocrx_word' id='word_1_493' title='bbox 2221 4098 2444 4157; x_wconf 77' lang='lat' dir='ltr'><strong>oomNi</strong></span> <span class='ocrx_word' id='word_1_494' title='bbox 2481 4108 2703 4156; x_wconf 77' lang='lat' dir='ltr'><strong>uLvm.</strong></span> 
     </span>
    </p>
   </div>
   <div class='ocr_carea' id='block_1_72' title="bbox 1095 4293 3605 4479">
    <p class='ocr_par' dir='ltr' id='par_1_72' title="bbox 1095 4293 3605 4479">
     <span class='ocr_line' id='line_1_73' title="bbox 1095 4293 3605 4479; baseline -0.001 -5"><span class='ocrx_word' id='word_1_495' title='bbox 1095 4297 2003 4478; x_wconf 86' lang='lat' dir='ltr'><strong>NICETAS</strong></span> <span class='ocrx_word' id='word_1_496' title='bbox 2103 4293 3605 4479; x_wconf 80' lang='lat' dir='ltr'><strong>PECTOBATUS.</strong></span> 
     </span>
    </p>
   </div>
   <div class='ocr_carea' id='block_1_73' title="bbox 2024 4766 2672 4885">
    <p class='ocr_par' dir='ltr' id='par_1_73' title="bbox 2024 4766 2672 4885">
     <span class='ocr_line' id='line_1_74' title="bbox 2024 4766 2672 4885; baseline 0.005 -4"><span class='ocrx_word' id='word_1_497' title='bbox 2024 4766 2672 4885; x_wconf 87' lang='lat' dir='ltr'><strong>NOTITIA.</strong></span> 
     </span>
    </p>
   </div>
   <div class='ocr_carea' id='block_1_74' title="bbox 1589 4986 3108 5055">
    <p class='ocr_par' dir='ltr' id='par_1_74' title="bbox 1589 4986 3108 5055">
     <span class='ocr_line' id='line_1_75' title="bbox 1589 4986 3108 5055; baseline -0.001 -13"><span class='ocrx_word' id='word_1_498' title='bbox 1589 4987 1805 5055; x_wconf 84' lang='lat' dir='ltr'><strong>(Fabric.</strong></span> <span class='ocrx_word' id='word_1_499' title='bbox 1827 4986 2065 5041; x_wconf 87' lang='lat' dir='ltr'><strong>Bibiioth.</strong></span> <span class='ocrx_word' id='word_1_500' title='bbox 2090 4987 2245 5039; x_wconf 72' lang='lat' dir='ltr'><strong>Graec.</strong></span> <span class='ocrx_word' id='word_1_501' title='bbox 2269 4987 2351 5037; x_wconf 88' lang='lat' dir='ltr'><strong>ed.</strong></span> <span class='ocrx_word' id='word_1_502' title='bbox 2374 4986 2570 5039; x_wconf 79' lang='lat' dir='ltr'><strong>Harles.</strong></span> <span class='ocrx_word' id='word_1_503' title='bbox 2592 4991 2711 5038; x_wconf 87' lang='lat' dir='ltr'><strong>tom.</strong></span> <span class='ocrx_word' id='word_1_504' title='bbox 2735 4986 2846 5050; x_wconf 78' lang='lat' dir='ltr'><strong>VII,</strong></span> <span class='ocrx_word' id='word_1_505' title='bbox 2878 5001 2929 5051; x_wconf 91' lang='lat' dir='ltr'><strong>p.</strong></span> <span class='ocrx_word' id='word_1_506' title='bbox 2972 4987 3108 5051; x_wconf 72' lang='lat' dir='ltr'><strong>7w.)</strong></span> 
     </span>
    </p>
   </div>
   <div class='ocr_carea' id='block_1_75' title="bbox 798 5284 3973 5357">
    <p class='ocr_par' dir='ltr' id='par_1_75' title="bbox 798 5284 3973 5357">
     <span class='ocr_line' id='line_1_76' title="bbox 798 5284 3973 5357; baseline 0 -13"><span class='ocrx_word' id='word_1_507' title='bbox 798 5291 1017 5346; x_wconf 81' lang='lat' dir='ltr'><strong>Nicetas</strong></span> <span class='ocrx_word' id='word_1_508' title='bbox 1055 5286 1394 5354; x_wconf 82' lang='lat' dir='ltr'><strong>Pectoratus,</strong></span> <span class='ocrx_word' id='word_1_509' title='bbox 1422 5285 1536 5342; x_wconf 76' lang='lat' dir='ltr'><strong>sive</strong></span> <span class='ocrx_word' id='word_1_510' title='bbox 1568 5284 1766 5340; x_wconf 88' lang='lat' dir='ltr'><strong>Sterno</strong></span> <span class='ocrx_word' id='word_1_511' title='bbox 1795 5284 2133 5356; x_wconf 84' lang='grc' dir='ltr'><strong>(στηθάτος),</strong></span> <span class='ocrx_word' id='word_1_512' title='bbox 2170 5284 2458 5357; x_wconf 85' lang='lat' dir='ltr'><strong>presbyter</strong></span> <span class='ocrx_word' id='word_1_513' title='bbox 2482 5294 2536 5339; x_wconf 89' lang='lat' dir='ltr'><strong>et</strong></span> <span class='ocrx_word' id='word_1_514' title='bbox 2568 5286 2885 5341; x_wconf 85' lang='lat' dir='ltr'><strong>monasterii</strong></span> <span class='ocrx_word' id='word_1_515' title='bbox 2923 5285 3265 5354; x_wconf 86' lang='lat' dir='ltr'><strong>Studicnsis,</strong></span> <span class='ocrx_word' id='word_1_516' title='bbox 3294 5288 3439 5357; x_wconf 90' lang='lat' dir='ltr'><strong>quod</strong></span> <span class='ocrx_word' id='word_1_517' title='bbox 3464 5287 3623 5344; x_wconf 62' lang='grc' dir='ltr'><strong>(Σιδοιί</strong></span> <span class='ocrx_word' id='word_1_518' title='bbox 3652 5288 3795 5356; x_wconf 80' lang='lat' dir='ltr'><strong>fuit,</strong></span> <span class='ocrx_word' id='word_1_519' title='bbox 3847 5308 3973 5345; x_wconf 87' lang='lat' dir='ltr'><strong>mo-</strong></span> 
     </span>
    </p>
   </div>
   <div class='ocr_carea' id='block_1_76' title="bbox 727 5372 3977 5447">
    <p class='ocr_par' dir='ltr' id='par_1_76' title="bbox 727 5372 3977 5447">
     <span class='ocr_line' id='line_1_77' title="bbox 727 5372 3977 5447; baseline -0.003 -14"><span class='ocrx_word' id='word_1_520' title='bbox 727 5381 960 5442; x_wconf 87' lang='lat' dir='ltr'><strong>nachus,</strong></span> <span class='ocrx_word' id='word_1_521' title='bbox 995 5391 1121 5431; x_wconf 89' lang='lat' dir='ltr'><strong>acer</strong></span> <span class='ocrx_word' id='word_1_522' title='bbox 1152 5373 1470 5428; x_wconf 87' lang='lat' dir='ltr'><strong>Latinorum</strong></span> <span class='ocrx_word' id='word_1_523' title='bbox 1504 5384 1559 5428; x_wconf 91' lang='lat' dir='ltr'><strong>et</strong></span> <span class='ocrx_word' id='word_1_524' title='bbox 1590 5372 1973 5428; x_wconf 80' lang='lat' dir='ltr'><strong>Armeniorum</strong></span> <span class='ocrx_word' id='word_1_525' title='bbox 2000 5373 2351 5429; x_wconf 83' lang='lat' dir='ltr'><strong>adversarius</strong></span> <span class='ocrx_word' id='word_1_526' title='bbox 2390 5373 2531 5428; x_wconf 85' lang='lat' dir='ltr'><strong>circa</strong></span> <span class='ocrx_word' id='word_1_527' title='bbox 2559 5388 2762 5426; x_wconf 83' lang='lat' dir='ltr'><strong>annum</strong></span> <span class='ocrx_word' id='word_1_528' title='bbox 2794 5372 2999 5428; x_wconf 88' lang='lat' dir='ltr'><strong>Christi</strong></span> <span class='ocrx_word' id='word_1_529' title='bbox 3035 5374 3172 5427; x_wconf 80' lang='lat'><strong>1055</strong></span> <span class='ocrx_word' id='word_1_530' title='bbox 3198 5413 3214 5437; x_wconf 89' lang='lat'><strong>,</strong></span> <span class='ocrx_word' id='word_1_531' title='bbox 3249 5375 3317 5431; x_wconf 87' lang='lat' dir='ltr'><strong>de</strong></span> <span class='ocrx_word' id='word_1_532' title='bbox 3350 5377 3511 5445; x_wconf 86' lang='lat' dir='ltr'><strong>cujus</strong></span> <span class='ocrx_word' id='word_1_533' title='bbox 3562 5379 3791 5447; x_wconf 85' lang='lat' dir='ltr'><strong>scriptis</strong></span> <span class='ocrx_word' id='word_1_534' title='bbox 3840 5394 3977 5433; x_wconf 72' lang='lat' dir='ltr'><strong>eo..-</strong></span> 
     </span>
    </p>
   </div>
   <div class='ocr_carea' id='block_1_77' title="bbox 730 5459 3977 5535">
    <p class='ocr_par' dir='ltr' id='par_1_77' title="bbox 730 5459 3977 5535">
     <span class='ocr_line' id='line_1_78' title="bbox 730 5459 3977 5535; baseline -0.001 -15"><span class='ocrx_word' id='word_1_535' title='bbox 730 5464 960 5522; x_wconf 87' lang='lat' dir='ltr'><strong>sulenda</strong></span> <span class='ocrx_word' id='word_1_536' title='bbox 995 5481 1113 5535; x_wconf 73' lang='lat' dir='ltr'><strong>qua:</strong></span> <span class='ocrx_word' id='word_1_537' title='bbox 1136 5464 1447 5520; x_wconf 73' lang='lat' dir='ltr'><strong>observavit</strong></span> <span class='ocrx_word' id='word_1_538' title='bbox 1473 5462 1708 5516; x_wconf 80' lang='lat' dir='ltr'><strong>Caveus.</strong></span> <span class='ocrx_word' id='word_1_539' title='bbox 1742 5460 1820 5515; x_wconf 77' lang='lat' dir='ltr'><strong>Ex</strong></span> <span class='ocrx_word' id='word_1_540' title='bbox 1854 5462 1993 5516; x_wconf 91' lang='lat' dir='ltr'><strong>libro</strong></span> <span class='ocrx_word' id='word_1_541' title='bbox 2024 5459 2139 5533; x_wconf 86' lang='lat' dir='ltr'><strong>[De</strong></span> <span class='ocrx_word' id='word_1_542' title='bbox 2168 5477 2396 5529; x_wconf 77' lang='lat' dir='ltr'><strong>process.</strong></span> <span class='ocrx_word' id='word_1_543' title='bbox 2436 5459 2662 5529; x_wconf 76' lang='lat' dir='ltr'><strong>Spiritus</strong></span> <span class='ocrx_word' id='word_1_544' title='bbox 2698 5463 2869 5515; x_wconf 74' lang='lat' dir='ltr'><strong>sancti</strong></span> <span class='ocrx_word' id='word_1_545' title='bbox 2898 5476 2962 5514; x_wconf 74' lang='lat' dir='ltr'><strong>ex</strong></span> <span class='ocrx_word' id='word_1_546' title='bbox 2993 5462 3106 5516; x_wconf 79' lang='lat' dir='ltr'><strong>solo</strong></span> <span class='ocrx_word' id='word_1_547' title='bbox 3132 5462 3324 5535; x_wconf 85' lang='lat' dir='ltr'><strong>Patre]</strong></span> <span class='ocrx_word' id='word_1_548' title='bbox 3357 5504 3371 5527; x_wconf 90' lang='lat'><strong>,</strong></span> <span class='ocrx_word' id='word_1_549' title='bbox 3411 5467 3474 5518; x_wconf 82' lang='lat' dir='ltr'><strong>de</strong></span> <span class='ocrx_word' id='word_1_550' title='bbox 3503 5469 3732 5534; x_wconf 79' lang='lat' dir='ltr'><strong>azymis,</strong></span> <span class='ocrx_word' id='word_1_551' title='bbox 3763 5465 3977 5519; x_wconf 78' lang='lat' dir='ltr'><strong>Sabbu-</strong></span> 
     </span>
    </p>
   </div>
   <div class='ocr_carea' id='block_1_78' title="bbox 728 5546 3978 5622">
    <p class='ocr_par' dir='ltr' id='par_1_78' title="bbox 728 5546 3978 5622">
     <span class='ocr_line' id='line_1_79' title="bbox 728 5546 3978 5622; baseline -0.001 -16"><span class='ocrx_word' id='word_1_552' title='bbox 728 5566 904 5607; x_wconf 84' lang='lat' dir='ltr'><strong>torum</strong></span> <span class='ocrx_word' id='word_1_553' title='bbox 956 5552 1168 5621; x_wconf 75' lang='lat' dir='ltr'><strong>jejunio</strong></span> <span class='ocrx_word' id='word_1_554' title='bbox 1216 5562 1265 5606; x_wconf 77' lang='lat' dir='ltr'><strong>et</strong></span> <span class='ocrx_word' id='word_1_555' title='bbox 1294 5551 1490 5619; x_wconf 68' lang='grc' dir='ltr'><strong>παριείς</strong></span> <span class='ocrx_word' id='word_1_556' title='bbox 1534 5549 1870 5603; x_wconf 78' lang='lat' dir='ltr'><strong>sacerdotum</strong></span> <span class='ocrx_word' id='word_1_557' title='bbox 1896 5559 2079 5603; x_wconf 85' lang='lat' dir='ltr'><strong>contra</strong></span> <span class='ocrx_word' id='word_1_558' title='bbox 2111 5546 2352 5611; x_wconf 86' lang='lat' dir='ltr'><strong>Latinos,</strong></span> <span class='ocrx_word' id='word_1_559' title='bbox 2384 5547 2561 5600; x_wconf 87' lang='lat' dir='ltr'><strong>locum</strong></span> <span class='ocrx_word' id='word_1_560' title='bbox 2597 5546 2785 5601; x_wconf 65' lang='lat' dir='ltr'><strong>Graece</strong></span> <span class='ocrx_word' id='word_1_561' title='bbox 2816 5547 2984 5601; x_wconf 87' lang='lat' dir='ltr'><strong>etiam</strong></span> <span class='ocrx_word' id='word_1_562' title='bbox 3013 5551 3221 5616; x_wconf 79' lang='lat' dir='ltr'><strong>profert</strong></span> <span class='ocrx_word' id='word_1_563' title='bbox 3264 5550 3497 5607; x_wconf 83' lang='lat' dir='ltr'><strong>Allatius</strong></span> <span class='ocrx_word' id='word_1_564' title='bbox 3534 5552 3629 5605; x_wconf 83' lang='lat' dir='ltr'><strong>lib.</strong></span> <span class='ocrx_word' id='word_1_565' title='bbox 3662 5552 3741 5606; x_wconf 81' lang='lat' dir='ltr'><strong>De</strong></span> <span class='ocrx_word' id='word_1_566' title='bbox 3778 5570 3978 5622; x_wconf 76' lang='lat' dir='ltr'><strong>purga-</strong></span> 
     </span>
    </p>
   </div>
   <div class='ocr_carea' id='block_1_79' title="bbox 730 5635 3971 5712">
    <p class='ocr_par' dir='ltr' id='par_1_79' title="bbox 730 5635 3971 5712">
     <span class='ocr_line' id='line_1_80' title="bbox 730 5635 3971 5712; baseline -0.001 -17"><span class='ocrx_word' id='word_1_567' title='bbox 730 5644 864 5697; x_wconf 84' lang='lat' dir='ltr'><strong>torio</strong></span> <span class='ocrx_word' id='word_1_568' title='bbox 894 5681 911 5709; x_wconf 93' lang='lat'><strong>,</strong></span> <span class='ocrx_word' id='word_1_569' title='bbox 942 5657 995 5712; x_wconf 93' lang='lat' dir='ltr'><strong>p.</strong></span> <span class='ocrx_word' id='word_1_570' title='bbox 1031 5641 1135 5698; x_wconf 87' lang='lat'><strong>870</strong></span> <span class='ocrx_word' id='word_1_571' title='bbox 1170 5641 1269 5711; x_wconf 78' lang='grc' dir='ltr'><strong>(ι).</strong></span> <span class='ocrx_word' id='word_1_572' title='bbox 1310 5637 1469 5693; x_wconf 86' lang='lat' dir='ltr'><strong>Hunc</strong></span> <span class='ocrx_word' id='word_1_573' title='bbox 1498 5637 1744 5692; x_wconf 84' lang='lat' dir='ltr'><strong>Nicetam</strong></span> <span class='ocrx_word' id='word_1_574' title='bbox 1773 5678 1786 5701; x_wconf 87' lang='lat'><strong>,</strong></span> <span class='ocrx_word' id='word_1_575' title='bbox 1818 5653 1847 5691; x_wconf 89' lang='lat' dir='ltr'><strong>a</strong></span> <span class='ocrx_word' id='word_1_576' title='bbox 1880 5652 2031 5708; x_wconf 63' lang='lat' dir='ltr'><strong>papae</strong></span> <span class='ocrx_word' id='word_1_577' title='bbox 2070 5635 2445 5706; x_wconf 85' lang='lat' dir='ltr'><strong>apocrisiariis</strong></span> <span class='ocrx_word' id='word_1_578' title='bbox 2491 5641 2850 5689; x_wconf 91' lang='lat' dir='ltr'><strong>consecutum</strong></span> <span class='ocrx_word' id='word_1_579' title='bbox 2906 5635 3205 5704; x_wconf 83' lang='lat' dir='ltr'><strong>perfectam</strong></span> <span class='ocrx_word' id='word_1_580' title='bbox 3259 5639 3694 5708; x_wconf 86' lang='lat' dir='ltr'><strong>propositionum</strong></span> <span class='ocrx_word' id='word_1_581' title='bbox 3747 5653 3971 5693; x_wconf 83' lang='lat' dir='ltr'><strong>suarum</strong></span> 
     </span>
    </p>
   </div>
   <div class='ocr_carea' id='block_1_80' title="bbox 802 5796 3272 5869">
    <p class='ocr_par' dir='ltr' id='par_1_80' title="bbox 802 5796 3272 5869">
     <span class='ocr_line' id='line_1_81' title="bbox 802 5796 3272 5869; baseline -0.002 -14"><span class='ocrx_word' id='word_1_582' title='bbox 802 5803 876 5869; x_wconf 80' lang='lat' dir='ltr'><strong>tl)</strong></span> <span class='ocrx_word' id='word_1_583' title='bbox 904 5800 1063 5856; x_wconf 83' lang='lat' dir='ltr'><strong>Conf.</strong></span> <span class='ocrx_word' id='word_1_584' title='bbox 1112 5800 1366 5854; x_wconf 80' lang='lat' dir='ltr'><strong>Allatium</strong></span> <span class='ocrx_word' id='word_1_585' title='bbox 1418 5799 1491 5854; x_wconf 77' lang='lat' dir='ltr'><strong>De</strong></span> <span class='ocrx_word' id='word_1_586' title='bbox 1537 5800 1681 5854; x_wconf 82' lang='lat' dir='ltr'><strong>Ercl.</strong></span> <span class='ocrx_word' id='word_1_587' title='bbox 1728 5801 1907 5861; x_wconf 78' lang='lat' dir='ltr'><strong>occid.,</strong></span> <span class='ocrx_word' id='word_1_588' title='bbox 1945 5809 1993 5854; x_wconf 84' lang='lat' dir='ltr'><strong>et</strong></span> <span class='ocrx_word' id='word_1_589' title='bbox 2024 5800 2209 5855; x_wconf 80' lang='lat' dir='ltr'><strong>orient.</strong></span> <span class='ocrx_word' id='word_1_590' title='bbox 2252 5815 2398 5869; x_wconf 67' lang='grc' dir='ltr'><strong>ηενρ.</strong></span> <span class='ocrx_word' id='word_1_591' title='bbox 2427 5815 2666 5854; x_wconf 73' lang='lat' dir='ltr'><strong>comem.</strong></span> <span class='ocrx_word' id='word_1_592' title='bbox 2698 5796 2762 5866; x_wconf 90' lang='lat' dir='ltr'><strong>ll,</strong></span> <span class='ocrx_word' id='word_1_593' title='bbox 2791 5800 2843 5866; x_wconf 86' lang='lat'><strong>9,</strong></span> <span class='ocrx_word' id='word_1_594' title='bbox 2875 5798 2902 5867; x_wconf 83' lang='lat'>§</span> <span class='ocrx_word' id='word_1_595' title='bbox 2929 5798 2983 5853; x_wconf 87' lang='grc'><strong>6.</strong></span> <span class='ocrx_word' id='word_1_596' title='bbox 3010 5799 3028 5866; x_wconf 93' lang='grc'><strong>(</strong></span> <span class='ocrx_word' id='word_1_597' title='bbox 3054 5797 3226 5852; x_wconf 65' lang='lat' dir='ltr'><strong>Hann.</strong></span> <span class='ocrx_word' id='word_1_598' title='bbox 3254 5799 3272 5864; x_wconf 91' lang='lat'><strong>)</strong></span> 
     </span>
    </p>
   </div>
  </div>
