4202 6450
255 421 359 478 845
1698 411 1873 470 ΝΟΤ]
1894 448 1914 468 .

1832 414 1873 469 Γ]
1894 411 2032 468 .‘IA.
3389 402 3491 463 845

253 529 605 591 solutionem,
641 527 836 580 iterum
885 540 1079 595 sponte
1110 526 1603 578 anatiietuatisasm
1637 526 1818 578 omnia
1860 524 2004 576 dicta
2029 533 2083 576 et
2118 523 2256 574 lat-ta
2298 523 2378 576 vel
2417 529 2620 574 tentata
2651 522 2913 575 adversus
2951 518 3248 574 ﬂammam
3287 519 3497 596 sedem,

264 618 454 680 sicque
489 618 553 665 ab
588 615 669 666 eis
697 616 749 667 in
792 615 1234 668 communionem
1269 621 1569 680 receptum,
1595 611 1844 664 allectum
1885 627 2007 667 esse
2041 624 2232 663 eorum
2284 609 2604 662 familiarem
2639 610 2871 662 amicum
2898 647 2916 674 ,
2942 607 3136 660 scribit
3175 606 3452 660 \Vibertus
3477 641 3494 667 ,

252 702 305 754 in
334 701 453 764 Vita
487 700 545 755 S.
578 699 798 765 Leonis,
832 700 898 765 ll,
930 701 982 754 5,
1013 701 1156 756 Idem
1191 701 1380 765 tradit,
1433 699 1757 753 invectivam
1815 697 2247 767 Rcsponsionem
2299 696 2610 749 cancellarii
2658 693 2890 748 Romani
2940 695 3199 749 Friderici
3223 733 3239 757 ,
3294 693 3492 747 Niceten

251 790 583 856 oppositam,
618 789 794 842 fuisse
820 789 888 843 de
915 788 1110 842 Latino
1136 787 1456 842 translatam
1487 786 1674 840 Greece
1697 791 1751 839 et
1781 799 1962 838 coram
2010 786 2337 853 imperatore
2379 784 2658 837 recitatum
2687 780 2966 847 ;Nicetam
2985 797 3119 836 vero
3138 788 3390 836 eoactum
3419 780 3494 846 (2)

262 876 528 929 (Ιωιιιιετε
559 885 612 928 et
646 877 968 930 comburere
1002 891 1099 929 sua
1126 876 1350 945 scripta,
1405 875 1586 928 habita
1626 874 1992 941 disputatione
2058 872 2200 940 apud
2239 872 2631 925 monasterium
2663 868 2840 925 Studii
2877 870 2933 923 in
2997 870 3129 924 urbe
3177 870 3496 924 CPolitana.

255 963 456 1029 (ΡΑΒκ.
483 966 497 1030 )
528 964 688 1017 Cunl‘.
730 965 796 1018 de
828 966 920 1018 illo
947 963 1093 1016 Guil.
1128 965 1294 1026 Cave,
1337 964 1478 1016 llist.
1504 963 1612 1014 litt.
1649 960 1749 1015 SS.
1782 960 1928 1014 Eccl.
1966 971 2074 1012 tom
2104 960 2168 1023 II,
2198 977 2251 1028 p.
2294 960 2440 1022 £56;
2478 961 2766 1029 llamberg.
2811 957 2873 1011 Ζ.
2909 957 2972 1012 Ν.
3002 957 3114 1022 111,
3150 975 3205 1027 p.
3265 959 3404 1024 759;
3446 967 3501 1011 et

257 1049 432 1111 Saxii.
471 1050 659 1104 Onam.
698 1052 764 1114 ll,
795 1065 849 1118 p.
877 1049 971 1102 181
1007 1066 1022 1114 ;
1057 1048 1396 1103 Schroeckh.
1429 1049 1569 1101 Hist.
1600 1050 1729 1101 eccl.
1759 1045 1955 1112 XXIV,
1998 1062 2050 1116 p.
2087 1049 2191 1101 219
2216 1063 2332 1116 seq.
2371 1045 2665 1100 ——Nicetae
2705 1046 2974 1101 [’ectorati
3002 1083 3017 1109 ,
3071 1045 3263 1101 Libell.
3307 1058 3499 1100 contra

258 1138 488 1192 Latinos
526 1140 708 1192 editus
736 1148 788 1192 et
812 1139 881 1191 ab
913 1139 1289 1206 apocrisiariis
1329 1137 1644 1204 apostolicae
1667 1134 1812 1191 sedis
1845 1135 2006 1189 (1Ιόιὶ
2040 1143 2312 1203 repertus,
2348 1133 2542 1187 Latine
2594 1147 2717 1186 cum
2767 1133 3120 1189 Rcfutatione
3168 1132 3451 1187 Humbcrti
3485 1171 3500 1196 ,

255 1225 438 1280 Patris
471 1226 752 1295 purpurati
785 1225 897 1296 (de
929 1239 1037 1293 quo
1071 1226 1194 1278 vide
1228 1224 1373 1277 Saxii
1407 1223 1598 1277 Onom.
1639 1224 1704 1290 ll,
1742 1239 1795 1294 p.
1833 1223 1956 1283 180,
1996 1233 2048 1276 et
2076 1237 2214 1290 quos
2245 1223 2335 1276 ille
2358 1221 2544 1275 laudat
2573 1223 2589 1289 )
2646 1223 2700 1274 in
2749 1220 2815 1274 11.
2867 1221 3073 1276 Canisii
3124 1220 3271 1273 Lect.
3328 1222 3498 1286 antiv.

257 1322 394 1366 tom.
429 1314 517 1374 lll,
554 1329 609 1381 p.
640 1312 770 1377 508,
801 1313 888 1367 ed.
922 1312 1188 1380 Basnage.
1215 1341 1284 1352 —
1316 1311 1570 1380 Ejusdem
1611 1327 1833 1388 carmen
1875 1311 2173 1364 iambicum
2208 1311 2260 1364 in
2303 1309 2612 1365 Simeonem
2652 1309 2933 1364 Juniorem
2962 1349 2977 1372 ,
3008 1308 3101 1364 Gr.
3159 1316 3211 1362 et
3263 1307 3387 1362 Lat.
3448 1310 3498 1362 iu

255 1398 324 1455 L.
356 1399 562 1460 Allatii,
595 1398 831 1451 Diatribe
859 1397 922 1451 de
948 1398 1316 1468 Symeonibus,
1346 1414 1466 1468 pag.
1496 1397 1620 1452 168.
1660 1427 1730 1438 —-
1759 1396 1815 1452 In
1859 1413 1993 1453 mss.
2042 1398 2323 1453 codicibus
2363 1397 2529 1452 Laur.
2564 1397 2818 1452 Mediceis
2852 1405 2907 1451 et
2950 1395 3261 1452 Vindobon.
3295 1395 3502 1451 Carsar.

254 1496 546 1540 servantur
575 1488 725 1539 varia
755 1503 769 1553 ;
816 1488 870 1540 in
901 1485 1026 1539 cod.
1063 1486 1209 1539 Med.
1235 1488 1323 1550 19,
1361 1502 1416 1539 ιι.
1455 1487 1509 1548 5,
1542 1495 1594 1538 ct
1624 1485 1750 1540 cod.
1786 1484 2092 1540 Viudobon.
2129 1485 2256 1550 240,
2284 1502 2340 1540 n.
2370 1485 2425 1549 6,
2460 1483 2670 1554 Opusc.
2713 1483 2999 1546 ineditum,
3038 1486 3275 1553 capitum
3308 1485 3504 1537 asceti-

258 1590 450 1628 corum
489 1585 599 1627 tres
631 1575 911 1627 centuriae.
948 1574 1012 1630 V.
1039 1571 1271 1626 Bandin.
1313 1571 1486 1626 Codd.
1521 1571 1616 1627 Gr.
1652 1572 1783 1626 bibl.
1813 1572 2070 1626 Laurent.
2100 1573 2161 1626 L.
2193 1589 2246 1641 p.
2279 1573 2480 1637 262,et
2505 1572 2764 1627 Lambec.
2806 1573 3021 1626 Comm.
3043 1572 3110 1625 de
3135 1571 3268 1625 bibl.
3300 1571 3501 1626 Ctesar.

261 1662 326 1725 ν,
357 1678 411 1728 p.
445 1660 572 1715 216.
611 1691 680 1700 --
704 1661 762 1714 In
803 1661 934 1714 cod.
971 1660 1165 1715 medic.
1202 1661 1289 1724 l6,
1320 1676 1375 1714 n.
1402 1660 1498 1726 25,
1525 1661 1660 1728 plut.
1694 1662 1822 1726 9,et
1853 1662 1920 1715 Ca

1853 1662 2101 1715 Caesareo
2130 1661 2257 1715 cod.
2290 1661 2418 1725 247,
2458 1675 2517 1714 n.
2566 1661 2629 1713 21
2664 1702 2676 1722 ,
2710 1668 2873 1729 atque
2901 1659 3028 1714 cod.
3057 1659 3165 1712 255
3192 1697 3206 1722 ,
3240 1673 3297 1712 n.
3333 1658 3363 1710 ’7
3391 1699 3404 1722 ,
3437 1658 3502 1711 ad

257 1747 482 1802 Latinos
515 1748 592 1800 De
626 1749 855 1816 azymis,
887 1747 1087 1815 jejunio
1121 1747 1342 1801 Sabbati
1391 1758 1440 1801 et
1473 1751 1668 1816 nuptiis
1694 1750 2048 1803 sacerdotum.
2091 1749 2361 1819 (Bandin.
2396 1748 2469 1802 ib.
2507 1762 2563 1817 p.
2593 1746 2732 1807 415;
2758 1755 2814 1801 e‘t
2845 1747 3102 1801 Lambec.
3158 1746 3199 1800 V
3225 1785 3241 1809 ,
3288 1760 3345 1815 p.
3399 1746 3507 1798 265

257 1849 377 1902 seq.
421 1849 483 1889 ac
513 1851 567 1904 p.
605 1837 730 1889 476.
758 1835 776 1904 )
809 1867 877 1877 -
912 1835 966 1888 ln
1000 1837 1124 1889 cod.
1157 1838 1245 1899 50,
1283 1838 1419 1903 plut.
1455 1839 1543 1899 10,
1577 1846 1660 1892 est
1698 1838 1916 1905 Ἐκλογ1

1847 1838 1931 1908 ivi;
1961 1838 2198 1907 capitum
2231 1851 2298 1891 ex
2326 1836 2534 1890 sanctis
2563 1834 2841 1889 Patribus.
2885 1833 3178 1899 Praefatio,
3213 1848 3337 1903 qua:
3369 1846 3506 1900 prte-

255 1921 425 1986 cedit,
466 1938 494 1976 a
527 1923 896 1977 Montfaucon.
925 1925 978 1977 in
1010 1923 1186 1978 Catal.
1226 1924 1486 1978 tribuitur
1513 1924 1732 1979 Nicette.
1773 1924 1847 1978 Ex
1882 1924 2068 1980 Niceta
2096 1932 2280 1979 autem
2331 1924 2563 1994 aliisque
2617 1923 2986 1993 scriptoribus
3027 1923 3230 1977 eccles.
3271 1935 3504 1990 quorum

256 2012 480 2062 nomina
509 2011 562 2064 in
601 2012 847 2080 margine
875 2020 1002 2064 sunt
1034 2012 1296 2080 ascripta,
1335 2012 1601 2066 adornata
1632 2022 1713 2066 est
1749 2013 1863 2066 haec
1889 2010 2138 2066 collectio
2164 2052 2179 2075 ,
2214 2015 2354 2064 teste
2382 2009 2615 2062 Bandin.
2647 2009 2683 2062 l.
2718 2024 2769 2062 c.
2803 2024 2857 2077 p.
2912 2009 3018 2062 494
3046 2023 3162 2078 seq.
3197 2037 3268 2048 -ι
3296 2007 3354 2062 in
3382 2006 3505 2060 cod.

256 2097 466 2150 Caesar.
499 2097 735 2151 Vindob.
766 2098 892 2161 285,
924 2115 982 2154 n.
1013 2100 1068 2161 9,
1097 2109 1180 2152 est
1209 2098 1458 2167 ejusdem
1483 2100 1671 2153 Oratio
1704 2100 1879 2170 prima
1911 2099 2178 2152 invectiva
2202 2108 2393 2151 contra
2427 2097 2799 2166 blasphemam
2825 2096 3208 2149 Armeniorum
3249 2094 3504 2156 haeresin,

258 2193 316 2235 ut
342 2184 536 2238 scribit
566 2184 824 2240 Lambec.
857 2184 922 2249 V,
956 2201 1008 2254 p.
1038 2185 1161 2238 477.
1192 2216 1262 2225 -
1293 2185 1350 2239 1η
1381 2187 1505 2240 cod.
1538 2187 1667 2247 256,
1710 2203 1766 2241 n.
1797 2185 1860 2239 l8
1884 2225 1900 2250 ,
1932 2184 2200 2253 Excerpta
2251 2198 2315 2238 ex
2365 2183 2542 2237 Photii
2570 2224 2584 2248 ,
2628 2181 2829 2237 Niceten
2881 2181 3114 2236 Stetltati
3164 2181 3509 2248 aliorumque

252 2269 570 2327 Graecorum
599 2288 726 2341 opp.
779 2283 972 2326 contra
1019 2271 1270 2336 Latinos,
1304 2276 1366 2327 de
1393 2276 1720 2342 processione
1748 2275 1978 2343 Spiritus
2014 2273 2207 2336 sancti,
2239 2273 2303 2326 de
2334 2273 2557 2342 azymis,
2625 2283 2730 2325 etc.
2786 2270 3078 2340 (Lambec.
3111 2269 3178 2323 lV
3202 2309 3217 2334 ,
3250 2285 3306 2339 p.
3339 2269 3462 2323 559.
3491 2266 3507 2327 )

251 2386 322 2396 -
355 2357 412 2411 ιη
443 2360 569 2415 cod.
612 2360 702 2426 45,
733 2377 788 2414 n.
827 2360 915 2424 56,
948 2361 1150 2415 Nicetaa
1175 2361 1411 2415 Stetbati
1445 2363 1691 2416 centuria
1724 2363 1882 2416 tertia
1911 2360 2306 2430 Epistolarum,
2338 2359 2594 2428 Epistolis
2628 2368 2741 2414 tres
2776 2359 2840 2412 de
2865 2358 3156 2412 canonibus
3183 2357 3504 2412 ecclesiasti-

251 2445 355 2499 cis.
408 2445 710 2514 (Lambec.
759 2447 873 2501 Vill
904 2487 918 2511 ,
957 2465 1009 2517 p.
1063 2450 1160 2504 941
1205 2450 1346 2518 seq.)
1375 2477 1444 2488 ——
1477 2450 1532 2502 In
1580 2450 1702 2502 cod.
1737 2449 1962 2502 Barocc.
1995 2449 2063 2503 69
2095 2447 2229 2502 bibl.
2276 2446 2483 2501 Bodlei.
2533 2446 2736 2501 Niceten
2761 2447 3030 2502 Pectorati
3063 2447 3313 2502 centuria
3347 2461 3409 2499 tt.
3437 2474 3508 2485 —

255 2531 524 2600 Ejusdem
558 2536 693 2603 Περὶ
717 2537 814 2590 τοῦ
841 2539 962 2589 κατ’
996 2536 1206 2593 εἰκόνα,
1239 2567 1310 2578 -
1340 2537 1482 2591 Inter
1509 2536 1669 2592 codd.
1704 2536 1914 2592 Norlolc

1848 2538 1946 2592 olc.
1975 2535 2148 2591 Graec.
2177 2534 2318 2603 (Cat.
2349 2535 2511 2590 codd.
2540 2535 2766 2603 Anglia,
2801 2542 2938 2589 tom.
2966 2531 3030 2598 ll,
3057 2549 3112 2604 p.
3140 2533 3230 2602 84)
3257 2549 3314 2588 n.
3341 2534 3507 2595 5154,

257 2621 486 2675 Nicetes
514 2621 863 2683 Pectoratus,
891 2626 956 2676 de
996 2624 1204 2678 caalesti
1240 2623 1585 2684 llierarcltia,
1621 2633 1672 2678 et
1703 2625 1922 2680 Nicetas
1954 2624 2242 2688 diaconus,
2272 2623 2340 2676 ad
2362 2621 2603 2676 Nicetam
2639 2621 3005 2676 Pectoratum.
3045 2649 3116 2661 —
3159 2620 3419 2687 Taurini,
3452 2622 3507 2674 in

254 2709 388 2762 bibl.
426 2708 562 2777 Reg.
605 2710 729 2762 cod.
761 2711 888 2772 180,
919 2720 1031 2765 tres
1055 2711 1330 2765 Centurite
1357 2712 1730 2777 capitulorum
1765 2721 1913 2769 ascet

1850 2713 2162 2767 :eticorum.
2194 2739 2264 2749 —
2293 2709 2424 2763 Cod.
2460 2709 2587 2771 200,
2621 2724 2679 2762 n.
2713 2709 2780 2763 15
2813 2747 2829 2773 ,
2861 2717 2916 2760 et
2939 2708 3044 2760 288
3069 2746 3085 2773 ,
3122 2707 3218 2761 fol.
3265 2709 3396 2774 154,
3434 2707 3509 2761 De

255 2797 484 2865 azymis,
521 2797 585 2849 de
606 2797 814 2864 jejunio
846 2797 1068 2851 Sabbati
1097 2807 1146 2851 et
1174 2801 1235 2851 de
1265 2799 1460 2864 nuptiis
1480 2803 1835 2853 sacerdotum.
1868 2828 1938 2839 -
1970 2800 2094 2854 cod.
2123 2799 2249 2860 552,
2285 2797 2359 2851 De
2391 2799 2570 2850 anima
2598 2807 2648 2851 et
2690 2797 2753 2850 de
2793 2797 3090 2864 paradiso;
3144 2797 3362 2850 tcrtiuui
3393 2839 3408 2861 ,
3455 2800 3506 2848 in

257 2883 537 2937 Procemio
569 2895 926 2937 inemoratum
963 2899 1160 2954 opusc.
1203 2885 1274 2938 De
1307 2887 1607 2939 hierarchia
1636 2889 1881 2956 angelica
1905 2897 1952 2940 et
1986 2886 2284 2940 ecclesiast.
2315 2884 2670 2938 Desideratur
2701 2885 2756 2937 in
2783 2884 2876 2938 illo
2900 2884 3025 2937 cod.
3049 2884 3110 2937 V.
3133 2882 3310 2936 Catal.
3345 2883 3507 2936 codd.

257 2968 355 3022 Gr.
395 2968 564 3023 Taur.
599 2985 650 3038 p.
688 2969 810 3034 269,
845 2969 975 3032 298,
1008 2972 1134 3036 584,
1169 2973 1293 3026 415.
1323 3001 1393 3012 -
1418 2973 1473 3026 In
1506 2975 1628 3027 eod.
1665 2976 1867 3028 Veneto
1905 2975 1916 3027 l

1842 2989 1867 3028 o
1905 2973 2202 3027 Marciano.
2234 2973 2358 3034 575,
2392 2972 2592 3025 Niceten
2621 2971 2853 3025 Stelltati
2885 2970 2988 3040 Op.
3015 2969 3082 3024 In
3114 2970 3501 3024 Hexaemeron.

263 3057 530 3110 Dividitur
569 3058 624 3110 in
663 3061 837 3126 capita
869 3059 956 3118 15,
1000 3076 1234 3127 quorum
1269 3063 1507 3130 primum
1542 3062 1900 3115 inscribitur:

1844 3061 2098 3127 ΓεΛὸγος
2135 3062 2264 3129 περὶ
2304 3058 2486 3126 ψυχῆς
2534 3060 2630 3111 καὶ
2677 3059 2898 3126 πρῶτον
2952 3060 3085 3128 περὶ
3132 3059 3404 3126 ἀγγέλων.
3438 3088 3503 3101 --

260 3145 337 3198 De
359 3146 612 3213 paradiso
637 3147 892 3210 terrestri,
927 3147 1106 3215 capita
1141 3148 1195 3200 5.
1229 3178 1299 3188 -
1333 3149 1495 3202 Aliud
1541 3164 1680 3216 opus
1713 3150 1764 3202 in
1795 3163 1920 3217 cap.
1978 3145 2010 3198 8
2044 3146 2428 3210 distributum,
2463 3158 2695 3212 quorum
2753 3144 2986 3213 primum
3019 3147 3342 3214 inscriptum
3375 3154 3456 3198 est
3493 3163 3504 3196 :

257 3231 438 3300 Λόγος
469 3238 873 3302 προτρεπτικὸς
907 3234 987 3295 εἰς
1011 3234 1325 3302 μετάνοιαν,
1359 3245 1468 3289 etc.
1515 3234 1579 3291 V.
1609 3236 1738 3290 Car.
1775 3236 1911 3289 codd

1845 3236 1934 3289 dd.
1968 3232 2064 3288 Gr.
2095 3231 2288 3287 Venet.
2317 3249 2371 3302 p.
2404 3232 2533 3296 501,
2568 3233 2658 3286 tibi
2694 3235 2974 3288 coniector
3008 3231 3298 3303 Catalogi:
3329 3252 3345 3284 ι
3381 3234 3502 3286 Ηιυε

264 3316 495 3382 Nicetis,
535 3321 632 3384 ait,
667 3337 832 3389 opera
861 3335 968 3374 non
997 3332 1350 3375 recensentur
1377 3337 1407 3375 a
1444 3322 1900 3376 bibliothecarum
1927 3321 2290 3388 scriptoribus
2316 3363 2330 3385 ,
2361 3335 2502 3390 quos
2549 3319 2812 3376 vidimus.
2859 3338 2878 3371 ι
2928 3321 3036 3375 Sed
3078 3319 3266 3374 forsan
3310 3325 3507 3391 partim

269 3418 460 3474 partes
489 3410 882 3476 opusculorum
919 3417 1070 3471 sunt,
1102 3410 1298 3476 partim
1330 3409 1522 3463 eadem
1547 3410 1810 3479 opuscula
1854 3410 1994 3477 ipsa,
2015 3424 2136 3478 qua:
2160 3417 2272 3461 tum
2301 3408 2354 3462 in
2383 3409 2504 3462 cod.
2529 3407 2707 3463 Paris.
2735 3421 2864 3462 mox
2895 3409 3249 3462 memorando
3278 3410 3508 3476 aliisque

272 3495 652 3559 nominantur,
686 3503 800 3548 tum
835 3510 956 3563 quae
983 3497 1033 3548 in
1064 3495 1195 3549 bibl.
1227 3493 1494 3549 Escurial.
1521 3505 1757 3560 exstare,
1791 3504 1843 3549 et
1871 3511 1900 3548 a
1929 3497 2127 3549 Plucro
2165 3495 2390 3561 Nicetis,
2426 3495 2732 3560 monacho,
2768 3495 3007 3564 ascripta
3035 3494 3210 3552 fuisse
3255 3511 3419 3566 supra
3453 3497 3506 3549 in

257 3578 452 3634 Nieeta
487 3583 778 3644 monacho,
813 3583 1071 3637 viditnus.
1097 3611 1164 3623 —
1186 3581 1412 3637 Parisiis
1453 3585 1504 3636 in
1540 3584 1673 3639 bibl.
1704 3584 1853 3650 publ.
1886 3583 2008 3640 cod.
2035 3584 2162 3648 ⁸562,
2193 3601 2249 3640 n.
2289 3585 2375 3648 15,
2399 3583 2590 3652 Capita
2618 3583 2858 3638 ascetica
2885 3585 2938 3637 in
2964 3592 3072 3638 tres
3097 3587 3378 3640 centurias
3413 3586 3499 3638 di-

259 3667 403 3721 visa.
432 3698 506 3708 —
536 3671 594 3722 In
631 3670 755 3724 cod.
780 3673 941 3734 2747,
976 3688 1032 3724 n.
1064 3673 1118 3735 2,
1154 3671 1291 3725 liber
1324 3670 1398 3724 De
1423 3673 1677 3738 paradiso
1715 3671 2090 3736 intellectuali,
2123 3671 2197 3725 De
2221 3671 2483 3732 libertate,
2517 3669 2591 3724 De
2626 3683 2823 3723 natura
2875 3673 3165 3734 actionum,
3207 3671 3282 3725 De
3313 3675 3506 3725 anima:

261 3754 616 3822 facultatibus
645 3768 692 3811 et
726 3761 986 3814 oratione.
1019 3789 1090 3799 —
1134 3759 1444 3828 Symeonis,
1480 3762 1739 3830 theologi,
1767 3760 1889 3815 Vita
1917 3777 1944 3814 a
1969 3762 2157 3815 Niceta
2190 3760 2440 3816 Stetbato
2467 3762 2693 3830 scripta.
2742 3759 2805 3816 V.
2839 3759 3008 3814 Fana.
3037 3760 3099 3815 Β.
3134 3760 3230 3815 Gr.
3263 3763 3368 3814 vol.
3393 3760 3506 3823 Vll,

264 3840 342 3894 De
361 3842 547 3910 elogiis
574 3844 938 3914 uitisqueSS.
973 3861 1027 3914 p.
1062 3846 1183 3910 142,
1221 3847 1309 3900 ed.
1347 3857 1495 3908 vet.;
1528 3857 1582 3901 et
1610 3851 1715 3902 vol.
1752 3848 1888 3915 Vill,
1921 3864 1976 3918 p.
2016 3850 2119 3904 156
2142 3890 2158 3914 ,
2216 3851 2357 3904 inter
2407 3847 2648 3903 Melodos
2689 3848 2995 3904 ercorum
3037 3847 3156 3904 Nic.
3207 3850 3260 3903 in
3310 3851 3504 3903 librum

261 3929 589 3998 hymnorum
617 3932 905 4005 Symeonis
933 3949 1037 3988 ms.
1071 3936 1122 3988 in
1155 3935 1288 3989 bibl.
1324 3934 1532 3990 Bodlei.
1567 3936 1690 3990 cod.
1723 3937 1755 3990 5
1777 3937 2003 3992 Barocc.
2035 3936 2268 4006 (Hann)

339 4083 688 4162 (2)_Ab_imp.
720 4086 1102 4162 Constantino,
1131 4090 1834 4162 monomacho,__hortanti—
1948 4093 2069 4162 licae
2099 4093 2315 4162 legatis.
2354 4091 2436 4162 V.
2472 4091 2671 4162 Bacon.
2708 4095 2845 4162 Ann.
2873 4091 3060 4147 ecclcs.
3110 4097 3242 4146 tom.
3291 4090 3361 4146 x1
3391 4132 3406 4158 ,
3453 4107 3502 4146 a.

261 4152 368 4209 bus
401 4152 702 4211 Humberto
739 4159 1042 4221 cardinale,
1088 4159 1411 4228 ceterisque
1436 4152 1583 4215 sedis
1615 4174 1832 4229 aposto-

1088 4159 1411 4228 caterisquc
1436 4152 1583 4215 sedis
1615 4174 1832 4229 aposto-
1946 4161 2104 4229 1054,
2137 4152 2190 4216 ii.
2216 4163 2309 4228 20,
2341 4161 2429 4217 21.
2471 4159 2727 4232 (iisan)

273 4365 3495 4406 .__.__________________________________________________

1352 4555 1864 4648 NOTITIA
1914 4562 2408 4652 ALTERA.

667 4743 764 4810 (Es
788 4742 954 4794 Leone
977 4742 1161 4797 Allatio
1189 4746 1239 4795 ln
1272 4745 1492 4798 Diatribs
1516 4748 1580 4798 de
1599 4747 1804 4808 Nicetis,
1832 4751 1957 4812 apud
1983 4750 2158 4801 Maium
2188 4752 2420 4803 Biblioth.
2446 4767 2571 4803 nova
2607 4755 2823 4821 Patrum,
2854 4763 2971 4810 tom.
3000 4760 3109 4823 γι.)

347 5044 555 5100 Nicetae
587 5041 840 5098 monachi
875 5041 1066 5130 scribit
1094 5043 1421 5130 Possevinus
1457 5047 1509 5099 in
1536 5047 1861 5104 bibliotheca
1898 5050 2173 5106 Slortiana
2205 5056 2392 5110 haberi
2442 5057 2563 5111 cod.
2596 5059 2720 5122 106,
2756 5062 2831 5116 De
2860 5065 3041 5118 anima
3076 5067 3272 5120 librum
3305 5084 3465 5122 ununi
3494 5088 3511 5130 ε

275 5135 352 5188 De
378 5131 631 5200 paradiso
657 5129 1184 5195 contemplationem;
1223 5129 1491 5199 Epistolas
1531 5135 1777 5204 aliquot;
1813 5138 1886 5192 De
1915 5139 2250 5198 liierarclu'is.
2290 5145 2448 5199 Hunc
2477 5162 2644 5215 porro
2670 5147 2912 5206 Nicetani
2944 5169 3068 5209 esse
3097 5157 3422 5210 monachum

275 5220 660 5310 presbyterum
683 5216 880 5310 Studii,
915 5228 1280 5310 cognomento
1309 5219 1631 5285 Stethatum,
1664 5223 1862 5293 colligo
1899 5241 1966 5280 ex
1999 5227 2177 5283 indice
2216 5245 2320 5285 ms.
2354 5230 2542 5286 Graeco
2577 5235 2920 5293 bibliothecae
2964 5239 3281 5307 Escurialis,
3317 5245 3370 5294 in
3400 5259 3505 5310 qua

273 5315 418 5360 inter
465 5305 572 5357 alia
629 5302 860 5355 Stetbati
894 5311 947 5356 et
981 5303 1095 5356 haec
1136 5315 1516 5359 recensentur:
1555 5310 1686 5377 Περὶ
1725 5310 1931 5380 ψυχῆς·

1848 5313 1931 5380 ἦς’
1968 5315 2094 5379 περὶ
2144 5317 2505 5386 ’παραδείσου⁸
2543 5322 2621 5384 εἰς
2649 5322 2750 5393 τὴν
2781 5325 3041 5396 οὐρανίαν
3077 5328 3174 5381 καὶ
3211 5302 3507 5398 situlus-t1—

273 5393 466 5462 στικὴν
497 5391 799 5479 ἱεραρχξαν.
827 5388 901 5443 De
918 5392 1146 5479 anima;
1176 5391 1250 5445 De
1282 5394 1572 5460 paradiso;
1607 5396 1672 5450 In
1718 5400 1976 5455 coelestem
2002 5411 2050 5454 et
2085 5403 2494 5460 ecclesiasticam
2525 5388 2900 5467 hierarchiam.
2934 5414 3112 5479 Ouare
3150 5416 3218 5472 de
3250 5388 3510 5471 boc'Ste-

276 5482 452 5544 thato,
485 5493 606 5546 qua:
650 5477 786 5572 libro
819 5491 881 5541 tt,
909 5475 984 5529 De
1015 5479 1352 5532 consensione
1385 5482 1656 5550 utriusque
1692 5486 1921 5540 ecclesia:
1971 5490 2314 5559 scripsimus,
2353 5496 2404 5546 in
2455 5497 2694 5552 medium
2742 5475 3085 5569 proferamus
3116 5521 3130 5558 :
3159 5503 3272 5556 Hoc
3302 5505 3507 5572 nefario

273 5567 542 5622 Cerularii
570 5563 838 5658 exemplo,
880 5566 977 5618 alii
1007 5582 1207 5658 quoque
1261 5569 1315 5622 in
1348 5566 1577 5633 Grtccia,
1611 5575 1700 5640 qui
1736 5591 1788 5627 sc
1826 5591 1884 5628 eo
1919 5594 2079 5647 usque
2114 5581 2302 5637 tacitos
2347 5599 2406 5636 ac
2441 5563 3162 5658 reoerentescontinuerunt,
3194 5563 3383 5647 rubore
3413 5610 3508 5647 ea:-

274 5654 667 5747 cusso,Ap_al_am
700 5669 803 5706 non
834 5669 926 5747 ore
949 5654 1040 5707 sed
1074 5655 1281 5721 scriptis
1312 5657 1467 5710 editis
1498 5659 1552 5711 in
1592 5661 1888 5714 Romanam
1918 5666 2212 5720 Ecclesium
2243 5670 2509 5725 oblatrare
2539 5687 2844 5743 coeperunt;
2879 5694 3042 5746 eaque
3086 5654 3200 5747 ipsa
3233 5690 3390 5734 artate
3419 5681 3511 5735 Ce-

276 5744 471 5797 rularii
508 5741 722 5794 Nicetas
755 5741 974 5812 quidam
1007 5757 1072 5795 ea:
1106 5746 1424 5834 monasterio
1481 5744 1678 5814 Studii,
1725 5764 2061 5820 cognomento
2091 5755 2380 5824 Stctliatus,
2427 5775 2578 5829 quem
2617 5741 2808 5818 Latine
2849 5741 3114 5820 dixerunt.
3141 5767 3512 5834 Pectoratum,

276 5837 444 5887 multa
475 5831 812 5897 Latinorum,
841 5843 887 5885 et
918 5831 1178 5902 praecipue
1208 5831 1271 5887 de
1301 5830 1504 5901 Spiritu
1539 5849 1746 5904 sancto,
1776 5843 1838 5894 de
1877 5842 2101 5909 azymis,
2153 5844 2214 5897 de
2245 5844 2499 5913 Sabbato,
2539 5861 2584 5902 et
2616 5852 2810 5914 nuptiis
2841 5855 3174 5908 sacerdotum
3201 5830 3511 5912 criminatus
