  <div class='ocr_page' id='page_1' title='image "/cluster/home/n/w/nwhite01/storage/ocr_20150623/120/nnc1.0046979972/421.png"; bbox 0 0 4202 6450; ppageno 0'>
   <div class='ocr_carea' id='block_1_1' title="bbox 708 359 3960 427">
    <p class='ocr_par' dir='ltr' id='par_1_1' title="bbox 708 359 3960 427">
     <span class='ocr_line' id='line_1_1' title="bbox 708 359 3960 427; baseline 0.001 -6"><span class='ocrx_word' id='word_1_1' title='bbox 708 359 817 423; x_wconf 69' lang='grc' dir='ltr'><strong>ειτ</strong></span> <span class='ocrx_word' id='word_1_2' title='bbox 1907 361 2229 421; x_wconf 74' lang='lat' dir='ltr'><strong>NICE&#39;I‘AS</strong></span> <span class='ocrx_word' id='word_1_3' title='bbox 2269 362 2782 427; x_wconf 70' lang='lat' dir='ltr'><strong>I‘ECTORATUS.</strong></span> <span class='ocrx_word' id='word_1_4' title='bbox 3857 361 3960 424; x_wconf 67' lang='lat'><strong>8-58</strong></span> 
     </span>
    </p>
   </div>
   <div class='ocr_carea' id='block_1_2' title="bbox 709 470 2368 545">
    <p class='ocr_par' dir='ltr' id='par_1_2' title="bbox 709 470 2368 543">
     <span class='ocr_line' id='line_1_2' title="bbox 709 470 2368 543; baseline -0.001 -17"><span class='ocrx_word' id='word_1_5' title='bbox 709 484 812 527; x_wconf 82' lang='lat' dir='ltr'><strong>est.</strong></span> <span class='ocrx_word' id='word_1_6' title='bbox 852 471 1210 541; x_wconf 78' lang='lat' dir='ltr'><strong>Sgntagmatis</strong></span> <span class='ocrx_word' id='word_1_7' title='bbox 1240 470 1556 535; x_wconf 76' lang='lat' dir='ltr'><strong>principium</strong></span> <span class='ocrx_word' id='word_1_8' title='bbox 1586 478 1658 524; x_wconf 89' lang='lat' dir='ltr'><strong>est</strong></span> <span class='ocrx_word' id='word_1_9' title='bbox 1686 486 1701 523; x_wconf 89' lang='lat'><strong><em>:</em></strong></span> <span class='ocrx_word' id='word_1_10' title='bbox 1734 471 1890 543; x_wconf 83' lang='grc' dir='ltr'>Καλὴ</span> <span class='ocrx_word' id='word_1_11' title='bbox 1918 474 2055 541; x_wconf 81' lang='grc' dir='ltr'>πρὸς</span> <span class='ocrx_word' id='word_1_12' title='bbox 2082 471 2176 525; x_wconf 74' lang='grc' dir='ltr'>τὸν</span> <span class='ocrx_word' id='word_1_13' title='bbox 2205 473 2310 542; x_wconf 84' lang='grc' dir='ltr'><strong>πλη</strong></span> <span class='ocrx_word' id='word_1_14' title='bbox 2323 474 2368 525; x_wconf 78' lang='grc' dir='ltr'>σε</span> 
     </span>
    </p>
   </div>
   <div class='ocr_carea' id='block_1_3' title="bbox 2302 470 3961 545">
    <p class='ocr_par' dir='ltr' id='par_1_3' title="bbox 2302 470 3961 545">
     <span class='ocr_line' id='line_1_3' title="bbox 2302 470 3961 545; baseline 0.002 -20"><span class='ocrx_word' id='word_1_15' title='bbox 2302 474 2437 542; x_wconf 65' lang='grc' dir='ltr'>ισίον</span> <span class='ocrx_word' id='word_1_16' title='bbox 2469 476 2682 544; x_wconf 77' lang='grc' dir='ltr'>ἀγάπη,</span> <span class='ocrx_word' id='word_1_17' title='bbox 2705 470 2749 529; x_wconf 82' lang='grc' dir='ltr'><strong>ὦ</strong></span> <span class='ocrx_word' id='word_1_18' title='bbox 2783 474 3001 527; x_wconf 86' lang='grc' dir='ltr'>πάντων</span> <span class='ocrx_word' id='word_1_19' title='bbox 3030 474 3198 529; x_wconf 84' lang='grc' dir='ltr'><strong>ὲονῶν</strong></span> <span class='ocrx_word' id='word_1_20' title='bbox 3228 477 3528 543; x_wconf 77' lang='grc' dir='ltr'>σοφώτατοι</span> <span class='ocrx_word' id='word_1_21' title='bbox 3570 475 3837 545; x_wconf 78' lang='grc' dir='ltr'>Ῥωμαῖοι</span> <span class='ocrx_word' id='word_1_22' title='bbox 3868 479 3961 530; x_wconf 71' lang='grc' dir='ltr'>καὶ</span> 
     </span>
    </p>
   </div>
   <div class='ocr_carea' id='block_1_4' title="bbox 712 555 3961 631">
    <p class='ocr_par' dir='ltr' id='par_1_4' title="bbox 712 555 3961 631">
     <span class='ocr_line' id='line_1_4' title="bbox 712 555 3961 631; baseline 0.002 -19"><span class='ocrx_word' id='word_1_23' title='bbox 712 558 1114 628; x_wconf 82' lang='grc' dir='ltr'>εὐγενέστατοι.</span> <span class='ocrx_word' id='word_1_24' title='bbox 1150 555 1427 625; x_wconf 90' lang='lat' dir='ltr'><strong>Scriptum</strong></span> <span class='ocrx_word' id='word_1_25' title='bbox 1458 557 1513 609; x_wconf 91' lang='lat' dir='ltr'><strong>in</strong></span> <span class='ocrx_word' id='word_1_26' title='bbox 1542 558 1728 612; x_wconf 78' lang='lat' dir='ltr'><strong>cadent</strong></span> <span class='ocrx_word' id='word_1_27' title='bbox 1759 559 1895 613; x_wconf 87' lang='lat' dir='ltr'><strong>urbe</strong></span> <span class='ocrx_word' id='word_1_28' title='bbox 1926 560 2372 623; x_wconf 86' lang='lat' dir='ltr'><strong>condemnatum,</strong></span> <span class='ocrx_word' id='word_1_29' title='bbox 2404 564 2745 631; x_wconf 74' lang='lat' dir='ltr'><strong>approbante</strong></span> <span class='ocrx_word' id='word_1_30' title='bbox 2774 576 2994 630; x_wconf 88' lang='lat' dir='ltr'><strong>quoque</strong></span> <span class='ocrx_word' id='word_1_31' title='bbox 3024 562 3353 630; x_wconf 80' lang='lat' dir='ltr'><strong>imperatore</strong></span> <span class='ocrx_word' id='word_1_32' title='bbox 3376 562 3609 618; x_wconf 82' lang='lat' dir='ltr'><strong>ﬂammis</strong></span> <span class='ocrx_word' id='word_1_33' title='bbox 3636 562 3866 617; x_wconf 81' lang='lat' dir='ltr'><strong>exarsit.</strong></span> <span class='ocrx_word' id='word_1_34' title='bbox 3896 562 3961 617; x_wconf 83' lang='lat' dir='ltr'><strong>Ut</strong></span> 
     </span>
    </p>
   </div>
   <div class='ocr_carea' id='block_1_5' title="bbox 712 643 3961 720">
    <p class='ocr_par' dir='ltr' id='par_1_5' title="bbox 712 643 3961 720">
     <span class='ocr_line' id='line_1_5' title="bbox 712 643 3961 720; baseline 0.002 -25"><span class='ocrx_word' id='word_1_35' title='bbox 712 646 932 701; x_wconf 63' lang='lat' dir='ltr'><strong>videtur</strong></span> <span class='ocrx_word' id='word_1_36' title='bbox 964 655 1169 708; x_wconf 88' lang='lat' dir='ltr'><strong>tamen,</strong></span> <span class='ocrx_word' id='word_1_37' title='bbox 1194 645 1279 697; x_wconf 83' lang='lat' dir='ltr'><strong>vel</strong></span> <span class='ocrx_word' id='word_1_38' title='bbox 1302 643 1591 709; x_wconf 85' lang='lat' dir='ltr'><strong>Cerularii,</strong></span> <span class='ocrx_word' id='word_1_39' title='bbox 1622 645 1701 697; x_wconf 88' lang='lat' dir='ltr'><strong>vel</strong></span> <span class='ocrx_word' id='word_1_40' title='bbox 1732 645 1903 715; x_wconf 85' lang='lat' dir='ltr'><strong>ipsius</strong></span> <span class='ocrx_word' id='word_1_41' title='bbox 1930 647 2170 700; x_wconf 81' lang='lat' dir='ltr'><strong>auctoris</strong></span> <span class='ocrx_word' id='word_1_42' title='bbox 2223 648 2410 702; x_wconf 90' lang='lat' dir='ltr'><strong>studio</strong></span> <span class='ocrx_word' id='word_1_43' title='bbox 2441 660 2717 714; x_wconf 84' lang='lat' dir='ltr'><strong>renatum,</strong></span> <span class='ocrx_word' id='word_1_44' title='bbox 2746 649 2925 703; x_wconf 85' lang='lat' dir='ltr'><strong>adhuc</strong></span> <span class='ocrx_word' id='word_1_45' title='bbox 2964 650 3017 702; x_wconf 91' lang='lat' dir='ltr'><strong>in</strong></span> <span class='ocrx_word' id='word_1_46' title='bbox 3052 650 3397 704; x_wconf 81' lang='lat' dir='ltr'><strong>bibliOthecis</strong></span> <span class='ocrx_word' id='word_1_47' title='bbox 3423 650 3720 720; x_wconf 78' lang='lat' dir='ltr'><strong>perdurat;</strong></span> <span class='ocrx_word' id='word_1_48' title='bbox 3756 660 3820 705; x_wconf 88' lang='lat' dir='ltr'><strong>ut</strong></span> <span class='ocrx_word' id='word_1_49' title='bbox 3854 664 3961 703; x_wconf 85' lang='lat' dir='ltr'><strong>uno</strong></span> 
     </span>
    </p>
   </div>
   <div class='ocr_carea' id='block_1_6' title="bbox 709 732 3963 807">
    <p class='ocr_par' dir='ltr' id='par_1_6' title="bbox 709 732 3963 807">
     <span class='ocr_line' id='line_1_6' title="bbox 709 732 3963 807; baseline 0.002 -24"><span class='ocrx_word' id='word_1_50' title='bbox 709 732 1008 804; x_wconf 68' lang='lat' dir='ltr'><strong>eodemque</strong></span> <span class='ocrx_word' id='word_1_51' title='bbox 1048 742 1314 802; x_wconf 85' lang='lat' dir='ltr'><strong>tempore,</strong></span> <span class='ocrx_word' id='word_1_52' title='bbox 1346 742 1401 787; x_wconf 89' lang='lat' dir='ltr'><strong>et</strong></span> <span class='ocrx_word' id='word_1_53' title='bbox 1434 733 1576 786; x_wconf 88' lang='lat' dir='ltr'><strong>man</strong></span> <span class='ocrx_word' id='word_1_54' title='bbox 1610 736 1855 789; x_wconf 88' lang='lat' dir='ltr'><strong>auctoris</strong></span> <span class='ocrx_word' id='word_1_55' title='bbox 1887 736 2091 797; x_wconf 89' lang='lat' dir='ltr'><strong>animo,</strong></span> <span class='ocrx_word' id='word_1_56' title='bbox 2127 743 2180 788; x_wconf 92' lang='lat' dir='ltr'><strong>et</strong></span> <span class='ocrx_word' id='word_1_57' title='bbox 2237 748 2680 806; x_wconf 85' lang='lat' dir='ltr'><strong>argumentorum</strong></span> <span class='ocrx_word' id='word_1_58' title='bbox 2731 736 3121 790; x_wconf 69' lang='lat' dir='ltr'><strong>tie-rationum</strong></span> <span class='ocrx_word' id='word_1_59' title='bbox 3170 736 3428 791; x_wconf 70' lang='lat' dir='ltr'><strong>[utilitate</strong></span> <span class='ocrx_word' id='word_1_60' title='bbox 3474 753 3763 807; x_wconf 88' lang='lat' dir='ltr'><strong>perpensa.</strong></span> <span class='ocrx_word' id='word_1_61' title='bbox 3807 738 3963 792; x_wconf 86' lang='lat' dir='ltr'><strong>illum</strong></span> 
     </span>
    </p>
   </div>
   <div class='ocr_carea' id='block_1_7' title="bbox 714 820 3962 892">
    <p class='ocr_par' dir='ltr' id='par_1_7' title="bbox 714 820 3962 892">
     <span class='ocr_line' id='line_1_7' title="bbox 714 820 3962 892; baseline 0.002 -20"><span class='ocrx_word' id='word_1_62' title='bbox 714 822 1071 884; x_wconf 74' lang='lat' dir='ltr'><strong>tletestemur,</strong></span> <span class='ocrx_word' id='word_1_63' title='bbox 1108 820 1224 875; x_wconf 73' lang='lat' dir='ltr'><strong>tunc</strong></span> <span class='ocrx_word' id='word_1_64' title='bbox 1250 834 1378 875; x_wconf 88' lang='lat' dir='ltr'><strong>vero</strong></span> <span class='ocrx_word' id='word_1_65' title='bbox 1402 821 1680 888; x_wconf 87' lang='lat' dir='ltr'><strong>proposita</strong></span> <span class='ocrx_word' id='word_1_66' title='bbox 1715 821 2014 882; x_wconf 87' lang='lat' dir='ltr'><strong>diluamus.</strong></span> <span class='ocrx_word' id='word_1_67' title='bbox 2051 830 2102 875; x_wconf 91' lang='lat' dir='ltr'><strong>ct</strong></span> <span class='ocrx_word' id='word_1_68' title='bbox 2133 837 2323 876; x_wconf 80' lang='lat' dir='ltr'><strong>eorum</strong></span> <span class='ocrx_word' id='word_1_69' title='bbox 2355 823 2515 874; x_wconf 85' lang='lat' dir='ltr'><strong>simul</strong></span> <span class='ocrx_word' id='word_1_70' title='bbox 2548 821 2861 884; x_wconf 86' lang='lat' dir='ltr'><strong>amentiam,</strong></span> <span class='ocrx_word' id='word_1_71' title='bbox 2895 823 2985 891; x_wconf 86' lang='lat' dir='ltr'><strong>qui</strong></span> <span class='ocrx_word' id='word_1_72' title='bbox 3019 823 3121 877; x_wconf 85' lang='lat' dir='ltr'><strong>ista</strong></span> <span class='ocrx_word' id='word_1_73' title='bbox 3148 824 3283 875; x_wconf 91' lang='lat' dir='ltr'><strong>tanti</strong></span> <span class='ocrx_word' id='word_1_74' title='bbox 3322 822 3550 888; x_wconf 76' lang='lat' dir='ltr'><strong>lat-inut,</strong></span> <span class='ocrx_word' id='word_1_75' title='bbox 3583 824 3962 892; x_wconf 87' lang='lat' dir='ltr'><strong>deploremus.</strong></span> 
     </span>
    </p>
   </div>
   <div class='ocr_carea' id='block_1_8' title="bbox 723 907 3967 979">
    <p class='ocr_par' dir='ltr' id='par_1_8' title="bbox 723 907 3967 979">
     <span class='ocr_line' id='line_1_8' title="bbox 723 907 3967 979; baseline 0.001 -18"><span class='ocrx_word' id='word_1_76' title='bbox 723 907 838 964; x_wconf 74' lang='lat' dir='ltr'><strong>Nec</strong></span> <span class='ocrx_word' id='word_1_77' title='bbox 869 908 1035 963; x_wconf 84' lang='lat' dir='ltr'><strong>alium</strong></span> <span class='ocrx_word' id='word_1_78' title='bbox 1072 908 1219 962; x_wconf 87' lang='lat' dir='ltr'><strong>hunc</strong></span> <span class='ocrx_word' id='word_1_79' title='bbox 1249 922 1371 962; x_wconf 89' lang='lat' dir='ltr'><strong>esse</strong></span> <span class='ocrx_word' id='word_1_80' title='bbox 1410 916 1564 976; x_wconf 88' lang='lat' dir='ltr'><strong>puto,</strong></span> <span class='ocrx_word' id='word_1_81' title='bbox 1598 922 1761 977; x_wconf 83' lang='lat' dir='ltr'><strong>quam</strong></span> <span class='ocrx_word' id='word_1_82' title='bbox 1796 925 1955 977; x_wconf 83' lang='lat' dir='ltr'><strong>quem</strong></span> <span class='ocrx_word' id='word_1_83' title='bbox 1992 910 2358 979; x_wconf 88' lang='lat' dir='ltr'><strong>incogitanter</strong></span> <span class='ocrx_word' id='word_1_84' title='bbox 2388 909 2574 969; x_wconf 88' lang='lat' dir='ltr'><strong>nimis,</strong></span> <span class='ocrx_word' id='word_1_85' title='bbox 2610 924 2914 979; x_wconf 87' lang='lat' dir='ltr'><strong>auonymus</strong></span> <span class='ocrx_word' id='word_1_86' title='bbox 2945 909 3012 962; x_wconf 89' lang='lat' dir='ltr'><strong>de</strong></span> <span class='ocrx_word' id='word_1_87' title='bbox 3043 910 3273 963; x_wconf 83' lang='lat' dir='ltr'><strong>dissidio</strong></span> <span class='ocrx_word' id='word_1_88' title='bbox 3306 908 3619 964; x_wconf 69' lang='lat' dir='ltr'><strong>Graecorum</strong></span> <span class='ocrx_word' id='word_1_89' title='bbox 3647 920 3702 965; x_wconf 86' lang='lat' dir='ltr'><strong>et</strong></span> <span class='ocrx_word' id='word_1_90' title='bbox 3736 911 3967 964; x_wconf 81' lang='lat' dir='ltr'><strong>Latino-</strong></span> 
     </span>
    </p>
   </div>
   <div class='ocr_carea' id='block_1_9' title="bbox 706 994 2365 1067">
    <p class='ocr_par' dir='ltr' id='par_1_9' title="bbox 706 994 2335 1067">
     <span class='ocr_line' id='line_1_9' title="bbox 706 994 2335 1067; baseline 0.002 -20"><span class='ocrx_word' id='word_1_91' title='bbox 706 1011 834 1049; x_wconf 80' lang='lat' dir='ltr'><strong>rum</strong></span> <span class='ocrx_word' id='word_1_92' title='bbox 868 994 1131 1048; x_wconf 83' lang='lat' dir='ltr'><strong>Basiliam</strong></span> <span class='ocrx_word' id='word_1_93' title='bbox 1182 1001 1485 1060; x_wconf 83' lang='lat' dir='ltr'><strong>nuncupat.</strong></span> <span class='ocrx_word' id='word_1_94' title='bbox 1533 994 1602 1046; x_wconf 77' lang='grc' dir='ltr'><strong>Ὀ</strong></span> <span class='ocrx_word' id='word_1_95' title='bbox 1651 1011 1709 1047; x_wconf 86' lang='grc' dir='ltr'><strong>τε</strong></span> <span class='ocrx_word' id='word_1_96' title='bbox 1745 996 1947 1063; x_wconf 77' lang='grc' dir='ltr'>Πέτρος</span> <span class='ocrx_word' id='word_1_97' title='bbox 1985 998 2335 1067; x_wconf 80' lang='grc' dir='ltr'><strong>πατριάρχης</strong></span> 
     </span>
    </p>
   </div>
   <div class='ocr_carea' id='block_1_10' title="bbox 2306 994 3965 1067">
    <p class='ocr_par' dir='ltr' id='par_1_10' title="bbox 2310 995 3965 1065">
     <span class='ocr_line' id='line_1_10' title="bbox 2310 995 3965 1065; baseline -0.001 -15"><span class='ocrx_word' id='word_1_98' title='bbox 2310 1015 2335 1059; x_wconf 96' lang='grc' dir='ltr'><strong>ς</strong></span> <span class='ocrx_word' id='word_1_99' title='bbox 2379 998 2733 1065; x_wconf 78' lang='grc' dir='ltr'><strong>Ἀντιοχείας,</strong></span> <span class='ocrx_word' id='word_1_100' title='bbox 2770 995 3039 1057; x_wconf 77' lang='grc' dir='ltr'><strong>Νικόλαος</strong></span> <span class='ocrx_word' id='word_1_101' title='bbox 3067 998 3096 1047; x_wconf 86' lang='grc' dir='ltr'><strong>ὁ</strong></span> <span class='ocrx_word' id='word_1_102' title='bbox 3149 998 3437 1065; x_wconf 76' lang='grc' dir='ltr'><strong>Μεθώνης,</strong></span> <span class='ocrx_word' id='word_1_103' title='bbox 3493 1000 3589 1050; x_wconf 79' lang='grc' dir='ltr'>καὶ</span> <span class='ocrx_word' id='word_1_104' title='bbox 3623 999 3909 1060; x_wconf 78' lang='grc' dir='ltr'>Βασὲλειος</span> <span class='ocrx_word' id='word_1_105' title='bbox 3939 1001 3965 1049; x_wconf 78' lang='grc' dir='ltr'><strong><em>ὁ</em></strong></span> 
     </span>
    </p>
   </div>
   <div class='ocr_carea' id='block_1_11' title="bbox 714 1079 3963 1154">
    <p class='ocr_par' dir='ltr' id='par_1_11' title="bbox 714 1079 3963 1154">
     <span class='ocr_line' id='line_1_11' title="bbox 714 1079 3963 1154; baseline -0 -17"><span class='ocrx_word' id='word_1_106' title='bbox 714 1079 1193 1153; x_wconf 77' lang='grc' dir='ltr'>ἱερομόναχος,ἀπὸ</span> <span class='ocrx_word' id='word_1_107' title='bbox 1217 1080 1317 1141; x_wconf 80' lang='grc' dir='ltr'>τῆς</span> <span class='ocrx_word' id='word_1_108' title='bbox 1346 1080 1597 1134; x_wconf 86' lang='grc' dir='ltr'>Στουδίου</span> <span class='ocrx_word' id='word_1_109' title='bbox 1636 1083 1823 1151; x_wconf 81' lang='grc' dir='ltr'>μονῆς,</span> <span class='ocrx_word' id='word_1_110' title='bbox 1856 1083 2007 1145; x_wconf 82' lang='grc' dir='ltr'>ὅστις</span> <span class='ocrx_word' id='word_1_111' title='bbox 2041 1086 2134 1137; x_wconf 73' lang='grc' dir='ltr'><strong>καὶ</strong></span> <span class='ocrx_word' id='word_1_112' title='bbox 2166 1084 2545 1153; x_wconf 85' lang='grc' dir='ltr'>λατινολὲκτης</span> <span class='ocrx_word' id='word_1_113' title='bbox 2595 1084 2731 1152; x_wconf 84' lang='lat' dir='ltr'><strong>(lego</strong></span> <span class='ocrx_word' id='word_1_114' title='bbox 2762 1084 3219 1152; x_wconf 77' lang='grc' dir='ltr'>Λατινελέγκτης)</span> <span class='ocrx_word' id='word_1_115' title='bbox 3263 1084 3468 1154; x_wconf 69' lang='grc' dir='ltr'>ἐκλήθη</span> <span class='ocrx_word' id='word_1_116' title='bbox 3499 1085 3587 1137; x_wconf 83' lang='grc' dir='ltr'>διὰ</span> <span class='ocrx_word' id='word_1_117' title='bbox 3616 1086 3675 1137; x_wconf 70' lang='grc' dir='ltr'>τὸ</span> <span class='ocrx_word' id='word_1_118' title='bbox 3718 1086 3963 1153; x_wconf 71' lang='grc' dir='ltr'>ἠκριϐω-</span> 
     </span>
    </p>
   </div>
   <div class='ocr_carea' id='block_1_12' title="bbox 715 1167 3966 1241">
    <p class='ocr_par' dir='ltr' id='par_1_12' title="bbox 715 1167 3966 1241">
     <span class='ocr_line' id='line_1_12' title="bbox 715 1167 3966 1241; baseline 0 -18"><span class='ocrx_word' id='word_1_119' title='bbox 715 1170 889 1239; x_wconf 81' lang='grc' dir='ltr'>μένως</span> <span class='ocrx_word' id='word_1_120' title='bbox 917 1168 1014 1221; x_wconf 76' lang='grc' dir='ltr'><strong>καὶ</strong></span> <span class='ocrx_word' id='word_1_121' title='bbox 1045 1167 1254 1234; x_wconf 81' lang='grc' dir='ltr'>-σαφῶς</span> <span class='ocrx_word' id='word_1_122' title='bbox 1289 1169 1367 1228; x_wconf 82' lang='grc' dir='ltr'>εις</span> <span class='ocrx_word' id='word_1_123' title='bbox 1398 1168 1598 1231; x_wconf 81' lang='grc' dir='ltr'>πλάτος</span> <span class='ocrx_word' id='word_1_124' title='bbox 1627 1168 1850 1236; x_wconf 75' lang='grc' dir='ltr'><strong>ἐλέγξαι</strong></span> <span class='ocrx_word' id='word_1_125' title='bbox 1906 1172 1998 1223; x_wconf 76' lang='grc' dir='ltr'><strong>καὶ</strong></span> <span class='ocrx_word' id='word_1_126' title='bbox 2029 1171 2381 1241; x_wconf 78' lang='grc' dir='ltr'>παραστῆσαι</span> <span class='ocrx_word' id='word_1_127' title='bbox 2417 1171 2600 1230; x_wconf 75' lang='grc' dir='ltr'>αὐτοῖς</span> <span class='ocrx_word' id='word_1_128' title='bbox 2631 1169 2721 1223; x_wconf 79' lang='grc' dir='ltr'><strong>διὰ</strong></span> <span class='ocrx_word' id='word_1_129' title='bbox 2768 1170 3033 1223; x_wconf 77' lang='grc' dir='ltr'>πλειόνων</span> <span class='ocrx_word' id='word_1_130' title='bbox 3085 1170 3553 1239; x_wconf 74' lang='grc' dir='ltr'>παραδειγμάτων</span> <span class='ocrx_word' id='word_1_131' title='bbox 3608 1173 3704 1224; x_wconf 76' lang='grc' dir='ltr'><strong>καὶ</strong></span> <span class='ocrx_word' id='word_1_132' title='bbox 3753 1190 3966 1241; x_wconf 78' lang='grc' dir='ltr'>μαρτυ-</span> 
     </span>
    </p>
   </div>
   <div class='ocr_carea' id='block_1_13' title="bbox 712 1253 3962 1329">
    <p class='ocr_par' dir='ltr' id='par_1_13' title="bbox 712 1253 3962 1329">
     <span class='ocr_line' id='line_1_13' title="bbox 712 1253 3962 1329; baseline -0.001 -18"><span class='ocrx_word' id='word_1_133' title='bbox 712 1258 862 1328; x_wconf 80' lang='grc' dir='ltr'>ριῶν,</span> <span class='ocrx_word' id='word_1_134' title='bbox 892 1257 973 1308; x_wconf 84' lang='grc' dir='ltr'>ὅτι</span> <span class='ocrx_word' id='word_1_135' title='bbox 1016 1255 1083 1307; x_wconf 75' lang='grc' dir='ltr'><strong>τὰ</strong></span> <span class='ocrx_word' id='word_1_136' title='bbox 1144 1253 1242 1323; x_wconf 74' lang='grc' dir='ltr'><strong>ἔθη</strong></span> <span class='ocrx_word' id='word_1_137' title='bbox 1274 1254 1449 1308; x_wconf 85' lang='grc' dir='ltr'>ταῦτα</span> <span class='ocrx_word' id='word_1_138' title='bbox 1493 1254 1637 1325; x_wconf 76' lang='grc' dir='ltr'>ἅπερ</span> <span class='ocrx_word' id='word_1_139' title='bbox 1680 1257 1996 1325; x_wconf 85' lang='grc' dir='ltr'>κρατοῦσιν,</span> <span class='ocrx_word' id='word_1_140' title='bbox 2048 1262 2214 1329; x_wconf 77' lang='grc' dir='ltr'>ἤγουν</span> <span class='ocrx_word' id='word_1_141' title='bbox 2245 1258 2313 1309; x_wconf 80' lang='grc' dir='ltr'>τὰ</span> <span class='ocrx_word' id='word_1_142' title='bbox 2363 1258 2570 1324; x_wconf 73' lang='grc' dir='ltr'>ἄζυμα,</span> <span class='ocrx_word' id='word_1_143' title='bbox 2604 1259 2636 1325; x_wconf 82' lang='grc' dir='ltr'>ἡ</span> <span class='ocrx_word' id='word_1_144' title='bbox 2690 1257 2924 1326; x_wconf 80' lang='grc' dir='ltr'>τήρησις</span> <span class='ocrx_word' id='word_1_145' title='bbox 2953 1258 3062 1310; x_wconf 79' lang='grc' dir='ltr'><strong>τῶν</strong></span> <span class='ocrx_word' id='word_1_146' title='bbox 3095 1256 3404 1319; x_wconf 72' lang='grc' dir='ltr'>σαϐϐάτων,</span> <span class='ocrx_word' id='word_1_147' title='bbox 3444 1261 3476 1327; x_wconf 80' lang='grc' dir='ltr'><strong>ἡ</strong></span> <span class='ocrx_word' id='word_1_148' title='bbox 3526 1260 3824 1327; x_wconf 71' lang='grc' dir='ltr'>ἀδιαφορία</span> <span class='ocrx_word' id='word_1_149' title='bbox 3855 1260 3962 1311; x_wconf 79' lang='grc' dir='ltr'><strong>τῶν</strong></span> 
     </span>
    </p>
   </div>
   <div class='ocr_carea' id='block_1_14' title="bbox 710 1341 3963 1415">
    <p class='ocr_par' dir='ltr' id='par_1_14' title="bbox 710 1341 3963 1415">
     <span class='ocr_line' id='line_1_14' title="bbox 710 1341 3963 1415; baseline -0 -18"><span class='ocrx_word' id='word_1_150' title='bbox 710 1343 974 1406; x_wconf 78' lang='grc' dir='ltr'>πνικτῶν,</span> <span class='ocrx_word' id='word_1_151' title='bbox 1026 1343 1081 1395; x_wconf 80' lang='lat' dir='ltr'><strong>al</strong></span> <span class='ocrx_word' id='word_1_152' title='bbox 1114 1341 1517 1411; x_wconf 78' lang='grc' dir='ltr'>ἀνακαθάρσεις</span> <span class='ocrx_word' id='word_1_153' title='bbox 1563 1343 1658 1395; x_wconf 77' lang='grc' dir='ltr'>καὶ</span> <span class='ocrx_word' id='word_1_154' title='bbox 1698 1346 1746 1396; x_wconf 91' lang='grc' dir='ltr'>οἱ</span> <span class='ocrx_word' id='word_1_155' title='bbox 1783 1348 2088 1415; x_wconf 74' lang='grc' dir='ltr'>ραντισμοὶ,</span> <span class='ocrx_word' id='word_1_156' title='bbox 2130 1346 2186 1399; x_wconf 81' lang='grc' dir='ltr'>αἱ</span> <span class='ocrx_word' id='word_1_157' title='bbox 2232 1345 2557 1408; x_wconf 81' lang='grc' dir='ltr'>καταλύσεις</span> <span class='ocrx_word' id='word_1_158' title='bbox 2587 1343 2695 1395; x_wconf 83' lang='grc' dir='ltr'>τῶν</span> <span class='ocrx_word' id='word_1_159' title='bbox 2732 1344 3355 1412; x_wconf 85' lang='grc' dir='ltr'>τετραδοπαρασκευῶν,</span> <span class='ocrx_word' id='word_1_160' title='bbox 3390 1346 3485 1396; x_wconf 74' lang='grc' dir='ltr'><strong>καὶ</strong></span> <span class='ocrx_word' id='word_1_161' title='bbox 3532 1346 3631 1413; x_wconf 85' lang='grc' dir='ltr'>τῆς</span> <span class='ocrx_word' id='word_1_162' title='bbox 3666 1347 3835 1410; x_wconf 68' lang='grc' dir='ltr'>ἁγίας</span> <span class='ocrx_word' id='word_1_163' title='bbox 3872 1347 3963 1398; x_wconf 74' lang='grc' dir='ltr'><strong>καὶ</strong></span> 
     </span>
    </p>
   </div>
   <div class='ocr_carea' id='block_1_15' title="bbox 712 1431 3963 1502">
    <p class='ocr_par' dir='ltr' id='par_1_15' title="bbox 712 1431 3963 1502">
     <span class='ocr_line' id='line_1_15' title="bbox 712 1431 3963 1502; baseline -0 -18"><span class='ocrx_word' id='word_1_164' title='bbox 712 1431 954 1500; x_wconf 80' lang='grc' dir='ltr'><strong>μεγάλης</strong></span> <span class='ocrx_word' id='word_1_165' title='bbox 991 1431 1487 1499; x_wconf 71' lang='grc' dir='ltr'><strong>⁹Τεσσαρακοεττῆς,</strong></span> <span class='ocrx_word' id='word_1_166' title='bbox 1546 1432 1641 1482; x_wconf 57' lang='grc' dir='ltr'><strong>καὶ⁵</strong></span> <span class='ocrx_word' id='word_1_167' title='bbox 1689 1434 1756 1483; x_wconf 75' lang='grc' dir='ltr'>τὰ</span> <span class='ocrx_word' id='word_1_168' title='bbox 1788 1432 1947 1485; x_wconf 81' lang='grc' dir='ltr'>λοιπὰ</span> <span class='ocrx_word' id='word_1_169' title='bbox 1977 1433 2117 1501; x_wconf 76' lang='grc' dir='ltr'>ἅπερ</span> <span class='ocrx_word' id='word_1_170' title='bbox 2153 1433 2375 1486; x_wconf 74' lang='grc' dir='ltr'>ὄπισθεν</span> <span class='ocrx_word' id='word_1_171' title='bbox 2416 1432 2772 1502; x_wconf 82' lang='grc' dir='ltr'>λεπτομερῶς</span> <span class='ocrx_word' id='word_1_172' title='bbox 2814 1432 3144 1501; x_wconf 73' lang='grc' dir='ltr'>γράφουσιν,</span> <span class='ocrx_word' id='word_1_173' title='bbox 3178 1432 3351 1485; x_wconf 86' lang='grc' dir='ltr'>ταῦτα</span> <span class='ocrx_word' id='word_1_174' title='bbox 3385 1433 3561 1485; x_wconf 81' lang='grc' dir='ltr'>πάντα</span> <span class='ocrx_word' id='word_1_175' title='bbox 3599 1434 3830 1500; x_wconf 52' lang='grc' dir='ltr'>ἐλέγξας</span> <span class='ocrx_word' id='word_1_176' title='bbox 3869 1434 3963 1484; x_wconf 65' lang='grc' dir='ltr'><strong>καὶ</strong></span> 
     </span>
    </p>
   </div>
   <div class='ocr_carea' id='block_1_16' title="bbox 712 1514 3961 1589">
    <p class='ocr_par' dir='ltr' id='par_1_16' title="bbox 712 1514 3961 1589">
     <span class='ocr_line' id='line_1_16' title="bbox 712 1514 3961 1589; baseline -0.001 -16"><span class='ocrx_word' id='word_1_177' title='bbox 712 1519 1068 1589; x_wconf 72' lang='grc' dir='ltr'>παραστήσας</span> <span class='ocrx_word' id='word_1_178' title='bbox 1099 1518 1305 1579; x_wconf 75' lang='grc' dir='ltr'>αὐτοῖς,</span> <span class='ocrx_word' id='word_1_179' title='bbox 1355 1517 1436 1568; x_wconf 85' lang='grc' dir='ltr'>ὅτι</span> <span class='ocrx_word' id='word_1_180' title='bbox 1486 1514 1590 1580; x_wconf 79' lang='grc' dir='ltr'>ἔξω</span> <span class='ocrx_word' id='word_1_181' title='bbox 1622 1519 1714 1569; x_wconf 80' lang='grc' dir='ltr'><strong>καὶ</strong></span> <span class='ocrx_word' id='word_1_182' title='bbox 1746 1518 1874 1582; x_wconf 81' lang='grc' dir='ltr'>ξένα</span> <span class='ocrx_word' id='word_1_183' title='bbox 1906 1520 2009 1587; x_wconf 78' lang='grc' dir='ltr'>τῆς</span> <span class='ocrx_word' id='word_1_184' title='bbox 2035 1520 2316 1589; x_wconf 77' lang='grc' dir='ltr'>ὀρθοδόξου</span> <span class='ocrx_word' id='word_1_185' title='bbox 2347 1521 2601 1582; x_wconf 82' lang='grc' dir='ltr'>πίστεως,</span> <span class='ocrx_word' id='word_1_186' title='bbox 2630 1523 2724 1571; x_wconf 72' lang='grc' dir='ltr'><strong>καὶ</strong></span> <span class='ocrx_word' id='word_1_187' title='bbox 2771 1518 2878 1582; x_wconf 76' lang='grc' dir='ltr'><strong>ἔξω</strong></span> <span class='ocrx_word' id='word_1_188' title='bbox 2902 1520 3003 1587; x_wconf 81' lang='grc' dir='ltr'>τῆς</span> <span class='ocrx_word' id='word_1_189' title='bbox 3037 1519 3279 1588; x_wconf 79' lang='grc' dir='ltr'>διδαχῆς,</span> <span class='ocrx_word' id='word_1_190' title='bbox 3333 1520 3428 1572; x_wconf 76' lang='grc' dir='ltr'><strong>καὶ</strong></span> <span class='ocrx_word' id='word_1_191' title='bbox 3461 1519 3819 1588; x_wconf 78' lang='grc' dir='ltr'>παραδόσεως</span> <span class='ocrx_word' id='word_1_192' title='bbox 3854 1520 3961 1571; x_wconf 81' lang='grc' dir='ltr'><strong>τῶν</strong></span> 
     </span>
    </p>
   </div>
   <div class='ocr_carea' id='block_1_17' title="bbox 707 1603 2366 1676">
    <p class='ocr_par' dir='ltr' id='par_1_17' title="bbox 707 1603 2348 1676">
     <span class='ocr_line' id='line_1_17' title="bbox 707 1603 2348 1676; baseline 0 -15"><span class='ocrx_word' id='word_1_193' title='bbox 707 1608 884 1676; x_wconf 84' lang='grc' dir='ltr'>ἁγίων</span> <span class='ocrx_word' id='word_1_194' title='bbox 923 1606 1235 1659; x_wconf 79' lang='grc' dir='ltr'>ἀποστόλων</span> <span class='ocrx_word' id='word_1_195' title='bbox 1256 1604 1387 1667; x_wconf 66' lang='lat' dir='ltr'><strong>elei,</strong></span> <span class='ocrx_word' id='word_1_196' title='bbox 1411 1605 1505 1657; x_wconf 65' lang='lat' dir='ltr'><strong>xu).</strong></span> <span class='ocrx_word' id='word_1_197' title='bbox 1543 1603 1612 1657; x_wconf 83' lang='grc' dir='ltr'>τὰ</span> <span class='ocrx_word' id='word_1_198' title='bbox 1642 1605 1788 1674; x_wconf 82' lang='grc' dir='ltr'>ἑξῆς.</span> <span class='ocrx_word' id='word_1_199' title='bbox 1821 1605 2011 1660; x_wconf 86' lang='lat' dir='ltr'><strong>Petrus</strong></span> <span class='ocrx_word' id='word_1_200' title='bbox 2040 1608 2348 1675; x_wconf 83' lang='lat' dir='ltr'><strong>patriarcha</strong></span> 
     </span>
    </p>
   </div>
   <div class='ocr_carea' id='block_1_18' title="bbox 2302 1603 3961 1676">
    <p class='ocr_par' dir='ltr' id='par_1_18' title="bbox 2302 1605 3961 1667">
     <span class='ocr_line' id='line_1_18' title="bbox 2302 1605 3961 1667; baseline -0.002 -6"><span class='ocrx_word' id='word_1_201' title='bbox 2302 1626 2348 1661; x_wconf 83' lang='lat' dir='ltr'><strong>ta</strong></span> <span class='ocrx_word' id='word_1_202' title='bbox 2378 1605 2749 1667; x_wconf 69' lang='lat' dir='ltr'><strong>Antiocheam,</strong></span> <span class='ocrx_word' id='word_1_203' title='bbox 2788 1606 3045 1659; x_wconf 79' lang='lat' dir='ltr'><strong>Nicotaus</strong></span> <span class='ocrx_word' id='word_1_204' title='bbox 3070 1605 3449 1667; x_wconf 82' lang='lat' dir='ltr'><strong>Methonensis,</strong></span> <span class='ocrx_word' id='word_1_205' title='bbox 3485 1618 3533 1659; x_wconf 88' lang='lat' dir='ltr'><strong>et</strong></span> <span class='ocrx_word' id='word_1_206' title='bbox 3566 1606 3799 1658; x_wconf 80' lang='lat' dir='ltr'><strong>Basilius</strong></span> <span class='ocrx_word' id='word_1_207' title='bbox 3839 1607 3961 1659; x_wconf 87' lang='lat' dir='ltr'><strong>Ilie-</strong></span> 
     </span>
    </p>
   </div>
   <div class='ocr_carea' id='block_1_19' title="bbox 707 1690 3958 1764">
    <p class='ocr_par' dir='ltr' id='par_1_19' title="bbox 707 1690 3958 1764">
     <span class='ocr_line' id='line_1_19' title="bbox 707 1690 3958 1764; baseline -0 -19"><span class='ocrx_word' id='word_1_208' title='bbox 707 1692 1060 1747; x_wconf 85' lang='lat' dir='ltr'><strong>romouachus</strong></span> <span class='ocrx_word' id='word_1_209' title='bbox 1090 1707 1155 1745; x_wconf 77' lang='lat' dir='ltr'><strong>ea:</strong></span> <span class='ocrx_word' id='word_1_210' title='bbox 1184 1691 1507 1746; x_wconf 88' lang='lat' dir='ltr'><strong>monasterio</strong></span> <span class='ocrx_word' id='word_1_211' title='bbox 1535 1690 1734 1755; x_wconf 87' lang='lat' dir='ltr'><strong>Studii,</strong></span> <span class='ocrx_word' id='word_1_212' title='bbox 1765 1695 1856 1761; x_wconf 89' lang='lat' dir='ltr'><strong>qui</strong></span> <span class='ocrx_word' id='word_1_213' title='bbox 1884 1695 1949 1746; x_wconf 89' lang='lat' dir='ltr'><strong>ab</strong></span> <span class='ocrx_word' id='word_1_214' title='bbox 1978 1696 2263 1764; x_wconf 85' lang='lat' dir='ltr'><strong>arguendis</strong></span> <span class='ocrx_word' id='word_1_215' title='bbox 2288 1692 2827 1762; x_wconf 83' lang='lat' dir='ltr'><strong>reprehendendisque</strong></span> <span class='ocrx_word' id='word_1_216' title='bbox 2856 1691 3089 1757; x_wconf 83' lang='lat' dir='ltr'><strong>Latinis,</strong></span> <span class='ocrx_word' id='word_1_217' title='bbox 3126 1693 3511 1761; x_wconf 65' lang='lat' dir='ltr'><strong>Latineleuctae</strong></span> <span class='ocrx_word' id='word_1_218' title='bbox 3538 1710 3723 1747; x_wconf 83' lang='lat' dir='ltr'><strong>nomen</strong></span> <span class='ocrx_word' id='word_1_219' title='bbox 3753 1694 3958 1746; x_wconf 80' lang='lat' dir='ltr'><strong>habuit.</strong></span> 
     </span>
    </p>
   </div>
   <div class='ocr_carea' id='block_1_20' title="bbox 710 1779 3959 1849">
    <p class='ocr_par' dir='ltr' id='par_1_20' title="bbox 710 1779 3959 1849">
     <span class='ocr_line' id='line_1_20' title="bbox 710 1779 3959 1849; baseline -0 -17"><span class='ocrx_word' id='word_1_220' title='bbox 710 1779 951 1849; x_wconf 83' lang='lat' dir='ltr'><strong>Namque</strong></span> <span class='ocrx_word' id='word_1_221' title='bbox 984 1781 1073 1832; x_wconf 87' lang='lat' dir='ltr'><strong>ille</strong></span> <span class='ocrx_word' id='word_1_222' title='bbox 1100 1779 1275 1847; x_wconf 90' lang='lat' dir='ltr'><strong>plane,</strong></span> <span class='ocrx_word' id='word_1_223' title='bbox 1309 1788 1655 1848; x_wconf 84' lang='lat' dir='ltr'><strong>accurateque</strong></span> <span class='ocrx_word' id='word_1_224' title='bbox 1693 1790 1742 1832; x_wconf 89' lang='lat' dir='ltr'><strong>et</strong></span> <span class='ocrx_word' id='word_1_225' title='bbox 1773 1781 2156 1848; x_wconf 76' lang='lat' dir='ltr'><strong>prolixioribus</strong></span> <span class='ocrx_word' id='word_1_226' title='bbox 2187 1784 2394 1849; x_wconf 78' lang='lat' dir='ltr'><strong>scriptis</strong></span> <span class='ocrx_word' id='word_1_227' title='bbox 2426 1779 2721 1848; x_wconf 85' lang='lat' dir='ltr'><strong>redarguit,</strong></span> <span class='ocrx_word' id='word_1_228' title='bbox 2768 1788 2815 1832; x_wconf 88' lang='lat' dir='ltr'><strong>et</strong></span> <span class='ocrx_word' id='word_1_229' title='bbox 2847 1779 3027 1831; x_wconf 85' lang='lat' dir='ltr'><strong>multis</strong></span> <span class='ocrx_word' id='word_1_230' title='bbox 3068 1783 3395 1847; x_wconf 79' lang='lat' dir='ltr'><strong>argumentis</strong></span> <span class='ocrx_word' id='word_1_231' title='bbox 3449 1791 3605 1847; x_wconf 87' lang='lat' dir='ltr'><strong>atque</strong></span> <span class='ocrx_word' id='word_1_232' title='bbox 3639 1783 3959 1833; x_wconf 75' lang='lat' dir='ltr'><strong>testimoniis</strong></span> 
     </span>
    </p>
   </div>
   <div class='ocr_carea' id='block_1_21' title="bbox 706 1865 3959 1937">
    <p class='ocr_par' dir='ltr' id='par_1_21' title="bbox 706 1865 3959 1937">
     <span class='ocr_line' id='line_1_21' title="bbox 706 1865 3959 1937; baseline -0.001 -17"><span class='ocrx_word' id='word_1_233' title='bbox 706 1868 1065 1934; x_wconf 85' lang='lat' dir='ltr'><strong>comprobauit</strong></span> <span class='ocrx_word' id='word_1_234' title='bbox 1097 1865 1255 1928; x_wconf 87' lang='lat' dir='ltr'><strong>ritus,</strong></span> <span class='ocrx_word' id='word_1_235' title='bbox 1290 1881 1419 1935; x_wconf 86' lang='lat' dir='ltr'><strong>quos</strong></span> <span class='ocrx_word' id='word_1_236' title='bbox 1447 1867 1529 1920; x_wconf 85' lang='lat' dir='ltr'><strong>illi</strong></span> <span class='ocrx_word' id='word_1_237' title='bbox 1580 1866 1879 1932; x_wconf 73' lang='lat' dir='ltr'><strong>observant,</strong></span> <span class='ocrx_word' id='word_1_238' title='bbox 1919 1884 2108 1937; x_wconf 79' lang='lat' dir='ltr'><strong>azyma</strong></span> <span class='ocrx_word' id='word_1_239' title='bbox 2150 1882 2352 1935; x_wconf 86' lang='lat' dir='ltr'><strong>nempe,</strong></span> <span class='ocrx_word' id='word_1_240' title='bbox 2385 1868 2743 1922; x_wconf 87' lang='lat' dir='ltr'><strong>Sabbatorum</strong></span> <span class='ocrx_word' id='word_1_241' title='bbox 2764 1869 3052 1937; x_wconf 85' lang='lat' dir='ltr'><strong>jejunium,</strong></span> <span class='ocrx_word' id='word_1_242' title='bbox 3094 1868 3478 1936; x_wconf 76' lang='lat' dir='ltr'><strong>suffocatorum</strong></span> <span class='ocrx_word' id='word_1_243' title='bbox 3524 1866 3959 1933; x_wconf 71' lang='lat' dir='ltr'><strong>indi/ferentium,</strong></span> 
     </span>
    </p>
   </div>
   <div class='ocr_carea' id='block_1_22' title="bbox 704 1954 3961 2024">
    <p class='ocr_par' dir='ltr' id='par_1_22' title="bbox 704 1954 3961 2024">
     <span class='ocr_line' id='line_1_22' title="bbox 704 1954 3961 2024; baseline -0.001 -16"><span class='ocrx_word' id='word_1_244' title='bbox 704 1954 1109 2024; x_wconf 69' lang='lat' dir='ltr'><strong>cxpurgationes</strong></span> <span class='ocrx_word' id='word_1_245' title='bbox 1137 1963 1183 2005; x_wconf 85' lang='lat' dir='ltr'><strong>et</strong></span> <span class='ocrx_word' id='word_1_246' title='bbox 1202 1954 1558 2021; x_wconf 83' lang='lat' dir='ltr'><strong>aspersiones,</strong></span> <span class='ocrx_word' id='word_1_247' title='bbox 1581 1954 1841 2021; x_wconf 81' lang='lat' dir='ltr'><strong>feriarum</strong></span> <span class='ocrx_word' id='word_1_248' title='bbox 1865 1966 2072 2024; x_wconf 70' lang='lat' dir='ltr'><strong>quartis</strong></span> <span class='ocrx_word' id='word_1_249' title='bbox 2100 1963 2149 2009; x_wconf 88' lang='lat' dir='ltr'><strong>et</strong></span> <span class='ocrx_word' id='word_1_250' title='bbox 2172 1964 2335 2009; x_wconf 70' lang='lat' dir='ltr'><strong>sextte</strong></span> <span class='ocrx_word' id='word_1_251' title='bbox 2356 1956 2662 2019; x_wconf 82' lang='lat' dir='ltr'><strong>solutiones,</strong></span> <span class='ocrx_word' id='word_1_252' title='bbox 2684 1963 2735 2009; x_wconf 88' lang='lat' dir='ltr'><strong>et</strong></span> <span class='ocrx_word' id='word_1_253' title='bbox 2764 1957 2935 2008; x_wconf 87' lang='lat' dir='ltr'><strong>sancti</strong></span> <span class='ocrx_word' id='word_1_254' title='bbox 2960 1956 3235 2022; x_wconf 81' lang='lat' dir='ltr'><strong>magnique</strong></span> <span class='ocrx_word' id='word_1_255' title='bbox 3257 1954 3742 2023; x_wconf 71' lang='lat' dir='ltr'><strong>quadragesimatis</strong></span> <span class='ocrx_word' id='word_1_256' title='bbox 3766 1954 3961 2020; x_wconf 77' lang='lat' dir='ltr'><strong>jejunii</strong></span> 
     </span>
    </p>
   </div>
   <div class='ocr_carea' id='block_1_23' title="bbox 703 2040 3958 2112">
    <p class='ocr_par' dir='ltr' id='par_1_23' title="bbox 703 2040 3958 2112">
     <span class='ocr_line' id='line_1_23' title="bbox 703 2040 3958 2112; baseline -0.001 -16"><span class='ocrx_word' id='word_1_257' title='bbox 703 2056 750 2096; x_wconf 88' lang='lat' dir='ltr'><strong>et</strong></span> <span class='ocrx_word' id='word_1_258' title='bbox 778 2043 1004 2112; x_wconf 88' lang='lat' dir='ltr'><strong>reliqua,</strong></span> <span class='ocrx_word' id='word_1_259' title='bbox 1032 2056 1147 2109; x_wconf 68' lang='lat' dir='ltr'><strong>quia</strong></span> <span class='ocrx_word' id='word_1_260' title='bbox 1174 2040 1312 2093; x_wconf 87' lang='lat' dir='ltr'><strong>retro</strong></span> <span class='ocrx_word' id='word_1_261' title='bbox 1334 2041 1677 2110; x_wconf 81' lang='lat' dir='ltr'><strong>singulariter</strong></span> <span class='ocrx_word' id='word_1_262' title='bbox 1704 2051 2056 2107; x_wconf 83' lang='lat' dir='ltr'><strong>recensentur,</strong></span> <span class='ocrx_word' id='word_1_263' title='bbox 2079 2052 2230 2097; x_wconf 74' lang='lat' dir='ltr'><strong>extra</strong></span> <span class='ocrx_word' id='word_1_264' title='bbox 2256 2059 2367 2097; x_wconf 86' lang='lat' dir='ltr'><strong>esse</strong></span> <span class='ocrx_word' id='word_1_265' title='bbox 2392 2053 2440 2097; x_wconf 89' lang='lat' dir='ltr'><strong>et</strong></span> <span class='ocrx_word' id='word_1_266' title='bbox 2465 2043 2643 2096; x_wconf 89' lang='lat' dir='ltr'><strong>aliena</strong></span> <span class='ocrx_word' id='word_1_267' title='bbox 2672 2059 2704 2095; x_wconf 92' lang='lat' dir='ltr'><strong>a</strong></span> <span class='ocrx_word' id='word_1_268' title='bbox 2728 2043 2831 2110; x_wconf 81' lang='lat' dir='ltr'><strong>[ide</strong></span> <span class='ocrx_word' id='word_1_269' title='bbox 2857 2041 3174 2104; x_wconf 75' lang='lat' dir='ltr'><strong>orthodoxa,</strong></span> <span class='ocrx_word' id='word_1_270' title='bbox 3196 2052 3241 2095; x_wconf 87' lang='lat' dir='ltr'><strong>et</strong></span> <span class='ocrx_word' id='word_1_271' title='bbox 3278 2041 3547 2103; x_wconf 85' lang='lat' dir='ltr'><strong>doctrina,</strong></span> <span class='ocrx_word' id='word_1_272' title='bbox 3574 2051 3623 2093; x_wconf 82' lang='lat' dir='ltr'><strong>et</strong></span> <span class='ocrx_word' id='word_1_273' title='bbox 3652 2054 3958 2093; x_wconf 81' lang='lat' dir='ltr'><strong>sanctorum</strong></span> 
     </span>
    </p>
   </div>
   <div class='ocr_carea' id='block_1_24' title="bbox 707 2128 3960 2199">
    <p class='ocr_par' dir='ltr' id='par_1_24' title="bbox 707 2128 3960 2199">
     <span class='ocr_line' id='line_1_24' title="bbox 707 2128 3960 2199; baseline -0.001 -18"><span class='ocrx_word' id='word_1_274' title='bbox 707 2130 1067 2199; x_wconf 84' lang='lat' dir='ltr'><strong>apostolorum</strong></span> <span class='ocrx_word' id='word_1_275' title='bbox 1098 2128 1402 2181; x_wconf 87' lang='lat' dir='ltr'><strong>traditione.</strong></span> <span class='ocrx_word' id='word_1_276' title='bbox 1440 2128 1544 2191; x_wconf 85' lang='lat' dir='ltr'><strong>Ita,</strong></span> <span class='ocrx_word' id='word_1_277' title='bbox 1577 2130 1823 2198; x_wconf 82' lang='lat' dir='ltr'><strong>inquam,</strong></span> <span class='ocrx_word' id='word_1_278' title='bbox 1852 2132 2052 2196; x_wconf 85' lang='lat' dir='ltr'><strong>sentio,</strong></span> <span class='ocrx_word' id='word_1_279' title='bbox 2082 2131 2257 2185; x_wconf 89' lang='lat' dir='ltr'><strong>donec</strong></span> <span class='ocrx_word' id='word_1_280' title='bbox 2310 2131 2439 2184; x_wconf 89' lang='lat' dir='ltr'><strong>mihi</strong></span> <span class='ocrx_word' id='word_1_281' title='bbox 2487 2129 2690 2196; x_wconf 88' lang='lat' dir='ltr'><strong>aliquid</strong></span> <span class='ocrx_word' id='word_1_282' title='bbox 2726 2129 2792 2182; x_wconf 81' lang='lat' dir='ltr'><strong>de</strong></span> <span class='ocrx_word' id='word_1_283' title='bbox 2827 2129 3031 2182; x_wconf 79' lang='lat' dir='ltr'><strong>Basilio</strong></span> <span class='ocrx_word' id='word_1_284' title='bbox 3073 2130 3201 2194; x_wconf 85' lang='lat' dir='ltr'><strong>isto,</strong></span> <span class='ocrx_word' id='word_1_285' title='bbox 3235 2129 3279 2182; x_wconf 88' lang='lat' dir='ltr'><strong>si</strong></span> <span class='ocrx_word' id='word_1_286' title='bbox 3337 2130 3463 2198; x_wconf 83' lang='lat' dir='ltr'><strong>quis</strong></span> <span class='ocrx_word' id='word_1_287' title='bbox 3499 2132 3685 2191; x_wconf 65' lang='lat' dir='ltr'><strong>fuerit,</strong></span> <span class='ocrx_word' id='word_1_288' title='bbox 3739 2129 3960 2181; x_wconf 78' lang='lat' dir='ltr'><strong>codices</strong></span> 
     </span>
    </p>
   </div>
   <div class='ocr_carea' id='block_1_25' title="bbox 710 2214 3961 2285">
    <p class='ocr_par' dir='ltr' id='par_1_25' title="bbox 710 2214 3961 2285">
     <span class='ocr_line' id='line_1_25' title="bbox 710 2214 3961 2285; baseline -0.001 -14"><span class='ocrx_word' id='word_1_289' title='bbox 710 2214 1073 2284; x_wconf 86' lang='lat' dir='ltr'><strong>manuscripti</strong></span> <span class='ocrx_word' id='word_1_290' title='bbox 1109 2222 1419 2283; x_wconf 77' lang='lat' dir='ltr'><strong>suggerent.</strong></span> <span class='ocrx_word' id='word_1_291' title='bbox 1459 2214 1680 2279; x_wconf 65' lang='lat' dir='ltr'><strong>Nicetaa,</strong></span> <span class='ocrx_word' id='word_1_292' title='bbox 1708 2218 2165 2284; x_wconf 83' lang='lat' dir='ltr'><strong>quemadmodum</strong></span> <span class='ocrx_word' id='word_1_293' title='bbox 2196 2229 2251 2273; x_wconf 89' lang='lat' dir='ltr'><strong>et</strong></span> <span class='ocrx_word' id='word_1_294' title='bbox 2281 2217 2527 2273; x_wconf 81' lang='lat' dir='ltr'><strong>Micliaeli</strong></span> <span class='ocrx_word' id='word_1_295' title='bbox 2562 2215 3191 2285; x_wconf 85' lang='lat' dir='ltr'><strong>Constantinopolitano,</strong></span> <span class='ocrx_word' id='word_1_296' title='bbox 3242 2228 3296 2270; x_wconf 90' lang='lat' dir='ltr'><strong>et</strong></span> <span class='ocrx_word' id='word_1_297' title='bbox 3339 2217 3507 2271; x_wconf 87' lang='lat' dir='ltr'><strong>Leoni</strong></span> <span class='ocrx_word' id='word_1_298' title='bbox 3536 2218 3961 2278; x_wconf 72' lang='lat' dir='ltr'><strong>archidiaconi),</strong></span> 
     </span>
    </p>
   </div>
   <div class='ocr_carea' id='block_1_26' title="bbox 708 2300 3960 2374">
    <p class='ocr_par' dir='ltr' id='par_1_26' title="bbox 708 2300 3960 2374">
     <span class='ocr_line' id='line_1_26' title="bbox 708 2300 3960 2374; baseline -0 -18"><span class='ocrx_word' id='word_1_299' title='bbox 708 2303 987 2374; x_wconf 83' lang='lat' dir='ltr'><strong>respondit</strong></span> <span class='ocrx_word' id='word_1_300' title='bbox 1038 2300 1375 2355; x_wconf 86' lang='lat' dir='ltr'><strong>Humbertus</strong></span> <span class='ocrx_word' id='word_1_301' title='bbox 1417 2301 1732 2366; x_wconf 87' lang='lat' dir='ltr'><strong>cardiualis,</strong></span> <span class='ocrx_word' id='word_1_302' title='bbox 1769 2304 2062 2373; x_wconf 85' lang='lat' dir='ltr'><strong>episcopus</strong></span> <span class='ocrx_word' id='word_1_303' title='bbox 2109 2306 2271 2362; x_wconf 71' lang='lat' dir='ltr'><strong>Silvae</strong></span> <span class='ocrx_word' id='word_1_304' title='bbox 2299 2305 2588 2371; x_wconf 61' lang='lat' dir='ltr'><strong>Candida;</strong></span> <span class='ocrx_word' id='word_1_305' title='bbox 2625 2305 2715 2373; x_wconf 90' lang='lat' dir='ltr'><strong>qui</strong></span> <span class='ocrx_word' id='word_1_306' title='bbox 2768 2313 2948 2357; x_wconf 81' lang='lat' dir='ltr'><strong>exstat</strong></span> <span class='ocrx_word' id='word_1_307' title='bbox 2988 2304 3054 2357; x_wconf 88' lang='lat' dir='ltr'><strong>ad</strong></span> <span class='ocrx_word' id='word_1_308' title='bbox 3090 2304 3296 2357; x_wconf 86' lang='lat' dir='ltr'><strong>calcem</strong></span> <span class='ocrx_word' id='word_1_309' title='bbox 3351 2312 3487 2357; x_wconf 74' lang='lat' dir='ltr'><strong>tem.</strong></span> <span class='ocrx_word' id='word_1_310' title='bbox 3525 2302 3590 2355; x_wconf 82' lang='lat' dir='ltr'><strong>XI</strong></span> <span class='ocrx_word' id='word_1_311' title='bbox 3631 2302 3876 2363; x_wconf 81' lang='lat' dir='ltr'><strong>Baronii,</strong></span> <span class='ocrx_word' id='word_1_312' title='bbox 3907 2312 3960 2355; x_wconf 92' lang='lat' dir='ltr'><strong>et</strong></span> 
     </span>
    </p>
   </div>
   <div class='ocr_carea' id='block_1_27' title="bbox 706 2384 3961 2459">
    <p class='ocr_par' dir='ltr' id='par_1_27' title="bbox 706 2384 3961 2459">
     <span class='ocr_line' id='line_1_27' title="bbox 706 2384 3961 2459; baseline 0.001 -20"><span class='ocrx_word' id='word_1_313' title='bbox 706 2402 854 2443; x_wconf 82' lang='lat' dir='ltr'><strong>tonio</strong></span> <span class='ocrx_word' id='word_1_314' title='bbox 889 2387 955 2443; x_wconf 80' lang='lat' dir='ltr'><strong>V&#39;l</strong></span> <span class='ocrx_word' id='word_1_315' title='bbox 988 2386 1342 2454; x_wconf 81' lang='lat' dir='ltr'><strong>Antiquarum</strong></span> <span class='ocrx_word' id='word_1_316' title='bbox 1378 2384 1498 2440; x_wconf 87' lang='lat' dir='ltr'><strong>lect.</strong></span> <span class='ocrx_word' id='word_1_317' title='bbox 1531 2385 1759 2452; x_wconf 88' lang='lat' dir='ltr'><strong>Cauisii,</strong></span> <span class='ocrx_word' id='word_1_318' title='bbox 1785 2391 1875 2457; x_wconf 89' lang='lat' dir='ltr'><strong>qui</strong></span> <span class='ocrx_word' id='word_1_319' title='bbox 1906 2392 2020 2444; x_wconf 77' lang='lat' dir='ltr'><strong>lucc</strong></span> <span class='ocrx_word' id='word_1_320' title='bbox 2053 2390 2334 2446; x_wconf 88' lang='lat' dir='ltr'><strong>Hnmberti</strong></span> <span class='ocrx_word' id='word_1_321' title='bbox 2368 2402 2724 2448; x_wconf 81' lang='lat' dir='ltr'><strong>monumenta</strong></span> <span class='ocrx_word' id='word_1_322' title='bbox 2751 2408 2814 2445; x_wconf 79' lang='lat' dir='ltr'><strong>ex</strong></span> <span class='ocrx_word' id='word_1_323' title='bbox 2856 2390 3119 2444; x_wconf 78' lang='lat' dir='ltr'><strong>Bavarica</strong></span> <span class='ocrx_word' id='word_1_324' title='bbox 3151 2391 3479 2446; x_wconf 79' lang='lat' dir='ltr'><strong>bibliotheca</strong></span> <span class='ocrx_word' id='word_1_325' title='bbox 3513 2392 3877 2459; x_wconf 79' lang='lat' dir='ltr'><strong>deprompsit,</strong></span> <span class='ocrx_word' id='word_1_326' title='bbox 3908 2397 3961 2443; x_wconf 81' lang='lat' dir='ltr'><strong>et</strong></span> 
     </span>
    </p>
   </div>
   <div class='ocr_carea' id='block_1_28' title="bbox 705 2473 3957 2549">
    <p class='ocr_par' dir='ltr' id='par_1_28' title="bbox 705 2473 3957 2549">
     <span class='ocr_line' id='line_1_28' title="bbox 705 2473 3957 2549; baseline 0.001 -22"><span class='ocrx_word' id='word_1_327' title='bbox 705 2476 965 2546; x_wconf 76' lang='lat' dir='ltr'><strong>rulgavit.</strong></span> <span class='ocrx_word' id='word_1_328' title='bbox 1000 2473 1313 2536; x_wconf 80' lang='lat' dir='ltr'><strong>Tra‘ctatus,</strong></span> <span class='ocrx_word' id='word_1_329' title='bbox 1339 2474 1432 2542; x_wconf 88' lang='lat' dir='ltr'><strong>qui</strong></span> <span class='ocrx_word' id='word_1_330' title='bbox 1464 2475 1516 2527; x_wconf 91' lang='lat' dir='ltr'><strong>in</strong></span> <span class='ocrx_word' id='word_1_331' title='bbox 1543 2474 1751 2530; x_wconf 66' lang='lat' dir='ltr'><strong>Gracia</strong></span> <span class='ocrx_word' id='word_1_332' title='bbox 1778 2480 2005 2541; x_wconf 79' lang='lat' dir='ltr'><strong>exarsit,</strong></span> <span class='ocrx_word' id='word_1_333' title='bbox 2034 2482 2395 2535; x_wconf 76' lang='lat' dir='ltr'><strong>conservatus</strong></span> <span class='ocrx_word' id='word_1_334' title='bbox 2419 2490 2503 2535; x_wconf 91' lang='lat' dir='ltr'><strong>est</strong></span> <span class='ocrx_word' id='word_1_335' title='bbox 2535 2483 2588 2534; x_wconf 90' lang='lat' dir='ltr'><strong>in</strong></span> <span class='ocrx_word' id='word_1_336' title='bbox 2624 2480 2899 2549; x_wconf 86' lang='lat' dir='ltr'><strong>plerisque</strong></span> <span class='ocrx_word' id='word_1_337' title='bbox 2928 2479 3096 2532; x_wconf 69' lang='lat' dir='ltr'><strong>Italia:</strong></span> <span class='ocrx_word' id='word_1_338' title='bbox 3128 2478 3495 2543; x_wconf 77' lang='lat' dir='ltr'><strong>bibliothecis,</strong></span> <span class='ocrx_word' id='word_1_339' title='bbox 3529 2478 3957 2537; x_wconf 75' lang='lat' dir='ltr'><strong>Mediolanensi.</strong></span> 
     </span>
    </p>
   </div>
   <div class='ocr_carea' id='block_1_29' title="bbox 706 2561 3957 2636">
    <p class='ocr_par' dir='ltr' id='par_1_29' title="bbox 706 2561 3957 2636">
     <span class='ocr_line' id='line_1_29' title="bbox 706 2561 3957 2636; baseline -0.001 -19"><span class='ocrx_word' id='word_1_340' title='bbox 706 2562 1201 2636; x_wconf 76' lang='lat' dir='ltr'><strong>Cryptoierrat&#39;ensi</strong></span> <span class='ocrx_word' id='word_1_341' title='bbox 1237 2570 1291 2616; x_wconf 90' lang='lat' dir='ltr'><strong>et</strong></span> <span class='ocrx_word' id='word_1_342' title='bbox 1320 2561 1643 2617; x_wconf 85' lang='lat' dir='ltr'><strong>Barberina.</strong></span> <span class='ocrx_word' id='word_1_343' title='bbox 1679 2562 1830 2618; x_wconf 87' lang='lat' dir='ltr'><strong>Illius</strong></span> <span class='ocrx_word' id='word_1_344' title='bbox 1862 2566 2177 2620; x_wconf 84' lang='lat' dir='ltr'><strong>meminisse</strong></span> <span class='ocrx_word' id='word_1_345' title='bbox 2211 2565 2559 2636; x_wconf 87' lang='lat' dir='ltr'><strong>Sigebertnm</strong></span> <span class='ocrx_word' id='word_1_346' title='bbox 2601 2567 2770 2621; x_wconf 88' lang='lat' dir='ltr'><strong>tradit</strong></span> <span class='ocrx_word' id='word_1_347' title='bbox 2799 2566 3156 2628; x_wconf 83' lang='lat' dir='ltr'><strong>Posseviuus,</strong></span> <span class='ocrx_word' id='word_1_348' title='bbox 3186 2567 3549 2635; x_wconf 82' lang='lat' dir='ltr'><strong>posuisseque</strong></span> <span class='ocrx_word' id='word_1_349' title='bbox 3583 2568 3634 2618; x_wconf 92' lang='lat' dir='ltr'><strong>in</strong></span> <span class='ocrx_word' id='word_1_350' title='bbox 3677 2568 3957 2635; x_wconf 79' lang='lat' dir='ltr'><strong>Apparatu</strong></span> 
     </span>
    </p>
   </div>
   <div class='ocr_carea' id='block_1_30' title="bbox 702 2649 3960 2722">
    <p class='ocr_par' dir='ltr' id='par_1_30' title="bbox 702 2649 3960 2722">
     <span class='ocr_line' id='line_1_30' title="bbox 702 2649 3960 2722; baseline 0 -20"><span class='ocrx_word' id='word_1_351' title='bbox 702 2669 805 2705; x_wconf 68' lang='lat' dir='ltr'><strong>non</strong></span> <span class='ocrx_word' id='word_1_352' title='bbox 846 2660 903 2705; x_wconf 89' lang='lat' dir='ltr'><strong>ut</strong></span> <span class='ocrx_word' id='word_1_353' title='bbox 941 2651 1169 2721; x_wconf 83' lang='lat' dir='ltr'><strong>legatur,</strong></span> <span class='ocrx_word' id='word_1_354' title='bbox 1205 2649 1295 2703; x_wconf 85' lang='lat' dir='ltr'><strong>sed</strong></span> <span class='ocrx_word' id='word_1_355' title='bbox 1337 2659 1393 2702; x_wconf 92' lang='lat' dir='ltr'><strong>ut</strong></span> <span class='ocrx_word' id='word_1_356' title='bbox 1428 2649 1717 2719; x_wconf 83' lang='lat' dir='ltr'><strong>ablegetur,</strong></span> <span class='ocrx_word' id='word_1_357' title='bbox 1757 2667 1873 2703; x_wconf 89' lang='lat' dir='ltr'><strong>cum</strong></span> <span class='ocrx_word' id='word_1_358' title='bbox 1908 2652 1971 2705; x_wconf 87' lang='lat' dir='ltr'><strong>de</strong></span> <span class='ocrx_word' id='word_1_359' title='bbox 2001 2654 2247 2722; x_wconf 84' lang='lat' dir='ltr'><strong>conjugio</strong></span> <span class='ocrx_word' id='word_1_360' title='bbox 2292 2654 2650 2719; x_wconf 87' lang='lat' dir='ltr'><strong>sacerdotum,</strong></span> <span class='ocrx_word' id='word_1_361' title='bbox 2687 2654 2851 2722; x_wconf 82' lang='lat' dir='ltr'><strong>deque</strong></span> <span class='ocrx_word' id='word_1_362' title='bbox 2884 2654 3007 2706; x_wconf 84' lang='lat' dir='ltr'><strong>aliis</strong></span> <span class='ocrx_word' id='word_1_363' title='bbox 3061 2652 3344 2721; x_wconf 84' lang='lat' dir='ltr'><strong>ejusmodi,</strong></span> <span class='ocrx_word' id='word_1_364' title='bbox 3395 2653 3450 2704; x_wconf 89' lang='lat' dir='ltr'><strong>in</strong></span> <span class='ocrx_word' id='word_1_365' title='bbox 3480 2652 3666 2720; x_wconf 85' lang='lat' dir='ltr'><strong>quibus</strong></span> <span class='ocrx_word' id='word_1_366' title='bbox 3702 2652 3883 2704; x_wconf 64' lang='lat' dir='ltr'><strong>(ira-ci</strong></span> <span class='ocrx_word' id='word_1_367' title='bbox 3914 2661 3960 2703; x_wconf 75' lang='lat' dir='ltr'><strong>et</strong></span> 
     </span>
    </p>
   </div>
   <div class='ocr_carea' id='block_1_31' title="bbox 710 2737 3959 2809">
    <p class='ocr_par' dir='ltr' id='par_1_31' title="bbox 710 2737 3959 2809">
     <span class='ocr_line' id='line_1_31' title="bbox 710 2737 3959 2809; baseline -0 -18"><span class='ocrx_word' id='word_1_368' title='bbox 710 2740 885 2793; x_wconf 80' lang='lat' dir='ltr'><strong>Latini</strong></span> <span class='ocrx_word' id='word_1_369' title='bbox 909 2738 1248 2803; x_wconf 84' lang='lat' dir='ltr'><strong>dissentiunt,</strong></span> <span class='ocrx_word' id='word_1_370' title='bbox 1288 2745 1434 2807; x_wconf 89' lang='lat' dir='ltr'><strong>agat.</strong></span> <span class='ocrx_word' id='word_1_371' title='bbox 1471 2737 1787 2805; x_wconf 84' lang='lat' dir='ltr'><strong>Quanquam</strong></span> <span class='ocrx_word' id='word_1_372' title='bbox 1824 2740 1964 2807; x_wconf 82' lang='lat' dir='ltr'><strong>quod</strong></span> <span class='ocrx_word' id='word_1_373' title='bbox 2000 2756 2204 2794; x_wconf 88' lang='lat' dir='ltr'><strong>errores</strong></span> <span class='ocrx_word' id='word_1_374' title='bbox 2248 2741 2622 2795; x_wconf 78' lang='lat' dir='ltr'><strong>Armeniorum</strong></span> <span class='ocrx_word' id='word_1_375' title='bbox 2656 2750 2943 2809; x_wconf 80' lang='lat' dir='ltr'><strong>oppugnat,</strong></span> <span class='ocrx_word' id='word_1_376' title='bbox 2988 2740 3190 2809; x_wconf 85' lang='lat' dir='ltr'><strong>aliquid</strong></span> <span class='ocrx_word' id='word_1_377' title='bbox 3221 2740 3450 2808; x_wconf 82' lang='lat' dir='ltr'><strong>fortasse</strong></span> <span class='ocrx_word' id='word_1_378' title='bbox 3490 2741 3558 2791; x_wconf 85' lang='lat' dir='ltr'><strong>ad</strong></span> <span class='ocrx_word' id='word_1_379' title='bbox 3589 2756 3696 2792; x_wconf 88' lang='lat' dir='ltr'><strong>rem</strong></span> <span class='ocrx_word' id='word_1_380' title='bbox 3726 2740 3959 2791; x_wconf 70' lang='lat' dir='ltr'><strong>dixerit.</strong></span> 
     </span>
    </p>
   </div>
   <div class='ocr_carea' id='block_1_32' title="bbox 709 2826 3962 2896">
    <p class='ocr_par' dir='ltr' id='par_1_32' title="bbox 709 2826 3962 2896">
     <span class='ocr_line' id='line_1_32' title="bbox 709 2826 3962 2896; baseline -0.001 -16"><span class='ocrx_word' id='word_1_381' title='bbox 709 2829 930 2892; x_wconf 78' lang='lat' dir='ltr'><strong>Verum,</strong></span> <span class='ocrx_word' id='word_1_382' title='bbox 971 2827 1165 2891; x_wconf 81' lang='lat' dir='ltr'><strong>lateor,</strong></span> <span class='ocrx_word' id='word_1_383' title='bbox 1218 2833 1490 2881; x_wconf 79' lang='lat' dir='ltr'><strong>tractatus</strong></span> <span class='ocrx_word' id='word_1_384' title='bbox 1519 2828 1625 2881; x_wconf 85' lang='lat' dir='ltr'><strong>iste</strong></span> <span class='ocrx_word' id='word_1_385' title='bbox 1654 2836 1739 2880; x_wconf 87' lang='lat' dir='ltr'><strong>est</strong></span> <span class='ocrx_word' id='word_1_386' title='bbox 1764 2826 1899 2882; x_wconf 81' lang='lat' dir='ltr'><strong>adeo</strong></span> <span class='ocrx_word' id='word_1_387' title='bbox 1932 2830 2113 2883; x_wconf 84' lang='lat' dir='ltr'><strong>tenuis</strong></span> <span class='ocrx_word' id='word_1_388' title='bbox 2141 2830 2474 2896; x_wconf 85' lang='lat' dir='ltr'><strong>enervisque</strong></span> <span class='ocrx_word' id='word_1_389' title='bbox 2504 2837 2557 2882; x_wconf 90' lang='lat' dir='ltr'><strong>et</strong></span> <span class='ocrx_word' id='word_1_390' title='bbox 2590 2828 2897 2881; x_wconf 84' lang='lat' dir='ltr'><strong>rationibus</strong></span> <span class='ocrx_word' id='word_1_391' title='bbox 2952 2828 3088 2881; x_wconf 88' lang='lat' dir='ltr'><strong>adeo</strong></span> <span class='ocrx_word' id='word_1_392' title='bbox 3121 2826 3415 2895; x_wconf 90' lang='lat' dir='ltr'><strong>incomptis</strong></span> <span class='ocrx_word' id='word_1_393' title='bbox 3453 2828 3870 2883; x_wconf 53' lang='lat' dir='ltr'><strong>constabilttur.</strong></span> <span class='ocrx_word' id='word_1_394' title='bbox 3904 2836 3962 2877; x_wconf 92' lang='lat' dir='ltr'><strong>ut</strong></span> 
     </span>
    </p>
   </div>
   <div class='ocr_carea' id='block_1_33' title="bbox 708 2912 3965 2984">
    <p class='ocr_par' dir='ltr' id='par_1_33' title="bbox 708 2912 3965 2984">
     <span class='ocr_line' id='line_1_33' title="bbox 708 2912 3965 2984; baseline -0.002 -14"><span class='ocrx_word' id='word_1_395' title='bbox 708 2920 829 2971; x_wconf 86' lang='lat' dir='ltr'><strong>sine</strong></span> <span class='ocrx_word' id='word_1_396' title='bbox 851 2917 1162 2973; x_wconf 87' lang='lat' dir='ltr'><strong>animorum</strong></span> <span class='ocrx_word' id='word_1_397' title='bbox 1178 2912 1521 2967; x_wconf 81' lang='lat' dir='ltr'><strong>oﬂ&#39;endiculo</strong></span> <span class='ocrx_word' id='word_1_398' title='bbox 1552 2912 1811 2968; x_wconf 77' lang='lat' dir='ltr'><strong>manibus</strong></span> <span class='ocrx_word' id='word_1_399' title='bbox 1832 2916 2076 2968; x_wconf 88' lang='lat' dir='ltr'><strong>omnium</strong></span> <span class='ocrx_word' id='word_1_400' title='bbox 2109 2916 2209 2969; x_wconf 91' lang='lat' dir='ltr'><strong>teri</strong></span> <span class='ocrx_word' id='word_1_401' title='bbox 2248 2915 2445 2984; x_wconf 86' lang='lat' dir='ltr'><strong>possit,</strong></span> <span class='ocrx_word' id='word_1_402' title='bbox 2476 2920 2530 2968; x_wconf 90' lang='lat' dir='ltr'><strong>et</strong></span> <span class='ocrx_word' id='word_1_403' title='bbox 2560 2914 2908 2983; x_wconf 88' lang='lat' dir='ltr'><strong>potissimum</strong></span> <span class='ocrx_word' id='word_1_404' title='bbox 2941 2913 3229 2967; x_wconf 86' lang='lat' dir='ltr'><strong>Humberti</strong></span> <span class='ocrx_word' id='word_1_405' title='bbox 3260 2913 3419 2966; x_wconf 61' lang='lat' dir='ltr'><strong>Silva</strong></span> <span class='ocrx_word' id='word_1_406' title='bbox 3450 2912 3710 2966; x_wconf 80' lang='lat' dir='ltr'><strong>Candida:</strong></span> <span class='ocrx_word' id='word_1_407' title='bbox 3734 2928 3965 2981; x_wconf 81' lang='lat' dir='ltr'><strong>respon-</strong></span> 
     </span>
    </p>
   </div>
   <div class='ocr_carea' id='block_1_34' title="bbox 716 2997 3965 3068">
    <p class='ocr_par' dir='ltr' id='par_1_34' title="bbox 716 2997 3965 3068">
     <span class='ocr_line' id='line_1_34' title="bbox 716 2997 3965 3068; baseline -0.002 -12"><span class='ocrx_word' id='word_1_408' title='bbox 716 3005 872 3056; x_wconf 81' lang='lat' dir='ltr'><strong>sione</strong></span> <span class='ocrx_word' id='word_1_409' title='bbox 913 3002 1070 3055; x_wconf 88' lang='lat' dir='ltr'><strong>docta</strong></span> <span class='ocrx_word' id='word_1_410' title='bbox 1116 3010 1168 3054; x_wconf 90' lang='lat' dir='ltr'><strong>et</strong></span> <span class='ocrx_word' id='word_1_411' title='bbox 1204 3007 1459 3053; x_wconf 83' lang='lat' dir='ltr'><strong>accurata</strong></span> <span class='ocrx_word' id='word_1_412' title='bbox 1490 2998 1788 3052; x_wconf 83' lang='lat' dir='ltr'><strong>convulsus</strong></span> <span class='ocrx_word' id='word_1_413' title='bbox 1823 3009 1877 3052; x_wconf 89' lang='lat' dir='ltr'><strong>et</strong></span> <span class='ocrx_word' id='word_1_414' title='bbox 1904 2998 2195 3053; x_wconf 82' lang='lat' dir='ltr'><strong>relutatus.</strong></span> <span class='ocrx_word' id='word_1_415' title='bbox 2243 2999 2557 3054; x_wconf 86' lang='lat' dir='ltr'><strong>Tractatum</strong></span> <span class='ocrx_word' id='word_1_416' title='bbox 2606 2999 2853 3066; x_wconf 76' lang='lat' dir='ltr'><strong>ejusdem</strong></span> <span class='ocrx_word' id='word_1_417' title='bbox 2888 2999 2955 3053; x_wconf 73' lang='lat' dir='ltr'><strong>de</strong></span> <span class='ocrx_word' id='word_1_418' title='bbox 2990 3014 3185 3068; x_wconf 83' lang='lat' dir='ltr'><strong>azymo</strong></span> <span class='ocrx_word' id='word_1_419' title='bbox 3234 2998 3494 3052; x_wconf 82' lang='lat' dir='ltr'><strong>relutavit</strong></span> <span class='ocrx_word' id='word_1_420' title='bbox 3531 2997 3743 3052; x_wconf 84' lang='lat' dir='ltr'><strong>Hilario</strong></span> <span class='ocrx_word' id='word_1_421' title='bbox 3774 3014 3965 3052; x_wconf 80' lang='lat' dir='ltr'><strong>mona-</strong></span> 
     </span>
    </p>
   </div>
   <div class='ocr_carea' id='block_1_35' title="bbox 712 3083 3961 3155">
    <p class='ocr_par' dir='ltr' id='par_1_35' title="bbox 712 3083 3961 3155">
     <span class='ocr_line' id='line_1_35' title="bbox 712 3083 3961 3155; baseline -0.001 -12"><span class='ocrx_word' id='word_1_422' title='bbox 712 3092 873 3154; x_wconf 78' lang='lat' dir='ltr'><strong>chus,</strong></span> <span class='ocrx_word' id='word_1_423' title='bbox 907 3088 1153 3143; x_wconf 87' lang='lat' dir='ltr'><strong>oratione</strong></span> <span class='ocrx_word' id='word_1_424' title='bbox 1190 3087 1254 3139; x_wconf 85' lang='lat' dir='ltr'><strong>de</strong></span> <span class='ocrx_word' id='word_1_425' title='bbox 1287 3100 1425 3153; x_wconf 86' lang='lat' dir='ltr'><strong>pane</strong></span> <span class='ocrx_word' id='word_1_426' title='bbox 1449 3083 1763 3140; x_wconf 65' lang='lat' dir='ltr'><strong>Graecorum</strong></span> <span class='ocrx_word' id='word_1_427' title='bbox 1794 3085 2044 3154; x_wconf 87' lang='lat' dir='ltr'><strong>mystico,</strong></span> <span class='ocrx_word' id='word_1_428' title='bbox 2073 3094 2126 3139; x_wconf 89' lang='lat' dir='ltr'><strong>et</strong></span> <span class='ocrx_word' id='word_1_429' title='bbox 2153 3085 2473 3140; x_wconf 72' lang='lat' dir='ltr'><strong>Latinorum</strong></span> <span class='ocrx_word' id='word_1_430' title='bbox 2498 3103 2718 3155; x_wconf 86' lang='lat' dir='ltr'><strong>azymo,</strong></span> <span class='ocrx_word' id='word_1_431' title='bbox 2759 3087 2905 3141; x_wconf 87' lang='lat' dir='ltr'><strong>edita</strong></span> <span class='ocrx_word' id='word_1_432' title='bbox 2939 3102 2969 3139; x_wconf 88' lang='lat' dir='ltr'><strong>a</strong></span> <span class='ocrx_word' id='word_1_433' title='bbox 3000 3102 3086 3139; x_wconf 88' lang='lat' dir='ltr'><strong>me</strong></span> <span class='ocrx_word' id='word_1_434' title='bbox 3127 3086 3319 3141; x_wconf 63' lang='lat' dir='ltr'><strong>Griece</strong></span> <span class='ocrx_word' id='word_1_435' title='bbox 3353 3095 3407 3139; x_wconf 90' lang='lat' dir='ltr'><strong>et</strong></span> <span class='ocrx_word' id='word_1_436' title='bbox 3451 3087 3640 3141; x_wconf 85' lang='lat' dir='ltr'><strong>Latine</strong></span> <span class='ocrx_word' id='word_1_437' title='bbox 3687 3089 3741 3139; x_wconf 90' lang='lat' dir='ltr'><strong>in</strong></span> <span class='ocrx_word' id='word_1_438' title='bbox 3785 3089 3961 3155; x_wconf 88' lang='lat' dir='ltr'><strong>primo</strong></span> 
     </span>
    </p>
   </div>
   <div class='ocr_carea' id='block_1_36' title="bbox 712 3171 2371 3244">
    <p class='ocr_par' dir='ltr' id='par_1_36' title="bbox 712 3171 2371 3241">
     <span class='ocr_line' id='line_1_36' title="bbox 712 3171 2371 3241; baseline -0.003 -12"><span class='ocrx_word' id='word_1_439' title='bbox 712 3191 860 3231; x_wconf 91' lang='lat' dir='ltr'><strong>tomo</strong></span> <span class='ocrx_word' id='word_1_440' title='bbox 890 3174 1109 3230; x_wconf 63' lang='lat' dir='ltr'><strong>Crescite</strong></span> <span class='ocrx_word' id='word_1_441' title='bbox 1142 3172 1468 3236; x_wconf 67' lang='lat' dir='ltr'><strong>orthodoxe,</strong></span> <span class='ocrx_word' id='word_1_442' title='bbox 1499 3186 1618 3240; x_wconf 72' lang='lat' dir='ltr'><strong>quia</strong></span> <span class='ocrx_word' id='word_1_443' title='bbox 1651 3171 1841 3239; x_wconf 87' lang='lat' dir='ltr'><strong>incipit</strong></span> <span class='ocrx_word' id='word_1_444' title='bbox 1875 3187 1890 3223; x_wconf 93' lang='lat'><strong>:</strong></span> <span class='ocrx_word' id='word_1_445' title='bbox 1930 3171 2019 3224; x_wconf 85' lang='grc' dir='ltr'>Ἐν</span> <span class='ocrx_word' id='word_1_446' title='bbox 2051 3171 2130 3240; x_wconf 86' lang='grc' dir='ltr'>τῷ</span> <span class='ocrx_word' id='word_1_447' title='bbox 2163 3172 2261 3241; x_wconf 83' lang='grc' dir='ltr'>μὲν</span> <span class='ocrx_word' id='word_1_448' title='bbox 2293 3172 2371 3225; x_wconf 83' lang='grc' dir='ltr'><strong>δια</strong></span> 
     </span>
    </p>
   </div>
   <div class='ocr_carea' id='block_1_37' title="bbox 2301 3171 3960 3244">
    <p class='ocr_par' dir='ltr' id='par_1_37' title="bbox 2301 3172 3960 3244">
     <span class='ocr_line' id='line_1_37' title="bbox 2301 3172 3960 3244; baseline 0.001 -19"><span class='ocrx_word' id='word_1_449' title='bbox 2301 3172 2640 3241; x_wconf 74' lang='grc' dir='ltr'>διαλέγεσθαί</span> <span class='ocrx_word' id='word_1_450' title='bbox 2674 3191 2741 3243; x_wconf 88' lang='grc' dir='ltr'><strong>με</strong></span> <span class='ocrx_word' id='word_1_451' title='bbox 2795 3175 2924 3244; x_wconf 80' lang='grc' dir='ltr'>περὶ</span> <span class='ocrx_word' id='word_1_452' title='bbox 2976 3175 3145 3242; x_wconf 83' lang='grc' dir='ltr'>ἄρτου</span> <span class='ocrx_word' id='word_1_453' title='bbox 3202 3173 3469 3241; x_wconf 77' lang='grc' dir='ltr'>μυστικοῦ</span> <span class='ocrx_word' id='word_1_454' title='bbox 3498 3175 3605 3225; x_wconf 83' lang='grc' dir='ltr'><strong>τῶν</strong></span> <span class='ocrx_word' id='word_1_455' title='bbox 3664 3173 3960 3243; x_wconf 57' lang='grc' dir='ltr'>Ἑλλήνων.</span> 
     </span>
    </p>
   </div>
   <div class='ocr_carea' id='block_1_38' title="bbox 713 3258 3963 3334">
    <p class='ocr_par' dir='ltr' id='par_1_38' title="bbox 713 3258 3963 3334">
     <span class='ocr_line' id='line_1_38' title="bbox 713 3258 3963 3334; baseline -0.001 -15"><span class='ocrx_word' id='word_1_456' title='bbox 713 3268 806 3319; x_wconf 76' lang='grc' dir='ltr'>καὶ</span> <span class='ocrx_word' id='word_1_457' title='bbox 836 3265 1048 3334; x_wconf 73' lang='grc' dir='ltr'>ἀζύμου</span> <span class='ocrx_word' id='word_1_458' title='bbox 1078 3262 1187 3315; x_wconf 84' lang='grc' dir='ltr'>τῶν</span> <span class='ocrx_word' id='word_1_459' title='bbox 1212 3261 1480 3325; x_wconf 82' lang='grc' dir='ltr'>Λατίνων,</span> <span class='ocrx_word' id='word_1_460' title='bbox 1514 3259 1731 3329; x_wconf 76' lang='grc' dir='ltr'><strong>ἐδείχθη</strong></span> <span class='ocrx_word' id='word_1_461' title='bbox 1762 3275 1853 3328; x_wconf 83' lang='grc' dir='ltr'><strong>μοι</strong></span> <span class='ocrx_word' id='word_1_462' title='bbox 1882 3258 2039 3325; x_wconf 84' lang='grc' dir='ltr'>λόγος</span> <span class='ocrx_word' id='word_1_463' title='bbox 2068 3261 2188 3330; x_wconf 74' lang='grc' dir='ltr'>ἦτοι</span> <span class='ocrx_word' id='word_1_464' title='bbox 2219 3262 2480 3332; x_wconf 80' lang='grc' dir='ltr'>ἐξήγησις</span> <span class='ocrx_word' id='word_1_465' title='bbox 2508 3264 2650 3326; x_wconf 81' lang='grc' dir='ltr'>τινὸς</span> <span class='ocrx_word' id='word_1_466' title='bbox 2681 3265 2949 3334; x_wconf 81' lang='grc' dir='ltr'>Νικήτου,</span> <span class='ocrx_word' id='word_1_467' title='bbox 2980 3265 3194 3334; x_wconf 74' lang='grc' dir='ltr'>Πατρὸς</span> <span class='ocrx_word' id='word_1_468' title='bbox 3228 3266 3286 3316; x_wconf 85' lang='grc' dir='ltr'>ὲν</span> <span class='ocrx_word' id='word_1_469' title='bbox 3316 3268 3427 3324; x_wconf 75' lang='grc' dir='ltr'>τοῖς</span> <span class='ocrx_word' id='word_1_470' title='bbox 3453 3265 3679 3333; x_wconf 74' lang='grc' dir='ltr'>Ἕλλησι</span> <span class='ocrx_word' id='word_1_471' title='bbox 3711 3267 3963 3331; x_wconf 70' lang='grc' dir='ltr'>σοφωτά-</span> 
     </span>
    </p>
   </div>
   <div class='ocr_carea' id='block_1_39' title="bbox 708 3343 3961 3420">
    <p class='ocr_par' dir='ltr' id='par_1_39' title="bbox 708 3343 3961 3420">
     <span class='ocr_line' id='line_1_39' title="bbox 708 3343 3961 3420; baseline 0 -17"><span class='ocrx_word' id='word_1_472' title='bbox 708 3368 827 3417; x_wconf 87' lang='grc' dir='ltr'>του,</span> <span class='ocrx_word' id='word_1_473' title='bbox 855 3351 913 3403; x_wconf 74' lang='grc' dir='ltr'>ὲν</span> <span class='ocrx_word' id='word_1_474' title='bbox 939 3343 985 3417; x_wconf 83' lang='grc' dir='ltr'><strong>ᾧ</strong></span> <span class='ocrx_word' id='word_1_475' title='bbox 1034 3348 1132 3419; x_wconf 80' lang='grc' dir='ltr'><strong>μὲν</strong></span> <span class='ocrx_word' id='word_1_476' title='bbox 1163 3346 1334 3399; x_wconf 75' lang='grc' dir='ltr'>πολλὰ</span> <span class='ocrx_word' id='word_1_477' title='bbox 1364 3345 1631 3416; x_wconf 75' lang='grc' dir='ltr'>περὶτῶν</span> <span class='ocrx_word' id='word_1_478' title='bbox 1663 3345 1889 3413; x_wconf 78' lang='grc' dir='ltr'><strong>ἀζύμων</strong></span> <span class='ocrx_word' id='word_1_479' title='bbox 1937 3347 1995 3396; x_wconf 86' lang='grc' dir='ltr'>ὲν</span> <span class='ocrx_word' id='word_1_480' title='bbox 2039 3346 2118 3414; x_wconf 84' lang='grc' dir='ltr'>τῷ</span> <span class='ocrx_word' id='word_1_481' title='bbox 2155 3346 2357 3418; x_wconf 78' lang='grc' dir='ltr'>δείπνῳ</span> <span class='ocrx_word' id='word_1_482' title='bbox 2400 3349 2494 3403; x_wconf 89' lang='grc' dir='ltr'><strong>τοῦ</strong></span> <span class='ocrx_word' id='word_1_483' title='bbox 2541 3349 2778 3419; x_wconf 81' lang='grc' dir='ltr'>Χριστοῦ</span> <span class='ocrx_word' id='word_1_484' title='bbox 2815 3350 2989 3403; x_wconf 86' lang='grc' dir='ltr'>ταῦτα</span> <span class='ocrx_word' id='word_1_485' title='bbox 3026 3354 3106 3413; x_wconf 84' lang='grc' dir='ltr'>εἰς</span> <span class='ocrx_word' id='word_1_486' title='bbox 3155 3352 3278 3412; x_wconf 69' lang='grc' dir='ltr'>τους</span> <span class='ocrx_word' id='word_1_487' title='bbox 3314 3351 3584 3413; x_wconf 77' lang='grc' dir='ltr'>Λατίνους</span> <span class='ocrx_word' id='word_1_488' title='bbox 3639 3354 3961 3420; x_wconf 62' lang='grc' dir='ltr'>ἀψήγηταιο</span> 
     </span>
    </p>
   </div>
   <div class='ocr_carea' id='block_1_40' title="bbox 710 3432 3964 3508">
    <p class='ocr_par' dir='ltr' id='par_1_40' title="bbox 710 3432 3964 3508">
     <span class='ocr_line' id='line_1_40' title="bbox 710 3432 3964 3508; baseline -0.001 -14"><span class='ocrx_word' id='word_1_489' title='bbox 710 3441 844 3494; x_wconf 77' lang='lat' dir='ltr'><strong>Cum</strong></span> <span class='ocrx_word' id='word_1_490' title='bbox 873 3441 935 3492; x_wconf 86' lang='lat' dir='ltr'><strong>de</strong></span> <span class='ocrx_word' id='word_1_491' title='bbox 958 3439 1174 3507; x_wconf 83' lang='lat' dir='ltr'><strong>mystico</strong></span> <span class='ocrx_word' id='word_1_492' title='bbox 1196 3435 1499 3491; x_wconf 65' lang='lat' dir='ltr'><strong>Graecorum</strong></span> <span class='ocrx_word' id='word_1_493' title='bbox 1527 3443 1738 3502; x_wconf 80' lang='lat' dir='ltr'><strong>pane,et</strong></span> <span class='ocrx_word' id='word_1_494' title='bbox 1765 3432 2083 3487; x_wconf 78' lang='lat' dir='ltr'><strong>Latinorum</strong></span> <span class='ocrx_word' id='word_1_495' title='bbox 2112 3451 2299 3504; x_wconf 74' lang='lat' dir='ltr'><strong>azyma</strong></span> <span class='ocrx_word' id='word_1_496' title='bbox 2326 3436 2658 3500; x_wconf 72' lang='lat' dir='ltr'><strong>dissererem,</strong></span> <span class='ocrx_word' id='word_1_497' title='bbox 2691 3440 2865 3492; x_wconf 89' lang='lat' dir='ltr'><strong>oratio</strong></span> <span class='ocrx_word' id='word_1_498' title='bbox 2897 3441 3026 3492; x_wconf 88' lang='lat' dir='ltr'><strong>mihi</strong></span> <span class='ocrx_word' id='word_1_499' title='bbox 3056 3443 3432 3508; x_wconf 60' lang='lat' dir='ltr'><strong>quwdamaire</strong></span> <span class='ocrx_word' id='word_1_500' title='bbox 3460 3442 3726 3506; x_wconf 64' lang='lat' dir='ltr'><strong>expositio</strong></span> <span class='ocrx_word' id='word_1_501' title='bbox 3760 3442 3964 3493; x_wconf 65' lang='lat' dir='ltr'><strong>Metto:</strong></span> 
     </span>
    </p>
   </div>
   <div class='ocr_carea' id='block_1_41' title="bbox 710 3520 3963 3596">
    <p class='ocr_par' dir='ltr' id='par_1_41' title="bbox 710 3520 3963 3596">
     <span class='ocr_line' id='line_1_41' title="bbox 710 3520 3963 3596; baseline -0 -17"><span class='ocrx_word' id='word_1_502' title='bbox 710 3526 1014 3594; x_wconf 77' lang='lat' dir='ltr'><strong>cujusdam,</strong></span> <span class='ocrx_word' id='word_1_503' title='bbox 1052 3524 1228 3578; x_wconf 83' lang='lat' dir='ltr'><strong>Patris</strong></span> <span class='ocrx_word' id='word_1_504' title='bbox 1257 3525 1392 3577; x_wconf 84' lang='lat' dir='ltr'><strong>inter</strong></span> <span class='ocrx_word' id='word_1_505' title='bbox 1424 3520 1637 3575; x_wconf 65' lang='grc' dir='ltr'><strong>(ἰητροί</strong></span> <span class='ocrx_word' id='word_1_506' title='bbox 1663 3522 1981 3586; x_wconf 85' lang='lat' dir='ltr'><strong>doctissimi,</strong></span> <span class='ocrx_word' id='word_1_507' title='bbox 2021 3532 2229 3575; x_wconf 86' lang='lat' dir='ltr'><strong>ostensa</strong></span> <span class='ocrx_word' id='word_1_508' title='bbox 2268 3532 2371 3587; x_wconf 85' lang='lat' dir='ltr'><strong>est,</strong></span> <span class='ocrx_word' id='word_1_509' title='bbox 2406 3525 2459 3577; x_wconf 88' lang='lat' dir='ltr'><strong>in</strong></span> <span class='ocrx_word' id='word_1_510' title='bbox 2487 3542 2590 3593; x_wconf 89' lang='lat' dir='ltr'><strong>qua</strong></span> <span class='ocrx_word' id='word_1_511' title='bbox 2618 3526 2705 3577; x_wconf 86' lang='lat' dir='ltr'><strong>ille</strong></span> <span class='ocrx_word' id='word_1_512' title='bbox 2738 3525 2984 3594; x_wconf 84' lang='lat' dir='ltr'><strong>pleraque</strong></span> <span class='ocrx_word' id='word_1_513' title='bbox 3008 3525 3073 3578; x_wconf 88' lang='lat' dir='ltr'><strong>de</strong></span> <span class='ocrx_word' id='word_1_514' title='bbox 3096 3528 3297 3596; x_wconf 77' lang='lat' dir='ltr'><strong>azymis</strong></span> <span class='ocrx_word' id='word_1_515' title='bbox 3325 3528 3377 3578; x_wconf 88' lang='lat' dir='ltr'><strong>in</strong></span> <span class='ocrx_word' id='word_1_516' title='bbox 3413 3543 3559 3579; x_wconf 63' lang='lat' dir='ltr'><strong>caena</strong></span> <span class='ocrx_word' id='word_1_517' title='bbox 3592 3526 3834 3589; x_wconf 80' lang='lat' dir='ltr'><strong>Domini,</strong></span> <span class='ocrx_word' id='word_1_518' title='bbox 3874 3530 3963 3579; x_wconf 66' lang='lat' dir='ltr'><strong>sed</strong></span> 
     </span>
    </p>
   </div>
   <div class='ocr_carea' id='block_1_42' title="bbox 711 3608 2370 3681">
    <p class='ocr_par' dir='ltr' id='par_1_42' title="bbox 711 3608 2370 3673">
     <span class='ocr_line' id='line_1_42' title="bbox 711 3608 2370 3673; baseline -0.001 -8"><span class='ocrx_word' id='word_1_519' title='bbox 711 3617 823 3668; x_wconf 70' lang='lat' dir='ltr'><strong>ha&#39;c</strong></span> <span class='ocrx_word' id='word_1_520' title='bbox 848 3615 1098 3667; x_wconf 85' lang='lat' dir='ltr'><strong>adversus</strong></span> <span class='ocrx_word' id='word_1_521' title='bbox 1125 3610 1342 3665; x_wconf 88' lang='lat' dir='ltr'><strong>Latinos</strong></span> <span class='ocrx_word' id='word_1_522' title='bbox 1381 3609 1656 3663; x_wconf 84' lang='lat' dir='ltr'><strong>discurrit.</strong></span> <span class='ocrx_word' id='word_1_523' title='bbox 1688 3609 1753 3661; x_wconf 89' lang='lat' dir='ltr'><strong>Et</strong></span> <span class='ocrx_word' id='word_1_524' title='bbox 1782 3608 1944 3673; x_wconf 78' lang='lat' dir='ltr'><strong>infra,</strong></span> <span class='ocrx_word' id='word_1_525' title='bbox 1979 3624 2102 3662; x_wconf 89' lang='lat' dir='ltr'><strong>eum</strong></span> <span class='ocrx_word' id='word_1_526' title='bbox 2137 3623 2290 3663; x_wconf 88' lang='lat' dir='ltr'><strong>vocat</strong></span> <span class='ocrx_word' id='word_1_527' title='bbox 2314 3610 2370 3664; x_wconf 79' lang='grc' dir='ltr'>ἄν</span> 
     </span>
    </p>
   </div>
   <div class='ocr_carea' id='block_1_43' title="bbox 2157 3608 3816 3681">
    <p class='ocr_par' dir='ltr' id='par_1_43' title="bbox 2157 3610 3816 3681">
     <span class='ocr_line' id='line_1_43' title="bbox 2157 3610 3816 3681; baseline 0.004 -20"><span class='ocrx_word' id='word_1_528' title='bbox 2157 3623 2290 3663; x_wconf 79' lang='lat' dir='ltr'><strong>tocat</strong></span> <span class='ocrx_word' id='word_1_529' title='bbox 2314 3610 2479 3680; x_wconf 84' lang='grc' dir='ltr'>ἄνδρα</span> <span class='ocrx_word' id='word_1_530' title='bbox 2523 3613 2979 3681; x_wconf 70' lang='grc' dir='ltr'>πεπαιδευμένον,</span> <span class='ocrx_word' id='word_1_531' title='bbox 3006 3615 3173 3666; x_wconf 72' lang='lat' dir='ltr'><strong>virum</strong></span> <span class='ocrx_word' id='word_1_532' title='bbox 3204 3616 3470 3666; x_wconf 88' lang='lat' dir='ltr'><strong>eruditum</strong></span> <span class='ocrx_word' id='word_1_533' title='bbox 3500 3624 3551 3667; x_wconf 85' lang='lat' dir='ltr'><strong>et</strong></span> <span class='ocrx_word' id='word_1_534' title='bbox 3577 3616 3816 3667; x_wconf 80' lang='lat' dir='ltr'><strong>doctum.</strong></span> 
     </span>
    </p>
   </div>
   <div class='ocr_carea' id='block_1_44' title="bbox 791 3696 2450 3770">
    <p class='ocr_par' dir='ltr' id='par_1_44' title="bbox 791 3696 2450 3770">
     <span class='ocr_line' id='line_1_44' title="bbox 791 3696 2450 3770; baseline -0.004 -14"><span class='ocrx_word' id='word_1_535' title='bbox 791 3702 1026 3770; x_wconf 82' lang='lat' dir='ltr'><strong>Scripsit</strong></span> <span class='ocrx_word' id='word_1_536' title='bbox 1048 3700 1235 3760; x_wconf 83' lang='lat' dir='ltr'><strong>etiam,</strong></span> <span class='ocrx_word' id='word_1_537' title='bbox 1260 3707 1320 3752; x_wconf 90' lang='lat' dir='ltr'><strong>ut</strong></span> <span class='ocrx_word' id='word_1_538' title='bbox 1346 3696 1581 3751; x_wconf 84' lang='lat' dir='ltr'><strong>advertit</strong></span> <span class='ocrx_word' id='word_1_539' title='bbox 1606 3696 1966 3760; x_wconf 89' lang='lat' dir='ltr'><strong>Possevinus,</strong></span> <span class='ocrx_word' id='word_1_540' title='bbox 1990 3696 2254 3752; x_wconf 86' lang='lat' dir='ltr'><strong>adversus</strong></span> <span class='ocrx_word' id='word_1_541' title='bbox 2279 3712 2450 3751; x_wconf 69' lang='lat' dir='ltr'><strong>errori</strong></span> 
     </span>
    </p>
   </div>
   <div class='ocr_carea' id='block_1_45' title="bbox 2305 3696 3964 3770">
    <p class='ocr_par' dir='ltr' id='par_1_45' title="bbox 2305 3700 3964 3768">
     <span class='ocr_line' id='line_1_45' title="bbox 2305 3700 3964 3768; baseline 0.001 -21"><span class='ocrx_word' id='word_1_542' title='bbox 2305 3712 2494 3752; x_wconf 74' lang='lat' dir='ltr'><strong>:rrores</strong></span> <span class='ocrx_word' id='word_1_543' title='bbox 2524 3700 2934 3763; x_wconf 80' lang='lat' dir='ltr'><strong>Armeniorum,</strong></span> <span class='ocrx_word' id='word_1_544' title='bbox 2967 3716 3161 3768; x_wconf 81' lang='lat' dir='ltr'><strong>nempe</strong></span> <span class='ocrx_word' id='word_1_545' title='bbox 3183 3700 3341 3766; x_wconf 80' lang='grc' dir='ltr'>λόγον</span> <span class='ocrx_word' id='word_1_546' title='bbox 3373 3702 3787 3768; x_wconf 79' lang='grc' dir='ltr'>στηλιτευτικὸν</span> <span class='ocrx_word' id='word_1_547' title='bbox 3818 3700 3964 3752; x_wconf 73' lang='grc' dir='ltr'>κατὰ</span> 
     </span>
    </p>
   </div>
   <div class='ocr_carea' id='block_1_46' title="bbox 713 3782 2372 3859">
    <p class='ocr_par' dir='ltr' id='par_1_46' title="bbox 713 3782 2372 3858">
     <span class='ocr_line' id='line_1_46' title="bbox 713 3782 2372 3858; baseline -0.003 -15"><span class='ocrx_word' id='word_1_548' title='bbox 713 3790 814 3858; x_wconf 75' lang='grc' dir='ltr'>τῆς</span> <span class='ocrx_word' id='word_1_549' title='bbox 854 3789 964 3842; x_wconf 84' lang='grc' dir='ltr'><strong>τῶν</strong></span> <span class='ocrx_word' id='word_1_550' title='bbox 1015 3783 1313 3855; x_wconf 79' lang='grc' dir='ltr'>Ἀρμενίων</span> <span class='ocrx_word' id='word_1_551' title='bbox 1342 3784 1630 3853; x_wconf 77' lang='grc' dir='ltr'>αἱρέσεως.</span> <span class='ocrx_word' id='word_1_552' title='bbox 1667 3782 1972 3838; x_wconf 88' lang='lat' dir='ltr'><strong>Orationem</strong></span> <span class='ocrx_word' id='word_1_553' title='bbox 2019 3783 2372 3852; x_wconf 80' lang='lat' dir='ltr'><strong>confutantem</strong></span> 
     </span>
    </p>
   </div>
   <div class='ocr_carea' id='block_1_47' title="bbox 2305 3782 3964 3859">
    <p class='ocr_par' dir='ltr' id='par_1_47' title="bbox 2305 3786 3964 3859">
     <span class='ocr_line' id='line_1_47' title="bbox 2305 3786 3964 3859; baseline 0.001 -21"><span class='ocrx_word' id='word_1_554' title='bbox 2305 3802 2379 3838; x_wconf 86' lang='lat' dir='ltr'><strong>em</strong></span> <span class='ocrx_word' id='word_1_555' title='bbox 2410 3786 2781 3840; x_wconf 81' lang='lat' dir='ltr'><strong>Armeniorum</strong></span> <span class='ocrx_word' id='word_1_556' title='bbox 2816 3788 3083 3843; x_wconf 85' lang='lat' dir='ltr'><strong>hwresim.</strong></span> <span class='ocrx_word' id='word_1_557' title='bbox 3118 3786 3180 3842; x_wconf 88' lang='lat' dir='ltr'><strong>P.</strong></span> <span class='ocrx_word' id='word_1_558' title='bbox 3212 3788 3323 3855; x_wconf 77' lang='grc' dir='ltr'>Τὴν</span> <span class='ocrx_word' id='word_1_559' title='bbox 3358 3789 3695 3859; x_wconf 77' lang='grc' dir='ltr'>συγχυτικὴν</span> <span class='ocrx_word' id='word_1_560' title='bbox 3729 3789 3842 3841; x_wconf 82' lang='grc' dir='ltr'>τῶν</span> <span class='ocrx_word' id='word_1_561' title='bbox 3871 3788 3964 3840; x_wconf 75' lang='grc' dir='ltr'>δύο</span> 
     </span>
    </p>
   </div>
   <div class='ocr_carea' id='block_1_48' title="bbox 715 3871 1722 3945">
    <p class='ocr_par' dir='ltr' id='par_1_48' title="bbox 715 3871 1722 3945">
     <span class='ocr_line' id='line_1_48' title="bbox 715 3871 1722 3945; baseline -0.006 -14"><span class='ocrx_word' id='word_1_562' title='bbox 715 3878 948 3945; x_wconf 64' lang='grc' dir='ltr'>ιρύσεων.</span> <span class='ocrx_word' id='word_1_563' title='bbox 984 3875 1040 3928; x_wconf 85' lang='grc' dir='ltr'>1η</span> <span class='ocrx_word' id='word_1_564' title='bbox 1077 3873 1360 3933; x_wconf 79' lang='lat' dir='ltr'><strong>Vaticana,</strong></span> <span class='ocrx_word' id='word_1_565' title='bbox 1397 3871 1521 3925; x_wconf 86' lang='lat' dir='ltr'><strong>cod.</strong></span> <span class='ocrx_word' id='word_1_566' title='bbox 1560 3871 1722 3925; x_wconf 72' lang='lat'><strong>1205.</strong></span> 
     </span>
    </p>
   </div>
   <div class='ocr_carea' id='block_1_49' title="bbox 784 3958 2443 4035">
    <p class='ocr_par' dir='ltr' id='par_1_49' title="bbox 784 3958 2437 4035">
     <span class='ocr_line' id='line_1_49' title="bbox 784 3958 2437 4035; baseline -0.002 -16"><span class='ocrx_word' id='word_1_567' title='bbox 784 3965 920 4035; x_wconf 72' lang='grc' dir='ltr'>Περὶ</span> <span class='ocrx_word' id='word_1_568' title='bbox 943 3963 1033 4017; x_wconf 86' lang='grc' dir='ltr'><strong>τοῦ</strong></span> <span class='ocrx_word' id='word_1_569' title='bbox 1066 3962 1153 4015; x_wconf 77' lang='grc' dir='ltr'>διὰ</span> <span class='ocrx_word' id='word_1_570' title='bbox 1184 3961 1384 4031; x_wconf 79' lang='grc' dir='ltr'>χειρῶν</span> <span class='ocrx_word' id='word_1_571' title='bbox 1410 3959 1725 4029; x_wconf 82' lang='grc' dir='ltr'>ἀσπασμοῦ.</span> <span class='ocrx_word' id='word_1_572' title='bbox 1768 3958 1846 4013; x_wconf 87' lang='lat' dir='ltr'><strong>De</strong></span> <span class='ocrx_word' id='word_1_573' title='bbox 1882 3960 2203 4015; x_wconf 79' lang='lat' dir='ltr'><strong>salutatione</strong></span> <span class='ocrx_word' id='word_1_574' title='bbox 2226 3978 2320 4029; x_wconf 86' lang='lat' dir='ltr'><strong>per</strong></span> <span class='ocrx_word' id='word_1_575' title='bbox 2353 3980 2437 4015; x_wconf 90' lang='lat' dir='ltr'><strong>ma</strong></span> 
     </span>
    </p>
   </div>
   <div class='ocr_carea' id='block_1_50' title="bbox 2231 3958 3890 4035">
    <p class='ocr_par' dir='ltr' id='par_1_50' title="bbox 2231 3962 3890 4032">
     <span class='ocr_line' id='line_1_50' title="bbox 2231 3962 3890 4032; baseline 0.001 -17"><span class='ocrx_word' id='word_1_576' title='bbox 2231 3978 2320 4029; x_wconf 86' lang='lat' dir='ltr'><strong>per</strong></span> <span class='ocrx_word' id='word_1_577' title='bbox 2353 3980 2563 4016; x_wconf 88' lang='lat' dir='ltr'><strong>manus.</strong></span> <span class='ocrx_word' id='word_1_578' title='bbox 2594 3966 2656 4017; x_wconf 90' lang='lat' dir='ltr'><strong>P.</strong></span> <span class='ocrx_word' id='word_1_579' title='bbox 2696 3963 2836 4017; x_wconf 78' lang='grc' dir='ltr'>Ἀλλ’</span> <span class='ocrx_word' id='word_1_580' title='bbox 2868 3964 2990 4017; x_wconf 74' lang='grc' dir='ltr'>οὐδὲ</span> <span class='ocrx_word' id='word_1_581' title='bbox 3034 3965 3062 4015; x_wconf 85' lang='grc' dir='ltr'>ὁ</span> <span class='ocrx_word' id='word_1_582' title='bbox 3092 3962 3178 4015; x_wconf 69' lang='grc' dir='ltr'>διὰ</span> <span class='ocrx_word' id='word_1_583' title='bbox 3212 3964 3413 4032; x_wconf 83' lang='grc' dir='ltr'>χειρῶν</span> <span class='ocrx_word' id='word_1_584' title='bbox 3453 3965 3747 4032; x_wconf 71' lang='grc' dir='ltr'>ἀσπασμός</span> <span class='ocrx_word' id='word_1_585' title='bbox 3791 3966 3890 4028; x_wconf 73' lang='grc' dir='ltr'><strong>(ηρ.</strong></span> 
     </span>
    </p>
   </div>
   <div class='ocr_carea' id='block_1_51' title="bbox 781 4043 3964 4120">
    <p class='ocr_par' dir='ltr' id='par_1_51' title="bbox 781 4043 3964 4120">
     <span class='ocr_line' id='line_1_51' title="bbox 781 4043 3964 4120; baseline -0.001 -14"><span class='ocrx_word' id='word_1_586' title='bbox 781 4053 941 4106; x_wconf 61' lang='grc' dir='ltr'>Κατὰ</span> <span class='ocrx_word' id='word_1_587' title='bbox 972 4049 1240 4113; x_wconf 85' lang='grc' dir='ltr'>Λατίνων,</span> <span class='ocrx_word' id='word_1_588' title='bbox 1272 4051 1332 4102; x_wconf 79' lang='grc' dir='ltr'>ἐν</span> <span class='ocrx_word' id='word_1_589' title='bbox 1359 4043 1440 4110; x_wconf 75' lang='grc' dir='ltr'>οἷς</span> <span class='ocrx_word' id='word_1_590' title='bbox 1473 4048 1885 4117; x_wconf 75' lang='grc' dir='ltr'>βλασφημοῦσιν</span> <span class='ocrx_word' id='word_1_591' title='bbox 1914 4051 1994 4111; x_wconf 80' lang='grc' dir='ltr'><strong>εἰς</strong></span> <span class='ocrx_word' id='word_1_592' title='bbox 2020 4051 2079 4102; x_wconf 78' lang='grc' dir='ltr'><strong>τὸ</strong></span> <span class='ocrx_word' id='word_1_593' title='bbox 2115 4050 2337 4118; x_wconf 87' lang='grc' dir='ltr'>Πνεῦμα</span> <span class='ocrx_word' id='word_1_594' title='bbox 2374 4053 2435 4104; x_wconf 82' lang='grc' dir='ltr'><strong>τὸ</strong></span> <span class='ocrx_word' id='word_1_595' title='bbox 2463 4053 2617 4120; x_wconf 83' lang='grc' dir='ltr'>ἆγιον</span> <span class='ocrx_word' id='word_1_596' title='bbox 2671 4054 2922 4120; x_wconf 85' lang='grc' dir='ltr'>λέγοντες</span> <span class='ocrx_word' id='word_1_597' title='bbox 2955 4055 3018 4103; x_wconf 87' lang='grc' dir='ltr'>ὲκ</span> <span class='ocrx_word' id='word_1_598' title='bbox 3051 4052 3144 4103; x_wconf 87' lang='grc' dir='ltr'><strong>τοῦ</strong></span> <span class='ocrx_word' id='word_1_599' title='bbox 3177 4050 3304 4103; x_wconf 82' lang='grc' dir='ltr'><strong>Υίοῦ</strong></span> <span class='ocrx_word' id='word_1_600' title='bbox 3340 4050 3500 4103; x_wconf 83' lang='grc' dir='ltr'>τοῦτο</span> <span class='ocrx_word' id='word_1_601' title='bbox 3538 4051 3964 4117; x_wconf 67' lang='grc' dir='ltr'>ἐκπορεύεσθαι.</span> 
     </span>
    </p>
   </div>
   <div class='ocr_carea' id='block_1_52' title="bbox 713 4135 3967 4206">
    <p class='ocr_par' dir='ltr' id='par_1_52' title="bbox 713 4135 3967 4206">
     <span class='ocr_line' id='line_1_52' title="bbox 713 4135 3967 4206; baseline -0.002 -12"><span class='ocrx_word' id='word_1_602' title='bbox 713 4142 977 4194; x_wconf 77' lang='lat' dir='ltr'><strong>Adversus</strong></span> <span class='ocrx_word' id='word_1_603' title='bbox 1014 4138 1326 4190; x_wconf 88' lang='lat' dir='ltr'><strong>Latiuorunt</strong></span> <span class='ocrx_word' id='word_1_604' title='bbox 1363 4135 1713 4202; x_wconf 83' lang='lat' dir='ltr'><strong>blasphemias</strong></span> <span class='ocrx_word' id='word_1_605' title='bbox 1757 4137 1810 4188; x_wconf 89' lang='lat' dir='ltr'><strong>in</strong></span> <span class='ocrx_word' id='word_1_606' title='bbox 1841 4135 2102 4205; x_wconf 89' lang='lat' dir='ltr'><strong>Spiritum</strong></span> <span class='ocrx_word' id='word_1_607' title='bbox 2144 4148 2416 4203; x_wconf 89' lang='lat' dir='ltr'><strong>sanctum,</strong></span> <span class='ocrx_word' id='word_1_608' title='bbox 2454 4142 2804 4194; x_wconf 84' lang='lat' dir='ltr'><strong>asserentium</strong></span> <span class='ocrx_word' id='word_1_609' title='bbox 2840 4155 2903 4192; x_wconf 83' lang='lat' dir='ltr'><strong>ea:</strong></span> <span class='ocrx_word' id='word_1_610' title='bbox 2936 4138 3078 4191; x_wconf 79' lang='lat' dir='ltr'><strong>Filio</strong></span> <span class='ocrx_word' id='word_1_611' title='bbox 3122 4138 3274 4190; x_wconf 89' lang='lat' dir='ltr'><strong>illum</strong></span> <span class='ocrx_word' id='word_1_612' title='bbox 3308 4139 3604 4203; x_wconf 85' lang='lat' dir='ltr'><strong>procedere.</strong></span> <span class='ocrx_word' id='word_1_613' title='bbox 3638 4140 3702 4194; x_wconf 88' lang='lat' dir='ltr'><strong>P.</strong></span> <span class='ocrx_word' id='word_1_614' title='bbox 3737 4140 3813 4190; x_wconf 87' lang='grc' dir='ltr'><strong>Τὸ</strong></span> <span class='ocrx_word' id='word_1_615' title='bbox 3840 4140 3967 4206; x_wconf 72' lang='grc' dir='ltr'>περὶ</span> 
     </span>
    </p>
   </div>
   <div class='ocr_carea' id='block_1_53' title="bbox 711 4223 2370 4296">
    <p class='ocr_par' dir='ltr' id='par_1_53' title="bbox 711 4225 2370 4296">
     <span class='ocr_line' id='line_1_53' title="bbox 711 4225 2370 4296; baseline -0.002 -14"><span class='ocrx_word' id='word_1_616' title='bbox 711 4229 806 4282; x_wconf 83' lang='grc' dir='ltr'><strong>τοῦ</strong></span> <span class='ocrx_word' id='word_1_617' title='bbox 843 4229 999 4296; x_wconf 84' lang='grc' dir='ltr'>ἁγίου</span> <span class='ocrx_word' id='word_1_618' title='bbox 1030 4226 1348 4296; x_wconf 77' lang='grc' dir='ltr'>Πνεῦματος</span> <span class='ocrx_word' id='word_1_619' title='bbox 1376 4225 1578 4293; x_wconf 81' lang='grc' dir='ltr'>λέγειν,</span> <span class='ocrx_word' id='word_1_620' title='bbox 1605 4226 1733 4293; x_wconf 71' lang='grc' dir='ltr'>περὶ</span> <span class='ocrx_word' id='word_1_621' title='bbox 1757 4225 1892 4277; x_wconf 84' lang='grc' dir='ltr'>Θεοῦ</span> <span class='ocrx_word' id='word_1_622' title='bbox 1925 4225 2106 4292; x_wconf 84' lang='grc' dir='ltr'>λέγειν</span> <span class='ocrx_word' id='word_1_623' title='bbox 2139 4229 2304 4280; x_wconf 76' lang='grc' dir='ltr'>ἐστίν.</span> <span class='ocrx_word' id='word_1_624' title='bbox 2340 4227 2370 4278; x_wconf 72' lang='lat' dir='ltr'><strong>li</strong></span> 
     </span>
    </p>
   </div>
   <div class='ocr_carea' id='block_1_54' title="bbox 2304 4223 3963 4296">
    <p class='ocr_par' dir='ltr' id='par_1_54' title="bbox 2340 4223 3963 4294">
     <span class='ocr_line' id='line_1_54' title="bbox 2340 4223 3963 4294; baseline -0.001 -16"><span class='ocrx_word' id='word_1_625' title='bbox 2340 4227 2405 4279; x_wconf 78' lang='lat' dir='ltr'><strong>Et</strong></span> <span class='ocrx_word' id='word_1_626' title='bbox 2431 4226 2557 4281; x_wconf 85' lang='lat' dir='ltr'><strong>hinc</strong></span> <span class='ocrx_word' id='word_1_627' title='bbox 2582 4229 2832 4279; x_wconf 85' lang='lat' dir='ltr'><strong>videntur</strong></span> <span class='ocrx_word' id='word_1_628' title='bbox 2863 4226 3134 4294; x_wconf 84' lang='lat' dir='ltr'><strong>desumpti</strong></span> <span class='ocrx_word' id='word_1_629' title='bbox 3162 4225 3466 4294; x_wconf 77' lang='lat' dir='ltr'><strong>syllogismi</strong></span> <span class='ocrx_word' id='word_1_630' title='bbox 3494 4235 3685 4277; x_wconf 88' lang='lat' dir='ltr'><strong>contra</strong></span> <span class='ocrx_word' id='word_1_631' title='bbox 3711 4223 3963 4288; x_wconf 75' lang='lat' dir='ltr'><strong>Latinos,</strong></span> 
     </span>
    </p>
   </div>
   <div class='ocr_carea' id='block_1_55' title="bbox 712 4310 3967 4385">
    <p class='ocr_par' dir='ltr' id='par_1_55' title="bbox 712 4310 3967 4385">
     <span class='ocr_line' id='line_1_55' title="bbox 712 4310 3967 4385; baseline -0.003 -14"><span class='ocrx_word' id='word_1_632' title='bbox 712 4318 804 4385; x_wconf 90' lang='lat' dir='ltr'><strong>qui</strong></span> <span class='ocrx_word' id='word_1_633' title='bbox 831 4316 1088 4371; x_wconf 88' lang='lat' dir='ltr'><strong>dicuntur</strong></span> <span class='ocrx_word' id='word_1_634' title='bbox 1115 4321 1335 4367; x_wconf 77' lang='lat' dir='ltr'><strong>exstare</strong></span> <span class='ocrx_word' id='word_1_635' title='bbox 1363 4315 1417 4365; x_wconf 89' lang='lat' dir='ltr'><strong>in</strong></span> <span class='ocrx_word' id='word_1_636' title='bbox 1449 4312 1778 4367; x_wconf 84' lang='lat' dir='ltr'><strong>bibliotheca</strong></span> <span class='ocrx_word' id='word_1_637' title='bbox 1825 4312 2111 4377; x_wconf 85' lang='lat' dir='ltr'><strong>Bavarica,</strong></span> <span class='ocrx_word' id='word_1_638' title='bbox 2160 4314 2262 4367; x_wconf 92' lang='lat' dir='ltr'><strong>sub</strong></span> <span class='ocrx_word' id='word_1_639' title='bbox 2290 4314 2498 4368; x_wconf 76' lang='lat' dir='ltr'><strong>Niccta:</strong></span> <span class='ocrx_word' id='word_1_640' title='bbox 2528 4313 2810 4383; x_wconf 82' lang='lat' dir='ltr'><strong>Byzantini</strong></span> <span class='ocrx_word' id='word_1_641' title='bbox 2850 4314 3069 4366; x_wconf 90' lang='lat' dir='ltr'><strong>nomine</strong></span> <span class='ocrx_word' id='word_1_642' title='bbox 3104 4314 3226 4365; x_wconf 90' lang='lat' dir='ltr'><strong>cod.</strong></span> <span class='ocrx_word' id='word_1_643' title='bbox 3263 4311 3385 4366; x_wconf 76' lang='grc'><strong>120.</strong></span> <span class='ocrx_word' id='word_1_644' title='bbox 3413 4310 3590 4379; x_wconf 82' lang='lat' dir='ltr'><strong>Hujus</strong></span> <span class='ocrx_word' id='word_1_645' title='bbox 3646 4314 3777 4365; x_wconf 85' lang='lat' dir='ltr'><strong>item</strong></span> <span class='ocrx_word' id='word_1_646' title='bbox 3812 4310 3967 4380; x_wconf 67' lang='lat' dir='ltr'><strong>Hugo</strong></span> 
     </span>
    </p>
   </div>
   <div class='ocr_carea' id='block_1_56' title="bbox 718 4399 3965 4471">
    <p class='ocr_par' dir='ltr' id='par_1_56' title="bbox 718 4399 3965 4471">
     <span class='ocr_line' id='line_1_56' title="bbox 718 4399 3965 4471; baseline -0.004 -12"><span class='ocrx_word' id='word_1_647' title='bbox 718 4407 1068 4460; x_wconf 62' lang='lat' dir='ltr'><strong>:Etheriauus</strong></span> <span class='ocrx_word' id='word_1_648' title='bbox 1104 4404 1429 4457; x_wconf 88' lang='lat' dir='ltr'><strong>mentionem</strong></span> <span class='ocrx_word' id='word_1_649' title='bbox 1463 4402 1596 4456; x_wconf 81' lang='lat' dir='ltr'><strong>facit</strong></span> <span class='ocrx_word' id='word_1_650' title='bbox 1623 4402 1676 4455; x_wconf 91' lang='lat' dir='ltr'><strong>in</strong></span> <span class='ocrx_word' id='word_1_651' title='bbox 1714 4418 1815 4456; x_wconf 88' lang='lat' dir='ltr'><strong>suo</strong></span> <span class='ocrx_word' id='word_1_652' title='bbox 1841 4418 2004 4471; x_wconf 88' lang='lat' dir='ltr'><strong>opere</strong></span> <span class='ocrx_word' id='word_1_653' title='bbox 2034 4415 2229 4457; x_wconf 88' lang='lat' dir='ltr'><strong>contra</strong></span> <span class='ocrx_word' id='word_1_654' title='bbox 2265 4404 2482 4458; x_wconf 57' lang='lat' dir='ltr'><strong>Graecos</strong></span> <span class='ocrx_word' id='word_1_655' title='bbox 2522 4416 2620 4471; x_wconf 91' lang='lat' dir='ltr'><strong>pro</strong></span> <span class='ocrx_word' id='word_1_656' title='bbox 2660 4402 2889 4461; x_wconf 86' lang='lat' dir='ltr'><strong>Latinis,</strong></span> <span class='ocrx_word' id='word_1_657' title='bbox 2927 4401 3033 4452; x_wconf 86' lang='lat' dir='ltr'><strong>nisi</strong></span> <span class='ocrx_word' id='word_1_658' title='bbox 3091 4399 3233 4452; x_wconf 88' lang='lat' dir='ltr'><strong>alius</strong></span> <span class='ocrx_word' id='word_1_659' title='bbox 3269 4400 3362 4451; x_wconf 86' lang='lat' dir='ltr'><strong>sit.</strong></span> <span class='ocrx_word' id='word_1_660' title='bbox 3418 4400 3482 4452; x_wconf 84' lang='lat' dir='ltr'><strong>Et</strong></span> <span class='ocrx_word' id='word_1_661' title='bbox 3510 4400 3810 4452; x_wconf 82' lang='lat' dir='ltr'><strong>verisimile</strong></span> <span class='ocrx_word' id='word_1_662' title='bbox 3858 4411 3965 4461; x_wconf 75' lang='lat' dir='ltr'><strong>t‘Sl,</strong></span> 
     </span>
    </p>
   </div>
   <div class='ocr_carea' id='block_1_57' title="bbox 717 4485 3965 4562">
    <p class='ocr_par' dir='ltr' id='par_1_57' title="bbox 717 4485 3965 4562">
     <span class='ocr_line' id='line_1_57' title="bbox 717 4485 3965 4562; baseline -0.002 -17"><span class='ocrx_word' id='word_1_663' title='bbox 717 4494 916 4549; x_wconf 62' lang='lat' dir='ltr'><strong>Hiceta!</strong></span> <span class='ocrx_word' id='word_1_664' title='bbox 947 4494 1297 4562; x_wconf 81' lang='lat' dir='ltr'><strong>cognomines</strong></span> <span class='ocrx_word' id='word_1_665' title='bbox 1327 4492 1380 4543; x_wconf 89' lang='lat' dir='ltr'><strong>in</strong></span> <span class='ocrx_word' id='word_1_666' title='bbox 1415 4492 1505 4544; x_wconf 86' lang='lat' dir='ltr'><strong>illa</strong></span> <span class='ocrx_word' id='word_1_667' title='bbox 1541 4491 1780 4554; x_wconf 86' lang='lat' dir='ltr'><strong>civitate,</strong></span> <span class='ocrx_word' id='word_1_668' title='bbox 1816 4502 1871 4544; x_wconf 89' lang='lat' dir='ltr'><strong>et</strong></span> <span class='ocrx_word' id='word_1_669' title='bbox 1906 4499 2057 4543; x_wconf 83' lang='lat' dir='ltr'><strong>tanta</strong></span> <span class='ocrx_word' id='word_1_670' title='bbox 2088 4493 2468 4546; x_wconf 83' lang='lat' dir='ltr'><strong>blaterantium</strong></span> <span class='ocrx_word' id='word_1_671' title='bbox 2527 4489 2859 4557; x_wconf 85' lang='lat' dir='ltr'><strong>procacitate</strong></span> <span class='ocrx_word' id='word_1_672' title='bbox 2891 4496 2945 4539; x_wconf 87' lang='lat' dir='ltr'><strong>et</strong></span> <span class='ocrx_word' id='word_1_673' title='bbox 2983 4486 3162 4554; x_wconf 82' lang='lat' dir='ltr'><strong>cepia,</strong></span> <span class='ocrx_word' id='word_1_674' title='bbox 3216 4485 3415 4539; x_wconf 89' lang='lat' dir='ltr'><strong>multos</strong></span> <span class='ocrx_word' id='word_1_675' title='bbox 3449 4486 3637 4545; x_wconf 79' lang='lat' dir='ltr'><strong>fuisse,</strong></span> <span class='ocrx_word' id='word_1_676' title='bbox 3670 4486 3762 4554; x_wconf 90' lang='lat' dir='ltr'><strong>qui</strong></span> <span class='ocrx_word' id='word_1_677' title='bbox 3819 4502 3965 4539; x_wconf 85' lang='lat' dir='ltr'><strong>nunc</strong></span> 
     </span>
    </p>
   </div>
   <div class='ocr_carea' id='block_1_58' title="bbox 716 4577 2276 4650">
    <p class='ocr_par' dir='ltr' id='par_1_58' title="bbox 716 4577 2276 4650">
     <span class='ocr_line' id='line_1_58' title="bbox 716 4577 2276 4650; baseline -0.001 -15"><span class='ocrx_word' id='word_1_678' title='bbox 716 4582 935 4635; x_wconf 78' lang='lat' dir='ltr'><strong>obscuri</strong></span> <span class='ocrx_word' id='word_1_679' title='bbox 965 4590 1128 4650; x_wconf 83' lang='lat' dir='ltr'><strong>atque</strong></span> <span class='ocrx_word' id='word_1_680' title='bbox 1158 4579 1501 4631; x_wconf 88' lang='lat' dir='ltr'><strong>illaudabiles</strong></span> <span class='ocrx_word' id='word_1_681' title='bbox 1536 4578 1635 4633; x_wconf 92' lang='lat' dir='ltr'><strong>sub</strong></span> <span class='ocrx_word' id='word_1_682' title='bbox 1669 4577 1891 4645; x_wconf 86' lang='lat' dir='ltr'><strong>pulvere</strong></span> <span class='ocrx_word' id='word_1_683' title='bbox 1924 4578 2276 4633; x_wconf 82' lang='lat' dir='ltr'><strong>delitescunt.</strong></span> 
     </span>
    </p>
   </div>
   <div class='ocr_carea' id='block_1_59' title="bbox 794 4660 2453 4735">
    <p class='ocr_par' dir='ltr' id='par_1_59' title="bbox 794 4663 2427 4735">
     <span class='ocr_line' id='line_1_59' title="bbox 794 4663 2427 4735; baseline -0.001 -17"><span class='ocrx_word' id='word_1_684' title='bbox 794 4666 912 4720; x_wconf 72' lang='lat' dir='ltr'><strong>Vidi</strong></span> <span class='ocrx_word' id='word_1_685' title='bbox 942 4679 1220 4735; x_wconf 65' lang='lat' dir='ltr'><strong>praetcrea.</strong></span> <span class='ocrx_word' id='word_1_686' title='bbox 1259 4680 1382 4720; x_wconf 89' lang='lat' dir='ltr'><strong>cum</strong></span> <span class='ocrx_word' id='word_1_687' title='bbox 1413 4679 1589 4719; x_wconf 80' lang='lat' dir='ltr'><strong>essent</strong></span> <span class='ocrx_word' id='word_1_688' title='bbox 1619 4663 1740 4718; x_wconf 87' lang='lat' dir='ltr'><strong>Chii</strong></span> <span class='ocrx_word' id='word_1_689' title='bbox 1772 4680 1785 4716; x_wconf 89' lang='lat'><strong>:</strong></span> <span class='ocrx_word' id='word_1_690' title='bbox 1818 4665 2035 4732; x_wconf 85' lang='grc' dir='ltr'>Νικήτα</span> <span class='ocrx_word' id='word_1_691' title='bbox 2063 4666 2298 4735; x_wconf 81' lang='grc' dir='ltr'>μοναχοῦ</span> <span class='ocrx_word' id='word_1_692' title='bbox 2332 4666 2427 4719; x_wconf 77' lang='grc' dir='ltr'><strong>καὶ</strong></span> 
     </span>
    </p>
   </div>
   <div class='ocr_carea' id='block_1_60' title="bbox 2306 4660 3965 4735">
    <p class='ocr_par' dir='ltr' id='par_1_60' title="bbox 2332 4660 3965 4733">
     <span class='ocr_line' id='line_1_60' title="bbox 2332 4660 3965 4733; baseline -0.005 -15"><span class='ocrx_word' id='word_1_693' title='bbox 2332 4666 2427 4719; x_wconf 74' lang='grc' dir='ltr'><strong>καὶ</strong></span> <span class='ocrx_word' id='word_1_694' title='bbox 2463 4662 2838 4733; x_wconf 76' lang='grc' dir='ltr'>πρεσϐυτέρου</span> <span class='ocrx_word' id='word_1_695' title='bbox 2870 4660 2966 4713; x_wconf 85' lang='grc' dir='ltr'><strong>τοῦ</strong></span> <span class='ocrx_word' id='word_1_696' title='bbox 2999 4662 3270 4725; x_wconf 83' lang='grc' dir='ltr'>Στουδίου,</span> <span class='ocrx_word' id='word_1_697' title='bbox 3294 4662 3387 4713; x_wconf 88' lang='grc' dir='ltr'><strong>τοῦ</strong></span> <span class='ocrx_word' id='word_1_698' title='bbox 3419 4662 3647 4730; x_wconf 74' lang='grc' dir='ltr'>ἐπίκλην</span> <span class='ocrx_word' id='word_1_699' title='bbox 3687 4662 3965 4729; x_wconf 70' lang='grc' dir='ltr'>Στηθάτου</span> 
     </span>
    </p>
   </div>
   <div class='ocr_carea' id='block_1_61' title="bbox 723 4749 2382 4821">
    <p class='ocr_par' dir='ltr' id='par_1_61' title="bbox 723 4751 2382 4821">
     <span class='ocr_line' id='line_1_61' title="bbox 723 4751 2382 4821; baseline -0.001 -16"><span class='ocrx_word' id='word_1_700' title='bbox 723 4770 853 4814; x_wconf 64' lang='lat' dir='ltr'><strong>tuon</strong></span> <span class='ocrx_word' id='word_1_701' title='bbox 884 4754 1021 4806; x_wconf 82' lang='lat' dir='ltr'><strong>bene</strong></span> <span class='ocrx_word' id='word_1_702' title='bbox 1054 4752 1312 4807; x_wconf 78' lang='lat' dir='ltr'><strong>recordor</strong></span> <span class='ocrx_word' id='word_1_703' title='bbox 1356 4753 1535 4817; x_wconf 84' lang='lat' dir='ltr'><strong>modo)</strong></span> <span class='ocrx_word' id='word_1_704' title='bbox 1563 4752 1706 4803; x_wconf 73' lang='grc' dir='ltr'>κατὰ</span> <span class='ocrx_word' id='word_1_705' title='bbox 1755 4751 1946 4803; x_wconf 84' lang='grc' dir='ltr'>πεῦσιν</span> <span class='ocrx_word' id='word_1_706' title='bbox 1975 4753 2068 4804; x_wconf 76' lang='grc' dir='ltr'><strong>καὶ</strong></span> <span class='ocrx_word' id='word_1_707' title='bbox 2099 4753 2382 4821; x_wconf 57' lang='grc' dir='ltr'>άπόκρισικ</span> 
     </span>
    </p>
   </div>
   <div class='ocr_carea' id='block_1_62' title="bbox 2307 4749 3966 4821">
    <p class='ocr_par' dir='ltr' id='par_1_62' title="bbox 2311 4749 3966 4818">
     <span class='ocr_line' id='line_1_62' title="bbox 2311 4749 3966 4818; baseline -0.003 -14"><span class='ocrx_word' id='word_1_708' title='bbox 2311 4769 2415 4805; x_wconf 89' lang='grc' dir='ltr'>σιν.</span> <span class='ocrx_word' id='word_1_709' title='bbox 2458 4750 2658 4806; x_wconf 71' lang='lat' dir='ltr'><strong>Nicetw</strong></span> <span class='ocrx_word' id='word_1_710' title='bbox 2692 4750 2932 4801; x_wconf 75' lang='lat' dir='ltr'><strong>monachi</strong></span> <span class='ocrx_word' id='word_1_711' title='bbox 2961 4760 3009 4802; x_wconf 88' lang='lat' dir='ltr'><strong>et</strong></span> <span class='ocrx_word' id='word_1_712' title='bbox 3045 4749 3335 4818; x_wconf 76' lang='lat' dir='ltr'><strong>presbyteri</strong></span> <span class='ocrx_word' id='word_1_713' title='bbox 3374 4749 3574 4811; x_wconf 83' lang='lat' dir='ltr'><strong>Studii,</strong></span> <span class='ocrx_word' id='word_1_714' title='bbox 3622 4761 3966 4816; x_wconf 73' lang='lat' dir='ltr'><strong>cognomento</strong></span> 
     </span>
    </p>
   </div>
   <div class='ocr_carea' id='block_1_63' title="bbox 725 4835 3967 4906">
    <p class='ocr_par' dir='ltr' id='par_1_63' title="bbox 725 4835 3967 4906">
     <span class='ocr_line' id='line_1_63' title="bbox 725 4835 3967 4906; baseline -0.002 -15"><span class='ocrx_word' id='word_1_715' title='bbox 725 4843 980 4904; x_wconf 63' lang='lat' dir='ltr'><strong>Stethati,</strong></span> <span class='ocrx_word' id='word_1_716' title='bbox 1004 4838 1287 4892; x_wconf 86' lang='lat' dir='ltr'><strong>secundum</strong></span> <span class='ocrx_word' id='word_1_717' title='bbox 1313 4840 1775 4906; x_wconf 86' lang='lat' dir='ltr'><strong>interrogationem</strong></span> <span class='ocrx_word' id='word_1_718' title='bbox 1805 4847 1853 4889; x_wconf 91' lang='lat' dir='ltr'><strong>et</strong></span> <span class='ocrx_word' id='word_1_719' title='bbox 1878 4839 2290 4902; x_wconf 80' lang='lat' dir='ltr'><strong>responsionem.</strong></span> <span class='ocrx_word' id='word_1_720' title='bbox 2318 4838 2481 4892; x_wconf 79' lang='lat' dir='ltr'><strong>Index</strong></span> <span class='ocrx_word' id='word_1_721' title='bbox 2510 4837 2916 4904; x_wconf 86' lang='lat' dir='ltr'><strong>manuscriptus</strong></span> <span class='ocrx_word' id='word_1_722' title='bbox 2941 4835 3348 4889; x_wconf 82' lang='lat' dir='ltr'><strong>Escurialensis</strong></span> <span class='ocrx_word' id='word_1_723' title='bbox 3369 4838 3606 4904; x_wconf 79' lang='lat' dir='ltr'><strong>explicat</strong></span> <span class='ocrx_word' id='word_1_724' title='bbox 3630 4851 3642 4886; x_wconf 90' lang='lat'>:</span> <span class='ocrx_word' id='word_1_725' title='bbox 3674 4838 3783 4887; x_wconf 50' lang='lat' dir='ltr'><strong>Kak</strong></span> <span class='ocrx_word' id='word_1_726' title='bbox 3814 4837 3967 4889; x_wconf 69' lang='grc' dir='ltr'>ἄλλοι</span> 
     </span>
    </p>
   </div>
   <div class='ocr_carea' id='block_1_64' title="bbox 722 4923 2381 4994">
    <p class='ocr_par' dir='ltr' id='par_1_64' title="bbox 722 4923 2381 4994">
     <span class='ocr_line' id='line_1_64' title="bbox 722 4923 2381 4994; baseline 0 -16"><span class='ocrx_word' id='word_1_727' title='bbox 722 4928 871 4994; x_wconf 72' lang='grc' dir='ltr'>λόγοι</span> <span class='ocrx_word' id='word_1_728' title='bbox 902 4927 1042 4980; x_wconf 73' lang='grc' dir='ltr'>κατὰ</span> <span class='ocrx_word' id='word_1_729' title='bbox 1073 4927 1265 4979; x_wconf 78' lang='grc' dir='ltr'>πεῦσιν</span> <span class='ocrx_word' id='word_1_730' title='bbox 1294 4926 1384 4977; x_wconf 75' lang='grc' dir='ltr'><strong>καὶ</strong></span> <span class='ocrx_word' id='word_1_731' title='bbox 1419 4927 1732 4994; x_wconf 80' lang='grc' dir='ltr'>ἀπόκρισιν.</span> <span class='ocrx_word' id='word_1_732' title='bbox 1764 4923 1831 4977; x_wconf 86' lang='lat' dir='ltr'><strong>Et</strong></span> <span class='ocrx_word' id='word_1_733' title='bbox 1859 4942 2120 4979; x_wconf 85' lang='lat' dir='ltr'><strong>sermones</strong></span> <span class='ocrx_word' id='word_1_734' title='bbox 2152 4925 2245 4978; x_wconf 88' lang='lat' dir='ltr'><strong>alii</strong></span> <span class='ocrx_word' id='word_1_735' title='bbox 2275 4943 2381 4980; x_wconf 68' lang='lat' dir='ltr'><strong>seca</strong></span> 
     </span>
    </p>
   </div>
   <div class='ocr_carea' id='block_1_65' title="bbox 1910 4923 3569 4994">
    <p class='ocr_par' dir='ltr' id='par_1_65' title="bbox 1910 4924 3569 4992">
     <span class='ocr_line' id='line_1_65' title="bbox 1910 4924 3569 4992; baseline -0.002 -15"><span class='ocrx_word' id='word_1_736' title='bbox 1910 4942 2120 4978; x_wconf 68' lang='lat' dir='ltr'><strong>&#39;rmones</strong></span> <span class='ocrx_word' id='word_1_737' title='bbox 2152 4925 2245 4978; x_wconf 84' lang='lat' dir='ltr'><strong>alii</strong></span> <span class='ocrx_word' id='word_1_738' title='bbox 2275 4928 2561 4980; x_wconf 85' lang='lat' dir='ltr'><strong>secundum</strong></span> <span class='ocrx_word' id='word_1_739' title='bbox 2586 4924 3047 4992; x_wconf 86' lang='lat' dir='ltr'><strong>interrogationem</strong></span> <span class='ocrx_word' id='word_1_740' title='bbox 3082 4931 3130 4975; x_wconf 85' lang='lat' dir='ltr'><strong>et</strong></span> <span class='ocrx_word' id='word_1_741' title='bbox 3160 4924 3569 4989; x_wconf 74' lang='lat' dir='ltr'><strong>responsionem.</strong></span> 
     </span>
    </p>
   </div>
   <div class='ocr_carea' id='block_1_66' title="bbox 796 5011 2455 5082">
    <p class='ocr_par' dir='ltr' id='par_1_66' title="bbox 796 5014 2455 5082">
     <span class='ocr_line' id='line_1_66' title="bbox 796 5014 2455 5082; baseline -0.002 -13"><span class='ocrx_word' id='word_1_742' title='bbox 796 5015 926 5069; x_wconf 77' lang='lat' dir='ltr'><strong>Item</strong></span> <span class='ocrx_word' id='word_1_743' title='bbox 975 5014 1222 5068; x_wconf 83' lang='lat' dir='ltr'><strong>Stethato</strong></span> <span class='ocrx_word' id='word_1_744' title='bbox 1272 5014 1590 5067; x_wconf 90' lang='lat' dir='ltr'><strong>tribuuntur</strong></span> <span class='ocrx_word' id='word_1_745' title='bbox 1634 5014 1957 5067; x_wconf 76' lang='grc' dir='ltr'>Γνωστικῶν</span> <span class='ocrx_word' id='word_1_746' title='bbox 1995 5014 2310 5082; x_wconf 81' lang='grc' dir='ltr'>κεφαλαίων</span> <span class='ocrx_word' id='word_1_747' title='bbox 2362 5017 2455 5066; x_wconf 82' lang='grc' dir='ltr'>ὲκα</span> 
     </span>
    </p>
   </div>
   <div class='ocr_carea' id='block_1_67' title="bbox 2307 5011 3966 5082">
    <p class='ocr_par' dir='ltr' id='par_1_67' title="bbox 2307 5011 3966 5080">
     <span class='ocr_line' id='line_1_67' title="bbox 2307 5011 3966 5080; baseline -0.004 -14"><span class='ocrx_word' id='word_1_748' title='bbox 2307 5032 2310 5052; x_wconf 78' lang='grc' dir='ltr'><strong>ι</strong></span> <span class='ocrx_word' id='word_1_749' title='bbox 2362 5012 2655 5075; x_wconf 81' lang='grc' dir='ltr'>ἑκατοντὰς</span> <span class='ocrx_word' id='word_1_750' title='bbox 2704 5018 2790 5064; x_wconf 84' lang='grc' dir='ltr'>α”</span> <span class='ocrx_word' id='word_1_751' title='bbox 2849 5011 3171 5079; x_wconf 81' lang='grc' dir='ltr'>πρακτικῶν</span> <span class='ocrx_word' id='word_1_752' title='bbox 3220 5011 3519 5072; x_wconf 76' lang='grc' dir='ltr'>ὲκατοντάς</span> <span class='ocrx_word' id='word_1_753' title='bbox 3571 5011 3655 5080; x_wconf 84' lang='grc' dir='ltr'><strong>β’·</strong></span> <span class='ocrx_word' id='word_1_754' title='bbox 3714 5013 3966 5079; x_wconf 66' lang='grc' dir='ltr'>φυσικῶν</span> 
     </span>
    </p>
   </div>
   <div class='ocr_carea' id='block_1_68' title="bbox 724 5100 2383 5173">
    <p class='ocr_par' dir='ltr' id='par_1_68' title="bbox 724 5101 2383 5173">
     <span class='ocr_line' id='line_1_68' title="bbox 724 5101 2383 5173; baseline 0 -18"><span class='ocrx_word' id='word_1_755' title='bbox 724 5105 1017 5167; x_wconf 80' lang='grc' dir='ltr'>ὲκατοντὰς</span> <span class='ocrx_word' id='word_1_756' title='bbox 1043 5110 1113 5171; x_wconf 80' lang='grc' dir='ltr'><strong>γ’⁸</strong></span> <span class='ocrx_word' id='word_1_757' title='bbox 1145 5105 1238 5155; x_wconf 75' lang='grc' dir='ltr'><strong>καὶ</strong></span> <span class='ocrx_word' id='word_1_758' title='bbox 1280 5105 1445 5173; x_wconf 77' lang='grc' dir='ltr'>ἕτερα</span> <span class='ocrx_word' id='word_1_759' title='bbox 1480 5102 1749 5170; x_wconf 74' lang='grc' dir='ltr'>κεφάλαια</span> <span class='ocrx_word' id='word_1_760' title='bbox 1780 5101 1833 5158; x_wconf 86' lang='grc' dir='ltr'><strong>ι’.</strong></span> <span class='ocrx_word' id='word_1_761' title='bbox 1868 5101 2240 5159; x_wconf 81' lang='lat' dir='ltr'><strong>Gnasticorum</strong></span> <span class='ocrx_word' id='word_1_762' title='bbox 2271 5118 2383 5169; x_wconf 84' lang='lat' dir='ltr'><strong>capt</strong></span> 
     </span>
    </p>
   </div>
   <div class='ocr_carea' id='block_1_69' title="bbox 2305 5100 3964 5173">
    <p class='ocr_par' dir='ltr' id='par_1_69' title="bbox 2305 5100 3964 5169">
     <span class='ocr_line' id='line_1_69' title="bbox 2305 5100 3964 5169; baseline -0.002 -16"><span class='ocrx_word' id='word_1_763' title='bbox 2305 5108 2506 5169; x_wconf 84' lang='lat' dir='ltr'><strong>apitum</strong></span> <span class='ocrx_word' id='word_1_764' title='bbox 2540 5103 2775 5155; x_wconf 86' lang='lat' dir='ltr'><strong>centuria</strong></span> <span class='ocrx_word' id='word_1_765' title='bbox 2817 5103 3014 5167; x_wconf 87' lang='lat' dir='ltr'><strong>prima,</strong></span> <span class='ocrx_word' id='word_1_766' title='bbox 3044 5100 3405 5166; x_wconf 87' lang='lat' dir='ltr'><strong>practicorum</strong></span> <span class='ocrx_word' id='word_1_767' title='bbox 3446 5101 3686 5151; x_wconf 78' lang='lat' dir='ltr'><strong>centuria</strong></span> <span class='ocrx_word' id='word_1_768' title='bbox 3710 5104 3964 5162; x_wconf 75' lang='lat' dir='ltr'><strong>secunda,</strong></span> 
     </span>
    </p>
   </div>
   <div class='ocr_carea' id='block_1_70' title="bbox 725 5184 3963 5260">
    <p class='ocr_par' dir='ltr' id='par_1_70' title="bbox 725 5184 3963 5260">
     <span class='ocr_line' id='line_1_70' title="bbox 725 5184 3963 5260; baseline -0.001 -18"><span class='ocrx_word' id='word_1_769' title='bbox 725 5193 1060 5260; x_wconf 80' lang='lat' dir='ltr'><strong>physicorum</strong></span> <span class='ocrx_word' id='word_1_770' title='bbox 1086 5192 1323 5244; x_wconf 75' lang='lat' dir='ltr'><strong>centuria</strong></span> <span class='ocrx_word' id='word_1_771' title='bbox 1354 5191 1531 5254; x_wconf 77' lang='lat' dir='ltr'><strong>tertia,</strong></span> <span class='ocrx_word' id='word_1_772' title='bbox 1568 5198 1619 5242; x_wconf 87' lang='lat' dir='ltr'><strong>et</strong></span> <span class='ocrx_word' id='word_1_773' title='bbox 1670 5190 1781 5243; x_wconf 85' lang='lat' dir='ltr'><strong>alia</strong></span> <span class='ocrx_word' id='word_1_774' title='bbox 1811 5192 1988 5257; x_wconf 89' lang='lat' dir='ltr'><strong>capita</strong></span> <span class='ocrx_word' id='word_1_775' title='bbox 2020 5190 2215 5243; x_wconf 86' lang='lat' dir='ltr'><strong>decem.</strong></span> <span class='ocrx_word' id='word_1_776' title='bbox 2249 5190 2380 5255; x_wconf 77' lang='lat' dir='ltr'><strong>Qua:</strong></span> <span class='ocrx_word' id='word_1_777' title='bbox 2415 5199 2701 5244; x_wconf 82' lang='lat' dir='ltr'><strong>servantur</strong></span> <span class='ocrx_word' id='word_1_778' title='bbox 2730 5187 2893 5240; x_wconf 88' lang='lat' dir='ltr'><strong>etiam</strong></span> <span class='ocrx_word' id='word_1_779' title='bbox 2926 5188 2978 5238; x_wconf 88' lang='lat' dir='ltr'><strong>in</strong></span> <span class='ocrx_word' id='word_1_780' title='bbox 3017 5185 3304 5240; x_wconf 83' lang='lat' dir='ltr'><strong>Escuriali.</strong></span> <span class='ocrx_word' id='word_1_781' title='bbox 3339 5184 3416 5238; x_wconf 85' lang='lat' dir='ltr'><strong>lla</strong></span> <span class='ocrx_word' id='word_1_782' title='bbox 3447 5186 3611 5238; x_wconf 72' lang='lat' dir='ltr'><strong>Index</strong></span> <span class='ocrx_word' id='word_1_783' title='bbox 3656 5187 3805 5239; x_wconf 88' lang='lat' dir='ltr'><strong>illius</strong></span> <span class='ocrx_word' id='word_1_784' title='bbox 3838 5203 3963 5239; x_wconf 86' lang='lat' dir='ltr'><strong>tua-</strong></span> 
     </span>
    </p>
   </div>
   <div class='ocr_carea' id='block_1_71' title="bbox 729 5278 1070 5348">
    <p class='ocr_par' dir='ltr' id='par_1_71' title="bbox 729 5278 1070 5348">
     <span class='ocr_line' id='line_1_71' title="bbox 729 5278 1070 5348; baseline -0.006 -16"><span class='ocrx_word' id='word_1_785' title='bbox 729 5278 1070 5348; x_wconf 88' lang='lat' dir='ltr'><strong>uuscriptus.</strong></span> 
     </span>
    </p>
   </div>
   <div class='ocr_carea' id='block_1_72' title="bbox 794 5358 3967 5433">
    <p class='ocr_par' dir='ltr' id='par_1_72' title="bbox 794 5358 3967 5433">
     <span class='ocr_line' id='line_1_72' title="bbox 794 5358 3967 5433; baseline -0.003 -13"><span class='ocrx_word' id='word_1_786' title='bbox 794 5364 1157 5420; x_wconf 84' lang='lat' dir='ltr'><strong>Concinnavit</strong></span> <span class='ocrx_word' id='word_1_787' title='bbox 1183 5375 1235 5417; x_wconf 92' lang='lat' dir='ltr'><strong>et</strong></span> <span class='ocrx_word' id='word_1_788' title='bbox 1262 5366 1571 5433; x_wconf 70' lang='lat' dir='ltr'><strong>prooemium</strong></span> <span class='ocrx_word' id='word_1_789' title='bbox 1600 5366 1654 5418; x_wconf 90' lang='lat' dir='ltr'><strong>in</strong></span> <span class='ocrx_word' id='word_1_790' title='bbox 1687 5364 1880 5418; x_wconf 85' lang='lat' dir='ltr'><strong>librum</strong></span> <span class='ocrx_word' id='word_1_791' title='bbox 1919 5366 2221 5418; x_wconf 77' lang='lat' dir='ltr'><strong>divinarum</strong></span> <span class='ocrx_word' id='word_1_792' title='bbox 2248 5363 2465 5415; x_wconf 89' lang='lat' dir='ltr'><strong>laudum</strong></span> <span class='ocrx_word' id='word_1_793' title='bbox 2499 5361 2769 5432; x_wconf 78' lang='lat' dir='ltr'><strong>Symeonis</strong></span> <span class='ocrx_word' id='word_1_794' title='bbox 2801 5358 3005 5412; x_wconf 86' lang='lat' dir='ltr'><strong>abbatis</strong></span> <span class='ocrx_word' id='word_1_795' title='bbox 3038 5358 3335 5413; x_wconf 78' lang='lat' dir='ltr'><strong>Xerocerci.</strong></span> <span class='ocrx_word' id='word_1_796' title='bbox 3362 5359 3423 5413; x_wconf 90' lang='lat' dir='ltr'><strong>P.</strong></span> <span class='ocrx_word' id='word_1_797' title='bbox 3457 5359 3533 5410; x_wconf 86' lang='grc' dir='ltr'>Τὸ</span> <span class='ocrx_word' id='word_1_798' title='bbox 3555 5358 3677 5411; x_wconf 84' lang='grc' dir='ltr'>λίαν</span> <span class='ocrx_word' id='word_1_799' title='bbox 3707 5362 3967 5412; x_wconf 70' lang='grc' dir='ltr'>ἀνατατιο</span> 
     </span>
    </p>
   </div>
   <div class='ocr_carea' id='block_1_73' title="bbox 726 5445 2385 5523">
    <p class='ocr_par' dir='ltr' id='par_1_73' title="bbox 726 5452 2385 5523">
     <span class='ocr_line' id='line_1_73' title="bbox 726 5452 2385 5523; baseline -0.001 -18"><span class='ocrx_word' id='word_1_800' title='bbox 726 5458 820 5506; x_wconf 72' lang='grc' dir='ltr'>κόν</span> <span class='ocrx_word' id='word_1_801' title='bbox 856 5471 915 5505; x_wconf 89' lang='grc' dir='ltr'><strong>τε</strong></span> <span class='ocrx_word' id='word_1_802' title='bbox 948 5453 1042 5504; x_wconf 71' lang='grc' dir='ltr'><strong>καὶ</strong></span> <span class='ocrx_word' id='word_1_803' title='bbox 1087 5452 1395 5521; x_wconf 75' lang='grc' dir='ltr'>διηρμένον,</span> <span class='ocrx_word' id='word_1_804' title='bbox 1424 5454 1555 5507; x_wconf 71' lang='grc' dir='ltr'>αὐτό</span> <span class='ocrx_word' id='word_1_805' title='bbox 1607 5471 1666 5506; x_wconf 86' lang='grc' dir='ltr'><strong>τε</strong></span> <span class='ocrx_word' id='word_1_806' title='bbox 1698 5456 1757 5506; x_wconf 75' lang='grc' dir='ltr'>τὸ</span> <span class='ocrx_word' id='word_1_807' title='bbox 1786 5455 1927 5523; x_wconf 77' lang='grc' dir='ltr'>ὑπὲρ</span> <span class='ocrx_word' id='word_1_808' title='bbox 1956 5453 2224 5523; x_wconf 69' lang='grc' dir='ltr'>αἴσθησιν.</span> <span class='ocrx_word' id='word_1_809' title='bbox 2273 5452 2385 5517; x_wconf 70' lang='lat' dir='ltr'><strong>Qui:</strong></span> 
     </span>
    </p>
   </div>
   <div class='ocr_carea' id='block_1_74' title="bbox 2305 5445 3964 5523">
    <p class='ocr_par' dir='ltr' id='par_1_74' title="bbox 2305 5445 3964 5517">
     <span class='ocr_line' id='line_1_74' title="bbox 2305 5445 3964 5517; baseline -0.004 -12"><span class='ocrx_word' id='word_1_810' title='bbox 2305 5453 2415 5517; x_wconf 65' lang='lat' dir='ltr'><strong>[uin</strong></span> <span class='ocrx_word' id='word_1_811' title='bbox 2463 5451 2623 5504; x_wconf 83' lang='lat' dir='ltr'><strong>etiam</strong></span> <span class='ocrx_word' id='word_1_812' title='bbox 2656 5448 2901 5499; x_wconf 87' lang='lat' dir='ltr'><strong>oratione</strong></span> <span class='ocrx_word' id='word_1_813' title='bbox 2936 5446 3157 5514; x_wconf 82' lang='lat' dir='ltr'><strong>scripta,</strong></span> <span class='ocrx_word' id='word_1_814' title='bbox 3191 5446 3439 5514; x_wconf 88' lang='lat' dir='ltr'><strong>opposita</strong></span> <span class='ocrx_word' id='word_1_815' title='bbox 3474 5445 3651 5498; x_wconf 86' lang='lat' dir='ltr'><strong>cidem</strong></span> <span class='ocrx_word' id='word_1_816' title='bbox 3705 5446 3964 5517; x_wconf 80' lang='lat' dir='ltr'><strong>Symeom</strong></span> 
     </span>
    </p>
   </div>
   <div class='ocr_carea' id='block_1_75' title="bbox 726 5532 3964 5612">
    <p class='ocr_par' dir='ltr' id='par_1_75' title="bbox 726 5532 3964 5612">
     <span class='ocr_line' id='line_1_75' title="bbox 726 5532 3964 5612; baseline -0.002 -22"><span class='ocrx_word' id='word_1_817' title='bbox 726 5541 953 5594; x_wconf 70' lang='lat' dir='ltr'><strong>crimina</strong></span> <span class='ocrx_word' id='word_1_818' title='bbox 989 5541 1207 5594; x_wconf 88' lang='lat' dir='ltr'><strong>abluere</strong></span> <span class='ocrx_word' id='word_1_819' title='bbox 1239 5549 1471 5596; x_wconf 89' lang='lat' dir='ltr'><strong>conatus</strong></span> <span class='ocrx_word' id='word_1_820' title='bbox 1503 5550 1608 5596; x_wconf 89' lang='lat' dir='ltr'><strong>est.</strong></span> <span class='ocrx_word' id='word_1_821' title='bbox 1658 5542 2069 5612; x_wconf 82' lang='lat' dir='ltr'><strong>Oppugnatores</strong></span> <span class='ocrx_word' id='word_1_822' title='bbox 2104 5555 2211 5594; x_wconf 89' lang='lat' dir='ltr'><strong>non</strong></span> <span class='ocrx_word' id='word_1_823' title='bbox 2247 5540 2354 5593; x_wconf 78' lang='lat' dir='ltr'><strong>alio</strong></span> <span class='ocrx_word' id='word_1_824' title='bbox 2383 5551 2546 5607; x_wconf 85' lang='lat' dir='ltr'><strong>quam</strong></span> <span class='ocrx_word' id='word_1_825' title='bbox 2582 5534 3110 5602; x_wconf 79' lang='lat' dir='ltr'><strong>hagiocategororum</strong></span> <span class='ocrx_word' id='word_1_826' title='bbox 3166 5532 3385 5586; x_wconf 88' lang='lat' dir='ltr'><strong>nomine</strong></span> <span class='ocrx_word' id='word_1_827' title='bbox 3430 5546 3781 5600; x_wconf 84' lang='lat' dir='ltr'><strong>nuncupans,</strong></span> <span class='ocrx_word' id='word_1_828' title='bbox 3808 5536 3964 5601; x_wconf 83' lang='lat' dir='ltr'><strong>quasi</strong></span> 
     </span>
    </p>
   </div>
   <div class='ocr_carea' id='block_1_76' title="bbox 797 5711 3964 5787">
    <p class='ocr_par' dir='ltr' id='par_1_76' title="bbox 797 5711 3964 5787">
     <span class='ocr_line' id='line_1_76' title="bbox 797 5711 3964 5787; baseline -0.002 -15"><span class='ocrx_word' id='word_1_829' title='bbox 797 5726 874 5781; x_wconf 45' lang='lat' dir='ltr'><strong>(at</strong></span> <span class='ocrx_word' id='word_1_830' title='bbox 912 5720 1186 5787; x_wconf 81' lang='lat' dir='ltr'><strong>Scriptum</strong></span> <span class='ocrx_word' id='word_1_831' title='bbox 1222 5719 1323 5773; x_wconf 88' lang='lat' dir='ltr'><strong>hoc</strong></span> <span class='ocrx_word' id='word_1_832' title='bbox 1372 5719 1568 5773; x_wconf 69' lang='lat' dir='ltr'><strong>Ninum</strong></span> <span class='ocrx_word' id='word_1_833' title='bbox 1623 5721 1852 5773; x_wconf 64' lang='lat' dir='ltr'><strong>Slclh&#39;tti</strong></span> <span class='ocrx_word' id='word_1_834' title='bbox 1888 5721 2018 5773; x_wconf 74' lang='lat' dir='ltr'><strong>satis</strong></span> <span class='ocrx_word' id='word_1_835' title='bbox 2067 5721 2248 5779; x_wconf 73' lang='lat' dir='ltr'><strong>breve,</strong></span> <span class='ocrx_word' id='word_1_836' title='bbox 2284 5717 2376 5772; x_wconf 82' lang='lat' dir='ltr'><strong>sed</strong></span> <span class='ocrx_word' id='word_1_837' title='bbox 2422 5719 2721 5778; x_wconf 72' lang='lat' dir='ltr'><strong>curiosum,</strong></span> <span class='ocrx_word' id='word_1_838' title='bbox 2749 5714 3019 5769; x_wconf 84' lang='lat' dir='ltr'><strong>edidimus</strong></span> <span class='ocrx_word' id='word_1_839' title='bbox 3044 5728 3142 5768; x_wconf 88' lang='lat' dir='ltr'><strong>uos</strong></span> <span class='ocrx_word' id='word_1_840' title='bbox 3171 5727 3292 5768; x_wconf 89' lang='lat' dir='ltr'><strong>cum</strong></span> <span class='ocrx_word' id='word_1_841' title='bbox 3319 5711 3577 5782; x_wconf 87' lang='lat' dir='ltr'><strong>operibus</strong></span> <span class='ocrx_word' id='word_1_842' title='bbox 3604 5713 3659 5766; x_wconf 87' lang='lat' dir='ltr'><strong>S.</strong></span> <span class='ocrx_word' id='word_1_843' title='bbox 3688 5711 3964 5767; x_wconf 77' lang='lat' dir='ltr'><strong>Theodori</strong></span> 
     </span>
    </p>
   </div>
   <div class='ocr_carea' id='block_1_77' title="bbox 735 5788 2419 5860">
    <p class='ocr_par' dir='ltr' id='par_1_77' title="bbox 735 5788 2419 5860">
     <span class='ocr_line' id='line_1_77' title="bbox 735 5788 2419 5860; baseline -0.004 -15"><span class='ocrx_word' id='word_1_844' title='bbox 735 5790 961 5846; x_wconf 58' lang='lat' dir='ltr'><strong>inedita:</strong></span> <span class='ocrx_word' id='word_1_845' title='bbox 992 5792 1044 5842; x_wconf 89' lang='lat' dir='ltr'><strong>in</strong></span> <span class='ocrx_word' id='word_1_846' title='bbox 1080 5789 1216 5843; x_wconf 79' lang='lat' dir='ltr'><strong>Bibl.</strong></span> <span class='ocrx_word' id='word_1_847' title='bbox 1253 5806 1369 5844; x_wconf 83' lang='lat' dir='ltr'><strong>nov.</strong></span> <span class='ocrx_word' id='word_1_848' title='bbox 1408 5790 1521 5847; x_wconf 78' lang='lat' dir='ltr'><strong>Pl’.</strong></span> <span class='ocrx_word' id='word_1_849' title='bbox 1567 5803 1602 5845; x_wconf 90' lang='lat' dir='ltr'><strong>t.</strong></span> <span class='ocrx_word' id='word_1_850' title='bbox 1654 5792 1717 5858; x_wconf 66' lang='grc' dir='ltr'>ι’,</span> <span class='ocrx_word' id='word_1_851' title='bbox 1751 5801 1889 5860; x_wconf 78' lang='lat' dir='ltr'><strong>putt.</strong></span> <span class='ocrx_word' id='word_1_852' title='bbox 1923 5808 1981 5851; x_wconf 86' lang='lat' dir='ltr'><strong>ll,</strong></span> <span class='ocrx_word' id='word_1_853' title='bbox 2010 5806 2061 5859; x_wconf 88' lang='lat' dir='ltr'><strong>p.</strong></span> <span class='ocrx_word' id='word_1_854' title='bbox 2099 5790 2218 5843; x_wconf 76' lang='grc'><strong>118.</strong></span> <span class='ocrx_word' id='word_1_855' title='bbox 2253 5791 2316 5843; x_wconf 81' lang='grc' dir='ltr'><strong>Α.</strong></span> <span class='ocrx_word' id='word_1_856' title='bbox 2353 5788 2419 5840; x_wconf 79' lang='grc' dir='ltr'><strong>Μ.</strong></span> 
     </span>
    </p>
   </div>
  </div>
