4202 6450
250 471 356 533 διο

1660 465 2049 525 MONITUM.

3400 454 3506 515 850

245 591 339 658 qui
372 587 694 657 Symeonem
733 586 1098 653 ineursareut,
1129 588 1475 643 sanctitatem
1514 590 1685 659 ipsam
1710 590 1841 644 crim

1929 596 2153 644 urentur.
2193 590 2248 642 In
2278 588 2466 642 eodem
2484 582 2757 640 Prommio
2788 597 2802 635 :
2830 579 3083 634 Πιπτέτω
3107 578 3303 680 φθόνος
3330 581 3357 630 ὁ

247 676 436 737 καλοῖς
482 673 749 742 νεμεσῶν,
785 677 877 728 καὶ
907 674 1206 741 ὑμνείσϐω,
1261 676 1352 727 καὶ
1384 676 1741 747 εὖφημείσθω
1791 678 1819 728 ὁ
1861 673 2049 743 ὓμνων
2096 678 2189 728 καὶ
2228 672 2521 742 ἐγκωμίων
2571 668 2840 723 παντοίων
2877 668 3026 733 ἄξιος
3065 665 3316 734 Συμεὼν,
3356 663 3500 717 καθὰ

248 763 345 818 καὶ
377 764 435 814 ἔν
469 762 545 829 τῷ
580 762 1065 833 ’Λγιοκατηγόρων
1098 764 1242 833 λόγῳ
1270 764 1409 833 μετά
1434 767 1683 836 χρήσεων
1716 762 1841 853 ίεριῖι

1929 762 2241 833 τλατύτερον
2270 758 2587 831 ὲξεϐἐμεθα.
2612 757 2777 809 Abeat
2806 754 3121 818 invidentia,
3150 770 3267 823 qua:
3292 770 3499 822 semper

246 852 406 904 bonos
441 850 575 903 odit.
616 849 910 915 Laudatur,
951 861 1002 905 et
1029 853 1159 905 satis
1192 852 1387 921 faustis
1422 854 1631 906 vocibus
1666 852 1979 912 extollatur,
2009 851 2098 918 qui
2143 848 2387 902 laudibus
2430 857 2479 901 ct
2534 846 2820 943 onmigertis
2848 844 3125 943 .‘encomiins
3180 844 3368 943 dignus
3422 854 3500 942 est

249 938 490 997 Simean.
527 939 974 1007 quemadmodum
1026 941 1082 993 in
1114 941 1351 994 oratione
1384 942 1635 995 adversus
1684 940 2161 1008 Hagiocategoros,
2197 947 2501 991 sanctorum
2550 932 2956 990 auctoritatibus
3001 932 3271 998 adductis,
3327 932 3499 1000 fusius

244 1028 652 1091 explicavimus.

320 1112 376 1166 In
416 1115 660 1168 Palatina
694 1113 1023 1168 bibliotheca
1058 1122 1181 1167 est:
1215 1114 1429 1183 Νικήτα
1460 1116 1732 1186 Στηθάτου
1756 1134 1841 1169 και

1929 1133 1938 1166 ι
1966 1118 2047 1178 είς
2077 1116 2167 1169 τὸν
2193 1116 2367 1185 μέγαν
2391 1114 2653 1184 ίεράρχην
2697 1113 2987 1167 Νικόλαον.
3029 1112 3234 1165 Νἰςειω
3268 1108 3498 1165 Stethati

246 1216 416 1253 canon
442 1201 497 1254 iu
529 1218 779 1270 magnum
833 1200 1162 1255 hierarcham
1194 1199 1504 1255 Nicolaum.
1538 1203 1841 1262 Acroaticbi

1929 1213 2009 1258 est
2052 1218 2066 1255 :
2103 1203 2293 1272 Στιφω
2330 1218 2413 1267 σε,
2448 1200 2702 1266 Νικολαε,
2734 1199 2980 1270 Νικήτας
3024 1196 3236 1268 ὕμνοις.
3280 1194 3339 1249 Ρ.
3392 1194 3500 1264 Σή-

252 1306 420 1357 μερον
450 1290 478 1341 ὁ
506 1289 719 1359 λύχνος.

260 1467 3479 1509 ww

1541 1651 2219 1768 MONITUM

814 1894 915 1952 AD
949 1891 1243 1952 NICETE
1284 1891 1623 1951 CAPITUM
1666 1892 2205 1954 PRACTICORUM
2240 1893 2674 1953 CENTURIAS
2700 1893 2922 1953 TRES.

650 2065 838 2112 (ιιι-,κω
872 2064 917 2110 in
951 2061 1074 2111 libro
1097 2062 1347 2110 rarissimo
1375 2060 1453 2109 cui
1479 2061 1650 2110 titulus
1677 2062 1841 2109 :tbilm

1929 2064 1973 2109 ῐα
1992 2061 2085 2108 τῶν
2116 2061 2251 2123 ίερῶν
2264 2061 2533 2116 Νηπτικῶν.
2568 2058 2795 2109 Venetiis
2828 2063 3073 2123 17821³01.)

324 2383 572 2452 Νικήτας
602 2384 630 2435 ὁ
664 2384 959 2447 ὁσιώτατος
1001 2386 1371 2458 πρεσϐύτερος
1426 2386 1529 2456 τῆς
1570 2384 1830 2439 Στουδίων

2001 2385 2253 2453 Nicetas,
2334 2388 2718 2445 sanctissimus
2776 2390 3117 2447 Studitarum
3184 2398 3500 2452 monasterii

253 2475 447 2543 μονῆς.
481 2476 509 2526 ὀ
558 2476 651 2528 καὶ
696 2476 970 2544 Στηθᾶτος
1020 2480 1471 2550 ἐπικαλούμενος,
1516 2474 1584 2549 ἦν
1623 2482 1680 2533 ἐν
1717 2478 1831 2532 ἔτει

248 2564 360 2617 ἀπὸ
385 2564 624 2633 Χριστοῦ
674 2567 926 2636 χιλιοστῷ
952 2571 1282 2640 τριακοστῷ,
1326 2572 1571 2641 μαθητὴς
1609 2586 1832 2641 χρημα-

242 2656 403 2719 τίσας
429 2657 654 2727 Συμεὼν
681 2659 775 2713 τοῦ
796 2660 916 2712 νέου
945 2660 1206 2730 Θεολόγου
1232 2663 1640 2735 ὀγνησιώτατος
1663 2678 1675 2692 °
1696 2665 1833 2732 παρ’

251 2744 314 2804 οὗ
347 2750 519 2803 πολλὰ
574 2751 675 2820 μὲν
766 2753 985 2824 ἐμυήθη
1035 2755 1135 2824 τῆς
1187 2756 1565 2824 πνευματικῆς
1618 2756 1834 2824 φιλοσο-

252 2843 387 2909 φίας
460 2843 814 2914 μυστηριώδη
871 2844 1194 2915 μαθήματα,
1268 2846 1363 2899 καὶ
1428 2846 1681 2900 τοσοῦτον
1738 2845 1837 2908 τὰς

254 2932 468 2985 ἐκείνου
504 2934 815 3003 ἀνεμάξατο
844 2937 1067 3003 ἀρετὰς,
1100 2938 1175 3001 ὡς
1224 2938 1381 2992 ἄλλον
1426 2937 1667 3009 ἀτεχνῶς
1728 2938 1837 2991 δεί-

253 3023 605 3077 κνυσθαιτοῦ
636 3024 958 3079 διδασκάλου
1004 3028 1288 3098 παρήλιον,
1330 3030 1479 3095 ὅλας,
1524 3028 1600 3093 ὡς
1640 3031 1836 3092 εἰπεῖν,

254 3115 555 3179 αὐγοειδεῖς
588 3116 1019 3183 ἀντανακλάσεις
1050 3119 1160 3173 τῶν
1222 3121 1432 3175 ἐκείνου
1483 3120 1838 3192 χαρισμάτων

255 3206 350 3256 καὶ
376 3205 728 3275 διδαγμάτων
767 3209 826 3261 ὲν
875 3212 942 3281 τῇ
1001 3211 1147 3281 ψυχῇ
1197 3211 1361 3265 αὑτοῦ
1419 3212 1833 3283 διαλάμποντα·

257 3295 391 3366 παρ’
416 3297 612 3350 ἑαυτοῦ
638 3299 697 3351 δὲ
728 3300 909 3364 πόνοις
935 3302 1190 3373 ἀτρύτοις
1236 3306 1355 3367 ταῖς
1387 3304 1561 3367 θείαις
1618 3305 1840 3374 ἐμφιλο-

257 3392 506 3460 σοιρήσας
540 3394 805 3464 Γραφαίς,
846 3395 1143 3465 πάμπολλα
1174 3397 1270 3449 καὶ⁵
1295 3396 1556 3450 κάλλιστα
1594 3398 1838 3465 νοήματα

258 3483 674 3551 συλλεξάμενος.
702 3487 922 3539 Ἐστιδ’
974 3487 1010 3541 ἃ
1065 3488 1161 3540 καὶ
1198 3490 1386 3560 πείρᾳ,
1443 3492 1535 3541 καὶ
1587 3488 1841 3561 μακαρίῳ

258 3574 447 3635 πάθει,
476 3575 729 3644 μὴμόνον
766 3576 977 3645 μαθὼν,
1012 3578 1149 3630 ἀλλὰ
1184 3581 1277 3632 καὶ
1316 3579 1529 3643 παθὼν,
1556 3581 1652 3632 καὶ
1678 3580 1840 3633 οἱονεὶ

256 3666 540 3735 ἐγκύμονα
581 3668 743 3720 Θείων
764 3670 857 3721 καὶ
884 3670 1184 3739 ὑπερφυῶν
1214 3672 1435 3724 ἐννοιῶν
1487 3673 1587 3743 τὴν
1647 3646 1900 3725 ἑαυτοῦΒ

255 3755 497 3807 διάνοιαν
540 3757 603 3807 ἐκ
619 3757 826 3811 τούτων
857 3759 1115 3812 ἀπάντων
1140 3762 1597 3833 ἀπεργασάμενος
1626 3779 1639 3792 ·
1664 3763 1843 3833 ὑψηλὰ

256 3849 349 3898 καὶ
375 3846 667 3914 σοφώτατα
697 3851 989 3919 πονήματα
1017 3853 1355 3923 ἀπεκύησεν,
1382 3857 1458 3919 ὡς
1516 3856 1689 3920 ἔξεστι
1724 3857 1844 3928 κρί-

253 3956 369 3990 νειν
397 3941 510 4001 τοῖς
547 3938 916 4010 βουλομένοις,
975 3946 1039 3997 ὲκ
1088 3944 1197 3998 τῶν
1242 3949 1619 4017 προκειμένων
1673 3948 1843 4019 τριῶν

252 4027 630 4082 ὲκατοντάόων
696 4031 882 4084 αὐτοῦ.
923 4034 1021 4096 Ἀς
1055 4033 1259 4104 ἀκριϐῆ
1302 4036 1501 4089 κανόνα
1544 4036 1641 4107 τῆς
1700 4054 1843 4107 πρα-

251 4118 452 4181 κτικῆς
510 4119 602 4169 καὶ
646 4119 899 4186 γνώσεως
965 4122 1242 4185 ἀπλανοῦς
1286 4125 1529 4196 ὀδηγίαν,
1583 4126 1679 4179 καὶ
1727 4126 1841 4197 βίου

251 4206 657 4261 Θεοειδεστάτου
686 4211 984 4275 τελείωσιν,
1014 4215 1109 4265 καὶ
1139 4215 1373 4279 συνόλως
1391 4217 1587 4283 εἰπεῖν,
1620 4221 1842 4289 ταμεῖον

252 4297 665 4351 πλουσιώτατον
726 4301 824 4371 τῆς
870 4303 1070 4374 ὴοικῆς
1140 4305 1236 4357 καὶ
1277 4306 1645 4379 ἀλληγορικῆς
1702 4309 1843 4375 ἰδέας

250 4384 425 4435 εἰπών
458 4402 563 4446 τις,
599 4386 819 4442 ἃπασαν
847 4391 965 4460 ἐρεῖ
990 4390 1090 4459 τὴν
1119 4391 1403 4462 ἀλήθειαν.
1445 4394 1533 4458 Ὠς
1584 4397 1682 4465 μὲν
1734 4397 1841 4469 γάρ

250 4476 391 4527 εἰσιν
416 4474 620 4544 ὑψηλαὶ
654 4480 766 4540 τοῖς
822 4481 1109 4550 νοήμασιν,
1152 4483 1226 4547 ὡς
1259 4485 1315 4537 δὲ
1357 4486 1727 4557 μεγαλήγοροι
1773 4492 1840 4561 τῇ

254 4565 583 4637 καλλιεπείᾳ
608 4568 706 4637 τῆς
753 4571 1029 4640 φράσεως,
1052 4572 1193 4627 ὥστε
1218 4575 1421 4647 ἄπορον
1438 4575 1599 4644 εἶναι,
1616 4581 1844 4652 πότερον

247 4658 335 4711 διὰ
385 4659 478 4711 τὸν
510 4660 567 4711 ἐν
596 4661 782 4724 αύταῖς
813 4664 1131 4732 ἐγκείμενον
1182 4668 1331 4729 νοῦν,
1372 4670 1403 4739 ἢ
1436 4670 1522 4724 διὰ
1545 4671 1604 4724 τὸ
1634 4672 1841 4743 κομψὸν

246 4750 359 4801 τῶν
409 4748 629 4814 λέξεων,
678 4754 949 4825 τοσαύτην
994 4760 1151 4828 χάριν
1200 4762 1487 4830 ἐγχεῖσθαι
1549 4767 1667 4828 ταῖς
1728 4765 1838 4821 τῶν

248 4840 737 4909 ἀναγινωσκόντων
765 4846 975 4917 ψυχαῖς.

1930 2479 2240 2550 presbyter,
2272 2489 2503 2535 vocatus
2532 2481 2694 2535 etiam
2726 2479 3069 2546 Peetoratus,
3104 2484 3319 2539 vivebat
3355 2501 3501 2541 anno

1930 2577 2056 2638 post
2082 2568 2363 2625 Christum
2396 2570 2691 2627 millesimo
2738 2575 3037 2642 tricesimo,
3064 2576 3369 2633 lidelissimi
3404 2595 3505 2632 nu-

1930 2674 2055 2713 uien
2119 2658 2224 2715 sibi
2280 2659 2571 2715 vindicans
2616 2663 2874 2734 discipuli
2932 2666 3211 2723 Simeonis
3256 2668 3501 2724 Junioris

1931 2749 2195 2820 theologi.
2267 2750 2425 2820 Apud
2470 2768 2631 2822 quem
2690 2756 2858 2809 multa
2906 2756 3130 2813 edidicit
3175 2758 3374 2815 divina:
3416 2776 3505 2816 su-

1928 2840 2130 2910 pienta:
2164 2842 2449 2911 mysteria,
2489 2850 2544 2898 et
2574 2844 2646 2898 ita
2676 2846 2948 2915 expressit
2993 2849 3113 2918 ejus
3145 2850 3398 2914 virtutes,
3442 2862 3504 2905 ut

1934 2931 2169 2985 alterum
2208 2949 2335 2987 vere
2375 2934 2655 2990 videretur
2687 2939 2934 3007 magistri
2984 2941 3253 3010 pareliou,
3287 2956 3502 3006 omnes,

1932 3029 1993 3075 ut
2034 3021 2111 3076 ita
2167 3022 2365 3090 dicam,
2397 3023 2613 3081 lucidos
2669 3029 2969 3098 gratiarum
3017 3042 3072 3087 et
3124 3033 3504 3090 doctrinarum

1930 3109 2050 3179 ejus
2082 3111 2137 3165 in
2172 3127 2272 3167 sua
2311 3122 2496 3168 mente
2526 3113 2713 3170 radios
2736 3116 3041 3175 reﬂectens.
3077 3118 3157 3175 Ex
3185 3123 3368 3192 seipso
3404 3138 3506 3177 au-

1931 3212 2038 3257 tem
2089 3204 2369 3260 continuis
2410 3207 2689 3265 laboribus
2720 3225 2908 3265 sacras
2952 3214 3232 3281 sapienter
3269 3214 3503 3270 ed0ctus

1930 3295 2270 3365 Scripturas,
2305 3301 2507 3355 multas
2537 3302 2887 3373 optimasque
2932 3305 3234 3362 sententias
3260 3307 3499 3378 collegit.

1930 3387 2071 3442 Sunt
2115 3400 2169 3442 et
2218 3405 2339 3458 quae
2388 3392 2724 3459 experientia
2756 3402 2811 3447 et
2859 3393 3001 3448 felici
3034 3397 3357 3461 tentamine,
3392 3413 3500 3452 non

1930 3480 2109 3534 solum
2147 3481 2357 3544 didicit,
2393 3484 2489 3536 sed
2529 3493 2582 3537 et
2608 3486 2811 3549 sensit,
2844 3495 2900 3540 et
2927 3487 3083 3555 quasi
3120 3487 3281 3542 letam
3303 3489 3502 3545 divinis

1930 3575 2558 3643 supernaturalibusque
2591 3576 3017 3646 cogitationibus
3061 3588 3297 3635 mentem
3345 3598 3498 3637 suam

1929 3680 1996 3719 ex
2034 3665 2118 3718 bis
2159 3666 2419 3721 omnibus
2448 3666 2651 3721 eﬂecit.
2678 3669 2800 3723 Alta
2829 3680 2883 3723 et
2917 3671 3325 3741 sapientissima
3369 3689 3503 3729 cou-

1928 3757 2071 3824 cepit
2103 3770 2296 3825 opera,
2349 3766 2408 3811 ut
2437 3758 2672 3828 quisque
2718 3759 2971 3828 judicare
3000 3771 3178 3831 potest
3210 3779 3275 3817 ex
3328 3766 3502 3819 tribus

1928 3846 2195 3902 centuriis
2232 3850 2612 3918 sequentibus.
2641 3850 2789 3917 Quas
2822 3862 3027 3908 certam
3072 3870 3192 3911 esse
3225 3860 3501 3926 practices

1928 3939 2197 4006 regulam,
2232 3939 2540 3997 infallibilis
2564 3941 2830 3999 doctrinae
2866 3945 3058 4001 ducem
3101 3958 3155 4001 et
3191 3950 3316 4003 vitae
3358 3949 3500 4003 divi-

1928 4030 2176 4084 nissimte
2238 4030 2673 4101 perfectionem,
2742 4050 2851 4090 uno
2914 4035 3101 4098 verbo,
3167 4038 3498 4094 ditissimum

1930 4122 2176 4175 scientiae
2209 4123 2436 4179 moralis
2465 4132 2519 4179 et
2550 4126 2793 4196 mystica)
2822 4130 3184 4197 repertorium
3215 4132 3306 4201 qui
3342 4131 3497 4186 dixe-

1927 4212 2022 4274 rit,
2054 4227 2270 4268 onmem
2305 4224 2514 4271 asseret
2546 4218 2855 4273 veritatem.
2890 4218 3101 4274 Etenim
3140 4232 3267 4276 sunt
3301 4224 3499 4291 partim

1927 4303 2080 4356 elata:
2124 4305 2434 4371 sententiis,
2482 4306 2679 4376 partim
2724 4308 2924 4379 eloquii
2961 4309 3237 4381 leporibus
3278 4315 3499 4383 praecel-

1928 4394 2047 4450 lunt
2079 4412 2093 4453 :
2128 4396 2201 4450 ita
2234 4407 2293 4451 ut
2316 4397 2537 4453 dubites
2568 4408 2750 4453 utrum
2776 4399 2959 4457 infusa
2998 4403 3053 4457 in
3086 4404 3194 4459 illis
3221 4406 3496 4469 doctrina,

1925 4500 1993 4541 an
2051 4487 2344 4542 verborum
2394 4488 2762 4544 concinnitate
2799 4498 3005 4547 tantam
3045 4493 3102 4548 in
3147 4495 3347 4552 animis
3384 4495 3495 4551 ieeo

1927 4587 2109 4635 torum
2136 4580 2556 4638 delectationem
2588 4581 2898 4638 infundant.
