4202 6450
262 413 371 474 853

1150 413 1715 479 PRACTICOBUM
1742 410 2079 473 CAPITUM
2109 410 2505 473 CENTURIA
2540 408 2592 471 Ι.

3406 409 3511 472 854

259 559 378 608 σου,
406 542 508 595 οὐκ
558 537 770 611 ἔκρυψα
816 539 875 591 ἐν
928 538 991 608 τῇ
1046 535 1243 605 καρδία
1281 550 1404 604 μου,
1433 532 1530 602 τὴν
1577 526 1867 596 ἀλήθειάν,

1960 524 2067 578 lixi.
2106 522 2220 581 Non
2251 523 2512 581 abscondi
2551 521 2982 579 misericordiam
3030 530 3179 577 tuam
3217 536 3247 576 a
3277 524 3512 576 concilio

260 649 357 686 σου
396 630 491 684 καὶ
516 629 577 683 τὸ
609 628 876 700 σωτήριόν
912 644 1004 682 σου
1033 620 1197 679 sinas
1242 624 1341 678 οὐκ
1369 620 1581 692 ἔκρυψα
1607 619 1665 672 τὸ
1689 616 1835 680 ’ἐλεὸς

258 741 358 778 σου
419 724 513 777 καὶ
562 722 661 792 τὴν
711 720 972 793 ἀλήθειάν
1025 736 1121 771 σου
1171 716 1279 771 ἀπὸ
1332 711 1654 783 συναγωγῆς
1712 708 1838 762 πολ-

258 815 423 886 λῆς.)

336 915 401 987 β’.
446 918 615 988 Ἀρχὴ
660 915 755 970 τοῦ
780 914 921 970 κατά
950 914 1083 967 Θεὸν
1115 912 1254 984 βίου,
1288 913 1321 983 ὴ
1354 910 1581 965 καθόλου
1613 909 1707 963 τοῦ
1753 910 1841 963 κό-

266 1028 403 1081 σμου
434 1012 599 1080 φυγή.
636 1008 785 1079 Αὕτη
829 1007 885 1061 δέ
913 1007 1061 1060 ἐστιν
1119 1007 1153 1076 ὴ
1190 1004 1298 1058 τῶν
1323 1003 1643 1073 θελημάτων
1675 1002 1842 1073 άρνη-

266 1119 349 1165 at;
382 1101 480 1170 τῆς
515 1101 717 1170 ψυχῆς,
747 1098 842 1152 καὶ
871 1099 964 1152 τοῦ
994 1096 1185 1168 χοϊκοῦ
1235 1096 1581 1165 φρονήματος
1608 1094 1641 1162 ἡ
1680 1094 1843 1162 μετὰ-

266 1194 449 1255 θεσις·
498 1193 567 1245 δι’
610 1186 678 1262 ἧς
728 1190 822 1244 ἐπὶ
868 1190 927 1243 τὸ
954 1188 1097 1242 θεῖον
1143 1187 1531 1257 άνατρέχοντες
1564 1184 1842 1255 φρόνημα,

272 1285 633 1355 πνευματικοὶ
681 1286 744 1336 ἐκ
804 1280 1081 1352 σαρκικῶν
1135 1278 1440 1350 γινόμεθα,
1495 1275 1844 1347 νεκρούμενοι

271 1376 371 1445 μὲν
400 1378 466 1447 τῇ
516 1375 681 1447 σαρκὶ
723 1375 817 1428 καὶ
862 1373 940 1445 τῷ
970 1373 1181 1443 κόσμῳ,
1220 1367 1644 1440 ζωοποιούμενοι
1684 1366 1742 1421 δὲ
1777 1370 1841 1437 τῇ

261 1468 432 1539 ψυχῇ,
466 1468 523 1520 ἐν
553 1466 774 1537 Χριστῷ
803 1466 897 1519 καὶ
937 1465 1015 1536 τῷ
1040 1462 1335 1532 Πνεύματι.

344 1560 416 1627 γ’.
467 1558 605 1623 Δόξα
640 1557 818 1628 ψυχῆς
865 1554 996 1625 περὶ
1031 1553 1166 1606 Θεοῦ
1216 1549 1474 1620 ἀψευδὴς,
1523 1550 1620 1605 καὶ
1666 1549 1847 1611 πίστις

270 1649 574 1712 ἐνδιάθετος
636 1650 694 1702 ἐν
755 1644 1159 1716 καταφρονήσει
1212 1642 1322 1695 τῶν
1383 1639 1699 1713 ὁρωμένων,
1756 1640 1847 1692 καὶ

273 1741 474 1810 πρᾶξις
516 1742 717 1811 ἀρετῆς
758 1738 1046 1809 φιλαυτίας
1104 1737 1283 1807 πάσης
1316 1731 1718 1804 κεχωρισμένη,
1760 1730 1848 1783 ἐν·

1931 617 2102 668 tnulto
2127 616 2166 671 ¹.
2213 635 2230 667 ι

2005 904 2059 957 2.
2111 903 2334 958 Initium
2371 904 2493 958 vitae
2527 902 2728 959 divinae
2771 910 2856 958 est
2897 905 3065 960 totius
3118 905 3300 959 mundi
3364 906 3509 971 fuga.

1936 996 2065 1052 "me
2116 1007 2298 1051 autem
2340 1005 2427 1051 est
2473 997 2763 1068 abnegatio
2808 998 3150 1053 voluntatum
3193 1000 3405 1061 animae,
3462 1007 3516 1051 et

1938 1091 2142 1144 terreni
2176 1090 2407 1159 spiritus
2448 1092 2777 1159 immutatio,
2823 1108 2919 1161 per
2957 1107 3122 1161 quam
3166 1094 3219 1145 in
3266 1092 3510 1144 divinum

1939 1181 2205 1252 Spiritum
2232 1183 2537 1244 avolantes,
2566 1183 2883 1251 spirituales
2932 1199 2999 1237 ex
3032 1184 3344 1238 carnalibus
3379 1199 3511 1237 eva-

1939 1273 2148 1336 dimus,
2194 1272 2491 1329 morientes
2536 1275 2685 1327 carni
2716 1284 2770 1328 et
2802 1274 3025 1340 mundo,
3054 1276 3301 1329 viventes
3331 1286 3512 1331 autem

1941 1364 2157 1428 animat,
2196 1362 2249 1417 in
2278 1362 2502 1419 Christo
2530 1373 2586 1420 et
2615 1364 2824 1435 Spiritu
2858 1375 3069 1422 saneto.

2010 1548 2064 1601 ὅ.
2102 1547 2287 1602 Gloria
2327 1549 2522 1602 animae
2558 1549 2622 1603 de
2653 1547 2765 1603 Deo
2798 1563 2906 1603 non
2938 1549 3084 1610 ticta,
3120 1548 3254 1603 tides
3301 1549 3517 1602 sincera

1944 1643 1997 1695 in
2029 1650 2350 1711 contemptu
2379 1642 2704 1708 visibilium,
2731 1649 2784 1698 et
2811 1644 2998 1713 praxis
3035 1642 3256 1697 virtutis
3280 1641 3346 1695 ab
3366 1638 3518 1696 omni

1943 1751 2132 1791 amore
2160 1737 2380 1806 proprio
2405 1738 2802 1806 segregatadtie
2834 1744 2918 1791 est
2942 1736 3137 1804 triplex
3165 1750 3194 1788 a
3223 1734 3520 1790 Salomone

270 1850 474 1903 ⁴τριτον.
522 1831 663 1886 κατὰ
699 1831 789 1885 τὸν
844 1826 1186 1899 Σολομῶντά,
1241 1825 1536 1895 σπαρτίον·
1580 1822 1609 1876 δ
1640 1823 1849 1893 ταχέως

1965 1828 2204 1883 audatus
2241 1827 2546 1893 funiculus,
2578 1829 2671 1898 qui
2708 1829 2922 1885 (liﬂicile
2965 1828 3243 1900 rumpitur
3293 1842 3325 1882 a
3364 1825 3525 1881 mali-

273 1926 335 1978 οὐ
410 1925 709 1996 ῥαγήσεται
762 1920 914 1992 παρὰ
975 1918 1086 1972 τῶν
1143 1917 1469 1986 πνευμάτων
1520 1915 1617 1986 τῆς
1680 1929 1849 1984 πονη-

1960 1920 2065 1991 guis
2100 1920 2406 1992 spiritibus.

277 2014 420 2085 ρεας.

347 2114 409 2165 δ’.
450 2113 638 2164 Πίστει
686 2109 784 2173 τὰς
834 2109 1067 2180 ἀμοιϐάς
1104 2105 1395 2177 ἐλπίζομεν
1434 2103 1541 2157 τῶν
1592 2100 1855 2173 καμάτων

278 2203 613 2269 ἀπολαϐεῖν,
660 2204 743 2256 διὸ
794 2204 889 2256 καὶ
937 2202 1174 2273 φέρομεν
1224 2198 1350 2261 τοὺς
1404 2197 1601 2260 πόνους
1654 2196 1852 2267 ῥᾳδίως

280 2300 393 2354 τῶν
445 2300 674 2370 ἀρετῶν.
741 2296 877 2351 Ὑπὸ
931 2295 989 2349 δὲ
1055 2294 1149 2349 τοῦ
1213 2292 1358 2346 θείου
1410 2288 1856 2360 πληροφορούμε-

284 2408 363 2445 νοι
434 2390 798 2461 ῐινεύματος,
876 2390 943 2459 τῇ
1032 2386 1225 2458 ἀγάπῃ
1292 2380 1641 2453 πτερούμεθα
1720 2378 1856 2451 πρὸς

280 2484 436 2539 Θεόν.

354 2583 417 2629 ε’.
452 2575 564 2644 Ούχ
604 2573 733 2627 ὅταν
764 2570 869 2624 ὑπὸ
896 2568 1174 2639 λογισμῶν
1224 2565 1591 2637 ἐνοχλούμεθα
1616 2562 1860 2635 ἀκαθάρ-

283 2685 417 2731 των,
456 2666 556 2736 ἤδη
591 2666 685 2719 καὶ
717 2664 816 2731 τῆς
845 2662 953 2716 τῶν
987 2660 1369 2731 ἐνεργούντων·
1397 2658 1465 2712 τά
1491 2655 1671 2725 φαῦλα
1711 2655 1865 2727 μερί-

285 2759 376 2822 δος
404 2757 671 2826 γινόμεθα
689 2773 702 2786 ·
735 2755 851 2809 ἀλλ’
880 2754 1006 2808 ὅταν
1031 2751 1127 2806 τοῦ
1155 2752 1312 2804 τόνου
1342 2750 1543 2820 ἐαυτῆς
1593 2746 1866 2818 ὑποχαλὰ-

290 2861 434 2898 σασα
472 2845 504 2912 ὴ
542 2841 711 2913 ψυχὴ,
759 2843 852 2895 καὶ
897 2843 922 2895 ό
948 2840 1094 2906 νοῦς,
1142 2839 1200 2907 ἐξ
1232 2837 1586 2909 ἠμελημένης
1616 2836 1710 2891 καὶ
1739 2836 1868 2889 ἀκο-

288 2937 491 2989 λάστου
524 2935 757 3004 διαίτης,
792 2932 1041 2995 θολώδεις
1066 2930 1177 2996 ἕξει
1207 2931 1302 2983 καὶ
1330 2929 1577 2990 σκιῶδεις
1609 2928 1708 2991 τὰς
1738 2943 1870 2992 φαν-

288 3029 506 3090 τασίας,
537 3027 628 3081 καὶ
677 3027 725 3079 oi
781 3027 934 3080 πόνοι
984 3023 1085 3095 τῆς
1134 3022 1337 3095 ἀρετῆς
1382 3023 1437 3074 ἐν
1482 3020 1722 3093 ῥαθυμίᾳ
1767 3018 1868 3087 τῆς

292 3122 530 3191 μελέτης
570 3119 665 3173 καὶ
699 3118 1008 3189 προσευχῆς
1049 3116 1390 3183 ἐπιλείψωσι.
1421 3111 1737 3182 Τηνικαῦτα
1773 3111 1869 3163 καὶ

2017 2101 2073 2156 4.
2113 2099 2247 2155 Fide
2278 2100 2589 2155 mercedem
2621 2100 2871 2156 laborum
2910 2102 3070 2157 nobis
3118 2101 3524 2157 retribnendam

1956 2202 2273 2259 speramus,
2308 2187 2545 2261 ideoque
2577 2189 2794 2243 labores
2840 2189 3101 2243 virtutum
3152 2188 3313 2244 facile
3364 2189 3514 2244 suile

1948 2281 2148 2334 rimns.
2202 2278 2429 2335 Fiducia
2478 2288 2657 2334 autem
2706 2294 2735 2333 a
2784 2279 2991 2350 Spiritu
3044 2291 3237 2336 sancto
3315 2281 3529 2352 repleti,

1945 2370 2214 2428 charitate
2243 2372 2494 2428 volamus
2525 2372 2593 2428 ad
2623 2370 2816 2428 Deum.

2021 2574 2076 2630 5.
2105 2574 2226 2630 Non
2260 2574 2482 2645 quando
2518 2560 2947 2645 cogitationibus
2994 2571 3381 2643 perturbamur
3424 2572 3529 2623 im-

1949 2666 2129 2738 puris,
2158 2667 2273 2735 jam
2316 2667 2461 2721 inter
2508 2666 2775 2721 facientes
2800 2665 2940 2720 mala
2977 2674 3186 2735 partem
3240 2665 3529 2725 habemus.

1956 2760 2052 2814 sed
2081 2760 2304 2829 quando
2338 2760 2405 2813 de
2436 2759 2670 2828 pristina
2708 2759 2911 2814 virtute
2942 2758 3203 2813 deficiens
3249 2758 3430 2813 anima
3482 2767 3536 2813 ct.

1955 2851 2185 2919 spiritus
2211 2892 2226 2917 ,
2257 2859 2483 2921 propter
2514 2851 2846 2905 indolentem
2877 2851 3309 2918 dissolutamque
3344 2852 3533 2915 vitam,

1954 2958 2212 2998 caenosas
2238 2943 2459 2997 habebit
2479 2952 2530 2997 et
2557 2942 2893 3012 ealiginosas
2925 2943 3215 3012 imagines.
3234 2951 3289 2999 et
3316 2943 3536 2998 labores

1958 3033 2181 3088 virtutis
2233 3033 2288 3087 in
2346 3033 2686 3104 negligentia
2743 3033 3119 3091 meditationis
3169 3042 3225 3089 et
3271 3035 3536 3091 orationis

1956 3127 2276 3183 cessabunt.
2310 3126 2491 3191 Tunc.
2527 3127 2659 3182 licet
2705 3142 2872 3196 opera
2924 3142 3033 3182 non
3074 3127 3341 3184 facientes
3373 3128 3535 3191 mala,

293 3212 371 3281 μὴ
431 3208 781 3278 ἐνεργοῦντες
846 3208 916 3261 τά
974 3206 1188 3276 φαῦλα,
1261 3206 1319 3257 ἐν
1386 3206 1453 3274 τῇ
1534 3201 1690 3273 χώρᾳ
1759 3201 1867 3256 τῶν

1960 3220 2010 3275 in
2068 3236 2260 3275 eorum
2314 3236 2546 3276 numero
2595 3221 2689 3293 qui
2736 3222 2793 3277 in
2844 3222 3218 3293 voluptatibus
3276 3222 3423 3278 ultro
3479 3238 3539 3277 se

289 3305 349 3354 ἐν
413 3303 538 3364 ταῖς
612 3300 828 3369 ἡδοναῖς
882 3296 1145 3360 ἑκουσίως
1223 3293 1611 3365 ίλυσπωμένων
1679 3294 1872 3348 ταττό-

292 3394 457 3464 μεθα.

365 3492 440 3549 ς’.
473 3482 760 3536 Λυθέντων
802 3481 859 3534 δὲ
903 3479 1013 3533 τῶν
1063 3480 1295 3550 χαλινῶν
1323 3478 1434 3531 τῶν
1466 3474 1871 3548 ἡγεμονικωτέ-

295 3594 405 3628 οων
440 3574 769 3644 αἰσθήσεων,
798 3572 999 3625 αὐτίκα
1047 3574 1140 3625 καὶ
1171 3571 1362 3624 παθῶν
1388 3570 1759 3630 ἐπανάστασις
1784 3567 1874 3636 γί-

293 3684 461 3730 νεται,
504 3665 599 3719 καλ⁵
651 3664 685 3732 ὴ
746 3663 856 3716 τῶν
898 3662 1409 3732 ἀνδραποδεστέρων
1441 3660 1747 3730 αἰσθήσεων
1790 3676 1875 3712 κι-

293 3762 469 3812 νεῖται
514 3757 783 3827 ἐνέργεια.
818 3754 991 3808 Είωθε
1038 3754 1147 3825 γάρ
1182 3771 1297 3815 πως
1339 3755 1371 3823 ή
1431 3754 1637 3807 τούτων
1681 3752 1870 3819 ἀλογία

292 3851 400 3903 τῶν
440 3848 542 3919 τῆς
589 3847 912 3917 ἐγκρατείας
968 3846 1191 3899 λυθεῖσα
1237 3845 1473 3914 δεσμῶν,
1502 3848 1624 3908 ταῖς
1671 3843 1873 3907 αίτίαις

295 3941 620 4010 ἐπισκιρτᾷν
649 3939 758 3992 τῶν
786 3936 993 3999 παθῶν,
1020 3937 1112 3991 καὶ
1142 3937 1219 3999 ὼς
1257 3938 1313 3989 ἐν
1339 3936 1658 4007 θανασίμοις
1681 3936 1874 3995 αὐταῖς

297 4032 683 4086 ἐπιϐόσκεσθαι
735 4030 913 4094 πόαις,
962 4028 1056 4083 καὶ
1098 4028 1341 4099 τοσούτῳ
1384 4028 1604 4100 μᾶλλον,
1633 4028 1757 4081 ὅσον
1783 4029 1878 4081 καὶ

296 4127 329 4194 ἠ
400 4127 585 4187 ἄνεσις
640 4124 997 4193 χρονιώτερον
1055 4123 1407 4176 ἐπιτείνεται.
1484 4122 1558 4175 Ού
1613 4122 1720 4193 γάρ
1787 4122 1878 4175 ἀν·-

298 4219 517 4287 έχεται,
574 4216 696 4269 καθ’
753 4208 828 4269 ὧν
888 4215 1134 4284 φυσικῶς
1186 4215 1298 4287 ἔχει
1348 4215 1447 4286 τὴν
1506 4215 1725 4286 ὄρεξιν,
1782 4214 1879 4268 λυο

300 4310 453 4363 θεῖσα
535 4308 644 4361 τῶν
710 4307 983 4379 χαλινῶν,
1059 4309 1160 4380 τὴν
1242 4308 1462 4381 μέθεξιν
1533 4306 1879 4379 ἀποκρούσα-

302 4400 444 4454 σθαι.

371 4490 440 4555 ζ’.
466 4491 589 4543 Τῶν
626 4492 955 4562 αίσθήσεων,
984 4493 1039 4547 αἱ
1071 4494 1170 4563 μὲν
1193 4491 1374 4545 αὐτῶν
1399 4492 1617 4559 λογικαί
1640 4490 1700 4545 τέ
1717 4491 1875 4543 είσινο

1956 3312 2227 3378 volutant,
2268 3312 2615 3369 ordinantur.

2029 3474 2083 3527 ϐ.
2124 3473 2335 3531 Solutis
2367 3482 2549 3531 autem
2583 3475 2756 3533 frenis
2785 3493 3049 3535 sensuum
3079 3478 3294 3550 imperii
3330 3480 3541 3537 nimio-

1960 3579 2103 3626 rum,
2142 3568 2324 3619 statim
2352 3576 2406 3621 et
2434 3568 2773 3639 cupiditates
2822 3571 3145 3643 insurgunt,
3187 3581 3240 3627 et
3284 3573 3541 3629 fortiores

1959 3656 2299 3712 suscitantur
2360 3673 2621 3714 sensuum
2653 3663 2822 3718 vires.
2883 3663 3034 3719 Solet
3089 3667 3237 3721 enim
3310 3667 3536 3723 istorum

1960 3747 2201 3813 insania,
2249 3752 2629 3820 temperantiae
2678 3755 2858 3811 soluta
2911 3758 3174 3823 vinculis,
3216 3758 3270 3812 in
3326 3758 3534 3827 obieeta

1958 3838 2295 3908 cupiditates
2352 3845 2657 3901 excitantia
2708 3863 2952 3918 praeceps
3006 3849 3162 3915 ferri,
3225 3850 3279 3904 in
3346 3850 3541 3916 hisque

1960 3931 2241 3999 pestiferis
2288 3936 2447 4005 quasi
2503 3937 2650 4007 pasci
2709 3940 2949 4010 pabulis,
3012 3950 3067 3997 et
3120 3943 3335 4013 quidem
3390 3954 3541 3998 tanto

1961 4023 2159 4094 magis,
2198 4038 2408 4094 quanto
2433 4028 2643 4084 diutius
2671 4031 2941 4088 relaxatio
2972 4033 3317 4100 producitur.
3358 4034 3542 4106 Neque

1958 4118 2109 4171 enim
2137 4119 2400 4185 sustinet,
2441 4120 2614 4176 frenis
2649 4122 2855 4186 soluta,
2905 4140 2995 4181 res
3036 4141 3066 4180 a
3101 4142 3160 4182 se
3210 4127 3437 4197 rejicere
3488 4130 3543 4183 in

1961 4224 2098 4281 quas
2134 4213 2441 4268 naturalem
2469 4214 2636 4271 habet
2664 4220 3110 4288 propensionem.

2035 4489 2092 4543 7.
2150 4487 2301 4543 Inter
2350 4504 2572 4554 sensus,
2635 4488 2731 4544 alii
2782 4497 2913 4545 sunt
2955 4490 3279 4559 rationales,
3337 4492 3547 4549 scilicet

298 4583 516 4651 ὅρασις,
571 4584 732 4654 ἀκοὴ,
782 4585 877 4640 καὶ
931 4586 1044 4639 τῶν
1089 4584 1266 4639 ἄλλων
1299 4582 1653 4655 ἐμφιλόσοφοί
1693 4599 1753 4637 τε
1784 4582 1867 4637 καῚ

1968 4578 2122 4635 visus
2150 4586 2204 4633 et
2245 4579 2489 4644 auditus,
2526 4581 2620 4651 qui
2652 4583 3017 4655 philosophia:
3049 4602 3113 4641 ae
3146 4586 3358 4656 imperii
3387 4601 3548 4656 capa-

298 4677 771 4747 ὴγεμονικώτεραι
791 4694 803 4708 ·
834 4679 890 4731 αἱ
920 4678 975 4731 δὲ
1002 4678 1187 4746 ἄλογοι
1242 4676 1337 4731 καὶ
1375 4676 1674 4747 κτηνώδεις
1694 4692 1707 4706 ⁸
1756 4674 1875 4743 γεῦ-

303 4787 409 4833 σις,
448 4770 737 4840 ὄσφρησις,
785 4770 895 4840 ἁφὴ
936 4768 1074 4841 πρὸς
1115 4768 1420 4840 ὑπηρεσίαν
1463 4767 1572 4821 τῶν
1620 4766 1878 4836 λογικῶν.

313 4857 567 4929 Ὀρῶμεν
604 4859 713 4929 γάρ
741 4860 959 4930 πρῶτον
992 4859 1087 4912 καὶ
1117 4858 1409 4930 ἀκούομεν,
1453 4857 1547 4912 καὶ
1575 4856 1749 4921 οὕτως
1777 4856 1882 4910 ὑπὸ

301 4949 396 5002 τοῦ
424 4949 584 5016 λόγου
605 4950 933 5020 κινούμενοι,
966 4951 1253 5020 ἁπτόμεθά
1276 4967 1335 5005 τε
1364 4948 1458 5004 τοῦ
1489 4947 1878 5020 προκειμένου,

304 5042 399 5094 καὶ
427 5042 872 5112 ὀσφραινόμενοι,
915 5044 982 5113 τῇ
1015 5042 1203 5111 γεύσει
1233 5042 1503 5113 διδοῦμεν.
1541 5040 1633 5094 Διδ
1664 5042 1753 5095 καὶ
1774 5040 1882 5094 τῶν

304 5134 435 5197 δύω,
469 5135 826 5197 ζωοδέστατοί
866 5137 1005 5189 εἰσιν
1037 5137 1093 5188 αἱ
1136 5138 1317 5206 τρεῖς,
1361 5139 1455 5190 καὶ
1497 5134 1769 5208 ἀτεχνῶς,
1790 5136 1881 5188 άν-

303 5225 836 5295 δραποδωδὲστατοι’
876 5226 1008 5297 περὶ
1047 5225 1112 5290 ἃς
1143 5226 1253 5280 τῶν
1281 5226 1614 5299 θρεμμάτων
1656 5227 1749 5279 καὶ
1782 5230 1884 5296 θη-

306 5317 440 5386 ρίων
475 5316 543 5368 τὰ
586 5317 1115 5388 γαστριμαργότατα
1159 5317 1252 5371 καὶ
1311 5316 1881 5372 συνουσιαστικώτατα

304 5408 607 5477 πεπόνηται
640 5408 903 5476 μάλισταο
930 5408 998 5461 δι’
1025 5408 1150 5477 ὅλης
1171 5409 1279 5480 γὰρ
1310 5411 1523 5480 ἡμέρας
1546 5411 1639 5465 καὶ
1665 5412 1878 5473 νυκτὸς.

303 5500 334 5568 ἢ
370 5498 585 5570 τροφῶν
623 5499 917 5570 ἀπλήστως
952 5502 1294 5573 ἐμφορεῖται,
1331 5504 1364 5574 ἢ
1406 5502 1539 5575 πρὸς
1572 5504 1669 5566 τὰς
1703 5502 1881 5573 ὀχείας

302 5592 466 5661 ίρμᾷ-

371 5689 439 5754 η’-
487 5684 549 5735 ’0
587 5684 687 5747 τὰς
716 5684 1001 5755 ἐνεργείας
1048 5687 1157 5739 τῶν
1199 5686 1353 5750 ἐκτὸς
1399 5685 1707 5758 αἰσθήσεων
1747 5686 1882 5757 πρὸς

312 5777 400 5836 τὰς
455 5773 602 5826 ἔνδον
631 5774 841 5844 τρέψας
888 5776 1190 5849 αἰσθήσεις,
1242 5780 1338 5833 καὶ
1387 5777 1485 5850 τὴν
1540 5779 1637 5850 μὲν
1670 5780 1878 5851 ὅρασιν,

366 5872 1007 5940 ‘Psal.xntx.10.il.

1968 4671 2148 4727 eiores
2178 4679 2306 4727 sunt
2337 4688 2500 4742 quam
2529 4675 2741 4741 caeteri;
2791 4676 2883 4730 alii
2923 4692 3055 4733 vero
3085 4688 3218 4732 sunt
3259 4677 3547 4731 irrationa-

1967 4764 2128 4827 biles,
2167 4773 2221 4818 et
2252 4764 2545 4826 animales.
2600 4774 2661 4818 ut
2709 4775 2926 4835 gustus,
2962 4767 3195 4823 olfactus
3245 4779 3299 4823 et
3346 4778 3549 4833 tactus.

1969 4855 2036 4909 ad
2076 4854 2444 4910 rationalibus
2499 4855 2914 4912 inserviendum
2962 4856 3242 4914 destinati.
3287 4858 3551 4916 Videmus

1969 4946 2115 5001 enim
2167 4948 2406 5017 primum
2457 4955 2513 5002 et
2560 4947 2837 5015 audimus,
2887 4948 3083 5020 sicque
3127 4950 3344 5005 ratione
3394 4952 3550 5015 moti,

1969 5040 2186 5109 objecta
2243 5041 2541 5109 tangimus,
2590 5040 2893 5097 odorantur
2944 5052 2998 5097 et
3039 5043 3221 5112 gustui
3260 5042 3549 5097 tradimus.

1968 5129 2160 5199 Itaque
2189 5145 2255 5184 ex
2289 5129 2506 5185 duobus
2556 5146 2818 5185 sensuum
2861 5131 3179 5200 generibus,
3217 5139 3330 5185 tres
3367 5143 3550 5200 postv-

1970 5220 2146 5274 riores
2176 5227 2306 5275 sunt
2341 5221 2580 5274 maxime
2608 5220 2871 5276 bestiales
2912 5236 2977 5275 ac
3015 5236 3247 5291 prorsus
3281 5222 3512 5276 serviles
3540 5241 3553 5276 :

1971 5312 2182 5383 quippe
2212 5327 2355 5381 quos
2390 5313 2662 5380 imprimis
2704 5323 2962 5369 exercent
2988 5313 3234 5382 jumenta
3266 5325 3320 5369 et
3356 5330 3556 5384 pecora

1971 5406 2145 5459 ventri
2198 5412 2253 5458 et
2308 5404 2497 5458 veneri
2559 5403 2802 5459 maxime
2858 5404 3223 5474 indulgentia,
3277 5422 3402 5458 nam
3465 5406 3557 5457 diu

1971 5505 2250 5567 noctuque
2275 5495 2357 5549 vel
2389 5495 2703 5550 insatiabile
2749 5495 2888 5550 cibis
2928 5494 3225 5550 eﬂarciunt
3260 5494 3557 5553 abdoumu,

1971 5588 2057 5644 vel
2083 5588 2139 5644 in
2175 5588 2503 5644 concubitus
2533 5588 2771 5643 irruunt.

2043 5682 2096 5739 8.
2134 5683 2241 5751 Qui
2270 5699 2533 5739 sensuum
2567 5693 2921 5738 externorum
2955 5681 3303 5753 operationes
3334 5682 3397 5736 ad
3432 5698 3549 5735 sen-

1973 5795 2069 5837 sus
2121 5779 2371 5836 interuos
2412 5779 2706 5844 convertit,
2758 5786 2812 5833 et
2862 5777 3037 5832 visunt
3086 5777 3150 5830 ad
3210 5776 3549 5832 intellectum
