4202 6450
704 380 809 439 855

1969 378 2037 437 ΠΖ
2049 376 2210 436 ΕΤᾸί
2253 369 2672 436 PECTORATI

3843 363 3960 424 856

703 497 975 552 videntem
1009 495 1128 549 vitm
1179 495 1364 550 lumen
1416 494 1682 562 extendit,
1737 496 1980 548 auditum
2034 509 2159 547 vero
2202 492 2266 546 ad

2373 484 2506 554 πρὸς
2535 481 2626 534 τὸν
2651 478 2863 549 δρῶντα
2891 475 3013 527 νοῦν
3041 475 3099 527 τὸ
3141 473 3253 542 φῶς
3285 472 3381 541 τῆς
3410 469 3577 539 ζωῆς,
3615 467 3960 527 ἐκπετάσας·

708 589 1123 656 conceptionem
1158 589 1375 651 animm,
1408 590 1695 643 odoratum
1724 589 1787 640 ad
1823 589 2020 642 mentis
2055 587 2270 655 sagaci-

705 690 896 745 tatem,
943 689 1160 749 gustum
1208 680 1274 734 ad
1322 680 1554 733 rationis
1596 677 1886 743 judicium,
1939 686 2143 730 tactum
2202 678 2272 729 ad

705 775 890 828 cordis
944 773 1280 842 vigilantiam
1334 771 1542 842 dirigit,
1600 771 1692 824 ille
1747 771 1916 824 vitam
1967 769 2276 838 angelicam

709 869 852 921 inter
894 866 1144 920 homines
1188 865 1413 934 degens,
1443 863 1606 917 homo
1638 862 1780 917 inter
1815 860 2063 916 homines
2093 866 2146 913 et
2192 864 2276 911 cst

705 970 759 1015 et
796 961 1031 1025 videtur,
1076 958 1304 1030 angelus
1360 971 1490 1012 vero
1535 958 1679 1011 inter
1726 955 1948 1023 angelos
2004 961 2057 1007 et
2106 959 2188 1005 est
2225 958 2278 1004 et

706 1053 959 1106 habetur.

781 1234 837 1288 9.
873 1231 979 1288 Per
1016 1233 1351 1287 intellectum
1389 1230 1657 1285 videntem
1692 1228 1874 1281 lumen
1905 1226 2030 1278 vitae
2059 1223 2276 1283 divinm,

707 1326 1053 1380 occultorum
1089 1325 1179 1378 Dei
1219 1323 1606 1395 mysteriorum
1635 1320 1886 1374 notitiam
1926 1316 2275 1385 percipimus;

709 1434 807 1486 per
830 1421 1248 1486 conceptionem
1272 1416 1488 1476 animae,
1509 1413 1860 1467 ascensioncs
1886 1409 2276 1479 cogitationum

708 1512 762 1564 iu
793 1511 959 1564 corde
986 1508 1334 1578 disponimus
1372 1522 1495 1560 cum
1543 1503 1799 1562 scientia.
1834 1501 2049 1570 pejores
2090 1515 2119 1551 a
2162 1511 2281 1551 me-

708 1605 949 1660 lioribus
1029 1605 1446 1666 discernentes;
1515 1615 1611 1670 per
1674 1598 1904 1652 rationis
1978 1592 2278 1663 judicium,

707 1698 920 1765 species
959 1697 1205 1751 idearum
1247 1703 1551 1765 gustamus,
1587 1700 1641 1747 et
1667 1706 1787 1760 qua:
1841 1703 1903 1741 ex
1957 1684 2098 1739 mala
2147 1690 2282 1737 ortte

708 1800 838 1847 sunt
891 1791 1094 1852 radice,
1147 1789 1232 1842 vel
1280 1788 1739 1842 transformamus
1785 1785 1841 1836 in
1893 1780 2082 1834 dulces
2126 1789 2283 1831 escas

2369 577 2467 643 τὴν
2508 572 2564 625 δὲ
2591 569 2780 638 ἀκοὴν,
2824 565 2960 636 πρὸς
2994 563 3091 632 τὴν
3140 561 3354 615 σύνεσιν
3388 562 3489 628 τῆς
3521 558 3698 627 ψυχῆς
3719 571 3734 586 ’
3769 555 3874 625 τὴν
3907 555 3966 606 δὲ

2370 666 2579 733 γεῦσιν,
2633 662 2767 732 πρὸς
2830 658 2927 730 τὴν
2994 654 3086 709 τοῦ
3139 655 3299 722 λόγου
3365 652 3678 721 διάκρισιν’
3737 645 3840 715 τὴν
3905 645 3964 697 δὲ

2370 759 2656 826 δσφρησιν,
2686 753 2822 826 πρὸς
2851 750 2951 820 τὴν
2981 749 3220 803 διάνοιαν
3248 742 3343 797 τοῦ
3373 743 3491 803 νοός
3512 759 3524 771 ·
3564 742 3661 812 τὴν
3696 740 3752 792 δὲ
3785 737 3963 807 ἁφὴν,

2371 848 2506 918 πρὸς
2542 846 2602 899 τὸ
2637 845 2736 912 τῆς
2766 842 2993 912 καρδίας
3025 837 3393 909 μετακινήσας
3426 835 3752 904 ὲγρήγορον,
3781 833 3963 895 ἀγγε-

2370 939 2526 1010 λικὴν
2562 937 2704 1003 ζωὴν
2739 935 2833 989 ἐπὶ
2883 933 3001 1003 γῆςῖ
3033 929 3258 993 διανύει,
3294 926 3580 995 ἄνθρωπος
3615 924 3712 993 μὲν
3742 920 3962 991 ἀνθρὼ-

2373 1047 2494 1092 ποις
2545 1028 2638 1080 καὶ
2690 1024 2786 1091 ὢν,
2844 1024 2938 1078 καὶ
2981 1022 3286 1095 ὁρώμενος·
3336 1018 3569 1086 ἄγγελος
3611 1015 3668 1068 δὲ
3701 1013 3966 1083 ἀγγέλοις

2375 1119 2568 1183 συνὼν,
2599 1118 2693 1170 καὶ
2717 1115 2838 1170 νοού
2848 1131 3028 1184 μενος.

2448 1211 2510 1265 0'.
2541 1209 2640 1264 Διά
2672 1209 2770 1278 μὲν
2813 1206 2906 1260 τοῦ
2955 1205 3187 1276 ὁρῶντος
3225 1201 3365 1266 νοὸς,
3415 1199 3476 1252 τὸ
3505 1197 3617 1266 φῶς
3639 1195 3741 1266 τῆς
3770 1193 3961 1248 ἐνθέου

2378 1305 2540 1372 ζωῆς,
2568 1303 2674 1354 τῶν
2725 1298 3124 1369 κεκρυμμένων
3155 1292 3471 1366 μυστηρίων
3502 1287 3636 1342 Θεοῦ
3681 1285 3781 1356 τὴν
3811 1285 3962 1352 γνῶ-

2380 1412 2464 1447 σιν
2502 1391 2850 1460 λαμϐάνομεν
2876 1404 2889 1419 ο
2937 1386 3025 1441 διά
3073 1386 3128 1440 δὲ
3176 1385 3274 1455 τῆς
3311 1381 3576 1442 συνέσεως
3615 1377 3712 1447 τῆς
3753 1373 3960 1444 ψυχῆς,

2373 1483 2468 1543 τὰς
2501 1479 2797 1542 ἀναϐάσεις
2834 1478 2890 1530 ὲν
2936 1478 3001 1546 τῇ
3033 1475 3234 1545 καρδίᾳ
3262 1473 3370 1524 τῶν
3408 1466 3687 1537 λογισμῶν
3718 1462 3962 1518 διατιθέ-

2373 1567 2513 1642 μεῦα
2542 1563 2680 1635 μετά
2725 1560 3001 1630 γνώσεως,
3036 1556 3405 1628 διακρίνοντες
3437 1554 3545 1608 ἀπὸ
3573 1553 3682 1607 τῶν
3705 1551 3964 1620 κρειττό-

2369 1680 2473 1717 νων
2513 1658 2637 1722 τοὺς
2666 1656 2915 1726 χείρονας
2936 1669 2948 1682 ’
2978 1651 3068 1706 διὰ
3091 1651 3146 1703 δὲ
3170 1650 3268 1720 τῆς
3299 1647 3395 1702 τοῦ
3423 1647 3584 1714 λόγου
3623 1644 3963 1715 διακρίσεως

2370 1755 2435 1806 τά
2467 1751 2585 1822 εἴδη
2619 1749 2729 1803 τῶν
2753 1746 3041 1817 νοημάτων
3077 1741 3486 1810 ἀπογευόμεθα.
3517 1739 3624 1792 Καὶ
3663 1738 3730 1791 τά
3767 1738 3868 1807 μὲν
3895 1739 3962 1791 ὲκ

891 1831 1094 1852 .......-,
1159 1831 1232 1842 η.
1898 1831 1960 1834 _,_

711 1881 1369 1944 animzedistribuendas,
1404 1879 1486 1932 vel
1540 1876 1767 1930 omnino
1795 1872 2109 1942 rejicimns;
2162 1882 2285 1936 quae

2375 1845 2576 1917 πικρᾶς
2616 1841 2862 1911 φυόμενα
2913 1835 3089 1910 ῥίζης,
3139 1836 3172 1906 ἢ
3222 1832 3704 1907 μετασκευάζομεν
3732 1831 3826 1883 ἐπὶ
3861 1831 3962 1902 τὴν

706 1991 839 2030 vero
873 1990 937 2028 ex
982 1974 1122 2028 bona
1163 1981 1215 2026 et
1246 1971 1406 2025 viridi
1440 1971 1623 2040 planta
1666 1966 2022 2038 proveniunt,
2075 1959 2278 2014 admit-

706 2069 901 2127 timus,
953 2079 1170 2119 omnem
1223 2062 1607 2129 cegitatiouem
1657 2057 1998 2125 captivantcs
2047 2052 2102 2104 in
2150 2049 2282 2102 obe-

705 2155 968 2209 dientiam
997 2153 1225 2208 Christi.
1261 2151 1368 2206 Per
1420 2149 1618 2204 mentis
1645 2148 2021 2216 sagacitatem,
2077 2143 2282 2197 intelli-

708 2246 902 2310 gibilos
934 2246 1120 2315 gratia!
1148 2245 1377 2314 spiritus
1405 2243 1602 2297 odores
1643 2240 1955 2300 olfacimus,
1995 2236 2193 2306 gaudio
2228 2242 2282 2288 et

705 2338 1080 2393 exsultatione
1131 2337 1317 2390 cordis
1382 2334 1592 2404 repleti.
1648 2333 1752 2387 Per
1810 2329 1996 2385 cordis
2047 2326 2283 2395 denique

705 2430 1068 2503 vigilantiam,
1113 2427 1373 2497 Spiritum
1418 2426 1577 2480 nobis
1620 2426 1947 2478 irrorantem
2001 2421 2270 2474 honorum

710 2521 1109 2577 desnleriorum
1173 2521 1474 2580 ﬂammam,
1525 2521 1609 2572 vel
1671 2515 2080 2571 cale-facientem
2141 2513 2284 2567 vires

710 2623 933 2670 nostras
1012 2613 1376 2684 cupiditatum
1462 2611 1663 2683 frigore
1733 2610 1977 2681 algentes
2039 2604 2283 2677 perfecte

710 2712 1002 2768 sentimus.

786 2955 872 3010 10.
914 2954 1072 3008 Sicut
1115 2969 1344 3024 corpore
1376 2963 1569 3008 nostro
1602 2953 1849 3022 quinque
1886 2959 2016 3005 sunt
2060 2963 2280 3010 sensus,

2369 1939 2628 2008 γλυκεῖαν
2657 1935 2913 1990 ἀνάδοσιν
2950 1931 3052 2001 τῆς
3082 1927 3340 1999 ψυχῆς,ἢ
3375 1925 3679 1988 καθολικῶς
3712 1923 3962 1977 ἀποσαλ-

2368 2032 2593 2101 λόμεθα·
2625 2029 2694 2083 τά
2725 2027 2784 2082 δὲ
2809 2028 2871 2080 ὲκ
2897 2023 3128 2095 βοτάνης
3159 2021 3381 2075 εὐθέτου
3408 2020 3502 2072 καὶ
3527 2017 3758 2089 χλοερᾶς
3790 2033 3962 2086 προσ-

2374 2125 2589 2194 ιέμεοα,
2638 2123 2746 2176 πᾶν
2790 2120 2970 2190 νόημα
3013 2110 3510 2187 αἰχμαλωτίζοντες
3567 2111 3646 2173 είς
3687 2109 3788 2179 τὴν
3857 2109 3961 2162 ύπ-

2369 2219 2541 2288 ἀκοὴν
2567 2214 2664 2270 τοῦ
2698 2211 2960 2286 Χριστοῦ.
2991 2209 3089 2263 Διά
3110 2209 3165 2261 δὲ
3195 2209 3296 2277 τῆς
3315 2204 3409 2259 τοῦ
3442 2202 3556 2262 νοὸς
3571 2199 3832 2264 διανοίας,
3863 2197 3958 2251 τοῦ

2369 2307 2560 2381 νοητοῦ
2599 2305 2770 2378 μύρου
2804 2304 2902 2373 τῆς
2953 2301 3046 2355 τοῦ
3089 2297 3409 2368 Πνεύματος
3444 2294 3666 2365 χάριτος
3722 2291 3960 2359 ὀσφραι-

2369 2399 2597 2470 νόμεθα,
2633 2394 2974 2467 εὐφροσύνης
3027 2390 3122 2444 καὶ
3161 2387 3542 2457 ἀγαλλιάσεως
3579 2383 3681 2454 τὴν
3729 2381 3960 2452 καρδίαν

2370 2492 2784 2564 πληρούμενοι·
2820 2487 2909 2541 διὰ
2951 2484 3009 2538 δὲ
3062 2482 3161 2554 τῆς
3216 2479 3523 2551 ὲγρηγόρου
3565 2474 3825 2547 καρδίας,
3864 2471 3960 2525 τοῦ

2368 2582 2712 2654 δροσίζοντος
2747 2576 2953 2634 ἀνωθεν
2983 2573 3303 2644 Πνεύματος
3339 2570 3440 2641 τὴν
3470 2569 3646 2637 φλόγα
3689 2565 3791 2634 τῆς
3838 2565 3962 2617 ἐπι-

2370 2672 2574 2744 Θυμίας
2632 2667 2790 2740 ἡμῶν
2864 2667 2972 2719 τῶν
3032 2662 3254 2729 καλῶν,
3322 2661 3356 2734 ἢ
3418 2659 3514 2714 καὶ
3571 2655 3964 2728 θερμαίνοντος

2369 2767 2468 2829 τὰς
2514 2759 2960 2832 καταψυχθείσας
3021 2757 3282 2826 δυνάμεις
3334 2753 3495 2824 ήμῶν
3543 2750 3623 2821 τῷ
3661 2749 3822 2820 κρύει
3851 2747 3962 2801 τῶν

2368 2854 2579 2919 παθῶν,
2623 2850 2926 2912 εύσυνέτως
2953 2843 3416 2914 ἑπαισθανόμεθα.

2438 2954 2493 3002 ι’.
2524 2943 2796 3010 Καθάπερ
2828 2939 2906 3010 τῷ
2932 2936 3145 3006 σώματι
3180 2933 3340 3006 ἡμῶν
3377 2930 3665 3000 αἰσθήσεις
3691 2926 3854 2980 πέντε
3887 2925 3966 2977 εί-

712 3051 893 3108 τίςυς,
923 3047 1165 3111 auditus,
1197 3056 1413 3116 gustus,
1446 3046 1709 3100 odoratus
1757 3051 1812 3098 et
1846 3054 2022 3098 tactus
2052 3061 2064 3095 :
2103 3044 2182 3096 sic
2227 3051 2279 3095 et

2373 3038 2478 3102 etv,
2508 3037 2721 3108 ὅρασις,
2755 3031 2917 3102 ἀκοὴ,
2950 3028 3161 3097 γεῦσις,
3185 3026 3474 3094 ὄσφρησις,
3511 3022 3605 3074 καὶ
3635 3021 3779 3089 ἁφή·
3820 3016 3966 3070 οὕτω

715 3143 910 3196 animm
958 3143 1011 3196 in
1062 3142 1252 3196 eodem
1303 3155 1534 3194 numero
1589 3140 1833 3208 quinque
1883 3144 2011 3192 sunt
2065 3151 2281 3196 sensus,

2373 3128 2464 3180 καὶ
2490 3133 2556 3197 τῇ
2595 3126 2742 3195 ψυχῇ
2779 3121 2920 3177 κατά
2959 3120 3050 3173 τὸν
3089 3117 3252 3170 αὑτὸν
3304 3113 3541 3186 ἀριθμὸν
3575 3112 3737 3164 πέντε
3770 3110 3967 3179 αἰσθή-

713 3232 1041 3292 intellectus,
1079 3231 1238 3293 ratio,
1271 3246 1466 3285 sensus
1497 3229 1881 3283 intellectualis
1907 3268 1920 3289 ,
1962 3227 2202 3296 cognitio
2233 3232 2285 3278 et

2373 3236 2486 3282 σεις
2514 3218 2620 3271 εἰσί
2645 3233 2659 3248 ο
2691 3213 2838 3280 νοῦς,
2870 3213 3050 3280 λόγος,
3097 3208 3347 3278 αἴσθησις
3392 3207 3576 3277 νοερὰ,
3610 3204 3839 3273 γνῶσις,
3871 3205 3968 3257 καὶ

713 3323 968 3379 scientia.
1008 3321 1130 3376 Παῖς
1182 3332 1362 3376 autem
1417 3322 1483 3375 atl
1534 3329 1643 3376 tres
1692 3327 2028 3374 revocantur
2090 3318 2285 3370 anima:

2373 3313 2676 3382 ἐπιστήμη.
2732 3311 2826 3369 Εἰς
2862 3309 3012 3376 τρεῖς
3059 3304 3116 3357 δὲ
3170 3304 3238 3372 τῇ
3284 3302 3430 3371 ψυχῇ
3462 3298 3748 3369 ἐνεργείας
3792 3296 3968 3350 ταῦτα

716 3413 1024 3476 facultates,
1065 3413 1276 3468 scilicet
1311 3414 1674 3474 intellectum,
1708 3414 1979 3467 rationem
2013 3419 2068 3465 et
2112 3409 2285 3464 sensi-

2373 3405 2709 3472 συνάγεται·
2751 3403 2830 3465 είς
2864 3399 3010 3463 νοῦν,
3055 3398 3136 3461 εἰς
3175 3396 3355 3464 λόγον,
3409 3393 3489 3456 εἰς
3531 3392 3809 3460 αἴσθησιν.
3854 3389 3968 3442 Καὶ

719 3504 1006 3561 bilitatem.
1045 3504 1148 3560 Per
1180 3506 1520 3560 intellectum
1570 3506 1959 3570 cogitationes,
2001 3518 2095 3572 per
2125 3501 2285 3554 ratio-

2373 3498 2458 3553 διὰ
2489 3497 2586 3565 μὲν
2625 3493 2721 3548 τοῦ
2747 3492 2884 3554 νοὸς,
2919 3491 3019 3552 τὰς
3055 3488 3362 3557 διανοήσεις
3385 3501 3398 3515 ⁸
3433 3483 3520 3538 διὰ
3547 3483 3604 3537 δὲ
3645 3481 3742 3536 τοῦ
3769 3481 3966 3549 ιλόγον,

721 3610 848 3648 nem
883 3594 1390 3665 interpretationes,
1432 3611 1528 3665 per
1560 3595 1984 3650 sensibilitatem
2025 3594 2285 3662 imagines

2373 3588 2470 3651 τὰς
2513 3587 2814 3657 ἑρμηνείας
2841 3599 2855 3614 ·
2884 3581 2975 3636 διὰ
3012 3581 3110 3650 τῆς
3151 3578 3460 3648 αἰσθήσεως
3507 3575 3586 3639 δὲ,
3615 3573 3716 3635 τὰς
3762 3589 3968 3640 φανταο

717 3687 924 3740 divinte
955 3687 1286 3757 cognitionis
1319 3698 1370 3740 et
1401 3687 1642 3740 scientim
1681 3686 2039 3757 percipimus.

788 3870 878 3925 H.
911 3869 1016 3934 Qui
1069 3866 1234 3921 habet
1279 3865 1618 3920 intellectum
1656 3864 2036 3936 perceptiones
2083 3862 2292 3932 cogita-

713 3967 926 4014 tionum
959 3962 1101 4015 bene
1135 3959 1563 4021 discernentem,
1595 3967 1648 4012 et
1675 3958 1855 4012 divina
1890 3957 2125 4027 cogitata
2159 3970 2294 4026 pure

717 4053 1121 4114 admittentem,
1172 4055 1443 4105 rationem
1473 4057 1616 4103 'vcro
1653 4052 2103 4119 interpretantem
2151 4049 2289 4118 phy-

715 4151 862 4201 sicos
921 4155 1104 4201 motus
1159 4145 1344 4198 omnis
1405 4153 1675 4197 creatura:
1730 4142 2008 4201 visibilis,
2069 4143 2120 4195 id
2185 4148 2290 4204 est,

717 4241 957 4291 rationes
1011 4237 1222 4291 entium
1282 4243 1685 4304 penetrantem,
1742 4234 2291 4301 intellectualemque

717 4329 1138 4383 sensibilitatem
1169 4328 1413 4381 coalestis
1443 4325 1735 4396 Sapientia:
1775 4334 1828 4379 et
1859 4326 2100 4380 scientiae
2148 4325 2290 4378 noti-

716 4423 843 4475 tiam
879 4421 1295 4490 suscipientem,
1319 4435 1417 4490 per
1439 4420 1867 4474 illuminationcs
1893 4418 2035 4472 Solis
2064 4416 2291 4488 iustitia:

2373 3681 2496 3743 σίας
2531 3679 2630 3748 τῆς
2677 3674 2830 3739 θείας
2870 3673 3184 3742 ἐπιστήμης
3230 3671 3324 3723 καὶ
3372 3667 3630 3736 γνώσεως
3683 3664 3966 3733 λαμϐάνο-

2378 3789 2499 3843 μεν.

2447 3873 2534 3918 ια’.
2585 3863 2644 3916 '0
2690 3863 2783 3915 τὸν
2827 3859 2950 3913 νοῦν
2985 3856 3124 3930 ἔχων
3163 3858 3260 3919 τὰς
3301 3854 3611 3924 διανοήσεις
3662 3853 3773 3905 τῶν
3816 3852 3966 3921 λογι-

2375 3959 2529 4030 σμῶν
2562 3958 2624 4012 εὖ
2648 3956 3016 4027 διακρίνοντα,
3052 3953 3147 4006 καὶ
3172 3951 3242 4004 τά
3271 3950 3390 4004 θεῖα
3421 3950 3672 4019 νοήματα
3703 3949 3968 4015 καθαρῶς

2374 4053 2753 4124 προσιέμενον,
2799 4049 2891 4102 τὸν
2947 4047 3006 4100 δὲ
3051 4045 3235 4113 λόγον,
3270 4042 3614 4113 ἑρμηνευτὴν
3652 4041 3762 4092 τῶν
3808 4057 3969 4109 φυσι-

2376 4146 2488 4200 κῶν
2521 4146 2790 4214 κινήσεων
2821 4143 2922 4211 τῆς
2968 4138 3255 4208 όρωμένης
3305 4134 3526 4204 ἀπάσης
3553 4133 3808 4197 κτίσεως,
3845 4133 3970 4194 τοὺς

2373 4238 2564 4308 λόγους
2598 4234 2843 4306 δηλονότι
2866 4232 2974 4285 τῶν
3003 4230 3174 4282 δντων
3203 4224 3620 4298 διατρανοῦντα,
3645 4225 3745 4295 τὴν
3777 4224 3837 4277 δὲ
3865 4242 3971 4278 νοε·

2379 4331 2478 4402 ράν
2534 4328 2810 4397 αἴσθησιν,
2873 4321 3280 4394 ὑποδεχομένην
3313 4319 3416 4390 τῆς
3463 4318 3719 4386 οὐρανίου
3779 4319 3973 4387 σοφίας

2374 4422 2472 4478 καὶ
2513 4421 2770 4490 γνώσεως
2824 4417 2926 4489 τὴν
2974 4416 3316 4485 ἐπιστήμην,
3367 4413 3457 4467 διά
3503 4410 3612 4464 τῶν
3642 4411 3972 4481 ὲλλάμψεων

717 4529 939 4568 omnem
1004 4529 1228 4567 sensum
1304 4524 1773 4583 pra’tergressus,
1838 4526 2005 4580 super
2079 4511 2285 4581 objecta

2375 4515 2470 4572 τοῦ
2533 4513 2716 4567 Ἡλίου
2763 4511 2866 4580 τῆς
2919 4507 3270 4574 δικαιοσύνης
3329 4508 3508 4559 πᾶσαν
3567 4504 3818 4576 περάσας
3875 4504 3974 4573 τὴν

719 4608 996 4664 ενιιςῐιιξιὶη
1030 4606 1297 4668 elevatur,
1334 4613 1388 4658 et
1416 4604 1773 4657 iuvisibiliutn
1814 4601 2028 4656 deliciis
2066 4617 2292 4671 supera-

720 4700 951 4752 huntlat.

799 4807 886 4860 1‘2.
937 4805 1138 4858 Matres
1214 4803 1470 4872 potentia:
1530 4800 1734 4856 mentis
1791 4806 1923 4855 sunt
1985 4808 2227 4871 quatuor
2277 4817 2291 4855 :

723 4898 1030 4967 conceptio,
1071 4897 1490 4967 porspicacilas,
1541 4892 2006 4964 comprenhcnsio
2054 4900 2108 4947 et
2152 4892 2294 4946 acti-

2375 4607 2671 4677 αἴσθησιν,
2725 4604 2805 4665 είς
2854 4601 2924 4655 τά
2983 4600 3123 4668 ὑπὲρ
3158 4597 3412 4666 αἴσθησιν
3478 4597 3680 4665 γέγονε,
3727 4595 3824 4648 καὶ
3867 4595 3973 4647 τῶν

2376 4700 2624 4771 ἀοράτων
2657 4694 2984 4765 κατατρυφᾷ
3014 4691 3113 4762 τῆς
3138 4690 3524 4759 τερπνότητος.

2450 4792 2537 4862 ιβ’.
2571 4789 2793 4843 Γενικαὶ
2825 4787 3083 4855 δυνάμεις
3127 4781 3221 4836 τοῦ
3249 4782 3364 4845 νοός
3397 4782 3502 4834 εἱσι
3531 4780 3822 4850 τέσσαρες·
3850 4779 3972 4832 σύν.

2375 4901 2511 4948 εσις,
2563 4881 2848 4951 ἀγχίνοια,
2888 4874 3215 4944 κατάληψις,
3253 4872 3350 4924 καὶ
3409 4871 3714 4940 ἑντρέχεια.
3765 4869 3824 4921 '0
3864 4870 3975 4922 τοί-

725 4993 890 5043 γίιοε.
963 4989 1063 5053 Qui
1127 4989 1290 5058 igitur
1341 4989 1623 5057 cunjungit
1681 4997 1886 5040 matres
1946 4986 2044 5039 has
2101 4986 2285 5039 anima

2374 4996 2468 5036 νυν
2497 4975 2700 5038 ταύτας
2733 4969 3072 5038 ἐπισυνάψας
3102 4966 3200 5027 τὰς
3228 4964 3452 5032 γενικὰς
3489 4963 3588 5033 τῆς
3633 4963 3817 5032 ψυχῆς
3847 4964 3977 5032 ἀρε-

724 5081 1039 5143 l'acultatcs,
1083 5089 1131 5132 et
1161 5080 1252 5148 qui
1283 5079 1592 5133 intellectus
1638 5078 1983 5145 conceptioni
2016 5075 2297 5131 consociat

726 5174 924 5227 anima!
954 5172 1390 5239 temperantiam,
1417 5180 1469 5223 et
1493 5171 1900 5240 perspicacitati
1926 5169 2294 5239 prudentiam,

725 5275 779 5317 et
812 5261 1292 5332 comprehensioui
1339 5261 1632 5327 justitiam,
1669 5272 1723 5315 et
1767 5262 2036 5314 activitati
2082 5261 2299 5314 fortitu-

725 5358 933 5420 dinem,
983 5355 1071 5408 ille
1106 5368 1326 5407 currum
1361 5351 1670 5408 ﬂammeum
1703 5364 1755 5408 ct
1798 5353 2074 5423 bijugibus
2125 5353 2296 5407 cmlos

729 5458 1003 5504 secantem
1058 5446 1268 5515 junxit,
1330 5444 1596 5499 adversus
1664 5455 1774 5499 tres
1845 5445 2297 5514 generalissimos

726 5539 896 5592 duces
958 5545 1012 5589 et
1074 5537 1352 5590 exercitus
1423 5535 1545 5589 belli
1625 5533 2028 5603 cupiditatum,
2087 5535 2299 5588 scilicet

730 5647 971 5685 amorem
1009 5629 1346 5694 divitiarum,
1377 5630 1720 5696 voluptatum
1758 5637 1810 5682 et
1845 5630 2140 5684 honorum.

808 5814 1025 5877 13ρυί
1084 5818 1284 5885 iugavit
1334 5827 1570 5868 antorem
1624 5811 1956 5874 divitiarum,
2009 5825 2098 5877 per
2145 5825 2292 5869 coin-

2377 5071 2496 5134 τάς,
2541 5068 2636 5122 καὶ
2686 5069 2752 5136 τῇ
2807 5065 2904 5134 μὲν
2943 5061 3160 5115 συνέσει
3197 5057 3289 5111 τοῦ
3340 5057 3458 5119 νοὸς
3506 5056 3606 5124 τὴν
3647 5057 3746 5123 τῆς
3795 5054 3976 5124 ψυχῆς

2382 5161 2738 5232 σωφροσύνην
2767 5157 3052 5222 συζεύξας,
3089 5156 3154 5224 τῇ
3181 5152 3237 5206 δὲ
3275 5149 3527 5220 ἀγχινοίᾳ
3555 5147 3655 5218 τὴν
3680 5147 3976 5217 φρόνησιν,

2377 5260 2444 5328 τῇ
2486 5256 2542 5309 δὲ
2569 5252 2870 5322 καταλήψει
2925 5249 3021 5318 τὴν
3062 5245 3436 5312 δικαιοσύνην,
3486 5242 3643 5312 τῇδὲ
3685 5243 3978 5313 ἐντρεχείςι

2379 5351 2477 5416 τὴν
2512 5345 2766 5417 ἀνδρείαν
2793 5342 3022 5405 ἐνώσας,
3054 5340 3207 5410 ἅρμα
3233 5334 3496 5406 φλογερὸν
3525 5335 3617 5387 καὶ
3647 5334 3979 5404 ούρανοδρό-

2382 5458 2482 5511 μον
2537 5437 2714 5506 ἑαυτῷ
2759 5434 2950 5498 διττῶς
2997 5430 3399 5501 συνηρμόσατο,
3454 5426 3597 5480 κατά
3646 5425 3757 5478 τῶν
3805 5426 3978 5495 τριῶν

2381 5531 2762 5601 γενικωτάτων
2806 5528 2992 5599 ἀρχῶν
3025 5525 3118 5578 καὶ
3163 5523 3447 5590 δυνάμεων
3481 5520 3578 5589 τῆς
3608 5515 3978 5588 παρατάξεως

2379 5625 2491 5680 τῶν
2553 5622 2764 5687 παθῶν,
2809 5619 3201 5691 φιλαργυρίας,
3256 5613 3572 5683 φιληδονίας
3621 5613 3716 5664 κα.)⁵
3759 5611 3975 5679 φιλοδο-

2382 5718 2521 5787 ξίας.

2461 5814 2547 5873 ιγ’.
2603 5808 2657 5858 ’0
2690 5803 2785 5873 τὴν
2822 5799 3190 5872 φιλαργυρίαν
3233 5797 3318 5850 διὰ
3359 5796 3458 5866 τῆς
3485 5794 3847 5862 καταλήψεως
3880 5794 3974 5862 τῆς
