4202 6450
273 361 376 424 857

1154 368 1696 433 PRACTICORUM
1738 371 2077 437 CAPITUM
2119 379 2515 444 CENTURIA
2563 384 2616 446 ῐ.

3405 385 3516 453 858

273 494 504 564 ἐννόμου
542 489 910 560 δικαιοσύνης,
941 487 1062 557 ἥτις
1088 485 1237 539 ἐστὶν
1271 486 1304 557 ἡ
1347 486 1484 556 πρὸς
1515 489 1576 535 τὸ
1601 484 1857 552 ὁμογενὲς

1957 490 2380 559 preliensionem
2402 495 2632 565 justitim
2661 496 2870 567 legalis,
2893 513 3017 569 qua
3047 508 3131 556 est
3156 515 3285 570 erga
3314 498 3523 558 similes

273 588 522 656 ἐλεήμων
551 581 887 653 συμπάθεια,
917 579 1506 650 κατατροπωσάμενοςο
1531 577 1630 647 τῆς
1655 575 1710 630 δὲ
1741 574 1860 644 φιλ-

272 679 489 749 ηδονίας
511 719 522 735 ,
555 677 642 729 διὰ
687 674 788 744 τῆς
810 672 1100 727 εὑσυνέτου
1151 670 1526 741 σωφροσύνης,
1559 669 1678 737 ἣτις
1712 667 1860 722 ἐστὶν

269 776 302 842 ὴ
341 769 660 841 περιεκτικὴ
697 767 1014 839 ἐγκράτεια.
1063 765 1521 835 κατακρατήσας·
1552 764 1651 831 τὴν
1680 762 1736 816 δέ
1768 780 1856 829 φιτ

270 865 536 930 λοδοξίαν,
589 863 679 918 διὰ
721 865 821 932 τῆς
871 859 1156 931 ἀγχινοίας
1205 859 1301 913 καὶ
1345 859 1683 926 φρονήσεως,
1737 857 1857 924 ἥτις

272 959 424 1012 ἐστὶν
455 959 486 1026 ἠ
517 956 869 1023 εὑδιάκριτος
892 954 1166 1022 διάκρισις
1188 950 1299 1004 τῶν
1327 949 1489 1003 θείων
1520 949 1615 1003 καὶ
1648 947 1861 1016 ἀνθρω-

275 1051 448 1101 πίνων
499 1046 870 1116 πραγμάτων,
903 1043 977 1104 ὡς
1015 1040 1417 1110 ἀσθενεστέραν
1466 1037 1858 1108 καταδραμὼν,

273 1139 368 1190 καί¹
393 1138 505 1198 τοῖς
537 1134 761 1205 ὡραίοις
804 1133 964 1186 ποσὶν
1009 1131 1085 1197 ὡς
1115 1130 1292 1199 γεώδη
1317 1129 1519 1200 ταύτην
1549 1131 1644 1185 καὶ
1695 1131 1861 1200 μηδε-

272 1229 361 1292 νὸς
393 1227 549 1292 ἀξίαν
585 1227 1001 1295 καταπατήσας,
1055 1223 1118 1278 τδ
1174 1223 1358 1294 χοῖκδν
1410 1223 1666 1292 φρόνημα
1725 1239 1858 1276 κατ-

268 1321 582 1392 ηγωνίσατο
609 1321 710 1389 τῆς
744 1319 946 1391 σαρκός
973 1335 986 1348 ·
1041 1319 1133 1371 καὶ
1177 1315 1437 1386 τοσούτῳ,
1480 1315 1554 1380 ὡς
1585 1318 1661 1379 είς
1691 1316 1856 1384 νόμον

271 1412 363 1468 τοῦ
391 1413 702 1482 πνεύματος
736 1413 836 1482 τῆς
872 1411 1017 1480 ζωῆς
1071 1409 1396 1479 μεταϐαλεῖν
1441 1408 1594 1472 αὐτὸ,
1642 1411 1736 1463 καὶ
1761 1407 1854 1462 τοῦ

281 1505 441 1574 δόμου
477 1506 573 1574 τῆς
605 1503 977 1574 τυραννοῦσης
1030 1501 1254 1571 σαρκὸς,
1296 1498 1581 1570 ἐλεύθερον
1613 1501 1856 1571 ἀπεργάο

274 1600 496 1660 σασθαι,
534 1599 624 1652 καὶ
651 1600 826 1650 εἰπεῖν
853 1613 867 1626 θ
901 1595 1223 1666 Εὑχαριστῶ
1251 1594 1329 1664 τῷ
1359 1591 1500 1664 Θεῷ,
1530 1592 1611 1645 ὅτι
1634 1592 1661 1642 ὁ
1692 1604 1854 1656 νομος

270 1689 365 1744 τοῦ
404 1689 725 1757 “vatius-co;
773 1687 874 1756 τῆς
926 1686 1074 1753 ζωῆς
1113 1683 1458 1754 ἡλευθέρωσέ
1513 1697 1579 1752 με
1620 1676 1728 1733 ἀπὸ
1762 1675 1856 1732 τοῦ

272 1782 441 1852 νόμου
465 1782 558 1834 καὶ
594 1781 690 1850 τῆς
714 1779 955 1841 δουλείας
996 1779 1089 1832 τοῦ
1116 1777 1372 1830 θανάτου.

1953 583 2265 641 misericors
2298 588 2651 656 compassio;
2684 597 2737 645 et
2779 604 3021 646 amorem
3052 592 3392 663 voluptatum
3423 608 3525 664 per

1950 677 2341 747 intelligentem
2375 685 2820 752 temperantiam,
2854 699 2977 756 qua
3011 694 3096 740 est
3152 691 3222 741 ab
3267 689 3522 745 omnibus

1948 772 2308 837 continentia,
2337 774 2656 829 dominatus
2681 785 2801 842 est;
2829 791 3072 832 amorem
3097 791 3225 832 vero
3247 777 3520 833 honorum

1950 875 2046 929 per
2079 862 2554 932 perspicacitatem
2582 874 2630 918 et
2649 865 3021 935 prudentiam,
3049 881 3172 937 qua
3195 875 3278 922 est
3301 868 3523 938 sapiens

1949 950 2258 1007 divinarum
2332 955 2816 1025 humanarumque
2905 971 3090 1012 rerum
3175 957 3521 1023 discrimen,

1953 1054 2214 1114 tanquam
2248 1045 2609 1100 inﬁrmiorem
2651 1061 2973 1119 aggressus,
3006 1062 3127 1101 eam
3177 1045 3523 1116 tempestivis

1950 1135 2184 1206 pedibus
2248 1145 2308 1191 ut
2364 1144 2688 1192 terrestrem
2739 1146 2794 1192 et
2853 1135 3183 1191 vilissimam
3241 1135 3515 1200 calcavit,

1950 1227 2041 1281 ille
2103 1227 2280 1282 luteas
2338 1229 2522 1283 carnis
2573 1227 2936 1297 cogitationes
2993 1227 3293 1296 superavit,
3334 1227 3408 1281 ita
3463 1231 3523 1279 ut

1950 1321 2100 1389 ipsas
2167 1319 2220 1372 in
2285 1320 2458 1388 legem
2521 1320 2749 1390 spiritus
2811 1317 3149 1374 converterit
3203 1326 3259 1373 et
3317 1332 3345 1371 s
3403 1317 3525 1387 lege

1947 1413 2282 1467 dominantis
2299 1414 2483 1469 carnis
2508 1412 2845 1474 liberaverit,
2870 1412 3097 1467 dicens:
3129 1428 3149 1462 ι
3178 1409 3397 1463 Gratias
3420 1423 3523 1478 ago

1948 1503 2079 1568 Deo,
2129 1505 2256 1573 quia
2309 1506 2391 1560 lex
2452 1505 2678 1574 spiritus
2719 1506 2844 1559 vitm
2884 1502 3136 1559 liberavit
3180 1516 3266 1557 me
3315 1515 3347 1556 a
3402 1499 3520 1571 lege

1946 1597 2227 1655 servitutis
2275 1597 2467 1653 mortis
2490 1598 2532 1651 ’.
2569 1617 2590 1651 ι

349 1845 430 1932 ιδ’,
485 1876 544 1928 Ὀ
586 1845 686 1944 τῆς
733 1872 892 1941 δόξης
925 1871 1036 1924 τῶν
1075 1869 1382 1941 ἀνθρώπων
1414 1868 1489 1932 ὡς
1522 1865 1710 1935 οὔσης,
1759 1865 1857 1934 τῆς

2021 1864 2108 1920 Η.
2135 1863 2237 1930 Qui
2284 1864 2513 1933 gloriam
2562 1864 2885 1928 humanam,
2933 1879 3056 1936 qure
3091 1867 3227 1923 nihil
3259 1877 3369 1932 est,
3403 1877 3529 1924 tan-

277 1967 544 2038 μηῖαμῶς
577 1967 745 2037 οὔσης
768 1964 1237 2034 ἀντιποιούμενος,
1275 1963 1368 2016 καὶ
1415 1961 1514 2032 τὴν
1547 1958 1857 2028 φιληδονίαν

272 2061 361 2115 διὰ
391 2060 571 2131 ψυχῆς
598 2058 904 2128 ἀπληστίαν
928 2055 1440 2126 κατασπαζόμενος,
1481 2054 1575 2106 καὶ
1603 2054 1700 2121 τῆς
1732 2051 1854 2120 φιλ-

274 2156 543 2226 αργυρίας
591 2153 679 2206 διά
731 2149 1041 2215 πλεονεξίας
1090 2149 1469 2218 ἀντεχόμενος,
1505 2144 1538 2213 ἦ
1568 2139 1858 2213 δαιμονιώ-

272 2247 372 2317 δης
398 2248 484 2302 διὰ
516 2247 614 2317 τῆς
639 2247 868 2314 οἰήσεως
899 2244 994 2296 καὶ
1024 2240 1404 2312 ὑπερηφανίας
1449 2234 1858 2299 κατασκευάζε-

275 2359 387 2402 ται,
444 2341 476 2409 ἢ
523 2338 808 2409 κτηνώδης
840 2337 928 2390 διά
965 2334 1070 2388 τῶν
1100 2333 1305 2403 ἡδονῶν
1342 2332 1440 2401 τῆς
1493 2328 1728 2398 γαστρὸς
1763 2326 1858 2381 καὶ

274 2432 383 2484 τῶν
427 2430 809 2498 ὑπογαστρίων
851 2425 1230 2491 ἀποτελεῖται,
1279 2423 1312 2494 ἢ
1346 2420 1617 2492 θηριώδης
1643 2419 1854 2488 γίνεται

272 2525 389 2586 τοῖς
428 2521 657 2592 πλησίον
687 2519 778 2573 διά
801 2519 900 2584 τῆς
937 2515 1326 2587 πλεονεκτικῆς
1358 2515 1454 2569 καὶ
1485 2511 1857 2583 ἀπανθρώπου

275 2613 642 2685 ᾳιλαργυρίας
662 2627 676 2641 °
710 2611 994 2665 ἐκπίπτων
1017 2611 1116 2682 μὲν
1141 2611 1240 2678 τῆς
1275 2608 1411 2679 πρὸς
1441 2607 1573 2661 Θεὸν
1598 2599 1855 2671 πίστεως,

275 2705 366 2758 διὰ.
398 2705 459 2757 τὸ
506 2703 808 2773 λαμϐάνειν
857 2701 1018 2768 δόξαν
1057 2700 1206 2770 παρὰ.
1252 2697 1558 2770 ἀνθρώπων
1609 2697 1750 2750 κατά
1799 2697 1860 2748 τὸ

274 2798 492 2864 λόγιον·
529 2797 934 2868 ἐκτρεπόμενος
980 2795 1038 2848 δὲ
1087 2795 1182 2863 τῆς
1225 2792 1579 2864 σωφροσύνης
1618 2791 1713 2844 καὶ
1761 2807 1861 2843 καο

277 2891 598 2961 οαρότητος,
634 2890 723 2942 διὰ
752 2889 812 2941 τὸ
855 2888 1098 2942 ἐκκαίειν
1148 2889 1212 2957 τῇ
1257 2885 1535 2957 ἀπληστίᾳ
1566 2886 1632 2937 τά
1663 2883 1863 2948 ὑπογά-

278 3001 462 3050 στρια,
499 2983 593 3035 καὶ
621 2984 740 3044 ταῖς
770 2981 1027 3042 ἀτάκτοις
1054 2979 1302 3033 ὑπείκειν
1330 2979 1530 3048 ὁρμαῖς
1553 2993 1568 3008 ·
1601 2975 1859 3045 ἐξοστραο

275 3074 565 3144 κιζόμενος
591 3073 646 3126 δὲ
683 3073 780 3141 τῆς
807 3073 1054 3140 ἀγάπης,
1087 3070 1176 3123 διὰ
1221 3071 1280 3121 τὸ
1309 3071 1455 3139 μόνῳ
1487 3067 1665 3137 ἐαυτῷ
1704 3083 1862 3138 περι-

1947 1974 2111 2028 qnam
2156 1958 2200 2013 si
2235 1957 2443 2026 aliquid
2503 1965 2652 2012 esset
2687 1959 2915 2028 appetit,
2977 1968 3032 2014 et
3062 1975 3306 2016 amorem
3361 1963 3525 2017 volu-

1946 2058 2154 2119 ptatum
2236 2058 2461 2119 propter
2511 2050 2875 2106 insatiabilem
2956 2053 3155 2108 animai
3241 2054 3523 2110 libidinem

1945 2142 2318 2209 amplectitur,
2377 2148 2430 2197 et
2460 2143 2706 2198 avaritize
2733 2159 2834 2214 per
2867 2145 3224 2215 cupiditatem
3263 2146 3524 2211 adhaeret,

1943 2235 2026 2288 vel
2065 2226 2404 2289 assimilatur
2451 2235 2793 2292 dmmonibus
2825 2237 2896 2292 ob
2930 2239 3418 2308 prmsumptionem
3469 2247 3524 2296 et

1945 2329 2288 2398 superbiam,
2309 2329 2394 2383 vel
2418 2340 2772 2401 comparatur
2804 2331 3070 2400 iumentis
3096 2348 3193 2399 per
3208 2333 3521 2404 voluptates

1944 2420 2153 2475 ventris
2180 2430 2235 2476 et
2271 2420 2607 2483 abdominis,
2650 2421 2735 2476 vel
2761 2432 3067 2477 monstrum
3097 2422 3152 2478 ﬁt
3183 2437 3311 2494 erga
3337 2425 3526 2494 prosi-

1944 2529 2091 2568 muin
2123 2513 2196 2569 ob
2229 2513 2583 2584 cupiditatem
2625 2524 2679 2568 et
2703 2515 2993 2570 immanem
3029 2515 3240 2587 argenti
3278 2515 3518 2572 famem:

1943 2606 2205 2661 excidens
2244 2620 2275 2660 a
2324 2605 2431 2662 fide
2486 2606 2562 2660 in‘
2593 2604 2789 2673 Deum,
2849 2607 2977 2676 quia
3040 2609 3236 2678 recipit
3293 2610 3522 2680 gloriam

1944 2700 2011 2753 ab
2060 2699 2421 2762 hominibus,
2480 2699 2633 2754 sicut
2696 2701 2960 2767 scriptum
3033 2710 3151 2766 est;
3203 2701 3443 2770 rejectus
3492 2717 3522 2757 ι

1945 2790 2214 2857 sapientia
2244 2799 2297 2845 et
2333 2791 2596 2860 puritate,
2628 2792 2757 2860 quia
2791 2793 3091 2847 insatiabili
3125 2792 3280 2848 ardet
3303 2793 3522 2848 ﬂamma

1945 2880 2064 2949 ejus
2095 2881 2387 2946 abdomen,
2418 2884 2855 2952 inoriliuatisqne
2887 2883 3131 2954 indulget
3180 2884 3521 2955 impetibus;

1944 2983 1999 3028 et
2028 2976 2290 3029 exsulans
2325 2991 2352 3028 a
2403 2976 2691 3039 cliaritate,
2757 2977 2884 3045 quia
2946 2975 3046 3030 sibi
3099 2980 3201 3031 soli
3255 2977 3519 3038 consulit,

1945 3081 2047 3120 nec
2077 3081 2171 3120 sua
2210 3067 2472 3138 indigenti
2510 3069 2760 3136 proximo
2793 3069 2884 3122 dat
2933 3069 3098 3123 bona.
3143 3069 3318 3132 l‘mle,
3352 3068 3521 3124 veluti

277 3168 430 3217 ἐπειν
479 3166 572 3218 καὶ
630 3164 706 3234 μὴ
758 3163 960 3217 διδόναι
1020 3161 1089 3216 τά
1143 3163 1400 3232 χρήματα
1451 3159 1713 3230 χρῄζουσι
1752 3160 1861 3222 τοῖς

1947 3167 2253 3214 monstrum
2335 3162 2669 3215 multiforme
2727 3177 2791 3215 ex
2854 3162 3041 3215 multis
3115 3161 3217 3215 sibi
3284 3161 3518 3215 invicem

278 3258 542 3325 πλησίον
574 3258 691 3322 [mi
725 3254 868 3308 οὕτω
894 3253 1245 3324 πολύμορφόν
1295 3269 1349 3304 τι
1386 3251 1574 3321 θηρίον
1631 3251 1694 3303 ἐκ
1738 3251 1868 3303 πολε

276 3351 386 3402 λῶν
434 3349 862 3416 συντεθειμένων
887 3348 996 3400 τῶν
1035 3348 1250 3403 ἑαυτοῖς
1298 3344 1577 3407 ἐναντίων,
1623 3344 1650 3394 ὁ
1692 3344 1868 3396 τοιοῦ-

275 3462 368 3507 τος
407 3443 604 3496 ὁοᾶται
633 3439 753 3511 Θεῷ
787 3441 882 3494 καὶ
911 3438 1222 3511 ἀνθρώποις
1253 3439 1344 3492 καὶ
1385 3437 1636 3507 κτήνεσιν
1664 3437 1862 3489 άσπονο

277 3539 382 3602 ξος.

351 3637 433 3683 ιε’.
470 3627 654 3694 Θυμδς
701 3627 794 3680 καὶ
847 3625 1117 3695 ἐπιθυμία
1167 3626 1261 3680 καὶ
1313 3625 1375 3678 τὸ
1424 3621 1728 3692 λογιστικὸν
1771 3624 1866 3676 τοῦ

279 3721 419 3784 νοὸς,
461 3721 508 3772 εἰ
564 3719 662 3789 μὲν
714 3717 854 3771 κατὰ
892 3717 1053 3782 φύσιν
1082 3718 1168 3784 ἐφ’
1194 3717 1404 3770 ἑαυτῶν
1454 3717 1718 3787 ἑστήκασι
1773 3713 1868 3767 καὶ

280 3811 582 3877 κινοῦνται,
619 3809 740 3862 ὅλον
771 3808 913 3863 θεῖόν
942 3825 1063 3862 τινα
1095 3808 1187 3860 καὶ
1220 3808 1427 3879 θεοειδῆ
1460 3808 1549 3860 τὸν
1579 3807 1866 3878 ἄνθρωπον

280 3904 711 3975 ἀπεργάζονται,
746 3901 915 3970 ὑγιῶς
960 3900 1203 3970 δηλονότι
1234 3900 1575 3970 κινούμενον,
1609 3901 1704 3955 καὶ
1742 3899 1866 3970 μηδ’

281 3997 531 4051 ὁπωσοῦν
565 3998 666 4063 τῆς
714 3995 952 4065 φυσικῆς
984 3995 1194 4065 βάσεως
1242 3994 1672 4065 ἐκτρεπόμενον.
1718 3995 1780 4048 El
1809 3993 1867 4047 δέ

282 4087 434 4157 παρὰ
484 4087 646 4156 φύσιν
702 4085 797 4140 τοῦ
852 4085 1555 4156 είκότοςίπαρατραπεῖεν,
1614 4087 1710 4138 καὶ
1765 4085 1866 4153 τῆς

286 4179 422 4240 ἰδίας
453 4177 835 4247 ἀποκινηθεῖεν
867 4176 1108 4246 φύσεως,
1133 4176 1485 4246 πολύμορφόν
1507 4194 1629 4230 τινα
1656 4175 1866 4243 τοῦτον,

281 4271 472 4342 ὥσπερ
508 4269 746 4341 εἴρηται,
794 4270 888 4323 καὶ
925 4271 989 4323 ἐκ
1021 4269 1236 4322 πολλῶν
1269 4269 1377 4322 τῶν
1411 4270 1468 4322 ἐν
1501 4269 1683 4334 αὐτοῖς
1711 4270 1869 4325 ἐνανο

280 4381 397 4418 τιου
408 4363 587 4432 μένων
617 4361 1030 4430 συντεθειμένον
1061 4361 1531 4416 ἀποδεικνύουσιν.

357 4455 451 4522 ις’.
496 4456 553 4508 ’0
591 4452 760 4524 θυμὸς
802 4453 1056 4524 μεθόριόν
1116 4455 1263 4507 ἐστιν
1302 4453 1620 4523 ἐπιθυμίας,
1656 4453 1868 4508 καὶτοῦ

281 4521 597 4613 λογιστικοῦ
646 4521 742 4615 τῆς
774 4521 974 4617 ψυχῆς,
1011 4545 1174 4598 ὅπλον
1217 4541 1328 4599 οἷον
1367 4521 1588 4612 ἑκάστω
1609 4545 1682 4597 ὢν
1713 4547 1769 4597 ἐν
1802 4521 1926 4616 cii"

282 4639 435 4708 παρὰ
471 4638 656 4706 φύσιν,
706 4638 739 4708 ἢ
778 4637 1043 4690 καὶκατὰ
1078 4637 1239 4706 φύσιν
1292 4639 1503 4707 κινήσει
1536 4637 1718 4692 αὑτοῦ.
1770 4638 1870 4690 Κι-

281 4728 553 4798 νουμένης
610 4727 720 4797 γὰρ
761 4728 859 4798 τῆς
907 4727 1204 4797 ἐπιθυμίας
1259 4729 1353 4782 καὶ
1411 4727 1503 4781 τοῦ
1557 4724 1869 4796 λογιστικοῦ

283 4819 426 4873 κατὰ
472 4818 633 4887 φύσιν
668 4819 760 4871 ἐπὶ
792 4819 860 4872 τά
897 4819 1037 4882 θεῖα,
1072 4819 1236 4873 ὅπλον
1271 4819 1420 4874 ἐστὶν
1455 4821 1484 4872 ὁ
1523 4819 1693 4888 θυμὸς
1745 4818 1873 4873 ἐκά-

285 4928 396 4980 στῳ
455 4908 803 4979 δικαιοσύνης
854 4912 994 4963 κατά
1046 4910 1208 4980 μόνου
1264 4909 1358 4964 τοῦ
1416 4910 1728 4979 συρίζοντος
1778 4913 1872 4964 καὶ

282 5000 668 5072 ἐπιτιθεμένου
712 5001 897 5065 αὑτοῖς
936 5002 1112 5070 ὄφεως
1154 5001 1253 5072 τὴν
1306 5001 1610 5072 μετάληψιν
1639 5003 1746 5056 τῶν
1773 5002 1871 5073 τῆς

284 5094 489 5164 σαρκὸς
540 5093 768 5163 ἡδονῶν,
804 5093 899 5148 καὶ
955 5095 1051 5166 τὴν
1082 5095 1178 5165 τῆς
1219 5095 1380 5167 δόξης
1427 5095 1536 5149 τῶν
1566 5095 1870 5166 ἀνθρώπων

280 5186 588 5238 ἀπόλαυσιν
607 5200 622 5216 ⁸
660 5187 1165 5256 παρατρεπομένων
1202 5187 1258 5240 δέ
1290 5188 1388 5258 τῆς
1416 5190 1575 5256 κατὰ]
1599 5189 1761 5256 φύσιν
1787 5207 1872 5242 κι-

281 5276 516 5346 νήσεως,
548 5275 642 5329 καὶ
668 5276 1160 5346 μεταϐαλλομένων
1189 5279 1268 5341 είς
1298 5278 1360 5331 τὸ
1397 5277 1550 5349 παρὰ
1578 5279 1743 5347 φύσιν
1771 5279 1870 5349 τὴν

281 5366 541 5435 δύναμιν,
573 5365 669 5419 καὶ
700 5366 809 5420 άπὸ
838 5366 936 5437 τῆς
973 5367 1166 5437 σχολῆς
1195 5367 1306 5422 τῶν
1337 5368 1498 5422 θείων
1523 5372 1871 5441 πραγμάτων

283 5459 378 5511 ἐπὶ
408 5458 477 5510 τά
509 5457 828 5528 ἀνθρώπινα
861 5461 1350 5532 μεταφερομένων,
1391 5462 1556 5516 ὅπλον
1585 5463 1734 5517 ἐστὶν
1757 5465 1871 5518 ἁδι-

284 5550 410 5612 κίας
457 5551 536 5613 εἰς
577 5551 875 5621 ἁμαρτίαν,
929 5551 998 5604 δι’
1033 5551 1199 5606 αὑτοῦ
1242 5553 1570 5623 μαχομένων
1623 5555 1715 5609 καὶ
1746 5555 1871 5608 ἐπι-

283 5641 586 5711 τιθεμένων
633 5645 747 5705 τοῖς
795 5643 1206 5714 ἀναχαιτίζουσι
1256 5645 1354 5710 τάς
1404 5647 1582 5719 ὁρμάς
1633 5647 1725 5700 καὶ
1771 5648 1870 5714 τὰς

283 5734 496 5801 ὀρέξεις
525 5734 705 5788 αὐτῶν
726 5752 739 5765 ’
790 5736 866 5802 ὡς
901 5736 1152 5792 ἐντεῦθεν
1181 5738 1213 5806 ἦ
1262 5740 1563 5808 πρακτικδν
1609 5741 1704 5795 καὶ
1735 5741 1868 5797 θεωο

366 5833 386 5866 ³
423 5831 560 5888 Rom
626 5851 742 5896 vm.
767 5841 800 5893 ΕΞ

1947 3252 2260 3312 contrariis,
2297 3252 2424 3306 talis
2457 3252 2623 3304 homo
2663 3251 2883 3306 videtur
2933 3250 3067 3316 Deo,
3118 3251 3434 3306 hominibus
3469 3266 3524 3306 et

1945 3342 2141 3397 bestiis
2173 3342 2346 3398 hostis
2379 3342 2810 3397 infensissimus.

2021 3615 2109 3668 l5.
2150 3614 2340 3668 Partes
2391 3613 2588 3667 animm
2622 3612 2942 3675 irascibilis,
2995 3612 3440 3681 concupiscibilis
3469 3620 3525 3667 et

1950 3706 2264 3768 rationalis,
2303 3706 2348 3760 si
2401 3706 2704 3759 secundum
2761 3714 3008 3758 naturam
3066 3705 3210 3759 ultro
3262 3711 3404 3758 slent
3460 3718 3523 3758 ac

1949 3810 2292 3861 moveantur,
2347 3807 2518 3851 totum
2573 3799 2847 3852 hominem
2908 3799 3065 3866 quasi
3125 3799 3412 3866 imaginem
3469 3805 3524 3850 et

1950 3892 2370 3950 similitudinem
2436 3891 2530 3944 Dei
2585 3889 2858 3953 reddunt;
2922 3890 3178 3944 videlicet
3243 3889 3525 3958 sapienter

1950 3995 2158 4041 motum
2188 3999 2289 4039 nec
2322 3985 2434 4036 ullo
2466 3982 2627 4035 modo
2662 3998 2691 4036 e
2725 3981 2960 4037 naturali
2995 3985 3520 4050 cursu‘perversum.

1954 4076 2008 4130 Si
2037 4090 2164 4130 vero
2203 4084 2389 4130 contra
2454 4082 2703 4127 naturam
2738 4073 2820 4126 ”ex
2862 4072 3151 4126 honestate
3183 4072 3523 4137 deﬂexerinl,

1952 4176 2008 4224 et
2036 4182 2066 4222 e
2094 4166 2312 4238 propria
2362 4163 2698 4219 recesserint
2732 4171 2948 4226 natura,
3000 4161 3332 4230 multiforme
3377 4162 3524 4216 istud

1951 4267 2284 4323 monstrum,
2349 4267 2406 4312 ut
2461 4256 2670 4313 dictum
2734 4262 2844 4318 est,
2899 4269 2966 4310 ex
2991 4254 3181 4310 multis
3233 4254 3525 4310 contrariis

1950 4359 2270 4419 congestum
2299 4348 2581 4404 exhibent.

2025 4443 2111 4496 l6.
2147 4441 2278 4497 Pars
2320 4440 2516 4494 animae
2550 4438 2848 4494 irascibilis
2902 4437 3135 4493 confinis
3182 4444 3266 4492 est
3316 4449 3525 4491 concu~

1952 4533 2184 4604 piscibili
2247 4542 2301 4588 et
2359 4532 2640 4595 rationali,
2698 4538 2751 4586 et
2812 4539 2896 4586 est
2956 4529 3123 4585 veluti
3193 4528 3356 4584 telum
3417 4542 3528 4597 quo

1955 4638 2182 4697 utraque
2219 4628 2390 4680 utitur
2420 4626 2638 4693 quando
2672 4634 2862 4681 contra
2899 4624 2981 4678 vel
3016 4623 3315 4678 sccumlum
3367 4633 3529 4675 natu-

1954 4735 2068 4774 ram
2109 4727 2382 4772 movetur.
2418 4716 2576 4772 Motis
2625 4717 2771 4770 enim
2815 4714 3118 4770 secundum
3163 4723 3416 4768 naturam
3469 4712 3524 4767 in

1952 4829 2040 4868 res
2063 4812 2274 4866 divinas
2302 4811 2548 4880 partibus
2579 4808 3003 4878 concupiscibili
3030 4815 3083 4862 et
3109 4806 3366 4862 rationali
3400 4818 3527 4875 pars

1953 4903 2239 4958 iraseibilis
2285 4903 2452 4955 telum
2485 4909 2570 4954 est
2617 4897 2841 4969 justitize
2872 4908 3062 4953 contra
3092 4897 3375 4951 inimicum
3412 4911 3529 4950 ser-

1951 5003 2208 5064 pentem,
2261 4993 2354 5060 qui
2405 4991 2536 5059 ipsis
2589 4990 2834 5045 insibilat
2864 4999 2915 5044 et
2963 4991 3206 5060 suggerit
3251 4999 3313 5043 ut
3366 4988 3527 5041 voluo

1958 5085 2206 5156 ptatibus
2234 5085 2420 5138 carnis
2446 5091 2498 5136 et
2533 5084 2702 5153 gloria
2740 5082 3273 5138 lruanturhnmana.
3324 5079 3526 5136 Iisdem

1953 5192 2085 5232 vero
2113 5192 2141 5231 a
2171 5188 2320 5231 motu
2348 5175 2588 5230 naturali
2616 5175 2890 5245 perversis
2917 5182 2971 5228 et
3002 5174 3111 5229 vim
3150 5187 3304 5229 suam
3337 5182 3528 5226 contra

1955 5280 2208 5325 naturam
2242 5267 2650 5324 deﬂectentibns
2697 5275 2751 5321 et
2793 5281 2822 5319 a
2868 5265 3051 5322 studio
3086 5279 3266 5319 rerum
3315 5263 3529 5317 divina-

1957 5375 2078 5415 rum
2101 5359 2155 5414 in
2181 5373 2272 5414 res
2296 5358 2562 5412 humanas
2580 5356 2889 5420 conversis,
2912 5362 2994 5410 est
3020 5353 3188 5407 telum
3217 5348 3528 5420 iniquitatis

1958 5454 2022 5508 ad
2055 5460 2363 5523 peccatum,
2409 5465 2519 5520 quo
2577 5450 2682 5505 illa:
2733 5459 2975 5519 pugnant
3035 5456 3088 5502 et
3132 5444 3532 5516 aggrediuntur

1959 5560 2054 5603 cos
2083 5544 2176 5615 qui
2209 5543 2325 5599 suis
2362 5541 2658 5613 impetibus
2691 5550 2748 5597 et
2792 5539 3189 5612 cupiditatibus
3234 5536 3525 5592 resistant.

1960 5637 2036 5692 ita
2059 5647 2115 5692 ut
2142 5636 2420 5707 practicus
2451 5643 2504 5690 et
2535 5633 2875 5690 theoreticus
2902 5639 2955 5687 et
2974 5629 3212 5686 maxime
3241 5626 3525 5696 theologus

1959 5729 2280 5790 ostendatur
2327 5727 2492 5784 bomo
2525 5727 2578 5784 in
2609 5725 2787 5784 medio
2832 5723 3091 5783 Ecclesiae
3157 5721 3420 5788 lidelium,
3470 5715 3517 5774 si
