4202 6450
269 399 369 461 861

1121 398 1668 460 PRACTICORUM
1707 401 2044 466 CAPITUM
2090 407 2480 470 CENTURIA
2527 410 2577 469 Ι.

3397 419 3502 482 862

265 513 369 564 παὶ
427 508 537 562 τῶν
580 508 910 579 αἰσθήσεων,
961 508 1224 579 φέρουσα,
1268 508 1384 562 ἀλλ’
1431 509 1586 580 ὑλική
1621 527 1722 573 τις,
1756 507 1848 561 καὶ

1935 514 2142 583 aliquid
2171 515 2480 573 universale
2505 521 2557 574 in
2583 527 2757 576 totum
2789 537 2988 592 corpus
3018 532 3328 582 extensum.
3363 528 3501 585 Cum

266 602 496 654 καθόλου
558 599 657 653 τοῦ
711 599 986 668 σώματος.
1056 599 1226 652 Ὅταν
1287 596 1382 652 οὖν
1444 600 1520 672 μὴ
1579 601 1853 671 χρειωδῶς

266 693 638 764 προσψαύσειὲ
684 709 851 756 τινος,
899 690 982 744 ἔτι
1021 692 1454 762 προσπάσχουσα
1486 695 1606 756 ταῖς
1645 692 1853 763 λειότη-

265 804 341 850 σι,
403 785 729 838 σαλεύεσθαι
783 785 877 837 τὸν
930 781 1058 837 νοῦν
1106 782 1211 837 ὑπὸ
1263 783 1539 854 λογισμῶν
1591 784 1853 854 ἐμπαθῶν

265 879 666 948 ἀπεργάζεται.
715 877 886 930 Ὅταν
921 876 979 930 δὲ
1008 875 1151 930 κατά
1181 877 1387 946 χρείαν,
1414 878 1512 944 τὴν
1546 876 1851 943 ἀναγκαίαν

268 973 330 1040 τῇ
369 970 529 1036 φύσει
578 973 700 1032 ταῖς
753 969 1092 1040 ἀπαλότησιν
1147 967 1557 1038 ἀποταξαμένη,
1609 969 1700 1020 καὶ
1753 969 1851 1040 τὴν

266 1064 518 1133 αἴσθησιν
553 1062 940 1132 ὐπερκύψασα,
973 1062 1075 1115 οὐκ
1101 1061 1290 1114 εἴωθεν
1321 1061 1634 1115 ὑποσαίνειν
1660 1061 1729 1115 τὰ
1752 1063 1852 1134 τῆς

265 1161 443 1231 ψυχῆς
475 1159 829 1229 αἰσθητήρια.

335 1273 440 1345 κβ’.
485 1275 592 1327 Τοῦ
649 1275 764 1336 νοξς
807 1274 864 1326 ὲν
917 1274 1030 1338 τοῖς
1077 1273 1216 1343 ὑπὲρ
1269 1271 1432 1342 φύσιν
1475 1273 1847 1343 χωρήσαντος,

264 1371 322 1423 al
359 1367 638 1435 αἰιθήσεις
681 1369 820 1422 κατὰ
870 1368 1034 1435 φύσιν
1075 1367 1330 1430 ἑστῶσαι,
1364 1366 1593 1430 ἀπαθῶς
1617 1370 1736 1430 ταῖς
1765 1367 1852 1418 αἰ-

264 1461 409 1524 τίαις
440 1460 852 1531 προσομιλοῦσι,
886 1462 1008 1523 τοὺς
1039 1460 1229 1530 λόγους
1255 1461 1450 1530 μόνους
1487 1461 1583 1514 καὶ
1619 1460 1719 1524 τάς
1754 1459 1853 1531 φύ-

267 1570 381 1616 σεις
439 1553 622 1606 αὐτῶν
668 1553 992 1622 ἐρευνῶσαι,
1037 1555 1134 1607 καὶ
1178 1552 1426 1622 ἀψευδῶς
1479 1553 1851 1624 διακρίνουσαι

258 1645 360 1707 τὰς
386 1644 590 1697 τούτων
621 1646 900 1715 ἐνεργείας
927 1646 1063 1714 ὁμοῦ
1094 1649 1187 1700 καὶ
1214 1649 1531 1717 ποιότητας,
1567 1648 1643 1717 μὴ
1677 1665 1850 1715 προσ-

260 1732 598 1800 πάσχουσαι,
643 1732 676 1800 ἢ
704 1733 969 1800 σχετικῶς
1000 1732 1151 1802 παρὰ
1179 1733 1342 1801 φύσιν
1373 1733 1688 1801 κινούμεναι
1716 1732 1854 1798 πρὸς

262 1823 331 1876 αύ
340 1824 460 1884 τάς.

339 1921 445 1982 κγ’.
499 1914 740 1983 Ἀγῶνες
767 1913 862 1966 καὶ
898 1912 1049 1966 πόνοι
1087 1914 1480 1984 πνευματικοὶ,
1518 1915 1752 1983 γεννῶσι
1787 1917 1853 1986 τῇ

259 2007 410 2077 ψυχῇ
464 2007 807 2078 εὐφροσύνην
834 2023 846 2034 ·
888 2006 1114 2075 είρήνης
1171 2005 1415 2074 δηλονότι
1462 2010 1856 2078 προηγησαμέ-

261 2117 360 2167 νης
398 2099 610 2153 παθῶν.
653 2098 832 2168 Ὅπερ
880 2097 972 2151 οὖν
1004 2100 1118 2160 τοῖς
1167 2097 1272 2151 ὑπὸ
1305 2099 1406 2168 τὴν
1443 2099 1694 2171 αἴσθησιν
1729 2101 1857 2155 δυσ-

264 2190 444 2260 χερὲς,
498 2189 661 2243 τοῦτο
708 2191 854 2261 ψυχῇ
907 2189 1144 2261 πονούσῃ
1203 2193 1296 2244 καὶ
1346 2191 1512 2245 πόθον
1581 2191 1642 2257 ἐξ
1689 2193 1855 2263 ιερῶν

266 2280 510 2351 ἱδρώτων
542 2282 633 2334 ἐπὶ
668 2282 801 2335 Θεὸν
839 2282 1184 2355 κτησαμένη,
1224 2283 1317 2336 καὶ
1353 2282 1665 2356 βεϐλημὲνῃ
1703 2285 1855 2350 θείας

261 2376 521 2443 γνώσεως
562 2376 747 2447 ἔρωτι,
783 2378 914 2448 ῥᾷον
958 2377 1053 2429 καὶ
1104 2376 1306 2446 μᾶλλον
1345 2377 1628 2446 ἡδύτατον.
1674 2379 1854 2434 Ἐκείη

261 2485 372 2531 νοις
406 2468 504 2538 μὲν
537 2469 644 2536 γὰρ
694 2468 742 2520 οἱ
782 2468 935 2521 πόνοι
989 2468 1084 2521 καὶ
1133 2470 1182 2520 oi
1229 2468 1441 2536 ἀγῶνες
1480 2470 1579 2540 τῆς
1625 2470 1851 2541 ἀρετῆς,

262 2562 360 2614 άτε
423 2561 486 2631 δὴ
547 2562 768 2615 ἀνέσεσι
811 2563 1066 2632 σώματος
1120 2563 1212 2615 καὶ
1267 2562 1472 2633 ἡδονῶν
1518 2563 1881 2617 ἀπολαύσεσι-

261 2656 703 2725 προσκειμένοις,
725 2654 1010 2726 δυσχερεῖς
1045 2657 1175 2720 εἱσι,
1209 2654 1304 2708 καὶ
1338 2655 1458 2707 λίαν
1483 2655 1856 2725 δοκοῦσιτρα-

263 2751 398 2816 χεῖς,
449 2750 524 2818 μὴ
580 2748 1027 2820 προμελετήσασι
1079 2748 1140 2800 τὸ
1189 2747 1434 2817 ἁλμυρὸν
1470 2748 1580 2800 τῶν
1625 2747 1851 2818 ἡδονῶν,

261 2839 678 2893 ἀποκλύσασθαι
731 2843 846 2903 τοῖς
905 2841 1112 2909 νάμασι
1163 2838 1273 2892 τῶν
1329 2838 1620 2908 δακρύωνο
1678 2839 1851 2910 ταύτῃ

261 2931 318 2983 δὲ
343 2931 671 3000 ποθούμενοί
701 2948 760 2983 τε
793 2931 885 2984 καὶ
921 2929 1317 3000 ἀσπαζόμενοι,
1351 2929 1719 3000 βδελυξαμὲνῃ
1753 2931 1851 2991 τάς

265 3022 566 3091 προξένους
619 3024 812 3091 ἡδονάς
860 3023 961 3094 τῆς
1004 3022 1220 3092 ὀδύνης,
1275 3023 1368 3074 καὶ
1409 3022 1510 3090 τὴν
1554 3022 1853 3076 εὐπάθειαν

261 3116 701 3189 ἀποσεισαμένῃ,
755 3116 892 3185 μετά
945 3116 1044 3183 τῆς
1089 3113 1376 3183 φιλαυτίας
1424 3113 1519 3167 τοῦ
1577 3114 1831 3184 σώματος

1937 603 2105 673 igitur
2159 606 2281 660 sine
2334 609 2566 662 utilitate
2606 611 2810 680 aliquid
2865 615 3059 684 tetigit,
3117 616 3294 670 adhuc
3350 620 3504 677 laevia

1937 709 2216 766 appetens,
2249 708 2485 754 mentem
2517 703 2698 770 pravis
2727 707 3013 773 perturbat
3046 707 3502 779 cogitationibus.

1935 788 2072 843 Cum
2107 806 2237 846 vero
2269 803 2494 862 propter
2520 795 2836 858 utilitatem.
2870 800 2959 853 vix
3005 810 3216 858 natura;
3256 805 3502 859 necessi-

1938 882 2142 938 tatibus
2171 884 2225 936 in
2263 884 2404 938 lenia
2453 887 2726 955 tangendo
2782 889 3017 958 impletis
3041 933 3054 956 ,
3093 895 3276 948 statim
3327 897 3504 950 sensi-

1939 975 2202 1029 liilitatem
2236 992 2649 1049 supergressus,
2685 981 2881 1036 animae
2918 997 3112 1040 sensus
3153 1001 3504 1043 commovere

1937 1081 2046 1118 non
2081 1067 2238 1123 solet.

2010 1263 2101 1319 22.
2133 1265 2421 1322 lntellectu
2466 1267 2613 1324 circa
2662 1284 2750 1324 res
2781 1274 3227 1340 supernaturales
3265 1282 3505 1340 versato,

1941 1372 2138 1411 sensus
2170 1357 2222 1411 in
2269 1360 2462 1416 ordine
2511 1371 2723 1416 naturae
2775 1365 3048 1426 sistentes,
3088 1381 3268 1418 rerum
3324 1365 3508 1420 causis

1941 1451 2181 1518 student,
2236 1455 2478 1510 rationes
2506 1464 2719 1509 tantum
2754 1466 2807 1512 et
2858 1467 3084 1511 naturas
3132 1473 3317 1512 earum
3350 1473 3510 1511 scru-

1942 1555 2162 1610 tantes,
2210 1555 2264 1600 et
2330 1546 2697 1602 infallibiliter
2756 1549 3137 1604 discernentes
3185 1550 3506 1603 earumdem

1940 1641 2085 1694 vires
2139 1641 2304 1695 simul
2361 1652 2416 1697 et
2464 1645 2784 1712 qualitates,
2839 1661 2949 1700 non
3000 1662 3128 1700 vero
3175 1646 3502 1718 cupiditate,

1941 1731 2202 1790 aﬂectuve
2228 1735 2281 1790 in
2308 1751 2402 1793 eas
2423 1739 2702 1793 commoti.

2005 1914 2096 1970 23.
2139 1913 2325 1970 Lucta:
2361 1916 2685 1987 laboresque
2707 1915 3021 1987 spirituales
3059 1918 3280 1987 pariunt
3311 1917 3506 1973 animae

1938 2009 2221 2079 gaudium,
2277 2024 2412 2079 pace
2448 2009 2698 2064 videlicet
2739 2010 3070 2079 cupiditates
3124 2011 3504 2080 prmveniente.

1939 2100 2092 2168 Quod
2143 2103 2305 2172 igitur
2334 2103 2680 2156 sensualibus
2736 2117 2939 2171 aegrum
2985 2110 3110 2164 est,
3159 2103 3260 2156 hoc
3312 2104 3507 2156 anima:

1939 2193 2227 2256 laboranti,
2278 2203 2331 2248 et
2382 2208 2412 2248 e
2466 2194 2642 2248 sacris
2703 2195 3000 2250 sudoribus
3060 2193 3390 2248 desiderium
3452 2195 3505 2248 in

1932 2285 2105 2340 Deum
2137 2286 2342 2355 potine,
2374 2294 2538 2355 atque
2561 2301 2748 2340 amore
2773 2286 2961 2340 divino
2993 2286 3308 2349 vulnerata,
3348 2284 3508 2339 facile

1938 2385 2024 2432 est
2070 2385 2124 2432 et
2154 2376 2306 2430 valde
2339 2391 2637 2432 amoenum.
2674 2376 2782 2430 Illis
2815 2377 2984 2442 enim,
3034 2387 3223 2447 utpote
3255 2378 3508 2447 corporis

1938 2468 2180 2523 mollitia:
2232 2467 2687 2537 voluptatumque
2748 2467 2994 2522 fruitiuni
3055 2467 3505 2534 inservientibus,

1938 2559 2157 2614 labores
2203 2574 2514 2628 agonesque
2562 2559 2785 2614 virtutis
2835 2560 3034 2630 ingrati
3071 2569 3198 2614 sunt
3244 2570 3298 2616 et
3345 2562 3507 2617 nimis

1939 2653 2118 2722 asperi
2172 2652 2454 2714 videntur,
2510 2652 2638 2720 quia
2670 2668 2779 2706 non
2830 2654 3137 2721 recogitant
3168 2654 3504 2722 voluptatum

1937 2745 2018 2800 sal
2079 2745 2414 2798 torrentibus
2481 2744 2846 2812 lacrymarum
2923 2745 3106 2809 ablui;
3181 2746 3307 2800 huic
3383 2763 3509 2800 vero

1936 2837 2132 2890 animae
2157 2837 2293 2904 grati
2333 2845 2461 2891 sunt
2495 2852 2556 2890 ac
2582 2837 2997 2900 desiderabiles,
3030 2838 3156 2906 quia
3195 2839 3243 2892 ei
3277 2839 3508 2893 sordent

1936 2929 2248 2996 voluptates
2297 2929 2640 2984 irritamenta
2679 2929 2954 2993 dolorum,
2983 2939 3037 2983 et
3087 2931 3506 2987 delectationem

1938 3022 2288 3090 rejicit,cum
2325 3035 2509 3077 arnore
2566 3023 2772 3092 proprii
2833 3025 3102 3092 corporis,
3163 3039 3226 3078 ac
3283 3026 3511 3094 proinde

1939 3131 2106 3167 unum
2141 3114 2191 3168 ei
2242 3113 2516 3182 diSplicel,
2561 3130 2754 3183 nempe
2811 3115 3062 3168 laborum
3120 3115 3278 3184 quies
3336 3117 3509 3169 lucta-

267 3208 365 3260 ’Ἑν
401 3204 494 3260 οὖν
525 3209 661 3278 αὐτῇ
714 3206 982 3278 λυπηρὸν,
1020 3209 1051 3276 ἡ
1085 3207 1270 3269 ἄνεσις
1319 3205 1431 3258 τῶν
1457 3207 1656 3272 πόνων,
1688 3210 1782 3260 καὶ
1816 3209 1849 3278 ἡ

1941 3221 2174 3272 rumque
2214 3206 2474 3259 cessatio.
2509 3204 2669 3269 Quod
2712 3220 2842 3275 ergo
2881 3206 2990 3260 illis
3030 3208 3185 3261 affert
3257 3210 3505 3275 corporis

259 3301 372 3352 τῶν
423 3300 656 3367 ἀγώνων
710 3301 902 3369 ἀργία.
955 3301 1021 3351 Ὃ
1076 3300 1259 3352 τοίνυν
1307 3297 1569 3368 πρόξενον
1623 3300 1851 3364 ἐκείνοις

260 3394 408 3445 ἐστὶν
441 3394 521 3456 είς
547 3393 888 3464 εὐφροσύνην
921 3392 1264 3464 σωματικὴν,
1303 3392 1462 3445 τοῦτο
1489 3392 1636 3462 ψυχῇ
1683 3409 1853 3461 μετα-

266 3486 474 3558 θεμένῃ
502 3487 599 3548 τάς
639 3489 855 3555 ἐφέσεις
899 3489 990 3540 ἐπὶ
1036 3488 1105 3541 τά
1142 3487 1281 3552 θεῖα,
1316 3486 1493 3557 λύπης
1523 3489 1729 3540 αἴτιον·
1758 3489 1852 3540 καὶ

259 3579 285 3628 ὃ
325 3578 534 3645 ταύτης
566 3579 742 3631 αἴτιον
791 3578 1131 3650 εὐφροσύνης
1174 3584 1576 3652 πνευματικῆς,
1620 3580 1851 3642 ἐκείνοις

262 3670 590 3736 στεναγμῶν
630 3669 723 3722 καὶ
759 3670 951 3740 ὀδύνης
976 3672 1289 3741 παραίτιον.

330 3758 429 3812 κδ’.
481 3761 544 3812 Οί
579 3760 729 3811 πόνοι
771 3760 985 3814 δοκοῦσι
1025 3763 1122 3831 μὲν
1185 3763 1252 3815 ἐκ
1306 3763 1611 3833 προοιμίων
1659 3761 1850 3832 ὀδύνης

260 3847 401 3904 εἶναι
450 3855 727 3922 ποιητικοὶ
760 3855 893 3907 πᾶσι
930 3857 1041 3916 τοῖς
1076 3855 1454 3924 εἰσαγομένοις
1500 3858 1582 3916 είς
1622 3853 1853 3926 ίδρῶτας

262 3942 358 3994 καὶ
399 3943 618 4009 ἀγῶνας
654 3943 1058 4014 πνευματικούς
1085 3963 1097 3976 ο
1150 3943 1585 4016 γυμναζομένοις
1617 3945 1672 3998 δὲ
1714 3949 1852 4018 πρὸς

260 4031 508 4084 ἐπίδοσιν
547 4033 772 4102 ἀρετῆς,
811 4033 906 4085 καὶ
963 4033 1101 4103 πρὸς
1148 4033 1209 4085 τὸ
1261 4033 1425 4103 μέσον
1457 4034 1851 4103 ὲπεκτεινομέ-

261 4141 373 4186 νοις
427 4125 631 4186 αὐτοῖς,
697 4123 896 4194 ἡδονῆς
951 4142 1101 4188 τινος
1139 4125 1230 4176 καὶ
1280 4123 1583 4196 παραδόξου
1615 4124 1852 4186 ἀνέσεως

261 4219 567 4288 φαίνονται.
604 4218 776 4271 Ὅταν
821 4218 876 4272 δὲ
905 4218 964 4272 τὸ
996 4217 1188 4288 θνητὸν
1228 4219 1387 4270 τοῦτο
1408 4215 1695 4288 καταποθῇ
1726 4214 1851 4285 φρό·

260 4327 412 4378 νημα
470 4309 569 4378 τῆς
636 4310 861 4378 σαρκὸς,
918 4309 1022 4363 ὑπὸ
1068 4313 1165 4380 τῆς
1221 4311 1491 4364 ἀθανάτου
1553 4309 1698 4379 ζωῆς
1753 4310 1853 4379 τῆς

259 4404 652 4475 ἐπιγινομένης
697 4403 757 4469 ἐξ
795 4405 1088 4475 ἐπιδημίας
1133 4405 1229 4460 τοῦ
1268 4404 1610 4474 Πνεύματος,
1653 4405 1711 4456 ὲν
1739 4403 1853 4465 τοῖς

259 4494 478 4564 ἀληθῶς
510 4496 979 4564 ἑπεκτεινομένοις
1017 4497 1152 4566 πρὸς
1206 4497 1277 4548 τά
1320 4495 1452 4566 τέλη
1498 4494 1607 4548 τῶν
1639 4492 1853 4565 ἀρετῶν

1939 3299 2222 3366 gaudium,
2254 3300 2352 3351 hoc
2389 3299 2582 3352 anitum
2623 3299 2892 3352 desideria
2926 3316 3025 3354 sua
3059 3300 3112 3353 in
3154 3301 3316 3354 Deum
3352 3317 3509 3368 repo-

1940 3391 2115 3451 nenti,
2150 3399 2234 3444 est
2288 3404 2454 3443 causa
2491 3389 2761 3457 tristitiae;
2806 3398 2858 3445 et
2888 3393 3032 3461 quod
3092 3393 3217 3445 huic
3267 3394 3506 3447 lartitiam

1938 3483 2030 3536 dat
2063 3483 2424 3552 spiritualem,
2460 3481 2570 3538 illis
2599 3484 2835 3552 gemitus
2869 3498 2935 3538 ac
2958 3485 3203 3539 dolorem
3237 3486 3397 3555 parit.

2009 3763 2098 3817 24.
2129 3762 2370 3818 Labores
2421 3763 2673 3817 videntur
2717 3763 2771 3816 in
2826 3762 2984 3816 initio
3017 3762 3262 3818 dolorem
3315 3779 3508 3833 parere

1939 3858 2193 3914 omnibus
2223 3857 2276 3912 in
2299 3856 2532 3914 sudores
2568 3870 2881 3927 agonesque
2904 3856 3221 3925 spirituales
3246 3857 3507 3913 inductis.

1939 3949 2036 4005 His
2088 3965 2217 4005 vero
2267 3951 2359 4019 qui
2420 3964 2518 4019 pro
2592 3951 2793 4004 virtute
2852 3949 3171 4018 adaugenda
3229 3950 3511 4005 luctantur

1934 4044 2156 4114 jamque
2186 4043 2252 4096 ad
2283 4041 2572 4095 dimidium
2610 4051 2742 4094 sunt
2777 4042 2969 4102 occisi,
3023 4040 3285 4110 gaudium
3337 4041 3512 4110 quod-

1941 4137 2061 4189 dam
2117 4144 2172 4188 et
2231 4134 2601 4188 incredibilem
2659 4133 2853 4186 aﬂerre
2912 4132 3170 4187 videntur
3240 4134 3502 4202 quietem.

1940 4226 2016 4279 Ac
2045 4225 2260 4279 tandem
2291 4225 2381 4279 ubi
2414 4225 2658 4279 mortalis
2685 4225 2783 4278 iste
2815 4225 3044 4280 recessit
3065 4227 3250 4280 carnis
3284 4240 3506 4289 sensus,

1941 4317 2202 4385 expulsus
2254 4318 2322 4371 ab
2383 4317 2672 4370 immortali
2723 4317 2834 4370 vita
2902 4331 3024 4385 qua:
3093 4331 3159 4371 ex
3214 4317 3508 4386 praesentia

1943 4409 2180 4478 Spiritus
2211 4409 2512 4464 innascitur
2556 4409 2624 4463 iis
2668 4411 2762 4479 qui
2793 4424 2919 4465 vere
2953 4409 3224 4464 interfecti
3263 4417 3393 4465 sunt
3423 4409 3507 4463 la-

1943 4503 2166 4556 boribus
2201 4517 2298 4571 pro
2345 4501 2678 4571 perfectione
2717 4501 3008 4566 virtutum,
3061 4511 3194 4557 tunc
3244 4502 3509 4558 inelIabili

259 4587 352 4640 διὰ
392 4587 594 4652 πόνων,
645 4590 821 4657 χαρᾶς
867 4565 1109 4658 ἀρρήτου
1166 4588 1262 4640 κα)⁸
1315 4588 1658 4659 εὐφροσύνης
1709 4587 1850 4658 πλη-

1940 4595 2139 4663 gaudio
2171 4565 2223 4647 ei
2255 4565 2437 4646 laetitia
2491 4593 2812 4662 implentur,
2871 4600 3059 4662 aperto
3095 4593 3347 4646 videlicet
3373 4593 3508 4662 ipsis

263 4679 508 4748 ροῦνται,
549 4677 1030 4747 ἀναστομωθείσης
1085 4679 1269 4742 αύτοῐς
1309 4678 1510 4751 δηλαδὴ
1540 4679 1725 4750 πηγῆς
1756 4695 1855 4731 κα-

269 4771 437 4840 )αράς
463 4769 571 4821 τῶν
607 4768 860 4838 δακρύων
890 4768 987 4822 καὶ
1030 4767 1301 4840 γλυκεροῦ
1353 4768 1600 4840 νάματος
1644 4767 1854 4825 ἀνωθεν

260 4860 703 4930 ἐπομϐρυθέντος
734 4860 833 4927 τῆς
871 4860 1238 4926 κατανύξεως.

335 4951 435 5004 κε’.
489 4952 551 5002 Εἰ
595 4950 774 5018 βούλει
828 4950 937 5003 τῶν
985 4952 1128 5020 ὅρων
1177 4951 1438 5020 ἐπιϐῆναι
1475 4951 1576 5020 τῆς
1628 4955 1852 5024 ἀρετῆς,

263 5045 359 5098 καὶ
402 5043 500 5114 τὴν
551 5045 687 5113 πρὸς
731 5044 864 5095 Θεὸν
912 5044 1183 5114 φέρουσαν
1237 5045 1419 5114 εὑρεῖν
1461 5043 1741 5109 ἀπλανῶς.
1777 5045 1852 5117 μὴ

261 5136 367 5206 δῷς
410 5136 582 5188 ὕπνον
609 5139 720 5199 τοῖς
748 5137 1049 5206 ὀφθαλμοῖς
1081 5155 1197 5204 σου,
1232 5139 1364 5208 μηδὲ
1392 5138 1705 5208 νυσταγμδν
1742 5141 1854 5202 τοῖς

263 5226 557 5297 βλεφάροις
612 5243 742 5291 σου,
793 5227 826 5297 ἢ
878 5228 1186 5284 ἀνάπαυσιν
1234 5231 1348 5292 τοῖς
1392 5229 1687 5300 κροτάφοις
1733 5245 1850 5296 σου,

262 5319 366 5381 ἕως
433 5313 518 5385 οὗ,
573 5320 661 5373 διά
712 5320 892 5374 πόνων
944 5319 1155 5373 πολλῶν
1213 5323 1308 5375 καὶ
1362 5321 1636 5391 δακρύων,
1685 5320 1852 5374 τόπον

259 5409 531 5471 ἀπαθείας
593 5409 761 5480 εὕρῃς
814 5412 880 5479 τῇ
947 5411 1338 5484 τετρυχωμένῃ
1377 5410 1522 5481 ψυχῇ
1567 5426 1696 5463 σου’
1753 5409 1850 5463 καὶ

259 5502 514 5572 εἰσέλθῃς
549 5503 626 5564 είς
652 5501 714 5554 τδ
752 5502 1112 5571 ἀγιαστήριον
1140 5502 1237 5571 τῆς
1263 5501 1516 5570 γνώσεως
1536 5501 1632 5555 τοῦ
1672 5501 1808 5555 Θεοῦ
1831 5515 1850 5535 ·

256 5596 351 5646 καὶ
385 5594 475 5645 διὰ
497 5593 596 5661 τῆς
615 5596 982 5648 ὲνυποστάτου
1005 5595 1196 5664 σοφίας
1223 5593 1414 5662 αὐτοῦ,
1446 5596 1527 5656 είς
1556 5595 1626 5649 τά
1647 5594 1852 5665 ἔσχατα

257 5684 402 5736 τέλει
441 5682 551 5735 τῶν
599 5683 960 5754 ἀνθρωπίνων
1013 5683 1356 5754 πραγμάτων
1388 5683 1530 5754 μετά
1579 5684 1849 5746 συνέσεως

258 5775 395 5844 ἴδῃς,
431 5777 524 5827 καὶ
548 5775 656 5827 τῶν
683 5777 834 5830 κάτω
856 5775 1302 5846 καταφρονήσας,
1329 5775 1424 5826 ἐπὶ
1451 5773 1517 5828 τά
1542 5773 1723 5844 ὑψηλά
1749 5773 1850 5842 ὄρη

262 5867 353 5932 τῆς
397 5865 649 5936 θεωρίας,
699 5867 842 5920 κατά
871 5867 969 5933 τὰς
1020 5868 1271 5938 ἐλάφους,
1325 5867 1416 5920 καὶ
1447 5866 1604 5929 αὐτὸς
1641 5865 1850 5936 διψητι-

261 5956 481 6011 κώτατα
525 5957 867 6028 ἀναδρὰμῃς.

1936 4685 2085 4740 fonte
2131 4685 2490 4754 Iacrytuarum
2539 4701 2602 4737 ac
2650 4683 2799 4739 dulci
2832 4684 3272 4754 compunctionis
3335 4684 3509 4738 imbre

1936 4778 2150 4834 coalitus
2181 4777 2416 4847 pluente.

2004 4950 2096 5004 25.
2132 4947 2188 5002 Si
2241 4949 2323 5002 vis
2370 4948 2434 5001 ad
2469 4946 2690 4999 virtutis
2744 4947 2950 5012 apicem
2985 4946 3302 5009 ascendere,
3341 4955 3394 4999 et
3426 4947 3507 5000 in-

1939 5042 2122 5097 venire
2169 5041 2313 5093 viam
2372 5054 2494 5108 qua
2524 5038 2589 5090 ad
2639 5036 2810 5091 Deum
2869 5047 3014 5091 recta
3055 5037 3228 5098 ducit,
3296 5050 3364 5092 ne
3409 5037 3510 5091 des

1940 5147 2188 5189 somnum
2230 5133 2404 5186 oculis
2452 5131 2583 5194 tuis,
2630 5145 2731 5184 nec
2784 5129 3063 5198 palpebris
3096 5130 3205 5183 tuis
3245 5128 3507 5182 dormita-

1940 5228 2166 5289 tionem,
2243 5239 2343 5278 nec
2397 5224 2639 5291 requiem
2700 5221 3044 5289 temporibus
3110 5221 3240 5282 tuis,
3309 5218 3505 5283 donec,

1940 5317 2235 5373 sudoribus
2275 5315 2525 5384 perfusus
2566 5321 2621 5366 et
2665 5312 2942 5382 lacrymis,
2976 5312 3151 5364 locum
3194 5309 3508 5376 impassibi-

1940 5406 2107 5461 litatis
2136 5407 2382 5460 invenias
2415 5403 2724 5471 defatigata:
2759 5406 2955 5456 anima:
2985 5409 3114 5466 tum,
3167 5411 3222 5455 et
3264 5401 3506 5454 introeas

1941 5501 1995 5553 in
2023 5497 2391 5552 sanctuarium
2423 5495 2666 5548 scientiae
2701 5493 2818 5557 Dei,
2853 5508 2915 5546 ac
2947 5507 3042 5561 per
3073 5492 3196 5560 ejus
3239 5505 3504 5561 persona-

1940 5593 2044 5646 lem
2085 5589 2428 5658 sapientiam,
2455 5590 2520 5642 ad
2551 5586 2984 5657 perfectissimas
3022 5599 3204 5638 rerum
3239 5585 3506 5636 bumana-
3561 5654 3568 5663 ι

1942 5696 2060 5735 rum
2102 5680 2399 5748 prudenter
2453 5677 2725 5742 intendas,
2779 5686 2833 5730 et
2885 5691 3008 5746 q-uze
3063 5676 3318 5729 deorsum
3376 5679 3507 5728 sunt

1940 5773 2267 5842 despiciens,
2305 5771 2360 5824 in
2393 5769 2660 5824 sublimes
2698 5769 2920 5822 theorizn
2946 5777 3178 5830 montes,
3216 5780 3502 5821 cervorum

1946 5862 2120 5916 instar
2149 5869 2200 5914 et
2226 5861 2341 5920 inse
2379 5861 2466 5914 siti
2494 5858 2912 5913 ardentissimus
2940 5857 3195 5911 cursites.
