4202 6450
217 431 326 492 865

1062 411 1609 475 PliACTICORUM
1642 407 1981 469 CAPI'I‘UM
2012 406 2264 469 CENTU
2280 405 2407 465 RIA
2451 403 2504 463 Ι.

3344 393 3453 458 866

219 530 315 581 τοῦ
344 525 484 579 Θεοῦ
522 522 741 586 ἐντολὰς
768 537 782 551 ⁸
830 521 924 574 καὶ
953 521 1074 574 καθ’
1107 522 1343 592 ἑκάστην
1371 524 1428 576 ἐν
1465 524 1693 593 δάκρυσι
1718 523 1786 575 τὰ

1902 519 2067 573 donec
2090 518 2302 570 oriatur
2330 515 2434 585 ipsi
2458 509 2626 565 herba
2655 504 3142 577 impassihilitatis,
3161 512 3217 558 et
3241 514 3456 555 crescat

223 621 522 689 σπέρματα
579 616 745 670 αὑτοῦ
795 612 1197 668 καταϐάλλεται
1261 615 1319 665 ἐν
1365 616 1432 684 τῇ
1494 613 1646 685 χώρᾳ
1679 614 1788 667 τῶν

221 714 468 779 ζώντων,
519 711 623 772 ἕως
651 700 713 761 οὗ
765 710 872 778 φυῇ
917 706 1065 774 αὐτῷ
1116 707 1150 776 ἡ
1199 706 1329 776 χλόη
1358 707 1457 774 τῆς
1502 707 1787 772 ἀπαθείας,

1893 611 1946 664 in
2011 609 2285 664 calamum
2343 604 2541 659 divinat
2589 602 2854 667 scientiae,
2899 605 2955 652 et
3004 597 3259 651 crebrum
3316 592 3460 647 ferat

1891 716 2119 771 granum
2148 697 2347 752 rationi
2379 694 2813 767 superpositum,
2833 698 2890 747 et
2906 696 2997 748 eat
3028 690 3211 745 ferens
3245 689 3459 743 fructus

223 808 319 858 καὶ
350 804 432 865 εἰς
462 802 714 871 καλάμην
739 800 948 868 αὐξήσῃ
971 796 1222 865 γνώσεως
1258 796 1429 859 θείας,
1464 798 1555 848 καὶ
1591 798 1790 866 στάχυν

1902 793 2120 861 iustitiae
2158 806 2291 848 suae.

224 896 371 968 φέρῃ
424 894 517 947 τὸν
567 895 763 946 κόκκον
825 891 918 943 τοῦ
992 889 1150 956 λόγου
1206 889 1635 957 ἐπιφερόμενον,
1699 888 1793 940 καὶ

224 986 355 1055 ἔλθῃ
410 985 590 1056 φέρων
644 986 715 1037 τὰ
775 982 1089 1051 γεννήματα
1134 981 1233 1049 τῆς
1282 979 1632 1049 δικαιοσύνης
1694 981 1792 1033 αὖ·

224 1095 344 1131 του.

296 1166 361 1222 λ’.
395 1164 706 1234 Οὐδαμόθεν
754 1162 926 1226 οὕτως
972 1161 1160 1232 οίομαι
1189 1161 1290 1230 τὴν
1338 1162 1622 1232 προκοπὴν
1651 1161 1796 1229 γίνε-

226 1259 355 1311 σθαι
389 1259 487 1327 τῆς
519 1257 696 1326 ψυχῆς
724 1257 950 1325 ταχεῖαν
990 1254 1085 1307 καὶ
1116 1253 1398 1323 σύντομον,
1427 1252 1501 1314 ὡς
1538 1254 1601 1304 ἐκ
1632 1254 1797 1322 μόνης

223 1351 325 1416 τῆς
357 1348 625 1410 πίστεωςο
674 1347 908 1409 πίστεως
959 1346 1039 1409 δέ,
1086 1345 1147 1398 οὐ
1195 1345 1294 1415 τῆς
1343 1346 1422 1406 εἰς
1452 1343 1583 1395 Θεὸν
1617 1345 1796 1412 μόνον,

229 1439 453 1507 καὶτῆς
506 1438 645 1507 πρὸς
690 1436 782 1489 τὸν
836 1434 1099 1504 μονογενῆ
1143 1434 1332 1487 τούτου
1365 1435 1512 1498 Υίδν,
1545 1434 1679 1487 ἀλλὰ
1704 1434 1800 1486 καὶ

227 1526 332 1594 τῆς
380 1526 705 1591 ἐνδιαθέτου,
756 1525 875 1595 μεθ’
920 1518 988 1595 ἧς
1032 1524 1362 1593 πιστεύομεν
1399 1522 1620 1593 ἀληθεῖς
1664 1520 1799 1575 εἶναι

225 1616 326 1677 τὰς
354 1613 688 1681 ἐπαγγελίας
715 1613 976 1684 Χριστοῦ,
1018 1613 1084 1675 ἃς
1117 1613 1483 1682 ἐπηγγείλατο
1525 1614 1619 1665 καὶ
1651 1615 1801 1684 ἡτοί-

230 1720 371 1773 μασε
391 1706 505 1767 τοῖς
529 1704 821 1771 ἀγαπῶσιν
850 1703 1035 1768 αὐτὸν,
1060 1701 1157 1756 καὶ
1187 1702 1288 1765 τάς
1319 1701 1551 1765 ἀπειλὰς
1580 1704 1678 1756 καὶ
1709 1722 1802 1757 κο-

224 1791 415 1854 λάσεις
447 1791 542 1843 τοῦ
578 1790 728 1861 ᾅδου,
763 1791 861 1852 τάς
890 1791 1293 1859 ἡτοιμασμένας
1321 1790 1400 1859 τῷ
1432 1789 1663 1860 διαϐόλῳ
1711 1792 1804 1845 καὶ

1965 1152 2053 1207 50.
2110 1148 2228 1205 Νοη
2281 1150 2501 1206 aliunde
2557 1157 2665 1204 tam
2723 1149 2865 1204 citos
2919 1151 3219 1217 brevesque
3272 1150 3467 1203 animae

1895 1257 2223 1315 progressus
2274 1242 2386 1295 tieri
2438 1243 2695 1302 arbitror,
2745 1255 2905 1310 quam
2955 1257 3021 1293 ex
3074 1241 3187 1293 sola
3243 1238 3381 1305 ﬁde;
3413 1244 3469 1292 et

1895 1336 2114 1406 quidem
2147 1348 2252 1387 non
2290 1333 2555 1385 duntaxat
2582 1346 2649 1385 ex
2681 1332 2784 1384 ﬁde
2818 1332 2870 1384 in
2904 1329 3069 1383 Deum
3098 1338 3151 1383 et
3187 1332 3240 1383 in
3266 1328 3471 1399 Unige-

1898 1431 2070 1483 nitum
2104 1428 2224 1497 ejus
2271 1427 2493 1491 Filium,
2538 1426 2631 1480 sed
2681 1440 2748 1479 ex
2797 1427 3007 1479 sincera
3056 1425 3147 1479 illa
3198 1423 3303 1477 Ιὴιιο
3361 1438 3470 1490 qua

1896 1520 2173 1575 credimus
2214 1533 2374 1572 veras
2425 1532 2548 1572 esse
2598 1526 2714 1570 tum
2786 1516 3179 1585 promissinncs
3227 1513 3470 1576 Christi,

1897 1628 2037 1682 quas
2087 1607 2343 1680 promisit
2378 1624 2440 1661 ac
2478 1608 2804 1678 praeparavit
2856 1607 3212 1676 diligentibus
3265 1605 3469 1672 ipsum,

1899 1715 2013 1759 tum
2066 1702 2247 1755 minas
2284 1714 2588 1768 poenasque
2629 1699 2830 1753 inferni
2880 1705 3107 1768 paratas
3157 1696 3376 1751 diabolo
3418 1705 3473 1749 et

1898 1789 2019 1857 ejus
2084 1785 2337 1841 asseclis.
2389 1785 2517 1838 ﬂare
2570 1785 2685 1853 ipsa
2738 1784 2869 1838 ﬁdes
2926 1785 3123 1838 animae
3179 1782 3234 1836 in
3299 1796 3475 1849 agone

222 1887 339 1943 τοῖς
369 1881 628 1952 ἐργάταις
664 1880 848 1933 αὐτοῦ.
891 1880 1095 1951 Αὖτηὴ
1127 1882 1309 1945 πίστις
1339 1881 1679 1952 πληροφορεῖ
1704 1884 1803 1951 τὴν

1902 1878 2134 1943 luctanti
2171 1875 2472 1947 persuadet
2500 1882 2559 1927 ut
2590 1882 2774 1942 speret
2809 1888 2869 1929 se
2897 1883 3324 1928 consecuturam
3355 1885 3476 1927 esse

225 1972 406 2042 ψυχὴν
432 1971 675 2035 ἐλπίζειν
705 1973 1001 2041 ἐναγώνιον
1038 1970 1223 2038 οὖσαν,
1271 1975 1546 2044 ἐπιτυχεῖν
1572 1977 1671 2045 τῆς
1704 1992 1805 2029 και

225 2062 545 2123 ταστάσεως
597 2061 705 2113 τῶν
731 2062 923 2129 ἁγίων,
973 2063 1072 2131 τῆς
1122 2064 1400 2133 μακαρίας
1438 2063 1619 2117 αὐτῶν
1663 2065 1805 2117 ἀπα-

230 2151 408 2216 θείας,
439 2153 532 2205 καὶ
562 2153 894 2223 ἀναδραμεῖν
940 2155 1077 2223 πρὸς
1105 2155 1166 2207 τὸ
1209 2154 1341 2224 ὕψος
1375 2155 1474 2226 τῆς
1499 2156 1805 2226 ἁγιωσύνης

228 2242 437 2304 αὐτῶν,
486 2244 577 2295 καὶ
632 2243 1078 2314 συγκληρονόμον
1130 2245 1344 2308 τούτοις
1402 2245 1655 2313 γενέσθαι
1706 2234 1805 2316 τῆς

228 2328 325 2383 τοῦ
347 2329 483 2383 Θεοῦ
515 2330 810 2400 βασιλείας.
836 2330 994 2385 Οῦτω
1017 2333 1073 2385 δὲ
1096 2332 1607 2404 πληροφορουμένη,
1641 2351 1805 2387 σπου-

229 2420 397 2483 δαίως
446 2422 585 2490 πρὸς
628 2421 729 2491 τὴν
792 2423 1058 2493 ἐργασίαν
1107 2423 1214 2476 τῶν
1270 2424 1503 2477 ἐντολῶν
1561 2425 1807 2478 ἐπεκτεί-

232 2527 423 2574 νεται,
487 2512 562 2581 μὴ
632 2512 979 2577 ἐνδοιάζουσα
1034 2513 1158 2567 καθ’
1208 2515 1407 2584 ἐαυτὴν
1438 2552 1455 2580 ,
1520 2515 1656 2569 ἀλλὰ
1715 2533 1806 2586 μι-

235 2606 489 2672 μουμένη
516 2603 642 2665 τοὺς
683 2604 879 2668 πόνους
920 2605 1167 2670 ἐκείνων,
1211 2607 1304 2659 καὶ
1341 2607 1429 2660 διὰ
1458 2606 1568 2660 τῶν
1604 2608 1807 2677 ὁμοίων

231 2694 461 2757 ἀγώνων
529 2693 800 2747 διώκουσα
852 2696 1180 2751 καταλαϐεῖν
1228 2699 1328 2768 τὴν
1374 2698 1555 2752 αὐτῶν
1604 2698 1808 2752 τελειόο

233 2800 399 2854 τητα.

306 2873 411 2930 λα’.
445 2875 899 2931 Συναλλοιοῦσθαι
934 2878 1180 2948 πέφυκεν
1208 2881 1241 2950 ἡ
1276 2878 1475 2945 ἔξωθεν
1504 2882 1599 2935 τοῦ
1632 2899 1811 2950 προσ-

234 2966 390 3019 ώπου
447 2968 805 3033 κατάστασις,
868 2972 931 3040 τῇ
982 2972 1132 3034 ἐντὸς
1176 2971 1276 3041 τῆς
1311 2972 1491 3043 ψυχῆς
1534 2974 1812 3028 καταστά-

233 3076 340 3112 σει.
384 3061 518 3113 Οίαν
577 3060 688 3129 γὰρ
740 3064 774 3133 ἡ
819 3063 982 3132 νοερὰ
1017 3063 1231 3133 κίνησις
1278 3066 1448 3135 αὐτῆς
1481 3067 1578 3134 τὴν
1639 3069 1811 3137 ἐργαο

234 3151 360 3203 σίαν
406 3150 540 3221 ἔχει,
590 3152 850 3223 τοιαύτην
882 3155 979 3207 καὶ
1020 3155 1200 3225 ἠῦψις
1231 3156 1326 3210 τοῦ
1357 3157 1648 3223 προσώπου
1699 3160 1811 3222 τοῖς

1899 1967 2367 2025 restaurationem
2417 1976 2737 2022 sanctorum
2781 1966 3116 2035 felicemque
3144 1982 3336 2019 eorum
3371 1965 3475 2019 im-

1898 2060 2345 2128 passibilitatem,
2382 2068 2552 2126 utque
2603 2059 2813 2111 nitatur
2844 2058 2914 2112 ad
2958 2058 3236 2111 excelsam
3279 2070 3475 2109 eorum

1902 2151 2358 2214 sanctimoniam,
2398 2160 2465 2217 et
2493 2151 2741 2205 cohaeres
2782 2150 2898 2218 ipsa
2947 2138 3197 2202 ﬁat-rita:
3225 2156 3470 2201 aeternae.

1902 2242 2019 2297 Tali
2051 2256 2235 2299 autem
2270 2243 2468 2298 ﬁ-lucia
2493 2243 2724 2310 repleta,
2757 2241 3068 2295 studiosam
3107 2238 3477 2308 adimplcndis

1901 2334 2182 2391 mandatis
2232 2349 2453 2404 Operam
2506 2334 2798 2403 impendit,
2847 2334 3047 2387 nonin
3099 2347 3159 2387 se
3190 2330 3477 2393 dubitans,

1902 2423 1997 2479 scd
2025 2423 2254 2477 imitans
2288 2423 2507 2476 illorum
2551 2423 2789 2486 labores,
2822 2428 2874 2475 et
2905 2437 3001 2491 per
3028 2420 3238 2477 similes
3265 2432 3479 2491 pugnas

1903 2514 2141 2571 similem
2174 2527 2515 2583 persequens
2554 2512 2983 2583 perfectionem.

1972 2872 2066 2927 3t.
2097 2869 2350 2927 Exterior
2385 2872 2573 2926 vultus
2608 2869 2836 2926 habitus
2869 2870 3036 2926 simul
3064 2885 3190 2926 cum
3228 2871 3479 2927 interiori

1903 2967 2102 3019 animae
2152 2964 2341 3019 habitu
2398 2963 2601 3018 mutari
2649 2963 2814 3018 solet.
2858 2963 3033 3028 Quam
3084 2964 3232 3018 enim
3283 2978 3483 3032 Opera-

1905 3062 2112 3116 tionem
2159 3067 2343 3115 motus
2388 3058 2557 3127 hujus
2610 3056 3007 3112 intellectualis
3044 3065 3286 3118 exercet,
3340 3056 3483 3110 hanc

1906 3152 2080 3206 iacies
2110 3165 2336 3220 proprio
2369 3164 2473 3205 suo
2506 3157 2654 3203 statu
2688 3164 3010 3218 expressam
3034 3148 3211 3204 oculis
3236 3148 3479 3203 exhibet.

232 3242 439 3311 δρῶσιν
466 3244 723 3312 ἐμφαίνει
750 3245 848 3314 τὴν
881 3246 1018 3299 ἰδίαν
1047 3246 1307 3301 διάθεσιν.
1350 3249 1477 3312 Τοῖς
1520 3250 1629 3318 γὰρ
1657 3251 1808 3321 ἐνερ-

1903 3244 2045 3298 Nam
2094 3243 2264 3296 variis
2301 3257 2424 3297 sese
2464 3241 2821 3296 conformans
2856 3243 3055 3297 meulis
3098 3240 3484 3297 all‘ectionibus

232 3333 393 3400 γοῦσι
416 3333 511 3386 τὸν
549 3334 806 3405 λογισμὸν
840 3338 1279 3408 συνδιατιθεμένη
1328 3340 1423 3393 καὶ
1470 3341 1813 3394 συναλλοιου-

241 3425 403 3493 μένη.
440 3426 567 3478 ποτέ
603 3428 702 3490 μέν
733 3429 928 3498 ὁρᾶται
958 3429 1181 3499 φαιδρὰ,
1217 3431 1313 3499 τῆς
1337 3432 1562 3502 καρδίας
1587 3435 1813 3504 εὐφραι-

234 3518 472 3587 νομένης
522 3520 614 3571 ἐπὶ
667 3519 995 3573 ἀναϐάσεσιν
1031 3522 1264 3587 ἀγαθαῖς
1309 3525 1657 3594 ἐνθυμήσεων
1718 3528 1812 3581 καὶ

239 3608 443 3679 μελέτῃ
506 3608 642 3661 Θεοῦ
668 3623 682 3636 '
720 3611 851 3663 ποτέ
904 3611 961 3663 δὲ
1003 3613 1255 3683 κατηφὴς
1286 3616 1378 3668 καὶ
1418 3614 1687 3685 ζοφώδης,
1718 3618 1812 3671 ἐπὶ

235 3698 520 3767 λογισμοῖς
549 3700 778 3761 ἀτοπίας
817 3704 1243 3774 πικραινομένης
1263 3720 1277 3733 ο
1313 3706 1369 3759 ἐν
1396 3701 1476 3771 οἷς
1507 3707 1689 3760 λαθεῖν
1712 3709 1813 3762 οὐκ

236 3792 355 3845 ἔστι
383 3791 475 3844 τὸν
507 3792 899 3863 ἐνεργούμενον
922 3794 1048 3855 τοὺς
1089 3796 1157 3848 τὰ
1194 3797 1526 3868 αίσθητήρια
1572 3801 1672 3869 τῆς
1709 3801 1812 3871 ψυ-

236 3884 342 3953 χῆς
400 3885 835 3955 ἐπιφερομένους
884 3888 1327 3958 γεγυμνασμένα.
1374 3891 1500 3944 Εἴτε
1571 3894 1677 3962 γὰρ
1722 3894 1815 3947 ἀλ-

240 3973 463 4037 λοίωσίς
490 3976 605 4028 ἐστι
633 3976 731 4046 τῆς
754 3976 935 4042 δεξιᾶς
977 3979 1071 4032 τοῦ
1105 3980 1386 4049 Ὑψίστου,
1418 3985 1626 4054 φανερά
1670 3987 1815 4040 ἐστιν

241 4064 430 4127 αὐτοῖς
466 4065 542 4128 ὡς
569 4068 824 4137 γνωρίμη
867 4069 962 4121 καὶ
989 4071 1142 4140 φίλη,
1173 4071 1241 4123 δι’
1264 4073 1330 4142 ἢν
1358 4074 1814 4144 ἀναγεννηθέντες

242 4156 351 4209 ὑπὸ
379 4156 473 4209 τοῦ
507 4157 826 4226 Πνεύματος
859 4160 1085 4226 ἀνωθεν,
1121 4164 1235 4232 φῶς
1272 4165 1365 4217 καὶ
1395 4166 1526 4229 ἆλας
1560 4168 1811 4238 ἐχρημά-

241 4265 402 4301 τισαν
430 4250 541 4311 τοῖς
564 4249 790 4318 πλησίον
810 4266 825 4280 σ
864 4254 977 4306 εἴτε
1012 4253 1113 4322 τῆς
1158 4255 1395 4319 στάσεώς
1416 4259 1532 4310 ἐστι
1558 4259 1669 4312 τῶν
1718 4261 1813 4315 δυ-

242 4339 484 4408 νάμεων,
543 4340 640 4393 καὶ
685 4340 787 4409 τῆς
824 4342 933 4395 τῶν
973 4344 1252 4415 λογισμῶν
1278 4350 1545 4419 ταραχῆς,
1575 4352 1706 4422 δήλη
1734 4353 1817 4418 τίς

243 4430 364 4481 ἐστι
393 4430 603 4492 τούτοις
635 4431 870 4498 τρανῶς,
895 4432 970 4495 ὡς
992 4434 1456 4507 ἀποδαλλομένοις
1484 4440 1675 4511 αὐτὴν,
1722 4444 1816 4496 καὶ

242 4517 336 4570 τὸν
396 4520 720 4589 χαρακτῆρα
767 4521 867 4588 τῆς
926 4524 1130 4587 εἰκόνος
1184 4526 1277 4579 τοῦ
1342 4528 1472 4582 Υίοῦ
1526 4532 1620 4584 τοῦ
1679 4532 1815 4587 Θεοῦ

244 4612 667 4680 ἐπιφερομένοις
723 4613 1104 4682 λαμπρότατον
1148 4617 1207 4669 ἐν
1267 4620 1379 4682 τοῖς
1435 4621 1597 4685 θείοις
1662 4624 1816 4695 χαρί-

248 4720 444 4772 σμασι

312 4824 413 4895 λβᾌ
464 4827 527 4880 Ἥ
554 4829 705 4891 ἐντος
754 4831 984 4899 ἐργασία
1041 4831 1075 4900 ἢ
1131 4836 1407 4901 στεφάνων
1440 4836 1695 4903 πρόξενος
1725 4840 1814 4910 γί-

242 4934 395 4970 νεται
422 4920 489 4989 τῇ
516 4919 686 4989 ψυχῇ,
720 4919 753 4989 ἦ
786 4921 989 4974 ποινῶν
1028 4925 1121 4977 καὶ
1161 4924 1457 4981 κολάσεων.
1489 4930 1549 4981 Εί
1577 4930 1678 4998 μὲν
1708 4932 1813 5004 γὰρ

242 5013 375 5081 περὶ
398 5010 467 5062 τὰ
496 5009 615 5063 θεῖα
659 5012 960 5081 πράγματα
1006 5017 1377 5083 καταγίνεται,
1426 5021 1518 5072 καὶ
1566 5039 1818 5078 ταπεινο-

243 5102 519 5171 φροσύνης
548 5101 825 5169 φιλοκαλεῖ
851 5104 920 5156 τὰ
946 5106 1138 5175 χωρία,
1172 5106 1283 5176 ἔχει
1308 5109 1403 5177 τὴν
1429 5110 1647 5179 ἀρδείαν
1678 5114 1817 5168 ἄνω-

244 5193 337 5245 θεν
369 5192 482 5245 τῶν
506 5192 779 5263 δακρύων,
825 5196 919 5249 καὶ
948 5200 1186 5268 γεωργεῖ
1212 5198 1311 5270 τὴν
1342 5201 1478 5271 πρὸς
1517 5202 1650 5257 Θεὸν
1676 5206 1816 5274 ἀγά-

245 5300 356 5353 πην
386 5284 483 5335 καὶ
538 5284 741 5348 πίστιν,
795 5286 889 5338 καὶ
916 5288 1016 5357 τὴν
1063 5289 1143 5352 είς
1186 5290 1276 5344 τὸν
1329 5292 1553 5364 πλησίον
1601 5299 1818 5366 συμπά-

247 5372 401 5424 θειαν
425 5387 441 5401 ·
474 5371 543 5424 δι’
571 5369 645 5425 ὧν
684 5374 1144 5446 ἀναμορφουμένη
1175 5377 1235 5430 τὸ
1260 5378 1453 5443 κάλλος
1484 5382 1517 5451 ή
1546 5380 1690 5452 ψυχὴ
1719 5386 1817 5455 τῆς

252 5462 465 5524 εἰκόνος
509 5462 767 5532 Χριστοῦ,
816 5464 932 5532 φῶς
973 5466 1183 5532 γίνεται
1223 5470 1336 5531 τοῖς
1363 5470 1691 5539 ἀνθρώποις,
1724 5476 1817 5527 καὶ

248 5554 370 5614 ταῖς
418 5554 603 5605 ἀκτῖσι
634 5553 743 5607 τῶν
774 5555 984 5626 ἀρετῶν
1009 5557 1292 5626 ἐφέλκεται
1322 5563 1459 5632 πρὸς
1493 5565 1690 5636 ἐαυτὴν
1721 5569 1818 5631 τὰς

250 5644 470 5711 ὁράσεις
504 5644 704 5710 αὐτῶν,
756 5648 850 5700 καὶ
902 5651 1041 5701 κινεῖ
1070 5650 1277 5714 πάντας
1330 5654 1466 5724 πρὸς
1515 5656 1817 5722 δοξολογίαν

248 5732 407 5786 Θεοῦ.
460 5734 523 5787 El
570 5734 625 5787 δὲ
671 5736 896 5805 περὶτὰ
935 5738 1083 5793 κάτω
1112 5741 1307 5795 καὶτὰ
1359 5744 1676 5815 ἀνθρώπινα
1727 5752 1819 5803 καὶ

247 5824 371 5886 τοὺς
416 5823 722 5895 ὑπονόμους
768 5826 966 5893 τόπους
997 5831 1325 5901 ἐκταράσσει
1366 5836 1458 5888 καί⁵
1502 5838 1815 5896 ἀνασαλεύει

1824 4484 1878 4544 D

1905 3346 1959 3392 et
1989 3334 2421 3399 mutationibus,
2464 3336 2631 3387 modo
2661 3333 2884 3387 videtur
2920 3334 3164 3395 radians.
3209 3334 3340 3402 quia
3387 3346 3485 3386 eor

1904 3429 2106 3499 gaudet
2155 3427 2260 3496 piis
2295 3426 2702 3480 desideriorum
2743 3426 3165 3481 ascensionibus
3202 3434 3257 3480 et
3297 3440 3487 3479 amore

1905 3520 2024 3586 Dei,
2083 3519 2249 3572 modo
2300 3532 2433 3570 vero
2488 3517 2700 3587 dejecta
2748 3525 2802 3569 et
2840 3519 3101 3578 obscura,
3148 3520 3278 3585 quia
3326 3533 3483 3571 mens

1904 3611 2184 3682 perversis
2220 3609 2542 3676 amarisque
2576 3608 2789 3661 laborat
2836 3608 3287 3677 cogilatiouibus.
3326 3606 3484 3663 Unde

1906 3717 2064 3757 mens
2098 3716 2227 3756 cum
2281 3700 2399 3756 suis
2435 3701 2858 3769 operationibus
2918 3702 3092 3756 latere
3147 3702 3340 3769 nequit
3384 3718 3483 3756 eos

1904 3798 1998 3864 qui
2034 3810 2239 3850 sensus
2291 3793 2492 3847 animae
2520 3793 2601 3847 sic
2643 3808 2757 3862 prae
2788 3808 2847 3848 se
2876 3792 3059 3847 ferunt
3089 3794 3379 3848 exercitos.
3425 3793 3482 3848 Si

1904 3892 2051 3941 enim
2092 3885 2327 3939 mutatio
2359 3884 2431 3938 sit
2459 3882 2700 3937 dextera:
2724 3883 2960 3949 Excelsi,
2994 3891 3160 3951 patet,
3193 3883 3323 3951 quia
3347 3883 3483 3935 nitcl.

1903 3979 2092 4033 vultus
2148 3977 2238 4030 ille
2298 3976 2599 4030 benevolus
2653 3983 2707 4029 et
2766 3974 3005 4038 amicus,
3066 3990 3164 4043 per
3209 3990 3394 4043 quem,
3450 3987 3480 4025 ιι

1907 4068 2117 4138 Spiritu
2150 4073 2344 4121 sancto
2372 4067 2707 4135 regenerati,
2735 4065 2826 4120 lux
2857 4075 2911 4118 et
2946 4065 3026 4119 sal
3062 4065 3314 4134 proximo
3351 4062 3479 4116 facti

1905 4171 2072 4227 sunt;
2112 4161 2158 4239 si
2193 4175 2325 4215 vero
2364 4160 2655 4214 tribuenda
2684 4159 2756 4213 sit
2784 4158 3070 4213 rebellioni
3108 4155 3479 4232 potentiarum

1903 4265 1958 4311 et
2024 4254 2424 4325 cogitationum
2475 4252 2838 4323 perturbatio,
2891 4251 3044 4305 clare
3086 4249 3293 4319 liquet.
3347 4247 3480 4317 quia

1904 4365 2024 4405 eam
2067 4348 2394 4419 repudiant,
2426 4355 2482 4402 et
2519 4346 2899 4401 characterem
2936 4342 3194 4414 imaginis
3228 4340 3346 4396 Filii
3385 4339 3478 4394 Dei

1905 4442 2329 4513 fulgidissimam
2396 4439 2661 4497 exhibent
2733 4438 2788 4494 in
2843 4435 3051 4492 divinis
3115 4434 3475 4491 charismati-

1907 4540 2029 4592 bus.

1979 4843 2073 4897 52.
2113 4842 2327 4897 lnterna
2382 4842 2632 4911 operatio
2668 4843 2749 4897 vel
2797 4857 3125 4898 coronarum
3182 4858 3353 4899 causa
3394 4853 3480 4900 est

1909 4935 2125 4999 animae,
2171 4936 2257 4991 vel
2304 4949 2588 5002 plenarum
2636 4949 2700 4989 ac
2755 4935 3169 5004 suppliciorum.
3220 4936 3275 4988 Si
3329 4938 3477 4990 enim

1908 5028 2054 5081 circa
2088 5041 2175 5080 res
2212 5028 2435 5080 divinas
2479 5035 2794 5089 exercetur,
2847 5026 3288 5095 humilitatisque
3318 5043 3477 5095 agros

1908 5115 2221 5188 prazdiligit,
2250 5117 2449 5187 gaudet
2472 5132 2707 5185 superna
2736 5116 3101 5186 lacrymarum
3132 5117 3477 5185 inrigatione,

1907 5219 1961 5263 et
1999 5209 2129 5263 colit
2174 5208 2335 5263 [idem
2384 5218 2439 5264 et
2475 5209 2802 5263 charitatem
2851 5208 2906 5261 in
2961 5207 3131 5262 Deum
3165 5208 3479 5262 misericor-

1908 5301 2167 5369 diamque
2209 5303 2262 5353 in
2322 5301 2659 5370 proximum,
2710 5315 2809 5368 per
2865 5315 2989 5367 qua:
3047 5313 3197 5352 mens
3242 5296 3472 5352 formam

1904 5407 2244 5461 recuperans
2282 5407 2347 5446 ac
2396 5393 2564 5445 decus
2612 5391 2873 5459 imaginis
2909 5388 3138 5453 Christi,
3182 5390 3363 5442 lumen
3418 5389 3477 5444 ﬁt

1907 5482 2252 5545 hominibus,
2283 5489 2339 5535 et
2368 5481 2541 5536 radiis
2574 5482 2839 5535 virtutum
2876 5478 3103 5533 attrahit
3136 5480 3200 5530 ad
3234 5480 3469 5546 seipsam

1904 5583 2096 5622 eorum
2130 5568 2341 5633 oculos,
2371 5583 2676 5637 omnesque
2705 5566 2933 5635 impellit
2956 5567 3022 5619 ad
3059 5565 3475 5635 gloriﬁcandum

1909 5661 2102 5715 Deum.
2148 5660 2205 5712 Si
2255 5675 2388 5713 vero
2423 5660 2574 5713 circa
2617 5658 2804 5713 intima
2842 5659 3191 5726 humanaqpe
3233 5673 3296 5711 ac
3346 5658 3473 5711 sub-

1909 5762 2160 5804 teraneos
2187 5752 2397 5821 peccati
2427 5751 2581 5805 locos
2612 5766 2673 5804 se
2707 5752 2886 5806 turbet
2913 5761 2965 5806 et
2994 5751 3185 5819 agitet,
3218 5749 3471 5803 deorsum

1908 5844 2198 5900 invenit-ns
2252 5843 2529 5898 miseriam
2587 5844 2975 5913 tenebrasque,
3008 5844 3139 5897 colit
3180 5840 3364 5895 odium
3419 5849 3473 5895 ct
