4202 6450
736 423 839 487 86Ὶ

1945 401 2244 466 ΝΙΕΕΤίΕ
2286 401 2706 460 PEC'I‘UliA'i'l

3867 409 3969 468 Ξσὸ

736 534 1082 590 aversionem
1130 533 1282 597 boni,
1319 546 1414 600 per
1466 545 1580 598 qua
1645 528 1850 581 luteam
1907 533 1964 580 et
2013 524 2304 578 inl'ormem

2418 515 2490 580 πῆς
2514 512 2804 581 ἁμαρτίας,
2843 515 3088 567 κάτωθεν
3121 516 3317 583 ἔχουσα
3369 518 3431 569 τὸ
3452 519 3720 582 δυσσῶδες
3751 526 3844 574 καὶ
3874 530 3959 586 ξο-

743 642 1082 697 recuperatis
1117 625 1317 679 veteris
1351 622 1593 675 hominis
1626 620 1942 689 imaginem,
1974 631 2103 671 vera
2131 614 2308 681 caligo

741 723 801 770 tit
841 719 1114 786 proximo,
1166 724 1220 768 et
1267 713 1531 782 0pcribus
1583 710 1875 778 verbisque
1921 707 2139 762 vitiosis
2187 718 2311 756 cor-

744 807 950 874 rumpit
992 807 1204 858 animas
1233 805 1519 872 simpliccs
1553 811 1606 851 et
1639 800 1939 853 imbecilles
1970 795 2312 866 impellitque

748 897 817 947 ad
857 897 947 948 Dei
987 896 1385 963 blasplmmiam
1418 911 1431 946 :
1467 904 1518 947 et
1555 895 1637 946 sic
1679 893 1770 946 ubi
1806 900 1981 944 morte
2011 897 2313 957 occupatur

743 991 951 1046 anima,
988 987 1060 1041 ibi
1095 987 1348 1040 similiter
1377 987 1738 1040 mutationem
1773 983 2005 1038 invenit.

816 1327 906 1382 55.
965 1325 1067 1391 Qui
1135 1329 1308 1382 malas
1375 1327 1506 1380 colit
1560 1328 1967 1397 cogitationes,
2022 1330 2318 1383 obscurum

747 1420 1078 1490 tristemque
1117 1421 1222 1475 sibi
1278 1419 1446 1474 eﬂicit
1485 1422 1726 1485 vultum,
1763 1429 1819 1474 et
1865 1422 2104 1491 linguam
2157 1423 2322 1478 habet

744 1515 980 1586 hymnps
1037 1512 1258 1566 divinos
1317 1521 1616 1576 tacentem,
1671 1522 1724 1566 et
1760 1514 2008 1583 ingratus
2051 1517 2203 1570 auitu
2238 1526 2321 1570 est

743 1605 1004 1658 omnbus
1032 1607 1483 1660 occurrentibus.
1509 1605 1613 1670 Qui
1644 1615 1870 1660 econtra
1892 1607 2067 1662 bonas
2098 1610 2323 1663 immor-

745 1696 993 1766 talesque
1019 1697 1207 1752 cordis
1228 1699 1446 1766 plantas
1467 1698 1913 1762 eolit,animnum
1937 1707 1992 1754 et
2015 1701 2318 1754 radiantem

747 1787 915 1840 habet
968 1790 1204 1850 vultum,
1264 1796 1319 1842 et
1367 1803 1630 1842 canoram
1681 1791 1748 1843 ad
1803 1805 1996 1858 preces
2052 1791 2317 1860 linguam,

2397 605 2584 672 φερὸν,
2613 607 2850 672 γεωργεῖ
2902 606 2964 656 τὸ
3011 609 3164 675 μῖσος
3207 608 3302 659 καὶ
3351 612 3448 678 τὴν
3479 611 3831 683 ἀποστροφὴν
3871 615 3961 668 τοῦ

2397 695 2560 747 καλοῦ
2579 713 2593 728 ο
2622 697 2690 747 δι’
2719 691 2785 766 ἦς
2819 695 2915 766 τὴν
2949 700 3137 767 χοῖκὴν
3166 699 3626 771 ἀναμορφουμένη
3663 705 3756 755 καὶ
3789 707 3956 774 ἄμορ-

2401 804 2498 855 φον
2527 788 2712 841 εἰκόνα
2740 787 3112 853 τοῦπαλαιοῦ,
3135 791 3323 852 σκότος
3349 793 3669 862 αὐτόχρημα
3694 801 3804 858 τοῖς
3837 797 3970 864 πλη-

2403 877 2648 940 σιάζουσι
2688 881 2919 947 γίνεται,
2965 881 3059 931 καλ⁹
3087 883 3153 950 τῇ
3195 882 3302 933 τῶν
3345 883 3562 951 φαύλων
3602 889 3835 958 ἐργασία
3880 889 3972 940 καὶ

2399 970 2608 1040 ὁμιλίᾳ,
2625 970 2922 1038 διαφθείρει
2945 970 3118 1040 ψυχὰς
3143 973 3448 1037 ἀπλάστους
3472 977 3562 1027 καὶ
3587 979 3971 1047 ἀστηρίκτους,

2401 1063 2495 1114 καὶ
2542 1065 2682 1113 κινεῖ
2733 1064 2875 1114 κατά
2910 1061 3004 1113 τοῦ
3053 1062 3187 1115 Θεοῦ
3224 1064 3570 1135 βλασφημίαν
3598 1084 3613 1099 °
3663 1072 3757 1120 καὶ
3803 1072 3974 1132 ςῦτως

2403 1152 2460 1202 ἐν
2492 1146 2571 1213 οἷς
2608 1152 2672 1202 ἂν
2709 1151 2812 1203 ὑπὸ
2848 1150 2940 1202 τοῦ
2990 1152 3219 1206 Θανάτου
3249 1158 3568 1228 καταληφθῇ
3601 1160 3634 1228 ἡ
3683 1159 3854 1228 ψυχὴ,
3883 1163 3975 1212 καὶ

2403 1243 2506 1303 τὰς
2535 1242 2771 1308 ἀμοιϐάς
2801 1242 3072 1309 ἀναλλγως
3095 1244 3361 1314 εὑρίσκει.

2477 1327 2577 1396 λγ’.
2625 1328 2682 1382 '0
2737 1331 2845 1382 τῶν
2903 1331 3120 1399 φαύλων
3160 1335 3377 1388 ἐννοιῶν
3417 1340 3659 1406 γεωργὸς
3717 1342 3980 1408 ζοφώδεις

2409 1420 2572 1472 αὑτοῦ
2609 1423 2841 1473 ποιεῖται
2876 1424 2970 1474 καὶ
3019 1427 3255 1492 στυγνὰς
3285 1429 3380 1491 τάς
3428 1430 3581 1493 ἐκτὸς
3607 1432 3780 1499 δψεις,
3812 1434 3981 1485 ἀναυο

2411 1511 2498 1562 δόν
2517 1527 2574 1562 τε
2607 1510 2704 1579 τὴν
2742 1510 2989 1578 γλῶτταν
3015 1512 3128 1581 ἔχει
3168 1516 3278 1566 τῶν
3303 1517 3462 1569 θείων
3495 1519 3700 1587 ὓμνων,
3726 1523 3820 1573 καὶ
3857 1523 3984 1572 δυσο

2403 1599 2711 1666 απάντητός
2743 1599 2862 1649 ἐστι
2914 1600 3079 1651 πᾶσιν
3114 1601 3194 1664 είς
3219 1601 3495 1671 ἐντυχίαν.
3549 1604 3606 1657 ’0
3628 1606 3686 1657 δέ
3714 1607 3828 1657 τῶν
3851 1608 3985 1671 ἀγα.

2407 1689 2515 1742 θῶν
2571 1690 2665 1740 καὶ
2715 1688 2999 1745 ἀθανάτων
3047 1694 3232 1760 φυτῶν
3301 1696 3555 1764 γεωργὸς
3607 1697 3707 1766 τῆς
3759 1701 3986 1768 καρδίας

2407 1777 2645 1845 χαροπδν
2678 1777 3220 1848 καὶ¹γεγαννωμένον
3250 1783 3364 1850 ἔχει
3405 1782 3466 1834 τὸ
3495 1784 3808 1852 πρόσωπον,
3858 1788 3986 1852 μελ-

745 1885 1032 1948 totumque
1099 1880 1344 1948 seipsum
1398 1880 1454 1934 in
1529 1882 1954 1935 conversatione
2027 1881 2320 1950 iucundis-

2418 1866 2539 1932 ρδόν
2580 1883 2638 1918 τε
2672 1868 2752 1929 είς
2799 1867 3018 1938 δεήσεις
3063 1870 3163 1939 τὴν
3207 1871 3453 1936 γλῶτταν
3484 1873 3670 1937 αὑτοῦ,
3725 1879 3820 1926 καὶ
3869 1874 3986 1926 ὅλον

747 1970 947 2023 silium
994 1988 1007 2023 :
1059 1971 1133 2024 ita
1169 1979 1230 2024 ut
1267 1971 1398 2025 inde
1431 1973 1577 2025 clare
1608 1973 1788 2026 oculis
1826 1981 2008 2042 pateat
2065 1976 2319 2043 quisnam

749 2061 981 2130 impuris
1032 2063 1212 2115 adhuc
1265 2064 1535 2117 inserviat
1592 2066 2028 2133 cogitationibus
2078 2069 2321 2136 tyranni-

745 2168 934 2222 eaeque
957 2153 1161 2207 terreni
1189 2168 1392 2208 sensus
1424 2154 1528 2223 legi
1557 2154 1862 2224 subiaceat,
1893 2157 2147 2224 quisnam
2183 2159 2322 2213 liber

744 2244 815 2298 ab
851 2245 1168 2298 istiusmodi
1229 2247 1496 2300 servitute
1541 2245 1690 2300 vivat
1740 2246 1841 2299 sub
1893 2246 2012 2314 lege
2064 2248 2319 2316 spiritus,

741 2338 895 2406 juxta
931 2339 1237 2403 sapientem
1269 2335 1619 2389 Salomonem
1648 2352 1663 2389 :
1695 2353 1714 2386 ι
1753 2334 1864 2389 Cor
1889 2335 2140 2404 gaudens
2167 2338 2324 2390 exhi-

743 2429 886 2480 larat
938 2428 1178 2496 faciem;
1245 2429 1301 2482 in
1363 2427 1787 2483 mmroreanimi
1839 2425 2096 2497 dejicitur
2161 2429 2324 2498 spiri-

746 2529 834 2575 tus
856 2520 899 2574 ⁸.
948 2538 969 2571 ι

816 2768 908 2821 54.
940 2767 1042 2820 Per
1070 2768 1289 2833 praxim
1314 2766 1571 2833 perlecta:
1605 2768 1961 2837 cupiditates,
1985 2786 2080 2840 per
2108 2772 2322 2839 praxim

745 2857 912 2910 etiam
975 2869 1266 2910 satiantur.
1325 2857 1479 2910 Sicut
1534 2857 1680 2910 enim
1738 2859 2181 2926 intemperantia,
2229 2875 2324 2912 vo-

747 2948 950 3017 luptas,
1015 2949 1162 3015 gula,
1220 2948 1328 3000 vita
1386 2949 1566 3002 mollis
1631 2957 1686 2999 et
1735 2948 2005 3002 dissoluta
2073 2949 2320 3002 liahituui

749 3039 1073 3106 cupiditatis
1125 3039 1418 3106 perficiunt
1468 3041 1519 3092 in
1569 3039 1776 3101 anima,
1807 3053 2040 3107 eamque
2087 3041 2152 3092 ad
2199 3056 2324 3106 per-

748 3144 941 3182 versas
972 3129 1221 3184 actiones
1263 3129 1539 3182 inducunt
1573 3148 1588 3184 :
1622 3130 1702 3183 sic
1753 3130 2028 3198 angustia,
2083 3131 2323 3191 labores.

2406 1956 2597 2009 ἐαυτὸν
2622 1958 2702 2020 είς
2751 1958 2972 2027 ὁμιλίαν
3007 1959 3268 2030 ἡδύτατον
3288 1979 3303 1992 ο
3347 1963 3420 2024 ὼς
3447 1965 3679 2034 φανερὸν
3708 1961 3849 2018 εἶναι
3895 1967 3986 2016 καὶ

2409 2045 2653 2113 γίνεσθαι
2697 2049 2805 2110 τοῖς
2831 2048 3031 2117 ὁρῶσιν
3071 2049 3320 2102 ἐντεῦθεν
3370 2052 3572 2114 καλῶς,
3604 2053 3766 2104 αὐτόν
3793 2070 3852 2105 τε
3898 2054 3986 2105 τὸν

2411 2138 2516 2190 ὑπὸ
2540 2137 2785 2191 δουλείαν
2827 2138 2908 2191 ἐτι
2951 2139 3062 2191 τῶν
3109 2140 3438 2210 ἀκαθάρτων
3481 2143 3609 2195 ὅντα
3651 2145 3862 2208 παθῶν,
3894 2145 3988 2196 καὶ

2410 2229 2502 2280 ὑπ’
2520 2228 2778 2297 ἀνάγκην
2828 2228 2924 2281 τοῦ
2955 2230 3118 2299 νόμου
3159 2231 3420 2285 τελοῦντα
3458 2233 3552 2285 τοῦ
3589 2235 3825 2300 γεώδους
3858 2253 3988 2303 φρο-

2411 2322 2672 2390 νήματος.
2732 2321 2842 2374 Καὶ
2911 2320 3002 2373 τὸν
3073 2321 3510 2392 ἐλευθερωθέντα
3573 2325 3674 2390 τῆς
3733 2327 3990 2392 τοιαύτης

2413 2411 2679 2477 δουλείας,
2729 2411 2835 2464 ὑπὸ
2865 2411 2958 2464 τοῦ
3007 2412 3173 2482 νόμου
3222 2414 3318 2466 τοῦ
3361 2415 3692 2484 πνεύματος,
3728 2417 3873 2468 κατά
3901 2418 3990 2466 τὸν

2413 2505 2579 2574 σοφὸν
2622 2505 2945 2574 Σολομῶντα
2976 2522 2992 2537 ’
3027 2523 3045 2555 ι
3071 2505 3313 2575 Καρδίας
3361 2507 3817 2576 εύφραινομένης,
3861 2505 3989 2558 0.1}.-

2413 2598 2494 2648 λει
2559 2597 2896 2663 πρόσωπονο
2961 2597 3020 2649 ἐν
3094 2597 3152 2648 δὲ
3217 2597 3416 2660 λύπαις
3487 2598 3688 2668 οὔσης,
3755 2600 3991 2666 στυγνά-

2413 2688 2517 2753 ζει.
2553 2708 2571 2739 ι

2485 2779 2579 2835 λδ’.
2611 2780 2692 2832 Τά
2734 2782 3066 2848 ἐμπράκτως
3111 2780 3408 2849 τελούμενα
3440 2779 3588 2848 πάθη
3658 2781 3993 2849 ἐμπράκτως

2418 2875 2512 2927 καὶ
2551 2875 2966 2943 θεραπεύονται.
3002 2875 3214 2942 ’Ὠσπερ
3263 2875 3373 2944 γὰρ
3415 2875 3674 2943 ἀκρασία,
3700 2875 3865 2943 ἡδονὴ
3904 2877 3995 2926 καὶ

2414 2966 2742 3032 ἀδδηφαγία,
2775 2965 2871 3017 καὶ
2913 2964 3026 3032 βίος
3069 2965 3277 3033 ἀμελὴς
3315 2965 3409 3016 καὶ
3449 2965 3868 3032 διακεχυμένκ,
3899 2966 3994 3032 τὴν

2413 3058 2834 3126 ἐμπαθεστάτην
2866 3057 2982 3122 ἐξιν
3015 3056 3371 3110 ἀποτελοῦσιν
3402 3057 3458 3108 ἐν
3487 3061 3554 3127 τῇ
3594 3058 3763 3126 ψυχῇ,
3794 3058 3893 3109 καὶ
3919 3060 3994 3118 εἰς

2416 3149 2645 3218 πράξεις
2671 3149 2907 3211 ἀτόπους
2946 3150 3114 3214 αὐτὴν
3155 3149 3400 3214 ἄγουσιν,
3431 3149 3573 3201 οῦτω
3600 3151 3862 3209 στένωσις
3905 3152 3996 3199 καὶ

753 3229 808 3273 et
845 3221 1005 3274 luetaa
1039 3222 1358 3289 spirituales
1410 3222 1805 3287 impassibilem
1836 3197 2004 3275 illam
2069 3225 2326 3286 reddunt,

2425 3197 2643 3218 τἺη,

2418 3239 2737 3309 ἐγκράτεια,
2770 3239 2922 3290 πόνοι
2948 3240 3042 3292 καὶ
3065 3238 3278 3306 ἀγῶνες
3318 3240 3696 3307 πνευματικοὶ,
3723 3237 3823 3307 τὴν
3858 3241 3995 3290 ἁπά-

753 3324 818 3362 ac
854 3309 920 3363 de
949 3311 1210 3378 passione
1253 3311 1305 3364 in
1345 3310 1845 3378 impassibilitatem
1888 3312 2257 3366 transferunt.

817 3511 908 3564 55.
949 3509 1184 3575 Quando
1239 3511 1444 3578 aliquis
1486 3520 1711 3579 propter
1761 3512 2098 3566 laboriosam
2145 3514 2326 3568 conti-

750 3616 1032 3668 nuumque
1071 3601 1304 3656 ascesim
1341 3616 1536 3670 magna
1568 3603 1712 3656 dona
1751 3618 1782 3656 a
1815 3602 1926 3658 Deo
1954 3607 2203 3672 accipere
2231 3621 2330 3674 per

753 3694 1122 3746 humilitatem
1156 3696 1381 3757 meruit,
1419 3709 1482 3747 ac
1513 3706 1700 3763 postea
1736 3697 1866 3750 inde
1907 3698 2182 3761 revulsus,
2226 3714 2325 3752 cu-

747 3784 1040 3852 piditatum
1094 3799 1156 3836 ac
1185 3784 1500 3838 daemonum
1539 3785 1730 3840 ferula!
1759 3783 1999 3842 traditus
2030 3800 2136 3854 est,
2187 3791 2329 3844 sciat

750 3891 809 3929 se
847 3875 1021 3930 luisse
1054 3879 1282 3941 elatum,
1327 3893 1521 3944 magna
1573 3879 1640 3931 de
1679 3895 1741 3934 se
1794 3882 2242 3949 praesumpsisse,
2273 3892 2328 3936 et

750 3969 885 4020 alias
918 3978 1273 4036 aspernatum
1298 3985 1442 4022 esse.
1469 3968 1587 4023 Non
1621 3970 1785 4023 aliter
1813 3973 1978 4040 igitur
2011 3972 2329 4040 liujusmodi

752 4064 838 4113 vir
870 4064 1165 4114 sanitatem
1203 4063 1558 4131 recuperabit
1597 4073 1650 4117 et
1682 4063 2066 4118 liberationem
2104 4080 2134 4117 a
2175 4066 2329 4136 cupi-

751 4151 1019 4204 ditatibus
1051 4151 1458 4222 daemoniisque
1491 4154 1657 4208 vitam
1703 4170 1862 4209 suam
1911 4156 2328 4223 coliibentihus,

752 4259 920 4310 quant
979 4245 1259 4296 redeundo
1321 4261 1414 4313 per
1464 4246 1841 4313 paenitentiam
1903 4247 1968 4300 ad
2031 4247 2330 4316 pristinum

754 4343 985 4395 statum,
1021 4343 1078 4386 et
1115 4337 1520 4402 interponendo
1552 4344 1812 4404 tanquam
1849 4338 2085 4404 optimas
2125 4340 2333 4393 media-

753 4425 921 4477 triees
954 4425 1323 4478 humilitatem
1351 4437 1404 4479 et
1447 4430 1681 4495 propriae
1715 4428 2041 4495 exiguitatis
2096 4431 2332 4497 agnitio-

2418 3333 2569 3384 θειαν
2627 3327 3040 3399 περιποιοῦνται
3096 3330 3266 3397 αὐτῇ,
3321 3331 3418 3382 καὶ
3462 3330 3523 3393 ἐξ
3555 3329 3868 3397 ἐμπαθιίας
3919 3331 3996 3390 εἰς

2419 3420 2690 3473 ἀπάθειαν
2720 3418 2887 3486 αὐτὴν
2917 3417 3337 3487 μεταφέρουσιν.

2489 3509 2582 3563 λε’.
2614 3511 2780 3562 Ὅταν
2805 3507 2863 3572 ἐξ
2888 3508 3146 3577 ἐπιπόνου
3175 3525 3258 3570 τις
3280 3509 3372 3560 καὶ
3398 3509 3648 3563 συντόνου
3708 3511 3998 3580 ἀσκήσεως

2419 3603 2637 3674 δωρεῶν
2673 3603 2920 3674 μεγάλων
2979 3601 3132 3671 παρά
3179 3600 3315 3652 Θεοῦ
3371 3600 3459 3653 διά
3494 3605 4000 3673 ταπεινοφροσύνης

2421 3695 2647 3764 ἀξιωθῇ,
2699 3691 2818 3747 εἶτα
2863 3695 3159 3762 ύποσυρεὶς
3206 3692 3439 3758 ἐκεῖθεν,
3499 3696 3727 3747 πάθεσιν
3787 3697 3998 3757 ἔκδοτος

2423 3786 2649 3854 γένηταί
2695 3785 2790 3837 καὶ
2827 3783 3044 3853 δαίμοσι
3098 3783 3436 3848 παιδευταῖς,
3474 3784 3604 3836 ἵστω
3635 3786 3829 3837 ἐαυτὸν
3861 3786 4001 3853 ὑψωο

2424 3877 2608 3938 θέντα,
2649 3875 2744 3927 καὶ
2797 3873 3009 3944 μεγάλα
3051 3875 3180 3943 περὶ
3223 3873 3420 3926 ἐαυτοῦ
3463 3874 3736 3943 οἰηθέντα,
3769 3879 3866 3927 καὶ
3897 3877 4001 3927 τῶν

2423 3967 2600 4023 ἄλλων
2661 3966 3111 4036 κατεπαρθέντα⁶
3175 3967 3473 4036 οὐδαμόθεν
3543 3965 3637 4020 οῦν
3698 3970 3924 4022 ἄλλοθεν
3975 3972 4002 4022 ό

2422 4058 2664 4119 τοιοῦτος
2693 4057 2914 4127 εὑρήσει
2943 4057 3042 4124 τὴν
3072 4054 3372 4124 θεραπείαν
3419 4058 3514 4109 καὶ
3543 4057 3867 4128 ἀπαλλαγὴν
3897 4058 4001 4111 τῶν

2425 4149 2764 4219 συνεχόντων
2794 4147 2961 4202 αὑτοῦ
3005 4147 3104 4217 τὴν
3151 4147 3298 4217 ζωὴν
3351 4148 3542 4200 παθῶν
3579 4149 3673 4200 καὶ
3701 4149 4000 4217 δαιμόνων,

2423 4244 2539 4297 ἀλλ’
2574 4243 2607 4312 ἢ
2639 4241 2748 4295 ἀπὺ
2786 4241 2880 4294 τοῦ
2909 4241 3242 4310 ἀναδραμεῖν
3271 4241 3433 4294 αὑτὸν
3467 4241 3554 4293 διά
3596 4243 3889 4308 μετανοίας
3925 4244 4004 4301 εἰς

2423 4333 2524 4403 τὴν
2548 4331 2770 4403 πρώτην
2802 4333 3155 4397 κατάστασιν,
3190 4333 3284 4385 καὶ
3313 4333 3620 4401 χρήσασθαι
3667 4333 3870 4402 μεσίτῃ
3909 4350 4006 4384 xa-

2426 4422 2524 4490 λῷ,
2568 4425 2636 4491 τῇ
2669 4421 2998 4474 ταπεινώσει
3056 4423 3150 4474 καὶ
3179 4425 3246 4491 τῇ
3291 4421 3581 4489 ἐπιγνώσει
3627 4421 3738 4473 τῶν
3786 4425 4004 4476 οἰκείων

758 4534 906 4580 nem,
963 4533 1057 4585 per
1105 4533 1242 4584 quas
1277 4518 1506 4586 quilibet
1552 4519 1606 4572 in
1662 4519 2021 4574 fundamento
2064 4523 2326 4577 virtutum

2430 4515 2640 4584 μέτρων
2667 4530 2681 4543 ·
2728 4514 2793 4567 δι’
2827 4511 2893 4584 ἦς
2937 4515 3044 4575 πᾶς
3089 4517 3118 4566 ὁ
3159 4515 3442 4583 ἱστάμενος
3479 4515 3659 4576 καλῶς
3694 4516 3752 4566 ἐν
3805 4514 3886 4583 τῷ
3921 4514 4009 4566 θεο

757 4611 894 4661 ιιριιε
953 4609 1253 4672 stabilitus,
1312 4611 1459 4662 omni
1524 4625 1646 4664 sese
1700 4621 1953 4665 creatura
2011 4613 2326 4667 inferiorem

754 4701 1056 4754 existimat.

826 4788 914 4840 36.
954 4787 1129 4856 {Eque
1159 4791 1364 4841 malum
1395 4799 1478 4842 est
1513 4791 1656 4858 apud
1697 4791 1862 4842 Deum
1902 4799 1958 4842 et
1986 4791 2238 4845 homines
2274 4794 2328 4847 in

755 4879 979 4932 Clu-isto
1033 4884 1299 4942 viventes,
1350 4884 1444 4952 qui
1507 4884 1789 4936 luxuriosa
1837 4883 1988 4936 fovet
2043 4884 2328 4939 desideria

757 4969 956 5021 mentis
985 4970 1423 5036 operatioaibus,
1475 4979 1528 5023 et
1563 4971 1657 5040 qui
1706 4971 2023 5025 intumescit
2059 4972 2113 5023 in
2155 4973 2329 5026 virtu-

760 5063 905 5112 tibus
937 5061 1130 5128 spiritu
1167 5062 1636 5130 praasumptionis.
1671 5061 2150 5126 Quemadmodum
2177 5065 2322 5118 enim

759 5168 879 5219 qua:
905 5152 997 5205 ille
1029 5153 1084 5204 in
1119 5153 1336 5206 occulto
1369 5154 1500 5205 facit
1528 5169 1591 5207 ac
1628 5163 1906 5223 perpetrat
1937 5162 2095 5225 turpe
2125 5165 2209 5210 est
2245 5157 2331 5211 vel

759 5247 967 5306 dicere,
1019 5243 1094 5296 ita
1132 5253 1186 5298 et
1217 5246 1376 5313 hujus
1410 5261 1503 5298 cor
1547 5248 1849 5300 exaltatum
1885 5250 2080 5301 sordes
2135 5258 2217 5301 est
2275 5251 2328 5304 iu

759 5345 1054 5402 conspectu
1085 5336 1201 5390 Dei.
1243 5336 1307 5388 Et
1340 5341 1484 5391 sicut
1527 5339 1618 5392 ille
1668 5339 2054 5395 abominabilis
2094 5352 2179 5395 est
2220 5341 2329 5394 Deo

762 5427 813 5477 in
848 5427 1114 5493 requiem.
1149 5427 1222 5480 ita
1254 5437 1307 5482 et
1333 5429 1419 5482 hic
1446 5430 1694 5500 impurus
1723 5442 1804 5486 est
1830 5447 2017 5486 coram
2043 5431 2176 5499 Deo,
2201 5434 2328 5503 quia

761 5521 846 5568 eet
876 5513 1171 5582 superbus.

857 5828 879 5860 ⁸
904 5825 1062 5883 Prov.
1090 5845 1182 5897 xv,
1216 5833 1304 5888 l5.

2427 4607 2596 4676 μελίῳ
2636 4605 2747 4657 τῶν
2792 4605 3037 4674 ἀρετῶν,
3097 4605 3358 4657 ὑποκάτω
3411 4607 3604 4658 ἑαυτὸν
3654 4605 3767 4674 ἔχει
3824 4608 4007 4674 πάσης

2426 4698 2676 4759 κτίσεως.

2497 4787 2604 4851 λς’.
2647 4789 2788 4839 Ἴσον
2843 4786 3014 4838 κακόν
3045 4788 3162 4838 ἐστι
3197 4787 3349 4856 παρᾶ
3383 4786 3502 4854 Θεῷ
3549 4788 3643 4838 καὶ
3669 4787 4004 4854 ἀνθρώποις·

2427 4880 2562 4942 ζῶσι
2603 4879 2744 4931 κατά
2779 4877 3035 4946 Χριστὸν,
3067 4877 3129 4929 τὸ
3160 4881 3253 4930 καὶ
3297 4879 3520 4946 ἐμπαθῆ
3551 4895 3674 4930 τινα
3710 4875 3853 4930 εἶναι
3887 4883 4005 4939 ταῖς

2427 4969 2660 5038 πράξεσι
2721 4971 2947 5036 γνώμης
2993 4965 3280 5036 ἀκολασίᾳ,
3338 4968 3431 5018 καὶ
3471 4968 3895 5034 πεφυσιωμένον
3946 4969 4003 5016 ἐν

2425 5063 2543 5124 ταῖς
2581 5062 2802 5128 ἀρεταῖς
2823 5065 2900 5127 τῷ
2937 5058 3036 5128 τῆς
3065 5059 3290 5125 οἰήσεως
3330 5057 3621 5127 πνεύματι.
3673 5061 3771 5108 ’ον
3806 5058 4006 5126 τρόπον

2425 5153 2536 5222 γὰρ
2575 5151 2668 5202 τοῦ
2728 5153 2946 5218 πρώτου
2993 5150 3058 5200 τά
3093 5150 3428 5218 ἐμπράκτως
3489 5150 3584 5201 καὶ
3629 5149 3818 5218 κρυφῆ
3866 5150 4009 5214 γινό-

2432 5260 2570 5314 μλενα
2601 5243 2824 5310 αἰσχρόν
2854 5245 2970 5292 ἐστι
3010 5241 3104 5292 καὶ
3137 5241 3341 5307 λέγειν,
3381 5241 3523 5292 οὕτω
3563 5242 3657 5292 καὶ
3687 5239 3783 5291 τοῦ
3818 5241 4004 5291 δευτέ-

2433 5353 2526 5406 ρου
2583 5335 2652 5386 τὰ
2702 5334 2973 5402 ὑψώματα
3017 5334 3112 5402 τῆς
3172 5333 3399 5402 καρδίας
3468 5330 3817 5400 βδελύγματά
3868 5331 4005 5380 εἰσιν

2429 5423 2660 5478 ἐνώπιον
2710 5422 2803 5475 τοῦ
2866 5423 3024 5476 Θεοῦ.
3093 5423 3202 5475 Καὶ
3269 5423 3458 5492 ῶσπερ
3512 5423 3717 5482 ἐκεῖνος
3774 5421 4009 5488 ἀποτρό-

2433 5534 2590 5578 παιος
2640 5517 2719 5585 τῷ
2755 5516 2875 5584 Θεῷ
2929 5519 3006 5578 εἰς
3061 5515 3391 5578 ἀνάπαυσιν,
3431 5513 3517 5565 διὰ
3562 5514 3620 5564 τὸ
3665 5510 3805 5564 εἶναι
3841 5514 4008 5564 αὶτὸν

2434 5610 2799 5678 σάρκα,κατὰ
2836 5612 2898 5660 τὸ
2939 5609 3140 5675 λόγιον,
3193 5607 3335 5659 οὓτω
3375 5607 3468 5658 καὶ
3498 5601 3654 5667 οὗτος
3701 5604 3858 5674 παρά
3899 5606 4009 5655 Ku-

2439 5703 2538 5772 ρίῳ
2589 5703 2938 5770 ἀκάθαρτος,
3002 5702 3090 5754 διὰ
3155 5699 3216 5752 τὸ
3292 5695 3432 5752 εἶναι
3498 5697 3664 5751 αὑτὸν
3726 5699 4013 5767 ὑπερήφα-

2439 5807 2544 5845 νον.
