4202 6450
185 426 290 487 869

1020 418 1558 483 FRACTICORUM
1596 414 1937 479 CAPITUM
1980 413 2373 479 CENTURIA
2406 418 2455 480 I.

3345 413 3456 478 870

271 550 369 612 λζ’.
413 547 486 599 03
527 545 638 614 γὲιρ
681 543 735 596 εῐ
765 558 817 595 τι
867 539 1071 605 πάθος,
1116 538 1277 593 τοῦτο
1328 537 1423 590 καὶ
1464 534 1795 606 ἐμπρακτοςλ

1942 530 2032 585 57.
2072 530 2190 585 Non
2255 532 2401 603 quod
2434 530 2712 602 cupiditas
2748 530 2821 586 sit
2880 538 3037 588 actus
3081 536 3317 604 peccati,
3353 540 3450 595 sed

203 635 449 708 ἁμαρτία
475 652 488 664 ·
527 632 663 687 ἀ).λά
700 632 887 702 ἕτερον
927 629 1106 695 τοῦτο,
1144 629 1239 682 καὶ
1272 626 1400 681 ἄλλο
1432 626 1630 680 έκεῖνο.
1661 626 1776 678 Πάν

202 731 294 791 θος
330 728 429 798 μὲν
462 723 556 780 οὖν
582 726 699 777 ἐστι
722 724 809 791 ίτδ
852 723 945 775 ἐπὶ
982 722 1159 791 ψυχὴν
1190 719 1508 788 κινούμενον
1533 732 1547 746 °
1578 716 1778 788 πρᾶξις

200 823 258 875 δὲ
288 824 623 891 ἐφάμαρτος,
650 820 681 887 ἡ
718 816 807 870 ἐπὶ
837 814 896 868 τὸ
915 813 1072 885 σῶμα
1102 811 1447 883 θεωρουμένη
1472 826 1486 841 ·
1518 807 1628 863 οἷον
1660 809 1781 878 φιλ-

203 913 412 983 ηδονία,
466 908 820 979 φιλαργυρία,
868 906 963 960 καὶ
1012 904 1305 972 φιλοδοξία,
1370 902 1518 973 πάθη
1566 901 1781 972 χαλεπά

203 1006 321 1056 ἐστι
376 1003 475 1072 τῆς
514 1001 724 1071 ψυχῆς·
776 999 1001 1070 πορνεία.
1052 997 1142 1061 δὲ,
1200 996 1292 1050 καὶ
1341 995 1641 1063 πλεονεξία,
1689 996 1782 1048 καὶ

202 1095 411 1159 ἀδικία,
463 1095 691 1164 πράξεις
726 1094 1033 1159 ὲφάμαρτοι
1066 1088 1165 1156 τῆς
1219 1085 1415 1157 σαρκός
1439 1102 1454 1117 ο
1493 1084 1778 1153 ἐπιθυμία,

206 1186 405 1256 θυμὸς,
437 1189 532 1238 καὶ
574 1182 971 1253 ύπερηφάνεια,
1017 1179 1163 1251 πάθη
1200 1179 1399 1249 ψυχῆς,
1434 1177 1583 1247 παρὰ
1623 1174 1784 1245 φύσιν

205 1280 319 1331 τῶν
375 1278 658 1346 δυνάμεων
707 1275 1045 1344 κινουμένων
1079 1270 1284 1339 αὐτῆς·
1331 1269 1517 1340 μοιχία
1564 1267 1621 1321 δὲ
1691 1267 1786 1321 καὶ

210 1373 395 1440 φόνος,
432 1370 607 1441 κλοπὴ
653 1371 748 1423 καὶ
789 1368 950 1440 μέθη,
991 1366 1085 1420 καὶ
1117 1364 1169 1417 εί
1196 1381 1247 1417 τι
1278 1363 1405 1417 ἀλλο
1427 1362 1516 1416 διὰ
1554 1359 1646 1415 τοῦ
1678 1361 1784 1412 σὼο

212 1482 386 1535 ματος
442 1464 765 1534 πράττεται,
800 1459 1027 1530 πράξεις
1075 1456 1384 1528 ὲφάμαρτοι
1423 1454 1517 1509 καὶ
1552 1450 1790 1524 χαλεπαὶ

207 1555 314 1627 τῆς
339 1556 561 1626 σαρκός.

288 1644 391 1717 λη’.
426 1648 588 1719 Τρεῖς
624 1649 765 1702 εἰσιν
817 1649 865 1701 οί
904 1645 1257 1717 γενικώτατοι
1301 1643 1517 1698 πάντων
1544 1641 1651 1695 τῶν
1690 1657 1791 1696 πα·

214 1736 327 1789 θῶν
366 1737 583 1807 ἔξαρχοι
604 1751 617 1765 ⁸
667 1740 760 1791 καὶ
790 1741 939 1809 τρεῖς
970 1739 1023 1791 αί
1056 1736 1177 1790 κατ’
1219 1733 1398 1788 αὐτῶν
1429 1730 1787 1802 παρατάξεις,

212 1825 310 1875 καὶ
350 1827 501 1894 τρεῖς
529 1827 577 1877 ot
616 1825 823 1878 τούτων
852 1824 1351 1894 καταγωνιζόμενοί
1388 1838 1448 1873 τε
1480 1821 1576 1873 καὶ
1618 1837 1791 1873 κατα-

212 1913 503 1977 ϐάλλοντες
526 1931 539 1945 ·
577 1917 604 1966 6
638 1916 1018 1984 είσαγωγικδς,
1070 1917 1100 1967 6
1129 1914 1314 1984 μέσος,
1351 1913 1445 1965 καὶ
1471 1912 1498 1963 6
1539 1910 1745 1973 τέλειος
1773 1925 1789 1941 δ

213 2004 307 2057 τὸν
362 2005 461 2074 τῆς
513 2004 845 2075 φιληδονίας,
886 2006 978 2059 τὸν
1011 2006 1109 2076 τῆς
1136 2001 1524 2075 φιλαργυρίας,
1570 2000 1665 2054 καὶ
1701 1999 1793 2054 τὸν

212 2099 314 2169 τῆς
344 2097 643 2166 φιλοδοξίας
676 2098 1003 2170 τρικέφαλον
1044 2097 1332 2169 δράκοντα.

289 2207 387 2261 λθ’.
426 2209 534 2277 Οὐχ
555 2205 635 2271 εἷς
656 2211 752 2264 καὶ
779 2213 807 2264 6
836 2213 995 2276 αὐτὸς
1014 2214 1161 2282 ἀγὼν
1196 2216 1308 2277 τοῖς
1327 2212 1476 2283 τρισὶ
1505 2212 1647 2266 κατὰ
1672 2212 1782 2265 τῶν

214 2297 385 2368 τριῶν
420 2299 601 2370 ἀρχῶν
630 2302 723 2353 καὶ
751 2301 1032 2369 δυνάμεων
1060 2302 1153 2356 τοῦ
1182 2303 1585 2368 ὲξουσιάζοντος
1620 2302 1790 2357 πνεύ-

219 2406 415 2458 ματος,
463 2391 578 2444 ἀλλ’
609 2393 767 2457 ἀλλος
820 2394 915 2447 καὶ
960 2393 1139 2458 ἄλλος.
1173 2394 1382 2459 ’Ἄλλως
1438 2395 1580 2449 κατά
1627 2411 1796 2465 στρα-

214 2482 517 2555 τευομένης
563 2486 662 2556 τῆς
721 2488 849 2554 μιᾶς
908 2487 1001 2539 καὶ
1058 2488 1187 2557 μιᾶς
1240 2486 1448 2539 τούτων
1482 2486 1657 2556 ἀρχῆς
1703 2482 1795 2555 ὑφ’

217 2574 455 2627 ἑκάστου
495 2575 586 2629 τοῦ
610 2575 747 2643 πρὸς
784 2577 885 2647 τὴν
918 2576 1098 2648 μάχην
1158 2576 1330 2646 αὐτῆς
1361 2576 1653 2646 ἱσταμένου
1701 2576 1794 2629 καὶ

216 2664 686 2737 καθοπλιζομένου
717 2668 958 2739 φυσικῶς
981 2668 1059 2738 τῷ
1089 2668 1284 2737 δικαίῳ
1314 2667 1490 2737 θυμῷ.

300 2776 377 2844 μ’.
424 2776 484 2829 Ὀ
510 2776 633 2848 ἄρτι
654 2780 792 2847 πρὸς
822 2780 948 2842 τοὺς
977 2779 1195 2848 ἀγῶνας
1226 2780 1325 2849 τῆς
1352 2778 1635 2842 εὐσεϐείας
1664 2779 1800 2833 ἀπο-

222 2867 544 2937 δυσάμενος,
604 2871 698 2923 καὶ
754 2870 1118 2938 είσαγωγικδς
1168 2869 1244 2922 ὣν
1293 2869 1429 2939 πρὸς
1492 2869 1802 2938 παράταξιν

220 2956 335 3009 τῶν
366 2956 573 3024 παθῶν,
604 2957 747 3012 κατὰ
767 2957 861 3011 τοῦ
884 2958 1193 3029 πνεύματος
1217 2959 1317 3027 τῆς
1351 2957 1663 3026 φιληδονίας
1690 2958 1800 3012 πᾶ·-

222 3065 326 3101 σαν
346 3048 494 3118 αἴρει
528 3049 624 3119 τὴν
656 3050 838 3120 μάχην
869 3050 1059 3115 αὑτοῦ,
1092 3050 1187 3104 καὶ
1230 3049 1454 3112 δυνατὸς
1501 3050 1592 3103 διά
1618 3050 1799 3121 πάσης

220 3137 598 3200 κακοπαθείας
636 3140 758 3192 κατ’
812 3138 982 3192 αὑτοῦ
1036 3138 1421 3209 ὲκστρατεύει,
1460 3139 1669 3208 σάρκας
1702 3137 1800 3207 μὲν

219 3233 341 3293 ταῖς
373 3231 611 3293 ἀσιτίαις
636 3232 909 3301 ἐκτήκων,
940 3233 1061 3294 ταῖς
1096 3232 1440 3302 χαμευνίαις,
1479 3233 1599 3295 ταῖς
1630 3213 1852 3301 ἀγρυ-(ἶ

218 3321 435 3385 πνίαις,
464 3322 559 3373 καὶ
605 3323 727 3384 ταῖς
761 3321 1059 3391 παννύχοις
1089 3323 1331 3392 δεήσεσι,
1356 3322 1535 3392 ψυχὴν
1568 3321 1628 3374 δὲ
1672 3338 1801 3374 συν-

216 3410 427 3478 τρίϐων
463 3413 530 3481 τῇ
565 3412 755 3483 μνήμῃ
780 3412 887 3465 τῶν
917 3412 1013 3466 τοῦ
1044 3410 1170 3483 ᾅδου
1198 3411 1423 3475 ποινῶν,
1467 3412 1563 3464 καὶ
1600 3412 1669 3482 τῇ
1702 3410 1799 3464 τοῦ

218 3500 457 3554 θανάτου
493 3501 713 3573 μελέτῃ,
749 3502 843 3555 καὶ
882 3502 985 3572 τὴν
1030 3502 1258 3572 καρδίαν
1307 3502 1649 3572 ἀποσμήχων
1700 3500 1796 3555 τοῦ

219 3593 397 3661 ῥύπου
432 3593 541 3647 τῶν
564 3594 919 3665 συνδυασμῶν
965 3594 1060 3649 καὶ
1085 3593 1536 3664 συγκαταθέσεων
1566 3595 1655 3648 διά
1698 3594 1797 3648 δα-

216 3684 405 3755 κρύων
438 3685 540 3755 τῆς
576 3685 881 3755 μετανοίας.

293 3826 407 3898 μα’.
448 3826 509 3880 '0
539 3826 677 3898 πρὸς
704 3826 762 3881 τδ
793 3826 959 3897 μέσον
986 3824 1085 3897 τῆς
1111 3824 1285 3896 ἀρχῆς
1311 3822 1681 3895 μεταθέμενος
1700 3819 1802 3893 τὴν

221 3920 497 3983 ἐπίϐασιν,
538 3917 632 3971 καὶ
656 3917 783 3982 τοὺς
821 3916 1053 3988 ἱδρῶτας
1080 3915 1205 3980 τοὺς
1232 3915 1373 3970 κατὰ
1393 3913 1488 3971 τοῦ
1517 3913 1800 3985 φιληδόνου

224 4011 538 4081 πνεύματος
564 4008 655 4064 διὰ
683 4008 777 4063 τοῦ
818 4010 1058 4078 σπόγγου
1102 4008 1202 4079 τῆς
1257 4004 1482 4079 πρώτης
1526 4006 1801 4070 ἀπαθείας

222 4102 671 4173 ἀπομαξάμενος,
686 4101 811 4173 ἄρτι
830 4101 886 4153 δὲ
903 4101 1028 4164 τοὺς
1046 4099 1356 4170 ὀφθαλμοὺς
1374 4097 1799 4167 άποκαλυφθεὶς,

224 4196 321 4247 καὶ
345 4193 444 4256 τάς
476 4192 666 4262 φύσεις
694 4193 827 4263 όρᾷν
848 4191 956 4245 τῶν
978 4191 1149 4245 δντων
1177 4188 1510 4261 ἀρξάμενος,
1539 4188 1681 4242 κατά
1706 4187 1801 4242 τοῦ

225 4284 539 4353 πνεύματος
571 4284 670 4355 τῆς
701 4282 933 4337 ἀπίστου
973 4281 1339 4353 φιλαργυρίας
1372 4280 1517 4353 αἴρει
1566 4279 1635 4334 16
1660 4279 1802 4333 ὅπλα

224 4377 325 4444 τῆς
352 4375 614 4439 πίστεως,
636 4374 727 4427 τὸν
749 4372 875 4427 νοῦν
909 4374 1007 4444 μὲν
1036 4373 1252 4442 ἀνυψῶν
1283 4371 1475 4426 ἑαυτοῦ
1504 4373 1568 4442 τῇ
1606 4369 1804 4442 μελέτῃ

225 4469 336 4521 τῶν
391 4468 556 4521 θείων
611 4468 977 4539 πραγμάτων,
1032 4468 1122 4520 τὸν
1153 4468 1210 4521 δὲ
1253 4467 1412 4536 λόγον
1465 4466 1804 4537 παραθήγων

1871 622 2021 677 aliud
2055 622 2173 689 bic,
2200 623 2347 676 aliud
2369 623 2459 677 illa
2476 621 2881 692 est.Cupiditas
2903 632 2989 679 est
3015 632 3199 679 motus
3226 630 3448 695 animus,

1874 723 2033 769 actus
2074 716 2495 784 peccaminosns
2531 715 2597 769 ad
2638 730 2847 784 corpus
2880 723 3111 786 spectat.
3144 715 3234 772 Sic
3259 719 3447 785 libido,

1871 805 2101 860 avaritia
2127 813 2181 860 et
2212 805 2441 860 ambitio
2472 813 2602 860 sunt
2634 819 2815 875 pravae
2850 809 3183 877 cupiditates
3209 811 3405 866 animae
3431 828 3447 877 ;

1875 894 2169 953 fornicatio
2203 904 2411 961 autem,
2438 899 2567 953 boni
2594 897 2760 954 alieni
2786 900 3073 969 usurpatio
3098 910 3154 956 et
3176 904 3453 974 injustitia

1877 998 2007 1044 sunt
2048 991 2419 1059 peccaminosi
2477 991 2662 1046 carnis
2708 999 2911 1046 actus:
2970 995 3452 1066 concupiscentia,

1879 1085 1961 1137 lra
1994 1094 2050 1138 et
2090 1082 2368 1154 superbia,
2402 1083 2734 1151 cupiditates
2797 1092 2924 1138 sunt
2954 1086 3454 1143 anitumlacnltates

1885 1190 2014 1231 suas
2064 1186 2255 1230 contra
2288 1185 2546 1231 naturam
2579 1176 2886 1244 moventis;
2943 1176 3277 1233 adulterium
3323 1193 3454 1232 vero

1879 1276 1933 1322 et
1977 1267 2179 1327 caedes.
2224 1266 2433 1322 furtum
2471 1276 2525 1321 et
2573 1267 2835 1332 ebrietas,
2873 1276 2928 1323 et
2975 1268 3195 1338 quidvis
3228 1268 3380 1323 aliud
3421 1284 3453 1321 ιι

1877 1374 2113 1428 corpore
2167 1367 2479 1428 patruum,
2540 1359 2912 1429 peccaminosi
2991 1368 3124 1416 sunt
3188 1361 3457 1432 pravique

1875 1449 2059 1505 carnis
2084 1457 2259 1505 actus.

1952 1643 2046 1699 '58.
2075 1642 2215 1699 Tres
2248 1653 2379 1699 sunt
2418 1642 2823 1715 generalissimi
2866 1644 3250 1700 universarum
3300 1646 3458 1716 cupi-

1888 1737 2123 1791 ditatum
2176 1736 2368 1801 duces,
2400 1744 2455 1791 et
2491 1745 2602 1792 tres
2648 1746 2844 1792 contra
2885 1753 2982 1793 eos
3027 1736 3197 1800 acies,
3247 1745 3299 1791 et
3346 1747 3458 1791 tres

1884 1837 2036 1892 sunt,
2072 1843 2269 1898 nempe
2301 1827 2597 1897 incipiens,
2631 1827 2923 1898 proﬁciens
2944 1835 2999 1882 et
3029 1828 3334 1896 perfectus,
3365 1828 3459 1898 qui

1880 1934 1975 1975 eos
2037 1919 2332 1984 debellant,
2388 1934 2454 1973 ac
2505 1926 2868 1988 prosternunt
2910 1919 3207 1990 tricipitem
3256 1920 3462 1976 amoris

1880 2013 2252 2084 voluptatum,
2278 2012 2638 2084 pecuniaeque
2677 2020 2732 2066 et
2764 2013 3035 2067 bonorum
3069 2015 3392 2068 draconem.

1952 2212 2042 2268 39.
2076 2209 2194 2266 Non
2226 2226 2397 2266 unum
2426 2217 2481 2265 et
2513 2208 2655 2265 idem
2692 2216 2777 2265 est
2809 2209 2988 2265 tribus
3014 2218 3293 2267 certamen
3329 2225 3462 2264 con-

1884 2314 1967 2359 tra
2022 2313 2136 2358 tres
2203 2303 2373 2358 duces
2417 2310 2471 2356 et
2524 2302 2804 2357 exercitus
2858 2301 3061 2357 summi
3106 2304 3465 2373 imperatoris

1883 2395 2134 2466 spiritus,
2161 2394 2255 2450 sed
2288 2392 2439 2448 aliud
2471 2398 2528 2448 et
2553 2392 2724 2447 aliud.
2774 2393 2946 2448 Aliter
2969 2404 3244 2465 pugnatur
3267 2402 3461 2449 centra

1887 2502 2083 2553 unum,
2113 2495 2168 2540 et
2196 2486 2358 2541 aliter
2386 2492 2579 2541 contra
2609 2485 2843 2540 alterum
2868 2485 3071 2540 ducum
3101 2485 3194 2554 qui
3220 2487 3463 2541 militant

1884 2580 1989 2636 sub
2021 2576 2255 2650 singulis
2307 2577 2582 2649 praefectis
2620 2591 2715 2632 eos
2757 2578 2823 2631 ad
2855 2578 3102 2647 praelium
3134 2578 3465 2635 ducentibus

1886 2682 1940 2728 et
1965 2672 2118 2743 justa
2155 2670 2481 2726 fortitudine
2504 2669 2833 2725 naturaliter
2862 2669 3109 2725 armatis.

1958 2782 2051 2837 40.
2088 2781 2192 2848 Qui
2243 2796 2421 2851 nuper
2471 2781 2540 2835 ad
2608 2796 2812 2852 agones
2857 2782 3074 2852 pietatis
3103 2797 3165 2839 se
3217 2782 3465 2849 nudavit,

1886 2878 2093 2945 quique
2120 2874 2313 2943 incipit
2364 2888 2603 2943 pugnam
2639 2881 2831 2928 contra
2865 2874 3221 2944 cupiditates,
3268 2875 3467 2931 adver-

1887 2982 1983 3021 sus
2005 2965 2236 3019 luxuria:
2256 2964 2510 3034 spiritum
2536 2966 2735 3017 luctam
2759 2978 2976 3018 omnem
3003 2965 3207 3036 dirigit,
3231 2968 3468 3035 totisque

1886 3057 2103 3111 viribus
2132 3071 2231 3128 per
2273 3055 2447 3110 multa
2482 3063 2760 3109 tormenta
2791 3064 2984 3109 contra
3020 3072 3145 3111 eum
3195 3057 3465 3124 decertat,

1886 3160 2109 3201 carnem
2142 3152 2447 3200 extenuans
2470 3144 2794 3199 abstinendo
2818 3146 2982 3213 cibis,
3011 3146 3159 3201 humi
3189 3150 3466 3214 cubando,

1891 3247 2064 3293 totam
2106 3246 2329 3293 noctem
2368 3236 2426 3290 in
2456 3236 2660 3303 vigiliis
2690 3244 2746 3291 et
2768 3241 3023 3294 oratlnne
3052 3240 3464 3307 consumendo;

1891 3330 2136 3383 animam
2191 3342 2324 3383 vero
2373 3336 2672 3382 conterens
2737 3330 3119 3385 recordatione
3178 3344 3468 3402 pinnarum

1892 3420 2094 3476 inferni
2130 3427 2185 3474 et
2216 3417 2415 3474 mortis
2450 3417 2831 3483 meditatione,
2862 3428 2917 3473 et
2942 3436 2972 3474 a
2997 3420 3162 3475 corde
3180 3430 3468 3491 exlergens

1892 3529 1990 3585 per
2024 3512 2361 3585 pmniteutia:
2401 3509 2673 3582 Iacrymas
2718 3512 2937 3568 sordem
2977 3514 3191 3584 copula:
3221 3520 3276 3569 et
3314 3527 3468 3568 com-

1894 3606 2088 3661 mercii
2119 3605 2385 3661 carnalis.

1967 3827 2060 3883 tl.
2103 3825 2207 3894 Qui
2243 3825 2311 3881 de
2349 3825 2509 3880 initio
2541 3824 2608 3879 ad
2644 3824 2887 3880 medium
2918 3838 3142 3893 gressus
3170 3824 3467 3889 convertit,
3526 3876 3529 3877 ν

1894 3921 2233 3989 sudoresque
2278 3918 2332 3973 in
2377 3916 2642 3972 luctando
2685 3924 2881 3971 contra
2928 3914 3163 3970 luxuriae
3219 3914 3468 3984 spiritum

1892 4013 2109 4069 elicitos
2157 4010 2350 4082 prima:
2410 4007 2879 4080 impassibilitatis
2929 4005 3158 4077 spongia
3210 4006 3467 4073 extersit,

1895 4102 2102 4175 quique
2160 4107 2416 4156 recenter
2478 4097 2856 4167 disc00peruit
2923 4094 3117 4151 oculos
3174 4110 3471 4165 rerumque

1893 4204 2126 4250 naturas
2153 4192 2509 4248 considerare
2537 4191 2761 4259 incepit,
2790 4200 2986 4244 contra
3023 4187 3278 4258 spiritum
3323 4185 3471 4239 dim-

1894 4284 2080 4340 dentis
2117 4282 2364 4338 avaritite
2417 4280 2564 4336 tollit
2607 4294 2759 4333 arma
2815 4278 2962 4343 ﬁdei,
3020 4268 3258 4333 mentem
3310 4291 3466 4331 suam

1892 4377 2117 4431 elevans
2146 4374 2506 4429 meditatione
2538 4372 2853 4425 divinorum
2885 4385 3139 4440 cperum,
3197 4368 3469 4423 rationem

1896 4478 2112 4524 acutam
2167 4475 2223 4523 et
2280 4465 2656 4537 perspicacem
2712 4463 2948 4518 reddens
3003 4461 3072 4516 ad
3119 4460 3471 4531 explicandas

226 4563 339 4621 τοῖς
371 4559 551 4626 λόγοις
582 4559 684 4628 τῆς
715 4560 966 4623 κτίσεως,
1017 4559 1113 4612 καὶ
1143 4558 1223 4622 είς
1271 4558 1333 4611 τὸ
1366 4558 1462 4620 τὰς
1494 4558 1682 4626 φύσεις
1709 4557 1795 4610 αύ-

1893 4569 2270 4617 creatnrarnm
2310 4558 2555 4612 rationes
2585 4570 2649 4609 ac
2684 4563 2933 4619 naturas,
2987 4560 3042 4607 et
3087 4553 3330 4606 animam
3362 4553 3469 4606 du-

224 4651 337 4702 τῶν
364 4649 733 4720 ἐκδιηγεῖσθαι
782 4650 1083 4721 διατρανῶν
1106 4665 1123 4680 ο
1144 4650 1245 4720 τὴν
1289 4648 1346 4702 δὲ
1380 4648 1556 4720 ψυχὴν
1586 4649 1795 4717 ἀνάγων

1887 4668 2020 4707 cens
2064 4668 2094 4706 a
2140 4650 2453 4707 visibilibus
2509 4648 2577 4701 ad
2612 4647 2974 4701 invisibilium
3010 4647 3205 4710 ardua,
3237 4643 3469 4700 credens

224 4747 293 4815 τῇ
325 4743 507 4796 πίστει
537 4743 645 4797 ἀπὸ
673 4742 782 4797 τῶν
812 4743 1131 4815 ὁρωμένων,
1163 4742 1257 4795 ἐπὶ
1274 4742 1340 4795 16
1370 4740 1481 4813 ὕψη
1508 4740 1618 4794 τῶν
1638 4742 1795 4810 ἀορά-

1888 4744 2241 4815 providentiae
2282 4741 2377 4797 Dei
2407 4741 2556 4797 illius
2592 4738 2686 4809 qui
2750 4739 2969 4809 propria
2998 4738 3315 4805 operatione
3342 4751 3468 4789 om-

224 4850 359 4895 των,
395 4832 490 4884 καὶ
518 4831 721 4884 πείθων
748 4831 911 4885 αὑτὸν
942 4827 1082 4885 εἶναι
1112 4830 1437 4901 προνοητὴν,
1472 4831 1565 4883 τὸν
1616 4832 1680 4883 ὲκ
1709 4827 1795 4884 τοῖ

1890 4838 1976 4890 nia
2005 4852 2069 4891 ex
2106 4835 2283 4891 nibilo
2315 4834 2382 4888 ad
2423 4849 2525 4890 ens
2548 4831 2960 4903 eduxit,-atque
2988 4840 3102 4887 tota
3152 4846 3251 4902 spe
3296 4832 3464 4885 vitam

229 4923 307 4992 μὴ
334 4922 488 4987 ὄντος
514 4924 595 4985 είς
617 4923 676 4976 τὸ
698 4917 841 4975 εἶναι
870 4923 939 4976 16
993 4922 1173 4976 πάντα
1207 4922 1600 4993 παραγαγόντα
1642 4922 1795 4990 Θεὸν,

1895 4929 2135 4984 divinam
2159 4937 2509 4998 exspectans.

224 5010 338 5062 τῶν
364 5010 581 5064 οἰκείων
607 5010 805 5082 ἔργων,
830 5011 923 5064 καὶ
947 5011 1077 5081 ὃλην
1108 5010 1208 5083 τὴν
1241 5011 1433 5065 ἐλπίδα
1488 5012 1663 5067 ποιῶν
1702 5013 1806 5083 τῆς

228 5099 415 5153 ἐνθέου
441 5098 606 5171 ζωῆς.

304 5197 414 5268 μβ’.
454 5197 513 5251 '0
539 5198 599 5251 τὺ
639 5203 803 5269 μέσον
823 5197 912 5253 διὰ
936 5197 1172 5270 θεωρίας
1202 5202 1297 5256 καὶ
1334 5201 1605 5267 ἀπαθείας
1635 5204 1795 5274 περά.

1967 5206 2056 5264 42.
2088 5207 2191 5275 Qui
2215 5207 2503 5263 dimidium
2528 5223 2633 5278 ope
2664 5209 3147 5279 contemplationis
3174 5218 3229 5266 et
3264 5211 3468 5281 impas-

229 5307 353 5352 σας,
409 5290 503 5343 καὶ
535 5288 597 5341 τὸ
620 5290 895 5361 ἀπατηλὸν
940 5292 1264 5363 ὑπερκύψας
1305 5297 1406 5366 τῆς
1457 5298 1795 5368 παγκοσμίου

1897 5299 2183 5354 sibilitatis
2232 5299 2472 5363 transiit,
2526 5298 2919 5370 fallaciamque
2960 5315 3154 5357 sensus
3200 5305 3463 5359 mundani

228 5380 559 5449 αίσθὴσεως,
590 5382 714 5450 ἄρτι
741 5382 795 5434 δὲ
826 5382 967 5453 μετὰ
997 5383 1089 5436 τοῦ
1116 5383 1277 5453 λόγου
1309 5387 1407 5456 τῆς
1434 5386 1687 5455 γνώσεως
1711 5388 1795 5442 καῖ

1892 5408 2283 5461 supergressus
2302 5401 2402 5457 est,
2432 5406 2495 5446 ac
2520 5400 2793 5454 recenter.
2819 5393 3048 5462 juvante
3079 5393 3256 5448 Verbo
3280 5396 3465 5450 scien-

229 5471 334 5539 τῆς
361 5473 727 5526 ὲνυποστάτου
753 5472 889 5527 Θεοῦ
917 5476 1131 5544 σοφίας,
1165 5476 1244 5548 τῷ
1281 5478 1463 5549 γνόφῳ
1499 5479 1597 5547 τῆς
1623 5479 1795 5534 θεολο-

1892 5488 1980 5541 tia:
2005 5496 2060 5541 et
2106 5486 2383 5556 personali
2416 5487 2511 5541 Dei
2554 5485 2868 5556 Sapientia,
2899 5486 3137 5540 obscura
3177 5486 3462 5554 ingressus

234 5563 363 5631 γίας
421 5565 621 5629 εἰσδὺς,
662 5565 804 5619 κατά
840 5565 935 5619 τοῦ
977 5567 1287 5639 πνεύματος
1332 5571 1431 5638 τῆς
1481 5572 1795 5641 φιλοδοξίας1

1890 5587 1976 5635 est
2008 5579 2301 5650 theologia:
2334 5578 2617 5650 mysteria,
2651 5588 2841 5633 contra
2875 5576 3132 5646 spiritum
3162 5577 3457 5646 superbiae,

236 5656 408 5723 αἴρει,
432 5654 658 5726 δυνάμει
684 5660 784 5727 τῆς
806 5659 1336 5730 ταπεινοφροσύνης,
1361 5660 1429 5713 16
1452 5661 1613 5727 ὅπλα,
1632 5662 1795 5735 ψυχὴη

1893 5672 2203 5727 humilitate
2229 5671 2578 5735 obﬁrmatus,
2604 5685 2755 5725 arma
2786 5669 2947 5734 tollit,
2985 5670 3227 5723 animam
3264 5671 3319 5720 in
3376 5667 3451 5720 di~

240 5750 341 5817 μὲν
372 5750 432 5801 ἐν
482 5752 601 5813 ταῖς
640 5751 813 5821 ἱεραῖς
852 5750 1230 5820 ἀποκαλύψεσι
1285 5754 1663 5820 κατανύσσων,
1714 5757 1795 5809 καί

1893 5764 2038 5818 vinis
2096 5764 2525 5819 revelationibns
2589 5777 3008 5833 compungens,
3074 5761 3462 5829 lacrymasque

236 5838 446 5905 δάκρυα
475 5840 726 5908 προχέειν
755 5841 1040 5907 ἀνωδύνως
1067 5842 1237 5897 ποιῶν
1257 5860 1270 5877 ο
1299 5844 1359 5897 τὸ
1382 5842 1437 5897 δέ
1461 5860 1522 5911 γε
1554 5845 1795 5916 φρόνημα

1896 5859 2020 5913 sine
2059 5856 2252 5914 dolore
2292 5858 2543 5924 eiiciens,
2574 5856 2813 5911 animum
2856 5868 2985 5911 vero
3032 5852 3295 5909 memoria
3350 5851 3457 5906 bu-
