4202 6450
735 396 834 461 871

1932 384 1981 442 N
1995 377 2229 441 [CETE
2274 370 2701 436 PECTORATI

3869 368 3976 429 872

738 521 913 565 mana:
960 500 1294 558 inti'rmitatis
1326 500 1616 569 dejiciens,
1662 495 1879 567 erigens
1927 502 2112 549 autem
2165 503 2296 544 eum
2326 492 2397 551 Λα

2326 492 2375 551 Α
2394 479 2567 549 αὐτῆς
2589 480 2658 549 τῇ
2697 478 2890 553 μνήμῃ
2927 474 3280 531 καταόἀλλων
3301 475 3401 546 τῆς
3429 475 3780 546 ἀνθρωπίνης
3806 477 3966 530 ἀσθε-

735 599 936 655 ἀίνίηω
968 596 1209 652 scientia:
1232 593 1680 664 cogitationibus.

806 781 899 836 43.
943 776 1198 848 Jejuniis,
1232 774 1453 846 vigiliis,
1509 770 1875 835 orationibus,
1928 768 2080 823 bumi
2139 780 2304 821 recu‘

736 871 941 933 bando,
988 869 1272 924 laboribus
1327 866 1597 935 corporis,
1632 872 1687 916 et
1734 863 1967 931 propria:
2004 860 2308 913 voluntatis

740 960 1163 1015 mortiﬁcatione
1210 957 1503 1011 humilitati
1554 954 1748 1008 animae
1793 952 2113 1022 conjuncta,
2156 950 2308 1005 iner-

739 1058 850 1102 tem
884 1049 1163 1103 reddimus
1193 1047 1428 1101 luxuriae
1461 1046 1735 1114 spiritum,
1783 1044 2143 1111 subjugamus
2174 1054 2307 1096 vero

738 1141 889 1193 illum
936 1138 1274 1208 prementia:
1318 1136 1595 1206 lacrymis,
1632 1149 1868 1203 eumque
1914 1133 1969 1186 in
2027 1144 2307 1184 carcerem

738 1222 1111 1300 temperantiae
1156 1229 1407 1292 ductum,
1447 1224 1784 1281 immobilem
1825 1223 2174 1289 debilemque
2221 1220 2305 1275 l'a-

739 1327 939 1388 cimus,
1000 1336 1126 1377 cum
1178 1320 1433 1375 videlicet
1490 1318 1547 1373 in
1595 1316 1923 1372 ferventium
1972 1313 2304 1368 athletarum

738 1414 856 1466 acie
903 1414 1224 1467 militamus.

806 1591 896 1644 44.
916 1590 1097 1643 Armis
1125 1588 1247 1643 liilei
1278 1594 1329 1642 et
1358 1589 1582 1658 spiritus
1610 1586 1815 1655 gladio.
1843 1587 1933 1654 qui
1956 1595 2041 1642 est
2070 1588 2301 1643 verbum

740 1680 854 1742 Dei,
895 1681 1175 1735 devictum
1229 1681 1474 1733 avaritia:
1523 1680 1781 1749 spiritum
1819 1678 2185 1743 trucidamus,
2238 1695 2304 1735 ac

736 1772 921 1824 statim
958 1772 1023 1826 ad
1068 1772 1588 1839 contemplationem
1621 1773 1827 1824 entium
1859 1787 1980 1825 cum
2016 1770 2181 1824 verbo
2208 1786 2300 1824 sa-

737 1860 955 1929 pientiae
988 1870 1294 1924 currentes,
1333 1866 1389 1913 et
1419 1859 1688 1912 vilitatem
1719 1858 2015 1911 visibilium
2042 1874 2138 1928 per
2164 1858 2305 1912 .Ver-
2328 1844 2396 1927 Βγ

2294 1888 2305 1900 -
2328 1844 2517 1928 Βρίαν
2546 1857 2655 1908 τῶν
2691 1856 2860 1909 ὄντων
2909 1857 3049 1926 μετά
3101 1856 3260 1923 λόγου
3321 1858 3515 1927 σοφίας
3545 1862 3953 1931 ἀναδραμόντες

737 1952 864 2004 bum
907 1950 1152 2006 scientia:
1188 1950 1587 2011 transilientes,
1649 1951 1714 2004 ad
1761 1950 1963 2018 palatia
2015 1950 2304 2005 charitatis

735 2058 858 2097 cum
890 2044 1178 2099 ditissimis
1206 2044 1324 2113 spei
1361 2042 1567 2097 divinae
1598 2043 1869 2100 thesauris
1897 2043 2193 2100 tendimus.

804 2303 895 2357 45.
944 2304 1060 2360 Alis
1112 2305 1566 2374 impassibilitatis
1608 2314 1661 2360 et
1686 2308 2012 2365 humilitatis
2065 2311 2121 2365 in
2173 2327 2302 2368 aere

732 2396 978 2462 mystica:
1012 2397 1297 2462 theologize
1333 2407 1604 2461 natantes,
1630 2408 1684 2453 et
1711 2400 1765 2453 in
1792 2416 2093 2471 supernum
2120 2406 2298 2459 scien-

732 2488 821 2542 tia:
857 2491 1245 2559 mysteriorum
1286 2490 1377 2543 Dei
1403 2492 1663 2561 abyssum
1700 2510 1823 2547 cum
1865 2507 2056 2551 sancto
2088 2495 2296 2567 Spiritu

731 2582 994 2648 ingressi,
1029 2583 1308 2637 sideribus
1335 2585 1649 2640 divinorum
1696 2587 2011 2657 dogmatum
2050 2603 2106 2645 et
2150 2594 2300 2661 σθεῖ-

734 2681 993 2737 tatorum,
1056 2677 1328 2743 superbia:
1391 2679 1642 2746 spiritum
1707 2682 2079 2747 incendimus,
2123 2683 2299 2740 imbre

730 2773 912 2818 autem
968 2766 1333 2836 lacrymarum
1385 2778 1440 2823 et
1493 2768 1811 2825 ﬂuminibus
1853 2776 2297 2843 compunctiouis

734 2852 789 2905 in
829 2853 989 2909 linem
1026 2856 1390 2911 humanarum
1425 2873 1607 2913 rerum
1663 2863 2042 2929 respicientes,
2077 2867 2300 2921 immer-

730 2942 911 3008 gimus
967 2952 1078 3000 tres
1138 2947 1262 3015 ejus
1314 2947 1633 3014 daemones,
1687 2952 1782 3019 qui
1844 2955 2292 3023 praesumptione,

727 3032 883 3087 inani
915 3034 1091 3105 gloria
1118 3044 1175 3092 et
1202 3039 1459 3107 superbia
1495 3049 1685 3094 contra
1717 3056 1817 3096 nos
1847 3043 2152 3098 decertant.

795 3216 887 3270 ιϐ.
927 3214 1032 3282 Qui
1078 3218 1581 3287 concupiscentiam
1631 3224 1837 3284 carnis,
1884 3239 2295 3297 concupiscen-

727 3308 856 3360 tiam
884 3308 1165 3362 oculorum
1215 3310 1525 3379 superbiam
1575 3313 1699 3367 vitae
1760 3315 1938 3378 (hanc
1989 3321 2297 3390 iniquitatis

728 3396 1053 3467 mundum),
1108 3414 1204 3469 per
1236 3415 1358 3468 qua
1386 3416 1416 3455 a
1447 3402 1716 3458 charitate
1749 3404 1843 3461 Die
1877 3407 2201 3477 alienamur,
2229 3429 2297 3469 ex

726 3490 890 3543 corde
923 3491 1230 3545 detestatur
1260 3509 1325 3547 ac
1369 3493 1628 3558 debellat,
1666 3497 1996 3569 sibimetipsi
2032 3507 2295 3558 mundum

726 3580 1021 3646 cruciﬁxit,
1051 3591 1105 3635 et
1143 3583 1258 3652 ipse
1307 3585 1606 3641 crucillxus
1656 3600 1743 3642 est
1791 3590 2020 3654 mundo,
2056 3593 2297 3651 inimici-

724 3668 833 3721 tias
862 3668 1000 3721 inter
1033 3668 1200 3723 Deum
1238 3682 1292 3725 et
1337 3676 1573 3727 animam
1608 3676 1829 3733 solvens
1877 3679 1932 3733 in
1980 3695 2149 3738 carne
2174 3700 2296 3751 sua,

725 3766 779 3808 et
831 3756 1039 3813 faciens
1069 3770 1304 3832 utraque
1337 3780 1527 3819 unum.
1576 3765 1677 3832 Qui
1712 3771 1857 3823 enim
1906 3772 2013 3828 illis
2045 3789 2143 3843 per
2169 3791 2296 3830 car-

728 3847 867 3900 nalis
916 3865 1108 3903 sensus
1163 3854 1542 3921 spoliatiouem
1596 3869 1843 3915 mortuus
1889 3874 1992 3926 cst,
2044 3868 2296 3921 reconci-

728 3938 877 3992 liuvit
909 3943 1263 4011 semetipsum
1300 3946 1425 4012 Deo,
1464 3948 1647 4002 odium
1680 3953 1869 4006 mundi
1901 3953 1957 4007 in
1990 3959 2296 4013 mortiﬁca-

728 4026 929 4081 tionem
958 4034 1303 4102 voluptatum
1351 4052 1449 4103 per
1506 4039 1822 4093 cruciﬁxam
1872 4044 2078 4099 mundo
2122 4047 2290 4102 vitam

727 4118 1095 4186 interﬁciens,
1149 4132 1203 4177 et
1252 4126 1552 4182 amicitiam
1608 4128 1735 4183 Jesu
1789 4132 1892 4186 sibi
1955 4137 2288 4194 conciliavit.

728 4209 911 4278 Itaque
943 4211 1256 4281 hujusmodi
1296 4216 1387 4270 vir
1426 4218 1537 4286 jam
1572 4234 1678 4273 non
1712 4220 1972 4279 inimicus
2009 4225 2100 4279 Dei
2133 4227 2292 4295 (lan-

726 4316 889 4365 quam
924 4302 1017 4356 Dei
1057 4304 1383 4375 inimicus),
1419 4310 1510 4362 sed
1544 4312 1756 4367 amicus
1787 4314 1937 4369 illius
1966 4326 2072 4383 est,
2104 4327 2292 4387 utpote

726 4391 1021 4446 crucifixus
1052 4398 1274 4460 mundo,
1299 4407 1352 4452 et
1375 4399 1556 4454 dicere
1583 4404 1803 4459 valens:
1846 4423 1865 4456 ι
1898 4406 2029 4461 Mihi
2054 4414 2291 4467 mundus

729 4480 1029 4538 crucilixus
1057 4494 1165 4551 est,
1200 4495 1254 4539 et
1284 4502 1385 4558 ego
1418 4490 1622 4544 mundo
1642 4493 1685 4546 ⁸.
1710 4511 1728 4543 ι

793 4682 895 4735 ιπ.
934 4680 1168 4739 Omnino
1194 4685 1471 4745 derelictis
1523 4688 1859 4749 luctantilius
1915 4707 2141 4768 propter
2188 4699 2289 4757 has

721 4773 1037 4843 contingere
1089 4775 1228 4831 solet
1258 4792 1474 4845 causas,
1531 4784 1741 4839 scilicet
1779 4784 1995 4842 inanem
2030 4791 2282 4859 gloriam,

724 4865 954 4932 proximi
989 4867 1528 4939 condemnationem,
1563 4883 1620 4928 et
1668 4876 1944 4933 elationes
1974 4880 2044 4935 de
2110 4882 2286 4939 virtu-

723 4955 891 5009 tibus.
950 4956 1009 5010 Si
1066 4959 1198 5026 quid
1236 4960 1402 5029 igitur
1435 4962 1664 5017 istorum
1701 4968 1913 5024 animas
1959 4970 2283 5027 luctantium

724 5046 984 5102 :nvadens
1022 5049 1356 5115 dominetur,
1394 5053 1475 5108 eis
1522 5055 1937 5115 derelictionem
1986 5078 2016 5115 a
2053 5063 2163 5118 Deo
2198 5065 2286 5119 in-

722 5135 846 5201 fert,
873 5153 971 5192 nec
1002 5150 1258 5210 poterunt
1288 5145 1420 5214 quin
1451 5150 1517 5201 de
1545 5148 1646 5203 hac
1671 5163 1792 5220 post
1820 5155 2063 5210 oﬂ‘ensas
2088 5159 2288 5212 merito

722 5239 1086 5297 accusentur,
1116 5240 1476 5307 quoadusque
1523 5242 1880 5313 principalem
1916 5248 2290 5304 derelictiouis

725 5334 949 5376 causam
1001 5335 1366 5393 removentes,
1420 5330 1476 5386 in
1510 5332 1831 5393 humilitatis
1864 5354 2048 5397 arcem
2099 5341 2285 5413 perlu-

717 5424 885 5481 stant.

792 5793 814 5827 ⁸
845 5795 1021 5853 Calai.
1062 5814 1136 5864 γι,
1172 5801 1260 5856 Η.

2393 569 2564 634 νείας,
2605 570 2698 622 καὶ
2726 568 2946 637 ἀνυψῶν
2967 567 3099 621 αὐτὸ
3118 568 3216 639 τῆς
3244 566 3395 631 Θείας
3420 565 3673 636 γνώσεως
3700 569 3815 630 τοῖς
3840 568 3969 636 νοή-

2396 678 2550 731 μασι.

2468 758 2578 823 μγθ.
2599 750 2895 821 Νηστείαις
2922 750 3023 820 μέν
3053 750 3183 821 γὰρ,
3199 750 3294 803 καὶ
3320 750 3671 823 ἀγρυπνίαις,
3690 750 3785 803 καὶ
3810 767 3976 819 πρόσ-

2395 845 2602 914 ευχαϊς,
2643 842 2967 913 χαμευνίαις
3003 858 3063 894 τε
3104 841 3199 895 καὶ
3240 842 3432 905 κόποις
3490 844 3761 911 σώματος,
3786 842 3883 893 καὶ
3906 844 3972 911 τῇ

2396 937 2605 1005 ἐκκοπῇ
2628 935 2739 987 τῶν
2758 934 3078 1003 θελημάτων
3098 935 3166 995 ,ἐν
3186 932 3514 986 ταπεινώσει
3554 934 3753 1004 ψυχῆς,
3790 933 3969 1001 ἄπραο

2398 1043 2525 1079 κτον
2552 1026 2787 1095 ίστῶμεν
2816 1026 2877 1078 τὸ
2903 1027 3003 1096 τῆς
3030 1025 3339 1096 φιληδονίας
3365 1027 3581 1096 πνεῦμα
3604 1044 3617 1056 ι
3647 1028 3977 1096 χειρούμεθα

2396 1119 2454 1173 δὲ
2483 1118 2616 1172 αὐτὸ
2676 1121 2790 1181 τοῖς
2838 1118 2939 1189 τῆς
2985 1118 3276 1189 μετανοίας
3318 1119 3568 1189 δάκρυσι,
3618 1119 3713 1171 καὶ
3747 1119 3888 1188 πρδς
3922 1120 3979 1172 τὸ

2398 1211 2775 1282 δεσμωτήριον
2831 1212 3058 1276 ἄγοντες
3118 1210 3217 1279 τῆς
3278 1213 3638 1281 ἐγκρατείας,
3715 1212 3977 1281 ἀκίνητον

2398 1302 2558 1355 τοῦτο
2609 1302 2704 1354 καὶ
2748 1302 3113 1372 ἀνενέργητον
3168 1302 3539 1372 ἀποτελοῦμεν
3572 1346 3585 1369 ,
3644 1306 3702 1357 ἐν
3758 1310 3823 1374 τῇ
3869 1308 3976 1360 τῶν

2400 1391 2708 1445 σπουδαίων
2759 1389 3004 1461 δηλονότι
3052 1393 3147 1446 καὶ
3215 1394 3636 1464 ἀγωνιζομένων
3693 1398 3977 1465 ἱστάμενοι

2398 1483 2721 1554 παρατάξει.

2473 1579 2577 1650 μδ¹.
2617 1580 2857 1642 Πίστεως
2884 1566 3070 1644 ὅπλοις
3100 1581 3195 1634 καὶ
3233 1583 3475 1657 μαχαίρᾳ
3518 1585 3608 1636 τοῦ
3644 1584 3973 1651 πνεύματος,

2389 1669 2418 1724 δ
2442 1673 2561 1727 ἐστι
2593 1673 2745 1743 ῥῆμα
2768 1672 2928 1737 Θεοῦ,
2958 1672 3019 1726 τὸ
3039 1674 3137 1743 τῆς
3171 1674 3539 1742 φιλαργυρίας
3561 1675 3782 1745 πνεῦμα
3811 1696 3983 1732 κατα·

2390 1765 2831 1838 τροπωσάμενοι,
2862 1765 3286 1834 ἀποσφάττομεν
3307 1781 3319 1793 ·
3365 1767 3491 1836 ἄρτι
3538 1769 3674 1839 apo;
3709 1770 3808 1840 τὴν
3842 1772 3979 1824 θεω-

3961 1904 3979 1931 θ

2390 1948 2487 2002 καὶ
2516 1946 2775 2017 ὑπεράνω
2808 1948 2906 2017 τῆς
2935 1946 3321 2011 ταπεινώσεως
3349 1952 3639 2019 γεγονότες
3686 1953 3797 2006 τῶν
3832 1958 3975 2025 ὀρω-

2389 2041 2593 2110 μένων,
2620 2040 2710 2093 διὰ
2746 2037 2842 2092 τοῦ
2877 2038 3036 2107 λόγου
3062 2042 3161 2111 τῆς
3182 2041 3464 2108 γνώσεως,
3499 2047 3592 2097 καὶ
3615 2046 3753 2115 πρὸς
3784 2048 3854 2099 τε
3880 2048 3977 2117 βα-

2396 2136 2572 2189 σίλεια
2596 2139 2697 2207 τῆς
2724 2136 2949 2203 ἀγάπης
2992 2136 3131 2205 μετά
3183 2136 3291 2189 τῶν
3324 2138 3639 2192 πολυόλὸων
3682 2140 3979 2213 θησαυρῶν

2384 2228 2483 2299 τῆς
2505 2228 2644 2297 πρὸς
2672 2228 2806 2281 Θεὸν
2828 2227 3048 2291 ἐλπίδος
3070 2230 3613 2295 ἐγκαταπαύσαντες.

2457 2317 2561 2389 με’.
2594 2320 2818 2390 [Ιτεροῖς
2848 2318 3120 2383 ἀπαθείας
3145 2321 3241 2374 καὶ
3256 2322 3760 2394 ταπεινοφροσύνης
3794 2327 3853 2377 ἐν
3903 2326 3981 2396 τῷ

2383 2410 2508 2481 ἀέρι
2541 2413 2642 2481 τῆς
2668 2409 2939 2480 μυστικῆς
2968 2408 3247 2478 θεολογίας
3272 2412 3587 2481 νηχόμενοι,
3620 2414 3714 2464 καὶ
3754 2414 3836 2476 είς
3884 2416 3978 2467 τὸν

2382 2504 2497 2557 ἀνω
2523 2502 2687 2574 βυθὸν
2719 2506 2818 2573 τῆς
2856 2503 3115 2570 γνώσεως
3154 2502 3265 2555 τῶν
3302 2505 3620 2574 μυστηρίων
3669 2503 3807 2557 Θεοῦ
3842 2507 3981 2575 μετά

2383 2595 2530 2648 θείου
2563 2593 2883 2666 [Ινεύματος
2933 2594 3310 2664 εἰσερχόμενοι
3364 2597 3485 2657 ταῖς
3519 2597 3834 2666 ἀστραπαῖς
3874 2599 3983 2651 τῶν

2382 2686 2582 2741 ἐνθέων
2617 2687 2906 2757 δογμάτων
2940 2688 3033 2739 καὶ
3061 2688 3380 2754 νοημάτων,
3440 2686 3501 2739 τὸ
3540 2687 3638 2755 τῆς
3671 2687 3981 2755 φιλοδοξίας

2382 2776 2805 2849 καταφλέγομεν
2831 2778 3054 2848 πνεῦμα
3080 2794 3094 2807 ·
3124 2777 3355 2847 ὖμὸροις
3382 2777 3438 2829 δὲ
3470 2778 3723 2848 δακρύων
3760 2782 3860 2833 καὶ
3886 2799 3983 2833 πσ-

2382 2872 2580 2939 ταμοίς
2641 2867 2995 2933 κατανύξεως
3031 2871 3108 2931 εἰς
3159 2869 3227 2923 τά
3277 2870 3407 2939 τέλη
3454 2869 3565 2922 τῶν
3620 2870 3983 2940 ἀνθρωπίνων

2381 2960 2730 3031 πραγμάτων
2750 2961 3011 3031 ὁρῶντες,
3036 2961 3165 3022 τοὺς
3190 2962 3490 3031 τριστάτας
3518 2963 3684 3016 αὐτοῦ
3708 2981 3983 3017 καταπον-

2378 3053 2603 3122 τίζομεν
2658 3052 2921 3121 δαίμονας
2952 3092 2968 3117 ,
2998 3066 3006 3075 ’
3033 3054 3208 3122 οίήσει
3251 3070 3310 3106 τε
3364 3055 3460 3106 καὶ
3516 3056 3798 3128 κενοδοξία
3828 3097 3842 3120 ,
3890 3059 3984 3111 καὶ

2382 3145 2755 3215 ὑπερηφανίᾳ.
2786 3144 2911 3196 καθ’
2945 3144 3105 3214 ἡμῶν
3128 3146 3665 3216 ἐκστρατεύσαντας.

2452 3233 2573 3305 pg’.
2623 3234 2681 3288 Ὀ
2723 3235 2827 3305 τὴν
2868 3234 3170 3305 ἐπιθυμίαν
3213 3237 3313 3305 τῆς
3343 3239 3566 3308 σαρκὸς,
3592 3241 3687 3291 καὶ
3732 3240 3835 3308 τὴν
3866 3243 3984 3293 ἐπι-

2380 3327 2587 3398 θυμίαν
2612 3326 2724 3380 τῶν
2745 3326 3067 3397 ὀφθαλμῶν,
3098 3328 3195 3379 καί⁹
3235 3327 3335 3395 τὴν
3362 3330 3703 3393 ἀλαζωνείαν
3724 3330 3820 3383 τοῦ
3838 3332 3981 3399 βίον,

2377 3421 2473 3474 τδν
2505 3420 2734 3489 κόσμον,
2767 3418 2942 3473 ταῦτα
2972 3420 3070 3488 τῆς
3108 3420 3325 3483 ἀδικίας
3352 3460 3366 3484 ,
3415 3422 3483 3474 δι’
3527 3416 3602 3476 ὧν
3640 3423 3739 3493 τῆς
3800 3423 3984 3492 φιλίας

2378 3513 2567 3585 ἐχθροὶ
2593 3513 2860 3583 γινόμεθα
2885 3512 2964 3582 τῷ
2983 3513 3125 3583 Θεῷ,
3149 3514 3685 3586 ἐκθύμως’μισήσας,
3715 3521 3813 3570 καὶ
3838 3519 3983 3571 ταύ-

2377 3621 2503 3669 ταις
2545 3603 2985 3674 ἀποταξάμενος,
3023 3603 3204 3674 ἐαυτῷ
3255 3605 3348 3658 τὸν
3388 3608 3593 3677 κόσμον
3635 3610 3981 3679 ἐσταύρωσε,

2378 3697 2477 3750 καὶ
2526 3695 2692 3758 αὐτὸς
2719 3695 3043 3766 ἐσταυρώθη
3089 3695 3262 3764 αὐτῷ»
3310 3697 3479 3761 λύσεις
3519 3698 3619 3769 τὴν
3657 3700 3981 3769 magna")

2377 3784 2514 3839 Θεοῦ
2543 3787 2636 3838 καὶ
2662 3784 2842 3855 ψυχῆς
2864 3784 3064 3855 ἔχθραν
3099 3786 3156 3836 ἐν
3182 3788 3247 3855 τῇ
3273 3789 3440 3857 σαρκὶ
3464 3787 3653 3851 αὐτοῦ,
3687 3793 3783 3841 καὶ
3818 3792 3983 3860 ποιή-

2378 3895 2479 3941 σας
2523 3880 2583 3931 ἐν
2611 3877 2947 3948 ἀμφοτέροις
2998 3878 3245 3949 εἰρήνην.
3292 3881 3353 3932 'U
3404 3880 3514 3951 γὰρ
3563 3881 3778 3945 τούτοις
3827 3885 3885 3935 ἐν
3916 3887 3980 3953 τῇ

2375 3969 2677 4025 ἀπεκδύσει
2702 3968 2795 4022 τοῦ
2817 3969 3084 4040 σαρκικοῦ
3118 3973 3477 4042 φρονήματος
3499 3975 3823 4043 νεκρωθεὶε,
3851 3993 3985 4028 κατ-

2376 4061 2608 4132 ήλλαξεν
2654 4061 2847 4115 ἐαυτὸν
2894 4060 2975 4131 τῷ
3030 4061 3151 4131 Θεῷ
3179 4102 3193 4127 ,
3230 4064 3562 4127 ἀποκτείνας
3614 4068 3714 4137 τὴν
3777 4068 3983 4137 ἔχθραν

2375 4152 2473 4207 τοῦ
2518 4156 2727 4223 κόσμου
2767 4154 2826 4205 ἐν
2875 4155 2942 4224 τῇ
2994 4154 3265 4224 νεκρώσει
3315 4156 3423 4214 τῶν
3459 4157 3686 4227 ἡδονῶν,
3738 4158 3831 4210 δή
3884 4162 3981 4229 τῆς

2377 4244 2807 4314 ἐσταυρωμένης
2832 4243 2910 4315 τῷ
2937 4244 3130 4314 κόσμῳ
3160 4244 3329 4315 ζωῆς,
3359 4248 3453 4302 καὶ
3479 4247 3579 4320 τὴν
3612 4250 3753 4317 μετά
3802 4251 3978 4318 Ἰησού

2378 4334 2562 4406 φιλίαν
2589 4336 2903 4405 ἠσπάσατο.
2941 4334 3136 4388 Τοίνυν
3166 4335 3267 4392 οὐκ
3302 4333 3386 4390 ἔτι
3416 4339 3445 4390 ὀ
3495 4338 3735 4399 τοιοῦτος
3785 4341 3974 4411 ἐχθρὸς

2380 4426 2457 4493 ὡς
2490 4426 2641 4496 φίλος
2674 4427 2768 4480 τοῦ
2810 4426 3039 4495 κόσμου,
3068 4427 3207 4479 ἀλλά
3233 4427 3385 4497 φίλος
3416 4429 3510 4482 τοῦ
3538 4430 3673 4482 Θεοῦ
3716 4433 3975 4485 καοέστα-

2323 4515 2489 4589 ῡται,
2519 4522 2597 4585 ὡς
2630 4522 3050 4593 ἐσταυρωμένος
3083 4521 3164 4592 τῷ
3197 4523 3410 4593 κόσμῳ,
3445 4527 3538 4578 καὶ
3564 4525 3867 4596 δυνάμενος
3894 4529 3976 4582 λέο

2374 4629 2533 4682 γεινο
2582 4613 2741 4681 Ἐμοὶ
2795 4614 3001 4682 κόσμος
3051 4612 3424 4683 ἐσταύρωται,
3456 4614 3613 4682 κάγὼ
3639 4616 3720 4685 τῷ
3759 4619 3976 4687 κόσμῳ.

2450 4700 2559 4774 με.
2615 4704 2771 4756 Πᾶσα
2814 4706 2928 4765 τοῖς
2975 4703 3403 4773 ἀγωνιζομένοις
3462 4706 3858 4776 ἐγκατάλειψις
3894 4710 3983 4761 διὰ

2376 4796 2553 4852 ταῦτα
2581 4795 2831 4863 γίνεσθαι
2853 4795 3090 4864 πέφυκε·
3125 4795 3216 4849 διὰ
3254 4798 3586 4861 κενοδοξίαν,
3621 4798 3711 4851 διὰ
3756 4802 3861 4871 τὴν
3900 4804 3980 4864 είς

2375 4892 2467 4945 τὸν
2496 4889 2728 4960 πλησίον
2787 4890 3139 4958 κατάκρισιν,
3177 4891 3272 4941 καὶ
3323 4890 3413 4942 διὰ
3457 4891 3555 4960 τὴν
3608 4894 3695 4945 ἐπ’
3753 4896 3981 4962 ἀρεταῖς

2374 4981 2631 5052 ἔπαρσιν.
2659 4978 2728 5032 Ei
2748 4996 2800 5032 τι
2829 4978 2924 5032 οὖν
2954 4979 3159 5031 τούτων
3182 4981 3241 5033 ἐν
3268 4984 3391 5044 ταῖς
3412 4982 3613 5053 ψυχαῖς
3641 4984 3750 5035 τῶν
3772 4988 3982 5052 ἀγωνι-

2377 5072 2625 5142 ζομένων
2678 5069 3144 5142 προσεμπελάσαν
3182 5071 3473 5140 ἡγήσεται,
3537 5075 3636 5143 τὴν
3679 5076 3789 5127 ἀπὸ
3842 5076 3980 5129 Θεοῦ

2375 5163 2592 5225 τούτοις
2646 5162 3041 5230 ἐγκατάλειψιν
3076 5161 3351 5232 προξενεῖ·
3385 5165 3481 5216 καὶ
3520 5166 3620 5217 οὐκ
3672 5165 3740 5218 ἀν
3770 5166 3983 5235 ταύτης

2374 5255 2473 5325 τὴν
2501 5255 2594 5305 ἐπὶ
2629 5254 2894 5323 πτώμασι
2932 5254 3155 5307 δικαίαν
3181 5255 3469 5323 ἐκφύγωσι
3518 5256 3727 5327 κρίσιν,
3783 5259 3981 5330 μέχρις

2374 5341 2436 5402 οὗ
2476 5346 2576 5417 τὴν
2639 5346 3112 5417 προηγησαμένην
3166 5348 3350 5402 αίτίαν
3394 5351 3495 5419 τῆς
3532 5350 3982 5419 ἐγκαταλείψεως

2374 5437 2824 5506 ἀποσεισάμενοι,
2870 5441 2949 5503 είς
3014 5438 3075 5492 τὸ
3122 5438 3254 5508 ὕψος
3315 5440 3414 5511 τῆς
3460 5444 3983 5513 ταπεινοφροσύνης

2380 5528 2789 5601 προσφύγωσιν.
