4202 6450
177 369 285 433 873

1057 353 1608 417 PRACTICORUM
1641 349 1994 429 .CAPITUM
2048 348 2432 412 CENTURIA
2480 348 2529 407 Ι.

3306 347 3410 407 874

240 474 355 546 μη’.
384 472 460 526 υύ
482 472 588 540 γὰρ
617 470 678 520 τὸ
705 468 782 537 μὴ
808 459 1137 533 καθαρεύειν
1162 455 1428 529 ιμπαθῶν
1450 456 1758 546 νοημάτων,
1776 472 1823 527 Α

1724 470 1823 527 ’νεὶ
1917 467 2008 523 68.
2048 467 2167 523 Non
2214 467 2361 521 enim
2413 465 2504 521 ille
2556 472 2768 519 tantum
2802 463 3051 534 impurus
3095 464 3259 519 corde
3300 480 3383 518 am

166 544 327 621 τούτό
357 566 474 616 ἐστι
513 561 675 630 μόνον
708 555 937 627 καρδίας
965 549 1279 620 ἀκαθαρσία
1315 549 1408 602 καὶ
1454 546 1644 609 σπῖλος
1663 544 1767 614 ψυο

170 662 291 734 χῆς,
324 657 463 712 ἀλλά
492 654 587 708 καὶ
608 651 670 705 τδ
726 652 785 704 ὲν
818 645 1013 718 πλήθει
1058 642 1502 734 κατορθωμάτων
1536 639 1759 734 ἔπαιρε-

171 725 321 815 σθαι,
349 746 443 801 καὶ
468 744 529 797 τὸ
558 743 645 796 ἐπ’
668 738 896 811 ἀρεταῖς
928 732 1278 806 φυσιοῦσθαι,
1306 731 1403 783 καὶ
1449 728 1513 783 τὸ
1545 725 1758 799 μεγάλα

170 839 388 896 οἴεσθαι
432 835 524 890 ἰ.πί
558 831 721 902 σοφίᾳ
755 829 849 882 καὶ
885 826 1087 896 γνώσει
1117 822 1277 890 Θεοῦ,
1316 822 1416 876 καὶ
1444 822 1506 875 τδ
1553 821 1766 891 μέμφε-

172 931 299 984 σθαι
331 927 441 981 τῶν
468 921 718 991 ἀδελφῶν
751 920 879 984 τοὺς
909 916 1194 989 ῥᾳθύμους
1232 915 1327 971 καὶ
1377 912 1603 984 ἀμελεῖς
1627 928 1639 941 ο
1669 911 1765 965 καὶ

170 1024 335 1079 τοῦτο
359 1020 522 1090 δῆλον
550 1018 614 1070 ὲκ
659 1014 763 1085 τῆς
796 1012 889 1067 τοῦ
919 1008 1252 1080 Φαρισσαίου
1281 1008 1375 1061 καὶ
1394 1004 1490 1059 τοῦ
1523 1002 1769 1058 Τελώνου

176 1111 521 1186 παραϐολῆς.

251 1203 360 1276 μθ⁹.
392 1203 486 1274 Μὴ
514 1200 628 1255 οἴου
659 1198 771 1253 τῶν
812 1194 1006 1250 παθῶν
1038 1192 1323 1263 ἀνεθῆναι,
1349 1191 1443 1244 καὶ
1487 1189 1592 1244 τῶν
1620 1204 1775 1258 γενο-

181 1299 366 1368 μένων
419 1294 633 1349 ἐκεῖθεν
695 1289 963 1362 ὲμπαθῶν
1021 1285 1313 1357 νοημάτων
1352 1284 1446 1339 τὸν
1500 1282 1778 1355 μολυσμὸν

178 1389 469 1460 ἐκφυγεῖν,
492 1383 778 1456 ἀγέρωχον
805 1381 886 1435 ἔτι
904 1380 1089 1451 φέρων
1117 1377 1180 1430 τὸ
1204 1377 1460 1447 φρόνημα
1481 1376 1576 1428 καὶ
1606 1375 1779 1442 ἐξωγ-

179 1482 435 1553 κωμένον
450 1478 536 1533 ἐπ’
570 1477 815 1548 ἀρεταῖς·
850 1474 911 1527 ού
940 1472 1051 1543 γὰρ
1072 1470 1149 1543 μὴ
1180 1470 1301 1541 ἴδῃς
1334 1470 1560 1538 εἰρήνης
1587 1466 1779 1537 αύλην,

183 1578 243 1630 ὲν
281 1571 614 1644 ἀγαθωσύνῃ
639 1568 748 1624 τῶν
777 1565 1079 1636 λογισμῶν,
1108 1562 1233 1616 οὐδὲ
1269 1562 1349 1625 εἰς
1396 1560 1523 1614 ναὸν
1562 1558 1783 1628 ἀγάπης

185 1667 445 1737 εἰσέλθῃς
470 1664 611 1734 μετά
647 1660 849 1733 χαρᾶς,
895 1662 954 1713 ὲν
994 1658 1148 1729 πάσῃ
1177 1653 1511 1727 χρηστότητι
1551 1653 1645 1707 καὶ
1682 1668 1785 1720 γα-

182 1761 327 1830 λήνῃ
352 1754 602 1827 καρδίας,
642 1753 748 1815 ἕως
778 1744 839 1805 οὗ
883 1752 941 1804 ἐν
995 1747 1214 1817 σεαυτῷ
1267 1742 1547 1808 πεποιθὼς
1606 1739 1657 1797 εἴ
1695 1743 1787 1797 καὶ

183 1851 302 1911 τοίς
342 1846 528 1914 ἔργοις
564 1856 684 1898 σου;

261 1926 329 1982 ν’.
348 1926 481 1980 Ἐὰν
496 1926 574 1988 εἰς
588 1920 843 1994 εὐχροίας
860 1918 1128 1988 σωμάτων
1142 1915 1469 1988 προσπάσχῃ
1486 1932 1576 1969 σου
1591 1918 1623 1983 ἡ
1640 1917 1785 1988 ψυχή

190 2020 318 2073 κατ’
369 2015 696 2090 ὲμπάθειαν,
729 2014 822 2067 καὶ
857 2012 962 2066 ὑπὸ
1002 2010 1110 2065 τῶν
1145 2010 1354 2062 ἐκεῖθέν
1386 2026 1467 2062 σοι
1497 2009 1657 2078 δῆθεν
1702 2028 1783 2063 τι-

190 2112 479 2181 κτομένων
520 2107 783 2179 ἑμπαθῶν
812 2104 1093 2172 λογισμῶν
1123 2101 1481 2171 τυραννῆται,
1536 2100 1610 2171 μὴ
1650 2097 1785 2153 ὑπο-

189 2200 445 2271 λάμϐανε
476 2198 683 2259 ταύτας
745 2190 885 2248 εἶναι
918 2192 1098 2255 αἰτίας
1146 2192 1245 2262 τῆς
1308 2190 1367 2243 ὲν
1420 2191 1505 2243 σοὶ
1548 2190 1789 2262 ταραχῆς

192 2294 294 2346 καὶ
365 2286 790 2361 ὲμπαθεστάτης
842 2287 1162 2357 κινήσεως.
1195 2283 1332 2339 ἀλλά
1393 2284 1791 2353 κεκρυμμένην

193 2383 310 2437 ῐσθι
340 2383 492 2445 ἐντὸς
524 2377 665 2434 εἶναι
689 2379 790 2450 τὴν
818 2376 998 2432 αἰτίαν
1030 2376 1128 2445 τῆς
1176 2377 1275 2446 σῆς
1309 2373 1510 2445 ψυχῆς,
1538 2374 1612 2436 ώς
1641 2373 1790 2428 λίθον

198 2474 477 2546 μαγνῆτίν
498 2490 639 2538 τινα,
673 2471 943 2525 ἕλκουσαν
974 2468 1113 2540 πρὸς
1138 2465 1337 2547 ἑαυτὴν
1364 2466 1593 2535 δυνᾶμει
1626 2464 1793 2528 ἕξεως

195 2564 487 2637 ἐμπαθοῦς
532 2563 626 2616 καὶ
679 2561 927 2631 πονηρᾶς
993 2557 1285 2628 συνηθείας
1363 2555 1463 2626 τὴν
1519 2555 1629 2609 ἀπὸ
1682 2554 1790 2608 τῶν

198 2657 513 2730 προσώπων
535 2655 736 2727 λύμην,
790 2654 866 2717 ώς
894 2652 1137 2724 σίδηρον,
1194 2648 1317 2703 ἐπεὶ
1374 2649 1469 2704 καὶ
1521 2648 1795 2718 κτίσματα

197 2750 339 2803 Θεοῦ
370 2750 564 2812 πάντα,
615 2750 711 2800 καὶ
740 2746 861 2799 λίαν
900 2744 981 2816 τῷ
1036 2744 1151 2814 ἰδίῳ
1206 2743 1352 2813 λόγῳ
1386 2742 1550 2808 καλὰ,
1590 2741 1796 2813 μηδένα

199 2842 382 2911 λόγων
415 2843 722 2912 κατήγορον
755 2840 951 2910 ἔχοντα
984 2837 1085 2907 τῆς
1112 2836 1367 2898 πλάσεως
1404 2834 1500 2889 τοῦ
1528 2834 1687 2888 Θεοῦ.

274 2932 380 2987 να’.
413 2934 624 3003 Ὠσπερ
687 2932 738 2984 οἱ
779 2930 1056 2984 θάλασσαν
1091 2928 1485 2999 περαιούμενοι
1523 2927 1620 2980 καὶ
1662 2942 1796 2979 ναυ-

1850 572 2049 629 maque
2079 558 2400 627 inquinatus
2414 564 2525 622 est,
2554 556 2647 625 qui
2667 555 2965 611 immundis
2996 556 3178 611 sordet
3212 557 3413 627 cogita--

1849 651 2111 715 tionibus,
2149 647 2249 705 sed
2284 650 2451 703 etiam
2488 648 2577 702 ille
2604 648 2699 718 qui
2731 647 2893 704 bonis
2928 648 3205 703 exaltatur
3236 654 3388 720 operi

1848 743 1951 799 bus
1985 756 2050 797 ac
2082 741 2151 798 de
2176 739 2474 803 virtutibus
2507 739 2759 804 intumel,
2790 740 2883 809 qui
2915 753 3111 808 magna
3135 753 3370 808 praesum
3400 752 3418 793 ι

1849 834 1917 889 de
1944 848 2041 888 sua
2076 831 2347 901 sapientia
2395 830 2600 899 Deique
2634 827 2850 891 netitia,
2897 829 2993 899 qui
3035 828 3235 884 fratres
3264 830 3416 883 incu-

1849 930 1934 978 sat
1969 921 2164 977 molles
2221 927 2276 976 et
2321 920 2686 990 negligentes.
2739 918 2914 988 Atque
2967 920 3100 975 illud
3150 928 3300 991 patet
3351 937 3418 977 ex

1850 1013 2114 1070 Pharisaei
2132 1020 2187 1069 et
2214 1011 2498 1068 Publicani
2524 1010 2784 1081 parabola
2812 1010 2854 1065 ⁸.

1924 1193 2017 1249 49.
2058 1192 2137 1248 Ne
2166 1200 2326 1263 putes
2375 1197 2430 1247 te
2469 1206 2500 1246 a
2531 1190 2931 1260 cupiditatibus
2985 1190 3228 1245 solutum
3282 1205 3424 1253 esse,

1855 1295 1909 1340 et
1957 1298 2248 1355 pravarum
2301 1297 2438 1353 quas
2490 1282 2714 1352 pariunt
2764 1282 3157 1353 cogitationum
3214 1282 3400 1339 ftedita

1857 1384 1963 1433 tem
1996 1377 2219 1447 fugisse,
2246 1374 2489 1445 quandiu
2524 1389 2748 1431 sensum
2776 1376 2953 1429 adhuc
2981 1392 3091 1446 pra:
3122 1386 3176 1431 te
3205 1376 3318 1432 fers
3344 1393 3431 1433 su-

1856 1468 2082 1537 perbum
2119 1481 2183 1520 ac
2227 1468 2298 1521 de
2326 1464 2621 1520 virtutibus
2681 1474 3002 1520 tumentem.
3051 1465 3236 1536 Neque
3280 1468 3426 1522 enim

1858 1560 2071 1615 videbis
2116 1560 2268 1630 pacis
2320 1558 2582 1629 palatium
2644 1558 2699 1612 in
2752 1558 2913 1614 bonis
2968 1559 3418 1629 cogitationibus,

1860 1665 2040 1720 neque
2100 1648 2365 1718 templum
2421 1650 2713 1705 charitatis
2776 1650 2935 1704 latus
2992 1649 3316 1720 ingrediaris
3375 1653 3429 1704 in

1861 1743 2011 1798 omni
2067 1742 2310 1799 bonitate
2369 1753 2425 1797 et
2479 1741 2877 1812 tranquillitate
2923 1744 3137 1808 cordis,
3187 1743 3429 1814 quandiu

1862 1834 2095 1889 confidis
2123 1833 2175 1887 in
2204 1833 2383 1903 teipso
2417 1832 2637 1903 tuisque
2658 1833 2939 1903 operibus.

1936 1928 2025 1983 50.
2072 1926 2129 1981 Si
2160 1939 2411 1981 anitenos
2440 1940 2730 1993 corporum
2761 1927 2975 1982 colores
3010 1930 3189 1982 anima
3217 1936 3308 1982 tua
3339 1944 3438 1982 ru-

1866 2022 1989 2091 pide
2020 2027 2256 2089 appetat,
2288 2028 2345 2073 et
2377 2018 2562 2087 pravis
2601 2019 3027 2089 cogitationibus
3052 2020 3177 2074 inde
3210 2020 3439 2074 orienti-

1868 2112 1971 2167 bus
2010 2110 2296 2176 inserviat,
2328 2125 2395 2166 ne
2430 2109 2719 2171 arbitreris
2752 2110 2874 2165 illos
2906 2125 3027 2166 esse
3062 2126 3259 2167 causas
3287 2115 3440 2166 vehe-

1867 2205 2340 2261 mentissimorum
2372 2203 2573 2274 quibus
2613 2202 2957 2273 perturbarls
2991 2203 3318 2275 impetuum,
3344 2210 3439 2261 sed

1868 2298 2007 2353 scito
2040 2310 2223 2351 veram
2254 2296 2309 2351 in
2343 2295 2603 2350 interiore
2638 2295 2817 2349 anima
2853 2303 2945 2349 tua
2992 2294 3163 2350 latere
3188 2310 3440 2360 causam,

1870 2404 2010 2458 qum,
2051 2389 2193 2443 sicut
2221 2387 2360 2457 lapis
2397 2387 2737 2457 magneticus
2791 2386 3022 2453 ferrum,
3060 2389 3110 2442 vi
3165 2388 3440 2445 libidinosi

1871 2478 2134 2550 pravique
2191 2476 2411 2531 habitus
2463 2491 2495 2530 a
2547 2477 2789 2533 vultibus
2838 2479 3041 2533 malum
3089 2478 3155 2533 ad
3202 2482 3440 2551 seipsam

1873 2571 2121 2627 attrahit.
2153 2568 2355 2625 Omnes
2384 2570 2530 2626 enim
2561 2568 2654 2624 Dei
2701 2578 2971 2625 creaturae
2999 2572 3219 2641 propria
3249 2584 3444 2628 natura

1874 2672 2003 2721 sunt
2033 2664 2191 2719 valde
2238 2664 2418 2728 bonae,
2457 2677 2560 2719 nec
2591 2662 2757 2717 ullam
2805 2662 3009 2718 habent
3058 2667 3441 2734 proprietatem

1874 2770 1996 2828 qua:
2025 2770 2165 2825 opus
2196 2755 2292 2810 Dei
2325 2753 2719 2825 reprehendat.

1949 2934 2039 2989 51.
2081 2932 2236 2988 Sicut
2268 2931 2608 3003 trajicientes
2644 2946 2798 2988 mare
2827 2946 2893 2988 ac
2928 2944 3283 2997 nauseantes.
3334 2951 3444 2992 non

202 3023 460 3087 τιῶντες,
492 3023 552 3077 ού
580 3022 729 3093 παρὰ
764 3022 862 3093 τὴν
896 3021 996 3093 τῆς
1022 3018 1302 3090 θαλάσσης
1332 3018 1497 3090 φύσιν
1523 3018 1799 3088 πάσχουσι

1791 3033 1799 3069 ι
1878 3032 2100 3095 propter
2132 3033 2386 3077 naturam
2423 3023 2591 3077 maris
2620 3022 2725 3077 hoe
2753 3022 3054 3092 patiuntur,
3090 3023 3183 3078 sed
3218 3025 3289 3079 ob
3319 3039 3450 3079 cau-

201 3117 392 3180 τοῦτο,
422 3115 562 3170 ἀλλά
593 3118 744 3186 παρά
769 3114 867 3186 τήν
908 3115 1011 3185 τῆς
1062 3114 1275 3169 ἔνδοθεν
1322 3112 1850 3200 προαποκειμένηςο

1792 3127 1850 3200 :C
1881 3128 1998 3168 sam
2029 3112 2412 3176 intrinseeam,
2449 3125 2649 3182 nempe
2681 3114 2965 3168 humorem
2996 3113 3271 3182 putridum
3306 3131 3319 3168 :
3372 3116 3451 3169 sic

202 3209 391 3272 αἰτίας
425 3207 520 3262 τοῦ
567 3209 869 3276 σεσηπότος
898 3206 1098 3278 χυμοῦ,
1149 3206 1294 3259 οὕτω
1330 3204 1426 3258 καὶ
1475 3205 1509 3275 ἡ
1539 3203 1707 3274 ψυχή,
1740 3202 1803 3255 ού

1793 3220 1803 3253 ι
1884 3211 1936 3258 et
1983 3204 2188 3271 anima,
2248 3218 2359 3257 non
2414 3210 2637 3273 propter
2679 3202 2884 3269 vultus,
2945 3204 3042 3259 sed
3097 3215 3319 3276 propter
3368 3206 3452 3258 in-

206 3302 366 3374 παρά
404 3302 507 3372 τὴν
532 3298 641 3354 τῶν
672 3301 981 3371 προσώπων
1012 3298 1214 3358 αἰτίαν,
1246 3296 1382 3349 ἀλλά
1415 3298 1563 3365 παρά
1581 3295 1679 3363 τὴν
1707 3292 1806 3363 τῆς

1792 3308 1806 3357 ;
1888 3297 2178 3351 trinsecam
2229 3296 2357 3350 mali
2416 3296 2911 3361 consuetudinem,
2972 3298 3115 3351 intra
3177 3314 3236 3353 se
3282 3299 3451 3353 vehe-

208 3396 289 3449 ἔτι
319 3392 757 3464 ὲναποκειμένης
779 3392 873 3445 τοῦ
903 3389 1080 3444 κακοῦ
1107 3390 1300 3455 ἕξεως,
1331 3392 1390 3442 ὲν
1416 3388 1555 3458 αὐτῇ
1582 3386 1674 3439 τὸν
1707 3386 1809 3455 εμ-

1792 3409 1809 3424 ·
1885 3391 2086 3445 meutis
2124 3390 2319 3446 simum
2371 3389 2520 3445 subit
2568 3390 2885 3461 cupiditatis
2931 3390 3193 3461 impetum
3255 3402 3309 3449 et
3363 3403 3451 3448 tu-

208 3489 558 3541 παθέστατον
592 3486 889 3554 ὑφίσταται
919 3484 1109 3537 κλόνον
1135 3483 1231 3535 καὶ
1271 3483 1537 3551 τάραχον.

281 3575 384 3646 νβ’.
410 3574 570 3630 Κατά
600 3575 700 3647 τὴν
725 3572 937 3628 ἔνδοθεν
972 3572 1213 3627 διάθεσιν
1240 3574 1337 3642 τῆς
1381 3572 1581 3642 ψυχῆς,
1615 3568 1808 3623 συναλ-·

210 3668 492 3722 λοιούσθαι
522 3668 740 3736 πέφυκε
765 3668 862 3721 καί
888 3669 921 3737 ή
960 3666 1121 3735 φύσις
1150 3667 1289 3737 αύτὴ
1307 3664 1416 3717 τῶν
1441 3661 1802 3732 πραγμάτοιν·

210 3761 345 3814 ὅταν
376 3756 470 3812 οὖν
500 3758 641 3811 κατά
671 3757 835 3827 φύσιν
864 3757 1080 3810 ἵσταται
1119 3757 1258 3827 αὐτῇ
1299 3755 1368 3808 τά
1407 3753 1568 3824 νοερὰ
1603 3752 1801 3821 αἰσθη-

211 3852 403 3920 τήρια,
438 3851 533 3903 καὶ
558 3850 585 3902 ό
615 3849 740 3913 νοῦς
786 3849 918 3920 περὶ
950 3848 1079 3911 τοὺς
1129 3847 1325 3915 λόγους
1364 3846 1473 3898 τῶν
1507 3844 1809 3913 γεγονότων

213 3940 477 4003 ἀπλανῶς
513 3940 695 4011 όδεύῃ,
744 3941 836 3993 τὸν
886 3939 1047 4008 λόγον
1092 3937 1234 4009 ἔχων
1291 3934 1687 4007 διατρανοῦντα
1712 3933 1810 3995 τὰς

1889 3481 2140 3534 multum.

1958 3572 2047 3626 52.
2090 3573 2196 3628 Pro
2229 3572 2444 3628 interno
2484 3574 2679 3629 animae
2711 3573 2922 3639 habitu,
2981 3586 3222 3633 mutatur
3262 3588 3454 3635 natura

1889 3665 2006 3734 ipsa
2058 3679 2267 3720 rerum.
2321 3665 2552 3730 Quando
2621 3668 2788 3734 igitur
2846 3671 3147 3723 secundum
3201 3680 3453 3725 naturam

1890 3757 2308 3811 constituuntur
2342 3756 2740 3813 intellectuales
2788 3758 2932 3814 illius
2967 3775 3186 3824 sensus,
3213 3770 3266 3815 et
3304 3778 3457 3818 mens

1890 3850 2130 3903 rationes
2162 3863 2344 3904 rerum
2378 3859 2523 3904 recte
2555 3851 2874 3918 perlustrat,
2911 3852 3126 3906 ratioine
3159 3866 3458 3923 penetrans

1890 3955 2075 3995 earum
2110 3949 2335 3995 naturas
2366 3948 2419 3995 et
2454 3950 2659 4005 motus,
2704 3950 2830 3996 tunc
2884 3942 2959 3995 illi
3019 3946 3321 3998 secundum
3362 3963 3460 3998 na-

216 4034 413 4103 φῦςεις
455 4034 553 4086 καὶ
586 4034 685 4097 τὰς
719 4033 964 4100 κινήσεις
991 4032 1193 4096 αὐτῶν,
1237 4029 1379 4082 κατὰ
1428 4026 1592 4097 φύσιν
1619 4024 1811 4094 ὁρᾶται

1803 4039 1811 4074 '-
1893 4040 2071 4085 turam
2103 4032 2356 4086 videntur
2387 4048 2476 4087 res
2510 4041 2565 4086 et
2600 4048 2846 4102 personae
2877 4035 3171 4103 omniaque
3209 4039 3462 4091 materia.

215 4125 357 4194 αὐτῇ
396 4126 490 4177 καὶ
520 4123 589 4177 τὰ
615 4124 939 4193 πράγματα,
973 4122 1066 4176 καὶ
1096 4123 1165 4176 τὰ
1193 4123 1488 4192 πρόσωπα,
1530 4120 1625 4173 καὶ
1661 4120 1814 4171 πᾶσα

1800 4134 1814 4170 ι
1894 4123 1963 4177 lia
1995 4138 2244 4193 corpora,
2309 4139 2409 4180 nec
2460 4126 2621 4180 ullam
2672 4128 2870 4181 habent
2907 4129 3459 4199 latentemperniciei

218 4216 386 4282 φύσις
439 4214 645 4267 ὲνύλων
682 4213 975 4285 σωμάτων,
1010 4214 1086 4284 μὴ
1141 4212 1337 4284 ἔχοντά
1378 4227 1501 4265 τινα
1547 4209 1725 4280 λύμης
1777 4209 1811 4279 ἢ

1806 4233 1811 4278 ι
1897 4215 1979 4269 vel
2009 4216 2327 4269 nocumenti
2377 4230 2623 4271 causam.
2657 4218 2887 4283 Quando
2920 4232 3101 4276 autent
3137 4235 3328 4276 contra
3360 4241 3465 4277 na-

223 4306 430 4375 βλάϐης
466 4307 926 4377 ἑγκεκρυμμένην
970 4304 1170 4361 αἰτίαν.
1198 4305 1367 4359 Ὀταν
1415 4304 1473 4357 δὲ
1523 4303 1674 4373 παρᾶ
1716 4301 1816 4370 φύ-

1804 4327 1816 4340 -
1896 4314 2076 4359 turam
2130 4314 2418 4359 moventur
2459 4306 2703 4375 ejusdem
2752 4308 3061 4373 facultates,
3116 4324 3303 4367 contra
3341 4331 3463 4369 sese

223 4416 310 4451 σιν
333 4397 508 4466 αὐτῆς
540 4400 597 4450 αἰ
630 4398 888 4468 δυνάμεις
930 4397 1212 4459 κινῶνται,
1241 4397 1377 4467 πρὸς
1427 4394 1627 4456 ἑαυτὰς
1684 4408 1814 4445 στα-

1798 4419 1814 4432 ·
1898 4398 2133 4449 invieem
2184 4397 2550 4467 insurgentes,
2603 4409 2733 4452 tunc
2768 4402 2860 4454 illa
2890 4414 3081 4456 eontra
3118 4415 3365 4460 naturam
3414 4410 3457 4461 ei

222 4490 535 4554 σιαζουσαι,
568 4489 719 4559 παρά
744 4488 906 4558 φύσιν
943 4489 1083 4560 αὐτῇ
1120 4488 1215 4541 καὶ
1247 4485 1422 4543 ταῦτα
1466 4486 1661 4555 ὁρᾶται
1685 4498 1700 4513 ο
1738 4468 1873 4553 μὴῐ)

1801 4468 1873 4553 λῘ)
1900 4488 2171 4553 videntur,
2203 4497 2390 4556 atque,
2424 4488 2621 4542 nedum
2668 4505 2764 4559 per
2804 4494 3104 4548 naturalem
3157 4511 3310 4549 suam
3347 4501 3460 4566 pul-

221 4582 308 4635 διά
337 4583 440 4651 τῆς
488 4582 728 4652 φυσικῆς
766 4581 949 4635 αὐτῶν
987 4580 1253 4650 καλλονῆς
1304 4580 1441 4648 πρὸς
1484 4576 1812 4645 κατανόησιν

1805 4590 1812 4620 ν
1900 4579 2266 4635 cbritudineln
2303 4581 2367 4633 ad
2415 4582 2661 4634 notitiam
2696 4582 2971 4638 Creatoris
3004 4586 3175 4653 ipsum
3233 4590 3464 4652 elevem,

221 4672 318 4726 τοῦ
359 4674 751 4743 γενεσιουργού
800 4672 1009 4743 ταύτην
1067 4672 1362 4739 ἀνάγοντα,
1404 4669 1541 4723 ἀλλά
1571 4668 1659 4722 διά
1718 4667 1818 4736 τῆς

1805 4682 1818 4729 :
1902 4685 2022 4726 eam
2057 4684 2248 4725 contra
2303 4683 2524 4741 propter
2559 4673 2912 4729 libidinosum
2968 4678 3140 4746 ipsius
3197 4680 3464 4745 habitum,

225 4765 649 4836 ἐμπαθεστάτης
678 4765 845 4831 ἕξεως
876 4764 1048 4834 αὐτῆς
1084 4766 1162 4828 εἰς
1191 4764 1351 4834 βυθὸν
1379 4763 1657 4826 ἀπωλείας
1686 4776 1818 4815 κατ-

227 4858 457 4925 ἀγοντα.

298 4955 402 5016 νγ’.
427 4948 486 5000 Εἰ
506 4948 802 5011 πέπτωκας
824 4945 1279 5014 ἐγκαταλειφθεὶς
1306 4945 1566 5017 πτώματι
1590 4946 1817 5016 σαρκὸς,

226 5041 259 5108 ἢ
292 5040 567 5108 γλώττης,
596 5040 628 5111 ἢ
662 5040 952 5110 λογισμοῦ,
984 5041 1243 5095 ἐπίπονον
1265 5040 1442 5093 ἕλκων
1475 5042 1572 5095 καὶ
1606 5040 1816 5111 τραχῦ-

228 5150 391 5187 τατον
428 5133 564 5203 βίον,
607 5132 681 5202 μὴ
717 5133 869 5196 ξένον
892 5134 1169 5187 τοῦτοκαὶ
1194 5131 1497 5202 παράδοξόν
1531 5149 1613 5186 σοι
1650 5150 1821 5186 κατα-

232 5228 376 5296 φανῇ
403 5243 416 5255 ·
451 5226 544 5277 σὸν
579 5226 686 5295 γάρ
736 5226 855 5277 ἐστι
915 5224 977 5277 τὸ
1023 5224 1249 5295 πτῶμα,
1289 5226 1383 5278 καί
1418 5224 1527 5277 ἀπὸ
1570 5224 1670 5294 τῆς
1719 5224 1820 5292 σῆς

1904 4764 1970 4818 ad
2001 4764 2256 4835 abyssum
2294 4767 2622 4834 perditionis
2652 4769 2949 4823 deducunt.

1976 4945 2063 4999 55.
2107 4944 2162 4998 Si
2196 4945 2486 4998 infeltcnler
2505 4948 2769 5003 cecideris
2798 4948 2951 5017 lapsu
2979 4949 3185 5015 carnis,
3206 4949 3470 5020 linguave

1902 5046 1997 5089 aut
2049 5036 2420 5105 cogitationis,
2472 5038 2802 5092 laboriosam
2842 5043 3312 5110 asperi-imamque
3362 5052 3471 5095 tra-

1903 5127 2042 5181 hens
2086 5128 2274 5190 vitam,
2307 5144 2373 5181 ne
2404 5129 2506 5182 hoc
2548 5137 2605 5181 nt
2637 5130 2912 5197 singulare
2942 5140 2995 5183 et
3028 5132 3349 5185 incredibile.
3383 5152 3472 5185 ar—

1906 5218 2156 5283 bitreris;
2190 5235 2313 5273 nam
2339 5229 2459 5273 tuus
2482 5233 2555 5273 es:
2578 5221 2783 5289 lapsus,
2806 5230 2963 5289 teque
2991 5223 3149 5275 habet
3170 5232 3471 5285 auctorem,

232 5318 419 5381 αἰτίας
444 5333 457 5345 ⁸
487 5320 537 5369 εἰ
575 5319 651 5388 μὴ
681 5319 790 5388 γὰρ
820 5317 982 5378 αὐτὸς
1027 5316 1060 5387 ἥ
1113 5317 1301 5370 καινόν
1349 5334 1403 5370 τι
1451 5317 1667 5387 πρῶτον
1732 5318 1828 5369 καὶ

1813 5320 1828 5366 ’-.
1906 5320 1958 5364 et
1992 5311 2097 5363 nisi
2142 5313 2294 5380 prius
2325 5312 2438 5380 ipse
2486 5313 2784 5365 insolenter
2829 5328 2883 5366 et
2936 5327 3257 5381 art-ouanter
3306 5319 3375 5369 de
3424 5328 3472 5371 te

230 5410 401 5478 ὄγκου
448 5409 665 5479 μεστὸν,
692 5409 768 5471 ὡς
795 5410 895 5461 οὐκ
925 5407 1155 5476 ὤφελον,
1194 5409 1382 5480 ᾠήθης
1422 5410 1552 5478 περὶ
1602 5409 1826 5471 σαυτοῦ,

1813 5449 1826 5471 ,
1909 5403 2182 5458 sensisses
2230 5403 2397 5473 (quod
2435 5406 2578 5457 Deus
2632 5420 2660 5457 a
2696 5420 2779 5457 me
2818 5409 3070 5473 avertat),
3109 5411 3189 5459 vel
3237 5409 3466 5459 alterum

232 5502 265 5571 ἢ
302 5497 661 5568 κατεπήρθης
724 5498 912 5566 ἑτέρου
971 5498 1280 5569 ἀλαζονικῷ
1308 5498 1386 5567 τῷ
1416 5501 1749 5569 φρονήματι,
1794 5501 1825 5569 ἢ

1812 5501 1825 5569 ἦ
1911 5497 2143 5562 superbo
2177 5498 2358 5549 animo
2390 5498 2753 5565 despexisses,
2790 5497 2865 5547 vel
2902 5496 3137 5564 aliquem
3167 5498 3471 5566 judirnsses

234 5592 461 5661 ἔκρινας
481 5591 541 5641 ἐν
563 5589 824 5660 ἀσθενείᾳ
855 5588 1072 5659 φύσεως
1092 5590 1444 5659 ἀνθρωπίνης
1467 5592 1608 5653 τινὰ,
1638 5591 1737 5644 οὐκ
1762 5591 1828 5647 ἂν

1811 5612 1828 5647 ν
1912 5587 1964 5640 in
2000 5588 2312 5642 inﬁrmitate
2366 5594 2568 5641 natum-
2622 5589 2893 5651 humanae,
2929 5604 3034 5641 non
3066 5590 3159 5655 ita,
3188 5591 3339 5658 justo
3377 5590 3470 5645 Det

311 5763 333 5795 ‘
360 5762 492 5818 Luc.
534 5777 687 5823 xvnt,
724 5762 791 5817 10
819 5776 973 5829 seqq.

562 5856 834 5917 ΡΑτιιοι..
880 5856 993 5916 Gn.
1030 5854 1205 5915 CXX.

3063 5855 3138 5921 28
