4202 6450
726 408 826 468 815

1974 396 2265 454 ΝΙΕΕΊῚΖ
2297 393 2631 454 ΡΕΟΙὉΚᾹ
2653 396 2711 453 Π

3871 404 3979 460 57f-

720 519 932 583 jullvio
967 513 1284 573 derelictus,
1316 520 1460 565 tuum
1494 510 1666 577 ipsius
1709 504 2026 573 agunt-isses
2060 502 2291 556 infirmi.

2382 497 2825 567 ἐγκαταλειφθεὶς
2873 500 3053 571 κρίσει
3098 503 3282 576 δικαία
3309 506 3465 572 Θεοῦ,
3511 512 3607 578 τὴν
3653 513 3850 565 ἐλυτοῦ
3876 519 3967 566 ετ..

727 619 914 673 tatem,
960 616 1009 656 ut
1049 606 1173 659 inde
1213 605 1455 658 diseeres
1491 599 1884 669 nonjudirare,
1926 612 2032 649 nou
2086 606 2138 650 te
2174 595 2297 666 plus

723 717 878 769 ,ιιιμιςι
909 700 1204 759 a-stimare,
1234 710 1344 749 non
1381 695 1667 763 despicere
1700 703 2059 763 quemquam.

796 884 879 938 54
928 881 1141 949 Lapsus
1190 878 1245 931 in
1300 877 1559 946 abyssum
1617 873 1911 933 malorum,
1966 870 2196 924 minime
2228 870 2297 924 de

726 981 900 1034 salute
927 978 1209 1044 desperes,
1242 970 1454 1026 etiamsi
1481 968 1549 1021 ad
1580 978 1824 1022 extrema
1847 965 2062 1021 delatus
2096 964 2296 1018 fuisses

727 1071 924 1126 inferni
960 1068 1215 1137 nequitiae
1250 1070 1515 1117 transtra.
1547 1060 1605 1115 Si
1641 1060 1788 1113 enim
1840 1056 2097 1127 practicis
2124 1055 2298 1109 virtu-

727 1166 875 1219 tibus
908 1161 1253 1230 propositum
1304 1169 1519 1221 semper
1547 1153 1689 1221 apud
1744 1161 1795 1204 te
1834 1150 2043 1202 habeas
2096 1146 2292 1201 funda-

727 1260 968 1306 mentum
1025 1247 1267 1317 pictatis.
1302 1245 1427 1296 “CLI.
1479 1241 1646 1309 hujus
1695 1239 2008 1302 mdificiutn,
2058 1236 2200 1306 quod
2230 1253 2292 1290 ex

723 1345 895 1396 rariis
959 1350 1345 1391 construxeras
1410 1333 1627 1385 virtutis
1685 1330 1982 1398 lapidibus,
2041 1343 2294 1382 eversum

724 1432 1001 1487 corruerit
1034 1442 1207 1495 usque
1241 1426 1306 1477 ad
1362 1424 1723 1491 pessimarum
1773 1420 2135 1487 cupiditatum
2197 1433 2296 1486 pa-

722 1518 1050 1583 vimentum,
1089 1517 1446 1573 nihilominus
1487 1529 1593 1567 non
1632 1513 1991 1567 obliviscetur
2025 1513 2165 1567 Deus
2201 1525 2299 1563 an-

726 1619 907 1684 tiquos
950 1622 1074 1664 tuos
1106 1609 1318 1662 labores
1374 1622 1437 1657 ae
1485 1606 1744 1666 sudores,
1798 1606 1842 1658 si
1899 1606 2194 1659 contritum
2232 1606 2298 1658 de

724 1714 836 1765 tuis
873 1704 1108 1775 peccatis
1158 1718 1254 1755 cor
1286 1701 1512 1765 habeas,
1570 1710 1624 1752 et
1678 1715 1888 1753 memor
1942 1700 2295 1767 antiquorum

2381 592 2552 657 ἐγνως
2589 590 2894 645 ἀσθένειαν.
2932 592 3103 660 ἔγνως
3131 596 3210 658 δὲ,
3244 598 3308 648 ἵν’
3366 601 3613 653 ἐντεῦθεν
3658 603 3834 673 μάθῃς
3895 607 3968 675 μὴ

2383 682 2611 753 κρίνειν,
2674 685 2749 754 μὴ
2803 689 3022 755 φρονεῖν
3070 690 3201 760 παρ’
3234 691 3261 742 ὃ
3305 692 3387 744 δεῖ
3419 698 3666 762 φρονεῖν,
3712 698 3788 766 μή
3824 715 3971 761 τινος

2387 776 2688 846 κατεπαίρε
2699 777 2845 834 σθαι.

2444 865 2534 921 νδ’.
2574 870 2886 934 Πεπτωκὼς
2914 871 2990 934 είς
3020 870 3159 941 βάθη
3193 889 3300 927 κακ
3314 876 3400 941 ἶν,
3427 877 3693 948 μηδαμῶς
3716 884 3817 951 τὴν
3839 882 3971 935 ἀνά-

2371 959 2565 1028 κλησιν
2599 961 2929 1033 ἀπελπίσῃς,
2988 966 3036 1016 εἰ
3074 968 3167 1018 καὶ
3204 969 3282 1030 είς
3306 970 3579 1042 πέταυρον
3620 978 3970 1045 κατηνέχθης

2372 1052 2595 1122 ἔσχατον
2627 1053 2757 1124 ᾅδου
2791 1055 2987 1117 κακίας
3010 1072 3022 1084 ·
3059 1060 3107 1109 εί
3144 1060 3250 1130 γάρ
3283 1064 3401 1125 ταῖς
3452 1066 3801 1135 ἐμπράκτως
3835 1072 3967 1138 αρε-

2371 1148 2491 1207 ταῖς
2542 1146 3062 1217 προκαταϐληθέντα
3111 1149 3331 1220 θερμῶς
3378 1154 3467 1206 τὸν
3507 1155 3764 1226 θεμέλιον
3822 1164 3967 1231 ὲΑ,ι;

2373 1234 2525 1304 παρὰ
2556 1237 2639 1286 σοὶ
2668 1236 2769 1305 τῆς
2801 1238 3109 1302 εύσῖῦτας,
3136 1242 3183 1292 εί
3211 1244 3305 1295 καὶ
3348 1246 3557 1298 πτῶσιν
3608 1249 3821 1319 ὑπέστη
3867 1269 3967 1303 κα-

2375 1326 2659 1378 τασεισθὲν
2694 1330 2754 1380 τὸ
2789 1332 3145 1402 οίκοῖομε·,οὲν
3167 1335 3375 1404 ταύτης
3409 1339 3619 1409 οἴκημα
3649 1343 3805 1411 παρὰ
3842 1343 3960 1407 σοῦ,

2372 1422 2436 1472 ἐκ
2477 1420 2752 1492 διαφόρων
2798 1423 2963 1477 λίθων
3012 1428 3111 1496 τῆς
3161 1429 3387 1501 ἀρετῆς,
3437 1431 3543 1495 ἕως
3586 1434 3821 1503 ἐδάφους
3867 1442 3963 1509 τῆς

2373 1512 2794 1582 ἐμπαθεστάτης
2819 1518 2920 1586 γῆς
2950 1519 3058 1571 τῶν
3089 1521 3297 1587 κακῶν,
3344 1523 3459 1575 ἀλλ’
3509 1526 3608 1577 οὐκ
3658 1528 3963 1600 ἐπιλησθηο

2373 1604 2525 1656 σεταί
2558 1623 2651 1657 σου
2678 1599 2783 1658 τῶν
2809 1609 3057 1662 παλαιῶν
3098 1613 3277 1667 πόνων
3322 1618 3417 1669 καὶ
3459 1616 3703 1687 ἱδρώτων
3735 1622 3762 1673 ὁ
3799 1599 3956 1685 Θεὸς,

2374 1698 2489 1763 εἰγε
2522 1700 2993 1771 συντετριμμένην
3027 1706 3119 1756 ἐπὶ
3141 1708 3255 1769 τοῖς
3286 1709 3548 1779 πτώμασί
3576 1728 3668 1764 σου
3696 1714 3797 1785 τὴν
3822 1733 3933 1786 καρ

723 1806 957 1868 dierum,
1014 1806 1225 1872 lapsum
1279 1817 1400 1854 eum
1461 1799 1756 1867 gemitibus
1809 1799 1903 1851 tibi
1962 1812 2188 1851 revoces
2238 1798 2290 1851 in

2382 1788 2490 1841 Βίαν
2509 1792 2715 1863 φέροις,
2740 1798 3096 1866 μεμνημένην
3124 1817 3179 1852 τε
3210 1802 3433 1871 ἡμερῶν
3457 1806 3721 1875 ἀρχαίων,
3741 1811 3839 1861 καὶ
3866 1812 3964 1879 την

722 1906 1018 1967 conspectu
1063 1899 1231 1949 illius.
1292 1892 1608 1957 Respiciens
1656 1891 1801 1944 enim
1853 1891 2001 1943 brevi
2035 1892 2290 1958 respieirt

722 2001 773 2043 te
800 1998 1123 2043 trementem
1155 2000 1437 2040 sermones
1473 1983 1650 2051 ipsius
1679 1982 1720 2045 ",
1777 1990 2067 2050 tangetque
2100 1982 2290 2033 inrisi-

721 2084 905 2138 bilitcr
937 2082 1130 2135 oculos
1164 2079 1348 2131 cordis
1382 2077 1458 2128 tui
1498 2074 1754 2137 dolentis,
1816 2081 1867 2126 et
1895 2072 2173 2125 laboriose
2207 2072 2292 2139 ja-

720 2183 867 2228 ctum
910 2188 937 2225 a
973 2182 1024 2226 te
1070 2169 1288 2223 Virtutis
1315 2166 1729 2220 fundamentum
1760 2164 2054 2228 custodiet,
2097 2178 2159 2216 ac
2197 2162 2290 2215 tibi

719 2265 871 2319 dabit
905 2265 1051 2316 vires
1106 2261 1381 2330 prioribus
1416 2261 1652 2327 majores
1704 2267 1756 2310 et
1807 2256 2184 2325 perfectiores,
2235 2255 2290 2306 in

717 2360 897 2412 calore
931 2356 1165 2427 spiritus
1200 2354 1454 2413 fervoris,
1486 2365 1544 2407 ιιι
1577 2367 1672 2421 per
1714 2350 2030 2419 patientiam
2065 2363 2284 2417 recupe-

721 2469 807 2507 res
840 2466 1005 2519 opera
1038 2450 1263 2504 virtutis
1296 2445 1498 2500 invidia
1544 2444 1767 2514 maligni
1795 2442 2099 2511 deperdita,
2129 2451 2292 2510 atque

718 2553 1035 2604 restaures,
1100 2540 1154 2591 in
1210 2538 1408 2605 spiritu
1465 2535 1828 2600 humilitatis,
1890 2532 2112 2587 domum
2175 2532 2289 2603 ipsa

718 2636 901 2704 priore
955 2629 1412 2703 splendidiorem,
1472 2626 1527 2681 in
1586 2626 1832 2696 requiem
1872 2627 1955 2693 (ut
2022 2624 2289 2694 scriptunt

719 2738 803 2783 est
834 2725 897 2797 ³)
937 2726 1056 2795 ejus
1087 2732 1370 2777 mternant.

788 3080 876 3132 53.
946 3077 1142 3131 Omnia
1176 3076 1243 3128 ad
1290 3075 1650 3145 ignominiam
1689 3075 1848 3130 nobis
1890 3078 2290 3147 contingentia,

2373 1883 2577 1952 ὲαυτῆς
2599 1885 3047 1956 ἀνακαλουμένην
3082 1894 3289 1945 πτῶσιν
3318 1897 3374 1947 ἐν
3400 1902 3749 1968 στεναγμοῖς,
3792 1902 3961 1953 αὐτοῦ

2375 1974 2493 2024 κατ’
2535 1973 2787 2030 ἐνώπιον.
2849 1977 3192 2034 Ἐπι6).έπων
3230 1987 3339 2055 γὰρ
3384 1987 3736 2057 ἐπιὸλέψεται
3774 1994 3963 2062 τάχιον

2375 2062 2470 2114 ἐπὶ
2512 2066 2571 2117 σὲ
2609 2067 2881 2136 τρέμοντα
2906 2072 3031 2133 τοὺς
3062 2070 3255 2140 λόγους
3286 2078 3475 2141 αὐτοῦ,
3510 2081 3605 2134 καὶ
3638 2081 3836 2149 ἆιξεταί
3866 2101 3960 2136 σου

2386 2152 2494 2205 τῶν
2524 2154 2814 2226 ὀφθαλμῶν
2840 2159 3083 2227 ἀοράτως
3108 2164 3203 2231 τῆς
3235 2167 3540 2219 κατωδύνου
3577 2171 3831 2238 καῴἔας,
3866 2176 3960 2222 καὶ

2383 2245 2460 2311 τῷ
2494 2249 2992 2318 προκαταδληθέντι
3032 2256 3178 2323 παρᾶ
3226 2255 3319 2307 σοῦ
3355 2257 3585 2328 θεμελίῳ
3618 2262 3716 2329 τῆς
3755 2264 3961 2330 ἀρετῆς

2386 2337 2522 2405 μετὰ
2548 2336 2746 2401 πόνων,
2781 2341 3116 2412 ἐπιστήσειε,
3148 2348 3239 2397 καὶ
3280 2345 3388 2417 δώῃ
3431 2366 3512 2400 σοι
3550 2350 3648 2418 τῆς
3688 2354 3963 2422 προτέρας

2388 2424 2566 2493 ἰσχύος
2605 2427 2889 2497 κρείττονά
2917 2447 2974 2482 τε
3001 2433 3091 2484 καὶ
3109 2433 3447 2505 τελειοτέραν
3476 2438 3645 2506 ἰσχὺν,
3682 2442 3739 2491 ὲν
3780 2440 3961 2512 Θέρμῃ

2386 2516 2600 2580 ζέοντος
2650 2519 2958 2591 πνεύματος
2983 2541 2996 2554 ο
3038 2527 3116 2587 εἰς
3149 2526 3208 2578 τὸ
3244 2529 3403 2581 πάλιν
3440 2532 3854 2600 ἀνακτήσασθαι
3894 2535 3963 2585 τά

2385 2608 2815 2677 καταῦληθέντα,
2854 2612 3123 2685 βασκανίᾳ
3153 2617 3246 2669 τοῦ
3298 2620 3558 2689 πονηροῦ,
3604 2621 3722 2690 μεθ“
3747 2624 3962 2693 ὑπομο-

2385 2699 2482 2766 νῆς
2512 2699 2647 2769 ἔργα
2694 2702 2790 2771 τῆς
2824 2706 3024 2775 ἀρετῆς
3050 2722 3065 2737 ⁶
3116 2710 3211 2760 καὶ
3242 2711 3541 2780 ἀνεγεῖραι,
3590 2715 3647 2765 ἐν
3686 2718 3961 2785 πνεύματι

2384 2792 2785 2857 ταπεινώσεως,
2822 2795 2908 2848 τὸν
2958 2794 3107 2851 οἷκον
3142 2800 3312 2868 αὐτῆς
3350 2802 3441 2853 τοῦ
3496 2806 3768 2877 προτέρου
3817 2808 3962 2877 λαμ-

2386 2883 2682 2954 πρότερον·
2741 2890 2821 2950 είς
2862 2890 3185 2957 ἀνάπαυσιν,
3235 2894 3375 2948 κατά
3434 2898 3493 2948 τὸ
3544 2900 3962 2969 γεγραμμένον,

2384 2975 2608 3029 αίωνίαν
2641 2979 2825 3033 αὐτοῦ.

2457 3066 2546 3121 γε’.
2577 3070 2757 3123 Πάντα
2808 3072 2874 3125 τὰ
2924 3074 3058 3142 πρδς
3098 3075 3324 3144 ἀτιμίαν
3376 3079 3507 3146 ἡμῖν
3566 3081 3963 3149 συμϐαίνοντα,

721 3176 835 3224 sire
889 3169 956 3223 ab
999 3165 1337 3227 hominibus,
1380 3166 1496 3220 sive
1550 3182 1578 3219 a
1632 3166 1945 3229 dwmoniis,
1987 3168 2140 3237 justo
2200 3168 2291 3221 Dei

2384 3155 2496 3207 εἴτε
2537 3156 2595 3221 ἐξ
2616 3161 2939 3229 ἀνθρώπων,
2973 3165 3082 3215 εἴτε
3118 3167 3180 3218 ὲκ
3207 3168 3498 3235 δαιμόνων,
3538 3171 3715 3239 κρίσει
3775 3173 3965 3241 δικαία

715 3263 928 3330 judicio
973 3267 1027 3315 ct
1067 3259 1375 3313 meonomia
1428 3257 1586 3312 nobis
1634 3262 1964 3329 contingunt
2015 3259 2081 3312 ad
2115 3260 2293 3312 humi-

721 3356 962 3407 liamlum
1012 3355 1233 3405 inanem
1267 3352 1576 3404 animarum
1632 3361 1944 3406 nostrarum
1994 3353 2291 3421 spiritum:

724 3450 836 3498 vult
870 3445 1015 3499 enim
1073 3443 1409 3513 gubernator
1439 3444 1564 3497 vita:
1606 3452 1805 3498 nostra:
1858 3444 2003 3499 Deus
2037 3459 2137 3498 nos
2173 3459 2296 3499 esse

723 3552 936 3605 semper
968 3534 1227 3597 humiles,
1263 3548 1362 3585 nec
1396 3547 1496 3585 nos
1538 3533 1658 3601 plus
1683 3547 1843 3601 reque
1872 3534 2169 3595 aestimare.
2196 3548 2296 3587 nec

723 3644 919 3699 magna
965 3628 1173 3682 sentire
1200 3625 1267 3679 de
1300 3625 1483 3689 nobis,
1532 3626 1625 3678 sed
1661 3626 1726 3678 ad
1781 3626 1933 3678 illum
1987 3625 2291 3685 intendere,

723 3732 778 3775 et
829 3720 1075 3782 imitari,
1126 3725 1391 3786 quantum
1444 3716 1705 3784 possibile
1758 3726 1859 3778 est.
1917 3714 2125 3769 felicem
2176 3714 2296 3780 ejus

722 3812 1109 3874 humilitatem,
1143 3822 1269 3862 cum
1322 3806 1489 3860 fuerit
1536 3807 1684 3859 mitis
1734 3817 1788 3861 et
1840 3806 2059 3860 humilis
2090 3804 2292 3860 corde:

722 3910 857 3960 tales
914 3914 1094 3958 autem
1160 3917 1261 3956 nos
1324 3899 1439 3954 ﬁeri
1490 3898 1764 3955 desiderat
1816 3900 1907 3969 qui
1958 3915 2153 3969 passus
2211 3905 2295 3954 est

722 4014 823 4067 pro
892 3995 1047 4048 nobis
1109 3999 1340 4046 mortem
1404 3991 1659 4059 injustam
1722 4002 1776 4044 et
1834 3991 2291 4061 ignominiosam;

725 4088 859 4143 nihil
888 4088 1030 4140 enim
1065 4084 1213 4138 aliud
1268 4084 1404 4137 adeo
1438 4085 1514 4136 illi
1567 4083 1745 4153 placet
1795 4082 1849 4136 in
1895 4083 2157 4151 omnique
2184 4084 2292 4137 vir-

728 4191 846 4236 tute
875 4194 1001 4233 vere
1056 4179 1317 4231 itnmauet
1354 4188 1517 4245 atque
1554 4192 1580 4227 a
1637 4188 1879 4230 stercore
1929 4175 2290 4241 cupiditatum

722 4272 935 4340 erigere
966 4269 1124 4331 valet,
1160 4282 1320 4337 quam
1354 4264 1741 4327 mansuetudo,
1770 4264 2054 4317 humilitas
2082 4272 2137 4317 et
2165 4264 2293 4317 cha-

731 4366 864 4418 ritas
898 4378 1023 4434 erga
1059 4362 1363 4431 proximum
1393 4376 1408 4414 :
1460 4375 1582 4430 quae.
1618 4360 1663 4415 si
1702 4359 1883 4413 desint
1932 4359 2092 4412 nobis
2124 4359 2297 4411 virtu-

733 4466 841 4509 tem
874 4456 1210 4517 Culeutibus,
1243 4468 1405 4507 omne
1436 4467 1575 4521 opus
1603 4460 1687 4506 cst
1716 4453 1956 4512 irritum,
2010 4450 2299 4518 omnisque

736 4548 886 4600 labor
916 4548 1165 4599 aseetica:
1196 4545 1315 4598 vita:
1350 4543 1560 4597 inutilis
1592 4550 1645 4597 et
1677 4542 1786 4597 Deo
1811 4543 2082 4611 ingratus.

809 4813 895 4866 56.
935 4811 1037 4876 Qui
1077 4812 1238 4863 vitam
1292 4810 1511 4863 virtutis
1542 4809 1824 4875 ittchoant,
1857 4808 2152 4876 instigante
2186 4821 2305 4873 pm-

739 4918 930 4955 narum
968 4910 1135 4963 metu,
1157 4909 1379 4954 servant
1410 4898 1661 4953 mandata
1690 4909 1742 4953 et
1775 4899 2050 4953 declinant
2086 4914 2113 4949 a
2142 4898 2301 4950 malo.

735 4992 840 5058 Qui
880 5002 1064 5044 autem
1118 4991 1173 5044 in
1220 4991 1422 5043 virtute
1457 4989 1808 5059 profecerunt
1854 5004 2029 5057 usque
2065 4990 2130 5044 ad
2166 5004 2300 5044 cou-

735 5083 1146 5151 templationem
1182 5083 1367 5150 gloriae
1398 5081 1514 5142 Dei,
1551 5082 1657 5135 alio
1689 5082 1901 5150 pariter
1946 5090 2182 5151 aguntur
2234 5082 2303 5135 ti-

734 5187 907 5234 more,
941 5175 1036 5239 qui
1095 5172 1485 5225 timidissintus
1513 5181 1595 5225 est
1645 5188 1708 5226 ac
1741 5174 1991 5242 provenit
2025 5190 2090 5228 ex
2119 5175 2303 5229 chari-

733 5276 871 5327 tate.
906 5281 1098 5334 nempe
1129 5276 1310 5319 castus
1343 5266 1431 5319 ille
1456 5276 1634 5320 metus
1664 5267 1755 5336 qui
1802 5266 1867 5320 ad
1901 5270 2081 5335 (μήνιε
2117 5283 2301 5336 perse-

736 5358 1039 5412 verandum
1106 5358 1157 5411 in
1222 5373 1406 5411 amore
1439 5357 1533 5411 Dei
1597 5374 1693 5413 cos
1753 5359 1995 5428 adjuvat,
2051 5370 2302 5414 verentes

735 5448 1142 5501 formidandam
1205 5449 1369 5516 hujus
1428 5447 1723 5517 jacturam.
1785 5451 1912 5504 Illos
1965 5450 2212 5519 quidem,
2272 5466 2301 5503 e

732 5540 1023 5611 proposito
1052 5539 1160 5593 ftue
1188 5541 1470 5611 delapsos,
1502 5555 1565 5596 ac
1599 5552 1785 5611 postea
1822 5543 2212 5613 resipisceutes
2245 5555 2303 5597 et

734 5636 1103 5701 resurgentes,
1137 5632 1338 5698 excipit
1369 5632 1517 5699 prior
1564 5642 1781 5696 metus;
1825 5634 1908 5688 his
1955 5650 2104 5699 vero,
2142 5636 2185 5689 si
2232 5652 2299 5689 et:

842 5809 859 5839 τ
892 5808 1152 5873 lauri,
1181 5806 1236 5859 2.
1316 5808 1335 5839 ⁸
1368 5806 1556 5859 Matth.
1598 5821 1675 5873 ιι,
1707 5806 1795 5860 2.).

2384 3247 2543 3311 Θεοῦ,
2586 3250 2703 3301 κατ’
2735 3255 3046 3321 οἰκονομίαν
3076 3256 3530 3324 ὲπισυμσαίνουσι
3579 3261 3715 3327 πρὸς
3766 3265 3964 3314 ταπεί-

2386 3361 2548 3396 νωσιν
2600 3343 2693 3395 τοῦ
2752 3349 2983 3414 ματαίου
3039 3350 3358 3417 φυσήματος
3402 3351 3510 3402 τῶν
3533 3351 3719 3420 ψυχῶν
3760 3355 3962 3421 ἡμῶν

2389 3435 2590 3496 σκοπὸς
2624 3435 2730 3503 γὰρ
2756 3437 2835 3505 τῷ
2870 3437 3180 3507 κυϐερνήτῃ
3207 3438 3324 3508 Θεῷ
3348 3439 3446 3508 τῆς
3483 3443 3757 3510 ἡμετέρας
3793 3444 3963 3511 ζωῆς,

2386 3520 2445 3571 τὸ
2476 3522 2563 3573 ἀεὶ
2606 3527 2897 3586 ταπεινοὺς
2930 3528 3076 3592 ἡμᾶς
3115 3524 3277 3590 εἶναι,
3314 3529 3409 3580 καὶ
3451 3530 3525 3598 μὴ
3572 3534 3790 3597 φρονεῖν
3834 3536 3965 3600 παρ’

2386 3609 2413 3661 ὃ
2447 3610 2527 3664 δεῖ
2547 3616 2785 3681 φρονεῖν,
2811 3616 2946 3667 ἀλλὰ
2982 3620 3199 3684 φρονεῖν
3234 3620 3312 3680 εἰς
3340 3620 3397 3671 τὸ
3435 3624 3736 3687 σωφρονεῖν
3763 3635 3777 3649 ’
3809 3623 3887 3693 μὴ
3910 3625 3965 3676 δὲ

2385 3702 2592 3755 οἴεσθαι
2626 3708 2837 3773 μεγάλα
2868 3711 2994 3777 περὶ
3035 3710 3267 3773 ἑαυτῶν,
3293 3711 3430 3764 ἀλλὰ
3463 3713 3599 3781 προς
3634 3713 3801 3767 αὐτὸν
3835 3716 3969 3783 ἀφο-

2391 3797 2510 3864 ρᾷν,
2552 3798 2647 3850 καὶ
2708 3802 2994 3868 μιμεῖσθαι
3043 3802 3229 3866 αὑτοῦ,
3267 3802 3406 3857 κατά
3452 3805 3513 3856 τὸ
3569 3806 3812 3871 ἐφικτὸν,
3867 3809 3966 3877 τὴν

2390 3888 2668 3956 μακαρίαν
2702 3891 3055 3955 ταπείνωσιν,
3100 3894 3289 3964 ἐπειδὴ
3326 3898 3499 3963 πρᾶος
3536 3892 3604 3967 ἦν
3636 3900 3729 3949 καὶ
3768 3916 3967 3951 ταπει-

2387 3980 2474 4039 νὸς
2511 3982 2609 4047 τὴν
2642 3983 2868 4051 καρδίαν
2896 4000 2909 4013 ·
2945 3986 3038 4035 καὶ
3078 3986 3352 4047 τοιούτους
3383 3990 3528 4056 ἡμᾶς
3559 3991 3816 4055 γενέσθαι
3842 3994 3963 4043 ἐπι-

2390 4068 2544 4119 ποθεῖ
2570 4070 2598 4121 ὀ
2620 4069 3050 4140 ὑπομεμενηκὼς
3088 4074 3227 4144 ὑπὲρ
3259 4075 3413 4143 ἡμῶν
3437 4076 3665 4128 θάνατον
3695 4078 3881 4129 ἄδικόν
3908 4096 3966 4131 τε

2389 4162 2479 4213 καὶ
2511 4163 2702 4230 ἄτιμον
2722 4178 2735 4193 ·
2766 4165 2917 4217 οἰδὲν
2946 4166 3053 4236 γὰρ
3084 4165 3257 4229 οὕτως
3290 4168 3474 4240 ἕτερον
3493 4169 3645 4236 φίλον
3673 4170 3847 4239 αὐτῷ,
3871 4172 3968 4223 καὶ

2384 4254 2752 4322 οἰκειούμενον
2779 4259 2834 4307 ὲν
2879 4257 3028 4328 πάσῃ
3060 4258 3278 4326 ἀληθῶς
3318 4260 3510 4328 ἀρετῇ,
3546 4261 3640 4313 καὶ
3663 4261 3965 4330 δυνάμενον

2386 4344 2493 4395 ἀπὸ
2532 4346 2765 4413 κοπρίας
2793 4346 2981 4398 παθῶν
3012 4349 3271 4417 άνυψοῦν,
3306 4349 3381 4411 ὡς
3415 4350 3681 4419 πραότης,
3733 4354 3830 4403 καὶ
3870 4369 3965 4404 τα-

2390 4434 2664 4497 πείνωσις,
2695 4436 2787 4485 καὶ
2824 4436 3014 4504 ἀγάπη
3048 4438 3183 4506 πρὸς
3226 4438 3315 4489 τὸν
3345 4438 3608 4508 πλησίον·
3658 4440 3870 4492 τούτων
3909 4442 3965 4493 δὲ

2336 4510 2465 4590 ῧμὴ
2499 4526 2763 4578 συνόντων
2792 4528 2922 4595 ἡμῖν
2950 4528 3341 4598 ἐργαζομένοις
3394 4532 3492 4593 τὰς
3540 4531 3769 4600 ἀρετάς,
3811 4535 3963 4585 πᾶσα

2391 4617 2618 4685 μάταιος
2672 4620 2704 4688 ὴ
2764 4620 3013 4688 ἐργασία,
3068 4621 3164 4673 καὶ
3218 4622 3366 4683 ἄπας
3441 4624 3608 4685 κόπος
3670 4625 3965 4694 ἀσκήσεως

2388 4710 2670 4779 ἀνωφελὴς
2702 4712 2794 4762 καὶ
2830 4710 3218 4779 ἀπροσδεκτος.

2463 4800 2566 4865 νς’.
2604 4803 2726 4865 Τοῖς
2769 4804 2866 4872 μὲν
2908 4806 3291 4872 είσαγωγικοῖς
3330 4807 3409 4867 είς
3462 4806 3556 4857 τὸν
3596 4808 3719 4858 κατ’
3760 4808 3966 4876 ἀρετὴν

2393 4894 2504 4961 βίον
2556 4893 2721 4961 φόϐος
2772 4894 2880 4944 τῶν
2938 4894 3211 4947 κολάσεων
3271 4898 3523 4965 συνεργεῖ
3580 4898 3658 4956 εἰς
3699 4899 3965 4965 ἐργασίαν

2389 4986 2497 5038 τῶν
2520 4984 2768 5049 ἐντολῶν,
2794 4986 2883 5037 καὶ
2908 4988 3199 5054 ἀποφυγὴν
3224 4986 3334 5038 τῶν
3367 4987 3573 5051 κακῶν,
3606 4990 3717 5049 τοῖς
3749 4988 3806 5039 δὲ
3845 4988 3966 5041 κατ’

2390 5078 2592 5151 ἀρετὴν
2624 5079 2711 5130 ἐπὶ
2753 5078 2985 5146 θεωρίαν
3018 5079 3320 5149 προκόψασι
3353 5079 3450 5147 τῆς
3478 5078 3568 5131 τοῦ
3610 5078 3748 5131 Θεοῦ
3808 5080 3969 5148 δόξης

2390 5170 2547 5229 ἄλλος
2580 5168 2859 5233 ἀναλόγως
2914 5169 3219 5236 παρέπεται
3276 5168 3459 5235 φόϐος,
3497 5170 3619 5221 λίαν
3671 5168 3749 5219 ῶν
3782 5171 3969 5232 αὐτοῖς

2392 5258 2619 5326 φοϐερὸς
2656 5255 2713 5320 ἐξ
2739 5259 2980 5324 ἀγάπης,
3020 5258 3047 5309 ὁ
3070 5258 3251 5324 ἁγνὸς,
3282 5259 3340 5321 ὃς
3391 5260 3484 5309 καὶ
3540 5262 3798 5329 συνεργεῖ
3844 5262 3970 5312 τού.

2393 5364 2503 5409 τοις
2555 5348 2636 5409 εἰς
2682 5348 2779 5415 τὴν
2820 5348 3139 5418 παραμονὴν
3199 5349 3512 5417 ἀκλονήτως
3564 5350 3819 5402 ἵστασθαι
3871 5351 3972 5419 τῆς

2390 5441 2612 5508 ἀγάπης
2651 5438 2740 5490 τοῦ
2772 5440 2929 5502 Θεοῦ,
2973 5441 3326 5509 φοϐουμένοις
3356 5440 3445 5493 τὸν
3476 5444 3540 5493 ὲκ
3566 5442 3774 5512 ταύτης
3806 5444 3971 5508 «p065-

2392 5532 2484 5601 ρὸν
2512 5531 2737 5585 ὄλισθον.
2802 5532 3061 5595 Ἐκείνοις
3104 5533 3201 5602 μὲν
3245 5532 3353 5602 γάρ
3400 5533 3627 5585 πεσοῦσι
3679 5532 3777 5585 τοῦ
3829 5535 3971 5586 κατὰ

2391 5632 2549 5698 χεῖρα
2579 5628 2800 5685 σκοποῦ.
2827 5626 3305 5698 μεταμελομένοις,
3340 5627 3434 5679 καὶ
3475 5622 3631 5688 αὖθις
3666 5627 3971 5693 ἁνισταμέο
