4202 6450
196 422 299 485 881

1084 412 1629 479 PRACTICORUM
1663 410 2002 470 CAPITUM
2040 410 2437 471 CENTURIA
2479 411 2526 471 Ι.

3332 407 3437 468 882

196 536 400 604 φανίας
435 531 652 605 μεστός.
698 530 839 585 Ἀλλ’
865 528 927 584 οὐ
946 529 1053 601 χρὴ
1081 530 1197 593 τοῖς
1228 525 1589 597 ἀνθρωπίνοις
1609 537 1785 594 προσ-

1887 530 1936 578 nt
1970 526 2105 577 iram
2138 522 2353 592 spirans
2374 531 2428 578 et
2457 520 2716 591 superbis
2737 522 2955 591 plenus.
2985 522 3055 576 At
3085 536 3195 577 non
3220 531 3435 591 oportet

198 632 350 695 ἐχειν
410 621 661 692 ίδιώμασι
687 636 701 653 ο
744 618 990 689 σφαλερὰ
1032 618 1143 688 γάρ
1218 618 1335 669 ἐστι
1376 617 1490 678 τοῖς
1547 614 1712 666 πᾶσιν
1750 613 1784 682 ἡ

198 734 269 767 πε
280 718 334 786 ρὶ
357 716 428 769 τὰ
456 713 681 768 τοιαῦτα
709 711 915 781 κρίσις.
955 709 1079 763 Εἰσὶ
1112 709 1221 779 γὰρ
1246 707 1560 778 ἀνθρώποις
1590 704 1787 758 πολλαὶ

197 807 279 877 τῷ
308 804 425 859 ὄντι
454 803 710 873 διαφοραὶ
761 801 1001 871 φύσεων,
1037 800 1133 854 καὶ
1185 799 1372 864 ἕξεων,
1407 799 1502 851 καὶ
1546 812 1792 865 σωματι-

201 901 318 951 κῶν
369 896 593 960 θέσεων,
635 897 693 949 αἳ
736 896 919 965 μόνοις
952 894 1186 956 ἐκείνοις
1244 892 1473 955 εἰκότως
1501 889 1641 944 εἰσὶν
1684 888 1789 941 ὐπδ

199 988 443 1059 ’θεωρίαν
472 989 566 1041 καὶ
612 987 796 1057 κρίσιν
824 984 1111 1055 ἀληθινὴν,
1159 985 1273 1045 τοῖς
1304 981 1546 1052 καθαρὸν
1579 997 1789 1051 κτησα-

207 1082 396 1150 μένοις
426 1081 488 1133 τὺ
516 1079 703 1151 νοερὸν
736 1079 891 1149 ὄμμα
916 1080 1015 1148 τῆς
1042 1076 1221 1146 ψυχῆς
1252 1076 1343 1130 διὰ
1377 1077 1579 1146 πολλῆς
1618 1092 1791 1130 κατα-

202 1177 433 1241 νύξεως,
465 1175 559 1227 καὶ⁵
583 1174 793 1227 ἐνοικον
823 1172 1009 1243 ἔχουσι
1054 1172 1116 1223 τὸ
1168 1171 1395 1241 ἄπειρον
1426 1170 1543 1239 φῶς
1579 1170 1678 1239 τῆς
1701 1172 1790 1223 ὲν-

204 1268 338 1320 θὲου
379 1264 528 1334 ζωῆς
554 1283 567 1295 ι
593 1259 675 1327 οἷς
711 1265 808 1317 καὶ
845 1265 907 1317 τὸ
945 1262 1146 1317 εἰδέναι
1190 1262 1348 1332 ὲδόθη
1413 1262 1482 1315 τὰ
1517 1263 1793 1332 μυστήρια

200 1359 309 1427 τῆς
346 1356 443 1411 τοῦ
465 1356 602 1409 Θεοῦ
633 1356 939 1426 βασιλείας.

283 1444 375 1511 ξδ’.
419 1444 727 1516 Αύτουργοὶ
754 1445 862 1499 τῶν
897 1445 1122 1514 φλέλων
1157 1445 1337 1517 ἔργων
1370 1446 1648 1517 γινόμενοι
1690 1442 1792 1515 τῆς

204 1539 437 1609 σαρκὸς,
472 1539 538 1608 τῇ
566 1538 717 1607 παρὰ.
754 1536 913 1605 φύσιν
946 1538 1215 1609 salluui;
1249 1538 1447 1608 καὶτῷ
1481 1537 1641 1609 θυμῷ
1690 1538 1792 1609 τῆς

201 1631 391 1701 ψυχῆς
446 1628 898 1699 λειτουργοῦμεν,
956 1630 1137 1699 σάρκα
1171 1628 1272 1699 μὲν
1335 1632 1644 1701 μιαίνοντες
1673 1632 1793 1695 ταῖς

205 1722 446 1792 φαύλαις
473 1723 625 1791 ῥοαῖς
650 1720 751 1789 τῆς
784 1720 1083 1790 ἁμαρτίας,
1118 1721 1296 1793 ψυχὴν
1316 1724 1372 1776 δὲ
1401 1726 1469 1794 τῇ
1493 1721 1587 1776 τοῦ
1619 1722 1793 1794 θυμοῦ

204 1815 409 1884 πικρίᾳ
439 1813 801 1877 σκοτίςοντες,
833 1815 928 1866 καὶ
960 1814 1484 1886 άπαλλοτριούμενοι
1530 1818 1626 1870 τοῦ
1664 1817 1792 1871 Υίοῦ

203 1906 306 1960 τοῦ
333 1904 493 1962 Θεοῦ.
515 1907 605 1958 Δεῖ
632 1901 726 1959 οὖν
756 1905 847 1959 τὸν
879 1905 978 1973 μὲν
1000 1907 1274 1977 μολυσμὸν
1295 1910 1394 1979 τῆς
1424 1911 1530 1964 ἀπὸ
1561 1910 1657 1964 τοῦ
1687 1910 1793 1963 σώ-

209 2014 385 2067 ματος
422 1995 714 2058 οὐσιώδους
770 1996 923 2068 ῥοῆς,
956 1997 1023 2049 δι’
1073 1998 1336 2069 ἐπιρροῆς
1384 2000 1657 2054 οὐσιωδῶν
1703 2002 1796 2054 δα-

206 2088 420 2159 κρύων,
482 2086 903 2157 ἀποκαθαίρειν,
956 2089 1042 2141 ἵνα
1095 2089 1232 2161 ὅπερ
1264 2093 1297 2161 ἡ
1355 2092 1516 2164 ἡδονὴ
1546 2093 1632 2145 διὰ
1665 2096 1797 2162 ῥοῆς

206 2175 450 2246 φυσικῆς
486 2174 821 2244 κατεμόλυνε
854 2174 1036 2245 σῶμα,
1093 2178 1250 2231 τοῦτο
1279 2183 1311 2249 ἠ
1353 2180 1513 2250 όδύνη
1557 2182 1656 2251 τῆς
1704 2181 1798 2234 λύ-

204 2284 322 2336 πης
352 2266 439 2319 διὰ
475 2265 607 2336 ῥοῆς
640 2263 798 2330 αὖθις
822 2268 930 2320 τῶν
951 2268 1202 2340 δακρύων
1230 2271 1466 2342 φυσικῆς
1494 2273 1797 2326 ἀποκαθαί-

183 2376 355 2429 τρειν,
385 2358 478 2411 τὸν
504 2358 561 2411 δὲ
596 2357 762 2428 ζόφον
789 2360 889 2430 τῆς
912 2359 1093 2431 ψυχῆς
1120 2365 1212 2417 τὶν
1242 2362 1349 2417 ἀπὸ
1377 2366 1474 2434 τῆς
1502 2365 1593 2418 τοῦ
1622 2366 1791 2436 θυμοῦ

206 2450 465 2519 πτκρίας,
505 2450 596 2504 διά
621 2451 798 2520 φωτὸς
823 2452 1174 2518 κατανύξεως
1208 2456 1303 2508 καὶ
1327 2455 1667 2526 γλυκύτητος
1695 2459 1793 2529 τῆς

205 2544 355 2597 κατὰ
386 2541 517 2594 Θεὸν
547 2542 789 2611 ἀγάπης,
816 2544 1166 2612 ἀποδιώκειν,
1202 2550 1295 2600 καὶ
1326 2547 1578 2602 ἐνοῦσθαι
1614 2544 1789 2616 αὖθις,

206 2629 272 2689 οὐ
298 2634 505 2709 ᾃπρώην
532 2633 598 2687 δι’
632 2636 857 2688 ἐκείνων
887 2638 1438 2709 άπηλλοτριώθημεν.

289 2707 385 2770 ξε’.
422 2709 633 2779 Ὥσπερ
655 2712 683 2763 ό
706 2712 816 2765 άπὸ
848 2712 948 2781 τῆς
972 2707 1163 2783 ἡδονῆς
1191 2707 1470 2785 μολυσμὸς
1510 2715 1603 2768 τὸν
1631 2708 1796 2768 σάτα-

209 2798 365 2851 νικδν
401 2799 580 2869 ἔρωτα
610 2804 1069 2873 προηγησάμενον
1108 2804 1222 2875 ἔχει
1256 2807 1337 2868 εἰς
1395 2806 1794 2877 ἀποπλήρωσιν

208 2889 315 2954 τῆς
354 2890 711 2960 φαυλότητος,
738 2893 969 2965 οὐτωςή
1004 2895 1112 2948 ἀπὸ
1146 2897 1245 2966 τῆς
1300 2896 1569 2949 ὲνωδύνου
1620 2897 1794 2967 λύπης

214 2981 486 3052 κάθαρσις
530 2987 632 3055 τὴν
665 2987 876 3057 θέρμην
910 2988 1024 3057 ἔχει
1051 2992 1149 3058 τῆς
1187 2989 1415 3060 καρδίας
1436 2991 1516 3053 είς
1547 2990 1799 3060 ἀποπλή-

212 3090 383 3141 ρωσιν
411 3073 505 3127 τοῦ
538 3076 769 3141 πένθους
796 3079 1021 3133 καὶτῶν
1049 3080 1304 3152 δακρύων
1322 3097 1337 3114 ο
1388 3082 1482 3136 καὶ
1526 3082 1685 3135 τοῦτο
1714 3083 1799 3135 οἱ·

211 3166 568 3266 κονομίαιτῆς
598 3168 732 3239 πρὸς
762 3171 909 3239 ἡμᾶς
947 3171 1044 3225 τοῦ
1103 3172 1241 3226 Θεοῦ
1295 3173 1655 3243 ἁγαθότητος,
1713 3173 1855 3266 1'qu

210 3256 409 3319 κόποις
445 3256 639 3329 ὀδύνης
686 3262 854 3315 κόπον
909 3263 1128 3334 ἡδονῆς,
1186 3264 1280 3318 καὶ
1352 3268 1504 3335 ῥοαῖς
1545 3266 1801 3336 δακρύων

211 3346 347 3416 ῥοὴν
370 3349 660 3420 αἰσχίστην
692 3354 894 3423 σαρκὸς
924 3355 1362 3426 ἀποκρουόμενοί
1393 3375 1452 3409 τε
1482 3358 1577 3409 καὶ
1624 3358 1799 3410 ἐκκα-

211 3437 519 3508 θιίροντες,
551 3442 679 3505 τοὺς
732 3444 939 3508 τύπους
966 3444 1076 3499 τῶν
1133 3446 1351 3515 φαύλων
1385 3447 1493 3502 άπὸ
1520 3449 1615 3500 τοῦ
1657 3447 1798 3514 νοὸς,

210 3531 436 3594 καὶτὰς
463 3534 748 3604 ἀμόρφους
789 3537 1008 3601 εἰκόνας
1046 3538 1156 3591 ἀπὸ
1193 3540 1294 3608 τῆς
1326 3539 1508 3609 ψυχῆς
1545 3540 1804 3609 ὲξαφανίυ

213 3637 425 3689 σωμεν,
457 3624 554 3677 καί
582 3624 974 3697 λαμπροτέραν
1007 3626 1212 3697 ταύτην
1234 3628 1312 3698 τῷ
1342 3628 1528 3682 κάλλει
1568 3629 1647 3699 τῷ
1696 3647 1801 3700 φυ-

211 3712 355 3782 σικῷ
379 3714 779 3788 ἀποδείξωμεν.

284 3802 400 3869 Eg’.
444 3807 545 3860 Ὃν
569 3808 771 3877 τρόπον
801 3810 879 3881 τῷ
907 3812 1129 3884 πονηρῷ
1160 3813 1432 3885 πνεύματι
1464 3814 1796 3885 ἐνεργούμε-

210 3911 295 3945 νο.
329 3896 358 3946 ό
390 3896 691 3965 πορνεύων,
747 3899 939 3969 μισθὸν
979 3902 1285 3971 καρποῦται
1333 3904 1433 3973 τὴν
1483 3904 1676 3974 ἡδονὴν
1704 3903 1804 3972 τῆς

212 3984 441 4053 σαρκὸς,
478 3987 572 4039 καὶ
604 3988 779 4058 πέρας
804 3991 969 4043 αὐτοῦ
1002 3993 1109 4044 τῶν
1147 3993 1389 4061 φαύλων,
1431 3996 1458 4047 ό
1504 3992 1797 4063 μολυσμὸς,

208 4071 387 4135 οὕτως
410 4073 440 4124 ό
466 4075 544 4144 τῷ
569 4076 846 4147 Πνεύματι
873 4078 1083 4132 ἄνωθεν
1105 4080 1496 4151 ἐνεργούμενος
1527 4081 1607 4152 τῷ
1639 4081 1801 4152 ἁγίῳ,

212 4166 411 4234 μισθὸν
443 4169 753 4237 καρποῦται
780 4174 881 4241 τὴν
904 4172 1082 4242 χαρὰν
1110 4174 1206 4241 τῆς
1253 4175 1452 4245 ψυχῆς,
1490 4174 1583 4229 καὶ
1630 4175 1801 4245 πέρας

210 4258 365 4328 αὐτῷ
393 4260 503 4312 τῶν
539 4260 747 4327 καλῶν,
782 4264 816 4332 ἡ
843 4264 908 4315 ἐκ
936 4263 1043 4315 τῶν
1076 4264 1332 4335 δακρύων
1369 4265 1660 4337 κάθαρσις,
1709 4267 1803 4319 καὶ

210 4352 599 4420 ἀναγέννησις,
648 4354 744 4408 καὶ
773 4356 805 4424 ἡ
837 4356 973 4426 πρὸς
1005 4357 1099 4410 τὸν
1127 4358 1264 4411 Θεὸν
1304 4360 1520 4423 ἓιιωσις,
1548 4360 1640 4413 καὶ
1671 4375 1802 4439 συν-

212 4460 406 4510 αφεια.

1878 615 2153 668 immorari
2180 613 2433 668 humanis
2454 614 2901 683 proprietatibus,
2933 613 3200 684 siquidem
3223 613 3441 683 pericu-

1874 705 2051 760 losum
2098 712 2182 760 est
2232 704 2572 759 omnibusin
2612 704 2924 774 lmjusmodi
2973 704 3262 773 judicium.
3303 703 3442 759 Sunt

1875 794 2019 849 enim
2050 793 2363 848 hominibus
2389 794 2574 850 multa:
2596 795 2650 848 in
2680 796 2916 850 essendo
2938 795 3321 865 discrepantia:
3345 810 3444 852 na-

1874 894 2142 951 turarum,
2167 885 2473 951 habituum,
2493 886 2911 956 dispositionum
2937 889 3205 957 corporis,
3226 903 3346 958 quae
3373 888 3442 943 ab

1876 981 1985 1035 illis
2032 986 2245 1034 tantum
2302 982 2691 1036 convenienter
2738 980 3042 1035 examinari
3090 989 3145 1035 et
3202 980 3441 1051 judicari

1875 1083 2125 1143 possunt,
2148 1073 2241 1142 qui
2264 1073 2602 1141 spiritualem
2628 1074 2822 1127 animae
2846 1073 3064 1129 oculum
3095 1073 3261 1126 multa
3285 1088 3442 1127 mun-

1875 1166 2143 1220 daverunt
2187 1167 2628 1234 compunctione,
2660 1167 2751 1235 qui
2794 1166 3036 1221 infusum
3070 1165 3123 1218 in
3156 1180 3216 1221 se
3241 1164 3442 1219 habent

1876 1258 2152 1314 inﬁnitum
2194 1259 2317 1313 vitae
2344 1259 2542 1313 divinae
2579 1258 2786 1321 lumen,
2818 1269 2871 1313 et
2909 1258 3112 1328 quibus
3141 1258 3327 1313 datum
3361 1266 3443 1312 est

1876 1365 2039 1406 nosse
2069 1351 2326 1422 mysteria
2357 1352 2507 1420 regni
2541 1351 2656 1405 Dei.

1946 1444 2038 1499 64.
2072 1443 2319 1515 Operarii
2348 1444 2617 1499 malorum
2648 1445 2835 1501 carnis
2861 1460 3088 1516 operum
3128 1446 3277 1511 facti,
3309 1460 3444 1501 con-

1876 1533 2229 1604 cupiscentiae
2266 1534 2469 1605 iraeque
2517 1536 2716 1591 mentis
2761 1535 3161 1601 sacriﬁcamus,
3223 1551 3443 1591 carnem

1880 1627 2147 1684 foedantes
2197 1628 2434 1683 sordidis
2470 1631 2679 1698 peccati
2735 1628 2979 1693 ﬂuentis,
3021 1644 3259 1683 atnmam
3315 1644 3446 1682 vero

1879 1719 2244 1774 amaritudine
2276 1718 2372 1774 irae
2411 1720 2793 1784 obseurantes,
2825 1731 2882 1775 et
2919 1719 3211 1776 abalienati
3243 1735 3272 1773 a
3308 1718 3446 1775 Filio

1880 1808 1997 1863 Dei.
2026 1808 2256 1879 Oportet
2293 1809 2461 1878 igitur
2492 1810 2791 1865 foeditatem
2838 1808 3217 1865 substantialis
3258 1808 3446 1863 ﬂuenti

1880 1915 1908 1952 a
1945 1916 2174 1970 corpore
2209 1901 2407 1961 aborti,
2443 1901 2751 1969 superfusis
2784 1901 3237 1957 substantialibus
3270 1902 3449 1970 lacry-

1881 1992 1984 2046 mis
2011 1992 2321 2061 puriﬁcare,
2351 2002 2407 2045 ut
2436 1994 2582 2061 quod
2608 1993 2857 2061 voluptas
2883 1993 3111 2046 naturali
3146 1992 3347 2047 ﬂuento
3368 1991 3449 2045 in-

1880 2085 2124 2152 quinavit
2153 2099 2373 2154 corpus,
2405 2085 2508 2138 hoc
2531 2085 2689 2140 dolor
2713 2084 2946 2139 tristitia
2980 2085 3184 2154 pariter
3214 2083 3449 2139 naturali

1878 2176 2242 2244 lacrymarum
2321 2184 2562 2230 torrente
2630 2176 2901 2245 puriilcet,
2972 2178 3264 2248 caliginem
3320 2192 3451 2231 vero

1879 2268 2073 2321 animae
2103 2268 2467 2322 amaritudine
2503 2269 2597 2321 ira!
2623 2269 2871 2333 ell‘usam,
2905 2270 3026 2325 luce
3076 2270 3451 2339 eompunetio—

1880 2359 1965 2413 nis
2000 2372 2064 2412 ac
2102 2358 2390 2413 dulcedine
2420 2359 2616 2413 divinae
2641 2360 2930 2415 charitatis
2981 2359 3228 2430 dissipet,
3289 2370 3452 2431 atque

1881 2451 1955 2506 illi
1996 2452 2407 2519 reconcilietur,
2433 2468 2460 2506 a
2490 2469 2597 2522 quo
2634 2453 2722 2506 illa
2756 2468 2855 2511 nos
2881 2453 3349 2510 abalienaverant.

1952 2720 2041 2776 65.
2078 2720 2230 2776 Sicut
2264 2710 2543 2776 contracta
2586 2736 2651 2775 ex
2688 2721 2968 2791 voluptate
3001 2720 3192 2776 sordes
3234 2718 3455 2774 Satani-

1884 2826 2008 2866 cum
2045 2828 2284 2867 amorem
2325 2812 2520 2867 ducem
2564 2812 2728 2866 habet
2774 2814 2828 2866 in
2863 2812 3321 2880 complementum
3363 2823 3457 2864 ne-

1885 2901 2090 2969 quiti-.12,
2126 2904 2207 2956 sic
2227 2911 2507 2955 contracta
2536 2916 2599 2955 ex
2630 2900 2967 2968 paenitentia:
2992 2899 3216 2953 tristitia
3247 2898 3455 2968 puritas

1885 2993 2148 3047 fervorem
2191 2993 2382 3048 durem
2414 2993 2576 3047 habet
2611 2992 2664 3045 in
2692 2993 3153 3060 con‘vplcmentum
3192 2989 3370 3044 luctus
3404 2998 3459 3042 et

1885 3088 2246 3157 lacrymarnm
2291 3102 2302 3137 :
2340 3086 2502 3153 idque
2543 3085 2851 3139 meonomia
2883 3083 3166 3138 charitatis
3201 3081 3295 3135 Dei
3326 3096 3453 3149 erga

1889 3194 2006 3235 nos.
2050 3185 2109 3231 ttt
2147 3192 2341 3247 nempe
2376 3178 2658 3232 laboribus
2691 3177 2900 3231 doloris
2924 3176 3169 3231 laborem
3207 3174 3457 3242 volupta-

1887 3271 1975 3333 iis,
1994 3278 2046 3323 et
2065 3270 2426 3340 lacrymarum
2444 3268 2587 3322 ﬂuxu
2607 3269 2968 3325 foedissimum
2990 3267 3238 3337 corporis
3251 3264 3456 3318 ﬂuxum

1883 3371 2231 3417 removentes
2267 3372 2322 3414 et
2376 3369 2699 3431 purgantes,
2750 3362 2925 3417 malas
2976 3360 3371 3431 impressiones
3427 3373 3455 3411 a

1885 3459 2066 3505 mente
2104 3460 2402 3521 turpesque
2439 3452 2705 3523 imagines
2741 3453 2809 3507 ab
2849 3452 3030 3506 anima
3084 3450 3456 3521 repudiemus,

1884 3556 1938 3597 et
1963 3544 2365 3613 praefulgentem
2392 3545 2533 3599 hanc
2561 3546 2974 3616 pulchritudine
2998 3545 3234 3601 naturali
3266 3552 3453 3599 osten-

1884 3635 1951 3691 da
1977 3652 2100 3692 rus.

1955 3814 2045 3869 06.
2082 3816 2551 3879 Quemadmodum
2583 3817 2688 3883 sub
2720 3817 2927 3874 lnﬂuxu
2977 3818 3198 3888 maligni
3232 3818 3460 3889 spiritus

1887 3921 2052 3975 agens
2088 3906 2412 3972 fornicator,
2465 3910 2773 3965 mercedem
2835 3912 3071 3982 percipit
3124 3911 3458 3979 voluptatem

1886 3998 2090 4059 carnis,
2124 3999 2501 4067 terminusque
2545 4002 2814 4054 malorum
2854 4001 2955 4070 ipsi
3006 4009 3090 4055 est
3119 4000 3334 4063 sordes,
3387 4001 3460 4053 ita

1887 4091 1978 4159 qui
2010 4104 2253 4160 superno
2285 4089 2525 4159 Spiritus
2572 4093 2749 4146 sancti
2794 4092 3057 4147 instinctu
3089 4092 3223 4161 agit.
3253 4106 3463 4145 merce-

1886 4182 2007 4236 dem
2038 4183 2267 4253 percipit
2296 4184 2554 4251 gaudium
2607 4184 2827 4246 animze,
2864 4184 3244 4251 terminusque
3292 4182 3462 4236 bono-

1886 4289 2005 4327 rum
2033 4274 2133 4342 ipsi
2166 4275 2628 4345 estlacrymarum
2649 4276 2902 4346 purgatio
2929 4282 2983 4331 et
3012 4276 3380 4347 regeneratio,
3408 4282 3465 4329 et

1887 4379 2008 4420 eum
2038 4364 2144 4420 Deo
2168 4366 2298 4420 unio
2327 4375 2379 4420 et
2412 4366 2667 4422 societas.

290 4534 392 4598 ξς.
424 4536 546 4587 Δύω
566 4536 745 4589 οὐσῶν
772 4538 831 4591 ἐν
867 4540 1000 4609 ἡμῖν
1030 4541 1137 4593 τῶν
1164 4543 1228 4594 ἐκ
1254 4545 1353 4612 τῆς
1400 4545 1569 4615 αἰτῆς
1614 4545 1798 4609 οὐσίας

1965 4544 2055 4597 67.
2087 4542 2220 4596 Cum
2248 4543 2359 4598 duo
2387 4547 2441 4597 in
2470 4545 2631 4599 nobis
2657 4559 2721 4599 ex
2747 4545 2938 4600 eadem
2969 4546 3276 4602 substantia
3306 4554 3461 4601 natus

214 4625 463 4693 φυσικῶν
487 4626 749 4694 ρεύσεων,
786 4630 949 4699 γονῆς
1004 4632 1099 4683 καὶ
1141 4632 1415 4702 δακρύων,
1475 4634 1567 4702 ὑφ’
1612 4628 1683 4707 ἧς
1717 4636 1806 4688 τὸν

214 4718 416 4785 χιτῶνα
455 4721 553 4787 τῆς
580 4720 755 4791 ψυχῆς
795 4722 1161 4793 μολυνόμεθα,
1195 4725 1290 4777 καὶ
1314 4725 1383 4778 δι’
1410 4718 1486 4779 ὧν
1510 4727 1675 4781 πάλιν
1704 4730 1805 4781 αὐ-

214 4810 305 4858 τὸν
335 4809 734 4879 καθαιρόμεθα.
770 4814 984 4885 ἀνάγκη
1036 4817 1127 4868 τὸν
1159 4817 1219 4868 ἐκ
1255 4817 1355 4887 τῆς
1404 4817 1591 4880 οὐσίας
1646 4820 1806 4889 ἡμῶν

218 4902 497 4970 μολυσμὸν
532 4903 900 4972 ἀπονίψασθαι
930 4906 1019 4959 διὰ
1051 4906 1159 4959 τῶν
1189 4908 1254 4959 ἐκ
1293 4910 1389 4978 τῆς
1420 4913 1586 4979 αὐτῆς
1619 4911 1807 4975 οὐσίας

216 4997 554 5064 κινουμένων
583 4996 835 5067 δακρύων
864 5013 877 5027 ⁶
913 4999 1087 5063 ἄλλως
1120 5001 1230 5071 γὰρ
1259 5000 1349 5054 τὸν
1373 5004 1436 5055 ὲκ
1459 5005 1559 5072 τῆς
1590 5004 1806 5072 φύσεως

216 5087 390 5157 ῥύπον
421 5086 661 5156 καθάραι
695 5088 979 5143 ἀδύνατον.

285 5162 391 5230 ξη’.
423 5162 580 5214 Πᾶσα
595 5162 777 5231 ψυχῆς
795 5163 1224 5236 πλημμελούσης
1245 5164 1510 5232 διάθεσις,
1529 5168 1607 5237 τῷ
1620 5169 1809 5238 φαύλῳ

216 5251 513 5320 κινουμένη
538 5252 746 5323 τρόπῳ,
779 5254 860 5315 είς
881 5255 1074 5327 ἡδονὴν
1107 5255 1370 5329 βραχεῖαν
1402 5260 1662 5314 καταλύει
1712 5263 1805 5316 τὸν

212 5348 502 5413 κάματον·
532 5345 680 5397 πᾶσα
734 5344 792 5397 δὲ
832 5346 1207 5420 καθαιρομὲνη
1259 5350 1408 5424 ψυχὴ
1444 5353 1545 5423 τῆς
1594 5356 1807 5424 φαύλης

215 5432 511 5503 συνηθείας
538 5434 632 5487 καὶ
672 5434 991 5505 διαθέσεως,
1017 5440 1096 5501 εἰς
1123 5441 1345 5511 μακρὰν
1372 5443 1566 5513 ἡδονὴν
1601 5445 1802 5514 εὐφρο-

216 5526 386 5596 σύνης
416 5526 726 5580 ἐπεκτείνει
748 5528 876 5592 τοὺς
904 5530 1120 5596 πόνους,
1160 5533 1255 5586 καὶ
1299 5532 1486 5604 θαῦμα
1520 5535 1637 5599 πῶς
1676 5536 1805 5607 ἡδο-

214 5617 316 5685 νῆν
354 5616 521 5687 ἡδονὴ
556 5619 1019 5686 καταστέλλουσα,
1064 5622 1163 5696 τὴν
1187 5625 1251 5676 ὲκ
1273 5627 1371 5695 τῆς
1396 5627 1592 5699 ἡδονῆς
1620 5647 1806 5683 τικτο-⁴

220 5706 395 5775 μὲνην
428 5709 850 5775 καταγλυκαίνει
875 5710 1088 5783 ὀδύνην.

288 5801 387 5864 ξίν.
433 5800 568 5853 [lore
628 5803 724 5870 μὲν
763 5804 951 5876 πικρία
1004 5810 1095 5859 καί
1160 5810 1317 5874 πόλος
1380 5813 1681 5881 ἐπιγίνεται
1736 5816 1799 5882 τῇ

1894 4633 2085 4688 raliter
2124 4635 2366 4700 efﬂuant,
2418 4650 2613 4705 nempe
2647 4652 2858 4702 semen,
2918 4652 3029 4706 quo
3066 4640 3262 4693 animae
3294 4641 3464 4694 vesti-

1892 4734 2134 4779 mentum
2171 4726 2545 4795 inqoinamus,
2573 4735 2627 4781 et
2658 4728 2934 4798 lacrymaz,
2971 4729 3173 4798 quibus
3215 4728 3346 4783 illud
3399 4732 3467 4784 de

1893 4829 2033 4869 novo
2074 4817 2426 4879 mundamus,
2454 4831 2677 4871 necesse
2704 4827 2789 4871 est
2815 4816 3033 4871 sordem
3059 4832 3122 4870 ex
3157 4818 3464 4873 substantia

1893 4914 2079 4959 nostra
2129 4914 2467 4960 contractam
2503 4907 2647 4960 ablui
2678 4907 2939 4978 lacrymis
2992 4921 3055 4960 ex
3110 4908 3301 4961 eadem
3338 4910 3465 4963 sub.

1893 4994 2093 5048 stantia
2127 4995 2363 5049 elicitis:
2396 4996 2553 5049 aliter
2594 4997 2740 5049 enim
2778 4998 2969 5051 sordes
3012 5011 3078 5052 ex
3115 5006 3307 5052 natura
3338 5014 3467 5067 pro-

1895 5086 2117 5139 veniens
2152 5083 2403 5139 mundari
2437 5100 2544 5139 non
2582 5093 2786 5155 posset.

1963 5174 2052 5228 68.
2084 5174 2275 5230 Omnis
2301 5175 2501 5230 animae
2528 5178 2807 5243 peccantis
2838 5176 3122 5231 inclinatio
3155 5181 3293 5231 male
3324 5178 3466 5232 diro-

1892 5279 1978 5320 Cia
2008 5267 2061 5319 in
2090 5267 2306 5320 brevem
2343 5268 2674 5335 voluptatem
2710 5269 2932 5323 resolvit
2970 5269 3243 5332 laborem;
3285 5273 3466 5323 ornnis

1893 5370 2023 5410 vero
2055 5356 2236 5410 anima
2261 5372 2326 5412 ex
2364 5373 2527 5428 prava
2559 5359 2881 5413 habitudine
2908 5368 2962 5414 et
2998 5360 3346 5414 inclinatione
3374 5376 3467 5414 ex-

1895 5457 2123 5519 purgata
2158 5450 2223 5504 ad
2257 5450 2476 5520 longam
2514 5452 2692 5520 gaudii
2741 5452 3073 5523 voluptatem
3119 5453 3338 5507 labores
3374 5468 3467 5505 ex—

1896 5542 2088 5606 tendit,
2145 5549 2201 5596 et
2241 5543 2435 5596 mirum
2493 5544 2768 5613 quomodo
2831 5544 3161 5614 voluptatem
3212 5546 3464 5613 voluptas

1896 5633 2217 5703 reprimens,
2252 5651 2316 5689 ex
2349 5636 2623 5705 Voluptate
2649 5644 2827 5691 ortum
2861 5638 3057 5693 allevet
3086 5636 3351 5691 dolorem.

1962 5812 2051 5867 69.
2095 5812 2251 5870 Modo
2280 5816 2585 5871 amaritudo
2644 5828 2694 5872 et
2731 5818 2879 5873 labor
2912 5818 3225 5885 supervenit
3253 5817 3454 5873 intelle-
