4202 6450
755 382 861 450 883

2019 380 2315 441 ΝΙΟΕΤἈΕ
2349 379 2768 445 ΡΕΕΤΟΗΑΤΙ

3898 390 3995 455 εει

752 502 921 557 etuali
946 502 1128 557 cordis
1149 502 1336 557 sensui
1362 501 1430 559 ab
1452 502 1815 573 laerymarum
1851 502 2137 569 eﬂ‘usione,
2163 503 2321 558 modo

2410 504 2572 573 νοερᾷ
2597 505 2695 573 τῆς
2729 504 2959 572 καρδίας
3012 505 3286 577 αἰσθήσει,
3331 506 3442 561 ἀπὸ
3469 510 3566 579 τῆς
3608 510 3854 578 ῥεύσεως
3883 512 3991 563 τῶν

753 595 935 647 Ιιειιίιῐα
987 606 1035 649 et
1072 596 1359 649 exultatio.
1394 594 1626 660 Quando
1678 596 1841 665 igitur
1874 596 2195 666 poenitentia
2226 611 2322 651 ex-

753 702 1051 755 purgamur
1079 702 1109 741 a
1143 703 1352 743 veneno
1384 697 1438 742 et
1468 691 1627 742 sorde
1652 690 1884 758 peccati,
1908 688 2119 745 similes
2148 690 2320 745 calori

754 780 891 848 ignis
947 779 1237 834 fundentes
1296 782 1630 849 pmnitentia:
1682 782 1965 852 lacrymas,
2032 791 2088 837 et
2152 784 2318 839 veluti

752 873 1011 933 gravibus
1046 871 1258 925 ηιιιιιρὶε
1292 883 1525 927 mentem
1556 876 1864 938 tundentes,
1896 875 2114 931 emissis
2145 890 2175 929 e
2202 891 2322 946 pro-

758 962 927 1014 fundo
981 965 1148 1017 corde
1182 966 1473 1035 gemitith
1506 966 1925 1020 amaritudinem
1971 982 2036 1022 ac
2079 968 2318 1022 laborem

754 1055 937 1106 animo
973 1058 1337 1124 smsibusque
1372 1059 1660 1113 sentimus.
1697 1056 1799 1111 Ubi
1834 1073 1964 1112 vero
2004 1060 2317 1126 hujusmodi

755 1145 1012 1217 laerytnis
1042 1148 1377 1207 sufﬁcienter
1412 1151 1642 1220 purgati,
1671 1150 1826 1204 liberi
1868 1166 1897 1205 α
1928 1150 2319 1221 cupiditatibus

751 1240 1061 1299 evadimus,
1094 1250 1243 1304 tunc,
1272 1241 1476 1310 Spiritu
1507 1254 1697 1297 sancto
1724 1258 1825 1297 nos
1859 1244 2200 1305 consolante,
2236 1258 2323 1299 se-

752 1345 1052 1397 renuinque
1069 1340 1121 1385 et
1150 1334 1268 1401 puri
1281 1335 1721 1399 tatemcordibus
1744 1335 1950 1390 nostris
1974 1335 2319 1405 infunilente,

751 1420 1033 1487 voluptate
1068 1440 1130 1475 ac
1180 1424 1465 1478 dulcedine
1511 1425 1769 1481 ineffabili
1821 1442 1922 1484 nos
1970 1427 2180 1498 replent
2233 1427 2322 1497 iu-

751 1515 944 1568 cunda
978 1515 1412 1585 compunctionis
1446 1517 1717 1589 lacrymm.

825 1862 913 1915 70.
946 1864 1080 1919 Alia:
1102 1874 1232 1919 sunt
1260 1882 1379 1935 quae
1405 1882 1472 1923 ex
1509 1871 1833 1938 paenitentia
1860 1914 1874 1935 .
1924 1875 2044 1928 aliae
2087 1890 2213 1942 quae
2252 1891 2321 1931 ex

752 1953 937 2008 divina
974 1961 1398 2029 compunctione
1434 1963 1710 2032 profluunt
1738 1967 2013 2036 lacrymm.
2041 1968 2152 2022 Illae
2173 1970 2318 2023 enim

748 2056 879 2099 sunt
944 2049 1104 2103 veluti
1168 2052 1365 2107 ﬂuvius
1414 2054 1691 2110 inundans
1736 2063 1791 2109 et
1832 2057 2083 2112 auferens
2132 2060 2320 2114 omnia

749 2142 960 2206 peccati
1010 2146 1418 2209 propugnacula
1446 2164 1460 2210 ;
1492 2148 1572 2201 lim
1605 2162 1734 2202 vero
1763 2156 1889 2202 sunt
1920 2151 2117 2205 anime
2139 2152 2319 2221 qualis

747 2231 929 2299 pluvia
970 2236 1205 2296 eramini
1244 2244 1299 2290 et
1330 2239 1507 2305 qualis
1544 2242 1723 2294 herbae
1757 2244 1883 2309 nix,
1921 2245 2169 2297 scientia
2206 2244 2320 2314 spi-

747 2338 865 2377 cam
915 2327 1143 2392 alentes,
1203 2344 1433 2399 eamque
1487 2332 1839 2403 multiplicem
1891 2342 1945 2389 et
2000 2334 2317 2407 frugiferam

747 2415 1069 2475 reddentes.

825 2508 913 2563 71.
948 2510 1066 2563 Νοη
1093 2513 1235 2566 enim
1260 2515 1405 2583 quod
1436 2517 1719 2588 lacrymze.
1753 2519 1894 2574 idem
1927 2524 2273 2589 compunctio
2300 2563 2316 2589 ,

748 2598 840 2651 sed
875 2616 1127 2669 magnum
1160 2616 1244 2657 est
1271 2607 1566 2660 discrimen
1600 2609 1739 2663 inter
1770 2611 2040 2679 lacrymas
2067 2621 2121 2667 et
2166 2628 2320 2668 com-

749 2692 1122 2757 punctionem.
1165 2694 1299 2749 Nam
1343 2698 1580 2768 lacryma
1611 2716 1675 2753 ex
1718 2703 2078 2758 conversione
2117 2705 2241 2758 vitae
2267 2714 2321 2760 et

750 2784 1012 2837 memoria
1045 2794 1286 2845 veterum
1324 2790 1520 2843 anintre
1557 2792 1807 2857 lapsuum
1832 2795 2028 2855 oritur.
2057 2805 2316 2864 tanquam

748 2888 814 2927 ex
847 2876 970 2939 igne
1001 2884 1053 2928 et
1086 2877 1327 2934 fervente
1356 2895 1519 2949 aqua,
1552 2883 1605 2937 in
1630 2885 2067 2953 purificationem
2102 2889 2315 2955 cordis;

748 2972 1102 3031 compunctio
1131 2980 1309 3027 autem
1351 2989 1380 3025 e
1417 2990 1655 3039 superno
1697 2977 1865 3033 divini
1919 2980 2156 3047 Spiritus
2194 2998 2318 3037 rore

748 3058 987 3128 proﬂuit.
1034 3062 1085 3113 in
1116 3065 1551 3120 consolationem
1593 3084 1657 3122 ac
1705 3069 2047 3137 refrigerium
2079 3075 2275 3127 animm
2298 3113 2315 3139 ,

748 3165 868 3216 qua:
919 3167 1089 3219 nuper
1138 3154 1192 3207 in
1239 3156 1570 3225 profundum
1616 3161 1935 3217 humilitatis
1989 3164 2190 3219 fervide
2232 3165 2318 3219 in-

748 3256 934 3310 gressa
966 3254 1083 3306 est,
1114 3246 1448 3316 luminisque
1496 3252 1891 3310 inaecessibilis
1929 3256 2137 3324 accepit
2180 3272 2316 3310 con-

749 3335 1176 3403 templationem,
1211 3349 1265 3393 et
1287 3341 1351 3393 ad
1398 3340 1563 3395 Deum
1599 3342 1819 3398 Davidis
1854 3346 2031 3400 instar
2056 3349 2316 3401 clamavit

752 3426 804 3479 in
826 3430 1191 3485 exsultatione
1218 3451 1230 3485 :
1259 3450 1277 3483 ι
1302 3430 1677 3489 Transivimus
1702 3451 1796 3503 per
1821 3437 1996 3508 ignem
2015 3447 2068 3494 et
2093 3454 2315 3511 aquam,

750 3529 803 3571 et
830 3519 1065 3576 eduxiin
1102 3540 1202 3578 nos
1234 3527 1285 3578 in
1325 3527 1667 3594 refrigerium
1708 3532 1771 3584 ".
1814 3550 1832 3582 ι

826 3608 913 3661 72.
952 3610 1150 3666 Audivi
1190 3617 1455 3679 quosdam
1482 3618 1724 3671 dicentes
1757 3636 1863 3673 non
1913 3637 2072 3690 posse
2129 3639 2317 3693 quem-

747 3716 910 3767 quam
944 3704 1010 3755 ad
1040 3704 1281 3758 habitum
1343 3710 1627 3775 pervenire
1676 3711 1893 3764 virtutis
1918 3751 1933 3776 ,
1990 3715 2090 3767 nisi
2128 3717 2316 3782 procul

745 3791 965 3845 secedat
1001 3801 1055 3846 el.
1108 3794 1161 3847 in
1204 3797 1552 3851 solitudinem
1610 3799 1817 3868 fugiat,
1870 3811 2037 3870 atque
2088 3805 2315 3861 miratus

744 3900 864 3938 sum
922 3889 1199 3954 quomodo
1255 3891 1502 3945 inﬁnitus
1564 3892 1698 3960 ipsis
1756 3894 2009 3948 videatur
2036 3896 2157 3950 loco
2207 3898 2338 3959 cir—_

745 3980 1060 4032 ctnuscribi.
1118 3978 1329 4034 Etenim
1374 3984 1591 4036 habitus
1644 3985 1869 4038 virtutis
1921 3993 2009 4039 est
2037 3988 2315 4041 restitutio

748 4072 1108 4137 potentiarum
1159 4072 1354 4125 anima:
1404 4074 1471 4128 ad
1527 4075 1812 4143 pristinam
1863 4076 2222 4144 dignitatem,
2260 4087 2316 4132 et

744 4166 1096 4231 congregatio
1121 4167 1453 4231 generalium
1511 4168 1774 4220 virtutum
1813 4168 1877 4222 ad
1908 4184 2069 4222 unam
2124 4185 2317 4239 opera-

745 4255 947 4307 tionem
1002 4260 1302 4310 secundum
1353 4267 1623 4313 naturam.
1690 4259 1860 4311 Porro
1922 4276 2030 4314 non
2074 4261 2143 4315 de
2183 4262 2316 4317 foris

744 4355 1001 4413 tanquam
1030 4348 1337 4400 extrinseca
1374 4349 1527 4402 nobis
1558 4350 1970 4416 superveniunt,
2001 4351 2096 4405 sed
2132 4352 2317 4407 nobis-

2407 594 2657 667 δακρύων
2678 608 2694 623 ³
2733 597 2866 649 ποτὲ
2895 596 2953 650 δὲ
2985 598 3301 669 εὐφροσύνη
3327 602 3421 654 καὶ
3444 602 3787 669 ἀγαλλίασις.
3820 605 3991 656 Ὅταν

2408 684 2503 740 οὖν
2550 685 2963 756 καθαιρὼμεθα,
2996 687 3085 741 διὰ
3110 691 3209 758 τῆς
3270 692 3578 759 μετανοίας,
3628 693 3723 745 τοῦ
3789 693 3871 745 ἰοῦ
3900 696 3993 746 καὶ

2407 777 2502 830 τοῦ
2537 778 2719 848 ῥύπου
2748 782 2849 851 τῆς
2885 780 3183 850 ἁμαρτίας,
3224 780 3523 851 θερμότητι
3573 784 3764 852 πυρὸς,
3807 788 3993 837 είκότα

2408 869 2622 939 ἔχοντες
2645 869 2714 923 τὰ
2741 872 2806 923 ὲκ
2829 870 3034 943 ταύτης
3062 872 3299 944 δάκρυα,
3329 874 3434 925 ὑπὸ
3475 874 3565 927 τού
3621 876 3766 927 θείου
3818 878 3993 947 πυρὸς

2410 963 2813 1034 ἑκπυρούμενα,
2847 966 2943 1017 καὶ
2991 966 3227 1033 σφύραις
3255 966 3506 1035 βαρεῖαν
3554 966 3758 1019 iber/2".
3789 968 3880 1018 τὸν
3908 968 3994 1018 λο-

2408 1056 2606 1123 γισμὸν
2632 1055 3017 1125 πληττόμενοι,
3042 1060 3155 1117 τοῖς
3184 1060 3247 1108 ὲκ
3276 1056 3473 1125 βάθους
3506 1058 3993 1125 ἀιαπεμπομένοτς

2410 1149 2737 1215 στεναγμοῖς
2763 1148 2859 1216 τῆς
2884 1146 3135 1216 καρδίας,
3164 1148 3391 1218 πικρίας
3419 1147 3515 1198 καὶ
3550 1148 3744 1209 πόνους
3791 1148 3992 1215 vespm:

2404 1253 2467 1290 τε
2496 1240 2589 1291 καὶ
2632 1238 2906 1308 αίσθητῶ,
2968 1239 3359 1309 αἰσθανόμεθα.
3414 1239 3586 1292 Ἐπὰν
3625 1240 3685 1292 δὲ
3738 1240 3836 1292 διὰ
3884 1242 3992 1293 τῶν

2405 1328 2665 1381 τοιούτων
2728 1331 2932 1394 ἱκανῶς
2983 1329 3351 1400 καθαρθέντες
3410 1330 3686 1398 δακρύων,
3743 1330 3843 1381 ἐπὶ
3894 1332 3992 1401 τὴν

2406 1419 2720 1492 ἐλευθερίαν
2748 1422 3033 1492 ἑλάσωμεν
3054 1422 3163 1476 τῶν
3193 1422 3403 1487 παθῶν,
3432 1422 3735 1493 τηνικαῦτα
3760 1422 3868 1473 ὑπὸ
3897 1422 3989 1473 τού

2406 1514 2553 1568 θείου
2583 1516 3064 1587 παρακαλούμενοι
3094 1516 3432 1587 Πνεύματος,
3482 1515 3560 1578 ὡς
3607 1515 3856 1585 γαληνὴν
3897 1516 3989 1568 καὶ

2405 1606 2652 1675 καθαρὰν
2686 1610 2785 1678 τὴν
2816 1607 3045 1677 καρδίαν
3072 1608 3427 1678 κτησάμενοι,
3476 1607 3671 1676 ἡδονῆς
3710 1608 3811 1661 καὶ
3858 1610 3988 1674 γλυ-

2404 1696 2640 1767 κύτητος
2668 1699 2879 1767 ἀφάτου
2905 1698 3266 1769 πληρούμεθα
3294 1699 3401 1752 ὑπὸ
3432 1698 3541 1751 τῶν
3571 1700 3887 1769 χαροποιῶν
3909 1702 3987 1755 δα·

2405 1789 2591 1860 κρύων
2614 1793 2711 1859 τῆς
2747 1790 3112 1856 κατανύξεως.

2473 1880 2539 1938 o'.
2570 1882 2740 1936 Ἀλλα
2770 1885 2838 1938 τὰ
2878 1886 2943 1938 ὲκ
2966 1888 3069 1955 τῆς
3112 1888 3406 1955 μετανοίας
3433 1888 3666 1957 δάκρυα,
3698 1888 3792 1940 καὶ
3823 1887 3987 1956 ἕτερα

2403 1974 2473 2027 τὰ
2503 1976 2567 2027 ὲκ
2594 1975 2743 2038 θείας
2774 1976 3121 2047 προχεόμενα
3172 1978 3517 2042 κατανύξεως
3540 1995 3555 2010 ·
3600 1979 3667 2031 τὰ
3706 1979 3807 2049 μὲν
3856 1980 3987 2049 γὰρ,

2404 2066 2481 2129 ὡς
2510 2067 2753 2137 ποταμὸς
2790 2069 3102 2133 ἐπικλύζων
3140 2070 3236 2123 καὶ
3285 2071 3614 2141 κατασύρων
3676 2074 3858 2123 πάντα
3887 2074 3985 2140 τῆς

2404 2158 2683 2230 ἁμαρτίας
2730 2160 2800 2213 τὰ
2856 2161 3211 2232 ὀχυρώματα,
3270 2162 3339 2216 τὰ
3377 2162 3457 2230 δὲ,
3499 2163 3576 2226 ὡς
3638 2162 3847 2233 ὄμϐρος
3899 2162 3986 2214 ἐπ’

2403 2250 2680 2320 ἄγρωστιν
2739 2254 2948 2322 γίνεται
2988 2258 3056 2326 τῇ
3088 2254 3255 2325 ψυχῇ,
3313 2255 3408 2307 καὶ⁷
3459 2255 3591 2308 ὡσεὶ
3644 2257 3860 2323 νιφετὸς
3892 2256 3987 2309 ἐπὶ

2402 2342 2618 2412 χόρτον,
2644 2344 2737 2396 τὸν
2783 2348 2879 2416 τῆς
2910 2344 3166 2414 γνώσεως
3221 2343 3423 2414 στάχυν
3472 2345 3831 2416 ἐκτρέφοντα,
3891 2344 3985 2397 καὶ

2405 2433 2677 2505 πολύχουν
2707 2436 2900 2490 τοῦτον
2940 2441 3036 2491 καὶ
3069 2442 3423 2511 καρποφόρον
3450 2438 3841 2494 ἀποτελοῦντα.

2474 2519 2575 2576 οα’.
2609 2523 2685 2576 Οὐ
2722 2526 2831 2596 γὰρ
2854 2527 2906 2579 εί
2935 2544 2989 2579 τι
3015 2528 3271 2599 δάκρυον,
3316 2529 3477 2582 τοῦτο
3526 2530 3621 2581 καὶ
3666 2527 3987 2593 κατάνυξις,

2405 2608 2545 2663 ἀλλὰ
2572 2613 2709 2667 πολὺ
2752 2616 2814 2668 τὸ
2846 2617 3012 2679 μέσον
3046 2618 3300 2673 δακρύων
3357 2622 3451 2672 καὶ
3488 2618 3861 2683 κατανύξεως.
3914 2620 3987 2674 Τὸ

2406 2695 2504 2765 μὲν
2532 2694 2637 2764 γὰρ
2664 2697 2729 2748 ὲκ
2774 2698 3140 2767 μεταμελείας
3165 2699 3275 2751 τῶν
3316 2700 3557 2770 τρόπων,
3610 2703 3707 2755 καὶ
3759 2706 3984 2772 μνήμης

2401 2786 2512 2839 τῶν
2543 2786 2791 2839 παλαιῶν
2834 2789 2934 2858 τῆς
2970 2788 3148 2859 ψυχῆς
3189 2791 3612 2861 συμπτωμάτων
3660 2793 3983 2861 ἐπέρχεται.

2402 2878 2476 2940 ὼς
2503 2880 2611 2931 ἀπὸ
2636 2881 2808 2951 πυρὸς
2838 2883 2931 2933 καὶ
2959 2881 3175 2945 ζέοντος
3200 2882 3425 2947 ὓδατος,
3476 2884 3556 2946 εἰς
3592 2884 3865 2953 κάθαρσιν
3890 2886 3989 2955 τῆς

2400 2973 2629 3041 καρδίας
2647 2988 2663 3003 ο
2691 2974 2723 3042 ἡ
2750 2975 2827 3036 δὲ,
2855 2976 2920 3026 ὲκ
2948 2974 3100 3036 θείας
3128 2976 3324 3043 δρόσου
3354 2976 3563 3029 ἄνωθεν
3608 2977 3704 3029 τοῦ
3740 2978 3991 3047 πνεύμα-

2399 3078 2513 3125 τος,
2542 3065 2622 3125 είς
2652 3064 2998 3134 παρακλησιν
3021 3065 3115 3118 καὶ
3144 3066 3429 3136 ἀναψυχὴν
3475 3066 3693 3119 κάτεισι
3737 3067 3843 3135 τῆς
3888 3069 3991 3136 ψυ-

2342 3181 2386 3238 c
2405 3153 2528 3222 κῆς,
2560 3154 2687 3225 ἄρτι
2725 3157 2863 3226 πρὸς
2904 3156 3066 3226 βυθὸν
3088 3157 3587 3227 ταπεινοφροσύνης
3616 3158 3843 3228 θερμῶς
3871 3161 3989 3210 εἰσ-

2402 3245 2683 3315 ελθούσης,
2716 3247 2813 3301 καὶ
2845 3248 3227 3318 ἁπολαὸούσης
3261 3251 3361 3318 τῆς
3390 3248 3484 3301 τοῦ
3517 3250 3820 3316 ἀπροσίτου
3877 3268 3990 3317 φω-

2404 3336 2494 3400 τὸς
2528 3336 2784 3406 θεωρίας,
2811 3339 2905 3391 καὶ
2940 3340 3077 3408 πρὸς
3105 3340 3239 3392 Θεὸν
3267 3342 3408 3392 οὕτω
3439 3340 3651 3409 βοώσης
3681 3341 3993 3401 Δαϐιτικῶς

2406 3431 2466 3483 ὲν
2489 3431 2634 3499 χαρᾷ
2652 3446 2666 3460 ⁸
2708 3449 2726 3480 ι
2751 3430 3056 3500 Διήλθομεν
3082 3431 3172 3483 διὰ
3199 3432 3369 3500 πυρὸς
3402 3432 3497 3484 καὶ⁵
3521 3431 3732 3494 ὕδατος,
3750 3434 3847 3484 καὶ
3868 3430 3993 3501 ἐξὴ-

2404 3538 2575 3589 γαγες
2599 3522 2749 3591 ἡμᾶς
2776 3523 2857 3583 εἰς
2896 3522 3236 3591 ἀναψυχήν.»

2476 3610 2575 3680 οβ’.
2623 3612 2863 3682 ’Δκήκοα
2894 3612 3163 3679 λεγόντων
3204 3611 3279 3682 μὴ
3310 3612 3720 3665 δυνασθαίτινα
3767 3613 3849 3673 εἰς
3878 3612 3993 3674 ἕξιν

2407 3701 2582 3755 ἐλθεῖν
2634 3702 2858 3770 ἀρετῆς,
2900 3702 3032 3753 ἄνευ
3071 3702 3479 3769 ἀναχωρήσεως
3510 3700 3732 3767 μακρᾶς
3764 3702 3861 3750 καί
3896 3699 3993 3766 τῆς

2406 3797 2495 3855 εἰς
2513 3794 2749 3862 ἐρημίαν
2784 3798 2985 3863 φυγῆς,
3017 3793 3111 3846 καὶ
3136 3791 3465 3860 τεθαύμακα
3497 3790 3616 3852 πῶς
3666 3792 3729 3842 τὸ
3760 3791 3992 3856 ἁπεριὸ-

2406 3903 2591 3958 ριστον
2613 3885 2790 3950 ἔδοξεν
2812 3886 2995 3947 αὐτοῖς
3026 3885 3085 3935 ὲν
3114 3883 3268 3953 τόπῳ
3300 3884 3577 3951 περιορίζε
3591 3881 3734 3935 σθαι.
3784 3883 3849 3933 ΕΞ
3880 3883 3988 3948 γὰρ

2404 3977 2441 4043 ὴ
2469 3974 2585 4039 ἕξις
2613 3975 2710 4042 τῆς
2735 3975 2956 4044 ἀρετῆς,
3000 3975 3032 4041 ἡ
3064 3972 3509 4033 ἀποκατάστασίς
3538 3974 3654 4023 ἐστι
3680 3971 3791 4021 τῶν
3832 3970 3993 4021 δυνά-

2407 4082 2552 4136 μεων
2581 4067 2679 4134 τῆς
2713 4065 2892 4134 ψυχῆς
2918 4066 2997 4126 είς
3023 4065 3122 4133 τὴν
3151 4063 3391 4116 παλαιάν
3442 4063 3750 4127 εὐγένειαν,
3804 4061 3902 4111 καὶ
3955 4062 3989 4125 ἠ

2402 4159 2498 4210 ἐπὶ
2533 4157 2595 4210 τὸ
2628 4157 2757 4209 αὐτὸ
2798 4156 3013 4219 σύνοδος
3055 4155 3165 4208 τῶν
3203 4154 3440 4219 γενικῶν
3476 4151 3707 4221 ἀρετῶν,
3760 4153 3842 4213 εἰς
3895 4152 3994 4219 τὴν

2403 4251 2733 4320 κατὰφύσιν
2784 4251 3111 4321 ἐνέργειαν·
3154 4249 3327 4302 ταῦτα
3388 4248 3444 4300 δὲ
3491 4248 3589 4298 ούκ
3640 4245 3863 4309 ἔξωθεν,
3919 4245 3996 4304 ὡς

2402 4342 2727 4405 ἐπείσακτα,
2761 4343 2893 4411 ἡμῖν
2945 4341 3307 4409 ἐπιγίνονται,
3363 4338 3499 4390 em
3563 4336 3991 4405 συμπεφύκασιν

743 4453 906 4500 eum,
949 4440 1102 4504 juxta
1158 4441 1583 4491 intellectualem
1639 4441 1995 4509 divinumque
2046 4456 2266 4495 sensum
2294 4482 2309 4507 ,

2404 4438 2535 4505 ἡμῖν
2568 4439 2630 4488 ἐκ
2666 4436 3052 4504 δημιουργίας,
3084 4435 3226 4485 κατὰ
3268 4432 3418 4484 θείαν
3450 4432 3545 4483 καὶ
3574 4430 3770 4498 νοεραν
3802 4427 3997 4494 αἴσθη-

746 4527 837 4578 illa
874 4526 1254 4588 innaseuutur.
1284 4543 1379 4596 per
1399 4537 1591 4596 quzeet
1621 4543 1745 4584 cum
1781 4529 1981 4597 quibus
2013 4530 2311 4583 secundum

2405 4544 2510 4591 σιν,
2535 4528 2601 4579 δι’
2631 4522 2706 4580 ὧν
2752 4528 2846 4580 καὶ
2879 4526 2996 4595 μεθ’
3020 4520 3096 4578 ὧν
3123 4524 3263 4577 κατὰ
3285 4525 3449 4591 φύσιν
3482 4523 3821 4591 κινούμενοι,
3875 4524 3990 4574 εἱσ-

744 4628 996 4672 naturam
1045 4621 1212 4681 moti,
1266 4620 1578 4674 inducimur
1636 4620 1691 4674 in
1742 4634 1967 4689 regnum
2013 4621 2310 4685 caelorum;

2404 4617 2652 4687 αγόμεθα
2697 4620 2778 4679 είς
2831 4617 2929 4686 τὴν
2954 4616 3232 4685 βασιλείαν
3263 4614 3374 4666 τῶν
3427 4613 3694 4683 οὐρανῶν.
3739 4614 3773 4681 ἡ
3799 4612 3859 4664 δὲ
3899 4614 3983 4663 ὲν-

744 4724 852 4765 non
887 4721 1067 4763 autem
1102 4710 1245 4763 intra
1279 4726 1378 4767 nos
1407 4719 1492 4766 est
1520 4751 1534 4770 .
1572 4710 1725 4780 juxta
1766 4712 1981 4766 Domini
2017 4726 2206 4767 vocem
2248 4712 2315 4777 ⁸⁸,

2403 4710 2494 4773 τὸς
2524 4708 2682 4781 ήμῶν
2729 4709 2870 4771 ἐστι,
2913 4708 3055 4759 κατά
3083 4706 3183 4776 τὴν
3217 4709 3312 4758 τοῦ
3374 4704 3585 4774 Κυρίου
3645 4704 3859 4772 φωνὴν,
3888 4702 3994 4771 ἄρα

744 4815 807 4853 ac
840 4800 1068 4869 proinde
1088 4801 1418 4856 excellenter
1445 4802 1703 4867 solitudo,
1744 4803 1793 4856 in
1832 4818 1997 4872 quam
2042 4803 2316 4860 intramus

2405 4800 2662 4871 περιττὸν
2692 4800 2724 4869 ἡ
2750 4798 2981 4867 ἐρημία,
3017 4795 3422 4866 εἰσερχομένων
3467 4794 3625 4864 ἡμῶν
3659 4794 3739 4855 είς
3797 4793 3990 4861 αὐτὴν,

742 4900 797 4945 et
848 4906 880 4944 ο
926 4906 1033 4959 qua
1067 4892 1379 4962 egredimur
1431 4909 1527 4961 per
1587 4894 1964 4962 paenitentiam
1996 4902 2052 4947 et
2099 4909 2313 4949 omnem

2405 4898 2502 4948 καὶ
2527 4892 2733 4962 ταύτης
2761 4891 2954 4961 χωρὶς,
2985 4888 3076 4942 διὰ
3113 4888 3406 4956 μετανοίας
3445 4888 3542 4939 καὶ
3601 4886 3787 4955 πάσης
3824 4885 3993 4950 φυλα-

745 4972 1122 5037 mandatorum
1155 4984 1246 5037 Dei
1283 4984 1722 5053 adimpletiouem
1750 5025 1766 5049 ,
1821 5001 1945 5055 qua:
1987 4986 2205 5053 quidem
2264 4988 2318 5039 in

2406 4990 2511 5057 κῆς
2528 4988 2639 5041 τῶν
2663 4987 2756 5040 τοῦ
2788 4984 2926 5038 Θεοῦ
2952 4984 3204 5047 ἐντολῶν,
3260 4984 3384 5053 ἥτις
3437 4982 3532 5034 καὶ
3562 4982 3621 5033 ὲν
3649 4979 3816 5031 παντὶ
3848 4979 3995 5045 τόπῳ

744 5075 892 5129 omni
918 5077 1037 5128 loco
1066 5074 1459 5129 dominationis
1510 5076 1631 5144 ejus
1674 5077 1787 5130 fieri
1841 5086 2059 5146 petest,
2126 5085 2188 5131 ιιι
2245 5079 2321 5133 ait

2404 5081 2503 5148 τῆς
2526 5078 2844 5140 δεσποτείας
2870 5073 3060 5138 αὐτοῦ,
3096 5074 3239 5127 κατὰ
3263 5076 3356 5127 τὸν
3385 5075 3526 5126 θεῖον
3557 5070 3743 5136 Δασιδ,
3766 5070 3996 5122 δύναται

746 5166 905 5221 divus
938 5167 1108 5220 David
1162 5186 1176 5221 :
1230 5186 1249 5220 ι
1305 5167 1588 5223 Benedicit
1636 5170 1817 5223 anima
1881 5185 1997 5225 mea
2029 5171 2314 5225 Dominum

2408 5169 2676 5239 γίνεσθαιο
2708 5187 2725 5219 ι
2754 5167 2981 5235 Εὐλόγει
3013 5165 3143 5237 γὰρ,
3177 5166 3366 5232 φησὶν,
3389 5163 3584 5232 ήζψυχή
3619 5178 3746 5229 μου,
3769 5162 3863 5213 τὸν
3882 5161 3995 5213 Κύ-

746 5262 800 5315 in
836 5263 983 5315 omni
1018 5261 1141 5314 loco
1165 5261 1554 5315 dominationis
1588 5261 1708 5327 eius
1742 5262 1806 5315 ".
1839 5282 1856 5312 ι

2411 5281 2543 5335 ριον,
2576 5265 2635 5315 ὲν
2660 5260 2819 5314 παντὶ
2848 5261 2999 5329 τόπῳ
3028 5258 3129 5326 τῆς
3156 5258 3477 5316 δεσποτείας
3508 5253 3697 5306 αὑτοῦ.
3744 5271 3764 5303 ι

820 5353 908 5407 73.
939 5351 1043 5418 Qui
1071 5354 1126 5406 in
1158 5351 1331 5407 media
1363 5354 1529 5421 regali
1554 5353 1673 5406 acie
1697 5355 1797 5408 sub
1832 5354 2064 5407 ducibus
2096 5362 2153 5407 et
2182 5368 2315 5409 ren-

2476 5354 2573 5424 ογ’.
2619 5355 2679 5406 '0
2719 5355 2885 5424 μέσον
2909 5351 3195 5423 βασιλικῆς
3219 5346 3581 5418 παρατάξεως
3608 5346 3715 5397 ὑπὸ
3756 5361 3991 5414 στρατη-

749 5444 1059 5499 turionibus
1102 5444 1346 5499 militans
1387 5460 1449 5499 ac
1495 5461 1745 5514 pugnans
1774 5485 1789 5510 ,
1848 5460 1957 5500 non
2015 5447 2197 5515 potuit
2260 5449 2313 5501 in

749 5534 989 5588 hostium
1048 5549 1348 5604 congressu
1399 5536 1779 5591 fortitudinem
1831 5547 1887 5591 et
1938 5538 2313 5592 strenuitatem

749 5633 940 5680 contra
968 5625 1315 5683 adversarios
1341 5628 1632 5684 ostendere
1659 5668 1675 5690 .
1698 5643 1761 5684 ac
1794 5643 1861 5682 ne
1892 5645 2058 5683 unum
2094 5630 2313 5699 quidem

823 5809 865 5841 "
897 5805 1037 5863 Psal.
1077 5822 1199 5869 ων.
1228 5807 1313 5862 12.
1399 5807 1440 5839 ¹⁶
1467 5806 1599 5863 Luc.
1631 5822 1762 5872 xvn,
1795 5808 1881 5862 2|.

2408 5452 2525 5517 γοῖς
2545 5448 2641 5501 καὶ
2665 5448 2914 5516 λοχαγοῖς
2946 5441 3411 5512 συνασπιζόμενὸς
3440 5456 3500 5490 τε
3525 5437 3622 5489 καὶ
3654 5436 3999 5505 συγκροτού⁴

2415 5557 2595 5611 μενος,
2625 5539 2701 5609 μὴ
2736 5537 2987 5607 δυνηθεὶς
3018 5537 3078 5588 ὲν
3103 5538 3169 5605 τῇ
3208 5535 3359 5605 μάχῃ
3383 5531 3491 5584 τῶν
3534 5528 3819 5597 πολεμίων
3876 5544 3999 5577 νεα-

2411 5634 2562 5689 νικὸν
2592 5650 2651 5686 τε
2682 5631 2775 5686 καὶ
2804 5630 3054 5700 γενναῖον
3090 5630 3234 5684 κατὰ
3269 5626 3379 5681 τῶν
3407 5621 3725 5681 ἀντιπάλων
3758 5620 3997 5685 ἐνδείξα-

1963 5810 2004 5841 ¹⁷
2026 5805 2166 5863 Psal.
2200 5824 2290 5868 cu,
2322 5810 2411 5862 2'2.
