4202 6450
197 405 310 471 885

1087 401 1628 464 PRACTICORUM
1657 398 1996 459 CAi’i'l‘Uii
2037 398 2424 460 CEN'J‘UIUA
2468 400 2516 458 Ι.

3329 396 3436 458 888

205 533 358 587 σθαι.
385 531 418 600 ἢ
449 529 552 582 κᾶν
579 525 676 580 ἕνα
719 523 923 576 τούτων
955 515 1368 590 τροπῶσασθαι,
1396 514 1512 577 πῶς
1550 511 1850 582 μονομαοΑ

1780 511 1850 573 Ἀ
1875 514 2070 571 horum
2106 517 2416 582 devincere,
2450 513 2725 582 quomodo
2778 512 2927 566 solus
2973 507 3306 579 prxliabitur
3350 505 3439 560 in-

197 625 367 696 χήσει
400 623 496 676 καὶ
537 623 594 672 ἐν
650 619 802 688 μέσῳ
845 613 1057 668 πολλῶν
1109 609 1390 681 μυριάδων
1434 604 1664 696 ἐχθρῶν,
1695 601 1826 696 καί,

203 694 576 787 στρατηγικόν
635 728 689 763 τι
734 709 898 780 ἔργον
943 705 1265 771 ἐνδείξεται,
1319 703 1544 770 ἄπειρος
1589 695 1662 750 ῶν
1694 694 1788 748 τοῦ

201 807 452 874 πολέμου
476 821 489 868 ;
514 805 574 858 Εἰ
605 802 661 856 δὲ
687 800 848 854 τοῦτο
875 799 970 852 ἐπὶ
989 797 1097 851 τῶν
1125 793 1483 866 ἀνθρωπίνων
1509 789 1788 851 ἀδύνατον,

199 898 393 966 Δσιτολλῴ
430 896 630 968 μᾶλλον
660 897 750 946 ἐπὶ
783 892 892 946 τῶν
923 891 1108 944 θείων.
1139 888 1235 951 Τίς
1259 888 1368 956 γὰρ
1399 885 1534 952 πρὸς
1556 881 1792 953 ἐρημίαν

205 989 426 1060 φυγῶν,
462 987 560 1049 τὰς
584 987 690 1039 τῶν
718 983 992 1054 δαιμόνων
1017 979 1340 1050 ἐπιδρομὰς,
1397 977 1491 1030 καὶ
1537 973 1646 1027 τῶν
1685 988 1792 1026 πα-

206 1079 323 1133 θῶν
354 1081 451 1138 τὰς
485 1077 703 1145 ἐφόδους
735 1076 832 1136 τας
861 1074 1091 1142 ἀφανεῖς
1167 1071 1262 1124 καὶ
1313 1067 1613 1136 προδήλως
1651 1061 1790 1132 γνὼ-

209 1188 388 1234 σεται,
416 1169 449 1240 ἢ
473 1167 824 1238 καταδρομὴν
857 1169 1144 1235 ποιήσεται
1165 1160 1286 1215 κατ’
1321 1159 1524 1221 αὐτῶν,
1557 1156 1630 1227 μὴ
1660 1154 1794 1224 ττρὸ-

207 1279 271 1316 τε
282 1280 376 1332 ρον
404 1261 583 1323 καλῶς
608 1258 1013 1329 ὲγγυμνασθεὶς
1039 1257 1138 1325 τὴν
1161 1255 1402 1323 ἐκκοπὴν
1429 1250 1521 1303 τοῦ
1555 1249 1793 1317 θελήμα-

207 1371 325 1416 τος,
368 1351 531 1424 μέσον
579 1351 670 1404 ἐπὶ
713 1349 1039 1418 συναγωγῆς
1092 1345 1358 1414 ἀδελφῶν,
1399 1343 1504 1395 ὑπὸ
1549 1341 1796 1410 ἐμπείρῳ

207 1443 446 1515 ἀρχηγῴ
474 1443 566 1496 τοῦ
611 1443 854 1495 τοιούτου
904 1441 1167 1509 πολέμου,
1231 1436 1465 1506 ἀοράτου
1516 1434 1666 1495 ὄντος
1703 1433 1796 1485 καὶ

207 1535 410 1606 νοητοῦ
438 1551 454 1599 ;
481 1536 538 1587 Ei
561 1534 616 1586 δὲ
645 1535 806 1586 τοῦτο
829 1531 1113 1594 ἀδύνατον,
1143 1529 1251 1599 ἄρα
1283 1528 1459 1595 πάντη
1492 1525 1793 1593 ἀμήχανον,

208 1628 367 1690 ὅπως
424 1627 600 1682 ἄλλων
649 1628 678 1679 ὁ
715 1623 956 1686 τοιοῦτος
1005 1620 1398 1691 ὑπερμαχήσῃ,
1451 1617 1546 1670 καὶ
1604 1615 1795 1676 ἄλλους

207 1721 407 1792 διδάξῃ
437 1723 506 1772 τα
539 1720 682 1772 κατά
709 1718 820 1770 τῶν
859 1717 1108 1786 ἀοράτων
1140 1713 1353 1785 ἐχθρῶν
1380 1712 1637 1783 τρόπαια.

284 1817 382 1870 οδ’.
415 1813 636 1884 Περίελε
664 1811 773 1864 ἀπὸ
805 1809 898 1863 σοῦ
944 1808 1146 1870 ὄνειδος
1177 1805 1438 1877 ἀμελείας
1506 1804 1601 1855 καὶ
1644 1801 1794 1868 ἐξου-

208 1901 932 1973 δένωσινᾼκαταφρονήσεως
954 1898 1064 1951 τῶν
1098 1895 1329 1948 ὲντο).ῶν
1351 1892 1446 1946 τοῦ
1469 1891 1604 1945 Θεοῦ
1628 1907 1638 1918 ·
1665 1894 1797 1944 ἁπο-

209 1995 384 2052 δαλοῦ
407 1968 503 2065 τήν
529 1968 838 2062 φιλαυτίαν,
869 1989 964 2042 καὶ
1005 1986 1148 2041 κατὰ
1178 1986 1276 2055 τῆς
1322 1978 1526 2054 σαρκὸς
1559 1981 1798 2051 ἀφειδῶς

209 2091 460 2162 ὅρμησον
488 2101 502 2114 ·
547 2085 780 2156 ζήτησον
828 2081 896 2135 τὰ
934 2077 1283 2148 δικαιώματα
1335 2075 1541 2146 Κυρίου
1582 2074 1674 2128 καὶ
1729 2071 1800 2125 τὰ

215 2181 496 2255 μαρτύρια
523 2176 688 2231 αὐτοῦ
715 2191 728 2204 ·
767 2172 1184 2244 καταφρόνησον
1211 2170 1370 2239 δόξης
1406 2167 1501 2220 καὶ
1530 2165 1757 2255 ἀτιμίας
1779 2179 1795 2195 ο

217 2254 453 2342 μίσησον
482 2267 578 2331 τὰς
611 2264 892 2332 ὲνηδόνονς
938 2260 1149 2333 ὀρέξεις
1198 2258 1293 2311 τοῦ
1335 2256 1589 2327 σώματος
1617 2271 1630 2286 ο
1659 2254 1798 2323 φύγε

210 2361 310 2414 τὸν
341 2359 524 2428 κόρον,
547 2355 616 2409 δι’
636 2348 700 2408 οὗ
723 2353 792 2408 τὰ
812 2350 1160 2422 ὑπογάστρια
1186 2347 1555 2418 ὲκπυροῦνται
1579 2361 1594 2375 ο
1624 2345 1799 2400 ἄσπα-

212 2467 311 2504 σαι
335 2449 436 2519 τὴν
468 2447 684 2512 πενίαν,
714 2445 814 2514 τὴν
863 2439 1237 2494 κακοπάθειαν
1261 2453 1277 2469 ο
1320 2436 1476 2506 στῆθι
1516 2436 1658 2490 κατὰ
1694 2453 1798 2490 πα-

213 2541 327 2596 θῶν
351 2558 366 2572 ο
405 2540 634 2611 στρέψον
664 2553 756 2590 σου
790 2535 890 2598 τὰς
929 2532 1215 2602 αἰσθήσεις
1246 2531 1383 2600 πρὸς
1415 2529 1484 2582 τὰ
1511 2529 1664 2592 ἐντὸς
1697 2532 1796 2598 τῆς

212 2634 396 2707 ψυχῆς
419 2649 432 2664 ·
460 2633 650 2686 νεῦσον
679 2631 828 2684 ἔνδον
856 2628 992 2698 πρὸς
1017 2627 1115 2694 τὴν
1160 2623 1254 2678 τοῦ
1288 2624 1596 2692 κρείττονος
1628 2624 1797 2692 ἐργα-

217 2726 342 2782 σίαν
367 2743 384 2759 ο
415 2724 699 2793 κὼφευσον
724 2723 832 2776 ἀπὸ
874 2721 986 2773 τῶν
1019 2717 1379 2791 ἀνθρωπίνων
1412 2717 1756 2785 πραγμάτων
1783 2731 1797 2746 ο

217 2821 463 2874 κένωσον
499 2819 680 2872 πᾶσαν
720 2833 813 2870 σου
853 2815 954 2884 τὴν
997 2814 1148 2881 ἰσχὺν
1176 2813 1255 2873 εἰς
1285 2811 1382 2879 τὴν
1433 2810 1540 2862 τῶν
1569 2807 1799 2860 ἐντολῶν

219 2906 526 2976 ἐργασίανο
580 2904 874 2974 θρήνησον,
925 2901 1294 2972 χαμεύνησον,
1332 2898 1646 2966 νήστευσον,
1701 2911 1800 2946 κα-

218 2995 560 3066 κοπάθησον,
587 2995 884 3064 ήσύχασον,
936 2992 1130 3061 γνῶθι,
1166 2993 1228 3044 τὸ
1253 2989 1583 3050 τελευταῖον,
1618 2985 1693 3055 μὴ
1738 2983 1805 3038 τὰ

220 3088 354 3156 περὶ
389 3087 470 3151 σὲ,
503 3086 697 3139 σαυτὸν
723 3086 779 3140 δέ
803 3101 816 3117 °
850 3086 1107 3154 ὑπεράνω
1128 3084 1225 3152 τῆς
1250 3083 1359 3135 τῶν
1387 3081 1682 3153 ὁρωμένων
1707 3097 1806 3146 γε-

1823 1868 1862 1921 Β

1877 618 1960 664 ter
1991 610 2192 664 multas
2226 608 2570 661 inimicorum
2629 604 2896 672 myriades
2923 643 2938 667 ,
2966 601 3046 654 vel
3077 598 3292 668 aliquod
3339 596 3438 648 mi-

1878 701 2037 755 litare
2063 701 2266 756 factum
2295 698 2466 763 edet,
2505 714 2628 752 cum
2683 697 2754 751 sit
2797 695 2923 751 belli
2974 688 3334 761 inexpertus?
3381 686 3438 739 Si

1878 800 2059 848 autem
2091 794 2193 848 hoc
2221 804 2305 850 est
2331 790 2668 864 impossibile
2696 791 2749 844 in
2780 787 3032 842 humanis
3056 784 3242 848 rebus,
3271 779 3439 834 multo

1879 885 2051 954 magis
2084 887 2139 939 in
2170 885 2393 940 divinis.
2455 883 2590 950 Quis
2624 881 2790 942 enim,
2827 889 3110 950 postquam
3142 876 3196 928 in
3251 871 3445 927 solitu-

1880 976 2063 1030 dinem
2108 974 2346 1044 fugerit,
2386 973 2694 1028 dremonum
2746 971 3002 1022 incursus
3043 973 3442 1033 aggressusque

1881 1067 2242 1136 cupiditatum
2281 1066 2582 1118 invisibiles
2625 1074 2678 1116 et
2716 1062 2957 1116 visibiles
3003 1061 3332 1127 cognoscet,
3361 1050 3443 1103 vel

1882 1160 1934 1213 in
1965 1175 2024 1212 ea
2060 1159 2251 1222 irruet,
2287 1157 2331 1212 si
2365 1171 2471 1210 non
2500 1157 2649 1226 prius
2675 1171 2731 1210 se
2754 1152 3001 1209 exercuit
3043 1150 3096 1204 in
3149 1143 3445 1202 reseranda

1881 1250 2103 1322 propria
2145 1249 2463 1311 voluntate,
2511 1248 2563 1300 in
2615 1247 2790 1302 media
2845 1246 3074 1300 fratrum
3122 1251 3394 1311 synagoga
3430 1273 3445 1296 ο

1883 1342 1986 1397 sub
2017 1342 2155 1396 duce
2189 1341 2313 1396 talis
2345 1339 2469 1394 belli
2494 1338 2692 1408 perito,
2720 1344 2907 1407 utpote
2934 1331 3193 1390 invisibili
3229 1339 3282 1383 et
3330 1326 3443 1394 spi-

1883 1433 2108 1489 rituali?
2134 1431 2292 1498 Quod
2319 1434 2363 1489 si
2396 1434 2503 1488 hoc
2533 1429 2648 1485 fieri
2682 1431 2892 1498 nequit.
2927 1442 3035 1480 non
3069 1429 3249 1494 potest
3278 1421 3445 1475 etiam

1887 1526 2045 1581 istius
2105 1525 2320 1594 generis
2367 1525 2534 1579 homo
2582 1537 2680 1593 pro
2733 1521 2854 1576 aliis
2902 1531 3145 1588 pugnare
3210 1524 3265 1568 et
3314 1511 3451 1566 alios

1885 1619 2086 1674 docere
2125 1618 2345 1673 modum
2378 1615 2636 1672 vincendi
2677 1615 2864 1668 hostes
2907 1607 3232 1667 invisibiles.

1961 1799 2046 1854 74.
2079 1798 2223 1854 Cave
2253 1814 2321 1854 ne
2351 1798 2446 1853 tibi
2485 1798 2846 1867 exprobretur
2891 1791 3214 1864 negligentia
3247 1829 3262 1854 ,
3318 1800 3456 1842 neve

1891 1893 1962 1947 ob
2027 1893 2432 1962 despectienem
2485 1893 2863 1946 mandatorum
2942 1888 3033 1943 Dei
3105 1880 3452 1954 vitupercris.

1890 1984 2081 2053 Abjice
2115 1999 2360 2038 amorem
2401 1983 2680 2053 proprium
2708 2021 2722 2045 ,
2772 1984 2824 2036 in
2875 1995 3094 2034 carnem
3148 1971 3456 2044 impavidus

1895 2076 2078 2139 irrue;
2105 2093 2288 2147 quaere
2336 2076 2756 2145 iustiﬁcationes
2796 2071 3011 2126 Domini
3052 2077 3106 2125 et
3147 2064 3455 2123 testimonia

1889 2169 2046 2238 ejus;
2076 2185 2272 2238 sperne
2306 2170 2535 2239 gloriam
2586 2175 2641 2222 et
2688 2165 3040 2236 ignominiam
3075 2178 3092 2234 ;
3141 2159 3458 2216 abominare

1894 2261 2218 2316 libidinosas
2275 2260 2523 2330 corporis
2574 2259 2849 2326 impetus;
2927 2255 3051 2325 fuge
3105 2252 3456 2310 satietatem,

1891 2367 1998 2425 qua
2041 2351 2409 2408 inflammatur
2455 2350 2757 2414 abdomen;
2809 2348 3141 2418 amplectere
3169 2347 3460 2412 pauperta-

1893 2453 1998 2502 tem
2031 2453 2084 2501 et
2109 2445 2427 2509 cruciatus;
2469 2443 2624 2498 obsta
2670 2440 3102 2510 cupiditatilms;
3134 2441 3284 2491 verte
3337 2447 3462 2486 sen-

1893 2547 1987 2586 sus
2011 2541 2136 2587 tuos
2166 2530 2235 2586 ad
2273 2530 2588 2586 interiorem
2636 2529 2872 2584 animam
2902 2545 2916 2594 ;
2955 2527 3153 2584 inclina
3181 2539 3274 2579 cor
3306 2530 3459 2575 tuum

1894 2623 1958 2675 ad
1992 2623 2133 2678 bona
2161 2638 2366 2690 opera;
2412 2638 2477 2678 ne
2517 2631 2568 2677 te
2601 2622 2834 2676 misceas
2888 2619 3122 2690 negotiis
3167 2613 3460 2679 immanis;

1894 2717 2120 2771 exhauri
2171 2717 2313 2772 vires
2385 2717 2451 2770 ad
2536 2715 2915 2769 mandatorum
2992 2710 3459 2770 observationem;

1893 2823 2068 2877 geme,
2114 2808 2263 2862 humi
2293 2808 2451 2868 filia,
2483 2807 2691 2876 jejuna,
2725 2815 2777 2860 te
2802 2805 3010 2869 crucia,
3054 2803 3270 2871 quietus
3310 2807 3460 2863 esto;

1897 2914 2170 2968 cognosce
2201 2901 2440 2962 demum,
2510 2915 2614 2954 non
2641 2914 2761 2970 qua:
2802 2907 2929 2953 sunt
2963 2898 3106 2950 circa
3137 2905 3210 2959 te,
3245 2894 3337 2950 sed
3385 2899 3465 2947 te-

1899 2992 2213 3054 mrtipsum.
2250 2991 2606 3060 Superemine
2657 2993 2853 3044 vilitati
2913 2990 3252 3053 visibilium;
3304 2987 3466 3041 tende

1899 3083 2231 3151 spirituaicm
2274 3093 2424 3136 tuum
2457 3084 2675 3136 oculum
2704 3083 2767 3136 ad
2798 3081 3312 3150 contemplationem
3347 3078 3463 3143 Dei,

219 3177 318 3232 νοῦ
369 3177 794 3240 ταπεινώσεως·
851 3177 1091 3230 πέτασον
1145 3192 1242 3230 σου
1305 3177 1368 3228 τὸ
1408 3174 1592 3244 νοερὸν
1650 3173 1864 3257 ὄμμαε

1821 3199 1864 3257 c
1899 3183 1952 3231 et
1985 3175 2108 3229 vide
2152 3176 2492 3230 dulcedinem
2548 3176 2758 3229 Domini
2815 3175 2869 3228 in
2925 3182 3299 3227 creaturarum
3347 3171 3465 3240 pul-

227 3270 364 3340 πρὸς
405 3270 638 3340 θεωρίαν
660 3268 818 3331 Θεοῦ,
852 3271 945 3322 καὶ
982 3269 1057 3322 ἴδε
1089 3267 1188 3336 τὴν
1211 3270 1556 3343 τερπνρτητα
1598 3269 1806 3337 Κυρίου

222 3362 289 3413 ἐκ
314 3361 415 3428 τῆς
439 3361 701 3429 καλλονῆς
724 3359 835 3412 τῶν
866 3360 1184 3428 κτισμάτων
1210 3375 1224 3390 ο
1257 3349 1512 3412 κάκεῖθεν
1540 3359 1809 3422 καταόὰς,

221 3451 486 3521 διήγησαι
512 3454 622 3512 τοῖς
654 3451 903 3518 ἀδελφοῖς
931 3468 1024 3503 σου
1048 3452 1117 3503 τε
1151 3450 1247 3519 τῆς
1278 3448 1498 3502 αἰωνίου
1528 3449 1694 3519 ζωῆς,
1715 3451 1810 3500 καὶ

225 3541 298 3592 τὰ
337 3542 614 3608 μυστήρια
662 3541 762 3608 τῆς
822 3539 917 3592 τοῦ
970 3539 1106 3591 Θεοῦ
1158 3539 1452 3608 βασιλείας.
1495 3538 1606 3591 Καὶ
1655 3537 1812 3591 τοῦτὸ

225 3632 347 3682 ἐστι
395 3631 455 3681 τὸ
486 3630 647 3699 ἔργον
680 3630 777 3698 τῆς
821 3630 878 3695 ἐξ
923 3627 1228 3696 ἀνθρώπων
1283 3627 1483 3696 φυγῆς,
1528 3625 1596 3677 δι’
1636 3626 1814 3693 ἄκρας

228 3723 545 3788 ἀσκήσεως,
585 3713 680 3773 καὶ
707 3722 767 3773 τὸ
795 3722 966 3790 πέρας
998 3719 1096 3788 τῆς
1124 3722 1203 3782 εἰς
1239 3720 1477 3789 ἐρημίαν
1502 3718 1811 3788 διατριῦῆς.

301 3809 393 3863 σε’.
433 3811 495 3862 Εἰ
523 3811 697 3872 θέλεις
732 3810 859 3863 ίδείν
888 3809 956 3862 τὰ
992 3808 1195 3876 ἀγαθὰ,
1233 3808 1269 3862 ἃ
1294 3810 1593 3881 ήτοίμασεν
1621 3810 1648 3860 ὁ
1685 3807 1819 3870 Θεὸς

227 3905 345 3964 τοῖς
373 3901 665 3970 ἀγαπῶσιν
697 3901 882 3967 αὐτὸν,
915 3901 972 3952 ἐν
1007 3903 1072 3971 τῇ
1098 3901 1304 3970 ἐρημία
1335 3899 1493 3968 γενοῦ
1521 3901 1619 3968 τῆς
1645 3898 1816 3968 ἀρνή-

233 4010 376 4055 σεως
425 3992 517 4044 τοῦ
559 3993 692 4045 ἰδίου
731 3992 1057 4061 θελήματος,
1123 3992 1220 4045 καὶ
1255 3992 1415 4058 -φύγε
1466 3991 1558 4043 τὸν
1595 3989 1817 4058 κόσμον.

237 4085 398 4136 Ποῖον
429 4081 493 4152 δὴ
514 4081 702 4134 τοῦτον
729 4098 742 4146 ;
779 4083 890 4150 Τὴν
912 4081 1212 4149 ἐπιθυμίαν
1253 4082 1359 4132 τῶν
1402 4079 1698 4150 ὀφθαλμῶν
1719 4082 1818 4150 τῆς

242 4175 443 4245 σαρκός
463 4189 477 4204 ·
507 4173 604 4243 τὴν
626 4172 945 4236 ἀλαζονείαν
973 4175 1080 4225 τῶν
1103 4173 1377 4243 λογισμῶν
1393 4215 1407 4239 ,
1429 4174 1524 4226 καὶ
1547 4171 1645 4243 τὴν
1675 4172 1819 4224 ἀπά-

240 4285 339 4336 την
375 4267 485 4320 τῶν
516 4267 833 4338 ὁρωμένων.
869 4265 1070 4319 Τοῦτον
1110 4267 1217 4337 γὰρ
1265 4268 1361 4319 ἐὰν
1404 4266 1580 4337 φύγῃς
1613 4266 1704 4317 τὴν
1734 4264 1824 4317 κό-

239 4372 404 4425 σμον,
434 4354 686 4425 πρὼῖμον
719 4356 1048 4408 ἐπανατελεί
1081 4371 1162 4407 σοι
1190 4355 1251 4407 τὸ
1279 4356 1413 4423 φῶς,
1450 4355 1570 4424 ὄψει
1601 4357 1698 4425 τῆς
1733 4357 1823 4407 ὲν-

237 4448 363 4498 θὲου
394 4447 560 4516 ζωῆς,
591 4447 685 4499 καὶ
732 4447 800 4498 τὰ
830 4446 1034 4515 ἰάματα
1062 4449 1162 4517 τῆς
1202 4446 1378 4517 ψυχῆς
1409 4464 1502 4499 σου
1526 4487 1540 4512 ,
1590 4449 1734 4516 φημὶ
1762 4445 1823 4499 6r

1904 3268 2253 3330 cittitudiue;
2287 3267 2518 3335 indeque
2563 3266 2902 3320 descendens
2928 3305 2942 3327 ,
2989 3279 3151 3319 narra
3207 3262 3468 3316 fratribus

1906 3362 2015 3415 tuis
2048 3359 2316 3429 magnaliu
2356 3360 2482 3414 vita:
2515 3367 2734 3413 aeterna:
2762 3365 2816 3412 et
2845 3360 3100 3430 mysteria
3147 3357 3298 3425 regni
3350 3371 3468 3409 cte-

1904 3454 2103 3508 lorum.
2135 3454 2250 3506 iioc
2284 3460 2365 3507 est
2392 3467 2529 3522 opus
2558 3451 2707 3507 illius
2737 3451 2828 3516 qui
2871 3467 2934 3506 ex
2987 3451 3301 3505 hominibus
3335 3447 3470 3518 fugit

1905 3559 2000 3613 per
2025 3543 2312 3596 Sublimem
2340 3544 2595 3608 asccsim,
2631 3541 2720 3597 hic
2749 3541 2871 3598 (illis
2897 3541 3022 3596 vita:
3050 3540 3189 3595 intra
3221 3537 3474 3596 solitudi—

1907 3648 2030 3690 nem
2063 3631 2346 3704 degendae.

1982 3813 2073 3868 75.
2113 3812 2168 3868 Si
2203 3812 2337 3867 velis
2367 3812 2551 3867 videre
2587 3812 2729 3867 bona
2778 3828 2900 3882 quae
2949 3813 3089 3870 Deus
3150 3813 3474 3882 praeparavit

1907 3903 2259 3973 diligentibus
2291 3917 2384 3964 se,
2423 3904 2510 3958 abi
2556 3903 2608 3958 in
2651 3905 3004 3959 solitudinem
3049 3904 3475 3959 renuntiationis

1908 3995 2142 4066 propriae
2169 3994 2487 4058 voluntatis,
2515 4002 2568 4050 et
2611 3996 2734 4062 fuge
2765 3996 3051 4051 mundum.
3096 3997 3268 4061 Quem
3313 4010 3475 4051 mun-

1907 4085 2036 4140 dum
2061 4086 2083 4138 ?
2113 4085 2625 4154 Concupisceutiam
2669 4088 2955 4142 oculorum
3010 4090 3193 4144 carnis
3221 4129 3235 4154 ,
3271 4091 3475 4158 cogita—

1907 4177 2117 4230 tionum
2149 4176 2485 4246 superbiam,
2531 4189 2583 4232 ct
2635 4177 2902 4232 fallaciam
2945 4181 3266 4236 visibilium.
3321 4179 3476 4235 "unc

1907 4272 2052 4324 enim
2076 4271 2120 4323 si
2152 4271 2354 4340 fugeris
2385 4270 2674 4335 mundum,
2709 4275 2974 4326 matutina
3003 4275 3096 4327 tibi
3124 4276 3331 4329 orietur
3358 4277 3473 4335 lux,

1909 4363 2108 4417 intuitu
2135 4363 2260 4415 vita:
2287 4360 2504 4424 divinae,
2543 4362 2778 4414 remedia
2802 4363 2998 4415 animm
3051 4372 3156 4417 tute
3184 4404 3198 4428 ,
3247 4364 3297 4418 id
3355 4373 3432 4417 est
3458 4405 3472 4424 ,

1910 4454 2191 4525 lacrymte,
2222 4468 2346 4506 mox
2383 4453 2650 4516 orientur,
2687 4454 2984 4509 nudaberis
3017 4457 3318 4509 mutatione
3349 4455 3476 4509 dux-

235 4537 304 4590 τὰ
321 4538 556 4607 δάκρυα,
587 4537 724 4606 ταχὺ
767 4538 1036 4603 ἀνατελεῖ,
1069 4540 1162 4591 καὶ
1184 4537 1284 4609 τὴν
1301 4538 1585 4591 ἀλλοίωσιν
1602 4538 1883 4608 ἀλλοιω-ι)

1814 4547 1883 4608 -D
1915 4554 2043 4598 tera:
2077 4542 2326 4608 Exceisi;
2365 4543 2633 4614 ﬂagellum
2672 4543 3030 4612 cupiditatum
3061 4544 3172 4613 jam
3230 4560 3336 4598 non
3379 4561 3473 4614 ap-

238 4632 383 4702 θήσῃ
409 4633 508 4700 τῆς
524 4629 703 4694 δεξιᾶς
729 4631 821 4683 τοῦ
853 4631 1131 4700 Ὑψίστου,
1152 4633 1246 4684 καὶ
1270 4631 1475 4701 μάστιξ
1497 4631 1684 4685 ἔκτοτε
1723 4648 1825 4684 πα-

239 4723 349 4775 θῶν
384 4725 487 4775 οὒκ
515 4726 691 4792 ὲγγιεῖ
716 4723 793 4794 τῷ
826 4723 1149 4794 σκηνώματί
1185 4742 1302 4791 σου,
1337 4730 1431 4777 καὶ
1462 4724 1614 4779 οὓτω
1665 4725 1829 4796 μέσον

239 4815 450 4884 κέσμου
483 4816 578 4868 καὶ
613 4814 742 4868 λαοῦ
779 4815 1098 4886 διατρίϐων,
1143 4816 1244 4887 ἔσῃ
1274 4817 1348 4880 ὼς
1380 4819 1438 4870 ὲν
1469 4817 1675 4889 ἐρημία
1709 4816 1829 4872 διά-

239 4923 353 4972 γων
386 4907 483 4961 καὶ
508 4906 795 4978 ἄνθρωπον
826 4908 902 4978 μὴ
926 4907 1089 4980 ὁρῶν.
1127 4909 1189 4961 Ei
1241 4909 1299 4961 δὲ
1346 4908 1421 4980 μὴ
1463 4909 1654 4962 τοῦτον
1687 4907 1832 4962 οὕτω

240 5000 423 5067 φᾶγῃς
452 5000 545 5050 τον
576 4999 803 5069 κόσμον,
837 5000 995 5052 οὐδέν
1048 5017 1132 5052 σοι
1164 5001 1273 5054 ἀπὸ
1307 5005 1406 5072 τῆς
1442 5003 1622 5070 φυγῆς
1656 5003 1828 5074 μόνης

241 5089 336 5142 τοῦ
373 5089 654 5159 ὁρωμένου
713 5089 922 5160 κόσμου
979 5090 1118 5160 πρὸς
1155 5091 1435 5146 τελείωσιν
1478 5093 1585 5146 τῶν
1622 5093 1834 5162 ἀρετῶν

241 5178 337 5230 καὶ
362 5178 659 5245 συνάφειαν
689 5177 822 5231 Θεοῦ
853 5182 1315 5251 προσγενήσεται.

314 5265 422 5332 σις’.
450 5268 494 5318 Τ
496 5269 523 5319 ὸ
545 5268 798 5335 γενέσθαι
824 5273 1058 5338 μοναχὸν
1120 5271 1181 5323 οὐ
1214 5271 1274 5324 τὸ
1325 5271 1430 5338 ἔξω
1461 5273 1571 5324 τῶν
1622 5271 1838 5344 ἀνθρώ-

245 5378 368 5411 ττων
403 5360 616 5412 καὶτοῦ
651 5362 855 5430 κίσμου
886 5362 1142 5430 γενέσθαι
1165 5365 1333 5429 ἐστὶν,
1363 5364 1497 5418 ἀλλὰ
1526 5366 1584 5418 τὸ
1619 5365 1838 5422 καταλι-

247 5453 372 5502 πεῖν
396 5451 590 5503 ὲαυτον
639 5451 744 5516 ἔξω
773 5453 881 5505 τῶν
914 5457 1015 5525 τῆς
1046 5456 1257 5527 σαρκὸς
1306 5454 1630 5528 θελημὰτων
1679 5459 1836 5528 γενέ-

244 5543 398 5604 σθαι,
437 5542 531 5594 καὶ
562 5543 823 5596 ἀπελθεῖν
852 5546 930 5608 εἰς
965 5548 1207 5618 ἐρημίαν
1245 5547 1458 5604 παθῶν.
1497 5550 1559 5602 Εἰ
1596 5550 1705 5619 γὰρ
1743 5549 1840 5604 καὶ

251 5633 388 5702 πρὸς
425 5633 524 5686 τὸν
559 5633 730 5704 μέγαν
757 5637 966 5689 ἐκεῖνον
991 5639 1217 5710 ὲρρἑη,
1245 5641 1423 5708 Φεῦγε
1453 5643 1581 5704 τοῦς
1625 5641 1838 5712 ἀνθρώ-

251 5743 388 5789 πους
447 5729 543 5779 καὶ
579 5729 749 5800 σώζῃ,
800 5730 938 5782 ἀλλὰ
999 5730 1175 5798 τούτῳ
1227 5731 1306 5803 τῷ
1366 5735 1554 5806 τρόπῳ
1593 5735 1836 5806 ἐρρέθη·

253 5820 375 5871 ἐπεὶ
420 5819 513 5872 καὶ
556 5822 693 5887 μετᾶ
726 5821 784 5873 τὸ
823 5825 1018 5889 φυγεῖν
1056 5825 1285 5891 ἐκεῖνον,
1323 5828 1486 5896 μέσον
1537 5829 1840 5900 ἀνθρώπων

1919 4633 2305 4706 propinquabit
2343 4632 2698 4686 tabernaculo
2727 4642 2840 4694 tuo,
2877 4633 3066 4701 sicque
3094 4632 3146 4685 itt
3183 4632 3362 4686 medio
3398 4635 3477 4684 vi-

1915 4741 2048 4780 vens
2075 4723 2275 4778 mundo
2304 4733 2356 4777 et
2381 4723 2582 4778 szeculo
2606 4763 2619 4786 ,
2645 4724 2752 4777 cris
2787 4733 3042 4793 tanquam
3076 4724 3128 4777 in
3185 4725 3478 4780 solitudine

1916 4817 2120 4885 degens
2157 4815 2538 4883 hominen-que
2569 4830 2676 4867 non
2712 4814 2916 4868 videns.
2970 4815 3026 4867 Si
3077 4824 3258 4868 autem
3316 4817 3472 4869 istum

1919 4925 2027 4965 non
2062 4909 2136 4962 ita
2170 4906 2372 4976 fugeris
2405 4905 2692 4967 mundum,
2727 4905 2838 4958 sola
2871 4905 3101 4959 visibilis
3133 4907 3317 4960 mundi
3352 4906 3473 4976 fuga

1917 4999 2051 5054 nihil
2111 4999 2209 5052 tibi
2246 4997 2487 5067 proderit
2545 4997 2612 5050 ad
2669 4997 2935 5051 virtutum
2986 4996 3373 5067 perfectionem
3427 5009 3480 5052 et

1913 5106 2037 5147 cum
2070 5090 2177 5145 Deo
2203 5088 2676 5160 coniunctionem.

1987 5273 2076 5327 76.
2105 5270 2430 5326 Monachum
2474 5270 2610 5334 fieri,
2648 5285 2753 5323 non
2784 5278 2868 5326 est
2922 5286 2987 5326 ex
3058 5273 3374 5328 hominibus
3430 5285 3483 5328 et

1920 5365 2126 5421 mundo
2147 5363 2322 5427 exire,
2357 5363 2450 5418 sed
2477 5377 2701 5417 manere
2751 5363 2985 5419 alienum
3019 5380 3047 5419 a
3075 5367 3257 5423 carnis
3288 5367 3485 5421 Volun-

1918 5459 2144 5523 tatibus,
2169 5466 2224 5512 et
2251 5457 2401 5512 abire
2459 5456 2512 5509 in
2561 5457 2841 5512 desertum
2903 5459 3285 5527 cupiditatum.
3329 5459 3488 5526 Quod

1919 5551 2066 5606 enim
2104 5549 2311 5606 dictum
2348 5561 2549 5618 magno
2583 5549 2663 5603 illi
2697 5549 2827 5606 Viro
2857 5567 2869 5603 :
2909 5569 2927 5603 ι
2963 5549 3111 5622 Fuge
3136 5550 3406 5618 homines,
3437 5564 3491 5608 ct

1922 5642 2109 5698 salvus
2137 5641 2245 5697 eris
2277 5659 2322 5705 ι,
2360 5640 2463 5695 hoc
2521 5642 2574 5694 in
2612 5649 2805 5696 nostro
2863 5656 3026 5696 sensu
3089 5640 3294 5696 dictum
3352 5652 3436 5695 est
3473 5659 3486 5694 :

1926 5735 2194 5803 siquidem
2229 5740 2516 5802 postquam
2569 5733 2659 5788 ille
2707 5731 2885 5804 fugit,
2941 5732 3301 5789 nihilominus
3351 5735 3493 5788 inter

1932 5825 2183 5883 homines
2217 5824 2558 5892 versabatur,
2589 5825 2641 5880 in
2674 5832 2929 5894 terraque
2967 5823 3196 5896 degebat
3229 5825 3496 5888 habitata,
