4202 6450
773 367 872 434 891

2019 382 2322 447 ΝΙΟΕΤΑΞ
2362 383 2790 451 PECTORATI

3903 412 4009 474 892

767 480 1095 537 obtenebrat
1122 483 1505 556 cupiditatum,
1538 488 1591 543 in
1619 506 1724 562 qua
1752 507 1951 552 omnes
1970 495 2097 554 fera
2125 499 2318 569 quibus

2421 506 2556 562 ἀλλά
2600 508 2696 573 νὺξ
2747 508 2909 563 αὐτὸν
2969 511 3202 581 καλύψει
3256 510 3467 581 παθῶν,
3495 514 3556 570 ἐν
3698 518 3879 573 πάντα
3931 524 4003 574 τὰ

766 573 996 639 pullulat
1013 573 1164 644 sylva
1187 576 1438 633 humana
1462 590 1691 647 natura,
1711 591 2022 651 transeunt,
2043 598 2099 644 et
2118 595 2328 663 scymni

763 666 1234 736 prasumptionis,
1267 670 1320 723 id
1358 682 1466 735 est,
1494 673 1677 730 inanis
1707 677 1897 746 gloria
1919 678 2332 740 fornicationis-

761 766 869 821 συθ
899 754 1251 821 daemonium,
1290 760 1571 828 rugientes
1601 773 1853 833 quarunt
1873 782 2034 838 quem
2067 770 2331 829 devorent

759 852 813 898 et
839 844 894 900 in
927 856 1172 901 ventrem
1206 850 1611 921 desperationis
1643 855 1971 928 deglutiant.

830 1018 918 1074 85.
978 1020 1076 1075 lllo
1122 1025 1215 1092 qui
1274 1027 1404 1083 vivit
1457 1030 1738 1093 hominum
1796 1056 1969 1110 more,
2029 1053 2085 1101 et
2131 1048 2326 1118 spiritu

759 1114 1200 1179 praesumptionis
1260 1133 1548 1190 movetur,
1598 1129 1709 1184 vita
1777 1147 2020 1201 prasens
2096 1114 2331 1197 ellicitur

762 1213 912 1253 mare
940 1206 1228 1271 malorum,
1258 1209 1536 1272 inundans
1576 1221 1820 1275 animum
1858 1226 1977 1295 ejus
2010 1230 2127 1285 salo
2172 1234 2327 1288 volu-

759 1300 965 1357 ptatum
1003 1304 1056 1349 et
1099 1298 1349 1358 violentis
1380 1310 1736 1376 cupiditatum
1777 1315 2052 1386 ﬂuctibus,
2118 1322 2171 1377 id
2222 1335 2327 1394 est,

759 1381 1027 1449 triplicem
1072 1389 1192 1457 ejus
1238 1403 1444 1462 partem
1505 1402 1790 1471 spiritibus
1838 1381 2092 1482 malignis
2122 1381 2329 1474 furiose

762 1476 1093 1537 percutiens.
1153 1479 1236 1537 Illi
1314 1488 1558 1547 terribile
1625 1511 1851 1554 summa
1925 1476 2327 1575 desperationis

757 1562 1059 1628 periculum
1120 1570 1387 1643 imminet,
1448 1595 1574 1636 cum
1628 1589 1783 1644 navis
1838 1591 1961 1658 ejus
2024 1562 2079 1651 et
2131 1600 2328 1656 anima

755 1654 1182 1721 gubernaculum
1237 1670 1607 1739 voluptatibus
1665 1654 2210 1761 carnis’l'rangitnr,

752 1751 1029 1850 itavarcba
1078 1768 1232 1811 mens
1277 1774 1444 1831 prope
1494 1766 1751 1837 abyssum
1799 1751 2328 1850 peccati'spiri'tua-

753 1834 967 1904 lemque
1025 1854 1251 1900 mortem
1289 1856 1475 1917 venit;

752 1924 1086 2017 profundum
1150 1935 1475 1998 humilitatis
1517 1953 1571 1999 et
1619 1963 1876 2007 serenum
1908 1970 2039 2011 suos
2073 1963 2324 2017 straverit

811 2394 902 2453 86.
936 2396 1040 2463 Qui
1088 2398 1154 2454 ad
1204 2402 1507 2459 satietatem
1552 2408 1922 2478 voluptatibus
1946 2413 2312 2485 operibusque

738 2489 926 2544 carnis
978 2490 1226 2559 indulsit,
1289 2495 1356 2549 ad
1411 2499 1717 2553 satietatem
1758 2517 1979 2573 quoque
2032 2506 2313 2560 incumbat

739 2581 949 2634 ascesis
978 2581 1258 2640 laboribus
1283 2593 1338 2640 et
1362 2589 1658 2644 sudoribus
1686 2607 1977 2660 arumna,
2006 2605 2064 2648 ut
2089 2598 2312 2653 satietas

742 2672 1017 2736 satietate,
1049 2674 1240 2732 dolore
1269 2679 1544 2748 voluptas,
1598 2682 1816 2752 pigritia
1867 2685 2148 2741 laboribus
2183 2703 2311 2742 cor-

740 2762 891 2830 poris
917 2766 1299 2833 repellatur,et
1324 2772 1628 2825 satietatem
1645 2776 1825 2842 gaudii
1848 2785 1900 2831 et
1920 2779 2310 2834 exsultationis

742 2852 798 2906 in
834 2858 1072 2922 requiem
1137 2859 1403 2916 invenias.
1475 2862 1565 2918 Sic
1624 2865 1771 2919 enim
1823 2871 2093 2925 castitatis
2154 2873 2310 2929 suavi

744 2942 1103 3002 deleCIaberis
1137 2950 1433 3020 fragrantia
1479 2963 1536 3009 et
1580 2959 1847 3025 puritate,
1885 2968 1937 3015 et
1973 2962 2308 3030 voluptatem

741 3035 989 3101 gustabis
1020 3037 1374 3105 ineffabilem,
1427 3042 1870 3119 immortalesque
1916 3053 2142 3120 spiritus
2197 3054 2309 3107 fru-

742 3132 898 3191 ctus;
950 3129 1217 3196 siquidem
1257 3133 1462 3201 pariter
1492 3138 1731 3194 solemus
1768 3141 2061 3209 phartnaca
2122 3146 2311 3201 sordes

740 3221 1073 3285 extergentia
1109 3223 1351 3280 vestibus
1399 3226 1625 3297 injicere
1664 3231 1732 3285 ad
1759 3248 1946 3288 earum
1982 3237 2308 3291 mnndatio-

742 3321 892 3372 nem,
920 3324 1044 3365 cum
1088 3324 1313 3386 pr0pter
1349 3321 1593 3377 maculas
1627 3325 1848 3393 penitus
1892 3328 2114 3382 inutiles
2160 3329 2316 3385 facta

742 3407 892 3453 sunt.

814 3486 906 3542 87.
930 3487 1106 3548 Utiles
1129 3508 1257 3551 sunt
1277 3500 1451 3556 morbi
1482 3503 1869 3563 inchoantibus
1885 3511 2108 3567 virtutis
2126 3512 2315 3579 vitam,

743 3578 946 3651 quippe
992 3598 1134 3650 quos
1188 3588 1449 3659 adjuvant
1504 3595 1571 3648 ad
1603 3599 1986 3655 macerandam
2024 3578 2319 3657 humilian-

744 3670 979 3727 danmue
1008 3673 1360 3735 fervidiorem
1386 3697 1628 3741 carnem.
1659 3686 1739 3743 Illi
1779 3690 1923 3745 enim
1955 3692 2098 3749 vires
2132 3696 2318 3751 carnis

742 3758 1053 3830 debilitant,
1117 3776 1173 3823 et
1240 3775 1446 3827 luteum
1515 3779 1712 3833 anima
1748 3796 1972 3835 sensum
2039 3786 2315 3855 minuunt,

743 3851 919 3920 ipsius
953 3866 1136 3912 autem
1171 3862 1365 3918 anima
1402 3866 1569 3922 robur
1625 3870 1899 3939 vigentius
1942 3888 2006 3929 ac
2040 3879 2316 3945 potentius

744 3946 1001 4012 reddunt,
1072 3950 1226 4019 juxta
1296 3954 1480 4011 divum
1558 3960 1878 4029 Apostolum
1958 3966 2227 4023 dicentem
2294 3989 2309 4025 :

751 4036 935 4092 «Cum
985 4042 1131 4095 enim
1186 4044 1454 4114 iniit-mor,
1516 4058 1649 4106 tunc
1700 4064 1892 4123 potens
1948 4060 2143 4116 sunt".
2174 4079 2194 4112 ι
2244 4063 2315 4115 At

745 4137 1010 4195 quantum
1057 4132 1167 4189 illis
1215 4147 1445 4205 prosunt
1499 4142 1696 4204 morbi,
1737 4151 1946 4198 tantum
2005 4156 2206 4201 nocent
2245 4148 2314 4204 iis

745 4224 835 4291 qui
866 4224 980 4294 jam
1029 4228 1378 4298 proiecerunt
1419 4235 1474 4289 in
1520 4235 1802 4294 laboribus
1830 4239 2068 4307 virtutis,
2112 4244 2315 4313 quique

739 4316 854 4385 jam
896 4322 1147 4378 sensibus
1180 4327 1493 4395 superiores
1530 4329 1585 4382 in
1631 4344 1812 4383 rerum
1847 4334 2152 4389 calestium
2179 4350 2314 4390 con-

747 4412 1153 4480 templationem
1228 4429 1608 4475 surrexerunt.
1663 4422 1898 4479 Obstant
1960 4427 2107 4480 enim
2178 4430 2311 4498 quin

746 4498 911 4555 rebus
982 4512 1177 4557 vacent
1247 4506 1485 4576 divinis,
1562 4510 1734 4565 aciem
1800 4513 1969 4569 animi
2029 4516 2314 4572 doloribus

2420 598 2583 667 θηρία
2612 598 2707 652 τοῦ
2750 600 2958 674 δρυμοῦ
2992 604 3089 674 τῆς
3131 604 3483 678 ἀνθρωπίνης
3508 609 3724 676 φύσεως
3759 611 4002 682 διέρχονο

2417 706 2505 743 ται
2540 705 2556 721 ·
2587 694 2679 745 καὶ
2715 694 2765 745 oi
2802 694 3030 763 σκύμνοι
3078 699 3189 760 τοίς
3214 700 3463 769 οἰήσεως,
3488 702 3516 754 ὁ
3549 701 3648 772 τῆς
3692 704 4004 768 κενοδοξίας

2421 782 2563 850 λέγω
2600 785 2698 839 καὶ.
2732 787 2834 855 τῆς
2876 788 3133 859 πορνείας
3165 791 3399 861 δαίμων,
3429 792 3734 864 ὠρυόμενοι
3776 796 4003 865 ζητοῦσι

2416 875 2541 927 τίνα
2572 878 2888 933 καταπίωσι
2911 919 2928 945 ,
2965 883 3057 933 καὶ
3089 883 3168 944 είς
3196 886 3472 955 γαστέρας
3497 888 3868 955 ἀπογνώσεως
3903 907 4003 944 πι-

2419 968 2557 1039 ραπέ
2568 970 2769 1039 μψωσι.

2486 1059 2590 1115 πε’.
2619 1062 2708 1132 Τῷ
2736 1062 2897 1127 ζῶντι
2920 1070 3060 1119 κατὰ
3096 1066 3441 1138 ἀνθρώπους,
3463 1072 3555 1123 καὶ
3584 1075 3894 1144 κινουμένῳ
3925 1076 4005 1147 τῷ

2413 1152 2513 1222 τῆς
2550 1156 2777 1224 οἰήσεως
2798 1157 3093 1227 πνεύματι,
3134 1160 3382 1215 θάλασσα
3415 1165 3603 1218 κακῶν
3634 1169 3663 1217 ὀ
3694 1167 3810 1236 βίος
3841 1173 3942 1220 καὶ
3971 1170 4002 1237 ἠ

2414 1242 2665 1314 παροῦσα
2690 1243 2802 1316 ζωὴ
2830 1248 3060 1314 γίνεται.
3116 1251 3504 1306 Καταντλοῦσα
3526 1255 3588 1307 τὸ
3611 1256 3798 1326 vospdv
3832 1257 4003 1310 αὑτοῦ

2412 1333 2510 1402 τῆς
2539 1332 2720 1404 ψυχῆς
2747 1338 2814 1406 τῇ
2866 1337 3017 1409 ἅλμῃ
3064 1340 3174 1394 τῶν
3222 1340 3448 1412 ἡδονῶν,
3481 1345 3577 1398 καὶ
3623 1349 3737 1409 τοῖς
3783 1348 4003 1418 ἀγρίοις

2412 1424 2619 1494 κύμασι
2649 1425 2759 1479 τῶν
2790 1428 3002 1494 παθῶν,
3028 1432 3088 1483 τὸ
3107 1436 3369 1504 τριμερὲς
3387 1435 3551 1488 αὑτοῦ
3574 1438 4001 1493 κατατύπτουσα

2414 1515 2520 1570 ὑπὸ
2553 1518 2663 1575 τῶν
2696 1526 3027 1591 πνευμάτων
3063 1525 3311 1591 δηλονότι
3341 1528 3440 1596 τῆς
3475 1530 3743 1598 πονηρίας
3798 1532 3999 1599 ὲκμαι-

2410 1609 2611 1678 νομὲνη
2646 1627 2659 1641 ·
2686 1604 2731 1678 ᾧ
2772 1611 2919 1680 δεινὴ
2952 1612 3155 1683 ἀπορία
3196 1616 3460 1685 μεγίστης
3505 1618 3749 1688 ἀθυμίας
3786 1623 3998 1674 ἐπανα-

2410 1700 2669 1767 τείνεται,
2708 1702 2944 1771 ὁπηνίκα
2974 1703 3035 1755 τὸ
3080 1704 3289 1772 σκάφος
3319 1706 3483 1760 αὐτοῦ
3517 1710 3611 1761 καὶ
3641 1710 3702 1762 τὸ
3725 1711 3998 1779 πηδάλιον

2410 1792 2507 1861 τῆς
2534 1792 2709 1864 ψυχῆς
2730 1794 2835 1846 ὑπὸ
2854 1794 2961 1847 τῶν
2996 1797 3201 1861 ἡδονῶν
3230 1798 3572 1871 συντρίϐεται
3607 1801 3708 1866 τῆς
3742 1805 3955 1873 σαρκός
3980 1821 3993 1835 ο

1538 1861 1710 1914 donec
1748 1877 1898 1920 mare
1945 1870 2212 1926 malorum
2270 1874 2318 1928 in

2522 1854 2559 1934 ὁ·
2580 1854 2919 1953 κυϐερνήτης
2953 1854 3073 1947 voti;
3108 1887 3212 1939 ὑπὸ
3240 1888 3330 1940 τὸν
3362 1854 3524 1957 ὲυθὸν
3552 1854 3999 1960 τῆςηάμάρτνίας

2410 1973 2503 2026 καὶ
2527 1974 2618 2028 τὸν
2649 1976 2839 2045 νοητὸν
2867 1976 3099 2031 θάνατον
3128 1978 3340 2047 γίνεται
3364 1996 3380 2013 ·
3422 1981 3527 2045 ἕως
3563 1984 3596 2052 ἡ
3623 1982 3720 2051 μὲν
3744 1983 3995 2037 θάλασσα

2408 2245 2515 2298 νῶν
2540 2247 2618 2310 εἰς
2649 2247 2888 2317 ὄμϐρους
2917 2248 3171 2319 δακρύων
3201 2252 3267 2303 τὰ
3311 2251 3559 2321 ῥεύματα
3610 2256 3990 2327 μεταστρέψῃ,

2405 2337 2500 2388 καὶ
2543 2337 2624 2398 εἰς
2672 2336 2863 2407 ἡδονὴν
2924 2338 3203 2411 μεταϐάλῃ
3246 2342 3569 2410 φωτοειδοῦς
3618 2344 3983 2408 κατανύξεως.

2479 2426 2604 2491 πς·’.
2641 2428 2702 2482 Ὀ
2734 2430 2811 2493 είς
2836 2431 2998 2502 κόρον
3039 2434 3159 2496 ταῖς
3192 2433 3287 2487 τοῦ
3331 2434 3582 2504 σώματος
3622 2437 3845 2506 ἡδοναῖς
3890 2440 3989 2492 καὶ

2401 2521 2520 2581 ταῖς
2538 2519 2804 2589 πράξεσιν
2818 2522 2984 2576 αὐτοῦ
3012 2525 3372 2591 ὲκδουλεύσας
3398 2530 3501 2595 είς,
3536 2530 3699 2599 κόρον
3720 2534 3989 2601 χρήσαιτο

2403 2612 2497 2662 καὶ
2536 2614 2650 2675 τοῖς
2678 2612 2775 2681 τῆς
2828 2615 3116 2685 ἀσκήσεως
3148 2617 3353 2680 πόνοις,
3384 2621 3443 2671 ὲν
3492 2620 3681 2690 ἱδρῶσι
3733 2640 3987 2677 κακοπα-

2401 2699 2549 2763 θείας
2577 2717 2591 2730 ⁸
2618 2703 2707 2755 ἵνα
2753 2703 2912 2772 κόρος
2966 2705 3134 2775 κόρῳ,
3170 2709 3264 2760 καὶ
3302 2709 3463 2780 ἡδονὴ
3499 2711 3681 2781 ὀδύνη,
3711 2715 3808 2765 καὶ
3864 2716 3987 2768 ἄνε-

2400 2806 2481 2852 σις
2534 2792 2722 2855 κόποις
2775 2794 3029 2863 σώματος
3077 2798 3387 2869 ἐκκρουσθῇ
3433 2817 3537 2863 σοι,
3561 2803 3655 2854 καὶ
3688 2805 3857 2873 κόρον
3902 2806 3986 2857 εὖ·

2401 2882 2679 2951 φροσύνης
2722 2886 2816 2936 καὶ
2867 2885 3247 2953 ἀγαλλιάσεως
3299 2892 3380 2953 είς
3416 2892 3729 2947 ἀνάπαυσιν
3779 2896 3971 2967 εὕρῃς.

2397 2971 2553 3055 Ούτω
2591 2974 2823 3055 γάρμκαὶ
2858 2975 3082 3041 ἁγνείας
3120 2983 3561 3053 κατατρυφήσεις
3596 2987 3697 3055 τῆς
3748 2987 3983 3052 εὐωδίας

2394 3049 2489 3102 καὶ
2520 3050 2892 3123 καθαρότητος
2944 3056 3037 3107 καὶ
3085 3057 3281 3127 ἡδονῆς
3301 3049 3662 3125 ’ἀπολαύσεις
3698 3049 3981 3134 ἀρρήτου,

2394 3143 2504 3198 τῶν
2545 3144 2831 3200 ἀθανάτων
2858 3149 3093 3218 καρπῶν
3120 3150 3231 3204 τῶν
3262 3152 3356 3204 τοῦ
3397 3154 3710 3223 πνεύματος
3731 3171 3747 3186 ·
3788 3156 3984 3225 ἐπειδὴ

2404 3235 2503 3288 καὶ
2535 3235 2603 3289 τὰ
2638 3239 2922 3306 σμήχοντα
2967 3240 3241 3310 φάρμακα
3270 3245 3414 3295 κατά
3453 3244 3748 3310 ἀναλογίαν
3784 3245 3983 3297 εἰώθα-

2399 3344 2500 3396 μεν
2528 3326 2624 3380 τοῦ
2655 3328 2828 3399 ῥύπου
2877 3330 2985 3382 τῶν
3014 3330 3344 3400 ἐσθημάτων
3375 3337 3457 3398 είς
3498 3336 3774 3404 κάθαρσιν
3802 3336 3987 3388 αὐτῶν

2395 3419 2697 3484 ἐπιϐαλεῖν,
2733 3422 2972 3492 ὁπηνίκα
3005 3424 3080 3493 τῷ
3102 3424 3258 3495 ῥύπῳ
3284 3428 3363 3487 εἰς
3393 3426 3554 3495 βάθος
3576 3428 3983 3497 ἀχρειωθῶσιν.

2460 3512 2568 3575 πζν.
2616 3513 2907 3582 Ἐπωφελῆ
2937 3514 3007 3568 τά
3021 3517 3306 3584 νοσήματα
3334 3520 3447 3579 τοῖς
3466 3518 3547 3570 ἔτι
3581 3536 3645 3570 πε
3657 3520 3713 3586 ρὶ
3742 3520 3839 3571 τὸν
3868 3518 3989 3571 κατ’

2396 3600 2599 3669 ἀρετὴν
2635 3600 2750 3670 βίον
2794 3603 3200 3671 είσαγωγικοίς,
3237 3607 3606 3676 συνεργοῦντα
3653 3608 3876 3667 τούτοις
3910 3609 3990 3668 είς

2395 3691 2495 3761 τὴν
2533 3692 2685 3757 τῆξιν
2711 3693 2807 3745 καὶ
2842 3694 2941 3764 τὴν
2970 3696 3307 3749 ταπείνωσιν
3336 3698 3435 3766 τῆς
3472 3698 3703 3768 ζεούσης
3760 3699 3986 3767 σαρκός.

2397 3780 2582 3835 Ταῦτα
2614 3782 2725 3850 γάρ
2758 3782 2861 3850 τὴν
2897 3782 3001 3853 μὲν
3030 3784 3260 3854 δύναμιν
3284 3785 3385 3853 τῆς
3419 3787 3619 3855 σαρκὸς
3649 3786 3988 3839 ἀσῡενεστα·

2396 3890 2496 3940 την
2520 3873 2869 3945 ἐργάζονται,
2901 3874 2962 3927 τὸ
3023 3876 3080 3928 δὲ
3122 3876 3307 3947 χοῖκὺν
3358 3878 3614 3946 φρόνημα
3658 3878 3760 3945 τῆς
3811 3878 3989 3946 ψυχῆς

2397 3963 2843 4017 ἐκλεπτύνουσιψ
2880 3964 3044 4018 αὑτὸν
3060 3965 3116 4018 δὲ
3143 3968 3248 4035 τὸν;
3274 3968 3430 4021 τόνον
3460 3968 3629 4035 αὐτῆς
3688 3969 3988 4019 εὐτονώτε-

2399 4055 2492 4125 ρόν
2522 4073 2580 4109 τε
2615 4058 2713 4108 καὶ
2756 4057 3150 4126 δυνατώτερον,
3182 4058 3325 4112 κατά
3366 4059 3458 4111 τὸν
3510 4059 3655 4111 θεῖον
3685 4059 3989 4111 ἀποτελοῦ-

2398 4161 2483 4198 σιν
2540 4146 2884 4201 ’Λπόστολον.
2926 4165 2944 4198 ι
2986 4148 3156 4201 Ὅταν
3206 4149 3336 4217 γάρ,
3371 4150 3559 4216 φησὶν,
3594 4149 3832 4209 ἀσθενῶ,
3870 4150 3989 4201 τότε

2399 4236 2628 4300 δυνατός
2680 4240 2815 4307 είμι.
2853 4258 2871 4291 ι
2918 4238 3059 4291 Ἀλλ’
3106 4240 3218 4308 ὅσῳ
3246 4240 3423 4294 ταῦτα
3455 4242 3664 4300 τούτοις
3704 4240 3987 4309 ὲπωξελῆ,

2396 4330 2656 4383 τοσοῦτον
2678 4330 2948 4401 ἐπιϐλαϐἤ
2985 4333 3096 4394 τοῖς
3118 4332 3521 4401 προϐεϐηκόσιν
3544 4335 3601 4384 ὲν
3641 4332 3831 4393 πόνοις
3884 4332 3992 4382 τῶν

2398 4422 2640 4489 ἀρετῶν,
2679 4424 2773 4474 καὶ
2818 4423 2943 4493 ἄρτι
2992 4421 3092 4491 τὴν
3142 4423 3395 4491 αἴσθησιν
3442 4422 3857 4491 ὑπερκύῷασιν,
3899 4424 3989 4474 καὶ

2398 4516 2477 4576 είς
2538 4514 2829 4582 οὐρανίους
2883 4513 3115 4583 θεωρίας
3164 4514 3562 4583 κεχωρηκόσιν,
3629 4515 3988 4585 Ἀπεὶργουσι

745 4592 1003 4650 hebetant
1028 4598 1373 4669 molestisque
1391 4606 1829 4672 necessitatibus,
1848 4623 2084 4676 eumque
2108 4610 2307 4664 nebula

2403 4603 2508 4672 γὰρ
2537 4604 2735 4665 αὐτοὺς
2764 4603 2863 4672 τῆς
2902 4602 2995 4655 ἐπὶ
3025 4603 3094 4655 τὰ
3125 4604 3245 4656 θεῖα
3287 4606 3507 4673 σχολῆς,
3550 4607 3647 4658 καὶ
3676 4608 3990 4675 παχύνουσι

746 4684 1145 4755 desperationis
1167 4692 1486 4762 obscurant,
1510 4706 1565 4751 et
1595 4700 2078 4768 compunctionem
2098 4704 2313 4757 siccant

746 4778 997 4834 ariditate
1043 4785 1404 4853 agritudinis.
1456 4788 1612 4855 Quod
1658 4790 1859 4847 Paulus
1895 4794 2106 4858 videns,
2167 4804 2316 4852 recte

748 4872 991 4942 seipsum
1046 4879 1417 4944 pramuniens
1478 4896 1509 4935 a
1568 4883 1688 4954 lege
1747 4884 1982 4953 iudicii,
2046 4888 2311 4943 dicebat:

752 4978 772 5011 t
807 4960 1032 5031 Castigo
1061 4978 1265 5033 corpus
1315 4984 1495 5023 meum
1531 4971 1831 5039 (exercitiis
1854 4974 2129 5044 laborum)
2153 4988 2209 5032 et
2258 4979 2313 5031 in

748 5053 1069 5107 servitutem
1118 5057 1308 5128 redigo
1353 5059 1525 5127 (curis
1552 5062 1846 5130 assiduis).
1908 5080 1978 5119 ne
2023 5064 2164 5120 forte
2196 5081 2318 5122 cum

748 5144 872 5199 aliis
897 5147 1285 5217 pradicavero,
1314 5151 1432 5222 ipse
1463 5156 1729 5225 reprobus
1754 5158 1957 5212 cilicia:
1980 5157 2048 5211 θ’.
2086 5176 2105 5211 ι

822 5407 911 5465 88.
963 5408 1038 5464 Es
1092 5410 1379 5481 irregulari
1436 5424 1491 5471 et
1541 5416 1797 5489 inaquali
1863 5422 2125 5490 regimine
2172 5438 2315 5492 sape

755 5500 939 5559 multis
968 5501 1328 5559 innascuntur
1358 5507 1555 5572 morbi,
1581 5523 1708 5564 cum
1736 5511 1952 5568 fervens
1974 5514 2057 5568 vel
2090 5528 2317 5570 summa

752 5596 1098 5651 abstinentia
1143 5598 1533 5671 laboribusque
1596 5603 1860 5659 virtutum
1896 5606 2017 5662 sine
2073 5605 2235 5661 modo
2265 5614 2319 5661 ct

756 5688 1088 5744 discretione
1148 5705 1269 5747 sese
1336 5693 1609 5763 applicat,
1667 5696 1748 5751 vel
1805 5696 1875 5752 ad
1922 5696 2214 5768 ingluviem
2267 5708 2321 5753 et

834 5866 879 5900 ’⁸
912 5864 953 5921 ll
984 5868 1105 5926 Cor.
1143 5884 1238 5937 xu,
1282 5868 1365 5924 10.
1443 5874 1485 5905 ι’
1519 5872 1537 5927 l
1568 5873 1693 5930 Cor.
1729 5890 1807 5944 ιι,
1833 5875 1923 5930 27.

2398 4698 2516 4752 ταῖς
2542 4694 2755 4756 ὀδύναις
2789 4695 2885 4747 καὶ
2932 4700 3289 4763 περιστάσεσι
3339 4697 3397 4749 τὸ
3439 4696 3541 4765 τῆς
3578 4696 3757 4767 ψυχῆς
3810 4698 3990 4749 αὐτῶν

2399 4786 2752 4856 λογιζόμενον
2777 4802 2790 4815 ·
2823 4785 2901 4855 τῷ
2940 4787 3091 4854 νέφει
3121 4803 3178 4838 τε
3217 4788 3314 4855 τῆς
3342 4788 3583 4857 ἀθυμίας
3637 4788 3993 4841 amoenam

2398 4878 2551 4941 αὐτὸ,
2586 4879 2679 4930 καὶ
2705 4878 2805 4949 τὴν
2834 4878 3129 4943 κατάνυξιν
3155 4877 3235 4947 τῷ
3263 4880 3459 4949 αὐχμῴ
3489 4879 3600 4931 τῶν
3632 4880 3817 4932 πόνων
3850 4881 3990 4931 ἀπο·

2402 4970 2771 5039 ξηραίνουσιν.
2811 4972 2877 5023 Ὃ
2921 4970 3016 5023 καὶ
3069 4969 3279 5031 Παῦλος
3313 4969 3492 5033 εἰδὼς,
3549 4970 3991 5038 ἐπιμελούμενος

2400 5061 2581 5123 καλῶς
2631 5060 2829 5114 ἑαυτοῦ
2884 5061 2961 5130 τῷ
3010 5061 3109 5129 τῆς
3160 5060 3485 5130 διακρίσεως
3542 5062 3717 5129 νόμῳ,
3758 5061 3992 5129 ἔλεγεν·

2404 5172 2423 5205 t
2473 5152 2811 5218 ’Υπωπιάξω
2868 5172 2967 5222 μου
3022 5154 3084 5206 τὸ
3117 5153 3278 5223 σῶμα
3329 5158 3447 5215 ταῖς
3498 5153 3837 5221 γυμνασίαις
3880 5154 3993 5206 τῶν

2400 5247 2603 5309 πόνων,
2665 5246 2760 5300 καὶ
2814 5244 3148 5313 δουλαγωγῶ
3202 5248 3320 5307 ταῖς
3388 5245 3733 5313 θεραπείαις,
3792 5247 3993 5315 μήπως

2400 5339 2581 5401 ἄλλοις
2603 5336 2870 5407 κηρύξας,
2904 5338 3064 5399 αὐτὸς
3080 5338 3341 5407 ἀδόκιμος
3369 5336 3639 5405 γένωμαι.
3677 5354 3697 5386 ι

2471 5428 2585 5499 πηὀ
2630 5430 2725 5483 Ἐκ
2767 5429 2865 5499 τῆς
2907 5429 3199 5497 ἀνωμάλου
3236 5429 3331 5482 καὶ
3380 5429 3455 5499 μὴ
3489 5432 3551 5480 τὸ
3597 5430 3713 5480 ἴσον
3755 5427 3995 5496 ἐχούσης

2399 5522 2616 5593 διαίτης
2688 5521 2949 5583 πολλάκις
2975 5520 3254 5573 τίκτονται
3293 5522 3404 5581 τοῖς
3439 5518 3652 5580 πολλοῖς
3710 5516 3780 5569 τὰ
3825 5518 3993 5585 νοσή-

2405 5632 2573 5685 ματα,
2605 5615 2639 5684 ἢ
2689 5614 2826 5685 πρὸς
2855 5616 3035 5685 ἄκραν
3064 5613 3280 5667 ἀσιτίαν
3321 5612 3415 5665 τοῦ
3450 5612 3749 5665 σπουδαίου
3776 5613 3875 5663 καὶ
3910 5612 3991 5670 εἰς

2404 5709 2600 5772 πόνους
2632 5706 2842 5771 ἀρετῶν
2872 5707 3128 5777 ἀμέτρως
3157 5705 3251 5759 καὶ
3270 5704 3601 5773 ἀδιακρίτως
3641 5704 3986 5763 ἐκταθέντος.
