4202 6450
238 422 349 486 893

1114 421 1658 487 PRACTICORUM
1697 428 2036 491 CAPITUM
2077 432 2472 497 CENTURIA
2507 438 2566 498 Ι.

3370 444 3477 505 894

229 542 266 612 ἢ
302 541 439 613 πρδς
490 542 832 613 ἀδδηφαγίαν
874 542 969 595 καὶ
1015 540 1178 612 κόρον
1227 542 1577 605 ἐκκλίναντος
1617 542 1710 594 τὸν
1743 543 1802 613 τῇ

1881 583 1889 605 ι
1916 550 2261 607 saturitatem
2295 552 2526 606 inclinat
2542 566 2744 622 corpus
2763 550 3086 607 naturaliter
3106 553 3265 608 nobis
3297 556 3480 615 inimi-

233 635 399 703 φύσει
423 636 701 703 πολέμιον.
743 636 1063 702 Ἀναγκαῖον
1090 630 1186 688 οὖν
1215 637 1330 697 τοῖς
1350 652 1409 688 τε
1441 634 1578 705 πρὸς
1608 634 1813 704 ἀρετὴν

230 730 622 795 εἰσαγωγικοῖς
649 729 682 797 ὴ
718 727 1035 796 ἐγκράτεια,
1073 728 1169 781 καὶ
1215 731 1331 790 τοῖς
1379 727 1522 799 ὑπὲρ
1555 728 1619 781 τδ
1649 728 1813 798 μέσον

227 820 362 879 wit;
396 820 617 885 ἀγῶνας
652 819 1045 888 μεταθεμένοις
1085 820 1164 881 είς
1216 819 1315 889 τὴν
1366 818 1678 889 ἀκροτάτην
1714 821 1815 890 τῆς

228 908 471 978 Θεωρίας
511 909 784 963 ἐπίϐασιν.
831 910 1032 977 Μήτηρ
1079 908 1189 977 γὰρ
1238 909 1429 977 ὑγείας
1472 907 1633 977 αῦτη,
1684 909 1814 979 φίλη

230 1001 338 1067 τῆς
399 1000 643 1065 ἁγνείας,
674 1002 769 1052 καὶ
792 999 1295 1068 ταπεινοφροσύνης
1330 999 1509 1071 ἀγαθὴ
1539 999 1811 1063 σύνευνος.

306 1092 424 1147 πθ’.
448 1093 641 1159 Διττὴν
673 1089 808 1145 εἶναι
841 1092 938 1161 τὴν
963 1092 1234 1145 ἀπάθειαν
1259 1091 1389 1153 ἴσθι,
1414 1093 1509 1145 καὶ
1537 1093 1729 1154 διττῶς
1757 1094 1816 1146 ἐν

228 1190 346 1248 τοῖς
389 1187 700 1249 σπουδαίοις
750 1187 983 1256 μάλιστα
1022 1186 1287 1255 γίνεσθαι.
1320 1188 1430 1240 Καὶ
1466 1186 1684 1255 πρῶτον
1718 1187 1816 1256 μέν

229 1278 345 1330 ἀπὸ
372 1278 465 1331 τοῦ
488 1278 673 1340 τέλους
700 1278 801 1345 τῆς
822 1279 1143 1346 ὲμπράκτου
1185 1276 1506 1346 φιλοσοφίας
1554 1278 1589 1347 ἡ
1620 1277 1811 1348 πρώτη

228 1369 444 1435 γίνεται
483 1371 595 1431 τοῖς
641 1367 958 1429 σπουδαίοις
999 1367 1263 1431 ἀπάθεια,
1295 1370 1418 1438 ἥτις
1465 1372 1531 1422 ἐκ
1579 1369 1812 1438 νομίμου

231 1460 521 1528 ἀθλήσεως
608 1462 719 1521 τοῖς
780 1460 966 1522 πόνοις
1022 1459 1379 1528 πολυτρόπως
1434 1461 1761 1531 προκύψασα
1796 1500 1813 1527 ,

228 1549 465 1619 νεκροῦν
501 1549 601 1618 μὲν
654 1544 794 1602 οἶδεν
821 1549 1022 1603 αὐτίκα
1049 1550 1120 1602 τὰ
1144 1549 1317 1619 πάθη,
1352 1552 1448 1604 καὶ
1488 1549 1591 1615 τὰς
1634 1553 1815 1622 ὁρμάς

236 1639 345 1707 τῆς
378 1639 581 1709 σαρκὸς
606 1639 923 1707 ἀπράκτους
949 1640 1104 1709 ίστᾷν
1140 1656 1153 1669 ·
1196 1638 1468 1693 κινεῖσθαι
1497 1639 1555 1693 δὲ
1593 1643 1729 1711 πρὸς
1752 1641 1814 1695 τὸ

227 1728 377 1782 κατά
408 1729 573 1798 φύσιν
614 1730 711 1792 τάς
737 1730 838 1799 τῆς
868 1730 1047 1799 ψυχῆς
1095 1728 1354 1799 δυνάμεις
1384 1733 1528 1785 ποιεῖ
1556 1748 1570 1762 ·
1600 1733 1695 1786 καὶ
1721 1731 1813 1784 τὸν

227 1822 359 1874 νοῦν
383 1825 442 1874 ὲν
470 1820 671 1891 μελέτῃ
691 1822 800 1874 τῶν
813 1822 974 1874 θείων
1014 1821 1153 1891 μετά
1169 1822 1436 1885 συνέσεως
1449 1825 1811 1895 ἀποκαθιστᾷ.

231 1880 616 1966 Ἔπειτα-ἀπὺ
642 1880 766 1982 uti};
817 1880 1144 1984 ἀρχῆς-τῆς
1199 1880 1438 1985 φυσικῆς
1494 1880 1868 1988 θεωρίαις.οἡΒ

228 2006 464 2074 δευτέρα
512 2006 609 2059 καί.
658 2007 969 2075 τελειοτέρα
1013 2006 1194 2075 σοφῶς
1251 2007 1437 2070 αὐτοῖς
1487 2008 1810 2076 ἐπιγίνεται,

227 2098 356 2166 ἥτις
386 2098 450 2149 ἐκ
478 2099 673 2165 νοερᾶς
703 2098 936 2166 ἡσυχίας
977 2096 1089 2150 τῶν
1140 2097 1439 2168 λογισμῶν,
1484 2101 1565 2161 είς
1606 2101 1813 2169 είρηνιο

228 2184 339 2255 κήν
364 2184 458 2238 τοῦ
489 2186 605 2249 νοὸς
637 2186 984 2257 ἀνυψωθεῑσα
1010 2188 1369 2253 κατάστασιν,
1413 2188 1809 2259 διορατικώτα-

226 2277 327 2328 τόν
353 2292 412 2329 τε
461 2278 555 2329 καὶ
585 2277 1100 2347 προορατικώτατον
1129 2274 1238 2332 οἶδε
1276 2278 1367 2332 τὸν
1394 2279 1521 2333 νοῦν
1564 2282 1813 2349 ἀπεργά-

230 2366 429 2432 ζεσθαι
465 2383 482 2401 ⁸
515 2369 979 2439 διορατικὼτατον
1015 2371 1137 2441 μὲν,
1184 2373 1243 2424 ἐν
1283 2372 1572 2442 πράγμασι
1623 2373 1809 2438 θείοις,

228 2461 291 2514 ἐν
314 2477 375 2513 τε
427 2461 716 2520 ὀπτασίαις
750 2462 846 2515 τοῦ
873 2463 1201 2527 κρείττονος,
1237 2463 1294 2516 ἐν
1325 2480 1387 2517 τε
1432 2464 1811 2534 ἀποκαλύψεσι

231 2551 553 2622 μυστηρίων
583 2552 718 2606 Θεοῦ
754 2568 768 2584 ·
801 2553 1316 2623 προορατικώτατον
1344 2556 1423 2622 δὲ,
1446 2558 1505 2611 ἐν
1549 2558 1810 2627 πράγμα-

230 2658 320 2696 σιν
346 2643 732 2708 ἀνθρωπίνοις,
771 2646 1043 2716 μακρόθεν
1078 2647 1395 2716 ἐρχομένοις
1432 2651 1527 2702 καὶ
1557 2649 1812 2718 μέλλουσι

230 2734 481 2801 γίνεσθαι
502 2750 515 2763 ⁸
548 2738 608 2787 ἐν
638 2731 727 2799 αἷς
766 2737 823 2788 ἐν
849 2739 941 2791 καὶ
963 2738 1027 2791 τὸ
1060 2739 1196 2791 αὐτὸ
1226 2738 1442 2809 πνεῦμα
1474 2740 1533 2793 τδ
1556 2741 1812 2810 ἐνεργοῦν

236 2823 382 2889 ἐστι,
411 2826 472 2878 τὸ
498 2825 736 2896 κρατοῦν
772 2828 873 2898 μὲν
904 2830 996 2881 καὶ
1024 2830 1249 2899 συνέχον
1281 2832 1424 2885 κατά
1453 2832 1553 2899 τὴν
1587 2834 1810 2904 πρώτην

231 2916 530 2982 ἀπάθειαν,
565 2919 801 2972 ἀπολύον
823 2922 900 2983 δέ,
932 2922 1073 2975 κατά
1099 2924 1200 2994 τὴν
1219 2925 1501 2995 δευτέραν,
1539 2928 1634 2980 καὶ
1659 2926 1812 2982 ἐλευ-

231 3004 428 3075 θερίαν
458 3007 678 3061 αίωνίου
706 3008 872 3079 ζωῆς,
903 3011 980 3073 ὡς
1006 3014 1034 3065 6
1065 3010 1274 3076 Παῦλός
1299 3030 1456 3085 φησι.

303 3100 377 3163 Lf.
418 3098 477 3178 ’ρ
506 3100 603 3178 τῆς
636 3101 898 3178 ἀπαθείας
936 3103 1245 3178 πλησιάσας
1286 3109 1396 3169 τοῖς
1437 3107 1606 3178 ὅροις,
1645 3107 1811 3178 ὀρθὰς

1915 653 2059 693 cum.
2079 639 2399 697 Necessaria
2432 643 2599 711 igitur
2619 642 2979 711 temperantia
3009 650 3062 695 et
3092 641 3481 699 inchoantibus

1908 731 2055 785 viam
2093 734 2314 789 virtutis
2342 744 2397 791 et
2450 736 2521 790 iis
2558 734 2651 803 qui
2680 734 2793 803 jam
2829 733 2993 789 stadii
3031 736 3266 789 medium
3291 745 3478 790 trans-

1908 824 2085 891 gressi
2107 825 2338 879 tendunt
2358 827 2422 881 ad
2448 840 2722 881 summum
2747 825 3226 894 contemplationis
3246 827 3476 896 apicem.

1908 911 2001 969 illa
2050 917 2195 971 enim
2241 926 2327 973 est
2380 928 2550 973 mater
2604 918 2899 981 sanitatis,
2942 919 3221 975 castitatis
3275 920 3473 985 amica,

1906 1006 2109 1075 Optima
2150 1007 2472 1062 humilitatis
2506 1009 2943 1064 contubernalis.

1976 1096 2064 1151 89.
2097 1096 2374 1166 Duplicem
2397 1114 2518 1153 esse
2543 1100 3037 1168 impassibilitatcm
3058 1100 3218 1161 scito,
3243 1116 3476 1170 eamque

1907 1187 2111 1256 duplici
2147 1191 2448 1259 praesertim
2487 1190 2644 1243 modo
2693 1204 2721 1242 ιι
2760 1189 3096 1246 ferventibus
3143 1192 3379 1257 aeqniri.
3415 1190 3477 1245 Et

1904 1279 2079 1347 primo
2116 1281 2336 1348 quidem
2370 1295 2398 1333 a
2435 1281 2773 1350 perfectione
2818 1283 3079 1349 praeticm
3112 1282 3476 1350 philosophiae

1905 1369 2076 1438 prima
2113 1371 2449 1426 ferventibus
2498 1372 2730 1426 iuoritur
2768 1371 3205 1439 impassibilitas,
3254 1389 3375 1441 qum.-
3403 1388 3469 1427 es

1908 1460 2146 1527 legitima
2194 1461 2340 1515 lucta
2371 1461 2559 1516 multis
2614 1462 2893 1517 laboribus
2942 1477 3256 1533 progressa,
3290 1464 3474 1516 statim

1900 1552 2227 1621 cupiditates
2252 1553 2457 1623 optime
2474 1553 2791 1616 mortificat,
2816 1553 3054 1621 impetus
3073 1556 3263 1609 carnis
3290 1555 3472 1607 reddit

1902 1642 2233 1709 inefﬁcaces,
2290 1643 2582 1698 facultates
2627 1642 2824 1697 animze
2868 1651 2930 1697 ut
2969 1646 3268 1697 secundum
3313 1654 3475 1697 natu-

1899 1747 2017 1788 ram
2092 1744 2416 1789 moveantur
2477 1734 2692 1801 efﬁcit,
2747 1744 3100 1804 mentemque
3157 1736 3223 1787 ad
3290 1749 3475 1789 rerum

1900 1822 2210 1878 divinarum
2252 1822 2661 1877 meditationem
2698 1822 2959 1879 restituit.
3019 1821 3228 1876 Deinde
3271 1822 3342 1875 ab
3391 1823 3478 1875 in-

1897 1912 2186 1968 choatione
2238 1912 2505 1968 naturalis
2553 1912 2776 1967 theoriae
2809 1911 3049 1967 secunda
3085 1921 3141 1966 et
3178 1911 3475 1980 perfectior

1896 2003 2005 2057 illis
2045 2009 2450 2072 peropportune
2493 2003 2817 2072 supervenit
2866 2003 3304 2072 impassibilitas,
3351 2016 3475 2071 qua!

1892 2108 1923 2149 ο
1951 2093 2220 2162 spirituali
2249 2093 2644 2162 cogitationum
2667 2094 2854 2163 quiete
2879 2094 2946 2147 ad
2973 2094 3259 2157 pacificqu
3281 2102 3472 2148 evecta

1893 2187 2093 2241 mentis
2140 2195 2370 2249 statum,
2415 2187 2560 2241 hanc
2606 2186 3147 2256 perspicacissimam
3196 2200 3261 2239 ac
3288 2185 3472 2255 provi-

1890 2275 2272 2331 dentissimum
2335 2276 2441 2331 scit
2493 2275 2724 2332 reddere
2769 2277 3357 2348 :perspiracissimam
3413 2278 3467 2331 in

1890 2366 2057 2422 rebus
2087 2365 2311 2429 divinis,
2342 2373 2396 2419 et
2424 2367 2478 2420 in
2509 2366 2746 2421 videndo
2766 2368 2911 2435 quod
2944 2368 3147 2423 bonum
3174 2378 3281 2432 est,
3308 2377 3471 2437 atque

1890 2459 1946 2514 in
1972 2459 2404 2515 revelationibus
2436 2461 2822 2527 mysteriorum
2857 2460 2992 2526 Dei;
3042 2461 3468 2530 providentissi-

1895 2565 2040 2605 mam
2076 2564 2206 2605 vero
2252 2551 2308 2604 in
2363 2549 2529 2604 rebus
2582 2549 2837 2606 humanis
2891 2558 3079 2620 postea
3130 2550 3328 2607 futuris
3359 2560 3467 2607 eta

1890 2642 2047 2712 longe
2071 2642 2435 2698 venientibus.
2463 2640 2519 2697 In
2549 2642 2638 2697 illa
2678 2650 2862 2698 autem
2902 2643 3107 2712 duplici
3138 2644 3452 2711 impassihi-

1888 2735 2038 2789 litate
2058 2750 2200 2788 unus
2226 2742 2283 2789 et
2315 2734 2457 2788 idem
2484 2743 2745 2803 operatur
2768 2734 3021 2803 spiritus,
3054 2735 3147 2804 qui
3180 2734 3236 2790 in
3271 2738 3456 2803 priore

1886 2825 2199 2881 moderatur
2247 2832 2302 2880 et
2350 2824 2644 2893 reprimit,
2700 2827 2752 2878 in
2810 2826 3113 2894 posteriore
3146 2842 3277 2879 vero
3310 2828 3462 2881 laxas

1884 2918 1976 2972 dat
2004 2918 2248 2972 habenas
2268 2925 2323 2973 et
2356 2917 2664 2973 libertatem
2714 2928 2934 2973 aeterna:
2967 2920 3114 2983 vitae,
3164 2927 3225 2973 ut
3260 2917 3465 2977 Paulus

1882 3008 2126 3078 loquitur
2154 3009 2222 3062 ³⁸.

1954 3101 2046 3156 90.
2084 3101 2186 3167 Qui
2223 3100 2694 3172 impassibilitatis
2747 3100 2945 3156 finibus
2987 3101 3462 3171 appropinquavit,

218 3167 323 3238 μὲν
348 3172 477 3240 περὶ
500 3171 632 3224 Θεὸν
658 3175 752 3226 καὶ
794 3175 893 3235 τὰς
925 3167 1117 3243 φύσεις
1168 3177 1279 3232 τῶν
1307 3167 1481 3236 ὄντων
1543 3167 1802 3257 ποιοθμεέ

1884 3199 2066 3246 rectos
2102 3192 2168 3246 ad
2198 3192 2365 3247 Deum
2405 3202 2744 3259 naturasque
2774 3208 2959 3247 rerum
2993 3195 3222 3247 tendens
3250 3197 3461 3257 oculos,

214 3279 309 3324 νος
347 3261 449 3324 τὰς
498 3265 740 3332 ὁράσεις,
769 3266 834 3317 ὲκ
867 3266 967 3333 τῆς
1019 3268 1286 3339 καλλονῆς
1324 3272 1435 3327 τῶν
1486 3279 1802 3348 κτισμάτων

1882 3293 1909 3331 a
1942 3288 2319 3335 creaturarum
2345 3280 2757 3351 pulchritudine
2785 3283 2860 3335 ob
2882 3296 3038 3335 suam
3063 3282 3362 3349 puritatem
3392 3283 3461 3337 ad

212 3353 501 3421 ἀναλόγως
536 3354 634 3423 τῆς
662 3356 825 3409 αὑτοῦ
851 3356 1226 3431 καθαρότητος
1256 3366 1393 3433 πρὸς
1416 3366 1507 3419 τὸν
1560 3368 1799 3441 Ποιητὴν

212 3444 578 3513 ἀνατρέχων,
652 3444 868 3515 δέχεται
919 3448 1018 3509 τὰς
1068 3454 1413 3522 φωτοχυσίας
1453 3456 1550 3509 τοῦ
1615 3460 1794 3513 Πνεύ-

212 3552 389 3603 ματος
426 3550 440 3565 ·
473 3535 686 3603 ἀγαθὰς
711 3537 768 3591 δὲ
800 3540 901 3602 τὰς
957 3540 1254 3612 ὑπολήψεις
1299 3545 1441 3615 ἔχων
1476 3551 1615 3620 πρὸς
1665 3555 1800 3608 πάνυ

205 3645 333 3691 τας,
391 3628 480 3680 ἀεὶ
524 3627 796 3696 λογίζεται
836 3632 966 3703 περὶ
1003 3635 1223 3688 πάντων
1270 3638 1413 3692 καλά
1450 3656 1463 3673 ο
1511 3642 1699 3709 ἁγίους
1736 3663 1796 3700 τε

210 3720 427 3781 πάντας
456 3721 559 3790 ὁρᾷ
595 3722 688 3772 καὶ
739 3722 964 3788 ἁγνοὺς,
1000 3725 1093 3776 καὶ
1149 3727 1277 3795 περὶ
1309 3728 1472 3782 θείων
1552 3733 1650 3786 καὶ
1703 3736 1796 3788 ἀν-

206 3809 505 3878 θρωπίνων
529 3812 872 3882 πραγμάτων
900 3814 998 3884 τὴν
1029 3816 1207 3884 κρίσιν
1233 3819 1399 3889 ὀρθὴν
1428 3821 1753 3893 ἐπιφέρεται
1776 3840 1791 3856 θ

204 3900 304 3953 καὶ
344 3901 451 3971 ἐρᾷ
509 3904 608 3970 μὲν
664 3904 875 3967 οὐδενὸς
921 3906 1032 3959 τῶν
1065 3910 1196 3979 περὶ
1230 3911 1332 3981 τὴν
1376 3913 1508 3983 ὓλην
1550 3916 1644 3968 τοῦ
1695 3918 1792 3970 κό-

203 4008 371 4060 σμου,
413 3993 508 4044 καὶ
542 3996 652 4056 τοῖς
684 3996 992 4064 ἀνθρώποις
1025 4000 1510 4072 σπουδαζομένων
1544 4005 1702 4070 ἐκδὺς
1733 4008 1791 4061 δὲ

199 4080 281 4150 τῷ
336 4080 415 4149 νῷ
450 4084 549 4151 τῆς
601 4087 949 4154 παγκοσμίου
1000 4089 1325 4159 αἰσθήσεως,
1362 4094 1499 4163 πρὸς
1530 4095 1793 4167 οὐρανοὺς

200 4172 297 4225 καί
326 4170 464 4225 Θεὸν
485 4173 771 4245 ἀνατρέχει
793 4176 1034 4249 καθαρὸς
1066 4182 1248 4251 πάσης
1274 4183 1438 4247 ίλύος,
1480 4187 1575 4240 καὶ
1608 4189 1791 4256 πάσης

198 4260 455 4325 δουλείας
476 4262 780 4335 ἐλεύθερος,
811 4266 909 4319 καὶ
941 4268 1061 4331 ὅλος
1090 4270 1299 4338 γίνεται
1326 4274 1434 4328 τῶν
1463 4277 1668 4345 νοητῶν
1694 4279 1789 4333 τοῦ

200 4352 345 4406 Θεοῦ
410 4354 632 4419 ἀγαθῶν
678 4358 735 4408 ἐν
791 4357 938 4429 μόνῳ
964 4360 1045 4431 τῷ
1098 4362 1395 4433 πνεύματι,
1429 4370 1604 4422 καὶτὸ
1652 4370 1794 4426 θεῖον

198 4444 403 4506 κάλλος
436 4447 559 4516 ὁρᾷ,
591 4446 687 4499 καὶ
719 4446 1044 4519 θεοπρεπῶς
1073 4453 1446 4525 ἐμφιλοχωρεῖ
1487 4460 1600 4522 τοῖς
1628 4459 1794 4526 θείοις

1878 3371 2194 3427 Creatorem
2243 3388 2561 3443 assurgens,
2598 3374 2791 3442 recipit
2826 3374 3261 3428 illuminationes
3292 3375 3461 3440 spiri-

1880 3471 1990 3527 tus,
2032 3463 2407 3532 optimamque
2446 3462 2653 3517 habens
2701 3463 3015 3533 opinionem
3064 3466 3131 3519 de
3182 3466 3455 3531 omnibus,

1876 3554 1944 3608 de
1967 3555 2223 3610 omnibus
2258 3569 2477 3624 semper
2500 3554 2638 3611 bene
2671 3555 2899 3624 cogitat,
2924 3570 3117 3610 omnes
3150 3564 3203 3609 nt
3229 3565 3457 3612 sanctos

1876 3643 2041 3699 habet
2088 3660 2153 3699 ac
2205 3654 2464 3711 sanctos,
2518 3645 2585 3700 de
2631 3646 2834 3700 divinis
2884 3646 3246 3715 humanisque
3292 3646 3457 3701 rebus

1874 3743 2083 3789 rectum
2114 3734 2221 3788 fert
2251 3734 2562 3804 judicium;
2596 3734 2730 3787 nihil
2766 3743 2913 3789 amat
2958 3736 3323 3789 materialium
3357 3751 3458 3790 ςαξ-

1874 3826 1983 3881 culi
2053 3841 2238 3881 rerum
2310 3840 2451 3895 quas
2510 3823 2764 3880 homines
2837 3824 3085 3880 studiose
3147 3837 3450 3896 appetunt;

1872 3926 2055 3974 mente
2087 3933 2253 3973 sensu
2290 3915 2570 3972 mundano
2626 3924 2814 3981 exuta,
2853 3916 2919 3971 ad
2950 3917 3120 3972 caelos
3174 3916 3452 3989 Deumque

1873 4010 2046 4063 currit
2107 4025 2276 4079 purus
2330 4010 2398 4065 ab
2427 4012 2574 4065 omni
2616 4010 2731 4063 luto
2764 4019 2819 4063 et
2870 4008 2940 4063 ab
2986 4009 3133 4063 omni
3182 4013 3448 4063 servitute

1872 4099 2034 4160 liber,
2089 4109 2240 4155 totus
2270 4107 2356 4154 est
2410 4100 2790 4169 spirituallbus
2845 4097 2937 4151 Dei
2996 4098 3155 4153 bonis
3217 4100 3270 4153 in
3320 4104 3439 4153 solo

1872 4189 2092 4258 spiritu,
2115 4189 2469 4259 divinamque
2492 4190 2639 4243 videt
2666 4187 3157 4258 pulchritudinem,
3186 4202 3250 4242 ac
3266 4189 3450 4244 divine

1870 4279 2069 4335 divinis
2104 4280 2377 4333 inhabitat
2402 4280 2538 4335 locis
2570 4281 2661 4333 ιιιιί
2696 4280 2901 4334 residet
2933 4281 3089 4334 beata
3121 4279 3213 4333 Dei
3247 4281 3443 4349 gloria,

1869 4385 1992 4425 cum
2030 4370 2288 4426 ineffabili
2326 4370 2545 4425 silentio
2591 4380 2644 4424 et
2684 4370 2889 4432 lastitia,
2940 4380 2996 4423 et
3060 4375 3274 4425 cunctis
3310 4386 3440 4424 sen-

1870 4462 2021 4515 sibus
2063 4460 2511 4526 transformatus,
2558 4470 2619 4514 ut
2642 4461 2867 4530 angelus
2913 4461 2969 4514 in
3018 4463 3286 4515 materiali
3321 4478 3445 4517 cur-

193 4537 416 4602 -τόποις,
445 4538 544 4609 τῆς
591 4541 873 4611 μακαρίας
919 4542 1056 4597 Θεοῦ
1085 4544 1266 4616 δόξης,
1296 4550 1356 4601 ἐν
1390 4550 1614 4621 ἀρρήτῳ
1664 4558 1802 4627 σιγῇι

1881 4561 2020 4615 pore,
2054 4546 2430 4603 immaterialis
2454 4548 2595 4602 inter
2626 4546 2875 4603 homines
2900 4556 3285 4603 conversatur.

204 4630 299 4681 καὶ
338 4630 505 4699 χαρᾷ,
538 4630 757 4695 καὶτὰς
787 4633 1071 4703 αἰσθήσεις
1106 4636 1289 4700 πάσας
1332 4639 1676 4707 ἀλλοιωθεὶς,
1716 4644 1793 4706 ὡς

203 4716 437 4785 ἄγγελος
479 4720 539 4771 ἐν
575 4720 746 4791 ύλικῷ
798 4721 1033 4793 σώματι,
1096 4724 1262 4789 άῦλος
1313 4731 1426 4793 τοῖς
1483 4732 1790 4802 ἀνθρώποις

205 4810 730 4881 συναναστρέφεται.

275 4898 385 4965 ιιαῖ
427 4901 719 4971 Αίσθήσεις
745 4897 886 4957 οἶδεν
914 4906 944 4957 6
974 4905 1131 4974 λόγος
1161 4909 1321 4965 πέντε
1352 4912 1446 4967 καὶ
1476 4914 1575 4985 τῆς
1607 4918 1785 4989 ἀσκή-

200 5007 341 5051 σεως
366 5004 380 5016 ⁸
414 4992 748 5061 ἀγρυπνίαν,
788 4994 1041 5065 μελέτην,
1070 4999 1260 5070 εὐχὴν,
1294 5003 1645 5075 ἐγκράτειαν,
1690 5010 1785 5064 καὶ

198 5076 436 5147 ἡσυχίαν
466 5093 479 5107 ·
513 5078 739 5143 ταύταις
782 5083 810 5134 ό
840 5084 937 5146 τὰς
965 5086 1161 5141 ἑαυτοῦ
1194 5090 1477 5162 αἰσθήσεις
1516 5097 1783 5153 ἐπισυνά-

195 5166 343 5261 ab“,
371 5169 467 5261 xui.
494 5170 597 5261 τὴν
646 5171 746 5241 μὲν
779 5174 970 5245 ὅρασιν
1008 5180 1075 5247 τῇ
1122 5180 1422 5254 ἀγρυπνίᾳ,
1462 5184 1560 5256 τὴν
1614 5190 1787 5261 ἀκοὴν

199 5256 258 5311 δὲ
285 5260 351 5329 τῇ
384 5260 605 5332 μελέτῃ,
648 5264 746 5334 τὴν
776 5264 1047 5337 ὄσφρησιν
1089 5271 1155 5337 τῇ
1184 5272 1340 5342 εὐχῇ,
1375 5273 1472 5344 τὴν
1500 5275 1686 5343 γεῦσιν
1715 5256 1781 5351 τῇ

195 5351 524 5423 ἐγκρατείᾳ,
561 5354 655 5407 καὶ
708 5356 809 5428 τὴν
868 5359 1012 5428 ἁφὴν
1045 5360 1310 5427 συζεύξας
1338 5368 1404 5436 τῇ
1436 5367 1658 5440 ἠσυχίᾳ,
1687 5388 1782 5425 τα-

196 5441 337 5511 χέως
371 5441 628 5514 καθαίρει
652 5445 743 5499 τὸν
772 5447 896 5503 νοῦν
929 5451 1028 5522 τῆς
1070 5451 1205 5516 ίδίας
1228 5454 1427 5525 ψυχῆς,
1462 5459 1556 5512 καὶ
1586 5459 1781 5515 λεπτύ-

194 5549 293 5595 νας
319 5533 411 5587 διὰ
446 5536 649 5591 τούτων
678 5540 861 5608 αὑτὸν,
897 5542 1087 5614 ἀπαθῆ
1123 5544 1218 5599 καὶ
1258 5546 1575 5618 διορατικδν
1610 5554 1781 5610 αὑτὸν

195 5627 591 5693 ἀπεργάζεται.

274 5827 365 5877 "1
400 5828 525 5883 Cor.
581 5847 680 5895 ιιι,
735 5833 813 5887 Η.

1937 4924 2025 4980 9|.
2061 4923 2221 4981 Ratio
2265 4940 2512 4996 quinque
2564 4928 2854 5000 cognoscit
2894 4929 3109 4986 ascesis
3192 4946 3388 4990 sensus
3423 4953 3438 4989 :

1862 5016 2128 5087 vigiliam,
2175 5016 2607 5081 meditationem,
2646 5019 2975 5083 orationem,
3008 5025 3428 5091 temperantiam

1858 5116 1913 5160 et
1961 5108 2223 5177 quietem.
2270 5104 2367 5161 His
2400 5107 2491 5177 qui
2539 5122 2736 5163 sensus
2772 5111 3175 5175 accommodat,
3226 5112 3435 5170 scilicet

1858 5194 2037 5247 visum
2065 5193 2286 5261 vigiliae,
2309 5193 2557 5247 auditum
2593 5193 2954 5259 meditationi,
2980 5196 3270 5253 odoratum
3303 5216 3436 5253 ora-

1862 5284 2017 5349 tioni,
2070 5292 2287 5353 gustum
2351 5286 2751 5352 temperantiae,
2807 5300 2864 5339 et
2916 5293 3123 5342 tactum
3169 5299 3432 5359 coaptaus

1858 5376 2050 5446 quieti,
2072 5375 2224 5429 brevi
2255 5374 2511 5444 purificat
2536 5384 2771 5431 mentem
2798 5392 2910 5432 suae
2926 5378 3140 5446 animae,
3168 5380 3430 5452 illamque

1858 5468 1937 5521 sic
1992 5480 2300 5531 exacuens,
2358 5466 2746 5536 impassibilem
2800 5466 2982 5524 reddit
3034 5479 3089 5526 et
3146 5473 3426 5543 perspica-

1856 5574 1973 5615 CCIII
