4202 6450
753 399 860 466 895

1979 408 2278 470 NICETAS
2309 408 2732 474 PECTORATI

3883 418 3989 482 896

825 512 915 565 92.
951 512 1185 569 Animus
1244 514 1598 585 impassibilis
1644 517 1734 571 ille
1781 525 1888 584 est,
1942 521 2034 589 qui
2091 535 2297 574 suarun

2478 519 2586 590 ιβ’.
2608 522 2756 586 Νοῦς
2789 523 3009 592 ἀπαθής
3061 521 3233 587 ἐστιν,
3257 525 3288 577 ό
3319 526 3429 579 τῶν
3471 523 3668 581 ἐαυτοῦ
3707 529 3987 599 κρατήσας

750 604 930 657 victor
960 607 1320 674 cupiditatum
1354 616 1408 660 et
1462 612 1711 678 superior
1743 611 1970 666 tristitia
2025 621 2086 666 et
2133 613 2322 667 laetitia

753 694 930 751 factus
989 707 1092 751 est.
1159 699 1261 762 Qui
1334 715 1509 768 neque
1580 703 1864 758 doloribus
1917 720 1983 757 et
2025 705 2321 773 impetibus

753 789 950 842 animae
1011 791 1220 843 obortis
1256 790 1539 861 dejicitur,
1579 809 1758 864 neque
1805 796 1992 851 latitia
2033 813 2096 851 ex
2127 797 2321 853 animae

750 879 933 943 quiete
969 890 1219 947 percepta
1275 882 1607 948 inebriatur,
1654 885 1751 940 sed
1787 886 1838 939 in
1873 887 2320 945 tribulationibus

752 971 970 1037 gaudet,
1004 980 1056 1024 et
1081 972 1134 1025 in
1177 972 1638 1041 prosperitatibus
1671 983 2006 1048 temperatur
2039 994 2142 1033 nec
2177 980 2316 1033 ultra

754 1061 973 1114 modum
1008 1065 1250 1118 eﬂ'ertur.

818 1153 907 1205 93.
943 1153 1167 1223 Magnus
1199 1164 1279 1212 est
1309 1158 1621 1216 daemonum
1662 1161 1816 1216 furor
1847 1162 1899 1215 in
1932 1177 2026 1217 eos
2067 1163 2157 1233 qui
2190 1176 2316 1233 pro-

751 1240 940 1294 ﬁciunt
993 1259 1166 1314 usque
1214 1249 1281 1301 ad
1341 1249 1629 1304 theoriam.
1668 1251 2004 1306 insidiantur
2036 1254 2182 1308 enim
2235 1255 2318 1309 eis

745 1331 836 1384 diu
884 1342 1157 1403 noctuque
1202 1354 1218 1390 :
1254 1349 1419 1408 atque
1466 1350 1578 1394 tum
1613 1357 1708 1410 per
1741 1357 1926 1396 eorum
1964 1344 2144 1398 socios
2194 1361 2318 1414 pro-

748 1422 994 1478 bationes
1025 1427 1242 1483 sibimet
1273 1431 1497 1486 nocivas
1530 1433 1795 1498 excitant,
1829 1443 1942 1487 tum
1977 1449 2072 1502 per
2107 1437 2317 1504 seipsos

748 1515 1007 1581 fragores
1029 1517 1177 1571 cient
1208 1521 1272 1574 ad
1304 1536 1399 1576 eos
1427 1523 1732 1578 terrendos.
1766 1524 1880 1577 lmo
1915 1524 2316 1582 dormientibus

744 1604 972 1671 instant,
1006 1623 1197 1664 eorum
1225 1613 1392 1681 quieti
1423 1613 1749 1681 invidentes,
1805 1619 2101 1687 multisque
2139 1620 2314 1674 modis

749 1709 944 1750 vexant
978 1697 1123 1765 illos,
1155 1705 1404 1770 quamvis
1433 1720 1632 1761 nocere
1666 1719 1941 1777 nequeant
1973 1711 2054 1766 bis
2082 1712 2172 1780 qui
2205 1710 2314 1765 Deo

743 1799 802 1838 se
830 1801 1242 1846 consecrarunt.
1277 1792 1339 1848 Et
1368 1796 1473 1850 nisi
1517 1799 1742 1866 angelus
1793 1799 2007 1853 Domini
2062 1803 2313 1872 omnipo-

743 1875 907 1930 tentis
927 1878 1074 1945 ipsos
1099 1883 1419 1950 custodiret,
1443 1888 1745 1945 diabolicas
1763 1890 1990 1945 insidias
2014 1894 2313 1965 mortisque

745 1965 968 2034 laqueos
1000 1984 1103 2024 non
1137 1971 1238 2026 etl'u
1247 1985 1452 2042 gerent.

809 2146 900 2200 94.
942 2149 1199 2208 Armatus
1253 2169 1355 2224 pro
1404 2161 1643 2226 practica
1692 2165 1907 2221 virtutis
1939 2169 2306 2242 philoSOphia,

739 2250 872 2292 cave
925 2239 1222 2309 diligenter
1270 2260 1301 2299 a
1365 2248 1631 2307 letbil’eris
1694 2256 2005 2313 dauuonum
2067 2239 2304 2319 insidiis.

736 2327 1007 2392 Quantum
1034 2334 1179 2388 enim
1211 2340 1552 2397 ascensionis
1588 2359 1938 2415 progressum
1966 2349 2020 2404 in
2043 2354 2295 2409 excelsas

734 2418 965 2475 virtutes
1010 2422 1278 2493 disponis,
1339 2439 1393 2484 et
1450 2433 1634 2490 divina
1687 2438 1778 2490 lux
1819 2441 1915 2495 tibi
1967 2452 2197 2514 augetur
2249 2447 2303 2501 in

732 2513 1096 2580 orationibus,
1138 2527 1301 2587 atque
1349 2524 1414 2577 ad
1450 2527 1810 2586 revelationes
1843 2513 2096 2599 pervenis
2137 2538 2305 2593 visio-

736 2617 946 2670 nesque
977 2606 1300 2674 ineﬂ‘abiles,
1337 2614 1632 2683 adjuvante
1664 2619 1894 2687 Spiritu,
1937 2631 2147 2678 tantum
2198 2628 2302 2691 illi,

730 2706 1039 2763 surgentem
1071 2707 1118 2751 te
1153 2701 1218 2753 ad
1245 2703 1445 2757 coelum
1466 2706 1730 2774 videntes,
1760 2713 1998 2768 strident
2023 2717 2302 2786 dentibus,

728 2793 783 2838 et
820 2788 1143 2856 multiplit‘ia
1181 2797 1439 2862 nequitiae
1471 2813 1582 2854 sum
1619 2803 1752 2856 retia
1784 2803 1836 2857 in
1881 2807 2149 2874 spirituali
2178 2825 2304 2866 aere

726 2875 1020 2944 diligenter
1052 2884 1302 2937 tendunt.
1326 2885 1444 2939 Non
1476 2891 1650 2944 solum
1673 2894 1816 2946 enim
1842 2900 2301 2966 concupiscentia:

727 2967 931 3037 iraeque
969 2973 1210 3026 carnalia
1236 2986 1287 3028 et
1318 2977 1566 3034 bestialia
1594 2994 1782 3038 contra
1804 2994 1854 3041 te
1875 2989 2160 3057 spirabunt
2188 2992 2299 3045 dae-

726 3062 932 3127 monia,
953 3064 1045 3118 sed
1061 3067 1221 3121 etiam
1241 3069 1515 3127 dzemones
1534 3074 1884 3144 blasphemia:
1900 3097 2082 3135 amara
2099 3083 2297 3137 invidia

2405 610 2614 677 παθῶν,
2651 615 2745 666 καὶ
2802 615 3062 684 ὑπεράνω
3108 615 3285 685 λύπης
3337 619 3433 671 καὶ
3479 622 3653 689 χαρᾶς
3697 623 3936 690 γεγονώς
3970 640 3982 652 ο

2404 701 2463 766 δς
2487 703 2609 756 οὗτε
2634 707 2751 768 ταῖς
2774 706 2831 772 ἐξ
2878 709 3154 777 ἐπιφορῶν
3183 708 3382 772 λύπαις
3417 714 3829 780 ὲπιστυγνάζει,
3861 713 3984 766 οὔτε

2403 799 2470 866 τῇ
2526 797 2585 860 ἐξ
2647 798 2914 868 εὐθυμίας
2955 800 3434 872 διαχεῖταιχαρᾲ,
3468 804 3585 857 ἀλλ’
3617 809 3675 857 ἐν
3736 807 3835 874 μὲν
3867 809 3986 867 ταῖς

2406 884 2640 954 θλίψεσι,
2671 890 3005 957 χαιρομένην
3042 891 3441 961 ἐπιφερόμενος
3468 893 3564 963 τὴν
3606 893 3808 965 ψυχὴν,
3841 898 3900 946 ἐν
3930 896 3985 946 δέ

2402 981 2523 1040 ταῖς
2543 979 2850 1048 εὐθυμίαις,
2888 981 3388 1054 ἐγκρατευομένην,
3424 985 3519 1038 καὶ
3560 986 3634 1056 μὴ
3664 987 3757 1039 τοῦ
3783 988 3986 1056 μέτρου

2403 1070 2708 1140 φερομένην
2731 1071 2910 1136 ἐκτός.

2473 1157 2582 1228 ια’.
2615 1161 2790 1231 Πολλὴ
2823 1165 2966 1218 κατά
2992 1165 3103 1218 τῶν
3127 1166 3207 1227 είς
3229 1166 3462 1238 θεωριαν
3486 1172 3770 1240 προκοπὰς
3797 1190 3986 1226 ποιου-

2406 1251 2590 1321 μένων
2634 1254 2667 1322 ή
2727 1253 2837 1307 τῶν
2869 1255 3142 1325 δαιμόνων
3197 1259 3382 1328 μανία.
3449 1262 3830 1331 Ἐφεδρεύουσι
3879 1267 3988 1334 γὰρ

2402 1343 2526 1398 κατ’
2569 1345 2750 1398 αὐτῶν
2801 1346 2970 1400 νύκτα
3009 1349 3104 1400 καὶ
3161 1349 3280 1418 μεθ’
3303 1350 3554 1420 ἡμέραν·
3581 1355 3675 1404 καὶ
3730 1354 3820 1405 διὰ
3883 1358 3985 1423 μὲν

2401 1436 2512 1488 τῶν
2547 1437 2813 1490 συνόντων
2867 1439 3212 1509 πειρασμοὺς
3267 1441 3538 1510 χαλεποὺς
3587 1444 3800 1506 ἑαυτοῖς
3853 1447 3984 1495 ἐπε-

2400 1529 2643 1598 γείρουσι
2670 1546 2684 1560 °
2712 1531 2780 1583 δι’
2802 1531 3012 1585 ἑαυτῶν
3033 1531 3091 1584 δὲ
3142 1532 3384 1594 κτύπους
3415 1533 3661 1586 ποιοῦσιν
3683 1537 3762 1596 είς
3795 1537 3984 1604 φόϐον.

2400 1621 2512 1672 Καὶ
2546 1619 2809 1674 ὑπνοῦσιν
2857 1621 3190 1676 ἐπιτίθενται
3231 1621 3467 1686 τούτοις,
3500 1626 3565 1695 τῇ
3623 1626 3806 1678 ἀνέσει
3852 1627 3985 1693 φθο-

2401 1710 2617 1773 νοῦντες
2647 1711 2848 1776 αὐτῶν,
2901 1712 2998 1765 καὶ
3049 1712 3311 1775 ποικίλως
3371 1715 3633 1767 λυποῦσιν
3679 1717 3905 1780 αὐτοὺς,
3938 1720 3985 1769 εί

2404 1802 2501 1854 καὶ
2542 1802 2619 1873 μὴ
2661 1802 2915 1855 δύνανται
2945 1803 3200 1873 ἀδικῆσαι
3226 1806 3352 1867 τοὺς
3395 1808 3789 1875 ἀνακειμένους
3838 1809 3983 1878 Θεῷ.

2401 1894 2510 1946 Καὶ
2531 1895 2580 1944 εί
2612 1895 2687 1962 μὴ
2718 1894 2948 1961 ἅγγελος
2979 1894 3186 1961 Κυρίου
3230 1897 3674 1965 παντοκράτορος
3714 1900 3741 1950 ὀ
3773 1899 3984 1964 φυλασ-

2402 2000 2512 2037 σων
2541 1984 2738 2047 αὐτοὺς
2761 1980 2849 2054 ἦν,
2874 1987 2974 2037 οὐκ
3007 1983 3073 2038 ἂν
3097 1985 3198 2054 τῆς
3236 1985 3416 2038 αύτῶν
3438 1987 3732 2056 ἐπιϐουλῆς
3761 1991 3854 2042 καὶ
3889 1989 3984 2044 τοῦ

2394 2068 2633 2129 ’θανάτου
2664 2077 2789 2138 τοὺς
2818 2075 3048 2146 βρόχους
3090 2076 3374 2164 ἐξέφυγον.

2474 2167 2573 2234 ιδ’.
2620 2167 2960 2236 Ἐναγιιινίως
2987 2167 3127 2237 ἔχων
3166 2169 3296 2238 περὶ
3329 2171 3429 2239 τὴν
3476 2171 3800 2242 ἔμπρακτον
3831 2174 3984 2240 φιλο-

2402 2259 2598 2326 σοφίαν
2625 2258 2726 2327 τῆς
2754 2258 2977 2328 ἀρετῆς,
3011 2258 3250 2328 πρόσεχε
3273 2259 3521 2328 ἀκριϐῶς
3557 2265 3676 2325 ταῖς
3698 2263 3811 2315 τῶν
3859 2264 3982 2316 ὁλε-

2399 2349 2566 2420 θρίων
2608 2348 2880 2419 δαιμόνων
2925 2349 3260 2415 ἐπιδουλαίς.
3319 2352 3471 2422 Ὀσῳ
3518 2354 3628 2425 γάρ
3686 2357 3984 2422 ἀναϐάσεις

2400 2442 2695 2512 προκοπῶν
2746 2443 2827 2504 είς
2874 2441 3086 2512 ὑψηλὰς
3141 2442 3346 2513 ἀρετὰς
3395 2443 3721 2510 διατίθεσαι,
3771 2450 3870 2502 καὶ
3926 2449 3984 2502 τὸ

2401 2530 2519 2598 φῶς
2575 2529 2867 2593 αὐξάνεται
2924 2546 3008 2582 σοι
3067 2530 3129 2583 τὺ
3179 2529 3323 2582 θεῖον
3373 2533 3430 2584 ἐν
3487 2537 3844 2603 προσευχαῖς,
3889 2539 3982 2590 καὶ

2403 2624 2538 2693 πρὸς
2587 2621 2956 2691 ἀποκαλύψεις
3007 2622 3145 2694 ἔρχῃ
3205 2623 3300 2675 καὶ
3370 2624 3638 2688 ὀπτασίας
3697 2629 3977 2697 ἀρρήτους

2399 2713 2489 2766 διὰ
2511 2713 2606 2766 τοῦ
2642 2715 2978 2783 Πνεύματος,
3001 2714 3257 2768 τοσοῦτον
3286 2716 3486 2769 ἐκεῖνοι
3520 2719 3887 2788 ἀνερχόμενόν
3923 2740 3981 2775 σε

2399 2806 2635 2876 ὁρῶντες
2679 2807 2815 2876 πρὸς
2867 2807 3116 2876 οὐρανὸν,
3151 2809 3411 2880 τρύζουσι
3448 2810 3574 2872 τοὺς
3614 2812 3859 2876 ὀδόντας,
3889 2816 3983 2866 καὶ

2399 2900 2468 2952 τὰ
2518 2900 2617 2967 τῆς
2664 2898 2857 2962 κακίας
2889 2900 3070 2952 αὐτῶν
3119 2902 3432 2955 πολύπλοκα
3484 2902 3674 2955 δίκτυα
3747 2907 3841 2956 ἐπὶ
3893 2905 3983 2957 τὸν

2400 2990 2591 3059 νοητὸν
2631 2990 2770 3058 ἀέρα
2809 2989 3113 3053 σπουδαίως
3168 2992 3522 3046 ἐκτείνουσιν.
3552 2993 3626 3044 Οὐ
3660 2996 3823 3062 μόνον
3869 2997 3979 3066 γὰρ

2399 3082 2450 3132 οἰ
2483 3081 2581 3149 τῆς
2605 3080 2903 3149 ἐπιθυμίας
2948 3082 3041 3133 καὶ
3073 3081 3165 3134 τοῦ
3195 3081 3370 3151 θυμοῦ
3411 3084 3732 3153 φιλόσαρκοί
3768 3103 3828 3137 τε
3881 3089 3976 3138 καὶ

727 3154 781 3205 in
815 3161 867 3207 te
901 3154 1203 3225 insurgent.
1238 3159 1523 3227 Praeterea,
1551 3165 1837 3224 visibiliter
1871 3180 1923 3226 et
1954 3172 2297 3229 invisibiliter

2403 3170 2689 3240 θηριώδεις
2720 3170 2862 3222 κατά
2907 3169 3000 3222 σοῦ
3051 3171 3343 3224 πνεύσουσι
3375 3173 3649 3243 δαίμονες,
3693 3175 3834 3226 ἀλλα
3887 3176 3980 3227 καὶ

723 3258 904 3297 aerem
941 3246 1392 3321 principatusque
1421 3269 1485 3307 ac
1520 3264 1840 3329 potestates
1865 3261 2288 3333 circumvolant,

723 3338 776 3389 in
815 3352 962 3391 mera
1003 3342 1184 3410 specie
1231 3345 1330 3398 sub
1365 3346 1734 3417 singularibus
1767 3352 2146 3424 horriﬁcisque
2179 3358 2294 3412 for-

723 3431 828 3484 mis
861 3443 1207 3502 apparentes,
1248 3437 1314 3491 ad
1346 3440 1653 3494 nocendum
1697 3444 1792 3498 tibi
1842 3456 2110 3516 quantum
2147 3450 2200 3504 in
2237 3467 2294 3507 se

721 3527 828 3582 est,
881 3524 1256 3592 evigilabunt,
1307 3528 1403 3580 sed
1465 3533 1686 3586 mentali
1740 3538 1979 3592 orationi
2032 3544 2295 3597 exercitio

725 3614 940 3685 vigilem
971 3617 1168 3672 mentis
1192 3619 1405 3672 oculum
1434 3621 1744 3691 intendens,
1767 3629 2061 3698 animoque
2086 3641 2297 3688 natura:

725 3710 1172 3777 contemplationi
1213 3713 1486 3782 applicato
1522 3715 1613 3772 Dei
1657 3733 1820 3788 opera
1859 3723 2150 3789 meditans,
2186 3742 2293 3780 non

727 3801 942 3854 timebis
991 3801 1059 3856 ab
1099 3817 1288 3858 eorum
1340 3807 1535 3873 sagitta
1589 3810 1806 3867 volante
1851 3814 1906 3867 in
1948 3816 2069 3880 die,
2121 3835 2297 3889 neque

727 3893 867 3944 enim
905 3897 1347 3966 appropinquare
1403 3901 1760 3958 tabernaculo
1813 3913 1908 3960 tuo
1956 3909 2233 3977 valebunt,
2265 3928 2293 3966 a

725 3984 926 4038 lumine
976 3987 1074 4040 tibi
1123 3989 1291 4044 insito
1319 3993 1475 4061 quasi
1514 3997 1688 4066 (uligo
1721 3999 1948 4068 repulsi,
2004 4017 2067 4058 ac
2108 4005 2295 4060 divino

723 4075 847 4145 igne
886 4079 1182 4135 combusti.

785 4430 873 4484 95.
910 4431 1148 4500 Spiritus
1177 4439 1350 4489 sancti
1385 4441 1613 4507 gratiam
1659 4445 1816 4500 valde
1847 4445 2144 4507 formidant
2173 4468 2291 4507 ma-

2403 3262 2453 3314 οἱ
2481 3261 2582 3329 τῆς
2612 3259 2958 3330 βλασφημίας
2990 3260 3170 3332 φθόνῳ
3218 3264 3400 3334 πικρῷ
3436 3281 3517 3316 σοι
3570 3265 3982 3332 ἐπαναστήσον-

2401 3357 2516 3396 ται.
2545 3345 2657 3397 Καὶ
2687 3347 2820 3416 πρὸς
2873 3349 3106 3415 τούτοις,
3138 3356 3389 3425 φανερῶς
3413 3375 3470 3409 τε
3512 3362 3603 3411 καὶ
3654 3364 3885 3429 ἀφανῶς
3934 3367 3984 3418 oi

2403 3433 2535 3504 περὶ
2587 3435 2678 3488 τὸν
2726 3439 2884 3507 ἀέρα,
2917 3441 3012 3493 καὶ
3053 3443 3153 3506 τὰς
3201 3446 3396 3516 ἀρχὰς,
3429 3451 3523 3501 καὶ
3576 3451 3674 3513 τὰς
3735 3454 3988 3520 ἐξουσίας

2405 3522 2715 3592 ίπτὰμενοι,
2747 3529 2888 3581 κατᾶ
2921 3535 3224 3596 φαντασίαν
3253 3537 3464 3607 γυμνὴν
3506 3541 3563 3591 ἐν
3597 3542 3766 3604 ἰδέαις
3811 3545 3988 3608 ξέναις

2403 3617 2499 3667 καὶ
2522 3621 2774 3686 φρικταῐς
2819 3626 3270 3695 μεμορφωμένοι,
3305 3632 3383 3692 είς
3418 3633 3662 3686 κάκωσίν
3715 3653 3808 3688 σου
3866 3639 3989 3690 ὅσον

2403 3707 2466 3757 τὸ
2488 3709 2575 3758 ἐπ’
2599 3709 2786 3773 αὐτοῖς
2818 3713 3211 3783 ἐγερθήσονται
3241 3735 3256 3750 ο
3285 3721 3420 3772 ἀλλά
3449 3727 3514 3792 τῇ
3549 3728 3712 3793 νοερᾷ
3749 3729 3987 3796 ἐργασία

2402 3798 2504 3867 τῆς
2521 3805 2827 3872 προσευχῆς
2839 3806 3048 3872 ὄμματι
3064 3809 3182 3871 νοὸς
3197 3811 3402 3880 ἐγρηγό
3410 3831 3485 3881 ρῳ
3503 3816 3794 3883 ἐνασχολού
3807 3837 3986 3886 μενος,

2403 3889 2501 3942 καὶ
2525 3893 2642 3953 ταῖς
2671 3893 2904 3957 ἐννοίαις
2927 3897 3028 3965 τῆς
3067 3901 3304 3970 φυσικῆς
3329 3901 3560 3973 θεωρίας
3601 3907 3658 3957 ἐν
3683 3910 3800 3970 τοῖς
3830 3911 3988 3978 ποιή-

2405 3996 2574 4048 μασιν
2618 3984 2937 4053 ἐμμελετῶν
2960 3989 3054 4040 τοῦ
3108 3990 3266 4055 Θεοῦ,
3301 3993 3362 4044 οὐ
3402 3995 3691 4067 φοϐηθήσῃ
3738 4000 3851 4050 ἀπὸ
3895 4000 3984 4050 τοῦ

2403 4071 2594 4141 βέλους
2643 4075 2824 4126 αὐτῶν
2874 4077 2968 4130 τοῦ
3018 4083 3340 4149 πετωμένου
3398 4086 3613 4153 ἡμέρας
3647 4106 3660 4117 ·
3699 4089 3825 4140 οὐδὲ
3882 4092 3988 4159 γὰρ

2399 4163 2478 4232 τῷ
2507 4168 2825 4235 σκηνώματι
2857 4185 2950 4222 σου
2985 4170 3285 4240 πλησιάσαι
3313 4174 3641 4242 ἰσχύσουσιν,
3682 4179 3790 4230 ὑπὸ
3812 4181 3903 4231 τοῦ
3933 4182 3988 4230 ἐν

2401 4255 2486 4306 σοὶ
2529 4257 2709 4323 φωτὸς
2740 4251 2828 4310 οἷα
2885 4261 3076 4322 σκότος
3122 4263 3540 4333 ἐκδιωκόμενοι,
3589 4269 3682 4318 καὶ
3731 4269 3839 4320 ὑπὸ
3894 4269 3985 4321 τοῦ

2398 4342 2547 4396 θείου
2578 4348 2752 4414 πυρὸς
2783 4349 3215 4418 ἐμπιπράμενοι.

2472 4432 2570 4499 ιε’.
2605 4437 2715 4506 Τὴν
2761 4439 2856 4490 τοῦ
2908 4441 3053 4493 θείου
3104 4443 3424 4511 Πνεύματος
3468 4447 3624 4516 χάριν
3656 4449 3987 4505 δεδίττονται

732 4520 857 4586 ligni
912 4522 1158 4588 Spiritus,
1198 4540 1259 4576 ac
1289 4531 1582 4592 pressu-27'».
1615 4547 1737 4587 eum
1771 4534 2057 4594 abundans
2103 4543 2286 4596 infun-

2401 4527 2607 4594 σφόδρα
2659 4530 2760 4599 τῆς
2827 4535 3090 4602 πονηρίας
3123 4537 3191 4588 τὰ
3243 4539 3573 4606 πνεύματαο
3625 4543 3721 4594 καὶ
3787 4546 3987 4612 μᾶλλον

711 4610 884 4674 ditur,
934 4612 1015 4664 vel
1075 4615 1230 4668 nobis
1287 4619 1592 4684 puriiicatis
1625 4626 1981 4686 meditatione
2031 4649 2282 4704 puraque

714 4701 982 4754 oratione.
1009 4700 1122 4756 Non
1148 4708 1264 4760 ausi
1286 4709 1429 4761 enim
1464 4716 1909 4785 appropinquare
1929 4700 2282 4780 tabernaculo

713 4805 904 4844 eorum
950 4794 1040 4861 qui
1079 4794 1147 4848 ab
1187 4797 1274 4849 illa
1311 4799 1714 4869 illuminantur,
1779 4811 1911 4864 solis
1949 4812 2281 4883 imaginibus

715 4881 1098 4955 horriﬁcisque
1152 4886 1463 4958 fragoribus
1515 4904 1564 4949 et
1603 4898 1853 4954 obscuris
1893 4881 2124 4961 vocibus
2183 4923 2281 4963 eos

712 4980 918 5027 terrere
967 4989 1028 5029 ac
1080 4979 1400 5043 perturbare
1451 4995 1743 5052 conantur,
1791 4999 1847 5045 et
1905 5009 2165 5051 revocare
2212 4998 2280 5052 ab

710 5066 971 5119 exercitio
1027 5068 1226 5136 vigiliae
1286 5081 1339 5124 et
1373 5075 1637 5131 orationis
1672 5099 1686 5133 :
1725 5082 1834 5135 imo
1890 5091 1944 5137 et
1989 5101 2086 5141 eos
2128 5087 2279 5143 humi

709 5155 1044 5210 dormientes
1075 5160 1226 5214 nullo
1257 5177 1365 5216 non
1398 5167 1724 5223 adoriuntur
1753 5175 2020 5240 artificio;
2056 5190 2108 5233 at
2138 5180 2277 5234 invi-

710 5246 900 5302 dentes
951 5249 1030 5303 vel
1077 5250 1412 5310 brevissimae
1467 5274 1656 5314 eorum
1686 5277 1714 5315 a
1765 5265 2045 5323 laboribus
2087 5271 2276 5338 quieti,

708 5336 1058 5406 insidiantur,
1091 5351 1145 5396 et
1181 5348 1632 5406 convulsionibus
1659 5356 1988 5422 quibusdam
2019 5336 2288 5417 auferunt.

708 5443 959 5482 somnum
1001 5431 1069 5485 ab
1103 5433 1344 5502 ipsorum
1378 5441 1572 5507 oculis,
1607 5451 1665 5496 ut
1698 5445 2115 5504 laboriosiorem
2159 5453 2277 5507 illo-

709 5537 826 5574 rum
875 5524 1038 5577 vitam
1066 5539 1129 5580 ac
1161 5526 1347 5583 dolore
1379 5532 1592 5599 plenam
1634 5550 1729 5606 per
1774 5539 2080 5596 istiusmodi
2130 5554 2275 5600 artes

708 5611 958 5668 efﬁciant.

781 5791 848 5845 96
896 5791 1139 5858 Corpore
1170 5796 1356 5852 subtili
1402 5798 1578 5855 induti
1629 5802 1883 5859 videntur
1916 5808 2268 5864 tenebrarum

2397 4620 2524 4673 ὅταν
2556 4622 2825 4686 πλουσίως
2862 4628 3284 4697 ἐπιφοιτήσασα,
3307 4633 3339 4699 ἢ
3385 4633 3810 4702 καθαιρομένοις
3857 4642 3986 4705 ἡμῖν

2397 4712 2462 4764 ἐκ
2511 4713 2740 4781 μελέτης
2777 4717 2870 4768 καὶ
2920 4718 3170 4788 καθαρᾶς
3211 4725 3542 4792 προσευχῆς.
3577 4726 3667 4793 Mi;
3698 4727 3986 4796 τολμῶντα

2396 4802 2505 4871 γὰρ
2532 4804 2831 4874 πλησιάσαι
2865 4809 2942 4877 τῷ
2975 4811 3297 4880 σκηνώματι
3330 4814 3437 4865 τῶν
3463 4817 3987 4886 καταλαμπομένων

2397 4893 2630 4957 ἐκεῖθεν,
2665 4897 2856 4965 μόναις
2906 4901 3027 4962 ταῖς
3061 4904 3382 4968 φαντασίαις
3424 4907 3517 4957 καὶ
3563 4911 3677 4968 τοῖς
3730 4911 3986 4978 φοϐερὶς

2397 4985 2651 5048 κτύποις,
2687 4990 2783 5041 καὶ
2805 4992 2922 5050 ταῖς
2957 4993 3196 5061 ἀσήμοις
3239 4999 3442 5062 φωναῖς
3475 4998 3729 5062 ἐκφοϐεῖν
3765 5003 3861 5052 καὶ
3896 5019 3985 5053 τα.

2398 5076 2622 5142 ράσσειν
2671 5080 3026 5147 ἐπιχειροῦσι,
3077 5085 3172 5134 καὶ¹
3219 5083 3312 5134 τοῦ
3364 5085 3526 5154 ἔργου
3590 5091 3831 5156 ἀπάγειν
3893 5093 3982 5159 τῆ,

2396 5167 2708 5234 ἀγρυπνίας
2758 5171 2852 5220 καὶ
2893 5174 3203 5242 προσευχῆς
3231 5191 3242 5200 ·
3277 5176 3412 5228 ἀλλὰ
3470 5180 3562 5229 καὶ
3608 5181 3988 5250 κατειξευσμέ-

2395 5273 2486 5308 νον
2526 5274 2578 5308 τι
2610 5259 2926 5312 ὑπνούντων
2961 5263 3140 5314 αὐτῶν
3166 5266 3258 5316 ἐπὶ
3281 5267 3403 5334 γῆς,
3425 5269 3484 5320 ού
3519 5271 3816 5335 φείδονται.
3845 5275 3986 5326 Φθοο

2396 5349 2616 5413 νοῦντες
2636 5352 2693 5404 δέ
2725 5355 2791 5422 τῇ
2821 5354 3134 5426 βραχυτάτῃ
3161 5357 3268 5409 τῶν
3312 5361 3491 5412 πόνων
3519 5363 3701 5414 αὐτῶν
3735 5366 3988 5418 ἀναπαύο

2398 5457 2499 5503 σει,
2535 5443 2908 5513 ἐφεδρεύουσι,
2950 5435 3044 5500 καὶ
3097 5453 3371 5520 σπασμοῖς
3423 5470 3563 5505 τισιν
3609 5456 3832 5524 αἴρουσι
3897 5460 3988 5511 τὸν

2396 5532 2565 5586 ὕπνον
2611 5536 2720 5588 ἀπὸ
2773 5538 2882 5591 τῶν
2936 5539 3218 5610 βλεφάρων
3281 5544 3505 5610 αὐτῶν,
3570 5549 3988 5620 ἐπιπονωτέραν

2395 5626 2605 5678 τούτων
2635 5627 2734 5697 τὴν
2762 5629 2910 5700 ζωὴν
2936 5634 3029 5684 καὶ
3065 5633 3258 5702 όδύνης
3287 5636 3489 5706 μεστὴν
3537 5639 3711 5690 ποιεῖν
3742 5639 3834 5691 διὰ
3880 5641 3987 5692 τῶν

2395 5719 2659 5771 τοιούτων
2685 5722 2901 5774 ἐπινοου
2913 5724 3107 5790 μένων.

2473 5811 2587 5878 ιβ.
2637 5815 3114 5883 Ἐνσωματοῦσθαι
3165 5817 3382 5870 δοκοῦσι
3429 5818 3734 5884 λεπτόντως
3787 5823 3854 5874 τὰ
3891 5823 3982 5875 te}
