4202 6450
253 404 363 466 807

1138 411 1681 473 Pll.\(2l'lCORUM
1721 410 2063 476 CAPITUM
2103 416 2488 477 CENTURIA
2534 418 2581 477 l.

3394 426 3501 490 898

258 516 491 578 σκότους
544 518 851 590 πνεύματα,
883 522 958 585 ὡς
1007 524 1034 576 6
1062 522 1215 592 λόγος
1264 528 1327 580 ὲκ
1362 528 1557 595 πείρας
1594 529 1832 583 ὑπονοεῖν

1932 527 2226 594 (Ιηέιιιοςιιξε,
2256 542 2309 581 nt
2341 531 2481 585 ratio
2507 531 2574 587 de
2604 535 2941 604 experientia
2972 538 3248 609 conjicere
3290 556 3491 610 potest.

258 608 481 660 δίδωσιν
508 624 522 639 ⁶
571 610 685 664 εἴτε
743 611 902 666 τοῦτο
962 616 1307 683 φηντάζοντα
1334 659 1348 683 ,
1388 619 1487 687 τῆς
1530 620 1838 691 αίσθήσεως

257 698 773 773 ὑποκλεπτομὲνης,
804 704 915 758 εἴτε
973 707 1068 759 καὶ
1115 709 1195 770 είς
1242 708 1405 761 τοῦτο
1437 713 1839 784 καταλριθὲντα

254 790 366 842 ἀπο
411 790 509 861 τῆς
543 794 709 847 πάλαι
758 796 1108 858 ἐκπτώσεως.
1140 800 1285 871 Πλὴν
1332 802 1482 871 ὅμως
1526 804 1836 872 συμπλέκε-

256 882 388 935 σθαι
457 885 522 952 τῇ
578 886 859 957 ἐναγωνίῳ
916 891 1196 959 ἐφορμιοσι
1249 891 1396 965 ψυχῇ
1435 934 1450 960 ,
1502 899 1835 968 τρεπομένου

254 972 432 1041 αὐτῆς
459 973 595 1042 πρὸς
630 975 797 1031 ῦπνον
818 978 911 1030 τοῦ
938 980 1126 1033 δούλου
1148 982 1399 1052 σώματος
1430 999 1443 1012 ·
1474 984 1503 1036 6
1526 986 1617 1038 καὶ
1639 986 1834 1059 δοκιμὴ

255 1080 341 1125 τις
381 1061 520 1116 εἷναί
550 1084 639 1135 μ’.
670 1068 817 1120 δοκεῖ
862 1068 1061 1139 ψυχῆς,
1098 1072 1221 1142 ἄρτι
1250 1074 1539 1144 γινομένης
1584 1077 1838 1148 ὑπεράνω

254 1154 357 1223 τῆς
390 1156 488 1208 τοῦ
513 1157 608 1227 ad);
638 1177 768 1223 ατος
807 1162 1189 1226 ταπεινώσεως
1223 1181 1236 1196 ·
1268 1165 1341 1227 ὡς
1369 1164 1434 1219 ἂν
1461 1167 1522 1219 τὸ
1555 1166 1837 1235 θυμοειδὲς

253 1248 433 1316 αὐτῆς
464 1252 560 1303 καὶ
607 1252 875 1324 ἀνδρεῖον,
922 1256 1069 1319 ὅπως
1103 1256 1215 1327 ἔχοι
1248 1260 1385 1312 κατὰ
1435 1260 1544 1314 τῶν
1580 1265 1836 1320 τοιούτων

252 1340 574 1411 ἀποδειχθῇ,
605 1346 971 1400 ἀπειλούντων
1016 1350 1153 1419 αὐτῇ
1187 1350 1256 1404 τὰ
1285 1354 1510 1423 φρικτὰ,
1566 1356 1624 1409 ὲν
1674 1358 1835 1428 θυμῷ

253 1434 350 1485 καὶ
385 1434 553 1505 μανίᾳ
581 1436 748 1508 πολλῇ
781 1455 793 1469 ο
827 1433 910 1502 οἷς
940 1441 971 1509 ἡ
1010 1440 1172 1510 ἔρωτι
1194 1446 1514 1517 τετρωμένη
1547 1447 1703 1513 Θεοῦ,
1741 1451 1834 1503 καὶ

249 1527 377 1585 ταῖς
413 1530 661 1593 γενικαῖς
700 1530 924 1598 ἀρεταῖς
954 1534 1357 1603 πεπυκνωμένη
1387 1535 1552 1607 ψυχὴ,
1583 1538 1643 1590 o6
1676 1539 1834 1606 μόνον

250 1615 331 1684 τῷ
382 1616 576 1687 δικαίῳ
630 1618 789 1689 θυμῷ
835 1622 1260 1686 ἀντιτάσσεται,
1312 1627 1449 1680 ἀλλὰ
1503 1629 1595 1681 καὶ
1637 1629 1833 1681 τύπτει

250 1708 496 1773 τούτους,
531 1709 685 1772 εἴτις
706 1712 763 1762 ὲν
788 1711 972 1775 αὐτοῖς
998 1715 1249 1784 αἴσθησις
1282 1719 1339 1770 ἑν
1375 1718 1454 1788 τῷ
1472 1719 1649 1771 δοκεῖν
1672 1721 1831 1788 ἀφει-

248 1797 360 1861 δῶς
387 1799 748 1868 ἀπογεωθεῖσι
768 1806 831 1874 τῇ
864 1804 1135 1860 ὲκπτὼσει
1165 1808 1258 1861 τοῦ
1288 1809 1508 1878 πρώτου
1554 1810 1649 1865 καὶ
1683 1810 1828 1865 θείου

249 1892 453 1958 φωτός.

322 1985 427 2049 ιιζν.
462 1986 573 2056 Πρὸ
600 1988 700 2056 τῆς
738 1988 1059 2060 συμπλοκῆς
1085 1991 1180 2044 κα)⁸
1211 1993 1309 2063 τῆς
1348 1992 1520 2065 ἥττης
1571 1995 1829 2059 πολλάκις

247 2075 303 2128 οἱ
336 2077 592 2143 δαίμονες
618 2077 718 2148 τὴν
752 2079 1005 2150 αίσθησιν
1053 2082 1150 2151 τῆς
1181 2084 1358 2153 ψυχῆς
1410 2086 1827 2156 ἐκταράττουσι,

247 2169 347 2221 καὶ
376 2168 467 2221 τὶν
494 2168 665 2223 ῦπνον
692 2171 800 2225 ἀπὸ
824 2172 932 2226 τῶν
965 2174 1252 2246 βλεφάρων
1277 2176 1636 2246 ἁρπάζουσιν.
1669 2179 1831 2233 Ἀλλά

249 2258 491 2328 θάρσους
530 2262 626 2313 καὶ
680 2262 934 2332 ἀνδρείας
986 2264 1021 2333 η
1072 2264 1179 2317 ὑπὸ
1220 2264 1315 2317 τοῦ
1368 2266 1685 2336 Πνεύματος
1734 2266 1827 2320 τοῦ

246 2349 413 2417 ἁγίου
453 2351 865 2423 πεπληρωμένη
907 2352 1076 2423 ψυχὴ,
1103 2354 1292 2423 ἀλογεῖ
1320 2355 1421 2426 μὲν
1468 2356 1570 2427 τῆς
1621 2357 1826 2411 τούτων

244 2442 444 2509 ἐφόδου
462 2444 554 2494 καὶ
594 2445 799 2514 πικρᾶς
848 2444 1064 2513 μανίας,
1089 2447 1148 2499 ἐν
1176 2446 1233 2500 δὲ
1259 2446 1339 2517 τῷ
1371 2447 1620 2518 ζωοποιῷ
1676 2450 1823 2518 μόνῳ

243 2529 429 2600 τύπῳ,
461 2532 556 2583 κα)⁸
575 2534 642 2602 τῇ
670 2531 952 2604 ἐπικλήσει
977 2533 1073 2587 τοῦ
1113 2533 1288 2603 Ἰησοῦ
1322 2536 1416 2589 καὶ
1448 2536 1606 2602 Θεοῦ,
1645 2537 1744 2599 τάς
1763 2554 1823 2588 τε

247 2624 557 2691 φαντασίας
583 2624 763 2679 αὺτῶν
791 2625 1022 2691 διαλύει,
1059 2627 1155 2681 καὶ
1181 2627 1404 2691 τούτους
1434 2628 1549 2698 ἅμα
1579 2629 1825 2697 φυγάδας

245 2713 526 2771 ἀποτελεῖ.

322 2805 431 2875 κη’.
484 2807 548 2861 Ei
602 2808 670 2862 τὰ
729 2808 901 2862 σκῦλα
962 2810 1334 2882 προνομεῦσαι
1384 2814 1494 2867 τῶν
1548 2812 1823 2882 πολεμίων

246 2898 603 2968 πνευμάτων,
639 2900 705 2953 ἐκ
736 2901 1047 2972 πρακτικῆς
1079 2902 1302 2971 ἐξῆλθες
1348 2903 1688 2972 φιλοσοφίας,
1719 2904 1824 2972 ὅρα

248 2992 351 3043 καὶ
390 2990 626 3060 πρόσεχε
652 2994 765 3054 τοῖς
783 2992 967 3054 ὅπλοις
1002 2993 1193 3045 ἑαυτὸν
1225 2993 1490 3047 πάντοθεν
1519 2994 1613 3047 τοῦ
1649 2994 1821 3047 Πνεύ-

251 3098 423 3149 ματος
457 3080 812 3143 καθοπλίσας.
846 3078 1011 3145 Οἶδας
1038 3082 1147 3152 γὰρ
1194 3083 1356 3137 τίνων
1387 3085 1455 3137 τὰ
1502 3084 1669 3155 σκεύη
1724 3086 1821 3157 ἀρ-

243 3165 419 3218 πὲισαι
456 3167 847 3238 προεθυμήθης
886 3185 899 3197 ·
931 3170 1202 3239 πολεμίων
1256 3172 1375 3241 μὲν,
1414 3172 1552 3225 ἀλλὰ
1614 3175 1820 3243 νοητῶν

246 3256 345 3309 καὶ
386 3258 663 3328 ἀσάρκων,
701 3261 727 3311 6
772 3259 908 3327 μετὰ
961 3261 1210 3331 σώματος
1246 3260 1324 3314 ἔτι
1353 3262 1430 3331 τῷ
1463 3262 1670 3330 βασιλεῖ
1713 3262 1817 3314 τῶν

244 3350 576 3418 πνευμάτων
621 3352 716 3404 καὶ
755 3351 874 3422 Θεῷ
906 3353 1351 3424 στρατευόμενος.
1406 3352 1544 3405 Ἴσθι
1596 3354 1706 3422 γὰρ
1747 3355 1823 3418 ὡς

243 3442 576 3511 πικρότερον
611 3442 646 3513 ἢ
695 3443 957 3514 πρότερον
1005 3442 1465 3513 ὲκστρατεύσουσι
1523 3444 1663 3495 κατὰ
1704 3444 1821 3511 σοῦ,

245 3535 343 3585 καὶ
388 3534 577 3586 πολλοὶ
635 3536 756 3598 ταῖς
793 3534 935 3589 κατὰ
980 3534 1073 3588 σοῦ
1129 3536 1450 3605 γενήσονται
1508 3537 1778 3605 μηχαναῖς
1806 3552 1823 3569 ’

245 3624 400 3691 ἓωςῆ
432 3622 686 3686 λαθόντες
722 3626 779 3675 ἐν
804 3623 882 3691 τῷ
904 3625 973 3677 τά
1009 3623 1181 3677 σκῦλα
1214 3622 1637 3693 προσαπολυειν,
1687 3624 1826 3693 μετὰ

244 3715 454 3769 τούτων
492 3733 551 3768 σε
578 3715 915 3786 δορυάλωτον
941 3716 1333 3783 ἀφαρπάσωσι,
1368 3716 1459 3767 καὶ
1491 3715 1693 3784 πολλῆς
1727 3732 1819 3769 πι-

248 3809 412 3878 κρίας
436 3808 534 3878 τὴν
557 3807 738 3877 ψυχήν
774 3823 867 3859 σου
897 3806 1283 3876 πληρώσωσιν,
1320 3806 1353 3875 ἦ
1381 3809 1571 3869 κακοῖς
1620 3824 1677 3860 σε
1726 3808 1826 3861 καλ⁵

246 3900 529 3969 όδυνηροῖς
567 3896 1016 3951 καθυποὸάλλωσι
1058 3897 1402 3967 πειρασμοῖς,
1434 3898 1512 3959 είς
1570 3895 1827 3950 σκώλοπα

247 3989 352 4057 τῆς
377 3989 580 4056 σαρκός
612 4005 704 4041 σου
734 3986 826 4041 καὶ
858 3986 1123 4039 κάκωσιν.

323 4079 430 4145 ἥθ’.
464 4080 537 4131 O6
562 4079 785 4132 δύναται
828 4078 981 4146 πηγὴ
1009 4076 1190 4144 ἀγαθὴ
1223 4075 1442 4144 νάματα
1486 4074 1680 4145 θολερᾶ
1736 4075 1833 4127 καὶ

248 4172 429 4242 ὀξώδη
475 4170 767 4241 πηγάζειν,
799 4169 932 4238 ὕλης
968 4168 1242 4237 κοσμικῆς
1293 4167 1673 4220 ἀποπνέοντα·
1708 4164 1832 4218 οὐδὲ

250 4264 454 4331 καρδία
474 4264 626 4325 ἐκτὸς
648 4263 749 4329 τῆς
768 4260 1044 4331 βασιλείας
1070 4255 1201 4312 οὖσα
1224 4258 1335 4311 τῶν
1353 4257 1621 4328 οὐρανῶν,
1644 4256 1832 4325 ῥεῖθρα

252 4356 402 4425 ζωῆς
440 4371 569 4407 ποτε
608 4353 759 4416 θείας
815 4350 1118 4416 ὲκδλύζειν,
1151 4351 1382 4405 εὐωδίαν
1420 4349 1594 4419 μύρου
1638 4345 1832 4418 νοητοῦ

252 4446 667 4514 ἀναπέμποντα.
705 4445 850 4516 Μήτι
902 4444 1032 4514 γὰρ,
1087 4443 1273 4512 φησὶν,
1309 4443 1342 4511 ἡ
1414 4442 1564 4510 πηγὴ
1613 4440 1676 4492 ὲκ
1735 4437 1834 4504 τῆς

1932 620 2047 673 sive
2083 622 2603 679 inerantexhibcaut
2628 625 2863 694 speciem
2896 631 3361 693 sensibusillusis.
3388 651 3501 689 stv:

1930 709 1997 762 ad
2026 709 2127 763 hoc
2156 710 2360 766 fuerint
2390 714 2632 769 damnati
2663 729 2887 789 propter
2945 722 3227 791 antiquum
3267 725 3499 795 lapsum.

1931 799 2205 871 Quidquid
2244 804 2335 866 sit,
2381 818 2502 859 cum
2544 808 2725 861 anima
2750 824 2984 879 pugnam
3034 827 3320 869 conserere
3369 822 3504 870 adn-

1931 895 2174 959 riuntur,
2216 910 2377 949 tenso
2421 898 2488 952 ad
2516 912 2768 954 somnum
2826 903 3031 958 famulo
3064 905 3184 975 ejus
3214 922 3441 975 corpore
3488 927 3501 968 :

1932 984 2092 1049 idque
2122 985 2254 1039 mihi
2286 987 2500 1042 videtur
2533 1005 2657 1046 esse
2693 993 2947 1061 probatio
2982 999 3177 1052 animus
3200 1038 3215 1061 ,
3258 1014 3504 1055 recenter

1931 1092 2095 1148 supra
2126 1082 2374 1151 corporis
2406 1084 2668 1140 vilitatem
2696 1090 2875 1151 elatze,
2912 1098 2969 1144 ut
2996 1102 3177 1160 pateat
3200 1094 3382 1163 qualis
3426 1096 3498 1146 si:

1930 1169 2049 1238 ejus
2075 1167 2337 1226 fortitudo
2353 1182 2405 1227 et
2426 1176 2656 1233 virilitas
2678 1181 2943 1235 adversus
2965 1182 3272 1239 istiusmodi
3296 1187 3504 1249 hostes,

1931 1260 2026 1327 qui
2085 1260 2373 1314 horribilia
2432 1263 2532 1331 ipsi
2588 1268 2870 1321 minantur
2919 1285 3042 1323 eum
3095 1273 3173 1323 ira
3209 1283 3262 1324 t-t
3321 1272 3503 1326 furori:

1933 1362 2129 1417 magno
2156 1367 2170 1403 :
2203 1366 2339 1420 quos
2376 1351 2597 1420 quidem
2627 1370 2810 1411 amore
2838 1358 3118 1413 vulnerata
3147 1361 3333 1414 divino
3366 1378 3502 1430 pra:-

1940 1440 2219 1507 cipuisquc
2271 1451 2458 1495 ornata
2515 1445 2823 1509 virtutibus,
2878 1465 2983 1502 non
3034 1452 3208 1505 solum
3261 1466 3503 1517 congruo

1936 1536 2137 1595 pugnat
2163 1531 2367 1599 animo,
2392 1534 2487 1587 sed
2511 1534 2671 1587 etiam
2703 1539 2954 1604 percutit,
2980 1540 3023 1591 si
3054 1540 3176 1607 quis
3204 1542 3278 1595 sit
3302 1556 3502 1595 sensus

1938 1618 1989 1670 in
2019 1619 2096 1673 eis
2116 1637 2131 1685 ;
2155 1621 2353 1690 quippe
2380 1639 2517 1693 quos
2544 1625 2936 1682 immisericors
2958 1630 3012 1682 in
3041 1632 3219 1698 specie
3242 1634 3503 1688 δοιοί-ηοξ

1936 1709 2003 1761 ob
2028 1709 2237 1777 lapsum
2279 1714 2475 1779 repulit
2498 1729 2528 1768 a
2554 1715 2810 1785 μύωπι-ο
2844 1718 3137 1788 divino-tne
3170 1722 3395 1775 lumine.

2002 1996 2092 2052 97.
2124 1997 2266 2052 Ante
2325 2012 2678 2069 congressum
2711 2007 2763 2053 et
2797 2000 3003 2054 cladem
3053 2016 3195 2070 saepe
3227 2001 3496 2055 daemonia

1935 2102 2131 2143 sensus
2166 2088 2360 2141 animae
2402 2091 2624 2142 turbant
2648 2129 2661 2153 ,
2700 2104 2752 2143 ct
2784 2104 3035 2143 somnum
3069 2092 3136 2144 ab
3189 2091 3365 2144 oculis
3414 2107 3500 2145 ra-

1933 2178 2110 2247 piunt.
2167 2178 2271 2234 Sed
2324 2180 2652 2234 confidentia
2709 2192 2763 2236 et
2821 2181 3142 2237 fortitudine
3198 2198 3228 2237 a
3295 2184 3502 2253 Spiritu

1932 2283 2122 2328 sancto
2172 2274 2380 2343 repleta
2432 2278 2635 2340 anima,
2668 2276 2899 2344 despicit
2936 2277 3167 2332 istorum
3217 2280 3499 2332 incursum

1931 2365 2295 2434 acerbumque
2326 2368 2584 2429 furorem,
2640 2367 2692 2420 in
2744 2368 2971 2437 soloque
3017 2368 3416 2438 vivifleosigno
3446 2376 3502 2423 et

1932 2455 2276 2511 invocatione
2314 2455 2530 2511 Domini
2576 2455 2708 2512 Jesu
2749 2460 3131 2529 phantasmata
3158 2476 3346 2517 eorum
3386 2460 3502 2516 dis-

1930 2546 2072 2614 sipat
2106 2560 2311 2616 eosque
2342 2548 2505 2603 simul
2531 2549 2586 2603 in
2618 2549 2804 2618 fugam
2830 2551 3122 2607 convertit.

1997 2811 2086 2866 98.
2131 2812 2188 2867 Si
2227 2813 2402 2885 spolia
2441 2815 2785 2885 prazdaturus
2838 2816 3281 2874 adversariorum
3329 2820 3501 2889 spiri-

1936 2910 2089 2957 tuum
2124 2919 2153 2959 e
2190 2907 2435 2974 practica
2466 2908 2669 2962 exieris
2699 2908 3068 2978 philosophia,
3091 2909 3213 2965 vide
3246 2920 3299 2965 et
3338 2926 3497 2976 cave,

1929 3011 2054 3050 cum
2104 3006 2156 3051 te
2196 3004 2372 3051 totum
2415 3000 2586 3053 annis
2620 2998 2865 3069 Spiritus
2920 3001 3098 3054 sancti
3168 3002 3492 3057 acciuxeris.

1928 3086 2139 3140 Etenim
2188 3088 2297 3142 scis
2332 3102 2568 3158 Quorum
2616 3104 2745 3143 vasa
2806 3090 3049 3160 diripere
3100 3093 3311 3161 cupias,
3373 3108 3498 3147 nam

1929 3188 2119 3234 contra
2152 3180 2336 3234 hostes
2373 3182 2616 3249 quidem,
2654 3182 2749 3236 sed
2782 3184 3097 3251 spirituales
3137 3192 3191 3239 et
3244 3186 3501 3256 incorpo-

1928 3285 2070 3334 reos,
2102 3279 2158 3325 tu
2190 3270 2367 3325 adhuc
2394 3287 2626 3341 corpore
2656 3274 2881 3328 indutus
2908 3276 3010 3328 sub
3040 3291 3166 3348 rege.
3203 3278 3495 3347 spirituum

1926 3373 1979 3417 et
2006 3361 2116 3416 Deo
2156 3364 2381 3418 utilitas.
2428 3364 2581 3419 Scito
2612 3367 2760 3421 enim
2806 3384 2901 3422 eos
2924 3370 3107 3424 acrius
3154 3387 3312 3439 quam
3341 3384 3498 3427 antea

1926 3464 2116 3509 contra
2160 3463 2212 3511 te
2245 3464 2604 3527 pugnaturos,
2655 3458 2914 3527 variaque
2953 3463 3365 3530 excogitaturos
3404 3465 3499 3518 ad-

1926 3562 2115 3601 versus
2164 3554 2217 3601 te
2250 3558 2667 3619 stratagetuata,
2715 3548 2892 3606 donec
2939 3553 3021 3605 vel
3054 3554 3228 3622 spolia
3266 3569 3499 3624 recupe-

1925 3637 2097 3691 rando
2124 3638 2357 3693 inscium
2394 3650 2444 3694 te
2476 3640 2642 3694 simul
2677 3656 2799 3696 eum
2823 3642 2907 3698 his
2937 3644 3216 3713 Captivum
3246 3648 3488 3715 rapiant,

1924 3728 2208 3799 multaque
2235 3730 2605 3786 amaritudine
2628 3733 2866 3787 animam
2930 3740 3080 3788 tuam
3113 3736 3380 3805 repleam,
3411 3738 3496 3791 vel

1924 3820 2081 3875 malis
2131 3828 2184 3874 te
2234 3821 2591 3893 molestisque
2647 3823 2908 3893 dejiciant
2950 3826 3374 3892 tentationibus,
3428 3828 3497 3882 ad

1924 3911 2298 3985 ﬂagellandani
2328 3930 2548 3969 carnem
2577 3924 2724 3971 tuam
2747 3919 2908 3987 eique
2934 3919 3264 3978 nocendum.

1995 4073 2085 4127 99.
2121 4072 2241 4129 Non
2278 4081 2457 4142 potest
2488 4075 2612 4130 fons
2652 4075 2830 4132 bonus
2878 4078 3026 4133 rivos
3058 4078 3308 4132 emittere
3342 4077 3486 4130 luto.

1919 4181 2013 4223 sos
2046 4166 2348 4235 fetidosque
2384 4174 2439 4221 et
2472 4168 2659 4221 mundi
2711 4167 2896 4223 faecem
2955 4170 3263 4239 spirantes;
3317 4187 3487 4241 neque

1920 4259 2137 4313 animus
2178 4273 2207 4311 a
2254 4273 2423 4327 regno
2474 4259 2742 4314 caelorum
2789 4262 3052 4315 exsulans
3104 4271 3320 4316 scatere
3372 4275 3495 4317 iure

1920 4351 2118 4405 divina:
2145 4349 2367 4405 ﬂuentis
2411 4366 2636 4405 suavem
2683 4351 3053 4421 spiritualium
3107 4334 3337 4407 odorum
3382 4355 3463 4409 ira

1918 4441 2187 4511 grantiam
2215 4438 2553 4494 balantibus.
2581 4438 2751 4504 Nam,
2784 4451 2845 4494 ut
2875 4441 3083 4494 dictum
3115 4449 3233 4505 est,
3276 4460 3295 4493 ι
3330 4457 3485 4496 num-

254 4539 429 4604 αὐτῆς
457 4536 596 4605 ὀπῆς
630 4534 783 4606 βρύει
805 4536 865 4588 τὸ
897 4535 1067 4602 γλυκὺ
1089 4536 1184 4587 καὶ
1209 4534 1269 4587 τὸ
1304 4532 1533 4603 πικρόν;
1566 4530 1657 4599 Μὴ
1680 4527 1832 4581 δύνα-

1920 4532 2050 4602 quid
2107 4531 2235 4586 fons
2275 4532 2344 4586 de
2404 4533 2593 4587 eodem
2626 4531 2893 4586 foramine
2935 4540 3154 4587 emanat
3188 4532 3400 4588 dulcem
3440 4546 3495 4589 et

251 4646 347 4681 ται
399 4626 558 4695 βάτος
605 4627 789 4687 ἐλαίας
823 4627 1069 4694 ποιῆσαι,
1112 4626 1145 4695 ἢ
1204 4624 1470 4694 βαλάνους
1507 4620 1661 4674 ὲλαία
1686 4638 1701 4686 ;
1729 4617 1839 4673 Οὖ-

254 4739 363 4784 τως
390 4721 513 4774 οὐδὲ
542 4720 696 4789 πηγὴ
722 4720 820 4788 μία
850 4718 1102 4789 καρδίας,
1131 4716 1365 4787 πονηρὸν
1397 4716 1490 4769 καὶ
1512 4712 1714 4781 ἀγαθὸν
1748 4712 1840 4765 ἐπὶ

254 4814 317 4868 τὸ
354 4813 487 4867 αὐτὸ
517 4815 693 4865 τεκεῖν
720 4811 924 4881 νόημα’
948 4810 1062 4865 ἀλλ’
1095 4812 1123 4862 6
1158 4809 1256 4880 μὲν
1277 4806 1482 4876 ἀγαθὸς
1550 4806 1838 4876 ἄνθρωπος

258 4908 324 4959 ὲκ
345 4905 441 4957 τοῦ
468 4905 671 4971 ἀγαθοῦ
698 4903 974 4973 θησαυροῦ
1023 4904 1124 4971 τῆς
1152 4901 1384 4971 καρδίας
1416 4898 1583 4954 αὑτοῦ
1616 4896 1839 4967 ἐκφέρει

258 4996 326 5048 τὰ
354 4993 538 5061 ἀγαθά
560 5010 574 5025 ο
615 4995 642 5046 6
670 4993 726 5045 δὲ
759 4992 996 5062 πονηρὸς
1041 4992 1104 5043 ὲκ
1152 4990 1246 5044 τοῦ
1280 4987 1521 5060 πονηροῦ
1566 4984 1843 5057 θησαυροῦ

260 5088 360 5157 τῆς
387 5087 616 5157 καρδίας
644 5084 806 5140 αὐτοῦ
833 5085 1054 5156 ἐκφέρει
1084 5086 1153 5138 τὰ
1182 5082 1414 5154 πονηρὰ,
1450 5081 1590 5135 κατὰ
1618 5080 1717 5150 τὴν
1743 5075 1840 5130 τοῦ

261 5177 469 5246 Κυρίου
494 5178 699 5245 φωνήν.

336 5274 404 5336 ρ’.
439 5267 651 5334 Ὥσπερ
673 5266 936 5319 ἀδύνατον
963 5265 1142 5318 ἐλαίου
1173 5264 1267 5318 καὶ
1296 5263 1467 5333 πυρὸς
1488 5263 1615 5317 ἄνευ
1646 5262 1841 5330 λύχνου

261 5356 536 5418 καίεσθαι,
574 5358 665 5409 7.1".
696 5355 906 5424 φαίνειν
927 5356 1037 5417 τοῖς
1065 5357 1121 5407 ὲν
1148 5356 1213 5423 τῇ
1241 5353 1409 5422 οἰκίᾳ,
1434 5353 1574 5405 οὕτω
1615 5351 1711 5404 καὶ
1742 5350 1845 5418 ψυ-

262 5447 366 5515 χὴν
402 5446 680 5514 ἀμήχανον
732 5443 858 5496 ἄνευ
908 5443 1051 5495 θείου
1094 5442 1405 5510 Πνεῦματος
1435 5441 1528 5492 καὶ
1557 5440 1747 5509 πυρὸς,
1778 5438 1845 5490 τὰ

264 5540 385 5591 θεῖα
422 5538 745 5606 τρανότερον
788 5534 1143 5604 φθέγγεσθαι,
1180 5538 1275 5587 καὶ
1324 5533 1580 5601 φωτίζειν
1634 5528 1845 5600 ἀνθρώ-

265 5647 421 5692 πους.
454 5630 565 5681 Πᾶν
589 5628 696 5699 γὰρ
723 5628 954 5698 δώρημα
982 5627 1209 5689 τέλειον,
1243 5625 1449 5679 ἄνωθέν
1476 5626 1621 5676 ἐστιν
1656 5624 1717 5676 ὲκ
1752 5620 1845 5675 τοῦ

343 5792 380 5821 ³¹
411 5790 524 5843 Jac.
568 5806 646 5849 in.
685 5792 770 5846 ll.
850 5792 893 5824 ³¹
923 5789 1114 5848 Matth.
1145 5808 1241 5857 xu,
1265 5792 1300 5846 3
1332 5792 1401 5857 5;
1444 5792 1575 5848 Luc.
1604 5808 1678 5858 νι,
1709 5792 1798 5848 45.

1916 4635 2159 4675 amaram
2196 4636 2394 4690 aquam
2418 4622 2503 4674 ³⁸2
2537 4639 2553 4671 ι
2593 4620 2864 4691 Numquid
2901 4629 3082 4692 potest
3116 4622 3284 4676 rubus
3312 4624 3489 4678 olivas

1917 4713 2114 4781 facere,
2148 4723 2243 4768 aut
2275 4714 2501 4782 glandes
2531 4714 2719 4768 oliva?
2740 4715 2817 4768 lta
2844 4731 2946 4769 nec
2979 4730 3123 4771 unus
3150 4714 3275 4771 fons
3301 4719 3488 4770 cordis

1917 4806 2089 4863 bonas
2127 4814 2181 4862 et
2209 4806 2381 4860 malas
2413 4806 2561 4861 circa
2592 4806 2732 4861 idem
2769 4808 3076 4876 producere
3108 4814 3286 4877 potest
3332 4808 3475 4877 cogi—

1924 4900 2189 4965 tationes;
2223 4897 2320 4953 sed
2355 4916 2373 4949 ¢
2411 4899 2588 4953 bonus
2611 4898 2775 4954 homo
2807 4899 2873 4952 de
2904 4901 3046 4954 bono
3075 4903 3335 4954 thesauro
3370 4915 3494 4953 corv

1927 4993 2011 5047 dis
2052 4991 2137 5047 sui
2192 4988 2401 5060 profert
2450 4990 2615 5054 bona,
2656 4998 2711 5043 et
2767 4990 2943 5045 malus
2996 4991 3161 5044 homo
3215 4991 3282 5045 de
3348 4990 3493 5043 malo

1926 5083 2182 5138 thesauro
2209 5079 2394 5136 cordis
2434 5081 2518 5137 sui
2551 5079 2760 5151 profert
2803 5081 2975 5146 mala',
3011 5099 3029 5132 ι
3073 5079 3232 5149 juxta
3279 5079 3490 5134 Domini

1946 5193 2109 5210 'nnnn\
2151 5178 2194 5210 ³.

1926 5193 2126 5305 ωἳῗὲ.
2171 5220 2327 5305 Sicut
2354 5262 2463 5302 non
2499 5252 2675 5316 potest
2716 5244 2835 5299 sine
2867 5244 2989 5297 oleo
3024 5251 3077 5296 et
3116 5245 3238 5309 igne
3265 5242 3490 5296 lucerna

1935 5340 2182 5406 accendi,
2215 5348 2268 5393 et
2305 5339 2527 5393 illucere
2562 5337 2627 5389 iis
2654 5335 2745 5402 qui
2794 5340 2925 5387 sunt
2966 5332 3018 5385 in
3051 5332 3235 5392 domo,
3266 5333 3347 5383 sic
3382 5345 3489 5382 non

1934 5440 2109 5501 potest
2139 5430 2317 5483 anima
2359 5429 2474 5482 sine
2523 5425 2710 5479 divino
2759 5423 2963 5493 Spiritu
3015 5431 3069 5476 et
3129 5422 3253 5491 igne
3304 5420 3490 5473 divina

1934 5524 2075 5576 clare
2100 5521 2369 5589 explicare
2392 5531 2441 5573 et
2465 5517 2738 5571 illustrare
2763 5516 3032 5568 homines.
3055 5513 3273 5566 Etenim
3297 5529 3315 5562 ι
3337 5527 3499 5564 omne

1932 5615 2131 5670 donum
2164 5610 2464 5683 perfectum
2495 5610 2785 5666 desursum
2802 5616 2905 5674 est,
2931 5605 3269 5661 descendens
3290 5619 3317 5657 a
3338 5604 3498 5659 Patre
