4202 6450
734 400 842 463 899

1924 399 2220 461 NICETZE
2252 402 2673 463 PECT-‘JRATI

3871 412 3980 476 900

734 521 1003 575 luminum
1046 521 1126 592 (in
1169 521 1473 578 mercedem
1508 522 1701 577 animae
1743 520 1909 577 Deum
1946 522 2246 594 diligentis)
2284 540 2299 577 :

2403 523 2501 577 τῶν
2528 524 2724 593 φώτων
2766 525 3000 595 Πατρδς,
3029 526 3528 597 ὲπιδραϐευόμενον
3564 529 3710 597 πάσῃ
3746 524 3979 593 φιὶιιοέῳ

733 613 877 683 apud
910 628 1073 683 quem
1107 629 1214 669 non
1237 622 1319 669 est
1348 614 1522 681 (juxta
1546 628 1764 668 sacrum
1782 614 2089 685 oraculum)
2118 623 2298 672 trans-

757 707 988 762 mutatio
1016 722 1120 764 nec
1155 704 1488 762 vicissitudis
1518 705 1864 761 obumbratio
1890 705 1955 760 ³³.
1994 724 2016 760 ι

2392 614 2536 685 ψυχῇ
2571 632 2585 646 ·
2617 615 2750 685 παρ’
2789 608 2833 683 ᾧ
2870 617 2970 670 οὐκ
3002 617 3107 683 ενι,
3148 618 3291 671 κατά
3317 619 3377 672 τὸ
3406 618 3609 687 λόγιον,
3649 614 3979 687 παραλλαγὴ

2394 705 2489 757 καὶ
2534 707 2743 777 τροπῆς
2775 707 3156 781 ἀποσκίασμα.

742 926 3947 955 Wm-

1933 1102 2243 1219 ΤΟΥ
2296 1104 2789 1221 ΑΥΤΟΥ

1107 1353 1602 1444 ΔΕΥΤΕΡΑ
1678 1352 2177 1442 ΦΥΣΙΚΩΝ
2251 1350 2900 1445 ΚΕΦΑΛΑΙΩΝ
2936 1351 3599 1450 ΕΚΑΤΟΝΤΑΣ

1747 1541 1923 1597 ΠΕΡΙ
1956 1541 2101 1596 ΤΗΣ
2153 1542 2283 1595 ΤΟΥ
2318 1542 2515 1596 ΝΟΟΣ
2560 1546 3002 1600 ΚΑΘΑΡΣΕΩΣ.

2030 1866 2180 1982 EJ
2196 1866 2663 1983 USDEM

983 2112 1765 2208 PHYSICOBUM
1853 2115 2384 2209 CAPITUM
2473 2122 3083 2216 CENTUBIA
3194 2125 3731 2220 SECUNDA

1850 2358 1968 2419 DE
2000 2357 2273 2422 PURGA
2288 2357 2551 2421 TIONE
2576 2357 2859 2426 ANIMI.

805 2723 857 2774 l.
892 2717 1231 2788 Principium
1265 2716 1472 2771 amoris
1504 2716 1601 2771 Dei
1645 2727 1729 2773 est
1765 2719 2066 2776 visibilium
2110 2723 2306 2777 huma-

2474 2718 2543 2769 α’.
2591 2717 2759 2785 Ἀρχὴ
2804 2717 2902 2785 μὲν
2946 2707 3169 2786 ἀγάπης
3197 2716 3355 2782 Θεοῦ,
3386 2717 3495 2770 τῶν
3538 2717 3839 2788 ὁρωμένων
3893 2719 3989 2772 καὶ

734 2827 1041 2880 uarumque
1065 2825 1247 2865 rerum
1280 2809 1609 2879 despectus;
1646 2810 1889 2865 medium
1935 2827 2087 2880 vero,
2122 2814 2308 2871 cordis

732 2911 787 2957 et
821 2902 984 2955 animi
1022 2901 1295 2969 purgatio,
1329 2916 1394 2955 ex
1421 2916 1527 2969 qua
1557 2902 1866 2969 procedunt
1896 2903 2197 2971 Spiritualis
2227 2906 2310 2959 iu-

737 2992 1125 3048 tellectualium
1158 2993 1442 3045 oculorum
1473 2995 1706 3062 apertio,
1739 3002 1793 3048 et
1822 2994 2130 3050 absconditi
2167 2997 2309 3050 intra

740 3096 839 3136 nos
875 3082 1025 3151 regni
1083 3079 1176 3134 Dci
1225 3082 1504 3151 cognitio;
1549 3082 1672 3137 linis
1706 3083 1963 3150 denique,
2014 3086 2309 3144 vehemens

740 3170 1078 3225 desiderium
1110 3171 1617 3239 supernaturalium
1650 3172 1743 3227 Dei
1795 3174 2086 3241 donorum,
2118 3184 2172 3231 et
2211 3193 2310 3232 na-

737 3264 933 3317 turalis
963 3264 1242 3333 appetitus
1267 3264 1557 3321 societatis
1577 3280 1704 3320 cum
1740 3264 1874 3333 Deo,
1905 3281 2027 3336 qua:
2048 3277 2133 3324 est
2160 3269 2304 3341 ipsa-

740 3363 852 3409 met
892 3355 944 3409 in
976 3370 1040 3408 eo
1075 3355 1252 3424 quies.

803 3447 858 3501 2.
889 3447 990 3502 Ubi
1019 3462 1175 3501 amor
1211 3448 1304 3501 Dei
1337 3456 1391 3502 et
1423 3448 1791 3518 spiritualium
1825 3467 2009 3508 rerum
2039 3456 2308 3524 operatio,

735 3542 790 3589 et
822 3534 1220 3589 inaccessibilis
1247 3536 1389 3591 lucis
1425 3539 1803 3609 participatio,
1841 3541 1914 3595 ibi
1941 3546 2308 3612 potentiarum

736 3626 931 3679 animae
981 3641 1103 3696 pax,
1159 3629 1462 3697 mentisque
1513 3631 1787 3700 purgatio,
1845 3641 1900 3687 et
1960 3634 2300 3692 inhabitatio

738 3726 946 3771 sancta:
978 3714 1282 3772 Trinitatis.
1343 3718 1558 3773 Etenim
1614 3738 1633 3773 ‹
1682 3721 1773 3790 qui
1798 3720 1975 3792 diligit
2011 3739 2118 3789 me,
2152 3726 2310 3781 Chri-

736 3813 857 3859 stus
908 3806 1108 3876 inquit,
1145 3821 1458 3862 sermonem
1510 3824 1689 3865 meum
1739 3814 1998 3873 servabit.
2047 3825 2101 3872 et
2149 3816 2311 3874 Pater

738 3911 893 3950 meus
920 3897 1111 3965 diliget
1136 3913 1286 3962 eum,
1316 3908 1370 3953 et
1401 3899 1467 3953 ad
1493 3915 1617 3954 eum
1650 3903 1962 3969 veniemus,
1988 3917 2043 3961 et
2068 3909 2313 3964 mansio-

734 4001 860 4040 nem
893 3989 1036 4056 apud
1069 4004 1195 4043 eum
1225 3989 1491 4043 faciemus
1521 3990 1566 4022 “
1599 4031 1615 4046 .
1648 4010 1667 4045 ι

805 4074 860 4127 5.
888 4072 1021 4130 Tres
1068 4080 1216 4131 novit
1250 4078 1391 4132 ratio
1441 4088 1617 4134 status
1650 4079 1806 4146 vitae,
1859 4085 2155 4153 carnalem,
2184 4088 2305 4142 ani-

733 4165 936 4219 malem
989 4174 1045 4221 et
1090 4169 1464 4236 spiritualem.
1503 4169 1708 4227 Horum
1762 4176 2145 4246 unusquisque
2177 4194 2307 4249 pro-

737 4256 914 4326 prium
952 4257 1109 4312 habet
1138 4261 1441 4316 exsistendi
1473 4263 1692 4317 modum
1726 4265 1782 4319 in
1813 4281 1873 4321 se
1901 4267 2221 4324 distinctum
2255 4280 2309 4326 et

734 4350 807 4401 ab
836 4348 958 4404 aliis
991 4352 1338 4406 dissimilem.

807 4443 864 4497 4.
895 4440 1139 4500 Carnalis
1171 4447 1291 4499 vitae
1315 4454 1491 4503 status
1518 4456 1666 4504 totus
1693 4449 2062 4520 voluptatibus
2090 4462 2144 4508 et
2170 4468 2308 4524 preco

733 4536 912 4591 sentis
948 4537 1071 4591 vita:
1102 4538 1313 4593 deliciis
1344 4539 1565 4595 deditus
1598 4550 1702 4607 est,
1750 4544 1885 4597 nihil
1914 4547 2163 4602 animalis
2193 4549 2311 4618 spi-

735 4625 1064 4696 ritualisque
1093 4639 1268 4685 status
1299 4632 1352 4685 in
1383 4648 1443 4687 se
1471 4633 1703 4701 habens,
1728 4643 1820 4688 aut
1860 4637 2145 4706 acquirere
2176 4640 2310 4693 ulla-

738 4724 901 4771 tenus
935 4719 1145 4775 volens.
1182 4720 1474 4788 Animalis,
1508 4724 1664 4794 quasi
1701 4725 1892 4779 vitium
1945 4735 1999 4781 et
2048 4729 2307 4784 virtutem

736 4807 1097 4876 interjacens,
1132 4811 1199 4865 ad
1265 4828 1450 4866 curam
1507 4815 1912 4886 sanitatemque
1962 4822 2211 4889 corporis
2256 4830 2310 4877 et

736 4898 809 4951 ad
847 4898 1058 4952 laudem
1101 4900 1397 4955 humanam
1433 4903 1686 4968 intendit,
1715 4908 1922 4975 pariter
1949 4908 2165 4964 labores
2195 4910 2309 4963 vir-

738 4989 876 5043 tutis
922 4993 1229 5058 excutiens,
1281 5003 1335 5048 et
1383 5008 1549 5064 Opera
1592 4996 1810 5066 fugiens
1860 5001 2080 5063 carnis,
2133 5017 2311 5067 neque

741 5080 956 5145 virtuti,
992 5096 1172 5150 neque
1221 5084 1353 5138 vitio
1393 5085 1737 5152 incumbens,
1764 5100 1983 5159 propter
2032 5093 2310 5161 oppositas

741 5171 845 5225 sibi
897 5172 1131 5226 invicem
1169 5187 1368 5228 causas
1402 5191 1418 5233 :
1448 5193 1557 5231 non
1587 5179 1797 5241 virtuti,
1834 5188 2055 5250 prapter
2101 5184 2309 5251 asperi-

741 5267 909 5315 tatem
961 5262 1086 5333 ejus
1140 5265 1389 5320 simulet
1435 5267 1845 5337 diﬂicultatem;
1891 5286 1999 5325 non
2050 5272 2203 5337 vitio,
2243 5288 2311 5328 nc

2402 2805 2762 2877 ἀνθρωπίνων
2805 2808 3153 2877 πραγμάτων
3184 2809 3218 2877 ἡ
3261 2808 3671 2878 καταφρόνησις
3696 2827 3710 2841 ·
3747 2810 3987 2879 μεσότης

2403 2898 2480 2960 δὲ,
2512 2899 2739 2968 καρδίας
2768 2898 2865 2951 καὶ
2914 2900 3033 2961 νοὸς
3078 2898 3367 2970 κάθαρσις,
3397 2902 3455 2965 ἐξ
3496 2896 3564 2971 ἦς
3602 2902 3634 2967 ἡ
3683 2904 3851 2969 νοερὰ
3882 2903 3990 2952 τῶν

2402 2989 2610 3060 νοητῶν
2638 2990 2934 3061 ὀφθαλμῶν
2956 2991 3321 3059 ἀποκάλυψις,
3350 2991 3444 3044 καὶ
3478 2994 3511 3060 ἡ
3550 2992 3852 3059 ἐπίγνωσις
3884 2991 3985 3057 τῆς

2402 3082 2793 3152 κεκρυμμένης
2818 3083 2875 3134 ὲν
2902 3084 3033 3153 ἡμῖν
3064 3082 3173 3135 τῶν
3210 3083 3451 3152 οὐρανῶν
3488 3082 3766 3153 βασιλείας
3796 3099 3811 3113 ο
3841 3083 3990 3145 τέλος

2401 3171 2478 3234 δὲ,
2520 3172 2888 3241 ἀκατάσχετος
2912 3172 3051 3243 ἔρως
3079 3171 3189 3225 τῶν
3210 3173 3350 3242 ὑπὲρ
3376 3172 3538 3239 φύσιν
3568 3171 3661 3225 τοῦ
3709 3172 3850 3225 Θεοῦ
3884 3172 3982 3224 δωο

2406 3263 2564 3332 ρεῶν,
2594 3262 2687 3317 καὶ
2720 3264 2921 3334 φυσικὴ
2974 3262 3240 3332 ἐπιθυμία
3303 3265 3404 3332 τῆς
3452 3265 3591 3332 μετὰ
3624 3264 3763 3317 Θεοῦ
3813 3282 3983 3319 συνα-

2404 3356 2561 3425 φείας
2592 3356 2761 3425 αὐτῆς
2804 3358 2902 3426 τῆς
2944 3358 2999 3410 ὲν
3032 3355 3182 3425 αὑτῷ
3207 3357 3627 3419 καταπαύσεως.

2476 3446 2545 3516 β’.
2569 3447 2745 3500 Ὅπου
2786 3448 2925 3516 ἔρως
2950 3447 3107 3507 Θεοῦ.
3140 3447 3237 3499 καὶ
3281 3447 3389 3500 τῶν
3418 3448 3621 3517 νοητῶν
3644 3447 3991 3518 πραγμάτων

2401 3539 2435 3606 ὴ
2473 3538 2725 3607 ἐργασία.
2760 3538 2854 3591 καὶ
2903 3539 2937 3607 ὴ
2994 3539 3257 3607 μετουσία
3289 3537 3385 3590 τοῦ
3434 3537 3731 3607 ἀπροσίτου
3790 3539 3990 3605 qui-3;,

2403 3628 2521 3681 ἐκεῖ
2561 3627 2670 3680 τῶν
2722 3628 3009 3697 δυνάμεων
3064 3626 3165 3696 τῆς
3215 3628 3396 3697 ψυχῆς
3449 3629 3662 3697 είρήνη,
3718 3630 3813 3682 καὶ
3872 3630 3989 3692 νοὸς

2403 3718 2693 3787 κάθαρσις,
2728 3719 2824 3771 καὶ
2860 3720 2893 3788 ὴ
2927 3718 3203 3787 ἐνοίκησις
3222 3718 3323 3787 τῆς
3381 3720 3540 3785 ἁγίας
3566 3720 3819 3787 Τριάδος.
3859 3739 3877 3770 ι
3931 3720 3988 3772 '0

2403 3810 2511 3879 γάρ
2538 3809 2770 3877 ἀγαπῶν
2797 3826 2887 3878 με,
2931 3809 3086 3879 φησὶ,
3111 3809 3203 3861 τὸν
3226 3809 3386 3877 λόγον
3420 3827 3520 3879 μου
3549 3812 3806 3880 τηρήσει,
3840 3812 3933 3863 καὶ
3960 3812 3989 3861 ό

2404 3903 2592 3971 Πατήρ
2625 3919 2723 3969 μου
2751 3902 3027 3971 ἀγαπήσει
3061 3902 3247 3963 αὑτὸν,
3280 3901 3537 3971 καὶπρὸς
3568 3902 3732 3954 αὑτὸν
3778 3902 3994 3955 ἐλευσό-

2410 3993 2569 4062 μεθα,
2605 3994 2697 4044 καὶ
2730 3992 2897 4061 μονὴν
2928 3992 3061 4061 παρ’
3092 3990 3242 4058 αὐτῷ
3264 3992 3582 4061 ποιήσομεν.
3630 4010 3649 4042 ι

2476 4082 2545 4150 γ’.
2579 4082 2743 4151 Τρεῖς
2796 4077 2936 4133 οἶδεν
2970 4082 3000 4133 ὁ
3039 4081 3197 4148 λόγος
3236 4082 3603 4143 καταστάσεις
3649 4081 3744 4134 τοῦ
3814 4081 3934 4149 ﬂio-2
3974 4098 3989 4113 ·

2406 4173 2694 4244 σαρκικὴν,
2714 4172 2974 4242 ψυχικὴν,
2990 4173 3083 4225 καὶ
3103 4174 3502 4241 πνευματικήν.
3540 4172 3761 4225 Τούτων
3784 4174 3990 4240 ἑκάστη

2401 4268 2501 4334 τὴν
2544 4265 2751 4317 οἰκείαν
2784 4263 2896 4332 ἔχει
2946 4262 3186 4316 διάθεσιν
3216 4263 3317 4332 τῆς
3362 4262 3508 4333 ζωῆς
3554 4263 3992 4333 διακεκριμένη

2403 4356 2537 4427 πρὸς
2560 4356 2778 4426 ἑαυτὴν,
2806 4355 2897 4408 καὶ
2922 4354 3032 4407 τῶν
3054 4355 3517 4425 ἀλλωνιάνόμοιον.

2470 4448 2532 4502 δ’.
2577 4448 2639 4499 Ἡ
2673 4447 2910 4517 σαρκικὴ
2945 4446 3042 4499 τοῦ
3089 4447 3205 4516 βίον
3253 4448 3585 4508 κατάστασις
3625 4446 3721 4513 ὅλη
3752 4446 3989 4497 καοῦλου

2405 4541 2539 4612 προς
2589 4538 2779 4609 ἡδονάς
2819 4538 2913 4592 καὶ
2974 4538 3304 4601 ἀπολαύσεις
3352 4539 3451 4607 τῆς
3502 4537 3788 4607 παρούσης
3846 4537 3989 4605 ζωῆς

2405 4631 2778 4699 καταγίνεται,
2820 4630 2988 4700 μηδὲν
3030 4630 3062 4699 ἢ
3114 4628 3222 4683 ἀπὸ
3267 4632 3366 4698 τῆς
3401 4628 3638 4697 ψυχικῆς
3700 4628 3988 4680 καταστά-

2406 4743 2565 4788 σεως.
2605 4724 2764 4794 ἦάπὸ
2802 4724 2901 4793 τῆς
2925 4722 3306 4792 πνευματικῆς
3354 4723 3490 4791 πρὸς
3531 4721 3732 4789 ἑαυτὴν
3762 4723 3988 4789 ἔχουσα,

2403 4820 2436 4888 ἢ
2497 4818 2601 4871 κᾶν
2661 4818 2799 4878 ὅλως
2875 4814 3175 4885 βουλομένη
3253 4811 3725 4883 προσκτήσασθαι.
3800 4814 3865 4864 Ἦ
3932 4812 3989 4864 δὲ

2401 4910 2649 4978 ψυχικὴ,
2713 4906 2961 4977 μεθόριος
3028 4922 3113 4967 τις
3176 4902 3306 4955 οὖσα
3364 4903 3561 4965 κακίας
3611 4902 3706 4954 καὶ
3758 4902 3985 4970 ἀρετῆς,

2403 4996 2540 5066 πρὸς
2602 4995 2701 5065 τὴν
2759 4994 2852 5046 τοῦ
2915 4992 3168 5060 σώματος
3246 4991 3566 5060 ἐπιμέλειαν
3636 4992 3734 5043 καὶ
3818 4992 3989 5060 ῥῶσιν

2401 5089 2523 5157 ὁρᾷ,
2556 5087 2650 5139 καὶ
2691 5085 2828 5156 πρὸς
2863 5084 2953 5137 τὸν
2999 5083 3219 5135 ἔπαινον
3272 5082 3381 5134 τῶν
3413 5080 3750 5150 ἀνθρώπων
3785 5082 3988 5151 ἐπίσης

2401 5179 2527 5236 τοὺς
2568 5196 2627 5231 τε
2669 5178 2863 5238 πόνους
2907 5175 3281 5243 ἀποσειομένη
3322 5175 3421 5241 τῆς
3478 5174 3703 5241 ἀρετῆς,
3738 5174 3836 5225 καὶ
3888 5176 3991 5236 τάς

2411 5270 2639 5339 πράξεις
2665 5267 2939 5336 φεύγουσα
2961 5266 3060 5334 τῆς
3105 5263 3337 5334 σαρκόςο
3378 5263 3451 5333 μὴ
3486 5264 3866 5332 προσκειμένῃ
3894 5282 3994 5316 κα-

743 5355 1027 5410 amittatur
1092 5359 1380 5414 hominum
1439 5365 1793 5422 existimatio.
1839 5367 2153 5437 Spiritualis
2217 5370 2309 5425 de-

2412 5364 2527 5433 κία,
2562 5361 2596 5431 ἢ
2650 5361 2841 5431 ἀρετῇ.
2869 5357 2956 5411 διὰ
2987 5357 3087 5419 τάς
3126 5360 3184 5411 ὲν
3223 5357 3412 5418 αὐταῖς
3436 5355 3750 5417 ἀντιθέτους
3782 5356 3989 5417 αἰτίας.

744 5460 890 5499 mum
940 5449 1064 5503 vitae
1115 5460 1295 5508 status
1348 5453 1583 5510 duorum
1629 5459 1873 5527 priorum
1925 5461 2059 5515 nihil
2109 5462 2310 5517 habere

741 5536 881 5602 vult,
909 5546 964 5592 et
988 5540 1178 5596 ambos
1206 5541 1276 5596 ita
1310 5544 1482 5600 malos
1516 5547 1740 5601 minime
1774 5549 2002 5617 appetit,
2032 5550 2128 5605 sed
2164 5559 2312 5606 totus

746 5628 815 5681 ab
859 5639 1091 5698 utroque
1148 5648 1375 5703 prorsus
1430 5637 1586 5699 liber,
1641 5639 2008 5711 deargentalis
2066 5641 2309 5696 Charita-

824 5829 1079 5896 "140.1,
1124 5836 1203 5888 l7.
1286 5836 1329 5864 “
1362 5834 1517 5890 Joau.
1577 5851 1682 5903 xiv,
1720 5837 1807 5891 25.

2407 5454 2575 5524 ἁρετῇ
2607 5452 2727 5521 μὲν,
2758 5451 2845 5503 διὰ
2884 5452 2944 5502 τὺ
2996 5451 3172 5520 τραχὺ
3217 5448 3423 5518 ταύτης
3461 5447 3598 5518 ὁμοῦ
3646 5448 3741 5498 καὶ
3788 5448 3991 5498 enixo-

2408 5562 2495 5597 νον
2520 5562 2531 5573 ·
2573 5543 2742 5611 κακίᾳ
2787 5543 2865 5607 δὲ,
2890 5542 2976 5595 διά
3034 5545 3095 5593 τὸ
3150 5541 3225 5611 μὴ
3275 5539 3681 5610 προσαπολέσαι
3720 5540 3851 5599 τοὺς
3881 5537 3993 5587 τῶν

2408 5636 2713 5706 ἀνθρώπων
2761 5636 3036 5697 ἐπαίνους.
3106 5635 3170 5686 Ἢ
3223 5633 3278 5686 δὲ
3326 5630 3671 5699 πνευματικὴ
3718 5629 3813 5683 τοῦ
3873 5628 3989 5698 βίον
