4202 6450
211 417 307 477 901

1151 404 1631 466 ΡΗΥἭΕΟΠΟΜ
1670 400 2001 461 CAPITUM
2048 401 2437 463 CENI'UHIA
2471 406 2550 465 Il.

3332 415 3436 475 νοτ

213 514 554 572 καταστασις
600 510 803 564 τούτων
847 510 945 578 μὲν
986 509 1139 563 οὐδὲν
1191 511 1314 564 οὔτε
1356 513 1500 579 ἔχειν
1550 510 1844 578 αίρείταιΑ

1771 520 1844 575 ιΑ
1878 513 1946 566 tis
1988 512 2553 583 impassibilitatisque
2608 518 2802 587 pennis
2850 518 3040 571 ambos
3090 530 3429 589 supervolat,

212 598 335 653 οὕτε
376 601 512 671 πρὸς
553 601 695 653 οὕτω
728 600 874 653 κακὰ
926 601 1312 669 καταγίνεσθαι
1342 603 1412 654 τά
1455 602 1741 670 ἀμφότερα
1772 616 1784 631 ·

212 691 330 742 ἀλλ’
359 691 457 760 ὅλη
487 690 548 744 δι’
581 691 704 745 ὅλου
760 691 1047 761 ἐλεύθερός
1091 693 1208 745 ἐστι
1256 692 1463 763 ταύτης
1503 692 1787 762 κάκείνης,

213 779 444 850 πτέρυξι
498 785 998 854 περιηργυρωμένη
1051 783 1273 855 ἀγάπης
1329 786 1425 838 καὶ
1472 786 1739 848 ἀπαθείας
1772 826 1788 849 ,

216 874 641 945 ὑπεριπταμένη
692 878 800 931 τῶν
846 879 1173 947 ἀμφοτέρων
1206 919 1221 941 ,
1280 882 1418 950 μήτε
1474 881 1791 951 πράττουσά

212 982 264 1016 τι
318 966 431 1017 τῶν
487 966 981 1038 ἀπηγορευμένων,
1009 972 1101 1022 καὶ
1144 969 1242 1039 τὴν
1296 970 1497 1040 ἀργίαν
1547 969 1788 1038 ἀποφεύ-

212 1073 386 1123 γουσα
418 1058 528 1111 τῶν
574 1060 783 1115 κακῶν.

286 1153 348 1200 ε’.
383 1149 445 1200 Oi
486 1148 764 1217 σαρκικῶς
796 1150 1018 1217 ζῶντες,
1050 1153 1144 1206 καὶ
1172 1151 1308 1208 πολὺ
1351 1152 1415 1205 τὸ
1445 1155 1541 1223 τῆς
1588 1154 1790 1223 σαρκὸς

213 1238 470 1308 φρόνημα
517 1240 861 1309 ἐπικείμενον
896 1244 954 1296 ὲν
1003 1244 1219 1305 ἑαυτοῖς
1266 1243 1519 1313 ἔχοντες,
1584 1244 1787 1314 σάρκες

212 1330 539 1398 αὐτόχρημα
564 1330 736 1395 ὅντες,
759 1334 820 1386 οὐ
845 1334 1096 1388 δύνανται
1121 1334 1316 1404 ἀρέσαι
1336 1335 1453 1406 Θεῷ
1476 1352 1490 1367 ·
1526 1337 1790 1389 σκοτεινοὶ

210 1422 323 1490 γάρ
346 1423 454 1473 εἰσι
484 1426 597 1486 τοῖς
623 1427 967 1497 φρονήμασι,
990 1428 1086 1480 καὶ
1120 1429 1229 1483 τῶν
1251 1430 1487 1483 ἀκτίνων
1508 1429 1601 1482 τοῦ
1642 1429 1787 1482 θείου

210 1510 394 1577 φωτὸς
411 1513 629 1566 πάντων
654 1514 930 1586 ἀμέτοχοι.
946 1518 1026 1570 Τά
1055 1518 1165 1589 γὰρ
1191 1520 1629 1590 ἐπιπροσθοῦντα
1652 1521 1786 1592 νέφη

208 1599 321 1650 τῶν
377 1602 569 1655 παθῶν
601 1645 617 1669 ,
673 1603 864 1676 ὥσπερ
919 1607 1099 1677 ὑψηλὰ
1152 1611 1306 1681 τείχη
1375 1611 1790 1681 ἀποτειχίζοντα

213 1690 445 1761 ἔχοντες
473 1694 573 1757 τάς
618 1695 970 1767 λαμπηδόνας
1000 1700 1093 1753 τοῦ
1120 1701 1452 1771 πνεύματος,
1495 1703 1789 1769 ἀφώτιστοι

207 1780 549 1849 διαμένουσι.
582 1787 757 1857 Πηροὶ
784 1788 839 1841 δὲ
870 1790 968 1853 τὰς
992 1790 1276 1859 αἰσθήσεις
1309 1792 1465 1856 ὄντες
1499 1794 1608 1846 τῶν
1645 1794 1789 1846 ἰδίων

1876 601 2012 655 nihil
2054 602 2208 657 vetiti
2259 602 2366 659 sibi
2415 607 2705 675 permittit,
2752 616 2808 663 et
2857 608 3107 663 inertiam
3164 610 3299 682 tugit
3358 615 3439 664 vi-

1875 695 2099 749 tiorum.

1945 1159 1998 1213 5.
2032 1157 2135 1225 Qui
2168 1155 2465 1211 carnaliter
2489 1156 2717 1213 vivunt.
2762 1168 2987 1210 sensum
3021 1154 3294 1209 carnalem
3330 1155 3435 1207 im-

1873 1262 2183 1306 manentem
2225 1254 2278 1305 in
2301 1249 2498 1320 seipsis
2528 1250 2815 1313 habentes,
2841 1262 2965 1303 cum
2995 1248 3102 1302 sint
3133 1264 3255 1301 γυνθ
3280 1263 3434 1308 caro,

1877 1346 2094 1413 placere
2134 1343 2246 1397 Deo
2274 1352 2558 1409 nequeunt
2589 1359 2601 1393 :
2633 1341 2910 1395 tenebrosi
2960 1341 3104 1393 enim
3133 1350 3261 1393 sunt
3291 1342 3441 1406 cogi-

1874 1436 2196 1497 tationibus,
2231 1443 2285 1488 et
2316 1433 2573 1488 omnibus
2614 1432 2784 1486 divini
2838 1433 3060 1486 luminis
3105 1433 3272 1485 radiis
3322 1433 3438 1499 pri-

1876 1526 2007 1579 vati.
2037 1523 2291 1593 Objectas
2323 1523 2467 1577 enim
2499 1522 2859 1589 cupiditatum
2890 1523 3140 1587 nebulas,
3174 1529 3322 1575 velut
3347 1536 3443 1574 ex-

1875 1617 2021 1672 celsa
2054 1616 2250 1671 mmnia
2300 1613 2735 1669 illuminatioues
2767 1613 2998 1682 spiritus
3031 1614 3440 1680 intercipietttia

1877 1709 2182 1769 habentes,
2239 1707 2361 1760 sine
2412 1706 2619 1760 lumine
2670 1711 2975 1759 remanent.
3030 1706 3209 1772 Atque
3264 1702 3443 1756 orbati

1878 1802 2112 1869 pmpriae
2156 1799 2351 1852 animae
2394 1797 2674 1861 sensibus,
2727 1812 2833 1850 non
2867 1806 3095 1866 possunt
3128 1796 3442 1864 spirituales

206 1871 419 1941 ψυχῶν,
451 1876 511 1928 οὐ
542 1875 794 1932 δύνανται
843 1880 981 1950 πρὸς
1010 1880 1076 1933 τὰ
1109 1884 1273 1953 νοητὰ
1303 1883 1473 1953 κάλλη
1519 1884 1613 1937 τοῦ
1654 1884 1788 1937 Θεοῦ
1810 1874 1850 1932 Β

1784 1874 1850 1932 ιΒ
1880 1891 1969 1943 Dei
2010 1888 2444 1959 pulchritudines
2481 1889 2749 1957 aspicere,
2784 1896 2839 1941 et
2869 1888 3051 1940 lumen
3086 1888 3274 1940 videre
3304 1899 3443 1938 verae

208 1966 529 2030 ἀνανεῦσαι,
555 1971 649 2021 καὶ
679 1969 741 2021 τὸ
789 1970 905 2039 φῶς
965 1972 1090 2024 ἰδεῖν
1119 1976 1217 2043 τῆς
1266 1974 1528 2045 ἀληθινῆς
1570 1976 1649 2047 τῷ
1676 1977 1789 2030 ὄντι

210 2051 386 2125 ζωῆς.
449 2058 543 2111 καὶ
598 2059 856 2130 ὑπεράνω
900 2064 1153 2130 γενέσθαι
1205 2064 1313 2118 τῶν
1348 2066 1640 2135 ὁρωμένων
1689 2067 1788 2135 τῆς

208 2147 613 2213 ταπεινώσεως.
665 2152 803 2205 Ἀλλ’
852 2149 965 2206 οἷον
1007 2157 1488 2226 ἀποκτηνωθέντες
1545 2161 1638 2211 καὶ
1700 2161 1786 2213 αἶ-

210 2241 410 2310 σθησις
455 2244 742 2310 γεγονότες
781 2244 877 2297 τοῦ
934 2246 1164 2315 κόσμου,
1207 2250 1319 2310 τοῖς
1369 2249 1645 2319 αἰσθητοῖς
1694 2253 1789 2304 καὶ

208 2333 579 2402 ἀνθρωπίνοις
640 2337 956 2406 πράγμασι,
1003 2339 1063 2391 τὸ
1127 2339 1221 2392 τοῦ
1280 2340 1438 2408 λόγου
1498 2342 1790 2413 δεσμοῦσιν

207 2425 453 2494 ἀξίωμα,
483 2428 577 2480 καὶ
642 2428 734 2481 τὸν
783 2430 969 2497 ἀγῶνα
1027 2431 1203 2484 πάντα
1239 2434 1377 2503 πρὸς
1422 2438 1491 2487 τά
1536 2436 1789 2507 ὁρώμενα

209 2518 308 2569 καὶ
334 2519 670 2588 φθειρόμενα
720 2519 954 2590 ἔχουσιν,
1000 2522 1251 2592 ἀλλήλοις
1297 2524 1386 2578 διὰ
1412 2525 1585 2579 ταῦτα
1616 2529 1786 2597 μαχόρ

212 2626 390 2678 μενοι,
426 2611 519 2663 καὶ
544 2612 683 2682 ὑπὲρ
705 2613 814 2665 τῶν
850 2612 1109 2666 τοιούτων
1145 2615 1257 2667 ἔσθ’
1287 2616 1373 2669 ὅτε
1399 2620 1491 2669 καὶ
1533 2618 1631 2682 τὰς
1655 2620 1789 2684 ἰδίας

208 2698 394 2770 ψυχάς
454 2701 715 2766 τιθέντες,
750 2704 1098 2774 ἀντεχόμενοι
1140 2706 1459 2776 χρημάτων,
1487 2708 1663 2777 δόξης,
1698 2713 1790 2764 καὶ

212 2791 423 2858 ἡδονῶν
467 2794 567 2861 τῆς
608 2795 831 2864 σαρκὸς,
864 2797 959 2849 καὶ
1008 2796 1212 2867 ζημίαν
1258 2800 1501 2871 μεγάλην
1542 2802 1642 2871 τὴν
1681 2805 1791 2857 τῶν

210 2879 470 2933 τοιούτων
495 2884 795 2953 ἀποτυχίαν
819 2885 1133 2956 ἡγούμενοι.
1170 2888 1312 2957 Πρὸς
1341 2888 1432 2952 οὓς
1463 2892 1685 2955 εἰκότως
1717 2895 1792 2957 ὡς

213 2970 279 3021 ὲκ
314 2970 606 3039 προσώπου
637 2974 730 3026 τοῦ
763 2975 899 3027 Θεοῦ
932 2977 995 3029 τὸ
1023 2978 1366 3046 προφητικὸν
1414 2982 1590 3034 ἐκεῖνο
1614 2981 1794 3049 λόγιον

213 3060 459 3128 λέγεται,
496 3082 514 3115 ι
551 3066 626 3117 Οὐ
681 3068 757 3136 μὴ
790 3068 963 3136 μείνει
1029 3068 1090 3120 τὸ
1136 3069 1362 3139 Πνεῦμά
1418 3089 1519 3138 μου
1569 3075 1627 3125 ὲν
1682 3076 1793 3137 τοῖς

214 3153 526 3221 ἀνθρώποις
552 3157 784 3220 τούτοις,
824 3158 912 3211 διὰ
936 3159 997 3212 τὸ
1027 3155 1164 3212 εἶναι
1194 3163 1391 3224 αὐτοὺς
1418 3162 1647 3233 σάρκας.
1696 3184 1714 3218 ι
1802 3164 1846 3223 C

293 3243 377 3308 ς’.
418 3248 478 3299 Oi
522 3247 769 3317 ψυχικῶς
799 3249 1021 3315 ζῶντες,
1050 3253 1142 3304 καὶ
1166 3253 1251 3304 διὰ
1282 3252 1441 3305 τοῦτο
1471 3256 1794 3325 καλούμενοι

213 3336 465 3405 ψυχικοὶ,
498 3340 779 3409 ήμίμωροί
826 3360 1000 3406 τινες,
1069 3344 1165 3395 καὶ
1218 3343 1296 3405 ὠς
1344 3346 1669 3413 παρειμένοι
1726 3347 1794 3400 τὰ

219 3429 362 3499 μέλη
404 3433 756 3501 τυγχάνουσι,
797 3435 935 3503 μήτε
967 3434 1191 3487 πονέσαι
1234 3435 1366 3488 ποτὲ
1403 3437 1543 3507 ὑπὲρ
1595 3440 1794 3509 ἀρετῆς

216 3524 315 3574 καὶ
356 3523 573 3591 ἐντολῆς
621 3523 756 3577 Θεοῦ
813 3525 1275 3596 προθυμούμενοι,
1312 3528 1405 3579 καὶ
1449 3529 1549 3591 τὰς
1600 3532 1789 3600 ἐπιψό-

215 3630 352 3679 γους
394 3614 622 3681 πράξεις
650 3614 737 3667 διὰ
783 3614 880 3684 τὴν
921 3616 1032 3668 τῶν
1058 3616 1360 3687 ἀνθρώπων
1392 3619 1550 3685 δόξαν
1597 3621 1794 3690 ἐκφεύ-

218 3720 413 3771 γοντες
446 3720 459 3734 ·
488 3704 747 3775 φιλαυτία
777 3704 833 3757 δὲ
862 3707 928 3776 τῇ
958 3706 1146 3776 τροφῷ
1178 3707 1286 3759 τῶν
1317 3708 1578 3777 ὀλεθρίων
1611 3710 1796 3765 παθῶν

216 3797 755 3869 κατακρατούμενοι,
788 3798 969 3868 πάσης
992 3798 1313 3868 θεραπείας,
1342 3800 1433 3853 διὰ
1461 3800 1561 3872 τὴν
1605 3802 1795 3871 ὑγείαν

215 3889 313 3941 καὶ
338 3889 647 3942 ἀπόλαυσιν
662 3890 760 3959 τῆς
788 3891 1014 3962 σαρκὸς,
1034 3892 1437 3945 ἀντιποιοῦνται
1459 3910 1472 3922 ·
1502 3894 1596 3946 καὶ
1613 3896 1795 3949 πᾶσαν

219 3981 423 4051 θλίψιν,
466 3983 563 4035 καὶ
616 3983 795 4036 πάντα
834 3985 1019 4047 πόνον,
1046 3985 1143 4037 καὶ
1196 3987 1377 4039 πᾶσαν
1422 3987 1794 4042 κακοπάθειαν

214 4076 359 4145 ὑπὲρ
413 4076 634 4145 ἀρετῆς,
687 4077 1055 4143 ἀποσείονται,
1086 4077 1146 4129 τὸ
1195 4076 1454 4146 πολέμιον
1504 4078 1644 4149 πέρα
1697 4080 1792 4133 τοῦ

213 4165 427 4228 δέοντος
468 4164 859 4228 ὲπιθάλποντες
896 4166 1074 4235 σῶμα.
1106 4164 1265 4220 Οὕτω
1288 4166 1343 4219 δὲ
1378 4167 1492 4236 βίον
1526 4170 1618 4222 καὶ
1651 4172 1795 4236 ἀγω-

213 4258 317 4327 γῆς
373 4256 610 4326 ἔχοντες,
653 4256 1015 4325 ἀπογεοῦνται
1072 4257 1164 4309 τὸν
1218 4256 1365 4319 νοῦν,
1428 4260 1541 4321 τοῖς
1596 4258 1793 4312 πάθεσι

216 4348 586 4419 παχυνθέντα,
617 4348 715 4401 καὶ
744 4347 1113 4417 ἀπαράδεκτοί
1146 4348 1252 4399 είσι
1281 4347 1389 4400 τῶν
1433 4347 1665 4418 νοητῶν,
1699 4350 1793 4403 καὶ

219 4443 384 4494 θείων
418 4442 785 4509 πραγμάτων,
819 4439 908 4506 ὑφ’
936 4432 1009 4491 ὧν
1038 4440 1071 4508 ἡ
1104 4438 1247 4508 ψυχὴ
1300 4440 1398 4505 τῆς
1430 4439 1562 4509 ὕλης
1617 4441 1795 4512 ἀρπά-

220 4534 405 4598 ζεται,
444 4532 539 4582 καὶ
568 4530 662 4600 ὅλη
695 4529 832 4601 πρὸς
857 4529 1080 4598 νοητοὺς
1116 4530 1478 4599 ὲμπεριπολεῖ
1509 4532 1791 4598 οὐρανούς.

220 4624 398 4677 Τοῦτο
426 4623 484 4674 δὲ
518 4622 838 4691 πάσχουσιν,
880 4622 983 4673 ὑπὸ
1014 4620 1109 4673 τοῦ
1141 4620 1328 4673 ὑλικοῦ
1368 4620 1448 4673 ἔτι
1498 4624 1797 4693 κατεχόμε-

220 4733 299 4769 νοι
328 4715 665 4784 πνεύματος,
698 4714 771 4775 ὼς
813 4713 913 4776 τὰς
971 4714 1106 4777 ίδίας
1154 4713 1436 4781 φιλοῦντες
1468 4714 1666 4785 ψυχὰς,
1702 4717 1797 4769 καὶ

224 4812 403 4862 ποιεῖν
431 4807 502 4860 τὰ
551 4807 831 4877 θελήματα
876 4807 1059 4861 αὐτῶν
1116 4806 1537 4878 προαιρούμενοι
1580 4824 1593 4839 ⁸
1652 4809 1798 4861 κενοὶ

224 4902 333 4971 γὰρ
366 4900 522 4963 ὄντες
581 4899 895 4967 Ιινεύματος
933 4898 1115 4965 ἀγίου,
1156 4898 1373 4968 ἄμοιροί
1415 4901 1520 4952 εἰσι
1566 4900 1799 4952 καὶτῶν

225 4992 583 5063 χαρισμάτων
630 4989 817 5043 αὑτοῦ.
861 4989 1022 5042 Ὅθεν
1051 4988 1171 5042 οὐδὲ
1236 4990 1447 5059 καρπὸν
1493 4990 1607 5043 ἔστι
1657 4991 1799 5044 θεῖον

227 5086 355 5139 ἰδεῖν
383 5087 440 5137 ἐν
471 5085 673 5151 αὐτοῖς,
700 5084 924 5155 ἀγάπην
951 5086 1029 5148 είς
1052 5084 1181 5137 Θεὸν
1218 5085 1310 5137 καὶ
1353 5084 1444 5138 τὸν
1478 5084 1725 5156 πλησίον,
1762 5086 1794 5156 ἢ

222 5178 403 5249 χαρὰν
435 5179 494 5229 ἐν
527 5177 771 5247 πτωχείᾳ
801 5178 894 5230 καὶ
917 5175 1183 5246 θλίψεσιν,
1216 5175 1248 5246 ἢ
1276 5176 1455 5245 ψυχῆς
1481 5176 1721 5247 εἰρήνην,
1764 5178 1796 5247 ἢ

223 5267 535 5322 ἐνδιάθετον
568 5267 773 5330 πίστιν,
798 5268 832 5337 ἢ
885 5267 1241 5337 περιεκτικὴν
1286 5267 1613 5337 ἐγκράτειαν
1646 5284 1660 5297 ·
1686 5268 1798 5321 ἀλλ’

222 5360 348 5413 οὐδὲ
381 5358 694 5423 κατάνυξιν,
728 5358 762 5429 ἦ
800 5357 1057 5428 δάκρυον,
1096 5357 1499 5428 ἢταπείνωσιν,
1529 5359 1621 5411 καὶ
1668 5376 1799 5429 συμ-

225 5451 464 5505 πάθειαν
504 5468 516 5481 ·
543 5450 721 5515 πάντα
741 5451 798 5503 δὲ
821 5450 989 5519 ὄγκου
1041 5450 1136 5503 καὶ
1163 5450 1540 5520 ὑπερηφανίας
1581 5452 1753 5521 μεστά
1784 5468 1796 5483 ’

226 5542 384 5597 ἔνθεν
407 5561 489 5595 τοι
519 5544 613 5595 καὶ
636 5541 960 5608 ὲμῦαθύνειν
985 5543 1063 5605 είς
1097 5542 1170 5594 τά
1198 5540 1336 5611 βάθη
1366 5541 1458 5594 τοῦ
1491 5543 1801 5613 πνεύματος

223 5632 440 5684 οἴκοθεν
484 5633 766 5704 δυνάμεως
807 5634 1123 5705 ἀποροῦσιν.
1152 5633 1321 5687 Οὐδὲν
1384 5634 1492 5704 γάρ
1541 5637 1688 5690 ἐστιν
1740 5636 1799 5689 έν

280 5800 322 5831 ³⁵
363 5801 499 5854 Cen.
560 5822 627 5862 γι,
686 5806 736 5855 ὖ.

1876 1982 2054 2050 magni
2084 1981 2239 2035 Entis
2269 1982 2413 2041 vitae,
2443 1995 2508 2033 ac
2547 1978 2953 2046 supereminere
2984 1977 3279 2031 visibilium
3318 1976 3441 2030 vili—

1877 2075 1995 2129 tati.
2022 2074 2088 2126 At
2122 2072 2285 2126 veluti
2310 2071 2576 2140 jumentis
2604 2069 2915 2132 assimilati,
2942 2085 3247 2139 sensusque
3280 2085 3442 2121 mun-

1876 2166 2050 2219 danus
2078 2162 2278 2226 eﬂecti,
2309 2161 2665 2216 sensibilibus
2691 2161 3052 2229 humanisque
3078 2162 3244 2214 rebus
3267 2160 3446 2228 digni.

1879 2264 2041 2311 tatem
2067 2254 2295 2308 rationis
2326 2247 2625 2322 captivam,
2670 2260 2724 2305 et
2760 2253 2908 2306 omni
2942 2253 3086 2305 lucta
3115 2252 3353 2306 visibilia
3386 2262 3441 2305 et

1878 2346 2255 2417 corruptibilia
2289 2353 2570 2415 appetunt,
2607 2360 2790 2399 secum
2828 2345 3061 2399 invicem
3106 2345 3170 2398 ad
3216 2358 3277 2398 ea
3309 2360 3444 2398 con-

1878 2440 2153 2511 sequenda
2187 2445 2518 2507 pugnantes,
2551 2445 2604 2491 et
2631 2452 2727 2506 pro
2752 2436 2837 2489 his
2866 2436 3160 2506 aliquando
3188 2436 3442 2506 preprias

1878 2533 2089 2586 animas
2134 2539 2404 2599 ponentes
2430 2566 2446 2591 ,
2501 2526 2839 2581 adhaareutes
2889 2526 3094 2580 divitiis
3121 2565 3136 2590 ,
3174 2528 3361 2596 gloriae
3387 2533 3443 2579 et

1877 2624 2061 2680 earttis
2091 2618 2482 2691 voluptatibus,
2524 2628 2575 2671 et
2610 2632 2865 2687 magnum
2892 2618 3151 2669 damnum
3180 2618 3443 2671 habentes

1879 2716 2067 2769 talium
2102 2726 2283 2766 rerum
2316 2709 2694 2763 amissionem.
2730 2705 2839 2761 llos
2869 2706 3282 2768 cmrvenienter,
3316 2716 3440 2758 tan-

1878 2819 2039 2874 quam
2070 2816 2134 2855 ex
2174 2814 2403 2867 persona
2436 2798 2550 2858 Dei,
2588 2797 2847 2865 propheta
2881 2796 2963 2849 his
2992 2796 3284 2864 relinquitur
3314 2812 3440 2850 ver—

1880 2898 1962 2949 bis
1992 2912 2005 2947 :
2042 2913 2060 2944 ι
2099 2892 2213 2948 Νυη
2249 2899 2429 2946 manet
2474 2889 2714 2959 Spiritus
2748 2903 2901 2943 meus
2933 2887 2987 2941 in
3016 2887 3116 2954 eis,
3154 2887 3282 2957 quia
3313 2902 3443 2941 caro

1880 2997 2009 3044 sunt
2032 2988 2098 3043 ³⁸.
2140 3004 2157 3037 ι

1950 3255 2005 3309 6.
2037 3252 2139 3318 Qui
2166 3252 2329 3304 vitam
2365 3250 2575 3304 ducunt
2605 3249 2894 3303 animalem
2918 3287 2933 3313 ,
2988 3261 3201 3317 deoque
3239 3248 3448 3302 anima-

1881 3347 1960 3400 les
1994 3345 2275 3407 dicuntur,
2305 3350 2433 3396 sunt
2461 3342 2604 3395 velut
2631 3341 2850 3409 quidam
2882 3340 3153 3394 setnifatui
3185 3350 3239 3393 et
3273 3355 3445 3393 ntem-

1880 3440 1994 3494 bris
2021 3438 2249 3500 debiles,
2277 3435 2394 3503 qui,
2429 3442 2488 3486 ut
2520 3434 2736 3487 labores
2772 3448 2871 3501 pro
2906 3432 3105 3485 virtute
3130 3440 3184 3485 et
3218 3433 3445 3485 inauda-

1881 3540 2058 3583 torum
2100 3526 2484 3580 observatione
2520 3540 2627 3577 non
2667 3526 2966 3588 sustinent,
2996 3526 3075 3578 sic
3101 3525 3446 3593 reprehensi—

1879 3624 2018 3676 bilcs
2077 3628 2233 3673 actus
2285 3624 2509 3687 propter
2568 3615 2849 3669 hominum
2904 3616 3135 3683 gloriam
3192 3614 3445 3681 fugiunt;

1879 3727 2063 3770 amore
2093 3718 2276 3765 autem
2306 3706 2529 3777 proprio
2564 3720 2851 3775 pravarum
2878 3706 3064 3759 fomite
3087 3706 3445 3774 cupiditatum

1881 3806 2029 3865 victi,
2052 3817 2266 3856 omnem
2287 3813 2475 3853 curam
2507 3797 2573 3851 ad
2603 3800 2891 3851 sanitatem
2918 3796 3447 3866 delectationemque

1880 3896 2062 3951 Carnis
2099 3891 2461 3961 impendunt,
2495 3897 2548 3943 et
2583 3902 2801 3941 omnem
2838 3887 3246 3942 tribulationem
3276 3930 3291 3953 ,
3332 3904 3449 3941 om-

1882 4005 2001 4043 nem
2050 3987 2293 4040 laborem
2317 4023 2331 4047 ,
2367 3996 2529 4036 omne
2560 3989 2894 4035 tormentum
2952 3996 3049 4049 pro
3082 3980 3285 4034 virtute
3334 3979 3445 4051 pati

1881 4080 2150 4135 renuunt,
2208 4070 2487 4126 inimicum
2538 4070 2661 4138 plus
2706 4084 2862 4137 :cqno
2915 4067 3161 4123 foventes
3220 4084 3443 4138 ecrpus.

1881 4167 2066 4223 Talem
2093 4168 2259 4219 vitam
2293 4171 2348 4219 et
2374 4162 2567 4232 agendi
2602 4164 2871 4216 rationem
2908 4162 3195 4223 habentes,
3226 4162 3438 4215 demer-

1884 4271 2019 4331 gunt
2051 4260 2105 4313 in
2138 4266 2336 4312 terram
2364 4256 2605 4310 animum
2634 4255 3024 4325 cupiditatibus
3056 4255 3446 4316 incrassatum,

1883 4362 1934 4405 et
1963 4366 2158 4419 capere
2193 4355 2468 4417 nequeunt
2505 4347 2781 4413 spiritales
2809 4344 3135 4413 divinasqtte
3170 4361 3277 4405 res.
3312 4346 3443 4413 qui-

1884 4446 1987 4498 bus
2016 4443 2200 4495 anima
2239 4455 2304 4495 ex
2344 4438 2572 4493 materia
2600 4437 2851 4505 eripitur,
2882 4452 2946 4491 ac
2984 4444 3099 4491 toto
3130 4436 3447 4506 intelligitu-

1884 4542 1962 4594 les
2010 4537 2280 4592 inhabitat
2326 4534 2517 4589 cmlos.
2574 4530 2687 4587 Hoc
2732 4542 2911 4586 autem
2966 4532 3270 4599 patiuntur,
3319 4532 3445 4599 quia

1886 4630 2149 4685 materiali
2183 4628 2361 4681 adhuc
2388 4626 2703 4679 detinentur
2732 4624 2950 4693 spiritu,
2981 4632 3169 4693 utpote
3203 4626 3450 4693 proprias

1884 4731 2128 4776 amantes
2159 4724 2405 4779 animas.
2453 4725 2505 4771 et
2547 4715 2823 4785 prOpriam
2873 4716 3210 4769 voluntatem
3264 4715 3449 4770 facere

1886 4815 2076 4866 volunt
2120 4827 2133 4861 :
2170 4826 2274 4862 non
2325 4808 2588 4861 trahentes
2635 4806 2779 4858 enim
2835 4802 3100 4873 Spiritum
3148 4813 3397 4858 sanctum
3429 4846 3444 4868 ,

1883 4904 2167 4974 privantur
2214 4901 2377 4952 etiam
2428 4898 2599 4966 ipsius
2631 4895 3085 4951 charismatlbus.
3135 4894 3291 4950 Unde
3339 4912 3447 4950 non

1880 4997 2066 5051 videre
2098 5003 2179 5045 est
2219 4991 2270 5043 in
2321 4990 2403 5044 eis
2434 4989 2647 5041 divinos
2694 4986 2946 5047 fructus,
2980 5002 3220 5040 amorem
3260 4985 3350 5040 Dei
3395 4996 3451 5040 et

1882 5084 2135 5155 proximi,
2167 5081 2249 5134 vel
2280 5078 2535 5147 gaudium
2586 5077 2640 5130 in
2674 5084 2992 5145 paupertate
3042 5086 3097 5131 ct
3144 5077 3447 5130 tribulatio-

1888 5177 2068 5238 nibus,
2106 5172 2185 5225 vel
2224 5170 2419 5223 anima:
2459 5184 2676 5237 pacem,
2715 5170 2797 5222 vel
2832 5170 3107 5223 sinceram
3141 5168 3297 5222 tidem
3322 5208 3336 5233 ,
3367 5169 3450 5223 vel

1886 5264 2255 5320 uuiversalem
2306 5260 2738 5325 continentiam;
2807 5260 2903 5313 sed
2956 5274 3130 5327 neque
3188 5275 3419 5328 compun

1886 5358 2144 5416 etionem,
2180 5353 2263 5408 vel
2291 5354 2579 5421 lacrymas,
2617 5350 2699 5404 vel
2738 5351 3103 5404 humilitatem
3129 5390 3143 5411 ,
3184 5352 3267 5404 vel
3300 5366 3444 5403 com-

1888 5450 2233 5521 passionem;
2265 5444 2446 5497 omnia
2481 5450 2662 5497 autem
2694 5450 2910 5495 tumore
2952 5453 3005 5495 et
3035 5441 3292 5511 superbia
3320 5451 3449 5495 sunt

1885 5544 2039 5612 plena
2071 5554 2085 5591 :
2118 5536 2265 5590 unde
2290 5535 2342 5588 in
2383 5532 2651 5604 profunda
2684 5534 2928 5601 Spiritus
2956 5548 3016 5588 se
3049 5532 3323 5603 mergendi
3382 5547 3449 5588 ex

1894 5630 2086 5700 seipsis
2121 5630 2229 5684 vim
2265 5642 2372 5683 non
2408 5626 2626 5680 habent.
2658 5624 2816 5682 Nulla
2848 5626 2995 5683 enim
3022 5626 3155 5695 ipsis
3182 5626 3324 5681 inest
3356 5624 3447 5679 lux
