4202 6450
183 413 286 475 905
1130 413 1613 477 l‘iIYSICClRUM
1645 411 1771 472 CAP

1854 414 1975 472 ἸτΜ
2018 414 2403 474 (ἸΕΝῙἭΠΙΛ
2452 417 2527 477 Η.

249 524 297 575 ι’.
341 524 601 586 Ιῐαίζουσι
627 524 723 595 τὴν
754 525 1050 590 είισὲὒειαν,
1080 526 1174 579 καὶ
1200 528 1482 590 παίζονται
1509 528 1613 583 ὑπὸ
1646 529 1752 582 τῶν
1778 532 1823 592 Α

178 618 547 687 πραγμάτων,
581 620 629 669 οἱ
654 619 727 687 μὴ
764 622 905 672 κατὰ
934 619 1091 686 λόγον
1126 620 1223 688 τὴν
1279 619 1490 672 ἑαυτῶν
1523 637 1754 689 πεποιη-

179 710 338 770 κότες
393 711 707 780 ,άποταγὴκῃ
775 712 906 780 μηδὲ
951 712 1260 782 διδασκάλῳ
1309 714 1615 782 χρήσασθαι
1663 714 1757 765 καὶ

178 802 362 871 ὁδηγῴ
388 802 737 872 βουληθέντες
762 806 821 856 ὲκ
856 803 1178 875 προοιμίων,
1212 805 1347 857 ἀλλὰ
1374 807 1439 873 τῇ
1472 804 1575 874 ἰδίᾳ
1626 821 1753 858 συν-

188 893 303 944 ἐσει
337 894 827 965 ἀκολουθήσαντες,
888 897 979 950 καὶ
1014 898 1275 965 φανέντες
1309 899 1542 953 ἐνώπιον
1575 899 1758 955 αὐτῶν

178 990 377 1060 ἑπιστή
388 1008 565 1059 μονες.

254 1084 346 1131 ια’.
375 1078 509 1131 Οὔτε
560 1081 668 1133 τῶν
728 1083 1057 1152 σωματικῶν
1091 1084 1278 1138 παθῶν
1309 1084 1407 1147 τάς
1448 1086 1759 1143 νοσοποιοὺς

181 1172 367 1233 αἰτίας
393 1172 621 1227 δύναταί
649 1191 732 1237 τις
773 1175 1018 1247 ἀκριϐῶς
1070 1177 1288 1243 εἰδέναι,
1328 1178 1550 1240 καὶτὰς
1593 1178 1759 1249 θεραο

181 1264 346 1326 πείας
369 1264 569 1326 αὐτῶν,
595 1264 723 1319 ἄνευ
746 1268 942 1339 πείρας
973 1268 1173 1337 πολλῆς
1204 1270 1303 1338 τῆς
1347 1270 1601 1341 ἰατρικῆς
1630 1272 1755 1323 ἐπι-

180 1356 423 1424 στήμης,
456 1355 579 1413 οὔτε
631 1359 740 1412 τῶν
778 1360 1046 1431 ψυχικῶν,
1072 1360 1202 1415 ἄνευ
1238 1362 1336 1430 τῆς
1381 1361 1583 1431 πολλῆς
1634 1361 1763 1433 περὶ

178 1449 355 1501 ταῦτα
413 1452 722 1522 ἀσκήσεως.
765 1453 986 1523 Ἐπειδὴ
1035 1453 1225 1523 ὥσπερ
1284 1455 1528 1525 σφαλερὰ
1575 1455 1761 1516 δοκεῖ,

179 1544 279 1595 καὶ
310 1542 508 1610 ὀλίγοις
554 1545 751 1616 κομιδῆ
782 1545 1085 1614 εὓγνωστος
1115 1550 1148 1617 ὴ
1182 1552 1290 1599 τῶν
1320 1548 1651 1618 σωματικῶν
1677 1566 1763 1601 νο-

182 1636 450 1703 σημάτων
474 1638 785 1705 διάγνωσις,
823 1642 952 1709 περὶ
986 1643 1053 1712 ἦν
1098 1645 1130 1712 ἡ
1175 1643 1284 1695 τῶν
1313 1642 1514 1712 ἰατρῶν
1542 1642 1767 1709 καταγί-

1856 1628 2005 1682 circa
2060 1644 2492 1699 quamversatur
2539 1637 2867 1691 medicorum
2910 1639 3169 1703 scientia;
3206 1648 3416 1693 tantum

180 1742 339 1779 νεται
401 1728 713 1800 ἐπιστήμη,
773 1729 916 1784 οὕτω
977 1732 1372 1804 σφαλερωτέρα
1428 1734 1523 1787 καὶ
1588 1732 1767 1802 πολλῷ

1860 1732 1912 1777 et
1944 1725 2116 1778 multo
2150 1728 2318 1795 magis
2343 1728 2578 1782 dillicilis
2611 1738 2696 1783 est
2721 1732 3037 1787 morborum
3085 1734 3280 1788 anima:
3327 1749 3420 1788 co-

188 1818 423 1884 μᾶλλον,
452 1820 483 1889 ἢ
520 1823 727 1891 ἐκείνη,
762 1825 793 1893 η
827 1823 937 1875 τῶν
979 1824 1247 1895 ψυχικῶν.
1292 1827 1441 1897 Ὂσῳ
1470 1826 1577 1897 γάρ
1622 1825 1769 1897 ψυχὴ

1860 1816 2053 1883 gnitio.
2086 1818 2297 1883 Quanto
2331 1821 2474 1874 enim
2505 1824 2720 1891 corpori
2753 1833 2970 1892 praestat
3000 1828 3178 1879 anima
3205 1866 3220 1889 ,
3260 1836 3414 1879 tanfo

184 1913 445 1981 σώματος
510 1916 808 1984 κρείττων,
856 1917 1114 1971 τοσοῦτον
1187 1919 1357 1989 μείζω
1406 1920 1476 1973 τά
1553 1920 1767 1990 ἐκείνης

1858 1910 2061 1977 trajora
2086 1920 2138 1964 et
2162 1915 2382 1982 cognitu
2406 1916 2704 1971 dtlliciliora
2725 1928 2852 1973 sunt
2873 1920 3010 1972 mala
3038 1918 3231 1974 animae
3251 1933 3413 1989 quam

181 2009 281 2059 καὶ
339 2008 753 2081 δυσκατανόητα
792 2013 938 2083 πάθη
967 2055 979 2079 ,
1017 2014 1048 2084 ἢ
1092 2013 1186 2067 τοῦ
1240 2014 1562 2083 φαινομένου
1604 2016 1769 2068 πᾶσιν

1856 2004 1994 2053 mala
2031 2007 2278 2074 corporis
2312 2005 2475 2074 hujus
2514 1998 2769 2062 omnibus
2806 2011 3057 2068 visibilis.

180 2099 459 2172 αἰσθητῶς
486 2102 676 2156 τούτου
708 2104 979 2174 σώματος.

3308 421 3411 483 906

1923 528 2006 582 ill.
2045 528 2261 583 Ludunt
2310 532 2565 600 pietatem
2604 543 2655 587 et
2701 536 2965 590 luduntur
3013 536 3080 591 ab
3130 537 3410 606 operibus.

1854 624 1940 693 qui
1980 640 2084 678 non
2117 625 2313 693 seipsis
2348 626 2739 682 rationabiliter
2786 630 3235 684 renuntiaverunt
3264 673 3278 696 ,
3313 646 3412 686 nec
3474 702 3477 705 Α

1856 717 2113 785 magistro
2157 719 2239 770 Vel
2275 718 2414 773 duce
2449 720 2524 773 uti
2563 720 2750 774 volunt
2797 723 2864 775 ab
2912 723 3090 786 initio,
3141 725 3233 777 sed
3287 741 3411 793 pro-

1856 806 2031 873 prium
2061 816 2363 875 sequuntur
2387 809 2765 875 consilium,et
2795 812 3011 867 sibimet
3041 813 3172 883 ipsis
3195 815 3409 884 sapien-

1856 905 1935 949 tes
1974 896 2242 952 videntur.

1928 1079 2013 1134 ll.
2049 1078 2218 1136 Nemo
2252 1092 2426 1153 potest
2477 1087 2782 1143 morbiﬂeas
2815 1088 3127 1159 passionum
3172 1094 3417 1162 corporis

1855 1186 2053 1227 causas
2098 1186 2393 1241 earmnque
2438 1176 2700 1230 medelam
2752 1179 3069 1247 percallere,
3103 1182 3219 1235 sine
3251 1184 3416 1236 multa

1856 1264 2101 1318 scientiae
2128 1267 2410 1321 mediealis
2436 1270 2800 1337 experientia;
2830 1287 2926 1325 nec
2959 1275 3270 1342 passionum
3301 1276 3420 1328 ani-

1858 1370 1978 1417 mae.
2030 1357 2147 1411 sine
2201 1358 2372 1411 multo
2431 1362 2577 1414 circa
2636 1362 2733 1415 llas
2791 1364 3075 1419 exercitio.
3133 1366 3411 1435 Siquidem

1855 1455 2119 1513 quantum
2149 1446 2353 1501 lubrica
2382 1450 2593 1504 videtur
2624 1460 2678 1505 et
2711 1453 2900 1520 paucis
2927 1457 3302 1511 tantummodo
3327 1472 3417 1509 ae-

1858 1545 2045 1593 eurate
2082 1541 2474 1607 cognoseibilis
2510 1543 2828 1597 morborum
2877 1547 3125 1614 corporis
3179 1548 3371 1600 notitia
3402 1588 3417 1607 .

260 2192 355 2260 ιβ’.
388 2194 551 2247 Φύσει
583 2197 695 2260 τοῖς
739 2196 1048 2269 ἀνθρώποις
1072 2199 1125 2252 al
1150 2199 1368 2268 γενικαὶ
1388 2199 1481 2252 καὶ
1503 2198 1769 2269 ἄρχουσαι

180 2284 245 2336 τὸ
273 2284 462 2339 λοιπον
491 2289 683 2357 ἀρεταὶ
705 2290 1153 2361 συνεκτίσθησαν,
1179 2282 1363 2360 ἀφ’ὧν
1389 2291 1465 2356 ὡς
1496 2292 1560 2343 ὲκ
1582 2291 1769 2346 τεσσά-

186 2395 301 2446 ρων
320 2378 502 2449 άρχῶν
522 2382 569 2433 οἱ
588 2397 724 2433 ποτα
733 2382 823 2451 μοὶ
838 2382 945 2435 τῶν
959 2383 1132 2437 ἄλλων
1156 2383 1383 2438 ἁπασῶν
1410 2384 1621 2453 ἀρετῶν
1636 2382 1770 2453 πλη-

185 2472 658 2540 ροῦνταιῦδάτων,
686 2476 781 2529 καὶ
812 2476 1089 2540 ποτίζουσι
1135 2478 1233 2546 τὴν
1268 2476 1422 2529 πόλιν
1456 2476 1549 2529 τοῦ
1580 2474 1716 2529 Θεοῦ
1750 2490 1762 2503 ·

182 2564 305 2633 ἥτις
340 2565 488 2618 ἐστὶν
515 2567 549 2637 η
594 2567 972 2642 καθαιρομένη
1028 2570 1248 2641 καρδία,
1281 2573 1375 2625 καὶ
1418 2571 1763 2642 παρακαλου-

186 2655 331 2723 μένη
362 2655 449 2709 διὰ
473 2657 748 2728 δακρύων.
772 2659 989 2726 Ταύτας
1016 2664 1043 2715 ὁ
1072 2664 1313 2733 τηρήσας
1341 2663 1769 2724 ἁκατασείστους

183 2747 297 2800 ἀπο
328 2749 435 2800 τῶν
465 2751 793 2821 πνευμάτων
829 2752 928 2822 τῆς
961 2754 1246 2823 πονηρίας,
1281 2754 1312 2824 ἣ
1358 2756 1388 2808 ὁ
1421 2753 1768 2825 συμπτωθεί-

187 2856 292 2901 σας
343 2840 429 2892 διὰ
472 2842 649 2894 πόνων
707 2844 919 2897 πολλῶν
978 2845 1076 2914 τῆς
1113 2846 1405 2916 μετανοίας
1457 2846 1768 2916 ἀνεγείρας.

184 2928 341 2983 οἷκον
392 2933 569 3003 ἑαυτῷ
610 2935 891 3004 βασιλικὸν
921 2940 1015 2991 καὶ
1048 2938 1313 2991 παλάτιον
1354 2938 1597 3008 ἤγειρεν,
1640 2940 1699 2991 ὲν
1727 2930 1771 3007 ᾧ

190 3019 365 3090 μονὴν
418 3024 653 3077 ποιεῖται
714 3024 742 3077 ὀ
786 3022 1051 3088 Βασιλεὺς
1107 3027 1200 3078 τοῦ
1264 3026 1489 3088 παντὸς.
1523 3024 1618 3079 καὶ
1672 3026 1771 3089 τὰς

186 3112 405 3182 ὑψηλὰς
450 3113 659 3184 δωρεὰς
711 3116 875 3170 αὐτοῦ
914 3119 1028 3174 τοῖς
1058 3117 1232 3182 οὕτως
1267 3118 1489 3181 ἑαυτοὺς
1523 3117 1773 3190 εὖτρεπί·

188 3221 353 3258 σασιν
389 3206 638 3274 ἀφθόνως
685 3209 1065 3279 άπονὲμεικαὶ
1094 3210 1298 3265 δίδωσι.

266 3302 358 3363 ιγ’.
398 3298 614 3368 Βραχῦς
659 3299 685 3350 ὁ
716 3298 850 3368 βίος,
889 3300 1101 3369 μακρὸς
1146 3302 1174 3353 δ
1228 3300 1439 3368 μέλλων
1493 3301 1646 3368 αἰὼν,
1678 3303 1772 3355 καὶ

185 3392 373 3458 ὀλίγον
407 3392 466 3445 τὸ
493 3392 769 3463 διάστημα
789 3395 888 3464 τῆς
929 3393 1209 3464 παρούσης
1250 3394 1415 3464 ζωῆς.
1452 3394 1773 3466 Ἀνθρωπος

186 3487 243 3539 δὲ
272 3488 333 3538 τὸ
370 3486 512 3555 μέγα
544 3488 637 3541 καὶ
669 3488 841 3559 βραχὺ
870 3488 1025 3543 τοῦτο
1060 3488 1218 3553 ζῶον.
1254 3482 1298 3556 ᾧ
1324 3490 1509 3553 στενὸς
1530 3491 1557 3541 ὁ
1581 3490 1772 3561 παρὼν

186 3579 352 3649 ἐδόθη
383 3582 597 3650 καιρὸς,
624 3582 855 3653 ἀσθενής
881 3599 893 3611 ·
923 3584 1014 3635 καὶ
1036 3586 1063 3635 ὁ
1096 3583 1194 3653 μὲν
1226 3583 1432 3647 στενὸς,
1456 3584 1485 3636 ὁ
1516 3585 1571 3637 δὲ
1603 3585 1771 3638 άσθεο

188 3670 289 3739 νής
320 3687 335 3701 ·
368 3670 429 3722 τὸ
480 3670 536 3723 δὲ
580 3670 940 3742 προκείμενον
974 3668 1157 3733 ἆθλον,
1210 3675 1289 3736 είς
1342 3672 1596 3727 ἐπάθλων
1626 3676 1772 3728 άντιο

192 3760 444 3830 μισθίαν,
496 3763 660 3831 μέγα,
713 3765 937 3833 μυρίους
989 3764 1110 3833 ἔχον
1142 3767 1267 3827 τοὺς
1336 3764 1622 3829 σκόλοπας,
1684 3766 1775 3819 καὶ

190 3858 273 3916 είς
297 3856 648 3925 βραχυτάτην
673 3855 983 3910 κινδυνεῦον
1017 3856 1184 3926 ζωήν.

267 3948 350 4001 ιδ’.
388 3947 464 3999 υύ
499 3947 745 4016 βούλεται
782 3948 889 4001 τῶν
943 3948 1250 4001 σπουδαίων
1293 3948 1392 4018 τὴν
1436 3949 1698 4019 ἐργασίαν
1744 3947 1770 3998 δ

190 4040 327 4099 Θεὸς
382 4038 743 4093 ἀϐασάνιστον
787 4037 949 4101 εἶναι,
1004 4041 1139 4093 ἀλλὰ
1190 4043 1284 4095 καὶ
1334 4044 1457 4097 λίαν
1484 4043 1774 4112 δεδοκιμα-

194 4128 429 4197 σμένην.
470 4130 566 4180 Διὰ
594 4130 755 4182 τοῦτο
780 4126 874 4183 οὖν
898 4131 958 4183 τὺ
989 4130 1100 4200 πῦρ
1129 4132 1395 4203 ἐπαφίησι
1430 4135 1537 4187 τῶν
1586 4152 1778 4202 πειρα-

195 4220 375 4289 σμῶν,
406 4220 499 4273 καὶ
527 4221 625 4289 τὴν
655 4221 812 4290 χάριν
855 4224 1131 4275 συστέλλει
1174 4226 1306 4294 πρὸς
1338 4227 1517 4292 ὀλίγον
1550 4226 1648 4297 τὴν
1701 4227 1778 4280 δι-

191 4314 434 4382 δομένην
466 4312 649 4374 αὐτοῖς
680 4312 907 4376 ἄνωθεν,
935 4316 1028 4368 καὶ
1080 4316 1187 4368 τῶν
1221 4318 1496 4386 λογισμῶν
1536 4318 1636 4387 τὴν
1681 4335 1780 4386 γα-

193 4405 368 4474 λήνην
422 4404 527 4456 ὑπὸ
558 4404 663 4457 τῶν
688 4408 1013 4475 πνευμάτων
1039 4411 1138 4479 τῆς
1171 4410 1434 4478 πονηρίας
1491 4410 1778 4481 κυμανοῆ-

195 4515 284 4550 ναι
313 4498 460 4549 κατὰ
491 4498 682 4568 καιρὸν
728 4504 1041 4569 συγχωρεῖ·
1083 4502 1151 4553 ἵν’
1195 4502 1276 4571 ἴδῃ
1327 4503 1424 4572 τὴν
1465 4503 1636 4572 ῥοπὴν
1684 4504 1779 4572 τῆς

1781 3254 1821 3311 C

1936 2195 2020 2248 l2.
2057 2194 2262 2250 Natura
2307 2198 2617 2273 hominibus
2653 2209 2855 2253 matres
2880 2202 3155 2272 ducesque
3186 2210 3416 2257 caetera-

1855 2300 1975 2342 t‘um
2010 2288 2183 2343 insitas
2208 2298 2337 2343 sunt
2362 2292 2610 2355 virtutes,
2635 2305 2666 2345 ο
2696 2292 2894 2360 quibus
2922 2293 3069 2348 velut
3091 2310 3155 2350 ex
3182 2304 3417 2365 quatuor

1859 2376 2101 2435 fontibus
2122 2379 2272 2435 ﬂuvii
2299 2383 2633 2453 reliquarum
2658 2383 2919 2438 virtutum
2938 2387 3094 2455 aquis
3116 2389 3413 2457 replentur,

1854 2479 1908 2525 et
1937 2473 2171 2542 irrigant
2207 2473 2485 2527 civitatem
2536 2472 2652 2535 Dei.
2679 2489 2800 2543 qua:
2826 2484 2912 2529 est
2940 2491 3036 2530 eor
3068 2478 3413 2546 puriﬁeatmu

1854 2573 1907 2617 et
1933 2564 2191 2633 laerymis
2228 2563 2545 2621 allevatnm.
2578 2562 2702 2618 Illas
2728 2566 2821 2635 qui
2849 2575 3032 2622 servat
3060 2568 3415 2625 inconcussas

1858 2671 1885 2708 a
1924 2656 2217 2726 spiritibus
2253 2656 2531 2727 malignis,
2558 2657 2642 2709 vel
2677 2660 2768 2727 qui
2817 2658 3005 2729 lapsus
3041 2662 3272 2731 resurgit
3319 2676 3417 2731 per

1860 2750 2060 2803 nmltos
2094 2750 2431 2819 ptenitentia:
2458 2748 2694 2815 labores,
2722 2750 2824 2804 sibi
2858 2752 3083 2805 domum
3124 2751 3288 2805 struit
3330 2766 3416 2805 re-

1854 2840 1994 2909 giam
2025 2850 2077 2894 et
2102 2841 2385 2911 palatium,
2423 2841 2475 2894 in
2507 2855 2617 2909 quo
2647 2841 2983 2896 mansionem
3014 2841 3145 2896 facit
3170 2844 3412 2897 omnium

1855 2930 2205 3001 gubernator,
2242 2948 2478 3001 suasque
2516 2934 3026 3003 superabundantes
3047 2934 3416 2991 divitiasltene

1858 3024 2176 3092 prrparatis
2215 3025 2442 3094 copiose
2474 3024 2753 3080 distribuit
2792 3034 2844 3080 et
2880 3025 3128 3095 largitur.

1930 3297 2016 3350 13.
2054 3297 2241 3351 Brevis
2270 3306 2354 3351 est
2394 3297 2525 3361 vita,
2563 3298 2783 3367 longum
2810 3305 3027 3368 tempus
3061 3299 3326 3365 futurum,
3365 3312 3420 3353 et

1860 3403 2086 3457 parvqu
2141 3388 2611 3457 vitze‘prtesentis
2662 3391 2919 3459 spatium.
2969 3389 3162 3458 llomo,
3210 3392 3410 3447 animal

1858 3480 1989 3534 illud
2040 3493 2293 3550 magnum
2341 3488 2391 3534 et
2428 3497 2675 3551 parvum,
2734 3486 2821 3538 cui
2864 3482 3025 3538 breve
3076 3482 3260 3539 datum
3331 3498 3415 3541 est

1859 3587 2102 3642 praesens
2148 3583 2383 3642 tempus,
2420 3574 2620 3630 debilis
2654 3583 2734 3629 est
2774 3592 2786 3628 :
2826 3578 3017 3645 sicque
3069 3586 3282 3646 tempus
3337 3588 3418 3630 est

1858 3666 2044 3729 breve,
2086 3665 2249 3719 homo
2276 3665 2508 3731 debilis;
2540 3676 2594 3720 at
2623 3666 2871 3723 bravium
2908 3669 2974 3723 ad
3026 3672 3421 3725 remuneratio-

1857 3772 1975 3810 nem
1993 3756 2317 3810 athletarum
2332 3756 2559 3812 oli‘ertnr
2577 3772 2851 3830 magnum,
2879 3760 3194 3817 innumeras
3212 3762 3418 3819 habens

1854 3863 2067 3913 cruces,
2097 3856 2152 3903 et
2179 3848 2437 3917 periculis
2469 3850 2591 3903 vitae
2628 3850 2963 3907 brevissim-az
2991 3854 3321 3923 expositum.

1930 3939 2015 3992 Η.
2050 3938 2169 3993 Non
2207 3941 2321 3994 vult
2374 3940 2515 3996 Deus
2562 3942 2830 3997 bonorum
2878 3959 3041 4012 opera
3097 3947 3419 3999 tentaminis

1857 4032 2099 4101 expertia
2137 4047 2279 4099 esse,
2318 4034 2411 4089 sed
2447 4033 2607 4089 valde
2634 4035 2880 4105 probari.
2914 4034 3207 4107 Propterea
3242 4038 3417 4107 ignem

1859 4124 2221 4176 tentatiouum
2255 4125 2522 4187 immittit,
2553 4133 2608 4179 et
2639 4126 2705 4179 ad
2759 4136 2974 4196 tempus
3015 4128 3243 4183 retrahit
3292 4145 3415 4198 gra.

1861 4215 1989 4269 tiam
2021 4216 2127 4269 illis
2160 4216 2339 4269 datam
2390 4217 2643 4286 desuper,
2704 4225 2761 4271 et
2807 4220 3207 4288 cogitationum
3271 4230 3421 4275 tran-

1860 4309 2187 4378 quillitatem
2217 4318 2539 4377 tempestate
2573 4308 2887 4378 perturbari
2932 4314 3258 4380 tempestive
3288 4329 3416 4381 per-

1860 4401 2024 4454 mittit
2069 4420 2079 4454 :
2122 4410 2180 4455 ut
2235 4403 2416 4456 videat
2469 4402 2887 4471 propensionem
2942 4406 3158 4472 animae,
3210 4407 3262 4460 in
3314 4424 3422 4475 quo

1860 4494 1961 4549 sibi
1997 4494 2234 4548 maxime
2283 4496 2651 4563 eomplaeeat,
2698 4506 2881 4550 utrum
2930 4498 2981 4550 iu
3015 4514 3117 4553 suo
3164 4499 3425 4555 Creatore

196 4586 405 4656 ψυχῆς.
433 4588 539 4640 τίνι
568 4588 627 4640 τὸ
652 4589 904 4643 πλεῖστον
926 4590 1234 4659 χαρίζεταιο
1262 4593 1491 4663 πότερον
1524 4593 1674 4663 αὐτῷ
1702 4594 1771 4665 τῷ

1859 4600 1922 4637 ac
1952 4584 2315 4650 benefactore,
2348 4601 2414 4639 an
2456 4588 2513 4640 in
2553 4602 2717 4642 sensu
2763 4589 2953 4643 mundi
3019 4592 3424 4663 voluptatisque

199 4681 403 4748 ποιητῇ
431 4680 527 4731 καὶ
557 4680 823 4753 εὐεργέτῃ
848 4680 1042 4751 αὐτῆς,
1078 4682 1196 4751 ἣτῇ
1232 4683 1481 4751 αἰσθήσει
1538 4682 1632 4735 τοῦ
1682 4685 1773 4736 κύρ

199 4786 361 4838 σμου,
399 4770 496 4823 καὶ
541 4770 619 4840 τῷ
644 4770 773 4841 λείῳ
807 4772 903 4842 τῆς
961 4773 1151 4843 ήόονῆς
1185 4789 1198 4801 ·
1235 4774 1328 4825 καὶ
1374 4772 1546 4837 οὕτως
1604 4775 1635 4845 ἢ
1684 4775 1782 4844 την

201 4862 364 4929 χάριν
423 4860 769 4924 διπλασιάζει
825 4863 1032 4925 αὐτοῖς,
1079 4863 1486 4933 προκόπτουσιν
1537 4867 1616 4927 εἰς
1682 4866 1782 4935 τὴν

200 4954 430 5021 ἀγάπην
461 4953 648 5017 αὐτοῦ,
687 4954 721 5023 ἢ
762 4956 1013 5023 μαστίῖει
1047 4956 1267 5018 τούτους
1291 4958 1401 5020 τοῖς
1455 4959 1782 5025 πειρασμοῖς

205 5046 301 5098 καὶ
360 5047 485 5107 ταῖς
525 5041 757 5114 θλίψεσι,
788 5046 1225 5117 προσκειμένους
1256 5048 1369 5109 τοῖς
1410 5047 1730 5117 πράγμασιν
1765 5064 1776 5076 ·

198 5135 307 5196 ἕως
344 5126 408 5186 οὗ
461 5135 616 5203 μῖσος
648 5134 853 5188 λάὸωσι
888 5136 996 5189 τῶν
1043 5136 1336 5207 ὁρωμένων
1389 5136 1489 5205 τῆς
1546 5138 1781 5189 ἀστάτου

202 5226 532 5297 περιφορᾶς,
584 5225 679 5277 καὶ
737 5225 834 5296 τὴν
889 5227 1115 5298 πικρίαν
1168 5227 1277 5280 τῶν
1329 5227 1539 5280 ἐκεῖθεν
1578 5227 1781 5295 ἡδονῶν

197 5322 225 5373 δ
235 5321 263 5372 i
274 5338 374 5390 κρυ
386 5335 469 5369 σιν
507 5320 541 5370 ά
551 5318 929 5372 ποκλύσονται.

272 5409 359 5463 ιε’.
393 5410 507 5479 Τῆς
553 5410 777 5479 εἰρήνης
807 5412 914 5462 τῶν
947 5409 1223 5479 λογισμῶν
1254 5410 1359 5463 ὑπὸ
1393 5410 1499 5462 τῶν
1536 5411 1781 5481 πνευμά-

196 5520 305 5554 των
364 5501 465 5569 τῆς
524 5501 789 5571 πονηρίας
840 5501 1296 5571 ἐκταραχθείσης,
1334 5501 1533 5555 αὐτίκα
1578 5504 1674 5556 καὶ
1713 5502 1783 5555 τά

199 5598 579 5671 πεπυρωμένα
624 5598 752 5667 βέλη
795 5599 891 5668 τῆς
932 5599 1250 5669 ἐπιθυμίας,
1291 5600 1433 5653 κατὰ
1473 5598 1567 5652 τοῦ
1618 5599 1781 5663 ὀξέως

198 5690 490 5758 τρέχοντος
537 5688 662 5756 πρὸς
705 5688 770 5740 τά
806 5687 913 5757 ὕψη
967 5684 1288 5756 νοὸς,παρᾶ
1342 5689 1448 5740 τῶν
1500 5687 1782 5757 θηρευτῶν

201 5782 294 5834 καὶ
328 5779 675 5851 φιλοσάρκων
718 5780 1009 5849 δαιμόνων,
1047 5781 1363 5851 πέμπονται
1411 5782 1669 5855 συνεχῶς.
1721 5782 1779 5834 ὐ

521 5866 790 5926 Parnm.
830 5868 947 5928 (in.
985 5871 1156 5931 CXX.

1859 4677 2181 4741 dulcedine;
2218 4691 2350 4733 tunc
2385 4694 2513 4732 vero
2554 4680 2636 4733 vel
2686 4683 2917 4750 gratiam
2977 4698 3132 4739 suam
3184 4686 3424 4755 duplicat

1863 4772 1969 4835 eis,
2008 4771 2053 4825 si
2086 4786 2282 4841 nempe
2333 4773 2384 4825 in
2432 4772 2556 4841 ejus
2597 4786 2784 4827 amore
2831 4774 3142 4843 proﬁciant,
3194 4778 3274 4831 vel
3333 4778 3427 4831 lla—

1863 4862 2028 4931 gellat
2056 4878 2151 4916 eos
2196 4863 2483 4917 tormentis
2517 4878 2580 4917 ac
2618 4863 3094 4929 tribulationibus,
3144 4868 3189 4920 si
3238 4883 3419 4922 rerum

1862 4953 2159 5022 cupiditate
2188 4953 2461 5017 laborent,
2493 4955 2855 5024 quoadusque
2895 4955 3204 5011 instabilem
3236 4959 3422 5013 visibi-

1863 5045 1995 5097 lium
2027 5045 2461 5100 vieissitudinem
2493 5049 2599 5110 osi,
2633 5047 3053 5104 amaritudinem
3080 5059 3419 5104 terrenarum

1859 5138 2199 5208 voluptatum
2235 5137 2494 5209 lacrymls
2533 5154 2783 5209 purgent.

1932 5404 2018 5457 l5.
2048 5403 2473 5473 Tranquillitate
2500 5402 2895 5475 cogitationum
2925 5418 2955 5456 a
2978 5404 3267 5472 Spiritibus
3304 5418 3419 5456 ma-

1872 5497 2037 5564 lignis
2086 5497 2323 5563 turbata,
2367 5496 2549 5550 statim
2593 5497 2760 5567 ignita
2814 5496 3275 5566 concupiscentia:
3316 5498 3417 5551 tela

1866 5596 2061 5646 contra
2096 5604 2219 5643 eum
2270 5590 2361 5659 qui
2415 5590 2479 5643 ad
2524 5590 2720 5643 mentis
2770 5589 3126 5644 elevationem
3161 5589 3424 5644 velociter

1866 5680 2063 5744 currit,
2093 5695 2120 5732 a
2151 5680 2503 5734 venatoribus
2544 5680 2968 5749 earnalibusque
3018 5679 3302 5735 d:emouiis
3341 5680 3423 5747 ja-

1868 5781 2084 5827 etantor
2110 5774 2260 5828 indes
2288 5774 2661 5829 nenter.!llcns
2693 5790 2820 5831 vero
2844 5790 2871 5829 a
2906 5785 3052 5829 rnotu
3083 5774 3421 5830 ascensionis

3030 5869 3105 5927 ‘29
