4202 6450
188 448 301 513 909

1135 440 1621 505 PIIYSICORUM
1668 436 2003 500 CAPITUM
2045 437 2433 500 CENTURIA
2474 441 2555 502 Π.

3318 449 3422 516 910

189 564 330 618 ἀλλὰ
363 564 566 634 βαίνειν
602 563 696 618 ἐπὶ
722 562 787 617 τὰ
818 560 1004 633 πρόσω
1031 559 1141 623 ἀεὶ,
1167 558 1263 614 καὶ
1292 556 1403 611 τῶν
1423 552 1832 623 τελειοτέρωνΑ

1763 553 1832 609 νΑ
1866 556 2056 618 genter
2085 549 2372 618 applicari,
2408 568 2476 606 ne
2505 553 2631 607 mali
2681 552 2949 627 ﬂagellum
3001 557 3117 629 ejus
3166 562 3422 618 taberna-

191 660 373 727 1ἑργων
391 658 694 722 σπουδαίως
723 655 1064 726 ὲφίιπτεσθαι
1086 668 1098 682 ’
1132 654 1218 707 ἴνα
1250 650 1323 724 μὴ
1346 648 1544 721 μάστιξ
1574 644 1772 708 κακίας

189 749 269 819 τῷ
300 750 507 819 ταύτης
540 749 733 820 ὲγγίσῃ
764 747 1104 819 σκηνώματι.

267 840 355 895 ιθ’.
392 842 585 911 Πείρα,
620 843 714 895 καὶ
748 838 985 909 σκόλωψ,
1024 839 1119 891 καὶ
1146 837 1378 907 βάσανος
1412 837 1534 891 κατ’
1567 838 1768 890 οἰκονο-

193 932 326 1000 μίαν
376 933 602 996 ἐκείνοις
652 931 809 986 τοῦτο
859 932 919 985 τὸ
971 930 1189 1001 πνεῦμα
1246 930 1473 997 γίνεται,
1520 929 1678 992 ὅσους
1735 931 1767 998 ή

191 1024 390 1096 πρώτη
421 1026 555 1093 πρὸς
588 1024 849 1095 δευτέραν
889 1024 1159 1078 ἀπάθειαν
1202 1023 1424 1094 ἤλασεν·
1444 1022 1519 1084 ὡς
1550 1021 1616 1074 ἂν
1652 1018 1759 1074 ύπδ

188 1108 395 1177 ταύτης
410 1108 750 1177 ὀχλούμενοι,
765 1107 862 1175 τῆς
879 1107 1114 1174 φυσικῆς
1141 1105 1446 1174 μέμνηνται
1467 1105 1750 1168 ἀσθενείας
1762 1152 1773 1167 ,

189 1202 286 1251 καὶ
318 1199 394 1268 μὴ
417 1201 482 1268 τῇ
524 1198 802 1269 ὑπερϐολῇ
838 1196 947 1249 τῶν
987 1197 1053 1249 ὲκ
1095 1197 1194 1265 τῆς
1229 1195 1460 1266 θεωμας
1493 1196 1770 1249 ἀποκαλύ-

187 1290 361 1360 ψεων,
394 1291 537 1343 κατὰ
565 1291 626 1343 τὸ
655 1291 857 1358 λόγιον,
899 1288 1331 1359 ύπεραίρωνται,
1375 1287 1511 1340 ἀλλὰ
1554 1288 1645 1340 τὸν
1679 1289 1771 1340 ἀν-

187 1384 680 1451 τιστρατευόμενον
710 1381 787 1452 τῷ
810 1381 961 1450 νόμῳ
983 1379 1271 1450 βλέποντες
1300 1378 1394 1431 τοῦ
1425 1380 1539 1442 νοὸς
1568 1378 1768 1445 αὐτῶν,

188 1475 287 1525 καὶ
315 1472 412 1542 τὴν
447 1472 608 1542 ψιλὴν
636 1472 1038 1525 ἀποσείσωνται
1070 1471 1293 1540 μνήμην
1322 1469 1421 1539 τῆς
1451 1469 1729 1539 ἁμαρτίας
1753 1486 1765 1499 ·

190 1565 348 1635 φδεῳ
402 1564 495 1619 τοῦ
533 1566 611 1635 μὴ
663 1564 849 1617 λαϐεῖν
901 1561 1155 1631 αἴσθησιν
1213 1560 1313 1630 τῆς
1377 1560 1768 1631 ὲντικτομένης

188 1659 375 1728 λύμης
400 1656 509 1710 ἀπὸ
540 1658 640 1725 τῆς
678 1658 899 1726 μνήμης
929 1653 1101 1724 αὐτῆς
1130 1695 1144 1714 ,
1180 1654 1272 1706 καὶ
1323 1652 1417 1705 τοῦ
1474 1652 1642 1721 ὕψους
1672 1652 1772 1722 τῆς

189 1749 433 1818 θεωρίας
462 1748 536 1818 μὴ
566 1747 845 1817 χαλάσωσι
876 1745 937 1799 τὸ
966 1744 1191 1799 ὁπτικδν
1214 1744 1308 1798 τοῦ
1340 1746 1458 1807 νοὸς
1484 1745 1685 1799 αὐτῶν.

266 1840 336 1895 κ’.
364 1842 532 1895 Μονοι
562 1843 655 1893 καὶ
683 1842 782 1909 τῆς
799 1838 962 1908 ψιλῆς
998 1839 1225 1909 μνήμης
1256 1838 1354 1907 τῆς
1385 1839 1657 1909 ἁμαρτίας
1685 1840 1776 1891 τὸν

192 1934 408 1985 ἑαυτῶν
439 1934 563 1986 νοῦν
608 1933 967 2001 ἀνενόχλητον
1013 1931 1339 1999 διατηρῆσαι
1377 1929 1622 1999 ἴσχυσαν,
1661 1931 1776 1984 ὅσοι

190 2028 296 2092 τὴν
348 2025 610 2090 ζωοποιὸν
660 2025 753 2077 τοῦ
788 2024 992 2095 Κυρίου
1024 2023 1292 2090 νέκρωσιν
1324 2022 1381 2074 ἐν
1419 2026 1531 2084 τοῖς
1562 2022 1776 2076 ἑαυτῶν

193 2117 385 2187 μέλεσι
446 2117 540 2169 καὶ
572 2117 834 2186 νοήμασιν
866 2112 1072 2168 ἄνωθεν
1107 2113 1292 2165 λαῦεἴν
1334 2114 1423 2167 διὰ
1453 2113 1548 2167 τοῦ
1595 2113 1773 2167 Πνεύ-

192 2228 368 2279 ματος
418 2210 750 2280 ἠξιώθησαν,
784 2209 879 2261 καὶ
926 2209 1024 2278 τὴν
1074 2209 1174 2277 μὲν
1225 2208 1405 2278 σάρκα
1463 2208 1666 2278 νεκρὶν
1707 2211 1774 2280 τῇ

190 2300 442 2371 ἁμαρτία
471 2300 872 2372 περιφέρουσι,
908 2300 969 2353 τδ
1030 2300 1087 2352 δὲ
1135 2299 1355 2369 πνεῦμα
1402 2299 1546 2369 ζωὴν
1591 2301 1679 2355 διὰ
1703 2302 1779 2353 δι-

188 2394 489 2461 καιοσύνην
535 2393 634 2463 τὴν
691 2393 749 2445 ὲν
799 2391 1019 2461 Χριστῷ
1064 2390 1243 2461 Ἰησοῦ
1298 2390 1771 2463 κατεπλούτησαν.

187 2488 305 2541 Καὶ
334 2487 481 2548 δσοις
513 2486 542 2536 ὁ
591 2484 712 2546 νοῦς
752 2483 908 2553 ἐδόθη
968 2483 1212 2555 Χριστοῦ
1251 2487 1308 2537 ἐν
1364 2483 1508 2553 λόγῳ
1558 2485 1773 2552 σοφίας,

187 2576 406 2638 τούτοις
441 2575 606 2644 καὶὴ
656 2572 1008 2643 ἀνενόχλητος
1067 2572 1327 2637 ζωοποιὸς
1389 2574 1657 2645 νέκρωσις
1718 2576 1777 2629 ὲν

186 2668 395 2737 γνώσει
425 2666 621 2737 εὑρέθη
652 2662 811 2719 Θεοῦ.

260 2757 372 2813 κα’.
425 2760 553 2821 Ταῖς
589 2757 1015 2829 καθαιρομέναις
1050 2757 1173 2826 ἄρτι
1225 2755 1426 2825 ψυχαῖς
1476 2754 1635 2809 εἴωθέ
1662 2770 1779 2820 πως

188 2853 251 2906 τὸ
280 2852 381 2921 τῆς
411 2850 705 2921 ἐπιθυμίας
762 2852 856 2903 καὶ
888 2848 982 2902 τοῦ
1014 2847 1188 2917 θυμοῦ
1223 2847 1578 2916 ἐπεμϐαίνειν
1607 2846 1775 2901 πνεῦ-

190 2964 292 3015 μα.
333 2945 466 2997 Τίνα
494 2944 695 3014 τρόπον
723 2961 738 3009 ;
774 2943 893 2996 Ἶνα
927 2943 1053 3005 τοὺς
1081 2942 1323 3011 καρποὺς
1352 2940 1652 3013 κατασείση
1681 2940 1775 2994 τοῦ

188 3037 516 3105 Πνεῦματος
572 3035 665 3089 τοῦ
704 3036 886 3104 ἁγίου,
952 3032 1334 3104 ὲπιῦρίθοντας
1395 3033 1475 3096 εἰς
1552 3032 1773 3110 ἑαυτάς

187 3129 380 3199 ἐπειδὴ
407 3128 463 3181 δὲ
499 3129 593 3181 καὶ
617 3129 651 3197 ἡ
684 3128 829 3198 χαρὰ
856 3127 954 3195 τῆς
1015 3125 1330 3196 ἐλευθερίας
1379 3125 1629 3194 διάχυσιν
1652 3142 1774 3178 τινα

1863 640 1985 694 culo
2014 643 2432 713 appropinquet.

1939 837 2023 891 l9.
2052 838 2333 905 Prohatio,
2367 856 2500 896 crux
2548 852 2602 896 et
2640 852 2991 911 tormentum,
3026 847 3134 904 Deo
3173 850 3247 905 ita
3298 851 3417 905 dis-

1866 940 2125 999 ponente,
2160 932 2306 985 idem
2346 933 2577 1002 spiritus
2608 935 2665 989 ﬁt
2698 936 2806 992 illis
2845 955 2989 1008 quos
3018 942 3194 1010 prima
3227 941 3422 1012 impas-

1864 1021 2097 1077 sihilitas
2140 1024 2207 1078 ad
2252 1026 2546 1081 secundam
2599 1029 2823 1083 evexit:
2856 1039 2918 1085 ut
2961 1033 3063 1086 hac
3118 1036 3420 1088 tentatione

1864 1112 2092 1176 turbati,
2146 1118 2418 1172 naturalis
2449 1119 2803 1175 meminerint
2836 1120 3194 1188 inﬁrmitatis,
3246 1136 3301 1181 et
3352 1144 3422 1183 ne

1864 1202 2236 1271 magnitudine
2284 1206 2679 1262 revelationqu
2714 1218 2769 1265 et
2813 1212 3110 1279 visionum,
3140 1215 3297 1283 juxta
3330 1234 3423 1271 sa-

1865 1306 2019 1344 cruzn
2053 1291 2300 1359 eﬂatum,
2333 1298 2692 1365 extollantur,
2734 1302 2827 1355 sed
2857 1319 2984 1357 eum
3023 1305 3272 1361 videhtcs
3327 1310 3420 1377 qui

1864 1382 2192 1437 adversatur
2223 1386 2325 1455 legi
2358 1388 2588 1456 spiritus
2617 1393 2886 1460 ipsorum,
2925 1396 3009 1449 vel
3044 1397 3215 1452 levem
3253 1413 3422 1453 excu-

1863 1474 1995 1529 tiant
2052 1478 2262 1546 peccati
2300 1482 2643 1545 memoriam,
2680 1485 2840 1538 veriti
2885 1501 2952 1540 ne
2981 1487 3050 1541 ab
3101 1489 3202 1543 hac
3238 1506 3425 1545 recor-

1861 1565 2081 1621 datione
2126 1568 2509 1625 detrimentum
2556 1577 2868 1643 patiantur,
2920 1586 2973 1632 et
3043 1595 3109 1634 ne
3179 1583 3246 1636 ab
3311 1584 3419 1636 alta

1860 1659 2328 1728 contemplatione
2366 1664 2648 1719 remittant
2682 1669 2882 1726 mentis
2914 1686 3028 1725 sua:
3059 1676 3309 1730 ocuZum.

1933 1835 2023 1891 ΞΟ.
2068 1838 2148 1892 Illi
2198 1847 2409 1896 tantum
2463 1846 2546 1897 vel
2579 1846 2725 1900 tenui
2770 1861 3115 1918 peccatorum
3174 1856 3427 1910 recorda-

1867 1926 2013 1982 tione
2066 1930 2516 1999 imperturbatam
2572 1944 2811 1991 mentem
2870 1953 3026 1993 suam
3094 1956 3425 1999 conservare

1867 2026 2139 2085 possunt,
2197 2024 2290 2089 qui
2348 2023 2617 2078 vivificam
2677 2027 2770 2081 Dei
2827 2031 3306 2089 mortiﬁcationem
3371 2039 3423 2089 in

1867 2110 2129 2164 membris
2174 2113 2288 2167 suis
2319 2123 2371 2167 et
2398 2115 2823 2185 cegitationibus
2860 2119 3094 2191 desuper
3130 2139 3159 2177 a
3202 2124 3411 2195 Spiritu

1877 2213 2069 2255 sancto
2106 2204 2391 2274 suscipere
2445 2217 2787 2277 meruerunt,
2838 2220 2892 2266 et
2944 2228 3165 2269 carnem
3202 2228 3427 2286 peccatu

1867 2300 2144 2347 mortuam
2183 2292 2391 2361 ferunt,
2426 2307 2588 2369 atque
2620 2301 2821 2371 spiritu
2843 2302 2992 2358 vitali
3027 2321 3124 2376 per
3150 2304 3424 2374 justitiam

1867 2395 1988 2451 qua:
2027 2395 2110 2437 est
2163 2384 2218 2439 iu
2275 2386 2498 2443 Christo
2543 2388 2672 2445 Jcsu
2722 2392 2878 2447 dilati
2924 2404 3072 2451 sunt.
3116 2397 3185 2453 Et
3227 2399 3426 2469 quibus

1865 2473 2029 2530 datus
2080 2485 2167 2531 est
2217 2494 2415 2535 sensus
2452 2480 2658 2535 Christi
2714 2484 2769 2537 in
2816 2499 3072 2542 sermone
3116 2490 3427 2559 sapientia‘,

1868 2566 1951 2621 his
1990 2566 2383 2637 imperturbata
2427 2572 2567 2629 inest
2612 2574 2902 2633 vivificaris
2944 2579 2997 2633 in
3044 2580 3281 2636 scientia
3333 2581 3425 2637 Dei

1867 2661 2235 2715 mortillcatio.

1934 2752 2027 2807 2|.
2054 2752 2112 2808 lu
2145 2755 2356 2811 animas
2393 2766 2644 2815 rccenter
2668 2762 2958 2819 mundatas
2986 2768 3124 2823 solet
3152 2772 3422 2839 quodam-

1866 2843 2032 2900 modo
2060 2845 2393 2903 descendere
2437 2854 2904 2923 concupiscentia:
2940 2857 3141 2927 iraeque
3171 2864 3427 2929 spiritus.

1864 2935 1934 2988 At
1989 2935 2298 3005 quomodo?
2329 2936 2399 2992 Ut
2427 2939 2638 2997 fructus
2686 2944 2927 2999 decutiat
2981 2947 3219 3018 Spiritus
3255 2957 3427 3009 sattrti

1869 3025 1979 3081 illis
2014 3026 2414 3098 impendentes.
2447 3032 2582 3088 Cum
2614 3046 2793 3090 autem
2839 3042 3098 3108 gaudium
3156 3044 3432 3101 libertatis

1868 3118 1923 3172 in
1953 3118 2270 3190 hnjusmodi
2307 3125 2520 3181 animas
2548 3128 2708 3196 quasi
2741 3130 3088 3200 dili‘unditur,
3124 3140 3313 3195 omnia
3361 3144 3427 3197 ad

188 3222 492 3290 ἐργάζεται
534 3221 611 3282 εἰς
650 3220 747 3282 τὰς
788 3219 1043 3282 τοιαύτας
1102 3217 1303 3289 ψυχὰς,
1348 3218 1382 3289 ὴ
1427 3218 1602 3271 πάντα
1636 3217 1837 3298 πρὸςς

1766 3234 1837 3298 ;C
1871 3212 2159 3268 utilitatem
2192 3216 2497 3286 disponens
2550 3220 2845 3290 sapientia,
2878 3227 3071 3283 volens
3104 3245 3325 3302 semper
3360 3237 3425 3287 ad

192 3311 856 3382 συμφέρονοίκονομοῦσα
886 3311 1066 3380 σοφία,
1099 3310 1236 3381 πρὸς
1280 3310 1479 3380 ἑαυτὴν
1523 3310 1610 3363 ἀεὶ
1642 3309 1770 3380 βου-

189 3403 400 3473 λομένη
418 3404 507 3456 διὰ
546 3402 652 3456 τῶν
674 3403 842 3471 αὐτῆς
870 3402 1221 3472 χαρισμάτῶν
1245 3402 1426 3455 ’ἐλκειν
1455 3400 1633 3455 αὐτῶν
1663 3402 1764 3472 τὴν

189 3494 457 3558 διὰιοιαν,
484 3494 578 3546 καὶ
612 3496 794 3563 μένειν
813 3493 980 3555 αὑτὰς
1010 3494 1066 3546 ὲν
1096 3491 1575 3563 ταπεινοφροσύνῃ
1621 3491 1771 3545 ἀσεί-

195 3602 383 3647 στους,
429 3585 517 3638 ῖνα
573 3585 648 3655 μὴ
685 3588 752 3656 τῇ
789 3585 959 3654 πολλῇ
990 3583 1272 3654 ἐλευθερία
1302 3585 1394 3637 καὶ
1422 3584 1500 3653 τῷ
1554 3583 1767 3653 πλούτῳ

191 3676 304 3727 τῶν
354 3676 709 3746 χαρισμάτων
760 3675 866 3728 τῶν
898 3675 1074 3729 ἄλλων
1110 3674 1560 3744 κατεπαρθῶσιν,
1597 3674 1629 3743 ἦ
1682 3675 1776 3726 καὶ

194 3767 481 3835 οἰηθῶσεν,
514 3766 573 3830 ἐξ
618 3766 749 3829 ἰδίας
769 3767 1049 3836 δυνάμεως
1074 3767 1166 3819 καὶ
1201 3767 1493 3831 συνέσεως,
1538 3766 1598 3817 τὸ
1634 3765 1775 3833 μέγα

195 3859 514 3929 κτήσασθαι
586 3858 748 3911 τοῦτο
804 3858 1067 3911 παλατιον
1128 3856 1231 3925 τῆς
1282 3857 1529 3927 εἰρήνης,
1597 3856 1782 3910 δίδωσι

196 3950 618 4020 τούτοιςχςὺραν
653 3952 765 4013 τοίς
793 3948 1103 4019 πνεύμασιν
1138 3948 1419 4018 ὲπιπηδᾷν
1454 3948 1676 4011 αὑταῖς,
1712 3948 1772 3999 ὲν

196 4043 434 4111 συστολῇ
462 4042 650 4111 αὐτῆς·
689 4032 763 4104 ὦς
802 4043 867 4094 ἂν
918 4040 1069 4110 φόϐῳ
1124 4038 1450 4109 βαλλόμεναι
1495 4037 1776 4103 πτώσεως,

196 4138 293 4189 ἐπὶ
320 4136 423 4206 τὴν
445 4136 578 4186 ἰδίαν
605 4134 849 4186 ἵστανται
876 4132 1123 4201 φυλακὴν
1153 4131 1252 4200 τῆς
1283 4129 1557 4199 μακαρίας
1582 4145 1774 4181 ταπει-

197 4226 563 4298 κινεοςιιιροσύνης⁹
591 4226 684 4278 καὶ
707 4226 793 4277 ἵνα
832 4222 1101 4294 μαθοῦσαι
1132 4224 1212 4275 ὅτι
1256 4222 1419 4286 σαρκὶ
1468 4219 1562 4273 καὶ
1586 4219 1778 4290 αἵματι

196 4321 465 4382 δέδενται,
514 4314 818 4387 ὲπιζητῶσι
856 4314 1101 4383 φυσικῶς
1155 4312 1212 4365 τὸ
1244 4314 1442 4364 οἰκεῖον
1491 4310 1778 4383 φρούριον,

195 4415 250 4465 ὲν
275 4405 320 4479 ᾧ
344 4409 603 4471 ἀϐλαϐεῖς
631 4408 887 4461 δύνανται
926 4404 1379 4475 διαφυλαχθῆναι,
1424 4407 1490 4476 τῇ
1549 4404 1776 4475 δυνάμει

193 4503 287 4556 τοῦ
322 4501 659 4568 πνεύματος.

264 4595 379 4665 κβ’.
420 4593 580 4647 Κατὰ
620 4591 716 4660 τὴν
764 4589 1171 4659 ἐπικρατοῦσαν
1203 4588 1309 4641 τῶν
1364 4586 1549 4640 παθῶν
1598 4586 1839 4663 ἀρρω-ι)

196 4688 375 4750 στίαν,
411 4686 507 4737 καὶ
530 4685 629 4751 τὴν
659 4681 986 4751 ἐγκειμένην
1014 4683 1070 4733 ἐν
1109 4681 1240 4749 ἡμῖν
1271 4677 1433 4748 σῆψιν
1456 4678 1553 4746 τῆς
1580 4678 1771 4746 ἁμαρ-

194 4779 340 4841 τίας,
408 4774 517 4828 τῶν
554 4771 879 4843 πειρασμῶν
938 4771 972 4841 ὴ
1036 4769 1274 4838 ἐπιφορὰ
1327 4766 1559 4834 γίνεται·
1598 4766 1692 4818 καὶ
1720 4762 1779 4817 τὺ

197 4870 459 4937 ποτήριον
495 4865 592 4933 τῆς
623 4856 847 4929 ἁψίνθου
871 4862 979 4914 τῶν
1012 4860 1297 4930 κριμὰτων
1325 4857 1483 4923 Θεοῦ,
1518 4859 1550 4927 ἢ
1582 4857 1777 4927 δριμύ-

194 4975 357 5029 τερον
387 4957 645 5025 κιρνᾶται
675 4955 831 5023 ἡμῖν,
866 4952 901 5023 ἦ
935 4949 1406 5020 συμπαθέστερον.
1444 4950 1505 5001 Εἰ
1544 4949 1643 5018 μὲν
1671 4947 1780 5017 γὰρ

199 5052 420 5120 ἰάσιμος
459 5066 545 5111 τις
596 5047 681 5117 εἴη
722 5047 817 5099 καὶ
862 5045 1260 5115 εύθεράπευτος
1306 5047 1339 5114 ἠ
1394 5043 1690 5113 ἐγκειμένη
1725 5044 1781 5095 ὲν

197 5140 333 5206 ἡμῖν
371 5138 472 5208 ῦλη
505 5138 602 5206 τῆς
628 5137 929 5207 ἁμαρτίας,
958 5137 1067 5189 ἀπὸ
1091 5135 1369 5205 λογισμῶν
1397 5134 1600 5204 δηλαδὴ
1626 5133 1782 5203 φιληο

193 5229 361 5283 δύνων
390 5230 423 5299 ἢ
454 5227 751 5296 φιλοζώων,
813 5227 1153 5297 κεκραμένον
1191 5226 1507 5296 συμπαθείτι
1573 5227 1630 5277 τὸ
1686 5244 1780 5277 πο-

192 5324 390 5392 τήριον
422 5322 531 5375 τῶν
563 5320 886 5392 πειρασμῶν
910 5323 1059 5392 παρὰ
1092 5319 1186 5372 τοῦ
1217 5317 1404 5390 ἰατροῦ
1451 5318 1559 5372 τῶν
1593 5319 1779 5388 ψυχῶν

194 5416 355 5485 ἡμῶν
417 5414 640 5477 δίδοται,
698 5413 774 5476 ὡς
833 5414 892 5465 ὲν
948 5410 1309 5481 ἀνθρωπίνοις
1365 5410 1777 5478 ἐξεταζομένοις

195 5508 438 5575 νοήμασι
465 5504 559 5576 [ἐν
594 5504 734 5558 (2.1.1.
764 5502 1085 5574 νοσήμασι],
1122 5502 1217 5556 καὶ
1247 5502 1327 5554 ἔτι
1358 5504 1425 5555 τὰ
1456 5500 1772 5571 ἀνθρώπινα

196 5602 522 5670 πάσχουσιν·
553 5597 679 5651 εἰδὲ
722 5596 972 5658 δυσίατος
1000 5612 1085 5658 τις
1114 5595 1198 5666 εἴη
1239 5595 1334 5647 καὶ
1369 5594 1663 5664 ἐγκειμένη
1696 5596 1780 5656 εἰς

200 5696 390 5766 βάθθς,
422 5695 521 5748 καὶ
552 5695 650 5761 τὴν
684 5693 821 5763 πρὸς
856 5692 1087 5745 θάνατον
1144 5691 1547 5761 κατεργάζεται
1594 5689 1778 5759 σῆψιν,

200 5788 307 5841 ἀπὸ
337 5786 620 5854 λογισμῶν
648 5785 969 5849 ἀλαζονείας
987 5785 1078 5837 καὶ
1104 5784 1481 5854 ὑπερηφανίας
1510 5784 1771 5853 ἐσχάτης,

198 5882 437 5951 ἄκρατον
463 5878 522 5930 ἑν
544 5876 833 5947 δριμύτητι
855 5876 1031 5948 θυμοῦ
1054 5877 1278 5931 δίδοται·
1313 5879 1386 5941 ὡς
1432 5879 1497 5932 ἂν
1532 5879 1606 5946 τῷ
1637 5879 1771 5948 πυρὶ

1869 3305 2105 3375 seipsam
2148 3322 2242 3377 per
2273 3323 2368 3363 sua
2399 3311 2735 3368 charismata
2769 3316 2994 3373 allicere
3025 3321 3242 3378 illarum
3276 3328 3431 3398 cogi-

1868 3397 2125 3462 tationes,
2154 3408 2209 3453 et
2238 3401 2455 3456 easdem
2476 3418 2799 3473 permanere
2821 3409 2875 3462 in
2904 3410 3209 3470 humilitate
3233 3397 3426 3474 incon-

1867 3496 2079 3546 cussas,
2118 3500 2185 3540 ne
2238 3489 2406 3543 multa
2445 3490 2699 3550 libertate
2729 3505 2783 3551 et
2816 3495 3207 3557 charismatum
3238 3506 3414 3560 abun-

1867 3572 2051 3629 dantia
2083 3592 2203 3631 sese
2238 3579 2362 3635 aliis
2389 3583 2703 3652 praeferant,
2739 3589 2820 3643 vel
2844 3591 3186 3648 arbitrentur
3208 3599 3424 3669 propria

1868 3678 1927 3719 se
1961 3666 2164 3721 virtute
2213 3671 2414 3739 potitos
2449 3673 2620 3730 fuisse
2668 3678 2770 3733 hoc
2815 3689 2970 3737 tanto
3016 3687 3170 3754 pacis
3197 3666 3421 3756 palatio.

1870 3757 1977 3813 illis
2012 3762 2279 3825 permittit
2310 3764 2597 3833 spiritibus
2630 3779 2689 3822 ut
2714 3786 2831 3825 cam
2861 3774 3095 3838 irruant,
3143 3780 3425 3850 ipsamqm-

1869 3849 2007 3905 hanc
2038 3867 2225 3921 pacem
2264 3857 2514 3923 retrahit,
2542 3867 2598 3912 ut
2633 3861 2827 3917 timore
2861 3864 3048 3935 lapsus
3078 3849 3423 3937 perculsam:

1868 3940 2081 3997 felicem
2118 3944 2482 4003 humilitatem
2512 3951 2613 4005 sibi
2646 3960 3086 4012 conservandam
3124 3961 3429 4030 invigilent,

1869 4041 2036 4103 utque
2075 4034 2317 4091 scientes
2348 4053 2407 4092 se
2443 4042 2596 4095 carni
2632 4054 2684 4097 ct
2719 4047 2970 4118 sanguini
3006 4066 3128 4106 esse
3158 4054 3429 4124 alligatas,

1868 4124 2195 4179 naturaliter
2240 4126 2527 4198 inquirant
2559 4137 2841 4203 propriam
2880 4153 3086 4207 arcem,
3143 4144 3232 4199 ubi
3269 4148 3427 4201 iuno-

1865 4224 2050 4271 ccntes
2085 4216 2286 4275 virtute
2318 4221 2545 4291 spiritus
2576 4229 2893 4285 conservari
2924 4246 3178 4302 possunt.

1937 4583 2029 4636 22.
2073 4582 2243 4636 Prout
2278 4582 2481 4637 inﬁrmi
2522 4598 2711 4637 sumus
2740 4590 2794 4636 et
2843 4582 3000 4637 nobis
3041 4582 3183 4635 inest
3217 4584 3426 4652 peccati

1868 4677 2163 4743 corruptio,
2196 4676 2604 4729 ιι·ἰι›ιι1.ιῑὶοηιιιη
2636 4675 2870 4743 impetus
2900 4673 2957 4726 iit
2979 4682 3034 4727 et
3062 4673 3429 4727 absinthiatem

1866 4767 2201 4837 iudiciorum
2265 4767 2355 4821 Dei
2416 4766 2555 4821 calix
2608 4766 2860 4820 acerhior
2910 4765 2991 4818 vel
3046 4766 3229 4820 mitior
3271 4765 3433 4819 nobis

1874 4858 2157 4913 miscetur.
2191 4855 2247 4911 Si
2273 4858 2417 4912 enim
2458 4855 2827 4912 remediahilis
2857 4864 2911 4909 et
2942 4855 3203 4910 curabilis
3244 4856 3314 4908 sit
3346 4855 3400 4909 in

1876 4948 1995 5002 fusa
2056 4949 2215 5002 nobis
2270 4947 2495 5002 materia
2555 4946 2799 5015 peccati,
2863 4961 2892 4999 a
2953 4946 3122 4999 nimio
3178 4945 3435 5001 videlicet

1874 5039 2215 5108 voluptatum
2257 5038 2489 5107 vitaeque
2518 5052 2706 5091 amore
2752 5045 2970 5101 exorta,
3016 5036 3433 5091 tribulationum

1872 5150 1900 5187 a
1941 5133 2152 5188 medico
2190 5133 2497 5185 animarum
2534 5131 2684 5186 mitis
2722 5130 2985 5185 miscetur
3027 5130 3214 5194 nobis,
3251 5138 3439 5198 utpote

1875 5218 2053 5278 adhuc
2091 5223 2473 5278 laborantibus
2510 5221 2771 5276 humanis
2821 5221 3028 5275 morbis
3077 5220 3180 5291 (vel
3230 5220 3439 5289 cogita-

1876 5314 2167 5384 tionibus),
2199 5323 2251 5368 et
2287 5314 2466 5368 adhuc
2497 5328 2620 5383 qua:
2646 5323 2777 5368 sunt
2813 5312 3051 5367 hominis
3079 5310 3435 5381 patientibus.

1883 5409 1939 5462 Si
1982 5417 2161 5460 autem
2198 5405 2617 5461 irremediabilis
2637 5406 2707 5461 sit
2731 5404 2854 5461 etin
2878 5405 3133 5481 abyssum
3161 5405 3437 5469 demersa,

1879 5507 1931 5552 ct
1955 5498 2361 5567 corruptionem
2398 5496 2669 5566 producat
2695 5496 2854 5549 morti
2880 5495 3186 5565 proximam
3215 5499 3441 5552 materia

1882 5592 2115 5659 peccati,
2166 5606 2195 5643 a
2246 5591 2674 5660 cogitationibus
2719 5590 3046 5660 arrogantia:
3078 5600 3133 5645 et
3182 5601 3440 5645 extrema:

1886 5685 2160 5749 superbiae
2226 5684 2595 5753 proveniens,
2652 5692 2781 5737 tum:
2836 5682 3235 5751 intemperatius
3286 5680 3445 5735 nobis

1892 5780 2031 5832 calix
2073 5778 2128 5832 in
2172 5778 2541 5832 amaritudine
2572 5776 2757 5831 cordis
2792 5774 2975 5837 datur,
3012 5785 3072 5828 ut
3104 5774 3229 5843 igne
3279 5774 3446 5828 alter-

1891 5888 2086 5927 narum
2150 5874 2513 5927 tentationum
2574 5871 2899 5925 imminutus
2971 5880 3447 5933 consumptusque
