4202 6450
754 366 850 428 9H

1979 367 2023 426 N
2038 366 2277 427 ICETJ'Z
2318 367 2742 434 PECTOIiATl

3895 379 3996 437 9l2

746 483 973 535 morbus
1034 492 1131 547 per
1186 477 1583 537 humilitatem,
1642 475 1864 530 recedat
1904 476 1971 529 ah
2023 478 2314 531 animabus

2429 473 2535 523 τῶν
2561 472 2985 545 αλλεπαλλήλων
3026 473 3162 541 ὁμοῦ
3206 471 3533 547 πειρασμῶν
3580 473 3881 525 ἑκτακεῖσα
3912 478 4009 526 καὶ

745 575 972 634 nostris,
1002 586 1331 641 amarasque
1357 572 1721 638 cogitationes
1745 569 1997 638 lacrymis
2028 571 2317 622 ahluamus

746 667 849 733 (vel
882 666 1213 735 logi-amns),
1252 679 1314 716 ac
1358 662 1481 732 puri
1537 662 1825 716 videamur
1878 662 1932 714 in
1995 662 2320 716 humilitatis

748 758 954 812 lumine
986 772 1095 828 quo
1124 758 1318 809 anima:
1360 765 1563 809 nostrae
1592 762 1886 809 Sanantnr.

810 1027 904 1078 9.3.
945 1025 1245 1078 luctantes
1299 1023 1487 1095 lugere
1534 1040 1640 1079 non
1702 1037 1935 1091 possunt
1973 1026 2321 1079 successivas

743 1116 1101 1181 tentationcs;
1132 1116 1234 1170 nisi
1276 1119 1552 1186 propriam
1579 1126 1880 1185 agnoscant
1916 1116 2315 1179 inﬁrmitatem,

744 1217 800 1263 et
836 1210 1064 1264 alienos"
1099 1211 1170 1263 ab
1206 1211 1355 1264 omni
1401 1209 1619 1278 iustitia
1680 1226 1801 1265 sese
1858 1212 2219 1273 arbitrentur,
2266 1218 2319 1263 et

736 1303 884 1355 nostri
918 1301 1170 1379 indignos
1208 1303 1430 1365 solatio,
1470 1304 1617 1358 omni
1653 1303 1886 1369 honore,
1913 1308 2063 1379 omni
2105 1303 2315 1373 quiete.

741 1392 869 1445 Vult
919 1372 1080 1464 ⁴ξιιιὶιιι
1141 1394 1389 1449 medicus
1444 1397 1751 1448 animarum
1809 1376 2123 1450 nostrarum
2172 1396 2316 1450 Deus

740 1498 842 1536 nos
875 1480 1115 1537 humiles
1155 1499 1280 1539 esse
1312 1500 1532 1556 semper
1579 1494 1633 1538 et
1666 1487 1968 1553 modestos,
2017 1503 2045 1541 a
2099 1490 2317 1543 cunctis

735 1586 1061 1646 segregatos
1107 1577 1454 1642 hominibus,
1505 1589 1561 1634 et
1621 1581 1945 1650 passionum
2002 1599 2140 1653 quas
2201 1584 2317 1653 ipse

737 1673 960 1738 pertulit
1017 1671 1347 1727 imitatores.
1408 1672 1554 1728 Mitis
1610 1675 1758 1728 enim
1809 1685 1926 1729 erat
1988 1685 2041 1729 et
2092 1677 2314 1731 humilis

741 1764 933 1827 corde,
976 1773 1030 1818 et
1085 1766 1136 1817 in
1198 1766 1624 1819 mansuetudine
1678 1776 1729 1819 et
1766 1764 2076 1820 humilitate
2126 1768 2314 1820 cordis

736 1856 851 1909 vult
891 1872 990 1911 nos
1019 1872 1352 1926 percurrere
1384 1873 1611 1912 suorum
1648 1860 1791 1912 viam
1828 1860 2240 1916 mandatorum.

809 2036 904 2092 2L
934 2037 1229 2091 lltnnilitas
1266 2053 1376 2093 non
1428 2039 1480 2092 in
1516 2040 1748 2095 cervicis
1777 2042 2154 2111 depressione,
2204 2057 2313 2097 non

735 2133 787 2185 in
825 2132 1075 2185 crinibus
1110 2132 1366 2197 hirsutis,
1405 2148 1513 2186 non
1544 2135 1599 2187 in
1636 2143 1780 2189 veste
1807 2135 2076 2206 neglecta,
2106 2137 2309 2191 brevis-

734 2229 943 2281 simare
980 2210 1074 2281 aut
1106 2227 1378 2280 maculata
1415 2228 1697 2292 consistit,
1738 2226 1794 2281 in
1826 2227 2028 2297 quibus
2061 2230 2311 2284 nonnulli

736 2330 906 2374 totam
940 2321 1416 2374 circumscribunt
1449 2320 1731 2382 virtutem,
1759 2320 1857 2376 sed
1888 2320 1941 2372 in
1972 2322 2141 2377 corde
2176 2337 2311 2377 con-

739 2413 873 2469 trito
905 2419 959 2471 et
991 2411 1042 2465 in
1074 2411 1273 2481 spiritu
1304 2411 1659 2475 humilitatis,
1692 2419 1751 2463 ut
1785 2414 1859 2464 ait
1890 2410 2059 2466 David
2088 2431 2101 2465 :
2133 2430 2153 2464 ι
2193 2412 2315 2483 Spi-

737 2506 906 2559 ritum
937 2504 1391 2566 contribulatum,
1419 2517 1515 2557 cor
1548 2503 1846 2557 contritum
1878 2510 1935 2557 et
1962 2502 2310 2557 humiliatum

742 2594 883 2649 Deus
912 2608 1022 2647 non
1060 2590 1327 2663 despiciet
1351 2590 1419 2645 δι.
1449 2610 1471 2643 ι

807 2773 906 2831 25.-
935 2770 1097 2829 Aliutl
1132 2768 1419 2824 humilitas
1454 2768 1775 2830 verborum,
1819 2767 1970 2822 aliud
2029 2768 2312 2821 humilitas

742 2860 1035 2925 factorum,
1063 2869 1118 2916 et
1146 2860 1298 2914 aliud
1322 2859 1613 2913 humilitas
1643 2858 2069 2927 cogitationum.
2116 2856 2281 2912 Humi
2301 2885 2313 2897 -

738 2958 864 3009 litas
901 2954 1193 3027 verborum
1227 2964 1282 3007 et
1312 2951 1585 3007 laetorum
1615 2965 1712 3021 per
1746 2966 1964 3005 onmem
2002 2949 2310 3004 cruciatum

739 3057 794 3100 ιιι
827 3046 1104 3101 evtcriora
1134 3031 1354 3097 vii-tutis
1377 3042 1644 3099 exercitia
1682 3041 1991 3111 acquiritur
2034 3056 2062 3094 a
2096 3042 2312 3095 luctan-

2428 566 2789 620 λεπτυνθεῖσα
2820 567 2853 636 ἡ
2892 566 3044 627 νὸσος
3078 565 3164 618 διά
3211 566 3622 627 ταπεινώσεως,
3666 564 4008 630 ἀπογένηται

2428 658 2534 711 ἀπὸ
2562 657 2669 710 τῶν
2702 657 2890 727 ψυχῶν
2936 658 3116 727 ἡμῶν,
3166 658 3259 709 καὶ
3287 657 3415 719 τοὺς
3466 657 3743 727 ἁλμυροὺς
3778 658 3888 708 τὼν
3915 656 4004 708 λο-

2427 752 2648 821 γισμῶν
2677 751 2769 803 διά
2801 750 3054 820 δακρύων
3085 749 3525 819 ἁποκλυσὼμεθα
3569 748 3662 820 [ἐν
3693 750 3836 804 (7.1.1.
3870 750 4009 801 ἁπο-

2427 840 2842 913 κλαυσώμεθα],
2879 842 2970 894 καὶ
3003 842 3235 913 καθαροὶ
3266 842 3598 911 ἐποφοῶμεν
3644 844 3703 894 ἐν
3738 844 3882 907 φωτὶ
3916 859 4009 893 τας

2426 933 2739 1000 πεινὼσεως
2766 936 2844 1007 τῷ
2871 936 3041 1007 ἰατρῷ
3062 936 3171 988 τῶν
3202 936 3388 1007 ψυχῶν
3421 937 3602 1006 ἡμῶν.

2500 1036 2602 1095 κγ’.
2639 1032 2752 1082 Οὐκ
2785 1030 2932 1082 ἐστιν
2952 1029 3129 1093 ἄλλως
3159 1029 3285 1089 τοὺς
3325 1027 3768 1099 ἀγωνιζομένους
3813 1032 4011 1095 φυγεῖν

2428 1117 2485 1167 τδ
2516 1118 2918 1187 ἀλλεπάλληλον
2944 1120 3051 1171 τῶν
3098 1122 3441 1191 πειρασμῶν,
3466 1122 3514 1172 εἰ
3545 1122 3620 1191 μὴ
3650 1120 3747 1191 τὴν
3797 1123 4011 1174 ἑαυτῶν

2426 1209 2713 1263 ἀσθένειαν
2763 1212 3047 1277 ἐπιγνῶσι,
3087 1214 3181 1265 καὶ
3222 1213 3407 1277 ξένους
3442 1215 3624 1283 πάσης
3658 1214 4008 1284 δικαιοσύνης

2424 1302 2651 1364 ἑαυτοὺς
2671 1305 2991 1372 ἡγήσονται,
3021 1306 3200 1375 πάσης
3224 1322 3283 1358 τε
3312 1307 3713 1377 παρακλήσεως
3729 1308 4008 1371 ἀναξίους,

2422 1394 2603 1463 πάσης
2631 1395 2820 1464 τιμῆς,
2854 1398 3035 1465 πάσης
3078 1397 3464 1461 ἀναπαύσεως.
3511 1400 3720 1461 Σκοπὸς
3748 1401 3859 1471 γάρ
3887 1401 4009 1471 θεῷ

2420 1484 2498 1553 τῷ
2536 1485 2702 1555 ἰατρῷ
2734 1488 2841 1539 τῶν
2886 1487 3076 1557 ιζσυχῶν
3109 1488 3266 1558 ἡμῶν
3300 1492 3388 1542 ἀεὶ
3420 1492 3715 1553 ταπεινοὺς
3749 1494 3901 1561 ἡμᾶς
3930 1490 4006 1545 εἶ-

2420 1594 2507 1629 ναι
2540 1580 2633 1629 καὶ
2665 1581 2948 1648 κατηφεῖς.
2990 1578 3172 1644 ξένους
3195 1580 3304 1633 ἀπὸ
3336 1582 3876 1652 παντὸς,άνθρὼπον,
3910 1587 4007 1637 καὶ

2423 1670 2665 1738 μιμητάς
2695 1670 2801 1722 τῶν
2830 1671 2996 1724 αὐτοῦ
3034 1674 3400 1742 παθημάτων.
3445 1674 3626 1743 "pio;
3657 1676 3764 1746 γάρ
3788 1672 3879 1745 ἦν,
3910 1680 4004 1729 καὶ

2417 1763 2671 1825 ταπεινὶς
2706 1765 2769 1833 τῇ
2803 1763 3020 1834 καρδία,
3056 1764 3149 1816 καὶ
3196 1768 3253 1817 ἐν
3283 1765 3550 1836 πραότητι
3587 1768 3680 1819 καὶ
3731 1770 4004 1821 ταπεινὼ-

2420 1868 2502 1902 σει
2536 1853 2767 1923 καρδίας
2800 1854 3047 1922 βούλεται
3095 1856 3246 1926 ἡμᾶς
3300 1858 3517 1928 τρέχειν
3546 1857 3640 1909 τὸν
3663 1857 3867 1928 δρόμον
3894 1860 4004 1914 τῶν

2414 1942 2582 1995 αὑτοῦ
2608 1943 2862 1997 ἐντολῶν.

2484 2037 2581 2090 κδ’.
2639 2036 2700 2089 Ἠ
2743 2037 3091 2101 ταπείνωσις,
3119 2040 3219 2092 οῦκ
3276 2041 3339 2093 ἐκ
3376 2039 3616 2111 τρί’ᾇεως
3663 2041 3917 2111 αὗχένος,
3966 2042 3999 2110 ἦ

2415 2129 2706 2200 αὐχμηρᾶς
2736 2131 2932 2200 κόμης,
2967 2132 2998 2201 ἢ
3034 2131 3261 2201 χιτῶνος
3284 2133 3636 2203 ἠμελημένον
3667 2136 3764 2187 καὶ
3794 2151 4003 2204 τραχυη

2412 2222 2576 2273 τάτου
2601 2222 2695 2274 καὶ
2728 2222 2959 2294 πιναροῦ
3011 2222 3397 2293 κατορθοῦται,
3435 2227 3491 2277 ἐν
3522 2222 3604 2288 οἷς
3634 2227 3683 2279 οἱ
3720 2227 3912 2279 πολλοὶ
3939 2228 4001 2283 τὸ

2414 2315 2522 2365 πᾶν
2557 2312 2654 2384 τῆς
2686 2313 2891 2383 ἀρετῆς
2938 2316 3360 2386 ὲπιγράσονσιν,
3405 2318 3521 2371 ἀλλ’
3561 2321 3625 2371 ἐκ
3672 2337 4000 2390 συντετριμ-

2416 2404 2583 2473 μένης
2622 2403 2871 2474 καρδίας,
2920 2406 3013 2458 κα“ι
3070 2406 3341 2475 πνεύματι
3393 2409 3805 2475 ταπεινώσεως,
3851 2412 3998 2464 κατά

2409 2495 2501 2547 τὸν
2533 2495 2756 2547 εἰπόντα
2781 2496 2965 2549 Δαείδ·
3007 2516 3026 2548 ‹
3061 2498 3287 2567 Πνεῦμα
3311 2502 3800 2572 συντετριμμένον,
3852 2522 3996 2575 καρ-

2408 2584 2527 2637 δίαν
2557 2587 3032 2657 συντετριμμένην
3086 2590 3178 2642 καὶ
3233 2595 3720 2664 τεταπεινωμένην
3775 2598 3805 2648 ὁ
3860 2596 3998 2657 Θεὸς

2413 2676 2515 2727 οῦκ
2546 2675 2918 2740 ἐξουδενὼσει.
2957 2698 2976 2729 ι

2482 2774 2558 2819 γε’
2618 2769 2781 2821 ’Λλλο
2811 2788 2841 2822 τ
2929 2788 2948 2799 ’
3146 2775 3159 2788 ⁹
3313 2778 3326 2791 “
3398 2776 3412 2789 ⁸
3631 2778 3676 2805 ’⁸
3973 2783 3984 2794 ⁸

2501 2809 2512 2820 .
2568 2807 2581 2821 .
2742 2810 2749 2819 .
2850 2772 3218 2839 απεινολογια,
3241 2792 3336 2827 και
3360 2777 3490 2829 ἄλλο
3513 2794 3870 2841 ταπεινωσις,
3899 2797 3995 2833 και

2406 2856 2534 2911 ἄλλο
2556 2861 3047 2930 ταπεινοφροσὺνη.
3098 2864 3164 2916 Ἦ
3198 2866 3299 2933 μὲν
3332 2869 3439 2938 γάρ
3468 2868 3857 2935 ταπεινολογία
3899 2874 3995 2923 καὶ

2405 2950 2438 3020 ἡ
2466 2950 2817 3015 ταπείνωσις,
2850 2951 2937 3006 διά
2963 2955 3145 3024 πάσης
3187 2959 3562 3020 κακοπαθείας
3592 2959 3685 3011 καὶ
3724 2959 3838 3011 τῶν
3865 2960 3996 3023 ἔξω·

2405 3040 2495 3094 θεν
2526 3043 2703 3096 πόνων
2730 3043 2829 3111 τῆς
2854 3044 3084 3115 ἀρετῆς,
3135 3047 3533 3119 κατορθοῦνται
3568 3053 3679 3112 τοῖς
3718 3051 3991 3116 ἀγωνιζο-

737 3139 904 3199 tibus.
935 3137 1023 3204 qui
1049 3143 1191 3189 totas
1213 3134 1359 3188 vires
1408 3134 1474 3187 ad
1504 3132 1650 3187 solas
1678 3132 1929 3201 corporis
1959 3131 2313 3200 operationes

2407 3131 2611 3202 μένοις,
2654 3138 2781 3207 περὶ
2816 3140 2987 3210 μόνην
3034 3141 3134 3208 τὴν
3186 3142 3508 3213 σωματικὴν
3562 3144 3835 3212 ἐργασίαν
3898 3148 3993 3199 καὶ

737 3229 1237 3286 ctexercitationes
1259 3224 1607 3281 coadunant:
1633 3225 1866 3294 ideoque
1896 3224 2088 3277 horum
2107 3224 2312 3289 anima,

2407 3230 2716 3297 γυμνασίαν
2758 3233 2817 3283 τὸ
2852 3235 3220 3303 συναγόμενον
3238 3236 3481 3306 ἔχουσαν
3502 3236 3583 3288 διὸ
3610 3240 3705 3289 καὶ
3728 3240 3805 3308 μὴ
3826 3240 3995 3309 οεσης

738 3338 865 3377 cum
903 3321 1103 3390 saepius
1142 3336 1249 3374 non
1282 3318 1354 3372 sit
1400 3317 1631 3372 ﬁrmiter
1690 3316 1956 3381 stabilita,
1991 3316 2314 3371 adveniente

2407 3316 2498 3385 τῆς
2516 3317 2691 3388 ψυχῆς
2722 3320 2984 3382 πολλάκις
3007 3324 3065 3375 ἐν
3092 3326 3448 3389 καταστάσει,
3484 3328 3799 3399 πειρασμοῦ
3821 3330 3991 3381 ὑπαν-

740 3416 1045 3469 tentatione
1074 3415 1347 3468 turbatur.
1374 3409 1671 3466 Humilitas
1694 3420 1874 3466 autent
1899 3409 2312 3481 cogitationum,

737 3521 863 3561 cum
892 3512 967 3560 sit
999 3488 1207 3573 aliquid
1233 3502 1482 3556 divinum
1518 3516 1583 3555 ac
1610 3501 1868 3565 sublime,
1897 3501 1950 3554 in
1983 3501 2069 3555 his
2100 3508 2311 3554 tantum

747 3602 1026 3653 invenitur
1057 3598 1148 3665 qui
1183 3596 1421 3651 medium
1458 3598 1560 3650 iter
1598 3595 1914 3650 transiliere
1950 3611 2046 3665 per
2079 3594 2310 3664 gratiam

738 3694 1002 3762 Spiritus,
1044 3690 1094 3743 id
1123 3699 1229 3751 est,
1264 3690 1538 3759 progressi
1576 3696 1704 3742 sunt
1737 3702 1833 3758 per
1875 3702 2095 3742 omnem
2132 3686 2314 3740 humi-

738 3785 948 3838 litatem
986 3784 1043 3837 in
1078 3782 1159 3835 via
1190 3782 1418 3836 virtutis
1444 3780 1793 3835 brevissima.

810 3878 899 3932 9.6:
952 3875 1243 3929 lluntilitas
1309 3874 1727 3944 cogitationum,
1788 3873 1953 3927 imam
2019 3879 2312 3942 penetrans

740 3973 975 4025 animam
1036 3979 1197 4037 atque
1234 3974 1292 4021 ut
1333 3966 1475 4035 lapis
1516 3967 1700 4036 gravis
1749 3964 1805 4018 in
1861 3980 1982 4018 eam
2036 3962 2309 4025 incidens,

738 4074 889 4116 tanta
920 4062 969 4114 vi
1006 4062 1154 4114 illam
1189 4058 1390 4130 premit
1414 4074 1476 4113 ac
1508 4059 1753 4121 triturat,
1792 4065 1847 4111 ut
1871 4064 2102 4110 evacuet
2132 4065 2307 4110 totum

737 4157 860 4225 ejus
897 4155 1067 4208 rohur
1114 4153 1168 4206 in
1216 4150 1365 4205 ﬂuxu
1419 4150 1789 4221 lacrymarum
1844 4149 2195 4211 inexhausto,
2244 4148 2313 4203 ab

737 4246 1001 4313 omnique
1038 4246 1249 4298 macula
1285 4242 1607 4310 puriﬁcetur
1635 4243 1875 4307 animus,
1929 4251 1984 4297 et
2038 4242 2103 4295 ad
2139 4241 2309 4295 visio-

2398 3408 2464 3477 τή
2475 3413 3118 3483 σαντος,ἐκταράσσεται’
3143 3415 3252 3486 ἡδὲ
3277 3422 3747 3490 ταπεινοιςροσῦνη
3772 3421 3923 3475 θεῖόν
3943 3440 3993 3474 τι

2398 3503 2630 3571 πρᾶγμα
2656 3500 2791 3556 οὖσα
2816 3507 2910 3558 καί
2941 3506 3166 3577 ὑψηλὸν,
3201 3510 3261 3560 ἐν
3303 3511 3481 3579 μόνοις,
3533 3513 3849 3579 ἐπιγίνεται
3882 3518 3995 3577 τοῖς

2395 3590 2457 3644 τὺ
2508 3592 2670 3660 μέσον
2713 3595 3135 3667 ὑπερπηδήσασι
3181 3598 3272 3652 διὰ
3327 3600 3427 3671 τῆς
3469 3602 3563 3655 τοῦ
3603 3605 3979 3673 ῐΙαρακλήτου

2397 3680 2720 3752 ἐπιδημίας·
2752 3686 3113 3755 προδαδίσασι
3154 3688 3396 3758 δηλονῦτι
3454 3694 3541 3745 διά
3593 3698 3985 3759 ταπεινώσεως

2397 3769 2580 3841 πάσης
2610 3774 2709 3842 τὴν
2732 3775 2852 3828 ὁδὸν
2879 3776 2975 3845 τὴν
2998 3779 3343 3849 τραχυτάτην
3372 3781 3469 3849 τῆς
3494 3783 3718 3851 ἀρετῆς.

2470 3870 2585 3927 κε’.
2640 3864 2705 3917 Ἦ
2736 3870 3209 3941 ταπεινοφροσύνη
3245 3872 3325 3933 εἰς
3353 3870 3493 3941 βάθη
3528 3872 3707 3944 ψυχῆς
3737 3877 3988 3941 εἰσδῦσα,

2396 3962 2491 4015 καὶ
2537 3962 2671 4014 ὡσεὶ
2726 3962 2874 4025 λίθος
2930 3963 3102 4034 βαρὺς
3154 3965 3494 4019 ἐπιπεσοῦσα
3550 3969 3709 4037 αὐτῇ,
3744 3973 3990 4039 τοσούτῳ

2395 4051 2603 4121 ταύτην
2642 4052 2886 4105 ἐκθλίϐει
2914 4057 3008 4106 καὶ
3059 4055 3303 4119 ἐκπιέζει
3334 4055 3578 4126 δυνάμει,
3614 4059 3689 4120 ὠς
3740 4060 3985 4127 κενωῦῆο

2394 4165 2485 4201 ναι
2518 4148 2699 4201 πᾶσαν
2729 4149 2902 4218 αὐτῆς
2931 4150 3030 4219 τὴν
3069 4150 3221 4220 ἰσχὺν
3249 4152 3308 4202 ἐν
3342 4152 3407 4220 τῇ
3444 4152 3809 4221 ἀκατασχέτῳ
3846 4156 3988 4225 φορᾷ

2392 4240 2501 4292 τῶν
2540 4238 2809 4309 δακρύων,
2841 4242 2935 4292 καὶ
2968 4241 3187 4312 κηλῖδος
3217 4242 3397 4310 πάσης
3429 4243 3536 4294 τῶν
3564 4243 3847 4311 λογισμῶν
3880 4260 3984 4298 κα-

740 4356 861 4393 nent
906 4339 1021 4402 Dei,
1059 4338 1213 4405 juxta
1253 4333 1445 4390 Isaiam
1480 4374 1494 4397 ,
1538 4336 1847 4405 perveniat,
1881 4344 2048 4400 atque
2080 4331 2184 4386 sub
2208 4332 2310 4383 hoc

2407 4330 2659 4400 ὶαρθῆναι
2703 4332 2794 4383 τὸν
2843 4331 2988 4395 νοῦν,
3037 4334 3130 4385 καὶ
3169 4335 3227 4385 ἐν
3255 4334 3494 4404 ὀπτασίᾳ
3524 4335 3806 4400 γενέσθαι,
3839 4340 3985 4390 κατὰ

739 4431 1000 4482 instinctu
1062 4428 1209 4480 dicat
1262 4436 1315 4479 et
1369 4426 1531 4495 ipse:
1572 4443 1590 4475 ι
1630 4422 1722 4478 ναι
1783 4423 1941 4487 mihi,
1982 4422 2113 4492 quia
2167 4438 2309 4475 com-

2407 4423 2484 4474 τδν
2528 4424 2773 4484 Ἡσαΐαν,
2804 4423 2963 4485 Θεοῦ,
2996 4425 3091 4488 καὶ
3144 4424 3318 4488 οὕτως
3352 4426 3528 4477 εἰπεῖν
3584 4429 3988 4497 ἐνεργούμενον

736 4531 958 4589 punctus
994 4535 1110 4571 sum
1134 4519 1204 4583 ",
1244 4519 1371 4586 quia
1404 4516 1487 4568 vir
1525 4515 1766 4585 pollutus
1827 4515 1983 4568 labiis
2026 4528 2129 4583 ego
2164 4529 2308 4579 sum,

2407 4517 2484 4567 cal.
2523 4514 2704 4567 αὐτόν·
2757 4516 2820 4566 Ὢ
2869 4516 3037 4577 τάλας
3082 4517 3235 4583 ἐγὼ,
3294 4518 3376 4569 ὅτι
3426 4518 3865 4587 κατανέννγμαι,
3900 4523 3986 4572 δτι

741 4612 876 4665 etin
949 4610 1131 4663 medio
1186 4609 1369 4678 pepuli
1440 4607 1584 4661 labia
1648 4606 1857 4678 polluta
1907 4605 2161 4659 habentis
2212 4619 2313 4675 ego

2407 4604 2680 4673 ίνθρωπος
2708 4606 2805 4670 ὢν,
2844 4609 2940 4659 καὶ
2979 4606 3271 4676 ἀκάθαρτα
3331 4607 3484 4678 χείλη
3516 4610 3678 4678 ἔχων,
3723 4613 3783 4662 ἐν
3830 4614 3985 4680 μέσῳ

738 4701 948 4761 habito,
984 4709 1039 4754 et
1073 4715 1256 4770 regem
1289 4698 1582 4753 Dominum
1603 4698 1956 4753 exercituum
1997 4696 2103 4750 vidi
2136 4696 2312 4750 oculis

739 4794 877 4849 meis
898 4792 965 4845 ".
999 4809 1019 4843 ι

804 4971 1063 5028 27.οιιηι
1111 4972 1406 5025 verborum
1459 4969 1750 5025 humilitas
1794 4977 1848 5025 te
1907 4972 2312 5041 penetraverit,

743 5076 878 5121 tunc
908 5065 1146 5135 superba
1178 5065 1402 5131 eloquia
1438 5062 1536 5117 tibi
1584 5062 1843 5117 desinent
1891 5063 1999 5133 (vel
2035 5064 2311 5133 exspolia-

739 5159 990 5223 buutur).
1026 5158 1163 5211 Cum
1198 5157 1484 5209 humilitas
1521 5156 1797 5208 factorum
1829 5156 1880 5207 in
1921 5155 2114 5209 intimo
2146 5153 2311 5209 corde

743 5259 840 5303 tuo
870 5250 1121 5303 radicata
1174 5246 1357 5311 fuerit,
1390 5256 1521 5300 tunc
1575 5245 1691 5300 sive
1749 5245 2150 5314 superﬁcialcm
2198 5249 2311 5301 sive

741 5341 1066 5411 profundam
1112 5340 1331 5409 rejicies
1379 5340 1671 5394 verborum
1731 5338 2122 5394 humilitatem.
2173 5338 2308 5393 Cum

739 5436 979 5503 denique
1025 5446 1268 5502 superna
1322 5432 1723 5501 cogitationum
1780 5430 2088 5517 lminilitate
2142 5431 2312 5485 fueris

741 5528 977 5591 ditatus,
1018 5534 1146 5581 tunc
1173 5536 1229 5580 et
1278 5525 1610 5579 exteriorum
1653 5524 1935 5580 humilitas
1975 5540 2222 5593 operum,
2259 5536 2313 5581 et

809 5792 851 5821 "
881 5791 1024 5845 l'sal.
1059 5806 1109 5858 ι,
1150 5792 1233 5846 l9.
1385 5794 1427 5824 δ’
1461 5795 1567 5851 lsa.
1600 5815 1670 5865 vt,
1715 5799 1767 5854 5.

1846 5800 1901 5853 in
1940 5800 2164 5869 Vulgata
2193 5802 2426 5861 habetur
2458 5824 2468 5855 .-
2515 5803 2652 5871 Quia
2690 5807 2854 5859 tacui.

2390 4696 2521 4750 λαοῦ
2569 4697 2860 4767 ἀκάθαρτα
2912 4696 3070 4767 χείλη
3116 4697 3360 4768 ἔχοντος,
3416 4700 3531 4768 ἐγὼ
3574 4700 3731 4765 οἰκῶ,
3772 4703 3867 4753 καὶ
3892 4706 3985 4754 τιν

2388 4788 2614 4861 βασιλέα
2676 4789 2879 4860 Κύριον
2939 4789 3169 4843 Σαϐαὼθ
3250 4787 3394 4845 εἶδον
3489 4794 3608 4858 τοῖς
3673 4793 3985 4863 ὀφθαλμοῖς

2390 4898 2511 4952 μου.

2458 4974 2562 5038 κζ’.
2604 4974 2773 5028 Ὅταν
2797 4975 2876 5039 εἰς
2895 4972 3059 5043 βάθος
3081 4973 3143 5026 τδ
3167 4973 3576 5041 ταπεινολογεῖν
3606 4990 3692 5026 σοι
3728 4976 3983 5044 προστέ-

2392 5082 2573 5137 νηται,
2602 5065 2726 5119 τότε
2771 5065 2834 5117 τὸ
2885 5065 3184 5136 ὑψηγορεῖν
3231 5064 3682 5136 ἁποστηθήσεταῑ
3738 5082 3824 5118 σοι
3865 5067 3981 5134 [Ion

2387 5158 2887 5229 ἀποκτηθήσεται]·
2948 5159 3079 5211 ὅταν
3125 5157 3182 5210 δὲ
3240 5160 3319 5220 εἰς
3374 5156 3538 5227 βάθος
3570 5158 3603 5226 ἠ
3638 5158 3979 5221 ταπείνωσις

2386 5247 2826 5320 ἐρῤιςωθήσεται
2855 5247 2958 5316 τῆς
2987 5246 3218 5317 καρδίας
3256 5263 3374 5312 σου,
3405 5247 3526 5299 τότε
3555 5247 3653 5299 καὶ
3675 5248 3738 5298 τὸ
3778 5251 3978 5301 ἐπιπο-

2389 5335 2578 5399 λαίως,
2608 5335 2641 5407 ἢ
2676 5337 2818 5389 κατὰ
2852 5336 3017 5405 βάθος
3071 5336 3499 5404 ταπεινολογεῖν,
3527 5335 3979 5406 ἀποϐληθήσεταί

2387 5444 2489 5481 σοι.
2535 5428 2803 5497 Ὀπηνίκα
2825 5427 2882 5481 δέ
2900 5428 3106 5482 ἄνωθεν
3128 5428 3227 5501 τὴν
3264 5428 3772 5497 ταπεινοφροσύνην
3808 5445 3973 5480 κατα-

2389 5519 2724 5591 πλουτήσῃς,
2772 5520 3076 5589 τηνικαῦτα
3128 5520 3267 5590 αὑτή
3312 5536 3369 5574 τε
3407 5518 3673 5591 ἠεξωθεν
3700 5519 3952 5573 ταπείνω

2968 5806 3014 5837 ⁸³
3040 5803 3171 5860 Ibit].
3225 5803 3281 5858 6.
