  <div class='ocr_page' id='page_1' title='image "/cluster/home/n/w/nwhite01/storage/ocr_20150623/120/nnc1.0046979972/452.png"; bbox 0 0 4202 6450; ppageno 0'>
   <div class='ocr_carea' id='block_1_1' title="bbox 200 402 303 470">
    <p class='ocr_par' dir='ltr' id='par_1_1' title="bbox 200 402 303 470">
     <span class='ocr_line' id='line_1_1' title="bbox 200 402 303 470; baseline -0.049 0"><span class='ocrx_word' id='word_1_1' title='bbox 200 402 303 470; x_wconf 76' lang='lat'><strong>913</strong></span> 
     </span>
    </p>
   </div>
   <div class='ocr_carea' id='block_1_2' title="bbox 1142 415 2519 480">
    <p class='ocr_par' dir='ltr' id='par_1_2' title="bbox 1142 415 2519 480">
     <span class='ocr_line' id='line_1_2' title="bbox 1142 415 2519 480; baseline 0.004 -7"><span class='ocrx_word' id='word_1_2' title='bbox 1142 415 1626 477; x_wconf 74' lang='lat' dir='ltr'><strong>Plli&#39;SlCORUM</strong></span> <span class='ocrx_word' id='word_1_3' title='bbox 1671 417 2000 479; x_wconf 62' lang='lat' dir='ltr'><strong>CAPITUM</strong></span> <span class='ocrx_word' id='word_1_4' title='bbox 2027 418 2407 480; x_wconf 79' lang='lat' dir='ltr'><strong>CENTURIA</strong></span> <span class='ocrx_word' id='word_1_5' title='bbox 2437 418 2519 478; x_wconf 85' lang='lat' dir='ltr'><strong>ll.</strong></span> 
     </span>
    </p>
   </div>
   <div class='ocr_carea' id='block_1_3' title="bbox 3321 410 3425 474">
    <p class='ocr_par' dir='ltr' id='par_1_3' title="bbox 3321 410 3425 474">
     <span class='ocr_line' id='line_1_3' title="bbox 3321 410 3425 474; baseline 0.01 -1"><span class='ocrx_word' id='word_1_6' title='bbox 3321 410 3425 474; x_wconf 72' lang='lat' dir='ltr'><strong>9H</strong></span> 
     </span>
    </p>
   </div>
   <div class='ocr_carea' id='block_1_4' title="bbox 196 528 1760 603">
    <p class='ocr_par' dir='ltr' id='par_1_4' title="bbox 196 529 1760 598">
     <span class='ocr_line' id='line_1_4' title="bbox 196 529 1760 598; baseline 0.003 -19"><span class='ocrx_word' id='word_1_7' title='bbox 196 544 303 589; x_wconf 82' lang='grc' dir='ltr'>σις,</span> <span class='ocrx_word' id='word_1_8' title='bbox 338 529 429 579; x_wconf 52' lang='grc' dir='ltr'>καὶ</span> <span class='ocrx_word' id='word_1_9' title='bbox 477 530 509 598; x_wconf 75' lang='grc' dir='ltr'><strong>ἡ</strong></span> <span class='ocrx_word' id='word_1_10' title='bbox 580 529 679 598; x_wconf 74' lang='grc' dir='ltr'><strong>τῆς</strong></span> <span class='ocrx_word' id='word_1_11' title='bbox 740 530 992 598; x_wconf 76' lang='grc' dir='ltr'>γλώττης</span> <span class='ocrx_word' id='word_1_12' title='bbox 1023 529 1434 597; x_wconf 72' lang='grc' dir='ltr'>ταπεινοὶογία,</span> <span class='ocrx_word' id='word_1_13' title='bbox 1488 529 1674 584; x_wconf 62' lang='grc' dir='ltr'>τέλεόν</span> <span class='ocrx_word' id='word_1_14' title='bbox 1702 546 1760 583; x_wconf 90' lang='grc' dir='ltr'><strong>σο</strong></span> 
     </span>
    </p>
   </div>
   <div class='ocr_carea' id='block_1_5' title="bbox 1775 528 3421 603">
    <p class='ocr_par' dir='ltr' id='par_1_5' title="bbox 1775 528 3421 603">
     <span class='ocr_line' id='line_1_5' title="bbox 1775 528 3421 603; baseline -0.003 -18"><span class='ocrx_word' id='word_1_15' title='bbox 1775 538 1836 595; x_wconf 67' lang='lat' dir='ltr'><strong>LA</strong></span> <span class='ocrx_word' id='word_1_16' title='bbox 1870 531 2073 603; x_wconf 69' lang='lat' dir='ltr'><strong>lingua:</strong></span> <span class='ocrx_word' id='word_1_17' title='bbox 2105 531 2383 585; x_wconf 86' lang='lat' dir='ltr'><strong>humilitas</strong></span> <span class='ocrx_word' id='word_1_18' title='bbox 2415 530 2511 582; x_wconf 89' lang='lat' dir='ltr'><strong>tibi</strong></span> <span class='ocrx_word' id='word_1_19' title='bbox 2546 528 2787 597; x_wconf 72' lang='lat' dir='ltr'><strong>perfecte</strong></span> <span class='ocrx_word' id='word_1_20' title='bbox 2811 528 3421 592; x_wconf 76' lang='lat' dir='ltr'><strong>evacuabuntur,joxta</strong></span> 
     </span>
    </p>
   </div>
   <div class='ocr_carea' id='block_1_6' title="bbox 194 620 1781 691">
    <p class='ocr_par' dir='ltr' id='par_1_6' title="bbox 194 620 1781 691">
     <span class='ocr_line' id='line_1_6' title="bbox 194 620 1781 691; baseline 0.003 -20"><span class='ocrx_word' id='word_1_21' title='bbox 194 620 703 690; x_wconf 68' lang='grc' dir='ltr'><strong>καταργηθήσεται,</strong></span> <span class='ocrx_word' id='word_1_22' title='bbox 748 620 891 674; x_wconf 71' lang='grc' dir='ltr'>κατα</span> <span class='ocrx_word' id='word_1_23' title='bbox 938 621 1033 674; x_wconf 77' lang='grc' dir='ltr'><strong>τὸν</strong></span> <span class='ocrx_word' id='word_1_24' title='bbox 1080 621 1225 675; x_wconf 73' lang='grc' dir='ltr'>οὕτω</span> <span class='ocrx_word' id='word_1_25' title='bbox 1272 622 1498 691; x_wconf 84' lang='grc' dir='ltr'>λέγοντα</span> <span class='ocrx_word' id='word_1_26' title='bbox 1548 622 1781 677; x_wconf 83' lang='grc' dir='ltr'>Παῦλον·</span> 
     </span>
    </p>
   </div>
   <div class='ocr_carea' id='block_1_7' title="bbox 1867 617 3425 685">
    <p class='ocr_par' dir='ltr' id='par_1_7' title="bbox 1867 617 3425 685">
     <span class='ocr_line' id='line_1_7' title="bbox 1867 617 3425 685; baseline -0.001 -11"><span class='ocrx_word' id='word_1_27' title='bbox 1867 620 2098 675; x_wconf 86' lang='lat' dir='ltr'><strong>Paulum</strong></span> <span class='ocrx_word' id='word_1_28' title='bbox 2154 622 2479 676; x_wconf 81' lang='lat' dir='ltr'><strong>dicentem:</strong></span> <span class='ocrx_word' id='word_1_29' title='bbox 2518 637 2537 669; x_wconf 81' lang='grc' dir='ltr'><strong>ι</strong></span> <span class='ocrx_word' id='word_1_30' title='bbox 2577 621 2712 674; x_wconf 80' lang='lat' dir='ltr'><strong>Cum</strong></span> <span class='ocrx_word' id='word_1_31' title='bbox 2764 628 2951 675; x_wconf 90' lang='lat' dir='ltr'><strong>autem</strong></span> <span class='ocrx_word' id='word_1_32' title='bbox 3012 621 3225 672; x_wconf 86' lang='lat' dir='ltr'><strong>venerit</strong></span> <span class='ocrx_word' id='word_1_33' title='bbox 3277 617 3425 685; x_wconf 87' lang='lat' dir='ltr'><strong>quod</strong></span> 
     </span>
    </p>
   </div>
   <div class='ocr_carea' id='block_1_8' title="bbox 200 712 1760 789">
    <p class='ocr_par' dir='ltr' id='par_1_8' title="bbox 200 714 1760 789">
     <span class='ocr_line' id='line_1_8' title="bbox 200 714 1760 789; baseline 0.005 -27"><span class='ocrx_word' id='word_1_34' title='bbox 200 732 217 762; x_wconf 83' lang='grc' dir='ltr'><strong>ι</strong></span> <span class='ocrx_word' id='word_1_35' title='bbox 258 714 431 767; x_wconf 82' lang='grc' dir='ltr'>Ὅταν</span> <span class='ocrx_word' id='word_1_36' title='bbox 456 715 508 767; x_wconf 75' lang='grc' dir='ltr'>δὲ</span> <span class='ocrx_word' id='word_1_37' title='bbox 534 714 661 785; x_wconf 78' lang='grc' dir='ltr'>ἕλοῃ</span> <span class='ocrx_word' id='word_1_38' title='bbox 700 715 759 768; x_wconf 71' lang='grc' dir='ltr'>τὸ</span> <span class='ocrx_word' id='word_1_39' title='bbox 794 716 1023 783; x_wconf 79' lang='grc' dir='ltr'>τέλειον,</span> <span class='ocrx_word' id='word_1_40' title='bbox 1056 716 1116 769; x_wconf 74' lang='grc' dir='ltr'>τὸ</span> <span class='ocrx_word' id='word_1_41' title='bbox 1145 720 1209 770; x_wconf 82' lang='grc' dir='ltr'>ὲκ</span> <span class='ocrx_word' id='word_1_42' title='bbox 1264 718 1468 786; x_wconf 82' lang='grc' dir='ltr'><strong>μέρους</strong></span> <span class='ocrx_word' id='word_1_43' title='bbox 1498 733 1760 789; x_wconf 83' lang='grc' dir='ltr'>καταργη-</span> 
     </span>
    </p>
   </div>
   <div class='ocr_carea' id='block_1_9' title="bbox 1775 712 3415 789">
    <p class='ocr_par' dir='ltr' id='par_1_9' title="bbox 1775 712 3415 782">
     <span class='ocr_line' id='line_1_9' title="bbox 1775 712 3415 782; baseline -0.004 -15"><span class='ocrx_word' id='word_1_44' title='bbox 1775 746 1779 755; x_wconf 62' lang='grc' dir='ltr'>ν</span> <span class='ocrx_word' id='word_1_45' title='bbox 1863 713 2167 781; x_wconf 85' lang='lat' dir='ltr'><strong>perfectum</strong></span> <span class='ocrx_word' id='word_1_46' title='bbox 2206 722 2317 777; x_wconf 89' lang='lat' dir='ltr'><strong>est,</strong></span> <span class='ocrx_word' id='word_1_47' title='bbox 2356 712 2716 768; x_wconf 87' lang='lat' dir='ltr'><strong>evacuabitur</strong></span> <span class='ocrx_word' id='word_1_48' title='bbox 2746 713 2889 782; x_wconf 89' lang='lat' dir='ltr'><strong>quod</strong></span> <span class='ocrx_word' id='word_1_49' title='bbox 2922 726 2988 765; x_wconf 77' lang='lat' dir='ltr'><strong>ex</strong></span> <span class='ocrx_word' id='word_1_50' title='bbox 3020 721 3170 779; x_wconf 84' lang='lat' dir='ltr'><strong>parte</strong></span> <span class='ocrx_word' id='word_1_51' title='bbox 3196 718 3280 765; x_wconf 87' lang='lat' dir='ltr'><strong>est</strong></span> <span class='ocrx_word' id='word_1_52' title='bbox 3301 712 3367 767; x_wconf 70' lang='grc' dir='ltr'><strong>δ’.</strong></span> <span class='ocrx_word' id='word_1_53' title='bbox 3401 731 3415 760; x_wconf 81' lang='grc' dir='ltr'><strong>ι</strong></span> 
     </span>
    </p>
   </div>
   <div class='ocr_carea' id='block_1_10' title="bbox 195 806 493 875">
    <p class='ocr_par' dir='ltr' id='par_1_10' title="bbox 195 806 493 875">
     <span class='ocr_line' id='line_1_10' title="bbox 195 806 493 875; baseline 0.013 -18"><span class='ocrx_word' id='word_1_54' title='bbox 195 806 441 875; x_wconf 70' lang='grc' dir='ltr'>θήσεται.</span> <span class='ocrx_word' id='word_1_55' title='bbox 477 828 493 860; x_wconf 80' lang='grc' dir='ltr'><strong>ι</strong></span> 
     </span>
    </p>
   </div>
   <div class='ocr_carea' id='block_1_11' title="bbox 263 899 1772 972">
    <p class='ocr_par' dir='ltr' id='par_1_11' title="bbox 263 899 1772 972">
     <span class='ocr_line' id='line_1_11' title="bbox 263 899 1772 972; baseline 0.003 -22"><span class='ocrx_word' id='word_1_56' title='bbox 263 899 374 968; x_wconf 77' lang='grc' dir='ltr'>κη’.</span> <span class='ocrx_word' id='word_1_57' title='bbox 409 900 658 954; x_wconf 80' lang='grc' dir='ltr'>Καθόσον</span> <span class='ocrx_word' id='word_1_58' title='bbox 707 902 1006 972; x_wconf 85' lang='grc' dir='ltr'>ἀπέχουσιν</span> <span class='ocrx_word' id='word_1_59' title='bbox 1049 902 1307 957; x_wconf 77' lang='grc' dir='ltr'><strong>ἀνατολαὶ</strong></span> <span class='ocrx_word' id='word_1_60' title='bbox 1362 902 1470 956; x_wconf 83' lang='grc' dir='ltr'><strong>ἀπὸ</strong></span> <span class='ocrx_word' id='word_1_61' title='bbox 1525 901 1772 972; x_wconf 80' lang='grc' dir='ltr'>δυσμῶν,</span> 
     </span>
    </p>
   </div>
   <div class='ocr_carea' id='block_1_12' title="bbox 191 990 1775 1065">
    <p class='ocr_par' dir='ltr' id='par_1_12' title="bbox 191 990 1775 1065">
     <span class='ocr_line' id='line_1_12' title="bbox 191 990 1775 1065; baseline 0.004 -23"><span class='ocrx_word' id='word_1_62' title='bbox 191 991 335 1043; x_wconf 76' lang='grc' dir='ltr'>κατα</span> <span class='ocrx_word' id='word_1_63' title='bbox 354 990 610 1044; x_wconf 82' lang='grc' dir='ltr'>τοσοῦτον</span> <span class='ocrx_word' id='word_1_64' title='bbox 657 992 852 1063; x_wconf 78' lang='grc' dir='ltr'>ἀπέχει</span> <span class='ocrx_word' id='word_1_65' title='bbox 903 995 935 1064; x_wconf 80' lang='grc' dir='ltr'>ἡ</span> <span class='ocrx_word' id='word_1_66' title='bbox 973 993 1180 1064; x_wconf 79' lang='grc' dir='ltr'>ἀληθὴς</span> <span class='ocrx_word' id='word_1_67' title='bbox 1222 994 1607 1063; x_wconf 83' lang='grc' dir='ltr'>ταπεινολογία</span> <span class='ocrx_word' id='word_1_68' title='bbox 1670 996 1775 1065; x_wconf 82' lang='grc' dir='ltr'>τῆς</span> 
     </span>
    </p>
   </div>
   <div class='ocr_carea' id='block_1_13' title="bbox 189 1086 1774 1162">
    <p class='ocr_par' dir='ltr' id='par_1_13' title="bbox 189 1086 1774 1162">
     <span class='ocr_line' id='line_1_13' title="bbox 189 1086 1774 1162; baseline 0.003 -24"><span class='ocrx_word' id='word_1_69' title='bbox 189 1086 457 1157; x_wconf 71' lang='grc' dir='ltr'>ἀληθινῆς</span> <span class='ocrx_word' id='word_1_70' title='bbox 484 1087 901 1153; x_wconf 80' lang='grc' dir='ltr'><strong>ταπεινώσεως·</strong></span> <span class='ocrx_word' id='word_1_71' title='bbox 935 1090 1167 1143; x_wconf 87' lang='grc' dir='ltr'>καθόσον</span> <span class='ocrx_word' id='word_1_72' title='bbox 1204 1090 1262 1144; x_wconf 77' lang='grc' dir='ltr'>δὲ</span> <span class='ocrx_word' id='word_1_73' title='bbox 1315 1090 1520 1161; x_wconf 78' lang='grc' dir='ltr'>μείζων</span> <span class='ocrx_word' id='word_1_74' title='bbox 1546 1094 1651 1162; x_wconf 70' lang='grc' dir='ltr'><strong>γῆς</strong></span> <span class='ocrx_word' id='word_1_75' title='bbox 1684 1093 1774 1145; x_wconf 86' lang='grc' dir='ltr'><strong>οὺ-</strong></span> 
     </span>
    </p>
   </div>
   <div class='ocr_carea' id='block_1_14' title="bbox 1926 888 3405 958">
    <p class='ocr_par' dir='ltr' id='par_1_14' title="bbox 1926 888 3405 958">
     <span class='ocr_line' id='line_1_14' title="bbox 1926 888 3405 958; baseline -0.002 -15"><span class='ocrx_word' id='word_1_76' title='bbox 1926 891 2016 946; x_wconf 77' lang='lat'><strong>28.</strong></span> <span class='ocrx_word' id='word_1_77' title='bbox 2052 891 2327 958; x_wconf 81' lang='lat' dir='ltr'><strong>Quantum</strong></span> <span class='ocrx_word' id='word_1_78' title='bbox 2359 891 2524 947; x_wconf 87' lang='lat' dir='ltr'><strong>distat</strong></span> <span class='ocrx_word' id='word_1_79' title='bbox 2552 899 2710 946; x_wconf 90' lang='lat' dir='ltr'><strong>ortus</strong></span> <span class='ocrx_word' id='word_1_80' title='bbox 2750 888 2820 943; x_wconf 89' lang='lat' dir='ltr'><strong>ab</strong></span> <span class='ocrx_word' id='word_1_81' title='bbox 2844 889 3151 952; x_wconf 88' lang='lat' dir='ltr'><strong>occidente,</strong></span> <span class='ocrx_word' id='word_1_82' title='bbox 3194 896 3405 941; x_wconf 85' lang='lat' dir='ltr'><strong>tantum</strong></span> 
     </span>
    </p>
   </div>
   <div class='ocr_carea' id='block_1_15' title="bbox 1859 975 3417 1037">
    <p class='ocr_par' dir='ltr' id='par_1_15' title="bbox 1859 975 3417 1037">
     <span class='ocr_line' id='line_1_15' title="bbox 1859 975 3417 1037; baseline -0.006 -2"><span class='ocrx_word' id='word_1_83' title='bbox 1859 982 2026 1036; x_wconf 87' lang='lat' dir='ltr'><strong>distat</strong></span> <span class='ocrx_word' id='word_1_84' title='bbox 2051 997 2175 1037; x_wconf 87' lang='lat' dir='ltr'><strong>vera</strong></span> <span class='ocrx_word' id='word_1_85' title='bbox 2222 982 2511 1036; x_wconf 72' lang='lat' dir='ltr'><strong>verborum</strong></span> <span class='ocrx_word' id='word_1_86' title='bbox 2552 979 2831 1035; x_wconf 76' lang='lat' dir='ltr'><strong>humilitas</strong></span> <span class='ocrx_word' id='word_1_87' title='bbox 2882 992 2914 1033; x_wconf 90' lang='lat' dir='ltr'><strong>a</strong></span> <span class='ocrx_word' id='word_1_88' title='bbox 2962 993 3089 1032; x_wconf 83' lang='lat' dir='ltr'><strong>vera</strong></span> <span class='ocrx_word' id='word_1_89' title='bbox 3146 975 3417 1031; x_wconf 86' lang='lat' dir='ltr'><strong>factorum</strong></span> 
     </span>
    </p>
   </div>
   <div class='ocr_carea' id='block_1_16' title="bbox 1860 1069 3427 1142">
    <p class='ocr_par' dir='ltr' id='par_1_16' title="bbox 1860 1069 3427 1142">
     <span class='ocr_line' id='line_1_16' title="bbox 1860 1069 3427 1142; baseline -0.005 -17"><span class='ocrx_word' id='word_1_90' title='bbox 1860 1072 2194 1139; x_wconf 75' lang='lat' dir='ltr'><strong>humilitate;</strong></span> <span class='ocrx_word' id='word_1_91' title='bbox 2242 1082 2296 1127; x_wconf 89' lang='lat' dir='ltr'><strong>et</strong></span> <span class='ocrx_word' id='word_1_92' title='bbox 2344 1081 2548 1141; x_wconf 87' lang='lat' dir='ltr'><strong>quanto</strong></span> <span class='ocrx_word' id='word_1_93' title='bbox 2597 1069 2969 1142; x_wconf 89' lang='lat' dir='ltr'><strong>magnitudine</strong></span> <span class='ocrx_word' id='word_1_94' title='bbox 3012 1076 3233 1137; x_wconf 66' lang='lat' dir='ltr'><strong>praestat</strong></span> <span class='ocrx_word' id='word_1_95' title='bbox 3269 1075 3427 1121; x_wconf 77' lang='lat' dir='ltr'><strong>terra:</strong></span> 
     </span>
    </p>
   </div>
   <div class='ocr_carea' id='block_1_17' title="bbox 190 1156 1760 1255">
    <p class='ocr_par' dir='ltr' id='par_1_17' title="bbox 190 1178 1760 1255">
     <span class='ocr_line' id='line_1_17' title="bbox 190 1178 1760 1255; baseline 0.006 -27"><span class='ocrx_word' id='word_1_96' title='bbox 190 1178 377 1247; x_wconf 82' lang='grc' dir='ltr'>ρανὸς,</span> <span class='ocrx_word' id='word_1_97' title='bbox 413 1180 507 1231; x_wconf 74' lang='grc' dir='ltr'><strong>καὶ</strong></span> <span class='ocrx_word' id='word_1_98' title='bbox 558 1178 708 1251; x_wconf 78' lang='grc' dir='ltr'>ψυχὴ</span> <span class='ocrx_word' id='word_1_99' title='bbox 764 1180 1040 1251; x_wconf 86' lang='grc' dir='ltr'>σώματος,</span> <span class='ocrx_word' id='word_1_100' title='bbox 1094 1183 1235 1237; x_wconf 83' lang='grc' dir='ltr'><strong>κατά</strong></span> <span class='ocrx_word' id='word_1_101' title='bbox 1295 1181 1550 1236; x_wconf 84' lang='grc' dir='ltr'>τοσοῦτον</span> <span class='ocrx_word' id='word_1_102' title='bbox 1598 1186 1632 1255; x_wconf 78' lang='grc' dir='ltr'>ἡ</span> <span class='ocrx_word' id='word_1_103' title='bbox 1682 1184 1760 1238; x_wconf 74' lang='grc' dir='ltr'>διὰ</span> 
     </span>
    </p>
   </div>
   <div class='ocr_carea' id='block_1_18' title="bbox 1775 1156 3425 1255">
    <p class='ocr_par' dir='ltr' id='par_1_18' title="bbox 1856 1156 3425 1231">
     <span class='ocr_line' id='line_1_18' title="bbox 1856 1156 3425 1231; baseline -0.008 -12"><span class='ocrx_word' id='word_1_104' title='bbox 1856 1164 2053 1219; x_wconf 70' lang='grc' dir='ltr'>εωιιιηι</span> <span class='ocrx_word' id='word_1_105' title='bbox 2076 1171 2132 1217; x_wconf 87' lang='lat' dir='ltr'><strong>et</strong></span> <span class='ocrx_word' id='word_1_106' title='bbox 2158 1163 2370 1231; x_wconf 87' lang='lat' dir='ltr'><strong>corpori</strong></span> <span class='ocrx_word' id='word_1_107' title='bbox 2399 1162 2603 1225; x_wconf 86' lang='lat' dir='ltr'><strong>anima,</strong></span> <span class='ocrx_word' id='word_1_108' title='bbox 2636 1169 2787 1215; x_wconf 89' lang='lat' dir='ltr'><strong>tanto</strong></span> <span class='ocrx_word' id='word_1_109' title='bbox 2814 1158 3207 1230; x_wconf 78' lang='lat' dir='ltr'><strong>cogitationum</strong></span> <span class='ocrx_word' id='word_1_110' title='bbox 3245 1156 3425 1210; x_wconf 89' lang='lat' dir='ltr'><strong>humi-</strong></span> 
     </span>
    </p>
   </div>
   <div class='ocr_carea' id='block_1_19' title="bbox 189 1266 1768 1344">
    <p class='ocr_par' dir='ltr' id='par_1_19' title="bbox 189 1266 1768 1344">
     <span class='ocr_line' id='line_1_19' title="bbox 189 1266 1768 1344; baseline 0.004 -25"><span class='ocrx_word' id='word_1_111' title='bbox 189 1266 513 1337; x_wconf 79' lang='grc' dir='ltr'>Πνεῦματος</span> <span class='ocrx_word' id='word_1_112' title='bbox 552 1269 712 1337; x_wconf 85' lang='grc' dir='ltr'>ἀγίου</span> <span class='ocrx_word' id='word_1_113' title='bbox 736 1270 989 1342; x_wconf 76' lang='grc' dir='ltr'><strong>διδομένη</strong></span> <span class='ocrx_word' id='word_1_114' title='bbox 1020 1274 1133 1335; x_wconf 85' lang='grc' dir='ltr'>τοίς</span> <span class='ocrx_word' id='word_1_115' title='bbox 1158 1272 1387 1336; x_wconf 75' lang='grc' dir='ltr'><strong>τελείοις</strong></span> <span class='ocrx_word' id='word_1_116' title='bbox 1405 1289 1768 1344; x_wconf 78' lang='grc' dir='ltr'>ταπεινοφροο</span> 
     </span>
    </p>
   </div>
   <div class='ocr_carea' id='block_1_20' title="bbox 186 1357 1757 1436">
    <p class='ocr_par' dir='ltr' id='par_1_20' title="bbox 186 1357 1757 1436">
     <span class='ocr_line' id='line_1_20' title="bbox 186 1357 1757 1436; baseline 0.006 -26"><span class='ocrx_word' id='word_1_117' title='bbox 186 1357 344 1427; x_wconf 81' lang='grc' dir='ltr'>σῦνη,</span> <span class='ocrx_word' id='word_1_118' title='bbox 380 1362 476 1412; x_wconf 72' lang='grc' dir='ltr'><strong>καὶ</strong></span> <span class='ocrx_word' id='word_1_119' title='bbox 505 1360 834 1434; x_wconf 77' lang='grc' dir='ltr'>τελειοτέρα,</span> <span class='ocrx_word' id='word_1_120' title='bbox 866 1366 961 1417; x_wconf 78' lang='grc' dir='ltr'><strong>καὶ</strong></span> <span class='ocrx_word' id='word_1_121' title='bbox 993 1362 1195 1434; x_wconf 81' lang='grc' dir='ltr'>μείζων</span> <span class='ocrx_word' id='word_1_122' title='bbox 1233 1367 1332 1435; x_wconf 85' lang='grc' dir='ltr'><strong>τῆς</strong></span> <span class='ocrx_word' id='word_1_123' title='bbox 1362 1365 1624 1436; x_wconf 79' lang='grc' dir='ltr'>ἀληθινῆς</span> <span class='ocrx_word' id='word_1_124' title='bbox 1661 1384 1757 1419; x_wconf 88' lang='grc' dir='ltr'>τα-</span> 
     </span>
    </p>
   </div>
   <div class='ocr_carea' id='block_1_21' title="bbox 182 1442 524 1507">
    <p class='ocr_par' dir='ltr' id='par_1_21' title="bbox 182 1442 524 1507">
     <span class='ocr_line' id='line_1_21' title="bbox 182 1442 524 1507; baseline 0.018 -16"><span class='ocrx_word' id='word_1_125' title='bbox 182 1457 250 1492; x_wconf 77' lang='grc' dir='ltr'><strong>πε</strong></span> <span class='ocrx_word' id='word_1_126' title='bbox 264 1442 524 1507; x_wconf 75' lang='grc' dir='ltr'>ινώσεως.</span> 
     </span>
    </p>
   </div>
   <div class='ocr_carea' id='block_1_22' title="bbox 255 1531 1747 1616">
    <p class='ocr_par' dir='ltr' id='par_1_22' title="bbox 255 1531 1747 1616">
     <span class='ocr_line' id='line_1_22' title="bbox 255 1531 1747 1616; baseline 0.008 -31"><span class='ocrx_word' id='word_1_127' title='bbox 255 1531 357 1587; x_wconf 87' lang='grc' dir='ltr'>κθ’.</span> <span class='ocrx_word' id='word_1_128' title='bbox 390 1534 546 1605; x_wconf 73' lang='grc' dir='ltr'>Μήτε</span> <span class='ocrx_word' id='word_1_129' title='bbox 576 1535 668 1588; x_wconf 81' lang='grc' dir='ltr'><strong>τὸν</strong></span> <span class='ocrx_word' id='word_1_130' title='bbox 697 1538 926 1591; x_wconf 72' lang='grc' dir='ltr'>ταπεινὰ</span> <span class='ocrx_word' id='word_1_131' title='bbox 968 1540 1339 1609; x_wconf 70' lang='grc' dir='ltr'><strong>φθεγγόμενον</strong></span> <span class='ocrx_word' id='word_1_132' title='bbox 1413 1545 1471 1596; x_wconf 84' lang='grc' dir='ltr'><strong>ἐν</strong></span> <span class='ocrx_word' id='word_1_133' title='bbox 1506 1546 1747 1616; x_wconf 75' lang='grc' dir='ltr'>σχήματι</span> 
     </span>
    </p>
   </div>
   <div class='ocr_carea' id='block_1_23' title="bbox 181 1624 1763 1706">
    <p class='ocr_par' dir='ltr' id='par_1_23' title="bbox 181 1624 1763 1706">
     <span class='ocr_line' id='line_1_23' title="bbox 181 1624 1763 1706; baseline 0.007 -31"><span class='ocrx_word' id='word_1_134' title='bbox 181 1624 278 1676; x_wconf 67' lang='grc' dir='ltr'>καὶ</span> <span class='ocrx_word' id='word_1_135' title='bbox 326 1626 636 1696; x_wconf 82' lang='grc' dir='ltr'>καταστολῇ</span> <span class='ocrx_word' id='word_1_136' title='bbox 694 1629 1102 1694; x_wconf 79' lang='grc' dir='ltr'><strong>ταπεινώσεως,</strong></span> <span class='ocrx_word' id='word_1_137' title='bbox 1147 1634 1400 1687; x_wconf 80' lang='grc' dir='ltr'>ταπεινὸν</span> <span class='ocrx_word' id='word_1_138' title='bbox 1459 1630 1601 1689; x_wconf 73' lang='grc' dir='ltr'>εἶναι</span> <span class='ocrx_word' id='word_1_139' title='bbox 1663 1638 1763 1706; x_wconf 76' lang='grc' dir='ltr'><strong>τὴν</strong></span> 
     </span>
    </p>
   </div>
   <div class='ocr_carea' id='block_1_24' title="bbox 179 1717 1765 1800">
    <p class='ocr_par' dir='ltr' id='par_1_24' title="bbox 179 1717 1765 1800">
     <span class='ocr_line' id='line_1_24' title="bbox 179 1717 1765 1800; baseline 0.011 -32"><span class='ocrx_word' id='word_1_140' title='bbox 179 1717 417 1785; x_wconf 83' lang='grc' dir='ltr'>καρδίαν</span> <span class='ocrx_word' id='word_1_141' title='bbox 450 1718 732 1792; x_wconf 70' lang='grc' dir='ltr'>ὑπολάϐῃς</span> <span class='ocrx_word' id='word_1_142' title='bbox 788 1722 1047 1785; x_wconf 82' lang='grc' dir='ltr'>εὐκόλως,</span> <span class='ocrx_word' id='word_1_143' title='bbox 1105 1726 1242 1793; x_wconf 79' lang='grc' dir='ltr'>μήτε</span> <span class='ocrx_word' id='word_1_144' title='bbox 1291 1727 1383 1778; x_wconf 82' lang='grc' dir='ltr'><strong>τὸν</strong></span> <span class='ocrx_word' id='word_1_145' title='bbox 1434 1728 1614 1800; x_wconf 74' lang='grc' dir='ltr'>ὑψηλά</span> <span class='ocrx_word' id='word_1_146' title='bbox 1671 1734 1765 1785; x_wconf 77' lang='grc' dir='ltr'>καὶ</span> 
     </span>
    </p>
   </div>
   <div class='ocr_carea' id='block_1_25' title="bbox 184 1809 1763 1893">
    <p class='ocr_par' dir='ltr' id='par_1_25' title="bbox 184 1809 1763 1893">
     <span class='ocr_line' id='line_1_25' title="bbox 184 1809 1763 1893; baseline 0.011 -35"><span class='ocrx_word' id='word_1_147' title='bbox 184 1809 462 1878; x_wconf 80' lang='grc' dir='ltr'>μετέωρα,</span> <span class='ocrx_word' id='word_1_148' title='bbox 505 1810 823 1875; x_wconf 75' lang='grc' dir='ltr'><strong>ἀλαζονείας</strong></span> <span class='ocrx_word' id='word_1_149' title='bbox 868 1816 962 1865; x_wconf 73' lang='grc' dir='ltr'><strong>καὶ</strong></span> <span class='ocrx_word' id='word_1_150' title='bbox 1008 1814 1181 1881; x_wconf 78' lang='grc' dir='ltr'>τύφου</span> <span class='ocrx_word' id='word_1_151' title='bbox 1224 1819 1443 1885; x_wconf 69' lang='grc' dir='ltr'>μεστὸν,</span> <span class='ocrx_word' id='word_1_152' title='bbox 1485 1822 1642 1885; x_wconf 73' lang='grc' dir='ltr'>ἐκτὸς</span> <span class='ocrx_word' id='word_1_153' title='bbox 1666 1825 1763 1893; x_wconf 78' lang='grc' dir='ltr'>τῆς</span> 
     </span>
    </p>
   </div>
   <div class='ocr_carea' id='block_1_26' title="bbox 1859 1247 3425 1327">
    <p class='ocr_par' dir='ltr' id='par_1_26' title="bbox 1859 1247 3425 1327">
     <span class='ocr_line' id='line_1_26' title="bbox 1859 1247 3425 1327; baseline -0.006 -19"><span class='ocrx_word' id='word_1_154' title='bbox 1859 1258 1986 1312; x_wconf 84' lang='lat' dir='ltr'><strong>litas</strong></span> <span class='ocrx_word' id='word_1_155' title='bbox 2010 1270 2105 1327; x_wconf 89' lang='lat' dir='ltr'><strong>per</strong></span> <span class='ocrx_word' id='word_1_156' title='bbox 2134 1253 2394 1324; x_wconf 87' lang='lat' dir='ltr'><strong>Spiritum</strong></span> <span class='ocrx_word' id='word_1_157' title='bbox 2426 1262 2677 1311; x_wconf 88' lang='lat' dir='ltr'><strong>sanctum</strong></span> <span class='ocrx_word' id='word_1_158' title='bbox 2702 1253 2826 1307; x_wconf 84' lang='lat' dir='ltr'><strong>data</strong></span> <span class='ocrx_word' id='word_1_159' title='bbox 2855 1250 3111 1321; x_wconf 85' lang='lat' dir='ltr'><strong>perfectis</strong></span> <span class='ocrx_word' id='word_1_160' title='bbox 3133 1247 3425 1317; x_wconf 84' lang='lat' dir='ltr'><strong>perfectior</strong></span> 
     </span>
    </p>
   </div>
   <div class='ocr_carea' id='block_1_27' title="bbox 1856 1341 3138 1418">
    <p class='ocr_par' dir='ltr' id='par_1_27' title="bbox 1856 1341 3138 1418">
     <span class='ocr_line' id='line_1_27' title="bbox 1856 1341 3138 1418; baseline -0.009 -14"><span class='ocrx_word' id='word_1_161' title='bbox 1856 1356 1967 1415; x_wconf 86' lang='lat' dir='ltr'><strong>est,</strong></span> <span class='ocrx_word' id='word_1_162' title='bbox 2002 1357 2058 1403; x_wconf 91' lang='lat' dir='ltr'><strong>et</strong></span> <span class='ocrx_word' id='word_1_163' title='bbox 2085 1349 2337 1418; x_wconf 78' lang='lat' dir='ltr'><strong>superior</strong></span> <span class='ocrx_word' id='word_1_164' title='bbox 2366 1361 2490 1403; x_wconf 85' lang='lat' dir='ltr'><strong>vera</strong></span> <span class='ocrx_word' id='word_1_165' title='bbox 2517 1346 2784 1401; x_wconf 89' lang='lat' dir='ltr'><strong>factorum</strong></span> <span class='ocrx_word' id='word_1_166' title='bbox 2817 1341 3138 1396; x_wconf 83' lang='lat' dir='ltr'><strong>humilitate.</strong></span> 
     </span>
    </p>
   </div>
   <div class='ocr_carea' id='block_1_28' title="bbox 1922 1550 3423 1625">
    <p class='ocr_par' dir='ltr' id='par_1_28' title="bbox 1922 1550 3423 1625">
     <span class='ocr_line' id='line_1_28' title="bbox 1922 1550 3423 1625; baseline -0.003 -15"><span class='ocrx_word' id='word_1_167' title='bbox 1922 1558 2013 1613; x_wconf 73' lang='lat'><strong>&#39;29.</strong></span> <span class='ocrx_word' id='word_1_168' title='bbox 2066 1555 2251 1625; x_wconf 88' lang='lat' dir='ltr'><strong>Neque</strong></span> <span class='ocrx_word' id='word_1_169' title='bbox 2286 1572 2411 1611; x_wconf 91' lang='lat' dir='ltr'><strong>eum</strong></span> <span class='ocrx_word' id='word_1_170' title='bbox 2448 1558 2539 1625; x_wconf 90' lang='lat' dir='ltr'><strong>qui</strong></span> <span class='ocrx_word' id='word_1_171' title='bbox 2574 1556 2855 1611; x_wconf 86' lang='lat' dir='ltr'><strong>humiliter</strong></span> <span class='ocrx_word' id='word_1_172' title='bbox 2888 1554 3129 1621; x_wconf 75' lang='lat' dir='ltr'><strong>loquitur</strong></span> <span class='ocrx_word' id='word_1_173' title='bbox 3175 1561 3227 1608; x_wconf 88' lang='lat' dir='ltr'><strong>et</strong></span> <span class='ocrx_word' id='word_1_174' title='bbox 3271 1550 3423 1607; x_wconf 84' lang='lat' dir='ltr'><strong>babi-</strong></span> 
     </span>
    </p>
   </div>
   <div class='ocr_carea' id='block_1_29' title="bbox 1860 1642 3423 1716">
    <p class='ocr_par' dir='ltr' id='par_1_29' title="bbox 1860 1642 3423 1716">
     <span class='ocr_line' id='line_1_29' title="bbox 1860 1642 3423 1716; baseline -0.003 -16"><span class='ocrx_word' id='word_1_175' title='bbox 1860 1654 1973 1705; x_wconf 90' lang='lat' dir='ltr'><strong>tum</strong></span> <span class='ocrx_word' id='word_1_176' title='bbox 2008 1647 2441 1716; x_wconf 86' lang='lat' dir='ltr'><strong>modestiamque</strong></span> <span class='ocrx_word' id='word_1_177' title='bbox 2486 1646 2813 1701; x_wconf 82' lang='lat' dir='ltr'><strong>humilitatis</strong></span> <span class='ocrx_word' id='word_1_178' title='bbox 2860 1661 2969 1715; x_wconf 76' lang='lat' dir='ltr'><strong>prze</strong></span> <span class='ocrx_word' id='word_1_179' title='bbox 3008 1659 3065 1699; x_wconf 90' lang='lat' dir='ltr'><strong>se</strong></span> <span class='ocrx_word' id='word_1_180' title='bbox 3097 1642 3219 1703; x_wconf 88' lang='lat' dir='ltr'><strong>fert,</strong></span> <span class='ocrx_word' id='word_1_181' title='bbox 3263 1644 3423 1697; x_wconf 84' lang='lat' dir='ltr'><strong>corde</strong></span> 
     </span>
    </p>
   </div>
   <div class='ocr_carea' id='block_1_30' title="bbox 1857 1734 3419 1807">
    <p class='ocr_par' dir='ltr' id='par_1_30' title="bbox 1857 1734 3419 1807">
     <span class='ocr_line' id='line_1_30' title="bbox 1857 1734 3419 1807; baseline -0.003 -17"><span class='ocrx_word' id='word_1_182' title='bbox 1857 1738 2114 1791; x_wconf 87' lang='lat' dir='ltr'><strong>humilem</strong></span> <span class='ocrx_word' id='word_1_183' title='bbox 2137 1753 2259 1792; x_wconf 83' lang='lat' dir='ltr'><strong>esse</strong></span> <span class='ocrx_word' id='word_1_184' title='bbox 2286 1738 2442 1791; x_wconf 87' lang='lat' dir='ltr'><strong>facile</strong></span> <span class='ocrx_word' id='word_1_185' title='bbox 2468 1737 2685 1800; x_wconf 86' lang='lat' dir='ltr'><strong>credas;</strong></span> <span class='ocrx_word' id='word_1_186' title='bbox 2705 1752 2878 1807; x_wconf 88' lang='lat' dir='ltr'><strong>neque</strong></span> <span class='ocrx_word' id='word_1_187' title='bbox 2900 1750 3021 1789; x_wconf 91' lang='lat' dir='ltr'><strong>eum</strong></span> <span class='ocrx_word' id='word_1_188' title='bbox 3043 1735 3134 1805; x_wconf 92' lang='lat' dir='ltr'><strong>qui</strong></span> <span class='ocrx_word' id='word_1_189' title='bbox 3165 1734 3419 1788; x_wconf 80' lang='lat' dir='ltr'><strong>sublimia</strong></span> 
     </span>
    </p>
   </div>
   <div class='ocr_carea' id='block_1_31' title="bbox 1857 1825 3419 1897">
    <p class='ocr_par' dir='ltr' id='par_1_31' title="bbox 1857 1825 3419 1897">
     <span class='ocr_line' id='line_1_31' title="bbox 1857 1825 3419 1897; baseline -0.004 -15"><span class='ocrx_word' id='word_1_190' title='bbox 1857 1838 1909 1882; x_wconf 88' lang='lat' dir='ltr'><strong>et</strong></span> <span class='ocrx_word' id='word_1_191' title='bbox 1934 1829 2072 1882; x_wconf 88' lang='lat' dir='ltr'><strong>elata</strong></span> <span class='ocrx_word' id='word_1_192' title='bbox 2114 1828 2378 1897; x_wconf 88' lang='lat' dir='ltr'><strong>loquitur,</strong></span> <span class='ocrx_word' id='word_1_193' title='bbox 2408 1829 2646 1883; x_wconf 79' lang='lat' dir='ltr'><strong>vanitate</strong></span> <span class='ocrx_word' id='word_1_194' title='bbox 2672 1836 2723 1882; x_wconf 89' lang='lat' dir='ltr'><strong>et</strong></span> <span class='ocrx_word' id='word_1_195' title='bbox 2749 1826 2999 1897; x_wconf 83' lang='lat' dir='ltr'><strong>superbia</strong></span> <span class='ocrx_word' id='word_1_196' title='bbox 3024 1840 3146 1881; x_wconf 87' lang='lat' dir='ltr'><strong>esse</strong></span> <span class='ocrx_word' id='word_1_197' title='bbox 3178 1825 3419 1893; x_wconf 86' lang='lat' dir='ltr'><strong>plenum,</strong></span> 
     </span>
    </p>
   </div>
   <div class='ocr_carea' id='block_1_32' title="bbox 181 1900 1760 1989">
    <p class='ocr_par' dir='ltr' id='par_1_32' title="bbox 181 1900 1759 1980">
     <span class='ocr_line' id='line_1_32' title="bbox 181 1900 1759 1980; baseline 0.012 -31"><span class='ocrx_word' id='word_1_198' title='bbox 181 1901 279 1950; x_wconf 72' lang='grc' dir='ltr'><strong>ἐπὶ</strong></span> <span class='ocrx_word' id='word_1_199' title='bbox 311 1900 519 1961; x_wconf 61' lang='grc' dir='ltr'>τούτοις</span> <span class='ocrx_word' id='word_1_200' title='bbox 548 1901 803 1971; x_wconf 77' lang='grc' dir='ltr'>βασάνου·</span> <span class='ocrx_word' id='word_1_201' title='bbox 832 1908 897 1959; x_wconf 87' lang='grc' dir='ltr'><strong>ἐκ</strong></span> <span class='ocrx_word' id='word_1_202' title='bbox 937 1906 993 1958; x_wconf 77' lang='grc' dir='ltr'>δὲ</span> <span class='ocrx_word' id='word_1_203' title='bbox 1038 1907 1154 1961; x_wconf 80' lang='grc' dir='ltr'><strong>τῶν</strong></span> <span class='ocrx_word' id='word_1_204' title='bbox 1172 1910 1401 1980; x_wconf 78' lang='grc' dir='ltr'>καρπῶν</span> <span class='ocrx_word' id='word_1_205' title='bbox 1436 1912 1616 1967; x_wconf 75' lang='grc' dir='ltr'>αὐτῶν</span> <span class='ocrx_word' id='word_1_206' title='bbox 1650 1916 1759 1967; x_wconf 84' lang='grc' dir='ltr'>ἐπι·</span> 
     </span>
    </p>
   </div>
   <div class='ocr_carea' id='block_1_33' title="bbox 1775 1900 3420 1989">
    <p class='ocr_par' dir='ltr' id='par_1_33' title="bbox 1782 1900 3420 1989">
     <span class='ocr_line' id='line_1_33' title="bbox 1782 1900 3420 1989; baseline -0.003 -18"><span class='ocrx_word' id='word_1_207' title='bbox 1782 1900 1821 1953; x_wconf 76' lang='grc' dir='ltr'><strong><em>Β</em></strong></span> <span class='ocrx_word' id='word_1_208' title='bbox 1852 1919 1957 1973; x_wconf 87' lang='lat' dir='ltr'><strong>nisi</strong></span> <span class='ocrx_word' id='word_1_209' title='bbox 2004 1919 2106 1973; x_wconf 89' lang='lat' dir='ltr'><strong>hoc</strong></span> <span class='ocrx_word' id='word_1_210' title='bbox 2140 1920 2399 1973; x_wconf 84' lang='lat' dir='ltr'><strong>habueris</strong></span> <span class='ocrx_word' id='word_1_211' title='bbox 2447 1918 2895 1989; x_wconf 83' lang='lat' dir='ltr'><strong>comprobatum;</strong></span> <span class='ocrx_word' id='word_1_212' title='bbox 2943 1932 2975 1971; x_wconf 90' lang='lat' dir='ltr'><strong>a</strong></span> <span class='ocrx_word' id='word_1_213' title='bbox 3028 1916 3293 1971; x_wconf 86' lang='lat' dir='ltr'><strong>fructibus</strong></span> <span class='ocrx_word' id='word_1_214' title='bbox 3323 1929 3420 1968; x_wconf 60' lang='lat' dir='ltr'><strong>auo</strong></span> 
     </span>
    </p>
   </div>
   <div class='ocr_carea' id='block_1_34' title="bbox 184 1989 627 2062">
    <p class='ocr_par' dir='ltr' id='par_1_34' title="bbox 184 1989 627 2062">
     <span class='ocr_line' id='line_1_34' title="bbox 184 1989 627 2062; baseline 0.016 -21"><span class='ocrx_word' id='word_1_215' title='bbox 184 1989 375 2062; x_wconf 78' lang='grc' dir='ltr'>γνώσῃ</span> <span class='ocrx_word' id='word_1_216' title='bbox 411 1993 627 2057; x_wconf 77' lang='grc' dir='ltr'>αὐτούς.</span> 
     </span>
    </p>
   </div>
   <div class='ocr_carea' id='block_1_35' title="bbox 250 2082 1763 2163">
    <p class='ocr_par' dir='ltr' id='par_1_35' title="bbox 250 2082 1763 2163">
     <span class='ocr_line' id='line_1_35' title="bbox 250 2082 1763 2163; baseline 0.009 -27"><span class='ocrx_word' id='word_1_217' title='bbox 250 2082 318 2137; x_wconf 77' lang='grc' dir='ltr'><strong>λ’.</strong></span> <span class='ocrx_word' id='word_1_218' title='bbox 373 2084 431 2137; x_wconf 86' lang='lat' dir='ltr'><strong>&#39;O</strong></span> <span class='ocrx_word' id='word_1_219' title='bbox 483 2087 695 2155; x_wconf 76' lang='grc' dir='ltr'>καρπὸς</span> <span class='ocrx_word' id='word_1_220' title='bbox 723 2088 817 2142; x_wconf 87' lang='grc' dir='ltr'><strong>τοῦ</strong></span> <span class='ocrx_word' id='word_1_221' title='bbox 874 2089 1194 2160; x_wconf 76' lang='grc' dir='ltr'>Πνεῦματος</span> <span class='ocrx_word' id='word_1_222' title='bbox 1252 2094 1346 2146; x_wconf 88' lang='grc' dir='ltr'><strong>τοῦ</strong></span> <span class='ocrx_word' id='word_1_223' title='bbox 1395 2097 1553 2163; x_wconf 82' lang='grc' dir='ltr'>ἁγίου</span> <span class='ocrx_word' id='word_1_224' title='bbox 1613 2098 1763 2149; x_wconf 74' lang='grc' dir='ltr'>ἐστὶν</span> 
     </span>
    </p>
   </div>
   <div class='ocr_carea' id='block_1_36' title="bbox 175 2174 1759 2259">
    <p class='ocr_par' dir='ltr' id='par_1_36' title="bbox 175 2174 1759 2259">
     <span class='ocr_line' id='line_1_36' title="bbox 175 2174 1759 2259; baseline 0.009 -33"><span class='ocrx_word' id='word_1_225' title='bbox 175 2174 396 2243; x_wconf 78' lang='grc' dir='ltr'>ἀγάπη,</span> <span class='ocrx_word' id='word_1_226' title='bbox 466 2178 631 2246; x_wconf 75' lang='grc' dir='ltr'>χαρὰ,</span> <span class='ocrx_word' id='word_1_227' title='bbox 695 2181 912 2252; x_wconf 73' lang='grc' dir='ltr'>εἰρήνη,</span> <span class='ocrx_word' id='word_1_228' title='bbox 970 2183 1325 2254; x_wconf 73' lang='grc' dir='ltr'>ἀγαθωσύνη,</span> <span class='ocrx_word' id='word_1_229' title='bbox 1385 2186 1759 2259; x_wconf 80' lang='grc' dir='ltr'>μακροθυμία,</span> 
     </span>
    </p>
   </div>
   <div class='ocr_carea' id='block_1_37' title="bbox 176 2267 1762 2349">
    <p class='ocr_par' dir='ltr' id='par_1_37' title="bbox 176 2267 1762 2349">
     <span class='ocr_line' id='line_1_37' title="bbox 176 2267 1762 2349; baseline 0.011 -32"><span class='ocrx_word' id='word_1_230' title='bbox 176 2267 511 2340; x_wconf 76' lang='grc' dir='ltr'><strong>χρηστότης,</strong></span> <span class='ocrx_word' id='word_1_231' title='bbox 556 2271 758 2336; x_wconf 83' lang='grc' dir='ltr'>πίστις,</span> <span class='ocrx_word' id='word_1_232' title='bbox 818 2274 1087 2345; x_wconf 82' lang='grc' dir='ltr'>πραότης,</span> <span class='ocrx_word' id='word_1_233' title='bbox 1130 2277 1452 2349; x_wconf 83' lang='grc' dir='ltr'>ἐγκράτεια·</span> <span class='ocrx_word' id='word_1_234' title='bbox 1490 2282 1517 2333; x_wconf 88' lang='grc' dir='ltr'>ὁ</span> <span class='ocrx_word' id='word_1_235' title='bbox 1578 2281 1632 2334; x_wconf 79' lang='grc' dir='ltr'>δὲ</span> <span class='ocrx_word' id='word_1_236' title='bbox 1664 2281 1762 2334; x_wconf 86' lang='grc' dir='ltr'><strong>τοῦ</strong></span> 
     </span>
    </p>
   </div>
   <div class='ocr_carea' id='block_1_38' title="bbox 174 2359 1762 2439">
    <p class='ocr_par' dir='ltr' id='par_1_38' title="bbox 174 2359 1762 2439">
     <span class='ocr_line' id='line_1_38' title="bbox 174 2359 1762 2439; baseline 0.009 -30"><span class='ocrx_word' id='word_1_237' title='bbox 174 2359 428 2413; x_wconf 75' lang='grc' dir='ltr'>ἐναντίου</span> <span class='ocrx_word' id='word_1_238' title='bbox 486 2361 798 2431; x_wconf 81' lang='grc' dir='ltr'>πνεύματος</span> <span class='ocrx_word' id='word_1_239' title='bbox 881 2366 1094 2435; x_wconf 81' lang='grc' dir='ltr'>καρπός</span> <span class='ocrx_word' id='word_1_240' title='bbox 1147 2370 1269 2421; x_wconf 81' lang='grc' dir='ltr'>ἐστι</span> <span class='ocrx_word' id='word_1_241' title='bbox 1327 2372 1503 2439; x_wconf 85' lang='grc' dir='ltr'>μίσος,</span> <span class='ocrx_word' id='word_1_242' title='bbox 1554 2371 1762 2436; x_wconf 78' lang='grc' dir='ltr'>ἀθυμία</span> 
     </span>
    </p>
   </div>
   <div class='ocr_carea' id='block_1_39' title="bbox 176 2450 1760 2533">
    <p class='ocr_par' dir='ltr' id='par_1_39' title="bbox 176 2450 1760 2533">
     <span class='ocr_line' id='line_1_39' title="bbox 176 2450 1760 2533; baseline 0.011 -34"><span class='ocrx_word' id='word_1_243' title='bbox 176 2450 447 2517; x_wconf 74' lang='grc' dir='ltr'>κυσμικὴ,</span> <span class='ocrx_word' id='word_1_244' title='bbox 508 2451 891 2508; x_wconf 66' lang='grc' dir='ltr'>ἀκαταστασία</span> <span class='ocrx_word' id='word_1_245' title='bbox 956 2455 1160 2527; x_wconf 69' lang='grc' dir='ltr'>ψυχῆς,</span> <span class='ocrx_word' id='word_1_246' title='bbox 1220 2460 1435 2529; x_wconf 81' lang='grc' dir='ltr'>ταραχὴ</span> <span class='ocrx_word' id='word_1_247' title='bbox 1511 2463 1760 2533; x_wconf 82' lang='grc' dir='ltr'>καρδίας,</span> 
     </span>
    </p>
   </div>
   <div class='ocr_carea' id='block_1_40' title="bbox 177 2541 1760 2623">
    <p class='ocr_par' dir='ltr' id='par_1_40' title="bbox 177 2541 1760 2623">
     <span class='ocr_line' id='line_1_40' title="bbox 177 2541 1760 2623; baseline 0.011 -32"><span class='ocrx_word' id='word_1_248' title='bbox 177 2541 440 2611; x_wconf 79' lang='grc' dir='ltr'>πονηρία,</span> <span class='ocrx_word' id='word_1_249' title='bbox 468 2543 761 2615; x_wconf 84' lang='grc' dir='ltr'>περίεργον</span> <span class='ocrx_word' id='word_1_250' title='bbox 797 2546 1074 2617; x_wconf 84' lang='grc' dir='ltr'>φρόνημα,</span> <span class='ocrx_word' id='word_1_251' title='bbox 1110 2548 1393 2620; x_wconf 81' lang='grc' dir='ltr'>ὀλιγωρία,</span> <span class='ocrx_word' id='word_1_252' title='bbox 1426 2552 1585 2623; x_wconf 76' lang='grc' dir='ltr'>ὀργὴ,</span> <span class='ocrx_word' id='word_1_253' title='bbox 1632 2555 1760 2607; x_wconf 84' lang='grc' dir='ltr'>ἁπι-</span> 
     </span>
    </p>
   </div>
   <div class='ocr_carea' id='block_1_41' title="bbox 176 2634 1764 2717">
    <p class='ocr_par' dir='ltr' id='par_1_41' title="bbox 176 2634 1764 2717">
     <span class='ocr_line' id='line_1_41' title="bbox 176 2634 1764 2717; baseline 0.009 -34"><span class='ocrx_word' id='word_1_254' title='bbox 176 2635 328 2696; x_wconf 84' lang='grc' dir='ltr'>στία,</span> <span class='ocrx_word' id='word_1_255' title='bbox 377 2634 597 2701; x_wconf 75' lang='grc' dir='ltr'>φθόνος,</span> <span class='ocrx_word' id='word_1_256' title='bbox 645 2638 944 2708; x_wconf 80' lang='grc' dir='ltr'>ἀδηφαγία,</span> <span class='ocrx_word' id='word_1_257' title='bbox 988 2640 1151 2713; x_wconf 88' lang='grc' dir='ltr'>μέθη,</span> <span class='ocrx_word' id='word_1_258' title='bbox 1186 2641 1448 2714; x_wconf 80' lang='grc' dir='ltr'>λοιδορία,</span> <span class='ocrx_word' id='word_1_259' title='bbox 1497 2645 1764 2717; x_wconf 73' lang='grc' dir='ltr'>κατάκριο</span> 
     </span>
    </p>
   </div>
   <div class='ocr_carea' id='block_1_42' title="bbox 178 2725 1762 2807">
    <p class='ocr_par' dir='ltr' id='par_1_42' title="bbox 178 2725 1762 2807">
     <span class='ocr_line' id='line_1_42' title="bbox 178 2725 1762 2807; baseline 0.01 -32"><span class='ocrx_word' id='word_1_260' title='bbox 178 2741 287 2787; x_wconf 87' lang='grc' dir='ltr'>σις,</span> <span class='ocrx_word' id='word_1_261' title='bbox 318 2725 583 2796; x_wconf 86' lang='grc' dir='ltr'>ἐπιθυμία</span> <span class='ocrx_word' id='word_1_262' title='bbox 606 2731 732 2807; x_wconf 16' lang='grc' dir='ltr'>’τῶν</span> <span class='ocrx_word' id='word_1_263' title='bbox 762 2730 1079 2799; x_wconf 68' lang='grc' dir='ltr'>ὀφθαλμῶν,</span> <span class='ocrx_word' id='word_1_264' title='bbox 1112 2733 1282 2803; x_wconf 81' lang='grc' dir='ltr'><strong>τῦφος</strong></span> <span class='ocrx_word' id='word_1_265' title='bbox 1341 2737 1434 2788; x_wconf 73' lang='grc' dir='ltr'><strong>καὶ</strong></span> <span class='ocrx_word' id='word_1_266' title='bbox 1475 2737 1762 2801; x_wconf 72' lang='grc' dir='ltr'>ἀλαζονεία</span> 
     </span>
    </p>
   </div>
   <div class='ocr_carea' id='block_1_43' title="bbox 174 2815 1763 2895">
    <p class='ocr_par' dir='ltr' id='par_1_43' title="bbox 174 2815 1763 2895">
     <span class='ocr_line' id='line_1_43' title="bbox 174 2815 1763 2895; baseline 0.008 -29"><span class='ocrx_word' id='word_1_267' title='bbox 174 2815 378 2885; x_wconf 66' lang='grc' dir='ltr'>ψυχῆς.</span> <span class='ocrx_word' id='word_1_268' title='bbox 425 2817 520 2871; x_wconf 83' lang='grc' dir='ltr'>Ἐκ</span> <span class='ocrx_word' id='word_1_269' title='bbox 552 2818 683 2885; x_wconf 88' lang='grc' dir='ltr'>γοῦν</span> <span class='ocrx_word' id='word_1_270' title='bbox 715 2819 825 2872; x_wconf 84' lang='grc' dir='ltr'>τῶν</span> <span class='ocrx_word' id='word_1_271' title='bbox 854 2820 1116 2875; x_wconf 82' lang='grc' dir='ltr'>τοιούτων</span> <span class='ocrx_word' id='word_1_272' title='bbox 1173 2823 1404 2892; x_wconf 82' lang='grc' dir='ltr'>καρπῶν</span> <span class='ocrx_word' id='word_1_273' title='bbox 1446 2824 1506 2877; x_wconf 76' lang='grc' dir='ltr'>τὸ</span> <span class='ocrx_word' id='word_1_274' title='bbox 1546 2825 1763 2895; x_wconf 83' lang='grc' dir='ltr'>δένδρον</span> 
     </span>
    </p>
   </div>
   <div class='ocr_carea' id='block_1_44' title="bbox 175 2908 1762 2989">
    <p class='ocr_par' dir='ltr' id='par_1_44' title="bbox 175 2908 1762 2989">
     <span class='ocr_line' id='line_1_44' title="bbox 175 2908 1762 2989; baseline 0.008 -31"><span class='ocrx_word' id='word_1_275' title='bbox 175 2908 327 2960; x_wconf 80' lang='grc' dir='ltr'>εστω</span> <span class='ocrx_word' id='word_1_276' title='bbox 368 2925 451 2961; x_wconf 92' lang='grc' dir='ltr'><strong>σοι</strong></span> <span class='ocrx_word' id='word_1_277' title='bbox 510 2910 809 2981; x_wconf 78' lang='grc' dir='ltr'>γνώριμον,</span> <span class='ocrx_word' id='word_1_278' title='bbox 854 2913 951 2965; x_wconf 73' lang='grc' dir='ltr'>καὶ</span> <span class='ocrx_word' id='word_1_279' title='bbox 994 2912 1139 2966; x_wconf 87' lang='grc' dir='ltr'>οῦτω</span> <span class='ocrx_word' id='word_1_280' title='bbox 1193 2915 1409 2977; x_wconf 79' lang='grc' dir='ltr'>πάντως</span> <span class='ocrx_word' id='word_1_281' title='bbox 1461 2915 1616 2978; x_wconf 75' lang='grc' dir='ltr'>εἰδὼς</span> <span class='ocrx_word' id='word_1_282' title='bbox 1661 2918 1762 2989; x_wconf 75' lang='grc' dir='ltr'><strong>ἔσῃ</strong></span> 
     </span>
    </p>
   </div>
   <div class='ocr_carea' id='block_1_45' title="bbox 175 2998 1761 3079">
    <p class='ocr_par' dir='ltr' id='par_1_45' title="bbox 175 2998 1761 3079">
     <span class='ocr_line' id='line_1_45' title="bbox 175 2998 1761 3079; baseline 0.008 -28"><span class='ocrx_word' id='word_1_283' title='bbox 175 2998 338 3052; x_wconf 76' lang='grc' dir='ltr'>ποίου</span> <span class='ocrx_word' id='word_1_284' title='bbox 372 3000 684 3071; x_wconf 84' lang='grc' dir='ltr'>πνεύματος</span> <span class='ocrx_word' id='word_1_285' title='bbox 722 3003 955 3073; x_wconf 81' lang='grc' dir='ltr'>ὑπάρχει</span> <span class='ocrx_word' id='word_1_286' title='bbox 993 3006 1021 3057; x_wconf 82' lang='grc' dir='ltr'><em>ὁ</em></span> <span class='ocrx_word' id='word_1_287' title='bbox 1054 3005 1400 3074; x_wconf 70' lang='grc' dir='ltr'>ἐντυγχάνων</span> <span class='ocrx_word' id='word_1_288' title='bbox 1431 3024 1533 3062; x_wconf 88' lang='grc' dir='ltr'>σοι.</span> <span class='ocrx_word' id='word_1_289' title='bbox 1576 3010 1761 3079; x_wconf 86' lang='grc' dir='ltr'>Ἔχεις</span> 
     </span>
    </p>
   </div>
   <div class='ocr_carea' id='block_1_46' title="bbox 181 3090 1760 3168">
    <p class='ocr_par' dir='ltr' id='par_1_46' title="bbox 181 3090 1760 3168">
     <span class='ocr_line' id='line_1_46' title="bbox 181 3090 1760 3168; baseline 0.005 -25"><span class='ocrx_word' id='word_1_290' title='bbox 181 3090 297 3162; x_wconf 79' lang='grc' dir='ltr'>γὰρ</span> <span class='ocrx_word' id='word_1_291' title='bbox 328 3093 398 3145; x_wconf 85' lang='grc' dir='ltr'><strong>τά</strong></span> <span class='ocrx_word' id='word_1_292' title='bbox 425 3096 626 3162; x_wconf 81' lang='grc' dir='ltr'>σημεῖα</span> <span class='ocrx_word' id='word_1_293' title='bbox 646 3094 851 3147; x_wconf 79' lang='grc' dir='ltr'>τούτων</span> <span class='ocrx_word' id='word_1_294' title='bbox 878 3098 973 3147; x_wconf 76' lang='grc' dir='ltr'><strong>καὶ</strong></span> <span class='ocrx_word' id='word_1_295' title='bbox 996 3096 1103 3148; x_wconf 84' lang='grc' dir='ltr'><strong>ἀπὸ</strong></span> <span class='ocrx_word' id='word_1_296' title='bbox 1132 3097 1238 3167; x_wconf 81' lang='grc' dir='ltr'>τῆς·</span> <span class='ocrx_word' id='word_1_297' title='bbox 1280 3096 1372 3150; x_wconf 75' lang='grc' dir='ltr'><strong>τοῦ</strong></span> <span class='ocrx_word' id='word_1_298' title='bbox 1405 3099 1613 3168; x_wconf 83' lang='grc' dir='ltr'>Κυρίου</span> <span class='ocrx_word' id='word_1_299' title='bbox 1645 3117 1760 3168; x_wconf 70' lang='lat' dir='ltr'><strong>cptu-</strong></span> 
     </span>
    </p>
   </div>
   <div class='ocr_carea' id='block_1_47' title="bbox 180 3182 1761 3259">
    <p class='ocr_par' dir='ltr' id='par_1_47' title="bbox 180 3182 1761 3259">
     <span class='ocr_line' id='line_1_47' title="bbox 180 3182 1761 3259; baseline 0.008 -27"><span class='ocrx_word' id='word_1_300' title='bbox 180 3183 278 3248; x_wconf 79' lang='grc' dir='ltr'>νῆς</span> <span class='ocrx_word' id='word_1_301' title='bbox 304 3182 685 3254; x_wconf 75' lang='grc' dir='ltr'>ἐκδηλότερον·</span> <span class='ocrx_word' id='word_1_302' title='bbox 725 3204 743 3236; x_wconf 83' lang='grc' dir='ltr'><strong>ι</strong></span> <span class='ocrx_word' id='word_1_303' title='bbox 780 3187 842 3238; x_wconf 87' lang='lat'><strong>&#39;0</strong></span> <span class='ocrx_word' id='word_1_304' title='bbox 890 3187 1115 3254; x_wconf 80' lang='grc' dir='ltr'>ἀγαθὸς,</span> <span class='ocrx_word' id='word_1_305' title='bbox 1148 3188 1335 3255; x_wconf 72' lang='grc' dir='ltr'>φησὶν,</span> <span class='ocrx_word' id='word_1_306' title='bbox 1363 3188 1649 3259; x_wconf 80' lang='grc' dir='ltr'>ἄνθρωπος</span> <span class='ocrx_word' id='word_1_307' title='bbox 1696 3194 1761 3244; x_wconf 87' lang='grc' dir='ltr'><strong>ἐκ</strong></span> 
     </span>
    </p>
   </div>
   <div class='ocr_carea' id='block_1_48' title="bbox 176 3274 1758 3349">
    <p class='ocr_par' dir='ltr' id='par_1_48' title="bbox 176 3274 1758 3349">
     <span class='ocr_line' id='line_1_48' title="bbox 176 3274 1758 3349; baseline 0.007 -23"><span class='ocrx_word' id='word_1_308' title='bbox 176 3274 275 3327; x_wconf 79' lang='grc' dir='ltr'><strong>τοῦ</strong></span> <span class='ocrx_word' id='word_1_309' title='bbox 305 3275 515 3342; x_wconf 80' lang='grc' dir='ltr'>ἀγαθοῦ</span> <span class='ocrx_word' id='word_1_310' title='bbox 559 3277 837 3349; x_wconf 77' lang='grc' dir='ltr'>θησαυροῦ</span> <span class='ocrx_word' id='word_1_311' title='bbox 890 3278 989 3346; x_wconf 78' lang='grc' dir='ltr'>τῆς</span> <span class='ocrx_word' id='word_1_312' title='bbox 1025 3279 1256 3349; x_wconf 83' lang='grc' dir='ltr'>καρδίας</span> <span class='ocrx_word' id='word_1_313' title='bbox 1284 3280 1449 3333; x_wconf 76' lang='grc' dir='ltr'>αὐτοῦ</span> <span class='ocrx_word' id='word_1_314' title='bbox 1506 3282 1758 3337; x_wconf 75' lang='grc' dir='ltr'>ἐκϐάλλει</span> 
     </span>
    </p>
   </div>
   <div class='ocr_carea' id='block_1_49' title="bbox 174 3365 1759 3443">
    <p class='ocr_par' dir='ltr' id='par_1_49' title="bbox 174 3365 1759 3443">
     <span class='ocr_line' id='line_1_49' title="bbox 174 3365 1759 3443; baseline 0.006 -27"><span class='ocrx_word' id='word_1_315' title='bbox 174 3366 244 3417; x_wconf 66' lang='grc' dir='ltr'>τὰ</span> <span class='ocrx_word' id='word_1_316' title='bbox 278 3365 482 3432; x_wconf 84' lang='grc' dir='ltr'>ἀγαθά·</span> <span class='ocrx_word' id='word_1_317' title='bbox 515 3367 614 3419; x_wconf 76' lang='grc' dir='ltr'><strong>ὁδε</strong></span> <span class='ocrx_word' id='word_1_318' title='bbox 647 3371 881 3437; x_wconf 81' lang='grc' dir='ltr'>πονηρὸς</span> <span class='ocrx_word' id='word_1_319' title='bbox 942 3371 1007 3422; x_wconf 84' lang='grc' dir='ltr'><strong>ἐκ</strong></span> <span class='ocrx_word' id='word_1_320' title='bbox 1060 3369 1155 3422; x_wconf 87' lang='grc' dir='ltr'><strong>τοῦ</strong></span> <span class='ocrx_word' id='word_1_321' title='bbox 1204 3371 1445 3440; x_wconf 77' lang='grc' dir='ltr'>πονηροῦ</span> <span class='ocrx_word' id='word_1_322' title='bbox 1478 3371 1759 3443; x_wconf 77' lang='grc' dir='ltr'>θησαυροῦ</span> 
     </span>
    </p>
   </div>
   <div class='ocr_carea' id='block_1_50' title="bbox 174 3458 1758 3537">
    <p class='ocr_par' dir='ltr' id='par_1_50' title="bbox 174 3458 1758 3537">
     <span class='ocr_line' id='line_1_50' title="bbox 174 3458 1758 3537; baseline 0.008 -29"><span class='ocrx_word' id='word_1_323' title='bbox 174 3461 278 3527; x_wconf 74' lang='grc' dir='ltr'>τῆς</span> <span class='ocrx_word' id='word_1_324' title='bbox 309 3458 541 3526; x_wconf 83' lang='grc' dir='ltr'>καρδίας</span> <span class='ocrx_word' id='word_1_325' title='bbox 589 3459 755 3512; x_wconf 74' lang='grc' dir='ltr'>αὐτοῦ</span> <span class='ocrx_word' id='word_1_326' title='bbox 811 3461 1065 3515; x_wconf 70' lang='grc' dir='ltr'>ἐκϐάλλει</span> <span class='ocrx_word' id='word_1_327' title='bbox 1117 3463 1186 3516; x_wconf 73' lang='grc' dir='ltr'>τὰ</span> <span class='ocrx_word' id='word_1_328' title='bbox 1241 3465 1475 3534; x_wconf 76' lang='grc' dir='ltr'>πονηρά·</span> <span class='ocrx_word' id='word_1_329' title='bbox 1519 3467 1758 3537; x_wconf 77' lang='grc' dir='ltr'>»ἐπειδὴ</span> 
     </span>
    </p>
   </div>
   <div class='ocr_carea' id='block_1_51' title="bbox 175 3550 1287 3624">
    <p class='ocr_par' dir='ltr' id='par_1_51' title="bbox 175 3550 1287 3624">
     <span class='ocr_line' id='line_1_51' title="bbox 175 3550 1287 3624; baseline 0.005 -23"><span class='ocrx_word' id='word_1_330' title='bbox 175 3550 321 3602; x_wconf 69' lang='grc' dir='ltr'>κατὰ</span> <span class='ocrx_word' id='word_1_331' title='bbox 350 3552 410 3601; x_wconf 83' lang='grc' dir='ltr'><strong>τὸ</strong></span> <span class='ocrx_word' id='word_1_332' title='bbox 436 3550 652 3619; x_wconf 82' lang='grc' dir='ltr'>δένδρον</span> <span class='ocrx_word' id='word_1_333' title='bbox 678 3553 771 3603; x_wconf 73' lang='grc' dir='ltr'><strong>καὶ</strong></span> <span class='ocrx_word' id='word_1_334' title='bbox 799 3554 826 3604; x_wconf 86' lang='grc' dir='ltr'><strong>ὁ</strong></span> <span class='ocrx_word' id='word_1_335' title='bbox 851 3554 1066 3624; x_wconf 69' lang='grc' dir='ltr'>καρπδς</span> <span class='ocrx_word' id='word_1_336' title='bbox 1096 3554 1287 3607; x_wconf 75' lang='grc' dir='ltr'>αὐτοῦ.</span> 
     </span>
    </p>
   </div>
   <div class='ocr_carea' id='block_1_52' title="bbox 244 3638 1757 3720">
    <p class='ocr_par' dir='ltr' id='par_1_52' title="bbox 244 3638 1757 3720">
     <span class='ocr_line' id='line_1_52' title="bbox 244 3638 1757 3720; baseline 0.008 -27"><span class='ocrx_word' id='word_1_337' title='bbox 244 3639 350 3694; x_wconf 84' lang='grc' dir='ltr'>λα’.</span> <span class='ocrx_word' id='word_1_338' title='bbox 400 3642 490 3695; x_wconf 84' lang='grc' dir='ltr'>Ἐν</span> <span class='ocrx_word' id='word_1_339' title='bbox 523 3638 604 3705; x_wconf 76' lang='grc' dir='ltr'>οἷς</span> <span class='ocrx_word' id='word_1_340' title='bbox 630 3643 723 3696; x_wconf 78' lang='grc' dir='ltr'><strong>οὖν</strong></span> <span class='ocrx_word' id='word_1_341' title='bbox 766 3645 874 3697; x_wconf 76' lang='grc' dir='ltr'>είσὶ</span> <span class='ocrx_word' id='word_1_342' title='bbox 923 3646 1015 3698; x_wconf 77' lang='grc' dir='ltr'><strong>καὶ</strong></span> <span class='ocrx_word' id='word_1_343' title='bbox 1070 3647 1513 3720; x_wconf 82' lang='grc' dir='ltr'>ἀναθεωροῦνται</span> <span class='ocrx_word' id='word_1_344' title='bbox 1564 3653 1633 3706; x_wconf 51' lang='grc' dir='ltr'><strong>τι</strong></span> <span class='ocrx_word' id='word_1_345' title='bbox 1662 3652 1757 3705; x_wconf 88' lang='grc' dir='ltr'><strong>τοῦ</strong></span> 
     </span>
    </p>
   </div>
   <div class='ocr_carea' id='block_1_53' title="bbox 175 3731 1758 3811">
    <p class='ocr_par' dir='ltr' id='par_1_53' title="bbox 175 3731 1758 3811">
     <span class='ocr_line' id='line_1_53' title="bbox 175 3731 1758 3811; baseline 0.007 -28"><span class='ocrx_word' id='word_1_346' title='bbox 175 3731 337 3798; x_wconf 81' lang='grc' dir='ltr'>ἁγίου</span> <span class='ocrx_word' id='word_1_347' title='bbox 374 3732 713 3802; x_wconf 83' lang='grc' dir='ltr'>Πνεῦματος,</span> <span class='ocrx_word' id='word_1_348' title='bbox 754 3737 812 3787; x_wconf 87' lang='grc' dir='ltr'><strong>ἐν</strong></span> <span class='ocrx_word' id='word_1_349' title='bbox 842 3737 1028 3799; x_wconf 82' lang='grc' dir='ltr'>αὐτοῖς</span> <span class='ocrx_word' id='word_1_350' title='bbox 1068 3738 1185 3790; x_wconf 88' lang='grc' dir='ltr'>ἐστι</span> <span class='ocrx_word' id='word_1_351' title='bbox 1219 3739 1311 3791; x_wconf 70' lang='grc' dir='ltr'><strong>καὶ</strong></span> <span class='ocrx_word' id='word_1_352' title='bbox 1356 3741 1389 3809; x_wconf 82' lang='grc' dir='ltr'><strong>ἡ</strong></span> <span class='ocrx_word' id='word_1_353' title='bbox 1437 3740 1758 3811; x_wconf 78' lang='grc' dir='ltr'>κατοίκησις</span> 
     </span>
    </p>
   </div>
   <div class='ocr_carea' id='block_1_54' title="bbox 171 3822 1755 3905">
    <p class='ocr_par' dir='ltr' id='par_1_54' title="bbox 171 3822 1755 3905">
     <span class='ocr_line' id='line_1_54' title="bbox 171 3822 1755 3905; baseline 0.006 -30"><span class='ocrx_word' id='word_1_354' title='bbox 171 3822 268 3875; x_wconf 77' lang='grc' dir='ltr'><strong>τοῦ</strong></span> <span class='ocrx_word' id='word_1_355' title='bbox 332 3822 490 3876; x_wconf 83' lang='grc' dir='ltr'>Θεοῦ·</span> <span class='ocrx_word' id='word_1_356' title='bbox 543 3826 608 3877; x_wconf 87' lang='grc' dir='ltr'><strong>ἐκ</strong></span> <span class='ocrx_word' id='word_1_357' title='bbox 661 3825 869 3879; x_wconf 71' lang='grc' dir='ltr'>τούτων</span> <span class='ocrx_word' id='word_1_358' title='bbox 908 3828 1005 3881; x_wconf 71' lang='grc' dir='ltr'>καὶ</span> <span class='ocrx_word' id='word_1_359' title='bbox 1048 3831 1080 3898; x_wconf 85' lang='grc' dir='ltr'>ή</span> <span class='ocrx_word' id='word_1_360' title='bbox 1130 3830 1400 3894; x_wconf 82' lang='grc' dir='ltr'>ἀθόλωτος</span> <span class='ocrx_word' id='word_1_361' title='bbox 1456 3834 1605 3905; x_wconf 82' lang='grc' dir='ltr'>πηγὴ</span> <span class='ocrx_word' id='word_1_362' title='bbox 1661 3833 1755 3887; x_wconf 87' lang='grc' dir='ltr'><strong>τοῦ</strong></span> 
     </span>
    </p>
   </div>
   <div class='ocr_carea' id='block_1_55' title="bbox 174 3916 1758 3989">
    <p class='ocr_par' dir='ltr' id='par_1_55' title="bbox 174 3916 1758 3989">
     <span class='ocr_line' id='line_1_55' title="bbox 174 3916 1758 3989; baseline 0.008 -21"><span class='ocrx_word' id='word_1_363' title='bbox 174 3916 338 3983; x_wconf 64' lang='grc' dir='ltr'>λόγου</span> <span class='ocrx_word' id='word_1_364' title='bbox 386 3919 523 3985; x_wconf 83' lang='grc' dir='ltr'><strong>μετά</strong></span> <span class='ocrx_word' id='word_1_365' title='bbox 555 3920 747 3988; x_wconf 78' lang='grc' dir='ltr'>σοφίας</span> <span class='ocrx_word' id='word_1_366' title='bbox 777 3922 872 3973; x_wconf 75' lang='grc' dir='ltr'>καὶ</span> <span class='ocrx_word' id='word_1_367' title='bbox 898 3921 1173 3989; x_wconf 82' lang='grc' dir='ltr'>γνώσεως,</span> <span class='ocrx_word' id='word_1_368' title='bbox 1210 3925 1311 3977; x_wconf 71' lang='grc' dir='ltr'>κᾶν</span> <span class='ocrx_word' id='word_1_369' title='bbox 1352 3942 1411 3978; x_wconf 91' lang='grc' dir='ltr'><strong>τε</strong></span> <span class='ocrx_word' id='word_1_370' title='bbox 1447 3928 1758 3980; x_wconf 84' lang='grc' dir='ltr'>ταπεινολο-</span> 
     </span>
    </p>
   </div>
   <div class='ocr_carea' id='block_1_56' title="bbox 172 4009 1755 4083">
    <p class='ocr_par' dir='ltr' id='par_1_56' title="bbox 172 4009 1755 4083">
     <span class='ocr_line' id='line_1_56' title="bbox 172 4009 1755 4083; baseline 0.008 -23"><span class='ocrx_word' id='word_1_371' title='bbox 172 4009 406 4075; x_wconf 84' lang='grc' dir='ltr'>γοῦντες</span> <span class='ocrx_word' id='word_1_372' title='bbox 438 4009 681 4063; x_wconf 79' lang='grc' dir='ltr'>ἀκούωντ</span> <span class='ocrx_word' id='word_1_373' title='bbox 693 4029 767 4075; x_wconf 87' lang='grc' dir='ltr'><strong>αι,</strong></span> <span class='ocrx_word' id='word_1_374' title='bbox 789 4013 890 4065; x_wconf 77' lang='grc' dir='ltr'>κᾶν</span> <span class='ocrx_word' id='word_1_375' title='bbox 910 4030 967 4066; x_wconf 88' lang='grc' dir='ltr'><strong>τε</strong></span> <span class='ocrx_word' id='word_1_376' title='bbox 994 4013 1172 4083; x_wconf 74' lang='grc' dir='ltr'>ὑψηλὰ</span> <span class='ocrx_word' id='word_1_377' title='bbox 1198 4015 1471 4082; x_wconf 74' lang='grc' dir='ltr'>λέγοντες·</span> <span class='ocrx_word' id='word_1_378' title='bbox 1504 4020 1561 4071; x_wconf 83' lang='grc' dir='ltr'><strong>ἐν</strong></span> <span class='ocrx_word' id='word_1_379' title='bbox 1592 4015 1671 4081; x_wconf 70' lang='grc' dir='ltr'>οἷς</span> <span class='ocrx_word' id='word_1_380' title='bbox 1698 4020 1755 4073; x_wconf 77' lang='grc' dir='ltr'><strong>δὲ</strong></span> 
     </span>
    </p>
   </div>
   <div class='ocr_carea' id='block_1_57' title="bbox 172 4100 1755 4181">
    <p class='ocr_par' dir='ltr' id='par_1_57' title="bbox 172 4100 1755 4181">
     <span class='ocr_line' id='line_1_57' title="bbox 172 4100 1755 4181; baseline 0.008 -29"><span class='ocrx_word' id='word_1_381' title='bbox 172 4100 276 4152; x_wconf 81' lang='grc' dir='ltr'><strong>οὐκ</strong></span> <span class='ocrx_word' id='word_1_382' title='bbox 312 4100 755 4170; x_wconf 83' lang='grc' dir='ltr'>ἀναθεωροῦνται</span> <span class='ocrx_word' id='word_1_383' title='bbox 799 4105 849 4156; x_wconf 79' lang='lat' dir='ltr'><strong>oi</strong></span> <span class='ocrx_word' id='word_1_384' title='bbox 902 4107 1106 4175; x_wconf 73' lang='grc' dir='ltr'>καρποὶ</span> <span class='ocrx_word' id='word_1_385' title='bbox 1156 4110 1252 4159; x_wconf 75' lang='grc' dir='ltr'>καὶ</span> <span class='ocrx_word' id='word_1_386' title='bbox 1305 4108 1376 4161; x_wconf 74' lang='grc' dir='ltr'><strong>τὰ</strong></span> <span class='ocrx_word' id='word_1_387' title='bbox 1439 4114 1755 4181; x_wconf 70' lang='grc' dir='ltr'>χαρίσματα</span> 
     </span>
    </p>
   </div>
   <div class='ocr_carea' id='block_1_58' title="bbox 174 4193 1755 4269">
    <p class='ocr_par' dir='ltr' id='par_1_58' title="bbox 174 4193 1755 4269">
     <span class='ocr_line' id='line_1_58' title="bbox 174 4193 1755 4269; baseline 0.008 -26"><span class='ocrx_word' id='word_1_388' title='bbox 174 4194 391 4257; x_wconf 69' lang='grc' dir='ltr'>τούτου,</span> <span class='ocrx_word' id='word_1_389' title='bbox 444 4193 579 4246; x_wconf 69' lang='grc' dir='ltr'>ἀλλὰ</span> <span class='ocrx_word' id='word_1_390' title='bbox 626 4193 719 4247; x_wconf 81' lang='grc' dir='ltr'><strong>τοῦ</strong></span> <span class='ocrx_word' id='word_1_391' title='bbox 769 4197 1015 4250; x_wconf 77' lang='grc' dir='ltr'>ἐναντίου</span> <span class='ocrx_word' id='word_1_392' title='bbox 1075 4198 1407 4269; x_wconf 85' lang='grc' dir='ltr'>πνεύματος,</span> <span class='ocrx_word' id='word_1_393' title='bbox 1469 4202 1529 4253; x_wconf 87' lang='grc' dir='ltr'><strong>ἐν</strong></span> <span class='ocrx_word' id='word_1_394' title='bbox 1572 4203 1755 4266; x_wconf 78' lang='grc' dir='ltr'>αὐτοῖς</span> 
     </span>
    </p>
   </div>
   <div class='ocr_carea' id='block_1_59' title="bbox 175 4283 1752 4360">
    <p class='ocr_par' dir='ltr' id='par_1_59' title="bbox 175 4283 1752 4360">
     <span class='ocr_line' id='line_1_59' title="bbox 175 4283 1752 4360; baseline 0.007 -25"><span class='ocrx_word' id='word_1_395' title='bbox 175 4283 370 4346; x_wconf 83' lang='grc' dir='ltr'>σκότος</span> <span class='ocrx_word' id='word_1_396' title='bbox 406 4286 553 4338; x_wconf 66' lang='grc' dir='ltr'>ἐστὶν</span> <span class='ocrx_word' id='word_1_397' title='bbox 579 4286 851 4354; x_wconf 75' lang='grc' dir='ltr'>ἀγνωσίας</span> <span class='ocrx_word' id='word_1_398' title='bbox 891 4288 1050 4352; x_wconf 84' lang='grc' dir='ltr'>Θεοῦ,</span> <span class='ocrx_word' id='word_1_399' title='bbox 1087 4292 1253 4360; x_wconf 81' lang='grc' dir='ltr'>ἐσμός</span> <span class='ocrx_word' id='word_1_400' title='bbox 1296 4310 1355 4344; x_wconf 89' lang='grc' dir='ltr'><strong>τε</strong></span> <span class='ocrx_word' id='word_1_401' title='bbox 1407 4294 1613 4356; x_wconf 82' lang='grc' dir='ltr'>παθῶν,</span> <span class='ocrx_word' id='word_1_402' title='bbox 1658 4296 1752 4349; x_wconf 60' lang='grc' dir='ltr'><strong>καί¹</strong></span> 
     </span>
    </p>
   </div>
   <div class='ocr_carea' id='block_1_60' title="bbox 176 4377 1752 4450">
    <p class='ocr_par' dir='ltr' id='par_1_60' title="bbox 176 4377 1752 4450">
     <span class='ocr_line' id='line_1_60' title="bbox 176 4377 1752 4450; baseline 0.008 -22"><span class='ocrx_word' id='word_1_403' title='bbox 176 4377 505 4447; x_wconf 84' lang='grc' dir='ltr'>κατοίκησις</span> <span class='ocrx_word' id='word_1_404' title='bbox 561 4378 838 4450; x_wconf 76' lang='grc' dir='ltr'>πολεμίων</span> <span class='ocrx_word' id='word_1_405' title='bbox 912 4383 1256 4447; x_wconf 75' lang='grc' dir='ltr'>πνευμάτων,</span> <span class='ocrx_word' id='word_1_406' title='bbox 1330 4386 1437 4437; x_wconf 69' lang='grc' dir='ltr'>εἴτε</span> <span class='ocrx_word' id='word_1_407' title='bbox 1517 4388 1752 4442; x_wconf 83' lang='grc' dir='ltr'>ταπεινά</span> 
     </span>
    </p>
   </div>
   <div class='ocr_carea' id='block_1_61' title="bbox 182 4468 1755 4547">
    <p class='ocr_par' dir='ltr' id='par_1_61' title="bbox 182 4468 1755 4547">
     <span class='ocr_line' id='line_1_61' title="bbox 182 4468 1755 4547; baseline 0.007 -28"><span class='ocrx_word' id='word_1_408' title='bbox 182 4468 553 4536; x_wconf 62' lang='grc' dir='ltr'>φθεγγόμενοι</span> <span class='ocrx_word' id='word_1_409' title='bbox 603 4472 694 4522; x_wconf 73' lang='grc' dir='ltr'><strong>καὶ</strong></span> <span class='ocrx_word' id='word_1_410' title='bbox 753 4471 1051 4542; x_wconf 82' lang='grc' dir='ltr'>φοροῦντες</span> <span class='ocrx_word' id='word_1_411' title='bbox 1101 4473 1365 4543; x_wconf 84' lang='grc' dir='ltr'>ὁρῶνται,</span> <span class='ocrx_word' id='word_1_412' title='bbox 1413 4476 1522 4528; x_wconf 72' lang='grc' dir='ltr'>εἴτε</span> <span class='ocrx_word' id='word_1_413' title='bbox 1571 4476 1755 4547; x_wconf 77' lang='grc' dir='ltr'>ὑψηλά</span> 
     </span>
    </p>
   </div>
   <div class='ocr_carea' id='block_1_62' title="bbox 173 4555 1822 4635">
    <p class='ocr_par' dir='ltr' id='par_1_62' title="bbox 173 4555 1822 4635">
     <span class='ocr_line' id='line_1_62' title="bbox 173 4555 1822 4635; baseline 0.01 -30"><span class='ocrx_word' id='word_1_414' title='bbox 173 4555 316 4620; x_wconf 80' lang='grc' dir='ltr'><strong>μετά</strong></span> <span class='ocrx_word' id='word_1_415' title='bbox 347 4555 537 4625; x_wconf 74' lang='grc' dir='ltr'>στολῆς</span> <span class='ocrx_word' id='word_1_416' title='bbox 556 4555 747 4620; x_wconf 78' lang='grc' dir='ltr'>ὲξάλου</span> <span class='ocrx_word' id='word_1_417' title='bbox 794 4559 1003 4629; x_wconf 78' lang='grc' dir='ltr'>καὶτῆς</span> <span class='ocrx_word' id='word_1_418' title='bbox 1027 4562 1362 4631; x_wconf 81' lang='grc' dir='ltr'>φαινομένης</span> <span class='ocrx_word' id='word_1_419' title='bbox 1388 4564 1745 4635; x_wconf 84' lang='grc' dir='ltr'>σεμνότητος.</span> <span class='ocrx_word' id='word_1_420' title='bbox 1776 4563 1822 4622; x_wconf 90' lang='lat' dir='ltr'><strong>D</strong></span> 
     </span>
    </p>
   </div>
   <div class='ocr_carea' id='block_1_63' title="bbox 242 4634 1755 4717">
    <p class='ocr_par' dir='ltr' id='par_1_63' title="bbox 242 4634 1755 4717">
     <span class='ocr_line' id='line_1_63' title="bbox 242 4634 1755 4717; baseline 0.01 -32"><span class='ocrx_word' id='word_1_421' title='bbox 242 4634 348 4704; x_wconf 71' lang='grc' dir='ltr'><strong>λβ’.</strong></span> <span class='ocrx_word' id='word_1_422' title='bbox 379 4636 455 4688; x_wconf 78' lang='grc' dir='ltr'><strong>Οὐ</strong></span> <span class='ocrx_word' id='word_1_423' title='bbox 492 4637 826 4706; x_wconf 81' lang='grc' dir='ltr'>προσώποις.</span> <span class='ocrx_word' id='word_1_424' title='bbox 879 4638 912 4709; x_wconf 75' lang='grc' dir='ltr'>ἢ</span> <span class='ocrx_word' id='word_1_425' title='bbox 956 4641 1253 4708; x_wconf 79' lang='grc' dir='ltr'>σχήμασιν,</span> <span class='ocrx_word' id='word_1_426' title='bbox 1297 4642 1330 4709; x_wconf 79' lang='grc' dir='ltr'><strong>ἢ</strong></span> <span class='ocrx_word' id='word_1_427' title='bbox 1358 4642 1537 4709; x_wconf 74' lang='grc' dir='ltr'>λόγοις</span> <span class='ocrx_word' id='word_1_428' title='bbox 1581 4634 1755 4717; x_wconf 70' lang='grc' dir='ltr'>χαραο</span> 
     </span>
    </p>
   </div>
   <div class='ocr_carea' id='block_1_64' title="bbox 175 4727 1752 4799">
    <p class='ocr_par' dir='ltr' id='par_1_64' title="bbox 175 4727 1752 4799">
     <span class='ocr_line' id='line_1_64' title="bbox 175 4727 1752 4799; baseline 0.008 -21"><span class='ocrx_word' id='word_1_429' title='bbox 175 4727 496 4797; x_wconf 76' lang='grc' dir='ltr'>κτηρίζεται</span> <span class='ocrx_word' id='word_1_430' title='bbox 540 4730 572 4798; x_wconf 72' lang='grc' dir='ltr'>ἡ</span> <span class='ocrx_word' id='word_1_431' title='bbox 624 4727 872 4799; x_wconf 82' lang='grc' dir='ltr'>ἀλήθεια,</span> <span class='ocrx_word' id='word_1_432' title='bbox 908 4731 1030 4783; x_wconf 71' lang='grc' dir='ltr'>οὐδὲ</span> <span class='ocrx_word' id='word_1_433' title='bbox 1077 4732 1133 4783; x_wconf 80' lang='grc' dir='ltr'><strong>ἐν</strong></span> <span class='ocrx_word' id='word_1_434' title='bbox 1183 4731 1394 4795; x_wconf 78' lang='grc' dir='ltr'>τούτοις</span> <span class='ocrx_word' id='word_1_435' title='bbox 1441 4733 1574 4797; x_wconf 81' lang='grc' dir='ltr'>Θεὸς</span> <span class='ocrx_word' id='word_1_436' title='bbox 1619 4737 1752 4789; x_wconf 82' lang='grc' dir='ltr'>ἀνα-</span> 
     </span>
    </p>
   </div>
   <div class='ocr_carea' id='block_1_65' title="bbox 175 4820 1755 4895">
    <p class='ocr_par' dir='ltr' id='par_1_65' title="bbox 175 4820 1755 4895">
     <span class='ocr_line' id='line_1_65' title="bbox 175 4820 1755 4895; baseline 0.006 -24"><span class='ocrx_word' id='word_1_437' title='bbox 175 4820 435 4884; x_wconf 76' lang='grc' dir='ltr'>παύεται,</span> <span class='ocrx_word' id='word_1_438' title='bbox 491 4820 608 4874; x_wconf 80' lang='grc' dir='ltr'>ἀλλ’</span> <span class='ocrx_word' id='word_1_439' title='bbox 661 4824 716 4873; x_wconf 87' lang='grc' dir='ltr'><strong>ἐν</strong></span> <span class='ocrx_word' id='word_1_440' title='bbox 773 4822 1025 4892; x_wconf 84' lang='grc' dir='ltr'>καρδίαις</span> <span class='ocrx_word' id='word_1_441' title='bbox 1076 4825 1592 4895; x_wconf 84' lang='grc' dir='ltr'>συντετριμμὲναις,</span> <span class='ocrx_word' id='word_1_442' title='bbox 1661 4829 1755 4881; x_wconf 77' lang='grc' dir='ltr'>καὶ</span> 
     </span>
    </p>
   </div>
   <div class='ocr_carea' id='block_1_66' title="bbox 173 4911 1754 4985">
    <p class='ocr_par' dir='ltr' id='par_1_66' title="bbox 173 4911 1754 4985">
     <span class='ocr_line' id='line_1_66' title="bbox 173 4911 1754 4985; baseline 0.004 -22"><span class='ocrx_word' id='word_1_443' title='bbox 173 4912 455 4979; x_wconf 83' lang='grc' dir='ltr'>πνεύμασι</span> <span class='ocrx_word' id='word_1_444' title='bbox 493 4911 899 4978; x_wconf 82' lang='grc' dir='ltr'>ταπεινώσεως,</span> <span class='ocrx_word' id='word_1_445' title='bbox 931 4914 1024 4966; x_wconf 70' lang='grc' dir='ltr'><strong>καὶ</strong></span> <span class='ocrx_word' id='word_1_446' title='bbox 1070 4912 1270 4983; x_wconf 81' lang='grc' dir='ltr'>ψυχαῖς</span> <span class='ocrx_word' id='word_1_447' title='bbox 1309 4916 1754 4985; x_wconf 74' lang='grc' dir='ltr'>πεφωτισμέναις</span> 
     </span>
    </p>
   </div>
   <div class='ocr_carea' id='block_1_67' title="bbox 172 5004 1752 5078">
    <p class='ocr_par' dir='ltr' id='par_1_67' title="bbox 172 5004 1752 5078">
     <span class='ocr_line' id='line_1_67' title="bbox 172 5004 1752 5078; baseline 0.002 -21"><span class='ocrx_word' id='word_1_448' title='bbox 172 5005 280 5057; x_wconf 65' lang='grc' dir='ltr'>ὑπο</span> <span class='ocrx_word' id='word_1_449' title='bbox 318 5004 421 5073; x_wconf 83' lang='grc' dir='ltr'>τῆς</span> <span class='ocrx_word' id='word_1_450' title='bbox 458 5005 712 5071; x_wconf 84' lang='grc' dir='ltr'>γνώσεως</span> <span class='ocrx_word' id='word_1_451' title='bbox 736 5004 831 5057; x_wconf 90' lang='grc' dir='ltr'><strong>τοῦ</strong></span> <span class='ocrx_word' id='word_1_452' title='bbox 861 5004 1020 5058; x_wconf 78' lang='grc' dir='ltr'>Θεοῦ.</span> <span class='ocrx_word' id='word_1_453' title='bbox 1058 5007 1215 5060; x_wconf 87' lang='grc' dir='ltr'>Ἔστι</span> <span class='ocrx_word' id='word_1_454' title='bbox 1262 5008 1371 5078; x_wconf 80' lang='grc' dir='ltr'>γὰρ</span> <span class='ocrx_word' id='word_1_455' title='bbox 1415 5010 1505 5061; x_wconf 84' lang='grc' dir='ltr'>ὅτε</span> <span class='ocrx_word' id='word_1_456' title='bbox 1549 5009 1752 5062; x_wconf 82' lang='grc' dir='ltr'>ὑποπί-</span> 
     </span>
    </p>
   </div>
   <div class='ocr_carea' id='block_1_68' title="bbox 173 5096 1753 5169">
    <p class='ocr_par' dir='ltr' id='par_1_68' title="bbox 173 5096 1753 5169">
     <span class='ocr_line' id='line_1_68' title="bbox 173 5096 1753 5169; baseline 0.004 -20"><span class='ocrx_word' id='word_1_457' title='bbox 173 5098 381 5150; x_wconf 76' lang='grc' dir='ltr'>πτοντά</span> <span class='ocrx_word' id='word_1_458' title='bbox 418 5114 540 5149; x_wconf 86' lang='grc' dir='ltr'>τινα</span> <span class='ocrx_word' id='word_1_459' title='bbox 588 5096 770 5164; x_wconf 82' lang='grc' dir='ltr'>λόγοις</span> <span class='ocrx_word' id='word_1_460' title='bbox 830 5098 1049 5169; x_wconf 81' lang='grc' dir='ltr'>δρῶμεν</span> <span class='ocrx_word' id='word_1_461' title='bbox 1104 5100 1284 5163; x_wconf 75' lang='grc' dir='ltr'>ἐκτὸς,</span> <span class='ocrx_word' id='word_1_462' title='bbox 1333 5101 1426 5153; x_wconf 72' lang='grc' dir='ltr'><strong>καὶ</strong></span> <span class='ocrx_word' id='word_1_463' title='bbox 1472 5107 1753 5166; x_wconf 77' lang='grc' dir='ltr'>ταπεινοῖς</span> 
     </span>
    </p>
   </div>
   <div class='ocr_carea' id='block_1_69' title="bbox 172 5188 1750 5264">
    <p class='ocr_par' dir='ltr' id='par_1_69' title="bbox 172 5188 1750 5264">
     <span class='ocr_line' id='line_1_69' title="bbox 172 5188 1750 5264; baseline 0.004 -23"><span class='ocrx_word' id='word_1_464' title='bbox 172 5190 309 5257; x_wconf 66' lang='grc' dir='ltr'>πρὸς</span> <span class='ocrx_word' id='word_1_465' title='bbox 364 5189 545 5240; x_wconf 70' lang='grc' dir='ltr'>πάντα</span> <span class='ocrx_word' id='word_1_466' title='bbox 578 5188 859 5258; x_wconf 85' lang='grc' dir='ltr'>χρώμενον</span> <span class='ocrx_word' id='word_1_467' title='bbox 912 5191 1142 5259; x_wconf 77' lang='grc' dir='ltr'>ῥήμασι,</span> <span class='ocrx_word' id='word_1_468' title='bbox 1185 5191 1276 5244; x_wconf 75' lang='grc' dir='ltr'><strong>τὸν</strong></span> <span class='ocrx_word' id='word_1_469' title='bbox 1320 5192 1540 5245; x_wconf 78' lang='grc' dir='ltr'>ἔπαινον</span> <span class='ocrx_word' id='word_1_470' title='bbox 1568 5192 1750 5264; x_wconf 85' lang='grc' dir='ltr'>θηρώ-</span> 
     </span>
    </p>
   </div>
   <div class='ocr_carea' id='block_1_70' title="bbox 175 5278 1748 5355">
    <p class='ocr_par' dir='ltr' id='par_1_70' title="bbox 175 5278 1748 5355">
     <span class='ocr_line' id='line_1_70' title="bbox 175 5278 1748 5355; baseline 0.005 -23"><span class='ocrx_word' id='word_1_471' title='bbox 175 5297 338 5349; x_wconf 88' lang='grc' dir='ltr'>μενον</span> <span class='ocrx_word' id='word_1_472' title='bbox 383 5278 493 5331; x_wconf 78' lang='grc' dir='ltr'>τῶν</span> <span class='ocrx_word' id='word_1_473' title='bbox 536 5278 860 5349; x_wconf 83' lang='grc' dir='ltr'>ἀνθρώπων·</span> <span class='ocrx_word' id='word_1_474' title='bbox 920 5281 1072 5345; x_wconf 83' lang='grc' dir='ltr'>ἐντὸς</span> <span class='ocrx_word' id='word_1_475' title='bbox 1121 5282 1176 5335; x_wconf 79' lang='grc' dir='ltr'><strong>δὲ</strong></span> <span class='ocrx_word' id='word_1_476' title='bbox 1205 5284 1435 5352; x_wconf 75' lang='grc' dir='ltr'>οἰήσεως</span> <span class='ocrx_word' id='word_1_477' title='bbox 1488 5287 1748 5355; x_wconf 83' lang='grc' dir='ltr'>γέμοντα,</span> 
     </span>
    </p>
   </div>
   <div class='ocr_carea' id='block_1_71' title="bbox 168 5369 1748 5449">
    <p class='ocr_par' dir='ltr' id='par_1_71' title="bbox 168 5369 1748 5449">
     <span class='ocr_line' id='line_1_71' title="bbox 168 5369 1748 5449; baseline 0.006 -26"><span class='ocrx_word' id='word_1_478' title='bbox 168 5371 349 5431; x_wconf 65' lang='grc' dir='ltr'>δόλου,</span> <span class='ocrx_word' id='word_1_479' title='bbox 369 5372 463 5423; x_wconf 74' lang='grc' dir='ltr'>καὶ</span> <span class='ocrx_word' id='word_1_480' title='bbox 488 5369 807 5439; x_wconf 83' lang='grc' dir='ltr'>βασκανίας,</span> <span class='ocrx_word' id='word_1_481' title='bbox 833 5372 926 5424; x_wconf 72' lang='grc' dir='ltr'><strong>καὶ</strong></span> <span class='ocrx_word' id='word_1_482' title='bbox 951 5373 1086 5444; x_wconf 76' lang='grc' dir='ltr'>πρὸς</span> <span class='ocrx_word' id='word_1_483' title='bbox 1110 5378 1199 5427; x_wconf 81' lang='grc' dir='ltr'><strong>τὸν</strong></span> <span class='ocrx_word' id='word_1_484' title='bbox 1224 5376 1456 5445; x_wconf 81' lang='grc' dir='ltr'>πλησίον</span> <span class='ocrx_word' id='word_1_485' title='bbox 1480 5396 1748 5449; x_wconf 86' lang='grc' dir='ltr'>μνησικα-</span> 
     </span>
    </p>
   </div>
   <div class='ocr_carea' id='block_1_72' title="bbox 171 5463 1749 5539">
    <p class='ocr_par' dir='ltr' id='par_1_72' title="bbox 171 5463 1749 5539">
     <span class='ocr_line' id='line_1_72' title="bbox 171 5463 1749 5539; baseline 0.007 -23"><span class='ocrx_word' id='word_1_486' title='bbox 171 5464 314 5527; x_wconf 83' lang='grc' dir='ltr'>κίας·</span> <span class='ocrx_word' id='word_1_487' title='bbox 349 5466 445 5515; x_wconf 75' lang='grc' dir='ltr'>καὶ</span> <span class='ocrx_word' id='word_1_488' title='bbox 476 5463 623 5515; x_wconf 76' lang='grc' dir='ltr'>ἔστιν</span> <span class='ocrx_word' id='word_1_489' title='bbox 651 5465 739 5516; x_wconf 84' lang='grc' dir='ltr'><strong>ὅτε</strong></span> <span class='ocrx_word' id='word_1_490' title='bbox 768 5464 856 5517; x_wconf 79' lang='grc' dir='ltr'><strong>διὰ</strong></span> <span class='ocrx_word' id='word_1_491' title='bbox 886 5465 1235 5537; x_wconf 74' lang='grc' dir='ltr'>δικαιοσύνην</span> <span class='ocrx_word' id='word_1_492' title='bbox 1270 5471 1580 5539; x_wconf 79' lang='grc' dir='ltr'>μαχόμενόν</span> <span class='ocrx_word' id='word_1_493' title='bbox 1627 5490 1749 5528; x_wconf 86' lang='grc' dir='ltr'>τινα</span> 
     </span>
    </p>
   </div>
   <div class='ocr_carea' id='block_1_73' title="bbox 171 5555 1748 5627">
    <p class='ocr_par' dir='ltr' id='par_1_73' title="bbox 171 5555 1748 5627">
     <span class='ocr_line' id='line_1_73' title="bbox 171 5555 1748 5627; baseline 0.008 -20"><span class='ocrx_word' id='word_1_494' title='bbox 171 5559 348 5623; x_wconf 69' lang='grc' dir='ltr'>λόγοις</span> <span class='ocrx_word' id='word_1_495' title='bbox 380 5555 603 5624; x_wconf 64' lang='grc' dir='ltr'>ὑψηλοῖς</span> <span class='ocrx_word' id='word_1_496' title='bbox 652 5556 843 5623; x_wconf 80' lang='grc' dir='ltr'>σοφίας</span> <span class='ocrx_word' id='word_1_497' title='bbox 891 5558 1107 5627; x_wconf 80' lang='grc' dir='ltr'>ὁρῶμεν</span> <span class='ocrx_word' id='word_1_498' title='bbox 1140 5561 1316 5625; x_wconf 80' lang='grc' dir='ltr'>ἐκτὸς,</span> <span class='ocrx_word' id='word_1_499' title='bbox 1351 5564 1447 5617; x_wconf 78' lang='grc' dir='ltr'><strong>καὶ</strong></span> <span class='ocrx_word' id='word_1_500' title='bbox 1486 5564 1626 5618; x_wconf 84' lang='grc' dir='ltr'><strong>κατά</strong></span> <span class='ocrx_word' id='word_1_501' title='bbox 1654 5566 1748 5620; x_wconf 85' lang='grc' dir='ltr'><strong>τοῦ</strong></span> 
     </span>
    </p>
   </div>
   <div class='ocr_carea' id='block_1_74' title="bbox 168 5646 1743 5723">
    <p class='ocr_par' dir='ltr' id='par_1_74' title="bbox 168 5646 1743 5723">
     <span class='ocr_line' id='line_1_74' title="bbox 168 5646 1743 5723; baseline 0.008 -25"><span class='ocrx_word' id='word_1_502' title='bbox 168 5647 422 5715; x_wconf 68' lang='grc' dir='ltr'>ψεύδους,</span> <span class='ocrx_word' id='word_1_503' title='bbox 458 5646 490 5715; x_wconf 79' lang='grc' dir='ltr'>ἢ</span> <span class='ocrx_word' id='word_1_504' title='bbox 522 5646 621 5714; x_wconf 78' lang='grc' dir='ltr'>τῆς</span> <span class='ocrx_word' id='word_1_505' title='bbox 654 5646 1022 5718; x_wconf 74' lang='grc' dir='ltr'>παραϐάσεως</span> <span class='ocrx_word' id='word_1_506' title='bbox 1068 5650 1173 5701; x_wconf 84' lang='grc' dir='ltr'><strong>τῶν</strong></span> <span class='ocrx_word' id='word_1_507' title='bbox 1202 5651 1365 5704; x_wconf 85' lang='grc' dir='ltr'>θείων</span> <span class='ocrx_word' id='word_1_508' title='bbox 1387 5656 1568 5723; x_wconf 87' lang='grc' dir='ltr'>νόμων</span> <span class='ocrx_word' id='word_1_509' title='bbox 1592 5657 1743 5710; x_wconf 75' lang='grc' dir='ltr'>ἱστά-</span> 
     </span>
    </p>
   </div>
   <div class='ocr_carea' id='block_1_75' title="bbox 245 5822 1446 5895">
    <p class='ocr_par' dir='ltr' id='par_1_75' title="bbox 245 5822 1446 5895">
     <span class='ocr_line' id='line_1_75' title="bbox 245 5822 1446 5895; baseline 0.008 -20"><span class='ocrx_word' id='word_1_510' title='bbox 245 5822 334 5876; x_wconf 71' lang='grc' dir='ltr'><strong>ιιι</strong></span> <span class='ocrx_word' id='word_1_511' title='bbox 376 5824 501 5879; x_wconf 74' lang='lat' dir='ltr'><strong>Cor.</strong></span> <span class='ocrx_word' id='word_1_512' title='bbox 568 5840 689 5890; x_wconf 76' lang='lat' dir='ltr'><strong>xui,</strong></span> <span class='ocrx_word' id='word_1_513' title='bbox 751 5826 831 5880; x_wconf 86' lang='lat' dir='ltr'><strong>l0.</strong></span> <span class='ocrx_word' id='word_1_514' title='bbox 913 5827 956 5859; x_wconf 79' lang='lat'><strong>&quot;</strong></span> <span class='ocrx_word' id='word_1_515' title='bbox 996 5826 1186 5886; x_wconf 82' lang='lat' dir='ltr'><strong>Matth.</strong></span> <span class='ocrx_word' id='word_1_516' title='bbox 1230 5846 1323 5895; x_wconf 59' lang='lat' dir='ltr'><strong>an,</strong></span> 
     </span>
    </p>
   </div>
   <div class='ocr_carea' id='block_1_76' title="bbox 1851 2016 2648 2079">
    <p class='ocr_par' dir='ltr' id='par_1_76' title="bbox 1851 2016 2648 2079">
     <span class='ocr_line' id='line_1_76' title="bbox 1851 2016 2648 2079; baseline 0.003 -18"><span class='ocrx_word' id='word_1_517' title='bbox 1851 2016 1956 2063; x_wconf 91' lang='lat' dir='ltr'><strong>tem</strong></span> <span class='ocrx_word' id='word_1_518' title='bbox 1988 2023 2176 2062; x_wconf 90' lang='lat' dir='ltr'><strong>eorum</strong></span> <span class='ocrx_word' id='word_1_519' title='bbox 2206 2024 2505 2079; x_wconf 78' lang='lat' dir='ltr'><strong>cognosces</strong></span> <span class='ocrx_word' id='word_1_520' title='bbox 2534 2024 2648 2063; x_wconf 87' lang='lat' dir='ltr'><strong>eos.</strong></span> 
     </span>
    </p>
   </div>
   <div class='ocr_carea' id='block_1_77' title="bbox 1923 2099 3423 2173">
    <p class='ocr_par' dir='ltr' id='par_1_77' title="bbox 1923 2099 3423 2173">
     <span class='ocr_line' id='line_1_77' title="bbox 1923 2099 3423 2173; baseline -0.005 -19"><span class='ocrx_word' id='word_1_521' title='bbox 1923 2100 2013 2155; x_wconf 83' lang='lat'><strong>&#39;50.</strong></span> <span class='ocrx_word' id='word_1_522' title='bbox 2048 2100 2286 2157; x_wconf 85' lang='lat' dir='ltr'><strong>Fructus</strong></span> <span class='ocrx_word' id='word_1_523' title='bbox 2317 2102 2555 2173; x_wconf 85' lang='lat' dir='ltr'><strong>Spiritus</strong></span> <span class='ocrx_word' id='word_1_524' title='bbox 2586 2103 2761 2157; x_wconf 85' lang='lat' dir='ltr'><strong>sancti</strong></span> <span class='ocrx_word' id='word_1_525' title='bbox 2808 2109 2935 2157; x_wconf 87' lang='lat' dir='ltr'><strong>sunt</strong></span> <span class='ocrx_word' id='word_1_526' title='bbox 2963 2099 3202 2152; x_wconf 87' lang='lat' dir='ltr'><strong>charitas</strong></span> <span class='ocrx_word' id='word_1_527' title='bbox 3227 2140 3242 2160; x_wconf 89' lang='lat'><strong>,</strong></span> <span class='ocrx_word' id='word_1_528' title='bbox 3286 2112 3423 2165; x_wconf 80' lang='lat' dir='ltr'><strong>gon-</strong></span> 
     </span>
    </p>
   </div>
   <div class='ocr_carea' id='block_1_78' title="bbox 1852 2189 3417 2265">
    <p class='ocr_par' dir='ltr' id='par_1_78' title="bbox 1852 2189 3417 2265">
     <span class='ocr_line' id='line_1_78' title="bbox 1852 2189 3417 2265; baseline -0.004 -18"><span class='ocrx_word' id='word_1_529' title='bbox 1852 2192 2022 2260; x_wconf 91' lang='lat' dir='ltr'><strong>dium,</strong></span> <span class='ocrx_word' id='word_1_530' title='bbox 2051 2211 2177 2265; x_wconf 81' lang='lat' dir='ltr'><strong>pax,</strong></span> <span class='ocrx_word' id='word_1_531' title='bbox 2201 2196 2439 2256; x_wconf 82' lang='lat' dir='ltr'><strong>bonitas.</strong></span> <span class='ocrx_word' id='word_1_532' title='bbox 2464 2195 2869 2263; x_wconf 78' lang='lat' dir='ltr'><strong>longanimitas,</strong></span> <span class='ocrx_word' id='word_1_533' title='bbox 2901 2191 3231 2261; x_wconf 80' lang='lat' dir='ltr'><strong>benignitas,</strong></span> <span class='ocrx_word' id='word_1_534' title='bbox 3258 2189 3417 2253; x_wconf 80' lang='lat' dir='ltr'><strong>fides,</strong></span> 
     </span>
    </p>
   </div>
   <div class='ocr_carea' id='block_1_79' title="bbox 1852 2279 3412 2350">
    <p class='ocr_par' dir='ltr' id='par_1_79' title="bbox 1852 2279 3412 2350">
     <span class='ocr_line' id='line_1_79' title="bbox 1852 2279 3412 2350; baseline -0.005 -11"><span class='ocrx_word' id='word_1_535' title='bbox 1852 2285 2233 2350; x_wconf 82' lang='lat' dir='ltr'><strong>mansuetudo,</strong></span> <span class='ocrx_word' id='word_1_536' title='bbox 2272 2286 2625 2345; x_wconf 88' lang='lat' dir='ltr'><strong>continentia.</strong></span> <span class='ocrx_word' id='word_1_537' title='bbox 2673 2283 2906 2338; x_wconf 77' lang='lat' dir='ltr'><strong>Fructus</strong></span> <span class='ocrx_word' id='word_1_538' title='bbox 2960 2292 3140 2336; x_wconf 91' lang='lat' dir='ltr'><strong>autem</strong></span> <span class='ocrx_word' id='word_1_539' title='bbox 3193 2279 3412 2346; x_wconf 73' lang='lat' dir='ltr'><strong>maligni</strong></span> 
     </span>
    </p>
   </div>
   <div class='ocr_carea' id='block_1_80' title="bbox 1851 2370 3420 2448">
    <p class='ocr_par' dir='ltr' id='par_1_80' title="bbox 1851 2370 3420 2448">
     <span class='ocr_line' id='line_1_80' title="bbox 1851 2370 3420 2448; baseline -0.005 -16"><span class='ocrx_word' id='word_1_540' title='bbox 1851 2378 2073 2448; x_wconf 85' lang='lat' dir='ltr'><strong>spiritus</strong></span> <span class='ocrx_word' id='word_1_541' title='bbox 2131 2386 2261 2434; x_wconf 82' lang='lat' dir='ltr'><strong>sunt</strong></span> <span class='ocrx_word' id='word_1_542' title='bbox 2322 2378 2529 2441; x_wconf 85' lang='lat' dir='ltr'><strong>odium,</strong></span> <span class='ocrx_word' id='word_1_543' title='bbox 2575 2377 2737 2431; x_wconf 85' lang='lat' dir='ltr'><strong>timur</strong></span> <span class='ocrx_word' id='word_1_544' title='bbox 2786 2374 3117 2437; x_wconf 88' lang='lat' dir='ltr'><strong>mundanus,</strong></span> <span class='ocrx_word' id='word_1_545' title='bbox 3174 2370 3420 2426; x_wconf 87' lang='lat' dir='ltr'><strong>confusio</strong></span> 
     </span>
    </p>
   </div>
   <div class='ocr_carea' id='block_1_81' title="bbox 1850 2463 3417 2540">
    <p class='ocr_par' dir='ltr' id='par_1_81' title="bbox 1850 2463 3417 2540">
     <span class='ocr_line' id='line_1_81' title="bbox 1850 2463 3417 2540; baseline -0.006 -15"><span class='ocrx_word' id='word_1_546' title='bbox 1850 2471 2065 2534; x_wconf 69' lang='lat' dir='ltr'><strong>animae,</strong></span> <span class='ocrx_word' id='word_1_547' title='bbox 2100 2469 2436 2540; x_wconf 76' lang='lat' dir='ltr'><strong>perturbatio</strong></span> <span class='ocrx_word' id='word_1_548' title='bbox 2468 2469 2672 2531; x_wconf 79' lang='lat' dir='ltr'><strong>contis,</strong></span> <span class='ocrx_word' id='word_1_549' title='bbox 2706 2466 3018 2535; x_wconf 78' lang='lat' dir='ltr'><strong>malignitas</strong></span> <span class='ocrx_word' id='word_1_550' title='bbox 3046 2504 3060 2526; x_wconf 87' lang='lat'><strong>,</strong></span> <span class='ocrx_word' id='word_1_551' title='bbox 3102 2463 3417 2520; x_wconf 48' lang='lat' dir='ltr'><strong>curiositas.</strong></span> 
     </span>
    </p>
   </div>
   <div class='ocr_carea' id='block_1_82' title="bbox 1851 2555 3418 2628">
    <p class='ocr_par' dir='ltr' id='par_1_82' title="bbox 1851 2555 3418 2628">
     <span class='ocr_line' id='line_1_82' title="bbox 1851 2555 3418 2628; baseline -0.006 -12"><span class='ocrx_word' id='word_1_552' title='bbox 1851 2562 2087 2626; x_wconf 89' lang='lat' dir='ltr'><strong>incuria,</strong></span> <span class='ocrx_word' id='word_1_553' title='bbox 2121 2564 2219 2626; x_wconf 86' lang='lat' dir='ltr'><strong>ira,</strong></span> <span class='ocrx_word' id='word_1_554' title='bbox 2244 2561 2553 2628; x_wconf 83' lang='lat' dir='ltr'><strong>infidelitas,</strong></span> <span class='ocrx_word' id='word_1_555' title='bbox 2573 2558 2946 2618; x_wconf 86' lang='lat' dir='ltr'><strong>homicidium.</strong></span> <span class='ocrx_word' id='word_1_556' title='bbox 2973 2555 3418 2617; x_wconf 76' lang='lat' dir='ltr'><strong>comessationes,</strong></span> 
     </span>
    </p>
   </div>
   <div class='ocr_carea' id='block_1_83' title="bbox 1850 2648 3415 2716">
    <p class='ocr_par' dir='ltr' id='par_1_83' title="bbox 1850 2648 3415 2716">
     <span class='ocr_line' id='line_1_83' title="bbox 1850 2648 3415 2716; baseline -0.007 -7"><span class='ocrx_word' id='word_1_557' title='bbox 1850 2655 2164 2715; x_wconf 83' lang='lat' dir='ltr'><strong>ebrietates.</strong></span> <span class='ocrx_word' id='word_1_558' title='bbox 2202 2653 2470 2716; x_wconf 80' lang='lat' dir='ltr'><strong>convivia,</strong></span> <span class='ocrx_word' id='word_1_559' title='bbox 2520 2652 2922 2715; x_wconf 81' lang='lat' dir='ltr'><strong>condemnatio,</strong></span> <span class='ocrx_word' id='word_1_560' title='bbox 2976 2648 3415 2716; x_wconf 55' lang='lat' dir='ltr'><strong>concupiscentia</strong></span> 
     </span>
    </p>
   </div>
   <div class='ocr_carea' id='block_1_84' title="bbox 1850 2737 3418 2809">
    <p class='ocr_par' dir='ltr' id='par_1_84' title="bbox 1850 2737 3418 2809">
     <span class='ocr_line' id='line_1_84' title="bbox 1850 2737 3418 2809; baseline -0.006 -10"><span class='ocrx_word' id='word_1_561' title='bbox 1850 2745 2156 2808; x_wconf 87' lang='lat' dir='ltr'><strong>oculorum,</strong></span> <span class='ocrx_word' id='word_1_562' title='bbox 2192 2753 2373 2798; x_wconf 88' lang='lat' dir='ltr'><strong>tumor</strong></span> <span class='ocrx_word' id='word_1_563' title='bbox 2398 2754 2453 2798; x_wconf 91' lang='lat' dir='ltr'><strong>et</strong></span> <span class='ocrx_word' id='word_1_564' title='bbox 2480 2741 2737 2809; x_wconf 84' lang='lat' dir='ltr'><strong>superbia</strong></span> <span class='ocrx_word' id='word_1_565' title='bbox 2758 2742 2975 2796; x_wconf 74' lang='lat' dir='ltr'><strong>animae.</strong></span> <span class='ocrx_word' id='word_1_566' title='bbox 2999 2737 3075 2793; x_wconf 76' lang='lat' dir='ltr'><strong>Ex</strong></span> <span class='ocrx_word' id='word_1_567' title='bbox 3107 2737 3418 2806; x_wconf 74' lang='lat' dir='ltr'><strong>huiusmodi</strong></span> 
     </span>
    </p>
   </div>
   <div class='ocr_carea' id='block_1_85' title="bbox 1851 2828 3409 2907">
    <p class='ocr_par' dir='ltr' id='par_1_85' title="bbox 1851 2828 3409 2907">
     <span class='ocr_line' id='line_1_85' title="bbox 1851 2828 3409 2907; baseline -0.008 -16"><span class='ocrx_word' id='word_1_568' title='bbox 1851 2838 2017 2907; x_wconf 80' lang='lat' dir='ltr'><strong>igitur</strong></span> <span class='ocrx_word' id='word_1_569' title='bbox 2045 2836 2318 2891; x_wconf 82' lang='lat' dir='ltr'><strong>fructibus</strong></span> <span class='ocrx_word' id='word_1_570' title='bbox 2340 2836 2592 2890; x_wconf 86' lang='lat' dir='ltr'><strong>arborem</strong></span> <span class='ocrx_word' id='word_1_571' title='bbox 2615 2846 2907 2903; x_wconf 81' lang='lat' dir='ltr'><strong>cognosce,</strong></span> <span class='ocrx_word' id='word_1_572' title='bbox 2953 2841 3007 2886; x_wconf 91' lang='lat' dir='ltr'><strong>et</strong></span> <span class='ocrx_word' id='word_1_573' title='bbox 3057 2830 3138 2886; x_wconf 90' lang='lat' dir='ltr'><strong>sic</strong></span> <span class='ocrx_word' id='word_1_574' title='bbox 3167 2828 3409 2900; x_wconf 67' lang='lat' dir='ltr'><strong>perfecto</strong></span> 
     </span>
    </p>
   </div>
   <div class='ocr_carea' id='block_1_86' title="bbox 1851 2924 3413 2998">
    <p class='ocr_par' dir='ltr' id='par_1_86' title="bbox 1851 2924 3413 2998">
     <span class='ocr_line' id='line_1_86' title="bbox 1851 2924 3413 2998; baseline -0.007 -14"><span class='ocrx_word' id='word_1_575' title='bbox 1851 2930 1991 2984; x_wconf 83' lang='lat' dir='ltr'><strong>scies</strong></span> <span class='ocrx_word' id='word_1_576' title='bbox 2027 2928 2189 2997; x_wconf 79' lang='lat' dir='ltr'><strong>Cujus</strong></span> <span class='ocrx_word' id='word_1_577' title='bbox 2235 2928 2459 2998; x_wconf 83' lang='lat' dir='ltr'><strong>spiritus</strong></span> <span class='ocrx_word' id='word_1_578' title='bbox 2514 2927 2586 2982; x_wconf 89' lang='lat' dir='ltr'><strong>sit</strong></span> <span class='ocrx_word' id='word_1_579' title='bbox 2636 2925 2952 2995; x_wconf 86' lang='lat' dir='ltr'><strong>quicunque</strong></span> <span class='ocrx_word' id='word_1_580' title='bbox 2992 2924 3087 2978; x_wconf 86' lang='lat' dir='ltr'><strong>tibi</strong></span> <span class='ocrx_word' id='word_1_581' title='bbox 3140 2930 3413 2976; x_wconf 82' lang='lat' dir='ltr'><strong>occurret.</strong></span> 
     </span>
    </p>
   </div>
   <div class='ocr_carea' id='block_1_87' title="bbox 1852 3014 3417 3089">
    <p class='ocr_par' dir='ltr' id='par_1_87' title="bbox 1852 3014 3417 3089">
     <span class='ocr_line' id='line_1_87' title="bbox 1852 3014 3417 3089; baseline -0.004 -14"><span class='ocrx_word' id='word_1_582' title='bbox 1852 3020 2221 3075; x_wconf 78' lang='lat' dir='ltr'><strong>Manifestiora</strong></span> <span class='ocrx_word' id='word_1_583' title='bbox 2268 3020 2432 3089; x_wconf 86' lang='lat' dir='ltr'><strong>hujus</strong></span> <span class='ocrx_word' id='word_1_584' title='bbox 2471 3019 2544 3073; x_wconf 89' lang='lat' dir='ltr'><strong>rei</strong></span> <span class='ocrx_word' id='word_1_585' title='bbox 2594 3017 2792 3072; x_wconf 87' lang='lat' dir='ltr'><strong>indicia</strong></span> <span class='ocrx_word' id='word_1_586' title='bbox 2825 3015 3026 3085; x_wconf 68' lang='lat' dir='ltr'><strong>praebet</strong></span> <span class='ocrx_word' id='word_1_587' title='bbox 3060 3031 3160 3069; x_wconf 75' lang='lat' dir='ltr'><strong>vox</strong></span> <span class='ocrx_word' id='word_1_588' title='bbox 3202 3014 3417 3069; x_wconf 83' lang='lat' dir='ltr'><strong>Domini</strong></span> 
     </span>
    </p>
   </div>
   <div class='ocr_carea' id='block_1_88' title="bbox 1852 3108 3418 3167">
    <p class='ocr_par' dir='ltr' id='par_1_88' title="bbox 1852 3108 3418 3167">
     <span class='ocr_line' id='line_1_88' title="bbox 1852 3108 3418 3167; baseline -0.002 0"><span class='ocrx_word' id='word_1_589' title='bbox 1852 3112 2083 3167; x_wconf 89' lang='lat' dir='ltr'><strong>dicentis</strong></span> <span class='ocrx_word' id='word_1_590' title='bbox 2114 3128 2128 3163; x_wconf 89' lang='lat'><strong>:</strong></span> <span class='ocrx_word' id='word_1_591' title='bbox 2179 3130 2198 3162; x_wconf 79' lang='grc' dir='ltr'><strong>ι</strong></span> <span class='ocrx_word' id='word_1_592' title='bbox 2239 3111 2423 3166; x_wconf 85' lang='lat' dir='ltr'><strong>Bonus</strong></span> <span class='ocrx_word' id='word_1_593' title='bbox 2462 3112 2624 3164; x_wconf 90' lang='lat' dir='ltr'><strong>homo</strong></span> <span class='ocrx_word' id='word_1_594' title='bbox 2653 3109 2719 3164; x_wconf 89' lang='lat' dir='ltr'><strong>de</strong></span> <span class='ocrx_word' id='word_1_595' title='bbox 2752 3110 2896 3164; x_wconf 90' lang='lat' dir='ltr'><strong>bono</strong></span> <span class='ocrx_word' id='word_1_596' title='bbox 2927 3108 3186 3162; x_wconf 88' lang='lat' dir='ltr'><strong>thesauro</strong></span> <span class='ocrx_word' id='word_1_597' title='bbox 3233 3109 3418 3164; x_wconf 77' lang='lat' dir='ltr'><strong>cordis</strong></span> 
     </span>
    </p>
   </div>
   <div class='ocr_carea' id='block_1_89' title="bbox 1775 3201 3414 3281">
    <p class='ocr_par' dir='ltr' id='par_1_89' title="bbox 1775 3201 3414 3281">
     <span class='ocr_line' id='line_1_89' title="bbox 1775 3201 3414 3281; baseline -0.005 -20"><span class='ocrx_word' id='word_1_598' title='bbox 1775 3224 1816 3281; x_wconf 66' lang='grc' dir='ltr'><strong>(ς</strong></span> <span class='ocrx_word' id='word_1_599' title='bbox 1850 3206 1932 3261; x_wconf 89' lang='lat' dir='ltr'><strong>sui</strong></span> <span class='ocrx_word' id='word_1_600' title='bbox 1965 3206 2171 3274; x_wconf 83' lang='lat' dir='ltr'><strong>profert</strong></span> <span class='ocrx_word' id='word_1_601' title='bbox 2198 3204 2359 3267; x_wconf 88' lang='lat' dir='ltr'><strong>bona,</strong></span> <span class='ocrx_word' id='word_1_602' title='bbox 2388 3212 2444 3257; x_wconf 91' lang='lat' dir='ltr'><strong>et</strong></span> <span class='ocrx_word' id='word_1_603' title='bbox 2476 3203 2648 3257; x_wconf 86' lang='lat' dir='ltr'><strong>malus</strong></span> <span class='ocrx_word' id='word_1_604' title='bbox 2683 3201 2848 3257; x_wconf 90' lang='lat' dir='ltr'><strong>homo</strong></span> <span class='ocrx_word' id='word_1_605' title='bbox 2872 3201 2935 3255; x_wconf 89' lang='lat' dir='ltr'><strong>de</strong></span> <span class='ocrx_word' id='word_1_606' title='bbox 2971 3201 3114 3255; x_wconf 90' lang='lat' dir='ltr'><strong>malo</strong></span> <span class='ocrx_word' id='word_1_607' title='bbox 3149 3201 3414 3254; x_wconf 72' lang='lat' dir='ltr'><strong>thesauro</strong></span> 
     </span>
    </p>
   </div>
   <div class='ocr_carea' id='block_1_90' title="bbox 1850 3291 3414 3366">
    <p class='ocr_par' dir='ltr' id='par_1_90' title="bbox 1850 3291 3414 3366">
     <span class='ocr_line' id='line_1_90' title="bbox 1850 3291 3414 3366; baseline -0.006 -15"><span class='ocrx_word' id='word_1_608' title='bbox 1850 3298 2032 3351; x_wconf 89' lang='lat' dir='ltr'><strong>cordis</strong></span> <span class='ocrx_word' id='word_1_609' title='bbox 2078 3296 2162 3351; x_wconf 90' lang='lat' dir='ltr'><strong>sui</strong></span> <span class='ocrx_word' id='word_1_610' title='bbox 2204 3295 2409 3366; x_wconf 87' lang='lat' dir='ltr'><strong>profert</strong></span> <span class='ocrx_word' id='word_1_611' title='bbox 2461 3295 2601 3349; x_wconf 85' lang='lat' dir='ltr'><strong>mala</strong></span> <span class='ocrx_word' id='word_1_612' title='bbox 2635 3295 2714 3361; x_wconf 73' lang='lat'><strong>”;</strong></span> <span class='ocrx_word' id='word_1_613' title='bbox 2764 3311 2781 3346; x_wconf 76' lang='grc' dir='ltr'><strong>ι</strong></span> <span class='ocrx_word' id='word_1_614' title='bbox 2820 3293 3001 3364; x_wconf 84' lang='lat' dir='ltr'><strong>qualis</strong></span> <span class='ocrx_word' id='word_1_615' title='bbox 3049 3291 3193 3347; x_wconf 86' lang='lat' dir='ltr'><strong>enim</strong></span> <span class='ocrx_word' id='word_1_616' title='bbox 3230 3291 3414 3351; x_wconf 80' lang='lat' dir='ltr'><strong>arbor,</strong></span> 
     </span>
    </p>
   </div>
   <div class='ocr_carea' id='block_1_91' title="bbox 1849 3386 2229 3443">
    <p class='ocr_par' dir='ltr' id='par_1_91' title="bbox 1849 3386 2229 3443">
     <span class='ocr_line' id='line_1_91' title="bbox 1849 3386 2229 3443; baseline 0 -1"><span class='ocrx_word' id='word_1_617' title='bbox 1849 3388 1971 3443; x_wconf 87' lang='lat' dir='ltr'><strong>talis</strong></span> <span class='ocrx_word' id='word_1_618' title='bbox 2004 3386 2229 3443; x_wconf 86' lang='lat' dir='ltr'><strong>fructus.</strong></span> 
     </span>
    </p>
   </div>
   <div class='ocr_carea' id='block_1_92' title="bbox 1920 3651 3416 3723">
    <p class='ocr_par' dir='ltr' id='par_1_92' title="bbox 1920 3651 3416 3723">
     <span class='ocr_line' id='line_1_92' title="bbox 1920 3651 3416 3723; baseline -0.001 -18"><span class='ocrx_word' id='word_1_619' title='bbox 1920 3652 2009 3706; x_wconf 66' lang='grc'><strong>51.</strong></span> <span class='ocrx_word' id='word_1_620' title='bbox 2043 3652 2100 3705; x_wconf 90' lang='lat' dir='ltr'><strong>l‘n</strong></span> <span class='ocrx_word' id='word_1_621' title='bbox 2146 3654 2345 3721; x_wconf 88' lang='lat' dir='ltr'><strong>quibus</strong></span> <span class='ocrx_word' id='word_1_622' title='bbox 2398 3653 2560 3723; x_wconf 90' lang='lat' dir='ltr'><strong>igitur</strong></span> <span class='ocrx_word' id='word_1_623' title='bbox 2604 3660 2741 3709; x_wconf 85' lang='lat' dir='ltr'><strong>sunt</strong></span> <span class='ocrx_word' id='word_1_624' title='bbox 2786 3660 2838 3706; x_wconf 83' lang='lat' dir='ltr'><strong>et</strong></span> <span class='ocrx_word' id='word_1_625' title='bbox 2889 3652 3143 3705; x_wconf 70' lang='lat' dir='ltr'><strong>videntur</strong></span> <span class='ocrx_word' id='word_1_626' title='bbox 3208 3651 3416 3704; x_wconf 50' lang='lat' dir='ltr'><strong>frugtus</strong></span> 
     </span>
    </p>
   </div>
   <div class='ocr_carea' id='block_1_93' title="bbox 1851 3739 3414 3810">
    <p class='ocr_par' dir='ltr' id='par_1_93' title="bbox 1851 3739 3414 3810">
     <span class='ocr_line' id='line_1_93' title="bbox 1851 3739 3414 3810; baseline 0.001 -17"><span class='ocrx_word' id='word_1_627' title='bbox 1851 3739 2091 3810; x_wconf 86' lang='lat' dir='ltr'><strong>Spiritus</strong></span> <span class='ocrx_word' id='word_1_628' title='bbox 2127 3744 2322 3805; x_wconf 83' lang='lat' dir='ltr'><strong>sancti,</strong></span> <span class='ocrx_word' id='word_1_629' title='bbox 2359 3744 2412 3798; x_wconf 92' lang='lat' dir='ltr'><strong>in</strong></span> <span class='ocrx_word' id='word_1_630' title='bbox 2446 3744 2526 3799; x_wconf 90' lang='lat' dir='ltr'><strong>eis</strong></span> <span class='ocrx_word' id='word_1_631' title='bbox 2559 3744 2701 3799; x_wconf 87' lang='lat' dir='ltr'><strong>Deus</strong></span> <span class='ocrx_word' id='word_1_632' title='bbox 2725 3744 3017 3805; x_wconf 85' lang='lat' dir='ltr'><strong>inhabitat,</strong></span> <span class='ocrx_word' id='word_1_633' title='bbox 3046 3758 3110 3796; x_wconf 73' lang='lat' dir='ltr'><strong>ex</strong></span> <span class='ocrx_word' id='word_1_634' title='bbox 3134 3743 3214 3797; x_wconf 87' lang='lat' dir='ltr'><strong>eis</strong></span> <span class='ocrx_word' id='word_1_635' title='bbox 3242 3752 3414 3797; x_wconf 83' lang='lat' dir='ltr'><strong>scatet</strong></span> 
     </span>
    </p>
   </div>
   <div class='ocr_carea' id='block_1_94' title="bbox 1849 3832 3408 3905">
    <p class='ocr_par' dir='ltr' id='par_1_94' title="bbox 1849 3832 3408 3905">
     <span class='ocr_line' id='line_1_94' title="bbox 1849 3832 3408 3905; baseline -0.002 -18"><span class='ocrx_word' id='word_1_636' title='bbox 1849 3832 1971 3888; x_wconf 88' lang='lat' dir='ltr'><strong>fons</strong></span> <span class='ocrx_word' id='word_1_637' title='bbox 2000 3835 2259 3904; x_wconf 83' lang='lat' dir='ltr'><strong>limpidus</strong></span> <span class='ocrx_word' id='word_1_638' title='bbox 2291 3837 2560 3891; x_wconf 86' lang='lat' dir='ltr'><strong>sermonis</strong></span> <span class='ocrx_word' id='word_1_639' title='bbox 2591 3836 2873 3905; x_wconf 54' lang='lat' dir='ltr'><strong>sapientia!</strong></span> <span class='ocrx_word' id='word_1_640' title='bbox 2898 3844 2952 3888; x_wconf 86' lang='lat' dir='ltr'><strong>et</strong></span> <span class='ocrx_word' id='word_1_641' title='bbox 2991 3835 3252 3897; x_wconf 70' lang='lat' dir='ltr'><strong>scientim.</strong></span> <span class='ocrx_word' id='word_1_642' title='bbox 3295 3836 3408 3888; x_wconf 77' lang='lat' dir='ltr'><strong>sive</strong></span> 
     </span>
    </p>
   </div>
   <div class='ocr_carea' id='block_1_95' title="bbox 1851 3926 3412 3991">
    <p class='ocr_par' dir='ltr' id='par_1_95' title="bbox 1851 3926 3412 3991">
     <span class='ocr_line' id='line_1_95' title="bbox 1851 3926 3412 3991; baseline 0 -12"><span class='ocrx_word' id='word_1_643' title='bbox 1851 3926 2073 3980; x_wconf 89' lang='lat' dir='ltr'><strong>humilia</strong></span> <span class='ocrx_word' id='word_1_644' title='bbox 2108 3928 2351 3983; x_wconf 82' lang='lat' dir='ltr'><strong>dicentes</strong></span> <span class='ocrx_word' id='word_1_645' title='bbox 2401 3929 2714 3991; x_wconf 86' lang='lat' dir='ltr'><strong>audiantur,</strong></span> <span class='ocrx_word' id='word_1_646' title='bbox 2762 3928 2878 3983; x_wconf 83' lang='lat' dir='ltr'><strong>sive</strong></span> <span class='ocrx_word' id='word_1_647' title='bbox 2924 3927 3088 3982; x_wconf 84' lang='lat' dir='ltr'><strong>etiam</strong></span> <span class='ocrx_word' id='word_1_648' title='bbox 3143 3928 3302 3980; x_wconf 85' lang='lat' dir='ltr'><strong>elata.</strong></span> <span class='ocrx_word' id='word_1_649' title='bbox 3357 3926 3412 3979; x_wconf 90' lang='lat' dir='ltr'><strong>In</strong></span> 
     </span>
    </p>
   </div>
   <div class='ocr_carea' id='block_1_96' title="bbox 1848 4020 3413 4089">
    <p class='ocr_par' dir='ltr' id='par_1_96' title="bbox 1848 4020 3413 4089">
     <span class='ocr_line' id='line_1_96' title="bbox 1848 4020 3413 4089; baseline -0.003 -16"><span class='ocrx_word' id='word_1_650' title='bbox 1848 4022 2046 4089; x_wconf 87' lang='lat' dir='ltr'><strong>quibus</strong></span> <span class='ocrx_word' id='word_1_651' title='bbox 2079 4030 2257 4074; x_wconf 89' lang='lat' dir='ltr'><strong>autem</strong></span> <span class='ocrx_word' id='word_1_652' title='bbox 2290 4037 2398 4076; x_wconf 92' lang='lat' dir='ltr'><strong>non</strong></span> <span class='ocrx_word' id='word_1_653' title='bbox 2433 4021 2685 4077; x_wconf 88' lang='lat' dir='ltr'><strong>videntur</strong></span> <span class='ocrx_word' id='word_1_654' title='bbox 2710 4021 2923 4077; x_wconf 70' lang='lat' dir='ltr'><strong>fructus</strong></span> <span class='ocrx_word' id='word_1_655' title='bbox 2953 4030 3008 4075; x_wconf 84' lang='lat' dir='ltr'><strong>et</strong></span> <span class='ocrx_word' id='word_1_656' title='bbox 3046 4023 3184 4075; x_wconf 87' lang='lat' dir='ltr'><strong>dona</strong></span> <span class='ocrx_word' id='word_1_657' title='bbox 3239 4020 3413 4081; x_wconf 65' lang='lat' dir='ltr'><strong>illius,</strong></span> 
     </span>
    </p>
   </div>
   <div class='ocr_carea' id='block_1_97' title="bbox 1848 4112 3415 4181">
    <p class='ocr_par' dir='ltr' id='par_1_97' title="bbox 1848 4112 3415 4181">
     <span class='ocr_line' id='line_1_97' title="bbox 1848 4112 3415 4181; baseline -0.004 -14"><span class='ocrx_word' id='word_1_658' title='bbox 1848 4112 1942 4167; x_wconf 88' lang='lat' dir='ltr'><strong>sed</strong></span> <span class='ocrx_word' id='word_1_659' title='bbox 1978 4112 2194 4180; x_wconf 81' lang='lat' dir='ltr'><strong>maligni</strong></span> <span class='ocrx_word' id='word_1_660' title='bbox 2223 4113 2470 4180; x_wconf 80' lang='lat' dir='ltr'><strong>spiritus.</strong></span> <span class='ocrx_word' id='word_1_661' title='bbox 2501 4113 2554 4166; x_wconf 90' lang='lat' dir='ltr'><strong>in</strong></span> <span class='ocrx_word' id='word_1_662' title='bbox 2597 4113 2718 4168; x_wconf 84' lang='lat' dir='ltr'><strong>istis</strong></span> <span class='ocrx_word' id='word_1_663' title='bbox 2750 4115 2988 4167; x_wconf 75' lang='lat' dir='ltr'><strong>tenebra:</strong></span> <span class='ocrx_word' id='word_1_664' title='bbox 3017 4120 3146 4166; x_wconf 91' lang='lat' dir='ltr'><strong>sunt</strong></span> <span class='ocrx_word' id='word_1_665' title='bbox 3176 4122 3230 4165; x_wconf 87' lang='lat' dir='ltr'><strong>ct</strong></span> <span class='ocrx_word' id='word_1_666' title='bbox 3256 4112 3415 4181; x_wconf 72' lang='lat' dir='ltr'><strong>igno-</strong></span> 
     </span>
    </p>
   </div>
   <div class='ocr_carea' id='block_1_98' title="bbox 1848 4201 3413 4271">
    <p class='ocr_par' dir='ltr' id='par_1_98' title="bbox 1848 4201 3413 4271">
     <span class='ocr_line' id='line_1_98' title="bbox 1848 4201 3413 4271; baseline 0.001 -17"><span class='ocrx_word' id='word_1_667' title='bbox 1848 4202 2022 4255; x_wconf 88' lang='lat' dir='ltr'><strong>rantia</strong></span> <span class='ocrx_word' id='word_1_668' title='bbox 2060 4202 2177 4268; x_wconf 85' lang='lat' dir='ltr'><strong>Dei,</strong></span> <span class='ocrx_word' id='word_1_669' title='bbox 2206 4203 2563 4271; x_wconf 85' lang='lat' dir='ltr'><strong>cupiditatum</strong></span> <span class='ocrx_word' id='word_1_670' title='bbox 2591 4217 2842 4261; x_wconf 78' lang='lat' dir='ltr'><strong>examen,</strong></span> <span class='ocrx_word' id='word_1_671' title='bbox 2871 4211 2924 4255; x_wconf 87' lang='lat' dir='ltr'><strong>et</strong></span> <span class='ocrx_word' id='word_1_672' title='bbox 2948 4201 3269 4267; x_wconf 83' lang='lat' dir='ltr'><strong>inhabitatio</strong></span> <span class='ocrx_word' id='word_1_673' title='bbox 3296 4202 3413 4271; x_wconf 88' lang='lat' dir='ltr'><strong>spi-</strong></span> 
     </span>
    </p>
   </div>
   <div class='ocr_carea' id='block_1_99' title="bbox 1848 4293 3409 4363">
    <p class='ocr_par' dir='ltr' id='par_1_99' title="bbox 1848 4293 3409 4363">
     <span class='ocr_line' id='line_1_99' title="bbox 1848 4293 3409 4363; baseline -0.001 -16"><span class='ocrx_word' id='word_1_674' title='bbox 1848 4294 2050 4347; x_wconf 85' lang='lat' dir='ltr'><strong>rituum</strong></span> <span class='ocrx_word' id='word_1_675' title='bbox 2095 4295 2482 4363; x_wconf 81' lang='lat' dir='ltr'><strong>malignorum,</strong></span> <span class='ocrx_word' id='word_1_676' title='bbox 2514 4296 2627 4349; x_wconf 88' lang='lat' dir='ltr'><strong>sive</strong></span> <span class='ocrx_word' id='word_1_677' title='bbox 2662 4295 2883 4348; x_wconf 85' lang='lat' dir='ltr'><strong>humilia</strong></span> <span class='ocrx_word' id='word_1_678' title='bbox 2920 4295 3107 4348; x_wconf 81' lang='lat' dir='ltr'><strong>dicunt</strong></span> <span class='ocrx_word' id='word_1_679' title='bbox 3138 4302 3189 4347; x_wconf 78' lang='lat' dir='ltr'><strong>ct</strong></span> <span class='ocrx_word' id='word_1_680' title='bbox 3213 4293 3409 4357; x_wconf 86' lang='lat' dir='ltr'><strong>ferant,</strong></span> 
     </span>
    </p>
   </div>
   <div class='ocr_carea' id='block_1_100' title="bbox 1846 4386 3413 4455">
    <p class='ocr_par' dir='ltr' id='par_1_100' title="bbox 1846 4386 3413 4455">
     <span class='ocr_line' id='line_1_100' title="bbox 1846 4386 3413 4455; baseline -0.002 -17"><span class='ocrx_word' id='word_1_681' title='bbox 1846 4386 1959 4440; x_wconf 86' lang='lat' dir='ltr'><strong>sive</strong></span> <span class='ocrx_word' id='word_1_682' title='bbox 1992 4386 2225 4451; x_wconf 86' lang='lat' dir='ltr'><strong>superba</strong></span> <span class='ocrx_word' id='word_1_683' title='bbox 2279 4401 2402 4439; x_wconf 89' lang='lat' dir='ltr'><strong>cum</strong></span> <span class='ocrx_word' id='word_1_684' title='bbox 2455 4387 2701 4441; x_wconf 77' lang='lat' dir='ltr'><strong>vestibus</strong></span> <span class='ocrx_word' id='word_1_685' title='bbox 2735 4386 3118 4441; x_wconf 84' lang='lat' dir='ltr'><strong>transmarinis</strong></span> <span class='ocrx_word' id='word_1_686' title='bbox 3157 4394 3210 4440; x_wconf 93' lang='lat' dir='ltr'><strong>et</strong></span> <span class='ocrx_word' id='word_1_687' title='bbox 3248 4401 3413 4455; x_wconf 63' lang='lat' dir='ltr'><strong>appi-</strong></span> 
     </span>
    </p>
   </div>
   <div class='ocr_carea' id='block_1_101' title="bbox 1848 4474 2323 4544">
    <p class='ocr_par' dir='ltr' id='par_1_101' title="bbox 1848 4474 2323 4544">
     <span class='ocr_line' id='line_1_101' title="bbox 1848 4474 2323 4544; baseline 0.008 -19"><span class='ocrx_word' id='word_1_688' title='bbox 1848 4481 2001 4528; x_wconf 88' lang='lat' dir='ltr'><strong>rente</strong></span> <span class='ocrx_word' id='word_1_689' title='bbox 2038 4474 2323 4544; x_wconf 83' lang='lat' dir='ltr'><strong>majestate</strong></span> 
     </span>
    </p>
   </div>
   <div class='ocr_carea' id='block_1_102' title="bbox 1916 4647 3411 4718">
    <p class='ocr_par' dir='ltr' id='par_1_102' title="bbox 1916 4647 3411 4718">
     <span class='ocr_line' id='line_1_102' title="bbox 1916 4647 3411 4718; baseline 0.001 -16"><span class='ocrx_word' id='word_1_690' title='bbox 1916 4648 2007 4702; x_wconf 73' lang='lat'><strong>52.</strong></span> <span class='ocrx_word' id='word_1_691' title='bbox 2051 4647 2163 4702; x_wconf 83' lang='lat' dir='ltr'><strong>Non</strong></span> <span class='ocrx_word' id='word_1_692' title='bbox 2192 4651 2369 4713; x_wconf 90' lang='lat' dir='ltr'><strong>vultu,</strong></span> <span class='ocrx_word' id='word_1_693' title='bbox 2400 4666 2509 4706; x_wconf 82' lang='lat' dir='ltr'><strong>non</strong></span> <span class='ocrx_word' id='word_1_694' title='bbox 2549 4653 2757 4715; x_wconf 88' lang='lat' dir='ltr'><strong>habitu,</strong></span> <span class='ocrx_word' id='word_1_695' title='bbox 2791 4668 2896 4706; x_wconf 92' lang='lat' dir='ltr'><strong>non</strong></span> <span class='ocrx_word' id='word_1_696' title='bbox 2930 4654 3113 4707; x_wconf 80' lang='lat' dir='ltr'><strong>verbis</strong></span> <span class='ocrx_word' id='word_1_697' title='bbox 3143 4654 3411 4718; x_wconf 78' lang='lat' dir='ltr'><strong>exprimi-</strong></span> 
     </span>
    </p>
   </div>
   <div class='ocr_carea' id='block_1_103' title="bbox 1850 4742 3413 4815">
    <p class='ocr_par' dir='ltr' id='par_1_103' title="bbox 1850 4742 3413 4815">
     <span class='ocr_line' id='line_1_103' title="bbox 1850 4742 3413 4815; baseline 0.002 -23"><span class='ocrx_word' id='word_1_698' title='bbox 1850 4748 1940 4793; x_wconf 91' lang='lat' dir='ltr'><strong>tur</strong></span> <span class='ocrx_word' id='word_1_699' title='bbox 1976 4742 2194 4805; x_wconf 86' lang='lat' dir='ltr'><strong>veritas,</strong></span> <span class='ocrx_word' id='word_1_700' title='bbox 2230 4758 2331 4797; x_wconf 90' lang='lat' dir='ltr'><strong>nec</strong></span> <span class='ocrx_word' id='word_1_701' title='bbox 2362 4744 2414 4798; x_wconf 91' lang='lat' dir='ltr'><strong>in</strong></span> <span class='ocrx_word' id='word_1_702' title='bbox 2446 4745 2513 4797; x_wconf 89' lang='lat' dir='ltr'><strong>iis</strong></span> <span class='ocrx_word' id='word_1_703' title='bbox 2545 4746 2849 4815; x_wconf 87' lang='lat' dir='ltr'><strong>requiescit</strong></span> <span class='ocrx_word' id='word_1_704' title='bbox 2873 4746 3035 4809; x_wconf 90' lang='lat' dir='ltr'><strong>Dens,</strong></span> <span class='ocrx_word' id='word_1_705' title='bbox 3081 4745 3176 4799; x_wconf 89' lang='lat' dir='ltr'><strong>sed</strong></span> <span class='ocrx_word' id='word_1_706' title='bbox 3206 4745 3257 4798; x_wconf 95' lang='lat' dir='ltr'><strong>in</strong></span> <span class='ocrx_word' id='word_1_707' title='bbox 3288 4759 3413 4797; x_wconf 87' lang='lat' dir='ltr'><strong>cor-</strong></span> 
     </span>
    </p>
   </div>
   <div class='ocr_carea' id='block_1_104' title="bbox 1844 4833 3402 4906">
    <p class='ocr_par' dir='ltr' id='par_1_104' title="bbox 1844 4833 3402 4906">
     <span class='ocr_line' id='line_1_104' title="bbox 1844 4833 3402 4906; baseline 0.001 -19"><span class='ocrx_word' id='word_1_708' title='bbox 1844 4833 2001 4888; x_wconf 88' lang='lat' dir='ltr'><strong>dibus</strong></span> <span class='ocrx_word' id='word_1_709' title='bbox 2028 4835 2287 4889; x_wconf 82' lang='lat' dir='ltr'><strong>contritis</strong></span> <span class='ocrx_word' id='word_1_710' title='bbox 2304 4835 2696 4906; x_wconf 84' lang='lat' dir='ltr'><strong>spiritibusque</strong></span> <span class='ocrx_word' id='word_1_711' title='bbox 2717 4837 3016 4890; x_wconf 86' lang='lat' dir='ltr'><strong>humilihus</strong></span> <span class='ocrx_word' id='word_1_712' title='bbox 3040 4851 3103 4890; x_wconf 90' lang='lat' dir='ltr'><strong>ac</strong></span> <span class='ocrx_word' id='word_1_713' title='bbox 3128 4835 3402 4889; x_wconf 82' lang='lat' dir='ltr'><strong>mentibus</strong></span> 
     </span>
    </p>
   </div>
   <div class='ocr_carea' id='block_1_105' title="bbox 1844 4923 3410 4996">
    <p class='ocr_par' dir='ltr' id='par_1_105' title="bbox 1844 4923 3410 4996">
     <span class='ocr_line' id='line_1_105' title="bbox 1844 4923 3410 4996; baseline -0.001 -17"><span class='ocrx_word' id='word_1_714' title='bbox 1844 4926 2073 4979; x_wconf 86' lang='lat' dir='ltr'><strong>scientia</strong></span> <span class='ocrx_word' id='word_1_715' title='bbox 2108 4923 2205 4979; x_wconf 84' lang='lat' dir='ltr'><strong>Dei</strong></span> <span class='ocrx_word' id='word_1_716' title='bbox 2253 4926 2558 4981; x_wconf 86' lang='lat' dir='ltr'><strong>illustratis.</strong></span> <span class='ocrx_word' id='word_1_717' title='bbox 2610 4927 2919 4996; x_wconf 84' lang='lat' dir='ltr'><strong>Aliquando</strong></span> <span class='ocrx_word' id='word_1_718' title='bbox 2958 4927 3104 4982; x_wconf 89' lang='lat' dir='ltr'><strong>enim</strong></span> <span class='ocrx_word' id='word_1_719' title='bbox 3158 4924 3410 4979; x_wconf 81' lang='lat' dir='ltr'><strong>videmus</strong></span> 
     </span>
    </p>
   </div>
   <div class='ocr_carea' id='block_1_106' title="bbox 1848 5016 3407 5089">
    <p class='ocr_par' dir='ltr' id='par_1_106' title="bbox 1848 5016 3407 5089">
     <span class='ocr_line' id='line_1_106' title="bbox 1848 5016 3407 5089; baseline -0.003 -17"><span class='ocrx_word' id='word_1_720' title='bbox 1848 5018 2080 5086; x_wconf 87' lang='lat' dir='ltr'><strong>aliquem</strong></span> <span class='ocrx_word' id='word_1_721' title='bbox 2116 5019 2298 5073; x_wconf 81' lang='lat' dir='ltr'><strong>verbis</strong></span> <span class='ocrx_word' id='word_1_722' title='bbox 2330 5021 2573 5075; x_wconf 77' lang='lat' dir='ltr'><strong>exterius</strong></span> <span class='ocrx_word' id='word_1_723' title='bbox 2606 5034 2666 5074; x_wconf 88' lang='lat' dir='ltr'><strong>se</strong></span> <span class='ocrx_word' id='word_1_724' title='bbox 2713 5020 3105 5089; x_wconf 80' lang='lat' dir='ltr'><strong>deprimentem</strong></span> <span class='ocrx_word' id='word_1_725' title='bbox 3133 5055 3147 5077; x_wconf 93' lang='lat'><strong>,</strong></span> <span class='ocrx_word' id='word_1_726' title='bbox 3182 5016 3407 5070; x_wconf 59' lang='lat' dir='ltr'><strong>humili.</strong></span> 
     </span>
    </p>
   </div>
   <div class='ocr_carea' id='block_1_107' title="bbox 1847 5107 3407 5179">
    <p class='ocr_par' dir='ltr' id='par_1_107' title="bbox 1847 5107 3407 5179">
     <span class='ocr_line' id='line_1_107' title="bbox 1847 5107 3407 5179; baseline -0.003 -16"><span class='ocrx_word' id='word_1_727' title='bbox 1847 5112 2053 5179; x_wconf 83' lang='lat' dir='ltr'><strong>hosque</strong></span> <span class='ocrx_word' id='word_1_728' title='bbox 2077 5125 2292 5178; x_wconf 88' lang='lat' dir='ltr'><strong>semper</strong></span> <span class='ocrx_word' id='word_1_729' title='bbox 2316 5119 2553 5165; x_wconf 83' lang='lat' dir='ltr'><strong>utentem</strong></span> <span class='ocrx_word' id='word_1_730' title='bbox 2583 5111 2927 5166; x_wconf 79' lang='lat' dir='ltr'><strong>sermonibus</strong></span> <span class='ocrx_word' id='word_1_731' title='bbox 2958 5109 3024 5163; x_wconf 88' lang='lat' dir='ltr'><strong>ad</strong></span> <span class='ocrx_word' id='word_1_732' title='bbox 3058 5108 3272 5162; x_wconf 80' lang='lat' dir='ltr'><strong>laudem</strong></span> <span class='ocrx_word' id='word_1_733' title='bbox 3307 5107 3407 5160; x_wconf 82' lang='lat' dir='ltr'><strong>ho-</strong></span> 
     </span>
    </p>
   </div>
   <div class='ocr_carea' id='block_1_108' title="bbox 1846 5200 3403 5269">
    <p class='ocr_par' dir='ltr' id='par_1_108' title="bbox 1846 5200 3403 5269">
     <span class='ocr_line' id='line_1_108' title="bbox 1846 5200 3403 5269; baseline -0.004 -14"><span class='ocrx_word' id='word_1_734' title='bbox 1846 5202 2050 5255; x_wconf 86' lang='lat' dir='ltr'><strong>minum</strong></span> <span class='ocrx_word' id='word_1_735' title='bbox 2086 5204 2452 5269; x_wconf 86' lang='lat' dir='ltr'><strong>captandam,</strong></span> <span class='ocrx_word' id='word_1_736' title='bbox 2487 5202 2715 5256; x_wconf 88' lang='lat' dir='ltr'><strong>interius</strong></span> <span class='ocrx_word' id='word_1_737' title='bbox 2764 5211 2942 5255; x_wconf 89' lang='lat' dir='ltr'><strong>autem</strong></span> <span class='ocrx_word' id='word_1_738' title='bbox 2980 5200 3403 5267; x_wconf 68' lang='lat' dir='ltr'><strong>prmeumptionc</strong></span> 
     </span>
    </p>
   </div>
   <div class='ocr_carea' id='block_1_109' title="bbox 1842 5286 3407 5362">
    <p class='ocr_par' dir='ltr' id='par_1_109' title="bbox 1842 5286 3407 5362">
     <span class='ocr_line' id='line_1_109' title="bbox 1842 5286 3407 5362; baseline -0.005 -17"><span class='ocrx_word' id='word_1_739' title='bbox 1842 5292 2061 5362; x_wconf 72' lang='lat' dir='ltr'><strong>plenum</strong></span> <span class='ocrx_word' id='word_1_740' title='bbox 2093 5334 2108 5356; x_wconf 92' lang='lat'><strong>,</strong></span> <span class='ocrx_word' id='word_1_741' title='bbox 2144 5294 2472 5362; x_wconf 76' lang='lat' dir='ltr'><strong>astutiaque,</strong></span> <span class='ocrx_word' id='word_1_742' title='bbox 2508 5307 2572 5345; x_wconf 89' lang='lat' dir='ltr'><strong>ac</strong></span> <span class='ocrx_word' id='word_1_743' title='bbox 2603 5291 2831 5352; x_wconf 88' lang='lat' dir='ltr'><strong>invidia,</strong></span> <span class='ocrx_word' id='word_1_744' title='bbox 2858 5297 2914 5343; x_wconf 86' lang='lat' dir='ltr'><strong>et</strong></span> <span class='ocrx_word' id='word_1_745' title='bbox 2955 5287 3182 5342; x_wconf 85' lang='lat' dir='ltr'><strong>memori</strong></span> <span class='ocrx_word' id='word_1_746' title='bbox 3214 5286 3407 5339; x_wconf 80' lang='lat' dir='ltr'><strong>adver-</strong></span> 
     </span>
    </p>
   </div>
   <div class='ocr_carea' id='block_1_110' title="bbox 1843 5377 3405 5457">
    <p class='ocr_par' dir='ltr' id='par_1_110' title="bbox 1843 5377 3405 5457">
     <span class='ocr_line' id='line_1_110' title="bbox 1843 5377 3405 5457; baseline -0.008 -16"><span class='ocrx_word' id='word_1_747' title='bbox 1843 5403 1935 5441; x_wconf 79' lang='lat' dir='ltr'><strong>Stls</strong></span> <span class='ocrx_word' id='word_1_748' title='bbox 1967 5389 2268 5457; x_wconf 75' lang='lat' dir='ltr'><strong>proximum</strong></span> <span class='ocrx_word' id='word_1_749' title='bbox 2308 5388 2406 5441; x_wconf 83' lang='lat' dir='ltr'><strong>ira.</strong></span> <span class='ocrx_word' id='word_1_750' title='bbox 2436 5382 2744 5453; x_wconf 80' lang='lat' dir='ltr'><strong>Aliquando</strong></span> <span class='ocrx_word' id='word_1_751' title='bbox 2783 5388 2983 5437; x_wconf 15' lang='lat' dir='ltr'><strong>contra,</strong></span> <span class='ocrx_word' id='word_1_752' title='bbox 3024 5379 3273 5433; x_wconf 83' lang='lat' dir='ltr'><strong>videmus</strong></span> <span class='ocrx_word' id='word_1_753' title='bbox 3302 5377 3405 5430; x_wconf 85' lang='lat' dir='ltr'><strong>ali-</strong></span> 
     </span>
    </p>
   </div>
   <div class='ocr_carea' id='block_1_111' title="bbox 1844 5469 3402 5547">
    <p class='ocr_par' dir='ltr' id='par_1_111' title="bbox 1844 5469 3402 5547">
     <span class='ocr_line' id='line_1_111' title="bbox 1844 5469 3402 5547; baseline -0.007 -14"><span class='ocrx_word' id='word_1_754' title='bbox 1844 5495 2005 5547; x_wconf 81' lang='lat' dir='ltr'><strong>quem</strong></span> <span class='ocrx_word' id='word_1_755' title='bbox 2035 5481 2277 5534; x_wconf 76' lang='lat' dir='ltr'><strong>exterius</strong></span> <span class='ocrx_word' id='word_1_756' title='bbox 2309 5494 2406 5547; x_wconf 82' lang='lat' dir='ltr'><strong>pro</strong></span> <span class='ocrx_word' id='word_1_757' title='bbox 2430 5478 2643 5546; x_wconf 73' lang='lat' dir='ltr'><strong>iustitia</strong></span> <span class='ocrx_word' id='word_1_758' title='bbox 2674 5482 2973 5529; x_wconf 86' lang='lat' dir='ltr'><strong>certantem</strong></span> <span class='ocrx_word' id='word_1_759' title='bbox 3006 5473 3166 5526; x_wconf 83' lang='lat' dir='ltr'><strong>elatis</strong></span> <span class='ocrx_word' id='word_1_760' title='bbox 3192 5469 3402 5538; x_wconf 84' lang='lat' dir='ltr'><strong>sapien-</strong></span> 
     </span>
    </p>
   </div>
   <div class='ocr_carea' id='block_1_112' title="bbox 1845 5565 3402 5635">
    <p class='ocr_par' dir='ltr' id='par_1_112' title="bbox 1845 5565 3402 5635">
     <span class='ocr_line' id='line_1_112' title="bbox 1845 5565 3402 5635; baseline -0.007 -10"><span class='ocrx_word' id='word_1_761' title='bbox 1845 5574 1931 5626; x_wconf 72' lang='lat' dir='ltr'><strong>tize</strong></span> <span class='ocrx_word' id='word_1_762' title='bbox 1956 5572 2154 5632; x_wconf 66' lang='lat' dir='ltr'><strong>verh‘s,</strong></span> <span class='ocrx_word' id='word_1_763' title='bbox 2189 5579 2243 5625; x_wconf 90' lang='lat' dir='ltr'><strong>et</strong></span> <span class='ocrx_word' id='word_1_764' title='bbox 2276 5569 2564 5625; x_wconf 86' lang='lat' dir='ltr'><strong>mendacio</strong></span> <span class='ocrx_word' id='word_1_765' title='bbox 2601 5568 2977 5621; x_wconf 87' lang='lat' dir='ltr'><strong>divinarumve</strong></span> <span class='ocrx_word' id='word_1_766' title='bbox 3008 5565 3186 5635; x_wconf 88' lang='lat' dir='ltr'><strong>legum</strong></span> <span class='ocrx_word' id='word_1_767' title='bbox 3219 5572 3402 5616; x_wconf 86' lang='lat' dir='ltr'><strong>trans-</strong></span> 
     </span>
    </p>
   </div>
   <div class='ocr_carea' id='block_1_113' title="bbox 1845 5657 3401 5731">
    <p class='ocr_par' dir='ltr' id='par_1_113' title="bbox 1845 5657 3401 5731">
     <span class='ocr_line' id='line_1_113' title="bbox 1845 5657 3401 5731; baseline -0.008 -12"><span class='ocrx_word' id='word_1_768' title='bbox 1845 5664 2112 5731; x_wconf 82' lang='lat' dir='ltr'><strong>gressioni</strong></span> <span class='ocrx_word' id='word_1_769' title='bbox 2174 5662 2527 5720; x_wconf 80' lang='lat' dir='ltr'><strong>obsistentem</strong></span> <span class='ocrx_word' id='word_1_770' title='bbox 2554 5700 2566 5727; x_wconf 85' lang='grc'><strong>,</strong></span> <span class='ocrx_word' id='word_1_771' title='bbox 2595 5669 2757 5729; x_wconf 89' lang='lat' dir='ltr'><strong>atque</strong></span> <span class='ocrx_word' id='word_1_772' title='bbox 2797 5657 2967 5713; x_wconf 89' lang='lat' dir='ltr'><strong>solam</strong></span> <span class='ocrx_word' id='word_1_773' title='bbox 2998 5658 3281 5713; x_wconf 83' lang='lat' dir='ltr'><strong>veritatem</strong></span> <span class='ocrx_word' id='word_1_774' title='bbox 3319 5670 3401 5707; x_wconf 55' lang='grc' dir='ltr'>μιν</span> 
     </span>
    </p>
   </div>
  </div>
