4202 6450
732 377 836 438 927

1957 358 2253 425 NICETIE
2282 351 2703 419 PECTORATI

3881 359 3998 420 928

727 488 987 555 praefers;
1019 484 1174 538 illum
1207 490 1387 539 autent
1421 480 1732 545 Christum,
1766 478 1930 546 scito,
1979 478 2203 532 amittes
2247 479 2297 528 et

2397 466 2565 536 αὐτὴν
2608 465 2701 517 τοῦ
2740 461 3000 532 Χριστοῦ.
3053 460 3291 513 Ἐκεῖνον
3336 458 3413 521 δὲ,
3464 457 3595 524 ἴσθι,
3629 456 3995 529 ζημιωθήσῃ,

727 582 933 648 jactura
972 580 1186 648 perdes,
1214 587 1269 632 et
1300 592 1461 647 quem
1515 576 1849 647 praecipuum
1884 575 2077 638 habes,
2105 570 2298 635 Deum,

723 672 845 723 sine
876 684 984 737 quo
1012 684 1116 722 non
1148 675 1232 723 est
1268 667 1580 722 hominibus
1621 666 1736 721 vita
1777 666 1996 723 salutis.

798 842 886 896 57.
940 841 996 894 Si
1059 857 1211 896 amas
1251 856 1469 904 aurum,
1514 839 1795 895 Christum
1854 856 1962 895 non
2022 854 2196 895 amas.
2247 839 2302 895 Si

725 947 904 987 autem
933 934 1211 987 Christum
1252 949 1360 986 non
1404 948 1577 998 amas,
1643 948 1794 985 amas
1848 942 2027 989 autem
2072 948 2302 999 aurum,

726 1024 847 1077 vide
882 1025 969 1078 cui
1006 1033 1057 1077 te
1085 1025 1391 1077 assimilare
1422 1031 1576 1092 paret
1636 1022 1917 1092 Magister,
1956 1041 2153 1095 nempe
2213 1026 2301 1079 isti

723 1116 814 1181 qui
841 1117 1145 1185 discipulus
1177 1108 1458 1169 videbatur
1523 1116 1615 1170 sed
1644 1116 1885 1183 perfidus
1912 1126 2050 1180 erat,
2081 1127 2135 1172 et
2163 1119 2269 1171 ami
2291 1147 2304 1159 -

722 1223 820 1261 t-us
881 1208 975 1262 sed
1023 1207 1336 1270 insidiator,
1373 1207 1465 1274 qui
1515 1206 1736 1273 indigne
1772 1224 1875 1262 suo
1906 1207 2167 1277 Magistro
2218 1210 2300 1261 in-

722 1300 947 1354 sultavit
1009 1311 1062 1353 et
1098 1300 1295 1353 misere
1334 1297 1537 1352 decidit
1571 1313 1599 1351 a
1637 1299 1743 1353 ﬁde
1762 1310 1817 1354 ct
1852 1300 2019 1353 simul
2054 1299 2123 1353 ab
2157 1299 2302 1355 illius

722 1391 1013 1454 rharitate,
1052 1404 1115 1444 ac
1152 1402 1397 1460 praeceps
1462 1391 1572 1443 ruit
1631 1391 1684 1444 in
1740 1392 2001 1459 abyssum
2040 1392 2303 1460 despera-

722 1482 907 1535 tionis.
969 1481 1141 1551 Cujus
1188 1482 1501 1550 ctemplum
1548 1489 1604 1533 tu
1660 1483 1888 1547 veritus,
1924 1484 2085 1537 crede
2140 1482 2300 1547 mihi,

724 1571 846 1643 fuge
893 1589 1087 1628 aurum
1125 1575 1350 1642 ejusque
1406 1589 1684 1637 amorem,
1744 1581 1803 1627 ut
1852 1575 2033 1643 possis
2090 1575 2300 1627 lucrari

723 1666 1029 1729 Christum,
1057 1667 1291 1733 teipsum
1319 1666 1572 1719 amando.
1606 1664 1703 1719 Sin
1742 1666 1948 1728 minus.
1986 1668 2095 1723 scis
2122 1667 2299 1721 locum

721 1758 935 1827 cadenti
970 1768 1331 1811 reservatum.

792 1953 883 2007 58.
916 1951 992 2005 Nc
1028 1966 1123 2021 per
1154 1966 1370 2013 aurum,
1406 1953 1763 2006 hominumve
1802 1967 2160 2013 concitrsum,
2201 1963 2295 2005 aut

722 2061 959 2114 preces.
1030 2044 1284 2098 obtinere
1352 2044 1645 2114 dignitates
1709 2061 1944 2115 unquam
2029 2044 2292 2107 festines,

718 2138 934 2192 etiamsi
973 2138 1160 2194 videas
1214 2147 1265 2191 te
1298 2137 1497 2191 animis
1555 2137 1813 2206 epitnlari
1863 2151 2045 2207 posse,
2078 2137 2298 2205 quando

720 2231 825 2282 tria
862 2230 974 2283 haec
1010 2229 1103 2283 tibi
1131 2236 1451 2292 occurrent,
1484 2236 1538 2281 et
1575 2245 1745 2282 unum
1777 2245 1843 2283 cx
1872 2229 1957 2284 his
1982 2230 2291 2300 continget.

718 2323 1023 2391 Indignatio
1078 2321 1310 2375 enimet
1363 2321 1440 2374 ira
1513 2319 1603 2374 Dei
1664 2336 1829 2391 super
1873 2330 1926 2375 te
1965 2321 2148 2377 veniet
2198 2338 2297 2392 per

720 2415 898 2469 varias
926 2414 1276 2469 calamitates
1306 2422 1357 2469 et
1389 2414 1841 2468 circumstantias
1869 2432 1882 2468 :
1920 2415 2299 2470 adversabun-

719 2513 807 2557 tur
835 2505 979 2557 enim
1009 2504 1133 2567 tibi,
1167 2518 1277 2558 non
1314 2503 1492 2557 solum
1520 2502 1795 2568 homines,
1828 2504 1921 2560 sed
1961 2504 2075 2560 fere
2105 2521 2298 2560 omnes

715 2603 1003 2657 creaturae,
1060 2605 1114 2647 et
1175 2595 1285 2648 vita
1319 2594 1416 2646 tibi
1453 2594 1555 2647 erit
1611 2595 1813 2664 repleta
1872 2596 2150 2661 miseriis;
2217 2597 2299 2651 vel

717 2699 842 2736 cum
874 2684 1045 2736 multa
1074 2684 1373 2751 ignominia
1412 2700 1476 2738 ex
1516 2699 1576 2738 ea
1604 2684 1878 2753 eripieris,
1914 2687 2152 2743 inimicis
2187 2690 2298 2746 tuis

719 2774 1181 2842 praevalentibus;
1224 2777 1326 2828 tvel
1381 2784 1508 2831 ante
1540 2776 1682 2832 diem
1746 2784 1901 2832 tuam
1952 2779 2226 2846 morieris,
2269 2797 2299 2836 a

720 2868 977 2935 praesenti
1017 2869 1125 2921 vita
1168 2869 1411 2923 excisus.

789 3045 877 3098 59.
906 3043 1020 3097 Non
1055 3054 1233 3114 potest
1262 3045 1540 3115 despicere
1565 3048 1791 3117 gloriam
1817 3056 1870 3103 et
1901 3050 2296 3118 ignominiam,

720 3147 774 3190 et
806 3140 1218 3207 supereminerc
1254 3140 1516 3208 voluptati
1560 3156 1625 3195 ac
1658 3142 1855 3209 dolori,
1884 3144 1976 3212 qui
2012 3160 2119 3198 non
2165 3146 2297 3201 ﬁnes

720 3244 899 3282 rerum
933 3229 1204 3297 respicere
1232 3232 1454 3284 meruit.
1489 3231 1622 3286 Cum
1656 3235 1800 3287 enim
1859 3235 2065 3289 videris
2115 3240 2295 3292 omnis

717 3319 927 3387 glorize,
982 3320 1296 3387 voluptatis,
1354 3320 1715 3387 deliciarum,
1768 3324 2192 3395 divitiarumque
2244 3340 2297 3383 et

717 3413 1095 3482 prosperitatis
1120 3412 1411 3467 novissima
1455 3415 1521 3468 ad
1555 3417 1781 3469 nihilum
1821 3417 2097 3481 devenire,
2126 3432 2300 3477 morte

718 3515 947 3568 excepta
998 3511 1051 3552 et
1091 3510 1384 3569 corrupta,
1443 3512 1568 3556 tunc
1622 3518 1925 3574 agnoscens
1987 3509 2295 3564 evidentem

715 3591 958 3643 omnium
1017 3591 1379 3645 humanarum
1444 3609 1624 3648 rerum
1695 3597 2032 3663 vanitatem,
2094 3614 2295 3657 sensus

716 3695 845 3734 suos
870 3680 1026 3734 vertit
1057 3680 1123 3734 ad
1185 3680 1321 3737 ﬁnes
1342 3682 1653 3737 divinarum
1687 3701 1892 3739 rerum.
1935 3688 2001 3740 Et
2048 3688 2135 3743 his
2171 3705 2294 3759 quae

715 3781 845 3825 sunt
882 3780 935 3826 et
961 3772 1244 3842 corrumpi
1284 3774 1508 3829 minime
1530 3784 1761 3845 qtteuut,
1802 3779 2064 3845 adhaeret,
2098 3792 2153 3835 et
2184 3782 2297 3835 haec

714 3874 996 3932 appetens,
1044 3866 1291 3935 superior
1333 3867 1390 3919 lit
1433 3868 1619 3922 dolore
1651 3884 1717 3924 ac
1751 3870 2069 3940 voluptate:
2108 3874 2297 3931 dolore

713 3956 952 4019 quidem.
988 3965 1256 4009 utcontra
1317 3958 1527 4010 luxuria
1544 3976 1619 4025 tn,
1655 3961 2008 4016 ambitionem
2041 3972 2092 4017 et
2122 3968 2296 4019 avari-

714 4048 842 4099 tiam
878 4048 1070 4101 anima:
1122 4050 1362 4115 luctans;
1399 4052 1669 4119 voluptate
1719 4067 1925 4118 autem,
1980 4064 2037 4107 ut
2074 4073 2291 4110 omnem

716 4138 969 4207 rejicieus
996 4141 1184 4197 mundi
1221 4159 1463 4198 sensum.
1498 4144 1684 4215 Itaque
1713 4147 2019 4204 honoratus
2055 4151 2218 4204 simul
2242 4164 2295 4205 et

716 4232 1094 4299 iuhunoratus,
1121 4235 1515 4307 doloribusque
1546 4253 1613 4292 ac
1657 4238 1873 4295 deliciis
1899 4241 2141 4311 jactatus
2168 4258 2292 4297 cor-

717 4324 885 4389 poris,
927 4326 979 4377 in
1018 4327 1272 4381 omnibus
1296 4329 1502 4398 gratias
1548 4330 1654 4400 agit
1711 4329 1841 4397 Deo,
1890 4348 1989 4386 nec
2023 4334 2289 4388 rationem

718 4417 937 4471 amittit.

790 4801 858 4851 ϐυ
910 4801 981 4853 Ex
1019 4804 1249 4857 somniis
1294 4805 1456 4858 etiam
1510 4804 1752 4860 fervidus
1808 4809 2065 4878 augurari
2116 4820 2294 4879 potest

720 4892 913 4945 anima?
944 4907 1056 4946 suae
1084 4906 1258 4948 motus
1278 4910 1341 4948 ac
1367 4897 1773 4966 dispositiones,
1798 4909 1849 4952 et
1906 4900 1974 4954 de
2011 4915 2113 4954 suo
2141 4909 2288 4957 statu

720 4998 929 5036 curare.
970 4984 1156 5048 Qualis
1203 4987 1347 5038 enim
1389 4987 1674 5055 dispositio
1732 4988 2012 5044 interioris
2052 4992 2291 5048 hominis

717 5080 771 5125 ct
796 5073 1183 5142 cogitationum
1212 5076 1352 5145 ejus,
1394 5077 1531 5130 tales
1568 5087 1697 5131 sunt
1739 5088 1920 5132 motus
1950 5082 2202 5149 corporis
2239 5093 2292 5136 et

722 5167 919 5216 mentis
969 5166 1225 5220 visiones.
1285 5166 1340 5220 Si
1374 5168 1499 5235 quis
1543 5170 1706 5238 igitur
1741 5172 1982 5224 materia:
2034 5181 2088 5226 et
2135 5175 2287 5227 volu‘

728 5258 891 5321 ptatis
943 5265 1215 5309 amantem
1263 5259 1419 5311 habet
1460 5260 1722 5324 animam,
1784 5261 1885 5314 sibi
1941 5277 2293 5332 repraesentat

723 5362 900 5399 rerum
936 5349 1312 5416 possessiones
1357 5359 1410 5403 et
1458 5352 1723 5405 honorum
1767 5354 2121 5422 opulentiam,
2171 5353 2289 5408 for-

722 5454 949 5507 masque
976 5441 1263 5495 mulierum
1294 5451 1348 5495 ct
1392 5443 1572 5495 coitus
1600 5444 1945 5507 libidinosus,
1989 5462 2054 5498 ex
2079 5448 2282 5514 quibus

722 5528 1108 5596 roinquinatur
1132 5532 1297 5584 vestis
1318 5532 1440 5599 ejus
1469 5540 1523 5584 et
1551 5546 1678 5585 caro
1699 5533 1755 5584 Iit
1789 5532 1995 5586 (uuida.
2021 5534 2075 5586 Si
2105 5544 2285 5590 autem

725 5621 973 5688 cupidam
1001 5631 1053 5674 ct
1086 5623 1323 5690 pecuniae
1355 5632 1649 5685 amantem,
1686 5639 1875 5677 aurum
1907 5626 2047 5679 Videt
2085 5626 2136 5678 in
2168 5642 2284 5681 ont-

727 5698 921 5775 nibus,
982 5722 1034 5766 ot
1087 5726 1277 5767 aurum
1319 5714 1450 5769 dure
1508 5714 1711 5784 exigit,
1769 5727 1818 5770 et
1879 5719 2285 5784 superabundat

2396 563 2491 613 καὶ
2525 555 2941 629 προσαπολέσῃς
2973 555 3037 623 τῇ
3066 552 3262 622 ζημία,
3298 554 3391 604 καὶ
3429 551 3487 603 ὃν
3516 551 3658 619 ἔχεις
3719 552 3778 603 τὸ
3808 553 3999 617 κεφα-

2396 654 2568 714 λαιον,
2600 651 2691 701 τὴν
2719 649 2875 711 Θεὸν,
2904 638 2963 699 οὗ
2998 648 3168 715 χωρὶς
3225 645 3325 696 οὐκ
3363 643 3507 696 ἐστιν
3534 642 3841 712 ἀνθρώποις
3873 660 3995 694 σως

2395 746 2589 814 τηρίας
2618 742 2752 809 ζωή.

2475 835 2569 900 νζκ
2602 835 2659 886 Et
2693 832 2866 901 φιλεῖς
2900 829 3124 901 χρυσὸν,
3159 829 3397 901 Χριστὸν
3448 831 3508 882 οὐ
3564 830 3758 898 φιλεῖς.
3807 831 3870 883 Εἰ
3930 827 3995 881 δὲ

2398 929 2632 1001 Χριστὸν
2656 928 2718 980 οὐ
2761 926 2953 995 φιλεῖς,
2989 925 3163 993 φιλεῖς
3205 925 3263 977 δὲ
3303 925 3526 995 χρυσὸν,
3574 926 3675 996 δρα
3721 927 3825 978 τίνι
3862 942 3929 978 σε
3968 928 3998 978 ὁ

2396 1023 2659 1092 τύραννος
2721 1015 3101 1089 ἐξομοιοῦσθαι
3143 1017 3588 1087 παρασκευάζει·
3648 1017 3844 1086 ἐκείνῳ
3910 1017 3997 1086 τῷ

2399 1116 2617 1190 μαθητῇ
2662 1114 2782 1185 μὲν,
2814 1110 2929 1165 ἀλλ’
2972 1111 3211 1180 ἀπίστῳ,
3249 1109 3390 1178 φίλῳ
3436 1109 3517 1170 δὲ,
3561 1108 3675 1161 ἀλλ’
3707 1108 3997 1178 ἐπιϐούλῳ

2399 1211 2644 1280 φανέντι,
2678 1209 2773 1259 καὶ
2805 1203 2991 1266 καλῶς
3023 1202 3103 1263 είς
3139 1202 3232 1253 τὸν
3274 1198 3455 1253 κοινὸν
3484 1200 3762 1270 Δεσπότην
3799 1202 3994 1269 ἐμπα-

2400 1303 2732 1376 ροινήσαντι,
2758 1299 2852 1351 καὶ
2878 1296 3078 1357 ἀθλίως
3118 1294 3410 1347 ἐκπεσόντι
3442 1293 3679 1356 πίστεως
3721 1294 3841 1360 ἃμα
3888 1294 3995 1345 καὶ

2397 1397 2494 1465 τῆς
2526 1394 2661 1465 πρὸς
2687 1392 2895 1444 ἐκεῖνον
2936 1389 3182 1459 ἀγάπης,
3220 1387 3317 1439 καὶ
3346 1387 3426 1448 εἰς
3461 1385 3623 1454 βυθὸν
3652 1384 3994 1453 ὲγκυὸιστήο

2400 1504 2553 1542 σαντι
2573 1482 2934 1552 ἀπογνώσεως
2957 1497 2970 1510 ·
2992 1476 3052 1534 οὗ
3080 1481 3142 1532 σὺ
3173 1478 3355 1540 δεδιὼς
3373 1479 3432 1531 τὸ
3458 1477 3784 1547 ὑπόδειγμα.
3812 1477 3989 1547 φεῦγε

2396 1582 2618 1650 χρυσὸν,
2653 1579 2773 1646 ἐμοὶ
2799 1573 3140 1643 πειθόμενος,
3176 1572 3272 1623 καὶ
3302 1572 3400 1640 τὴν
3426 1571 3617 1623 τούτου
3647 1570 3831 1638 φιλίαν
3852 1613 3866 1634 ,
3895 1571 3990 1622 ἵνα

2394 1669 2626 1740 δυνηθῇς
2675 1666 2936 1736 κερδῆσαι
2975 1661 3232 1729 Χριστὸν,
3281 1662 3339 1713 ὲν
3379 1657 3455 1728 τῷ
3504 1660 3678 1729 φιλεῖν
3730 1660 3986 1711 σεαυτὸν.

2399 1767 2458 1817 Ei
2485 1772 2527 1817 δ’
2555 1759 2667 1822 οὖν,
2701 1760 2816 1815 ἀλλ’
2847 1755 2991 1822 οἶδας
3015 1757 3103 1809 τὸν
3133 1756 3297 1810 τόπον
3322 1755 3415 1808 τοῦ
3446 1757 3871 1818 ἐκπεπτωκότος
3895 1757 3989 1809 τὸν

2399 1859 2546 1909 ἴδιον.

2467 1953 2568 2017 νη“.
2603 1943 2695 2015 Μὴ
2730 1943 2817 1996 διὰ
2849 1940 3075 2011 χρυσοῦ,
3123 1941 3156 2010 ἢ
3194 1939 3502 2008 συνδρομῆς
3535 1938 3844 2008 ἀνθρώπων
3889 1938 3985 1991 καὶ

2397 2040 2730 2107 ἐξαιτήσεως
2786 2036 3060 2102 ἐπιτυχεῖν
3119 2031 3417 2103 προεδρίας
3450 2034 3690 2102 σπεύσῃς
3732 2032 3863 2083 ποτὲ
3891 2072 3903 2095 ,
3937 2034 3987 2083 εἰ

2396 2133 2488 2184 καὶ
2522 2129 2749 2197 συνορᾷς
2782 2126 2972 2180 ἑαυτὸν
3005 2124 3259 2194 ἰσχύοντα
3296 2124 3580 2194 ὠφελῆσαι
3614 2125 3818 2193 ψυχὰς,
3854 2126 3985 2178 ἄνευ

2396 2224 2496 2292 τῆς
2555 2223 2760 2275 ἄνωθεν
2804 2220 3069 2288 κλήσεως,
3116 2219 3235 2270 ἐπεὶ
3295 2219 3419 2287 τρία
3457 2218 3628 2269 ταῦτά
3672 2234 3756 2269 σοι
3812 2235 3987 2288 προσ-

2396 2317 2715 2387 υπαντὴσει,
2749 2314 2843 2367 καὶ
2876 2313 3081 2366 τούτων
3103 2311 3160 2363 ἓν
3181 2312 3541 2382 ἀποϐήσεται.
3572 2312 3641 2363 Ἤ
3663 2312 3772 2381 γὰρ
3810 2314 3983 2380 ἀγανα

2396 2409 2623 2478 ἁκτησις
2659 2406 2769 2460 ἀπὸ
2797 2404 2932 2458 Θεοῦ
2969 2422 3047 2456 σοι
3097 2404 3323 2473 ἐπέλθῃ,
3361 2405 3455 2457 καὶ
3484 2404 3624 2473 ὀργὴ
3670 2404 3761 2456 διὰ
3797 2408 3986 2458 ποικί-

2391 2502 2499 2556 λων
2539 2499 2815 2571 ἐπιφορῶν
2846 2498 2941 2550 καὶ
2974 2496 3351 2567 περιστάσεων
3374 2512 3387 2528 ·
3423 2498 3985 2569 ὲκπολεμωθὴσονταί

2397 2613 2479 2649 σοι
2509 2593 2618 2663 γὰρ
2671 2594 2771 2644 οὐκ
2830 2589 3108 2660 ἄνθρωποι
3151 2588 3337 2658 μόνον,
3373 2588 3511 2642 ἀλλὰ
3563 2592 3656 2642 καὶ
3711 2590 3745 2659 ή
3807 2591 3985 2652 κτίσις

2396 2690 2579 2761 σχεδὸν
2612 2687 2819 2748 ἅπασα,
2858 2684 2953 2736 καὶ
3002 2684 3293 2752 γενήσεταί
3346 2701 3427 2735 σοι
3464 2685 3907 2746 πολυστένακτος
3948 2687 3981 2754 ἡ

2393 2782 2541 2851 ζωήο
2578 2780 2610 2850 ἢ
2650 2777 2789 2848 μετὰ
2819 2776 3020 2847 πολλῆς
3049 2776 3275 2846 ἀτιμίας
3320 2775 3532 2829 ἐκεῖθεν
3574 2777 3981 2848 καθαιρεθήσῃ,

2400 2872 2507 2924 τῶν
2539 2874 2677 2925 κατὰ
2722 2872 2815 2925 σοῦ
2876 2874 3391 2943 ὑπερισχυσάντων’
3443 2874 3476 2945 ἢ
3521 2876 3804 2947 ἀποθάνῃς
3834 2879 3895 2929 ὲν
3924 2875 3983 2933 οὐ

2392 2965 2567 3035 καιρῷ
2593 2983 2686 3018 σου
2723 2966 3065 3037 ἀποτμηθεὶς
3098 2970 3198 3039 τῆς
3228 2969 3511 3039 παρούσης
3541 2970 3713 3038 ζωῆς.

2462 3056 2559 3110 νϐ’.
2604 3058 2718 3110 Οὐκ
2753 3058 2868 3112 ἔστι
2916 3060 3333 3130 καταφρονῆσαι
3381 3062 3539 3131 δόξης
3585 3063 3683 3114 καὶ
3731 3063 3983 3132 ἀτιμίας,

2324 3184 2367 3241 c
2394 3149 2484 3202 καὶ
2507 3149 2761 3219 ὑπεράνω
2787 3150 3043 3218 γενέσθαι
3088 3151 3282 3221 ὀδύνης
3325 3152 3418 3205 καὶ
3454 3152 3670 3223 ἡδονῆς,
3704 3156 3753 3205 εί
3792 3157 3869 3226 μή
3901 3172 3985 3216 τις

2391 3237 2526 3307 πρὸς
2551 3240 2615 3291 τὰ
2642 3239 2770 3308 τέλη
2817 3240 2926 3292 τῶν
2960 3241 3305 3309 πραγμάτων
3339 3240 3558 3310 βλέπειν
3586 3240 3982 3313 ἀξιωθήσεται.

2400 3333 2669 3402 Ὀπηνίκα
2722 3333 2832 3403 γὰρ
2894 3333 3067 3402 πάσης
3100 3334 3281 3404 δόξης.
3342 3337 3436 3389 καὶ
3475 3336 3694 3405 ἡδονῆς.
3745 3340 3981 3406 τρυφῆς.

2392 3423 2486 3476 καὶ
2524 3424 2777 3488 πλούτου,
2827 3426 2920 3478 καὶ
2971 3426 3276 3495 εὐημερίας
3314 3429 3381 3480 τὰ
3409 3428 3538 3497 τέλη
3587 3431 3671 3491 εἰς
3714 3431 3872 3482 οὐδὲν
3904 3431 3983 3499 ἴδη

2392 3516 2819 3587 καταγινόμενα.
2852 3516 2946 3571 τοῦ
2982 3517 3213 3571 θανάτου
3246 3519 3421 3573 ταῦτα
3448 3521 3843 3591 διαδεχομένου
3896 3526 3988 3575 καὶ

2390 3608 2817 3679 διαφθείροντος,
2876 3610 3180 3680 τηνικαῦτα
3247 3612 3465 3666 πάντων
3517 3616 3831 3681 καταγνοὺς
3881 3616 3988 3668 τῶν

2392 3701 2750 3771 ἀνθρωπίνων
2799 3702 3147 3772 πραγμάτων
3199 3705 3347 3772 σαφῆ
3383 3707 3745 3773 ματαιότητα,
3796 3710 3989 3776 τρέπει

2390 3792 2489 3853 τὰς
2517 3792 2802 3862 αἰσθήσεις
2840 3793 3006 3846 αὐτοῦ
3048 3794 3186 3864 πρὸς
3209 3796 3279 3848 τὰ
3310 3796 3439 3867 τέλη
3469 3797 3580 3849 τῶν
3610 3796 3776 3851 θείων
3806 3816 3986 3869 πραγ-

2393 3884 2600 3953 μάτων.
2643 3885 2753 3939 Καὶ
2779 3886 2887 3939 τῶν
2922 3887 3021 3955 μὲν
3052 3886 3223 3940 ὄντων
3249 3889 3343 3940 καὶ
3376 3889 3641 3959 μηδαμῶς
3679 3890 3988 3959 διαφθαρῆ-

2390 3993 2478 4027 ναι
2517 3976 2832 4047 δυναμένων
2887 3980 3198 4047 ἀντέχεται,
3242 3980 3449 4033 τούτων
3494 3981 3550 4034 δὲ
3598 3983 3988 4055 ἀντιποιούμε-

2391 4085 2499 4129 νος,
2561 4066 2752 4138 ὀδύνης
2812 4069 2911 4139 μὲν
2993 4073 3088 4124 καὶ
3146 4071 3343 4141 ἡδονῆς
3409 4073 3667 4141 ὑπεράνω
3726 4076 3985 4140 γίνεται“

2389 4159 2606 4228 ὀδύνης,
2637 4159 2711 4223 ὡς
2760 4160 2822 4213 τὸ
2872 4161 3173 4234 φιλήδονον,
3231 4164 3324 4216 καὶ
3376 4164 3691 4232 φιλόδοξον,
3746 4169 3847 4221 καὶ
3907 4186 3989 4237 ςι-

2390 4250 2734 4322 λοχρήματον
2794 4255 3319 4323 καταγωνισάμενος
3365 4257 3464 4325 τῆς
3519 4257 3734 4329 ψυχῆς·
3790 4263 3989 4332 ἡδονῆς

2389 4342 2465 4404 δὲ,
2519 4344 2593 4400 ὡς
2658 4345 2757 4411 τὴν
2782 4343 2876 4397 τοῦ
2930 4348 3136 4417 κόσμον
3207 4349 3644 4417 ἀποσεισάμενος
3704 4355 3981 4424 αἴσθησιν.

2389 4431 2479 4483 Διὺ
2528 4434 2617 4484 καὶ
2674 4432 2983 4504 τιμώμενος
3066 4438 3163 4489 καὶ
3237 4437 3640 4507 ἀτιμαζόμενος
3723 4444 3753 4494 ὀ
3827 4446 3989 4507 αὐτός

2320 4518 2366 4576 ι)
2390 4525 2559 4587 ἐστιν,
2621 4526 2836 4589 ὀδύναις
2880 4544 2939 4580 τε
2972 4528 3066 4581 καὶ
3087 4529 3306 4582 ἀνέσεσι
3344 4530 3672 4601 βαλλόμενος
3706 4535 3982 4605 σώματος,

2389 4620 2447 4671 ἐν
2481 4618 2647 4671 ’πᾶσιν
2677 4619 2993 4689 εὐχαριστεῖ
3019 4620 3097 4690 τῷ
3127 4621 3271 4689 Θεῷ,
3298 4624 3395 4675 καὶ
3417 4624 3478 4676 οὐ
3506 4631 3865 4681 κατασπᾶται
3892 4631 3982 4683 τὶν

2390 4709 2676 4778 λογισμόν.

2462 4800 2522 4862 ξ’.
2565 4802 2721 4853 Ἔστι
2762 4804 2855 4853 καὶ
2892 4803 2999 4855 ἀπὸ
3049 4804 3157 4857 τῶν
3209 4805 3480 4859 ἐνυπνίων
3528 4811 3626 4872 τὰς
3670 4813 3773 4881 τῆς
3804 4816 3983 4884 ψυχῆς

2390 4896 2630 4964 κινήσεις
2663 4895 2759 4949 καὶ
2802 4896 3075 4961 διαθέσεις
3109 4901 3619 4970 καταστοχάζεσθαι
3667 4905 3763 4958 τὸν
3813 4925 3983 4962 σπου-

2387 4985 2554 5049 δαῖον,
2609 4988 2703 5040 καὶ
2750 4988 2848 5054 τῆς
2903 4992 3295 5055 καταστάσεως
3356 4995 3739 5063 ἐπιμελεῖσθαι
3789 5001 3979 5055 αὐτοῦ.

2388 5080 2545 5132 Κατὰ
2565 5079 2676 5149 γὰρ
2705 5079 2801 5151 τὴν
2829 5080 3073 5135 διάθεσιν
3100 5084 3194 5137 τοῦ
3226 5086 3379 5149 ὲντός
3401 5088 3714 5160 ἀνθρώπου,
3752 5094 3850 5147 καὶ
3874 5096 3982 5148 τῶν

2388 5171 2681 5239 φροντίδων
2718 5171 2905 5238 αὑτοῦ,
2942 5175 3049 5226 εἰσὶ
3081 5175 3175 5228 καὶ
3205 5177 3297 5229 τοῦ
3338 5177 3592 5247 σώματος
3615 5182 3671 5234 αἱ
3707 5188 3979 5255 κινήσεις,

2388 5266 2480 5316 καὶ
2511 5264 2604 5317 τοῦ
2642 5266 2760 5329 νοὸς
2790 5270 2843 5319 αἱ
2874 5269 3184 5334 φαντασίαι.
3235 5272 3296 5322 Εἰ
3335 5272 3435 5340 μέν
3470 5290 3555 5336 τις
3587 5270 3683 5327 οὖν
3716 5278 3979 5345 φιλόῦλον

2388 5358 2481 5410 καὶ
2512 5358 2792 5427 φιλήδονον
2836 5361 2937 5430 τὴν
2988 5360 3167 5431 ψυχὴν
3198 5362 3333 5432 ἔχει,
3368 5366 3592 5435 κτήσεις
3630 5373 3981 5439 πραγμάτων

2388 5452 2481 5502 καὶ
2514 5452 2814 5521 χρημάτων
2844 5453 3109 5521 εὐπορίαν
3139 5454 3493 5522 φαντάζεται,
3539 5461 3762 5529 μορφάς
3788 5480 3851 5515 τε
3885 5482 3983 5531 γυ,

2388 5545 2590 5597 ναικῶν
2624 5544 2719 5597 καὶ
2757 5545 3072 5615 συμπλοκὰς
3102 5548 3391 5617 ἐμπαθεῖς.
3416 5550 3476 5615 ἐξ
3499 5544 3575 5604 ὧν
3602 5554 3631 5604 ὁ
3661 5555 3981 5627 ἐσπιλωμέ-

2388 5654 2476 5699 νος
2513 5638 2658 5706 αύτῴ
2687 5638 2872 5709 χιτὼν,
2913 5641 3006 5692 καὶ
3041 5642 3069 5693 ὀ
3102 5643 3344 5711 μιασμὸς
3370 5642 3473 5712 τῆς
3504 5647 3711 5716 σαρκὸς
3738 5651 3985 5718 ἐπιγίνεο

2388 5747 2493 5783 ται.
2530 5731 2587 5783 Εἰ
2610 5732 2664 5785 δὲ
2708 5730 3088 5801 πλεονεκτικὴν
3115 5734 3207 5787 καὶ
3243 5733 3602 5807 φιλάργυρον,
3637 5743 3843 5806 γρυσδν
3874 5746 3981 5813 (ίρί
