4202 6450
233 439 346 503 929

1187 446 1672 508 l’iiYSICORUM
1712 447 2054 512 (TANTUM
2094 454 2476 517 CENTURIA
2521 461 2599 522 ll.

3373 473 3486 535 930

240 547 384 597 κατὰ
432 544 632 609 πάντα,
683 545 775 596 καὶ
803 543 990 597 τοῦτον
1019 546 1356 617 εἰσπράττει,
1399 553 1491 606 καὶ
1546 555 1884 620 πλεονάζειΑ

1826 559 1884 612 ιΑ
1915 563 2127 622 usuris,
2189 564 2317 616 etin
2367 564 2655 620 thesauros
2719 583 2854 622 nova
2883 585 3092 640 semper
3145 575 3397 645 deponit;
3431 590 3485 634 et

235 642 352 700 τοῖς
406 641 610 701 τόκοις,
663 640 756 690 καὶ
805 641 886 701 εἰς
917 638 1224 710 θησαυροὺς
1260 645 1602 711 ἀποτίθεται,
1637 653 1729 703 καὶ
1754 652 1830 714 ὡς

237 730 574 798 ἀσυμπαθὴς
602 731 1012 797 κατακρίνεται.
1059 733 1120 785 Εἰ
1148 732 1202 784 δὲ
1234 733 1456 805 θυμώδη
1490 741 1584 790 καὶ
1618 739 1826 808 βάσκα-

234 837 344 880 νιιν¹
385 819 596 888 θηρίοις
637 822 729 872 καὶ
762 821 991 885 ἰοϐόλοις
1014 823 1267 876 διώκεται
1295 825 1568 892 ἐρπετοῖς,
1606 832 1698 882 καὶ
1727 831 1826 899 φόο

235 920 350 966 60:;
417 914 508 964 καὶ
537 913 707 983 δειλίᾳ
742 915 1251 969 καθυποϐάλλεται·
1300 919 1348 970 εἰ
1384 918 1438 970 δὲ
1477 925 1828 992 πεφυσιωμέ-

236 1024 336 1067 Vm
372 1009 434 1074 τῇ
487 1009 614 1075 κενῇ
645 1006 793 1075 δόξῃ,
843 1008 1120 1078 εὐφημίας
1195 1011 1288 1063 καὶ
1347 1015 1828 1085 προσυπαντήσεις

231 1099 367 1150 λαοῦ
388 1141 401 1162 ,
441 1100 660 1168 θρόνους
687 1100 861 1170 ἀρχῆς
886 1102 981 1154 καὶ
1015 1103 1314 1171 ἡγεμονίας
1347 1106 1700 1173 φαντάζεται,
1733 1110 1826 1164 καὶ

232 1193 370 1260 περὶ
399 1191 466 1244 τὰ
502 1194 669 1261 μήπω
707 1192 836 1244 ὄντα
879 1192 1051 1262 αὐτῷ,
1079 1193 1154 1256 ὡς
1188 1195 1339 1259 ὄντα,
1371 1196 1403 1266 ἢ
1455 1197 1671 1262 πάντως
1703 1202 1824 1254 ἐσό-

235 1301 398 1352 μενα,
437 1285 532 1336 καὶ
564 1285 883 1354 ἐγρηγορῶν
929 1285 1250 1340 διατίθεται.
1297 1289 1358 1340 Εἰ
1391 1288 1446 1340 δὲ
1479 1290 1824 1362 ὑπερήφανον

231 1377 330 1428 καὶ
362 1376 680 1439 ἀλαζονείας
707 1377 932 1446 μεστὴν,
958 1378 1049 1429 ἐπὶ
1073 1379 1367 1448 ὀχημάτων
1394 1381 1654 1450 φέρεσθαι
1681 1385 1741 1436 λα
1754 1403 1826 1454 μ-

230 1469 524 1536 προτάτων
555 1469 655 1536 ὁρᾷ
688 1468 879 1520 ἑαυτὸν
903 1507 918 1532 ,
956 1469 1047 1520 καὶ
1073 1469 1296 1539 πτεροῖς
1327 1469 1437 1522 ἔσθ’
1460 1471 1548 1524 ὅτε
1578 1475 1656 1536 εἰς
1686 1475 1823 1545 ἀέρα

232 1562 559 1630 πετόμενον,
595 1560 689 1613 καὶ
720 1560 929 1623 πάντας
964 1560 1061 1629 τὴν
1094 1561 1370 1632 ὑπεροχὴν
1399 1565 1698 1634 τρέμοντας
1727 1569 1825 1638 τῆς

225 1653 484 1718 ἐξουσίας
536 1652 728 1706 αὐτοῦ.
762 1651 921 1705 Οὕτω
966 1653 1032 1723 δὴ
1090 1657 1182 1706 καὶ
1231 1655 1477 1723 φιλόθεος
1501 1656 1817 1728 ἅνθρωπος,

229 1747 526 1806 σπουδαῖος
557 1746 633 1797 ὢν
679 1745 757 1807 εἰς
802 1746 1065 1812 ἐργασίαν
1099 1746 1196 1816 τῆς
1227 1748 1453 1816 ἀρετῆς,
1489 1750 1582 1802 καὶ
1613 1751 1821 1815 δίκαιος

226 1841 313 1899 εἰς
343 1838 627 1899 εὐσεϐείας
657 1836 892 1904 ἀγῶνας,
923 1838 1018 1890 καὶ
1049 1839 1297 1909 καθαρὰν
1327 1840 1426 1910 τῆς
1461 1840 1593 1911 ὕλης
1633 1843 1822 1912 ἐπιφε-

229 1932 464 1999 ρόμενος
495 1930 591 2000 τὴν
619 1931 813 2000 ψυχὴν,
851 1929 1156 1999 μελλόντων
1191 1933 1534 2001 πραγμάτων
1566 1934 1821 2000 ἐκϐάσεις

226 2023 356 2075 καθ’
387 2023 589 2085 ὕπνους
635 2024 738 2092 ὁρᾷ
793 2021 888 2074 καὶ
928 2023 1175 2092 φρικτῶν
1214 2025 1504 2093 θεαμάτων
1540 2024 1821 2078 ἀποκαλύο

223 2115 374 2183 ψεις,
407 2115 494 2168 ἀεί
539 2131 597 2167 τε
652 2116 942 2183 εὐχόμενον
970 2115 1162 2168 ἑαυτὸν
1206 2115 1263 2166 ἐν
1294 2115 1584 2181 κατανύξει
1619 2117 1714 2171 καὶ
1743 2121 1820 2172 εί-

229 2208 430 2276 ρηνικῇ
475 2206 824 2268 καταστάσει,
858 2205 1037 2275 ψυχῆς
1066 2222 1122 2257 τε
1166 2207 1260 2258 καὶ
1301 2207 1554 2277 σώματος
1581 2210 1820 2278 ἀφυπνι-

222 2299 456 2368 ζὸμενος
483 2297 914 2367 καταλαμϐάνει,
941 2299 1015 2360 ὡς
1036 2295 1178 2352 εἶναι
1205 2299 1304 2369 μὲν
1329 2300 1422 2352 ἐπὶ
1444 2301 1552 2353 τῶν
1575 2303 1816 2372 παρειῶν

223 2391 393 2446 αὑτοῦ
425 2394 491 2445 τὰ
523 2393 756 2463 δάκρυα,
790 2394 882 2446 ἐπὶ
911 2393 967 2446 δὲ
997 2394 1106 2447 τῶν
1134 2393 1359 2463 χειλέων
1389 2395 1490 2466 τὴν
1519 2397 1655 2468 πρὸς
1683 2398 1816 2452 Θεὸν

221 2486 467 2553 ὁμιλίαν.

302 2579 402 2642 ξα⁹.
442 2579 562 2630 Τῶν
584 2579 705 2632 καθ’
742 2579 943 2644 ὕπνους
989 2585 1409 2654 φανταζομένων
1452 2584 1522 2637 τά
1583 2584 1683 2652 μὲν
1713 2585 1813 2638 αὒ-

220 2670 337 2724 τῶν
369 2675 515 2724 ἐστιν
577 2672 822 2736 ἐνύπνια,
869 2675 938 2727 τὰ
966 2675 1022 2727 δὲ
1069 2677 1311 2746 ὁράσεις,
1356 2677 1422 2730 τά
1454 2676 1509 2729 δὲ
1539 2677 1812 2730 ἀποκαλύ-

217 2763 370 2830 ψεις.
406 2765 514 2817 Καὶ
559 2764 626 2817 τὰ
663 2767 763 2833 μὲν
791 2767 1018 2819 ἐνύπνιά
1054 2772 1212 2833 εἰσιν,
1243 2771 1343 2822 ὅσα
1383 2769 1456 2839 μὴ
1492 2772 1642 2838 μένει
1681 2773 1811 2840 περὶ

221 2853 288 2904 τδ
323 2854 688 2918 φανταστικὸν
741 2853 835 2907 τοῦ
876 2856 994 2918 νοὸς
1043 2857 1395 2921 ἀναλλοίωτα,
1444 2856 1580 2911 ἀλλά
1615 2873 1813 2924 συγκε-

223 2943 496 3012 χυμένην,
535 2947 630 2998 καὶ
660 2945 1088 3018 ἀλλεπάλληλον.
1119 2949 1212 3001 καὶ
1239 2948 1462 3012 πυκνῶς
1492 2949 1812 3017 ἀλλοιουμέ-

221 3050 329 3102 νην
354 3033 448 3085 ἀπ’
484 3033 644 3085 άλλου
676 3036 756 3096 εἰς
786 3035 914 3088 ἄλλο
944 3038 1101 3106 φέρει
1131 3039 1231 3106 τὴν
1263 3045 1566 3106 φαντασίαν
1586 3057 1598 3069 ·
1646 3040 1705 3104 ἐξ
1737 3034 1812 3094 ὧν

220 3123 452 3192 οὐδεμία
476 3123 582 3173 τῶν
618 3125 1042 3195 φανταζομὲνων
1073 3129 1377 3194 ἐπιγίνεται
1421 3129 1682 3198 ὠφέλεια,
1723 3134 1814 3186 καὶ

220 3213 364 3282 αὐτὴ
401 3213 434 3283 ἡ
472 3213 742 3280 φαντασία
787 3215 925 3282 μετά
956 3217 1055 3284 τὴν
1085 3216 1401 3289 ἀφύπνησιν
1431 3220 1671 3274 ὄλλυται.
1709 3216 1864 3308 Ἧεε

224 3307 324 3359 καὶ
348 3309 714 3377 καταφρονεῖν
740 3308 790 3360 of
822 3311 1101 3362 σπουδαῖοι
1126 3312 1456 3381 ὀφείλουσιν.
1495 3316 1561 3367 Δί
1599 3316 1654 3368 δὲ
1682 3317 1815 3387 ὁρά-

227 3414 347 3458 σεις
372 3398 534 3460 εἰσὶν,
574 3400 697 3451 ὅσαι
728 3400 1078 3454 ἀναλλοίωτοί
1107 3405 1214 3456 εἰσι
1238 3421 1250 3432 ·
1285 3407 1378 3458 καὶ
1405 3408 1504 3460 οὐκ
1535 3409 1598 3460 ἐκ
1624 3408 1814 3460 τούτου

224 3491 308 3553 εἰς
333 3491 521 3560 ἕτερον
551 3495 1141 3562 μετασχηματίζονται,
1162 3496 1297 3550 ἀλλὰ
1328 3499 1580 3567 μένουσιν
1599 3502 1818 3552 ἐντετυο

225 3580 483 3649 πωμὲναι
505 3579 582 3647 τῷ
611 3581 692 3633 νοῒ
723 3584 816 3634 ἐπὶ
842 3584 1041 3648 πολλάς
1071 3586 1352 3654 περιόδους
1377 3588 1513 3640 ἐτῶν
1563 3589 1656 3640 καὶ
1681 3589 1814 3642 ἀλά-

226 3672 421 3741 θητοι’
483 3674 578 3725 καί⁵
631 3673 746 3725 ὅσοι
795 3674 1100 3741 μελλόντων
1155 3679 1496 3747 πραγμάτων
1560 3679 1816 3743 ἐκϐάσεις

222 3764 557 3828 δεικνύουσι,
588 3766 682 3818 καὶ
702 3764 880 3834 ψυχῆς
909 3767 1178 3836 ὠφέλειαν
1213 3771 1275 3822 ἐκ
1306 3771 1652 3834 κατανύξεως
1680 3788 1814 3843 προο

226 3855 443 3920 ξενοῦσι
488 3857 580 3908 καὶ
607 3857 856 3928 φοϐερῶν
883 3858 1196 3929 θεαμάτωνο
1229 3862 1453 3915 σύννουν
1478 3881 1536 3914 τε
1566 3865 1660 3917 καὶ
1693 3864 1817 3917 σύν-

225 3965 254 3999 τ
266 3965 434 4017 ρομον
463 3948 554 4000 τὸν
579 3949 791 4013 ὁρῶντα
817 3951 882 4003 ἐκ
920 3951 1017 4020 τῆς
1051 3952 1159 4004 τῶν
1200 3954 1493 4023 ὁρωμένων
1524 3955 1818 4008 ἀναλλοιώο

226 4056 325 4092 του
355 4039 590 4108 φρικτῆς
622 4039 858 4111 θεωρίας
887 4043 1264 4110 ἀποτελοῦσιν,
1298 4039 1374 4098 ὧν
1406 4048 1499 4099 καὶ
1530 4049 1658 4118 περὶ
1688 4047 1818 4100 πολ-

226 4129 323 4183 λοῦ
371 4129 622 4184 τίθεσθαι
666 4132 844 4202 χρεὼν
873 4137 999 4191 τοὺς
1043 4137 1365 4200 σπουδαίους
1403 4140 1499 4202 τὰς
1530 4141 1811 4202 ὀπτασίας.

225 4224 294 4274 Δί
323 4223 379 4275 δὲ
409 4223 782 4292 ἀποκαλύψεις
822 4227 980 4291 εἰσὶν,
1006 4229 1060 4281 αἱ
1096 4230 1249 4300 παρά
1291 4233 1469 4283 πᾶσαν
1506 4231 1602 4301 τὴν
1631 4235 1820 4303 αἴσθη-

227 4331 314 4368 σιν
340 4316 622 4386 γινόμεναι
648 4317 874 4388 θεωρίαι
901 4321 1000 4389 τῆς
1026 4322 1427 4394 καθαρωτάτης
1456 4327 1550 4377 καὶ
1577 4342 1820 4394 πεφωτι-

225 4409 439 4477 σμένης
476 4408 676 4478 ψυχῆς,
729 4411 932 4474 αἵτινες
964 4411 1130 4476 ξένων
1175 4415 1337 4467 τινῶν
1367 4415 1528 4468 θείων
1559 4417 1819 4487 πραγμά-

222 4517 337 4553 των
367 4501 463 4553 καὶ
489 4502 776 4568 νοημάτων
799 4505 1025 4575 φέρουσι
1059 4505 1310 4574 δύναμιν,
1334 4512 1737 4580 κεκρυμμένων
1756 4528 1816 4565 τε

1914 649 2060 703 velut
2110 649 2503 707 immisericors
2541 655 2839 723 judicatur.
2879 658 2934 712 Si
2987 677 3116 715 vero
3165 667 3482 722 iracundam

1912 745 1964 790 et
1988 737 2251 804 invidam,
2316 743 2446 797 feris
2485 753 2539 798 et
2573 751 2859 802 venenosis
2911 759 3136 820 urgetur
3159 759 3468 825 reptilibus,

1911 844 1974 882 ac
2003 833 2308 887 terroribus
2339 845 2394 887 et
2445 833 2739 892 formidine
2769 841 3057 909 dejieitur;
3098 844 3144 898 si
3209 849 3475 902 tumidam

1911 918 2058 972 inani
2111 922 2306 989 gloria,
2357 923 2554 981 bonam
2603 927 2835 994 famam,
2884 943 3239 988 occurrentes
3295 939 3479 1006 populi

1911 1010 2123 1075 turbas,
2158 1014 2387 1069 thronos
2419 1015 2630 1084 imperii
2665 1029 2719 1074 et
2743 1021 3081 1091 principatus
3116 1026 3218 1079 sibi
3245 1028 3474 1095 cflingit.

1909 1108 1962 1151 ct
1995 1115 2056 1153 ea
2097 1116 2220 1170 qua:
2273 1105 2512 1158 nondum
2545 1117 2693 1172 Sunt,
2735 1121 2989 1180 tanquam
3031 1121 3313 1182 prarseutia
3341 1155 3358 1177 ,
3393 1119 3476 1172 vel

1911 1190 2099 1244 saltem
2133 1201 2395 1262 tanquam
2427 1197 2613 1251 futura
2644 1201 2805 1253 etiam
2831 1203 3059 1270 vigilans
3093 1207 3199 1260 sibi
3233 1209 3474 1262 exhibet.

1910 1280 1962 1333 Si
1998 1281 2234 1350 denique
2265 1291 2556 1353 superbam
2589 1299 2642 1342 et
2676 1295 2994 1360 arrogantia
3027 1297 3265 1364 plenam,
3302 1301 3477 1354 curri.

1909 1373 2009 1426 bus
2031 1374 2150 1427 vehi
2174 1374 2556 1440 fulgidissimis
2581 1381 2686 1434 sibi
2717 1381 2952 1448 videtur,
2977 1395 3031 1438 et
3054 1389 3156 1442 alis
3182 1390 3479 1458 aliquando

1909 1466 1959 1518 in
1992 1481 2172 1520 aerem
2216 1470 2424 1535 volare,
2456 1481 2511 1526 et
2559 1489 2750 1528 omnes
2804 1477 2950 1530 videt
2976 1484 3474 1546 supereminentem

1906 1572 2056 1611 suam
2112 1569 2406 1614 trementes
2455 1567 2776 1632 potentiam.
2824 1566 2916 1622 Sic
2951 1568 3110 1622 homo
3144 1571 3233 1625 Dei
3263 1587 3476 1638 amans,

1905 1650 2141 1703 colenda:
2169 1651 2388 1707 virtutis
2429 1654 2726 1720 studiosus,
2759 1658 2958 1728 dignus
3002 1660 3217 1729 pietatis
3251 1664 3476 1723 athleta,

1905 1741 2276 1811 mundamque
2319 1758 2349 1798 a
2401 1748 2628 1800 materia
2678 1763 2903 1805 servans
2941 1753 3204 1812 animam.
3241 1755 3386 1808 videt
3421 1757 3475 1809 in

1904 1834 2111 1887 Samnis
2163 1850 2344 1889 rerum
2401 1833 2706 1892 futurarum
2775 1841 2956 1897 exitus
3009 1853 3064 1896 et
3116 1844 3476 1900 revelationes

1909 1926 2230 1979 terribilium
2281 1929 2745 2006 spectaculorum,
2784 1942 2839 1986 et
2899 1936 3314 2002 expergefactus
3355 1951 3477 1989 seso

1908 2017 2264 2084 deprehendit
2321 2033 2535 2086 semper
2574 2031 2818 2076 orantem
2869 2025 2922 2077 in
2967 2027 3392 2094 compunetionc
3422 2035 3478 2082 et

1906 2106 2204 2174 tranquillo
2237 2110 2485 2177 corporis
2509 2111 2808 2180 animaeque
2847 2122 3024 2179 statu,
3056 2116 3130 2171 ita
3164 2125 3220 2169 ut
3247 2117 3473 2172 suffusa:

1907 2197 2020 2250 sint
2051 2197 2206 2263 genis
2259 2198 2383 2265 ejus
2419 2200 2694 2270 lacrymae,
2726 2213 2779 2258 et
2809 2201 2970 2259 labiis
3023 2208 3142 2275 ejus
3190 2223 3471 2265 sermones

1903 2290 1969 2341 de
2009 2287 2141 2341 Dco.

1964 2580 2056 2635 fit.
2090 2579 2164 2633 Ex
2200 2580 2286 2635 his
2340 2594 2462 2651 qua
2507 2589 2770 2652 apparent
2819 2582 2873 2636 in
2925 2596 3136 2648 somno,
3188 2585 3290 2640 alia
3337 2595 3468 2642 sunt

1898 2671 2137 2733 somnia,
2177 2672 2283 2725 alia
2314 2671 2576 2737 visiones,
2609 2681 2663 2727 et
2694 2673 2798 2727 alia
2831 2675 3215 2730 revelationes.
3247 2677 3467 2732 Somnia

1897 2770 2024 2816 sunt
2088 2775 2425 2830 quaecunque
2467 2761 2521 2814 in
2555 2769 2707 2828 parte
2741 2763 2939 2817 mentis
2980 2763 3326 2832 imaginatira
3359 2781 3466 2820 non

1898 2861 2180 2906 remanent
2232 2852 2617 2917 immutabilia,
2668 2853 2760 2906 sed
2812 2853 3068 2908 confusas
3115 2855 3467 2926 alternasque

1907 2949 1959 2994 et
1991 2941 2309 3009 frequenter
2327 2955 2389 2993 ex
2414 2941 2513 2995 hoc
2545 2943 2596 2995 in
2626 2943 2752 2996 illud
2791 2951 3026 2997 mutatas
3047 2943 3301 2998 exhibent
3333 2948 3470 3000 ima-

1899 3033 2049 3102 gines
2103 3047 2223 3086 :ex
2281 3032 2481 3100 quibus
2550 3034 2692 3086 nulla
2755 3034 3049 3102 percipitur
3116 3036 3351 3100 utilitas,
3413 3049 3468 3092 et

1911 3123 2028 3188 ipsa
2129 3122 2445 3189 imaginatio
2523 3122 2687 3176 simul
2777 3141 2898 3176 cum
2971 3140 3165 3179 somno
3244 3128 3465 3183 recedit.

1901 3210 2050 3265 lianc
2085 3211 2311 3280 proinde
2333 3220 2688 3266 contemnere
2723 3211 2913 3267 fervidi
2954 3217 3169 3270 debent.
3221 3216 3467 3272 Visiones

1903 3312 2081 3357 autem
2116 3312 2269 3368 sunt,
2303 3319 2424 3374 quae
2457 3304 2818 3360 immutabilis
2850 3318 3000 3372 sum,
3052 3325 3230 3376 neque
3258 3323 3324 3364 ex
3364 3311 3468 3363 hoc

1915 3397 1968 3449 in
2032 3396 2165 3451 illud
2213 3405 2648 3460 convertuntur,
2717 3397 2812 3452 sed
2871 3410 3154 3454 remanent
3208 3402 3470 3470 impressa

1904 3489 2069 3544 menti
2105 3500 2160 3544 et
2179 3489 2448 3544 oblivione
2479 3489 2788 3544 indelebilia
2818 3507 2915 3560 per
2950 3493 3149 3547 muitos
3197 3509 3467 3548 annorum

1903 3579 2196 3649 periodos;
2231 3587 2285 3633 et
2319 3594 2440 3648 qua
2467 3593 2652 3632 rerum
2691 3579 2995 3633 futurarqu
3053 3583 3234 3636 exitus
3274 3591 3466 3637 osten.

1902 3672 2060 3732 dunt,
2093 3676 2146 3723 et
2169 3669 2365 3722 anima:
2390 3669 2679 3724 utilitatem
2715 3685 2810 3740 per
2840 3674 3314 3739 compunctionem
3355 3683 3467 3727 ter-

1904 3760 2194 3828 ribiliaque
2258 3761 2569 3829 spectacula
2643 3772 2988 3829 procurant.
3065 3771 3118 3818 et
3191 3764 3466 3819 videntem

1903 3851 2277 3906 meditativum
2310 3865 2374 3904 ae
2418 3850 2662 3904 timidum
2706 3868 2771 3904 ex
2817 3854 2916 3906 hac
2963 3852 3287 3907 immutabili
3337 3855 3466 3906 hor-

1905 3945 2192 3998 rendorum
2247 3943 2702 4010 contemplatione
2751 3943 3004 3998 reddunt.
3057 3945 3187 4009 Qua:
3245 3946 3464 4014 quidem

1903 4037 2139 4090 visiones
2160 4034 2339 4102 magni
2406 4032 2666 4087 habendae
2704 4043 2831 4086 sunt
2858 4051 2884 4084 a
2917 4033 3267 4088 ferventibus.
3294 4035 3467 4090 lteie-

1904 4129 2136 4181 lationes
2191 4128 2420 4196 dcnique
2475 4136 2602 4181 sunt
2660 4127 2971 4194 superiores
3011 4127 3267 4180 sensibus
3331 4142 3465 4182 cou-

1905 4219 2284 4289 tcmplationcs
2320 4219 2627 4286 purissime
2671 4227 2721 4270 et
2749 4218 3061 4271 illuminata:
3100 4221 3315 4280 animus,
3351 4235 3468 4288 quae

1901 4310 2331 4365 extraordinaria
2411 4307 2705 4377 divinaque
2774 4308 3045 4377 cogitandi
3121 4317 3174 4363 et
3235 4309 3466 4364 faciendi

1903 4404 2156 4455 virtutem
2203 4399 2461 4458 afferunt,
2501 4399 2836 4453 absconditis
2912 4398 3004 4452 Dei
3055 4402 3330 4468 mysteriis
3367 4400 3469 4454 ini-

1904 4497 2066 4558 tiant,
2117 4493 2377 4546 sublimes
2409 4492 2563 4545 nobis
2613 4498 2910 4560 suggerunt
2967 4495 3294 4554 sententias,
3339 4505 3466 4546 nos-

229 4591 551 4660 μυστηρίων
590 4591 724 4644 Θεοῦ
784 4596 1177 4663 μυσταγωγίαν
1218 4599 1314 4650 καὶ
1357 4599 1611 4664 ἐκϐάσεις
1663 4600 1869 4670 μεγί-Ι)

1806 4600 1869 4652 ,ο
1902 4599 2124 4657 trosque
2175 4601 2370 4640 sensus
2426 4585 2492 4639 de
2550 4585 2841 4639 mundanis
2895 4585 3259 4653 humanisque
3299 4584 3465 4640 rebus

227 4699 372 4734 στων
422 4684 502 4745 είς
543 4685 690 4749 ἡμᾶς
739 4685 1074 4754 ὑποθέσεων,
1131 4690 1226 4742 καὶ
1271 4692 1460 4762 κοινὴν
1517 4695 1823 4763 ἐναλλαγὴν

226 4773 325 4825 ἐπὶ
359 4772 470 4824 τῶν
499 4775 786 4844 κοσμικῶν
815 4777 909 4830 καὶ
948 4779 1308 4849 ἀνθρωπίνων
1348 4785 1710 4855 πραγμάτων.

301 4861 402 4928 ξβλ
437 4862 560 4915 Τῶν
593 4865 903 4936 εἰρημένων
969 4867 1038 4920 τὰ
1073 4869 1173 4936 μὲν
1201 4871 1341 4922 είσὶν
1376 4871 1580 4925 ὑλικῶν
1610 4875 1703 4927 καὶ
1733 4893 1820 4944 φι-

226 4953 518 5024 λοσάρκων
549 4956 783 5026 ἀνδρῶν,
816 4951 894 5012 ὧν
937 4962 966 5012 ὁ
996 4958 1130 5023 Θεὸς
1161 4963 1193 5030 ἡ
1231 4962 1406 5016 κοιλία
1445 4968 1542 5018 καὶ
1594 4969 1626 5036 ὴ
1665 4967 1822 5037 ὕϐρις

224 5046 324 5099 τοῦ
359 5047 523 5118 κόρου
543 5063 557 5077 ⁶
595 5043 671 5102 ὧν
711 5050 774 5102 τδ
805 5048 1036 5122 ζοφερὸν
1073 5052 1169 5106 τοῦ
1200 5054 1340 5116 νοὸς,
1375 5057 1439 5108 ἐκ
1469 5056 1584 5126 βίου
1615 5059 1821 5128 ἠμελη-

231 5139 402 5206 μὲνου
435 5141 528 5190 καὶ
556 5141 929 5210 τετριμμένου
960 5146 1073 5207 τοῖς
1106 5144 1329 5210 πάθεσι,
1367 5148 1463 5200 καὶ
1501 5147 1593 5211 οὓς
1619 5151 1820 5218 φαντά-

228 5231 387 5293 ζουσί
435 5249 496 5284 τε
558 5235 652 5286 καὶ
697 5235 956 5298 παίζουσι
981 5236 1235 5306 δαίμονες
1274 5257 1288 5272 ο
1323 5239 1394 5292 τά
1421 5241 1476 5292 δὲ
1515 5243 1822 5296 σπουδαίων

227 5325 324 5375 καὶ
353 5322 770 5395 καθαιρομένων
802 5327 872 5379 τὰ
899 5327 1000 5394 τῆς
1030 5327 1209 5399 ψυχῆς
1237 5329 1591 5402 αἰσθητήρια,
1621 5335 1714 5386 καὶ
1733 5335 1823 5388 διὰ

228 5413 341 5466 τῶν
381 5416 675 5485 ὁρωμένων
715 5418 1196 5489 εὐεργετουμένων
1235 5423 1315 5483 είς
1366 5422 1524 5476 θείων
1561 5427 1821 5496 πραγμά-

225 5522 339 5556 των
373 5507 698 5576 κατάληψιν,
737 5510 829 5562 καὶ
863 5511 942 5574 είς
983 5512 1224 5566 ἐπίδοσιν
1285 5515 1606 5579 ἀναϐάσεως
1627 5535 1638 5547 ·
1669 5519 1736 5571 τὰ
1767 5519 1822 5571 δὲ

228 5595 478 5664 τελείων,
531 5601 626 5652 καὶ
665 5601 772 5655 ὑπὸ
823 5601 968 5656 θείου
1022 5606 1433 5677 ἐνεργουμένων
1489 5611 1817 5681 πνευματος,

232 5693 330 5746 καὶ
360 5692 660 5762 ἡνωμένων
691 5693 808 5764 Θεῷ
841 5697 906 5748 ἐκ
945 5695 1197 5764 θεολόγον
1230 5699 1431 5770 ψυχῆς.

304 5789 408 5856 ξγθ.
451 5788 528 5840 Οὐ
570 5789 788 5842 πάντων
821 5792 876 5843 αἱ
908 5791 1029 5844 καθ’
1079 5792 1280 5856 ὕπνους
1322 5795 1476 5864 ὄψεις
1530 5800 1666 5850 εἰσὶν
1694 5798 1818 5869 άλη-

236 5882 366 5947 θείς,
432 5883 553 5936 οὐδὲ
602 5886 820 5941 πάντων
865 5886 944 5956 τῷ
990 5889 1306 5959 ἡγεμονικιῇ
1346 5890 1437 5943 τοῦ
1506 5893 1619 5955 νο>.;
1670 5894 1820 5946 Ξντυ-

1906 4682 2129 4734 0u.uiuo
2165 4686 2394 4730 mutant.

1973 4876 2063 4930 62.
2128 4875 2202 4927 Ex
2237 4873 2322 4928 his
2351 4873 2418 4928 de
2448 4873 2644 4943 quibus
2694 4875 2852 4928 modo
2885 4873 3119 4928 diximus
3140 4911 3156 4938 ,
3189 4873 3290 4927 alia
3318 4888 3469 4929 corl-

1902 4978 2087 5039 petunt
2109 4967 2418 5022 hominibus
2448 4967 2690 5021 materia:
2706 4967 2967 5036 cernique
2990 4967 3214 5030 deditis,
3233 4982 3466 5036 quorum

1906 5063 2042 5115 deus
2066 5068 2262 5112 venter
2290 5069 2373 5112 est
2405 5067 2457 5113 ct
2482 5058 2832 5127 opprobrium
2875 5058 3197 5118 saturitatis,
3231 5071 3464 5126 quorum

1907 5152 2074 5207 menti
2135 5151 2424 5221 caliginem
2483 5151 2592 5203 vita
2619 5151 2893 5220 negligens
2968 5150 3470 5219 cupiditatibusque

1901 5245 2026 5297 trita
2045 5241 2297 5303 offundit,
2317 5255 2455 5310 quos
2485 5243 2810 5310 imaginibus
2826 5251 2880 5295 et
2897 5242 3243 5296 illusionibus
3275 5241 3468 5295 fallunt

1900 5335 2210 5398 daemones;
2239 5333 2342 5385 alia
2367 5347 2495 5386 vero
2519 5332 2586 5385 iis
2603 5334 2694 5399 qui
2718 5333 2945 5386 studiosi
2977 5341 3183 5387 suntet
3213 5332 3468 5386 sensibus

1903 5430 2094 5479 animm
2125 5425 2270 5492 puri,
2300 5432 2354 5476 et
2387 5437 2478 5490 per
2541 5423 2778 5476 visibilia
2831 5425 3121 5492 proficiunt
3167 5423 3235 5476 ad
3283 5436 3464 5477 rerum

1900 5521 2208 5570 divinarum
2249 5515 2669 5581 intelligentiam
2708 5525 2759 5570 et
2814 5515 3152 5569 ascensionis
3209 5527 3467 5582 augmen-

1902 5619 2052 5671 tutu;
2102 5607 2204 5659 alia
2235 5605 2471 5675 denique
2530 5605 2812 5674 perfectis,
2865 5606 2959 5673 qui
2985 5604 3172 5659 divino
3225 5613 3468 5672 aguntur

1901 5698 2128 5768 Spiritu,
2157 5698 2447 5766 animaque
2487 5697 2730 5766 theologa
2760 5697 2868 5751 Deo
2902 5706 3030 5750 sunt
3058 5696 3216 5751 uniti.

1973 5792 2059 5844 63.
2101 5788 2218 5843 Non
2267 5788 2512 5843 omnium
2563 5789 2804 5842 visiones
2866 5803 2960 5857 per
2993 5802 3242 5842 somnum
3295 5801 3464 5856 appa-

1901 5893 2083 5942 rentes
2113 5891 2242 5938 sunt
2273 5895 2433 5945 verre,
2472 5895 2570 5937 nec
2595 5881 2836 5936 omnium
2878 5883 2932 5936 in
2981 5880 3228 5934 rationali
3267 5880 3463 5934 mentis
