4202 6450
750 384 848 451 93,
1982 374 2276 437 NiCET/E
2307 374 2728 439 PECTORATI
3879 384 3995 447 932

748 506 904 569 parte
952 493 1359 563 imprimuntur,
1411 490 1504 543 sed
1564 489 1778 543 illorum
1834 487 2179 542 solummodo
2227 486 2318 555 qui

2415 493 2658 547 τοῦνται·
2689 491 2823 546 ἀλλὰ
2855 490 3034 561 μόνων
3058 491 3287 547 ἐκείνων
3305 489 3411 542 τῶν
3445 489 3874 562 κεκαθαρμένων
3903 494 3997 543 τὸν

750 591 995 643 animum
1043 599 1204 639 suum
1261 584 1684 645 mandaverunt,
1720 594 2026 649 sensusque
2070 579 2324 633 fecerunt

2415 582 2542 644 γοῦν,
2591 582 2683 634 καὶ
2715 580 3141 650 τετρανωμένων
3173 581 3241 634 τι
3282 580 3613 653 αἰσθητήρια
3648 583 3750 652 τῆς
3786 582 3992 653 ψυχῆς.

751 681 1001 747 lucidos,
1057 689 1111 733 et
1135 678 1536 747 adphysicam
1593 675 1962 728 ascenderunt
2016 671 2320 731 theoriam,

2415 675 2491 729 ιαί
2525 675 2661 746 πρὸς
2700 673 2937 743 φυσικὴν
2970 672 3396 743 ἁναδραμὸντων
3428 672 3667 745 θεωρίαν
3687 691 3701 705 ο
3738 668 3816 728 ὧν
3840 675 3996 727 οῦδε-

747 775 948 843 quibus
974 772 1122 826 nulla
1152 784 1283 823 cura
1313 778 1399 824 est
1430 770 1495 823 de
1528 767 1691 822 rebus
1730 766 1797 818 ad
1862 765 2026 818 vitam
2079 762 2322 816 attinen-

748 869 923 925 tihus,
967 877 1067 917 nec
1112 863 1218 917 ulla
1256 861 1325 915 de
1365 861 1471 913 vita
1526 858 1777 929 praesenti
1814 853 2148 915 sollicitudo,
2183 869 2323 925 quos

752 961 912 1025 longa
940 955 1148 1025 jejunis
1194 954 1260 1006 ad
1313 952 1680 1007 universalem
1742 950 2083 1003 deduxerunt
2115 957 2323 1015 tempe-

751 1050 1012 1110 rantiam,
1037 1046 1237 1115 quibus
1264 1048 1491 1099 sudores
1509 1044 1832 1111 laboresque
1857 1055 1949 1109 pro
1974 1040 2082 1094 Deo
2105 1038 2321 1093 tolerati

754 1141 1146 1195 habitationem
1188 1143 1523 1207 paraverunt
1554 1137 1607 1190 in
1644 1133 1956 1188 sanctuario
1985 1130 2101 1209 Dei,
2134 1133 2182 1185 id
2217 1141 2322 1197 est,

755 1234 810 1287 in
846 1233 1085 1288 sciencia
1110 1246 1289 1286 rerum
1321 1246 1447 1285 cum
1473 1229 1738 1300 sapientia
1768 1228 2061 1297 superiori,
2089 1242 2321 1297 quorum

754 1326 864 1377 vita
895 1325 1135 1393 angelica
1166 1332 1221 1377 et
1253 1320 1573 1375 abscondita
1626 1320 1679 1373 in
1709 1321 1815 1373 Deo
1844 1327 1948 1381 est,
1990 1319 2081 1387 qui
2112 1333 2142 1370 e
2170 1331 2322 1369 sacra

754 1432 887 1486 pace
928 1416 1202 1486 progressi
1240 1414 1606 1469 ascenderunt
1642 1412 1706 1465 ad
1738 1411 2150 1465 similitudinem
2200 1425 2328 1479 pro-

754 1508 1038 1575 phetarum
1076 1505 1335 1560 Ecclesia:
1388 1506 1498 1567 Dei,
1538 1504 1607 1559 de
1642 1505 1841 1574 quibus
1872 1504 1925 1556 in
1964 1501 2150 1573 Moyse
2191 1501 2326 1555 dixit

755 1598 898 1651 Deus
938 1613 952 1651 :
1006 1616 1025 1648 ι
1062 1596 1118 1651 Si
1167 1599 1293 1668 quis
1352 1597 1514 1650 fuerit
1561 1597 1702 1651 inter
1757 1610 1850 1649 vos
1884 1596 2168 1665 prepheta,
2221 1609 2317 1664 per

756 1701 1010 1741 somnum
1058 1688 1344 1755 apparebo.
1377 1688 1451 1751 ei,
1479 1698 1533 1740 et
1584 1688 1636 1740 in
1671 1688 1881 1741 visione
1922 1688 2114 1753 loquar
2169 1688 2234 1740 ad
2267 1686 2329 1739 ιι.

760 1779 870 1832 Ιιιιι.
906 1779 974 1834 ⁸ο.
1013 1797 1032 1827 ι
1068 1778 1130 1833 Et
1157 1780 1213 1833 in
1241 1778 1357 1833 Joel
1391 1798 1405 1835 :
1444 1799 1461 1831 ι
1504 1780 1566 1833 Ει
1596 1781 1701 1833 erit
1744 1790 1865 1848 post
1897 1781 2027 1844 hac,
2058 1779 2325 1833 cll‘undam

759 1871 830 1924 de
884 1869 1093 1939 Spiritu
1150 1885 1273 1925 meo
1313 1886 1478 1941 super
1516 1885 1734 1923 omnem
1787 1884 2033 1935 carnem,
2096 1881 2151 1923 et
2208 1885 2330 1939 pro-

763 1964 1064 2031 phetahunt
1119 1964 1212 2017 lilii
1276 1964 1442 2018 vestri
1481 1971 1535 2017 et
1565 1962 1687 2017 lilire
1747 1972 1959 2027 vestrae,
2009 1970 2063 2017 et
2090 1962 2334 2016 seniores

769 2056 935 2107 vestri
955 2055 1165 2107 somnia
1199 2055 1408 2109 somnia
1419 2057 1572 2120 bunt,
1588 2064 1642 2110 et
1659 2055 1889 2123 juvenes
1908 2054 2072 2107 vestri
2092 2055 2333 2109 visiones

762 2147 1024 2201 videbunt
1048 2148 1111 2200 “.
1147 2167 1165 2200 ι

833 2240 923 2295 6L
953 2242 1345 2311 Tranquillitas
1376 2254 1459 2298 est
1484 2251 1659 2296 status
1693 2243 1857 2297 animi
1880 2244 2329 2314 imperturoatus,

762 2351 1018 2392 serenum
1053 2337 1237 2390 libera:
1273 2346 1328 2391 et
1378 2337 1703 2393 exsultantis
1739 2338 1954 2403 animm,
1992 2354 2085 2394 cor
2130 2340 2183 2393 in
2224 2338 2333 2395 Deo

763 2429 1068 2485 stabilitum
1130 2429 1250 2484 sine
1302 2428 1522 2483 turbine
1572 2444 1636 2484 ac
1686 2438 2039 2499 tempestate,
2104 2432 2333 2487 scientia

764 2520 1152 2590 mysteriorum
1182 2520 1303 2586 Dei,
1332 2536 1513 2577 sermo
1546 2523 1828 2593 sapientiae
1857 2538 1920 2577 ex
1956 2538 2092 2593 puro
2125 2524 2332 2591 animo,

762 2616 996 2685 abyssus
1042 2616 1435 2685 cogitationum
1472 2615 1590 2681 Dei,
1634 2618 1833 2672 mentis
1863 2619 2121 2683 exstasis,
2173 2619 2333 2674 l’ami-

766 2707 975 2761 liaritas
1033 2721 1157 2761 cum
1209 2707 1342 2771 Deo,
1378 2709 1577 2763 oculus
1622 2708 1785 2779 vigil,
1819 2709 1999 2762 oratio
2057 2710 2332 2773 mentalis,

761 2813 957 2868 expers
983 2799 1183 2855 laboris
1202 2802 1255 2855 in
1281 2801 1491 2870 magnis
1517 2801 1799 2857 laboribus
1814 2802 1992 2872 quies,
2023 2816 2087 2857 ac
2110 2800 2330 2857 demum

762 2893 893 2945 unio
934 2900 988 2945 et
1017 2890 1256 2945 societas
1285 2906 1408 2945 eum
1444 2890 1575 2947 Deo.

832 2979 923 3034 65.
951 2979 1200 3045 Quandiu
1238 2982 1416 3035 anima
1448 2980 1622 3035 divisa
1670 2988 1755 3036 est
1811 2990 1998 3037 contra
2049 2982 2328 3052 seipsam,

766 3071 887 3126 sine
935 3072 1129 3127 ordine
1172 3086 1398 3127 movens
1454 3087 1582 3128 snas
1619 3072 1945 3138 facultates,
1983 3082 2038 3129 et
2090 3074 2332 3129 nondum

2365 1827 2403 1880 Β

2401 766 2500 836 μία
2531 767 2758 837 φροντὶς
2791 766 3139 836 πραγμάτων
3166 765 3459 835 βιωτικῶν,
3481 768 3603 820 οὐδὲ
3631 785 3713 830 τις
3745 768 3995 839 μέριμνα

2399 858 2496 928 τῆς
2546 857 2830 927 παρούσης
2865 855 3043 925 ζωῆς·
3078 850 3154 910 ὧν
3186 856 3244 909 αί
3289 859 3502 929 μακραὶ
3536 858 3746 911 άσιτίαι
3777 861 3859 922 είς
3891 877 3993 911 πε-

2403 952 2684 1021 ριεκτικὴν
2725 949 3055 1021 ἐγκράτειαν
3098 948 3372 1019 ἔστησαν
3406 952 3503 1003 καὶ
3555 951 3603 1003 οί
3660 951 3803 1005 κατᾶ
3860 952 3997 1004 Θεὸν

2401 1044 2627 1114 ίδρῶτες
2659 1045 2755 1097 καὶ
2799 1044 2973 1103 πόνοι,
3010 1050 3090 1106 είς
3118 1043 3182 1095 τὸ
3209 1044 3567 1113 άτιαστήριον
3602 1043 3694 1096 τοῦ
3729 1043 3869 1096 Θεοῦ

2401 1136 2604 1205 γνῶσιν
2634 1135 2744 1187 τῶν
2788 1135 2958 1188 ὄντων
2990 1134 3052 1186 τὸ
3087 1134 3380 1204 κατάλυμα
3414 1129 3573 1205 εὗρον
3628 1136 3766 1205 μετὰ
3798 1137 3995 1204 σοορίας

2400 1229 2501 1299 τῆς
2549 1229 2891 1299 κρείττονος⁸
2935 1221 3009 1279 ὧν
3042 1228 3071 1279 ὀ
3125 1226 3241 1296 βίος
3294 1227 3587 1296 ἀγγελικὸς
3644 1228 3743 1280 καὶ
3797 1231 3832 1298 ἡ
3880 1229 3995 1293 ζωὴ

2403 1321 2498 1373 νῦν
2533 1319 2685 1389 παρὰ
2726 1318 2847 1385 Θεῷ
2894 1318 3222 1395 κέκρυπται,
3275 1319 3369 1371 καὶ
3402 1321 3435 1390 ή
3468 1320 3721 1389 προκοπὴ
3750 1321 3809 1384 ἐξ
3843 1321 3996 1390 ἱερᾶς

2403 1411 2633 1483 ἡσυχίας
2665 1412 2745 1473 εἰς
2777 1398 3271 1481 βάσιν³προφητῶν
3297 1411 3396 1481 τῆς
3441 1410 3533 1463 τοῦ
3566 1411 3703 1464 Θεοῦ
3752 1413 3995 1483 Ἐκκλη-

2409 1506 2530 1568 σίας
2583 1503 2782 1573 ἀνέϐη·
2825 1506 2951 1574 περὶ
3004 1497 3081 1557 ὧν
3131 1504 3222 1556 καὶ
3265 1505 3322 1556 ἐν
3370 1506 3578 1575 Mariis?)
3622 1505 3927 1574 λελάληκεν
3968 1510 3997 1558 ὁ

2405 1594 2570 1658 Θεόςο
2619 1614 2638 1646 ι
2692 1595 2820 1650 Ἐὰν
2864 1596 3089 1664 γένηται
3130 1597 3412 1665 προφήτης
3445 1598 3502 1647 ἐν
3546 1597 3695 1666 ὑμῖν,
3736 1599 3795 1649 ἐν
3841 1597 3996 1666 ῦπνῳ

2406 1689 2715 1758 ὀφθήσομαι
2745 1687 2915 1756 αὐτῷ,
2952 1688 3045 1740 καί
3083 1690 3140 1739 ἐν
3170 1688 3409 1758 ὁράματι
3454 1688 3672 1760 λαλήσω
3713 1689 3857 1759 πρὸς
3900 1692 3995 1743 αὖ·

2408 1778 2521 1830 τόν.
2555 1796 2573 1829 ι
2604 1777 2713 1829 Καὶ
2738 1778 2793 1827 ἐν
2833 1776 2989 1845 Ἰωήλ
3008 1792 3023 1806 ·
3061 1793 3080 1827 ι
3118 1776 3228 1828 Καὶ
3255 1776 3409 1828 ἔσται
3435 1778 3572 1845 μετὰ
3596 1776 3793 1841 ταῦτα,
3818 1778 3997 1847 ἐκχεῶ

2408 1871 2517 1923 ἀπὸ
2553 1867 2647 1921 τοῦ
2682 1869 2999 1938 Πνεῦματός
3028 1884 3139 1937 μου.
3164 1868 3255 1920 ἐπὶ
3278 1869 3459 1921 πᾶσαν
3486 1869 3688 1938 σάρκα,
3723 1870 3822 1922 καὶ
3859 1887 3993 1939 προ-

2410 1960 2768 2033 φητεύσουσιν
2809 1964 2856 2013 οί
2901 1961 3009 2013 υἱοὶ
3040 1960 3213 2030 ὑμῶν,
3255 1960 3351 2013 καὶ⁸
3396 1962 3452 2013 αἱ
3484 1960 3789 2033 θυγατέρες
3819 1963 3994 2030 ὑμῶν,

2410 2055 2505 2106 καὶ
2532 2054 2581 2105 oi.
2614 2051 2977 2121 πρεσϐύτεροι
3019 2048 3174 2120 ὑμῶν
3217 2049 3773 2121 ἐνυπνιασθήτονται,
3822 2051 3921 2103 καὶ
3952 2054 3996 2103 οἱ

2412 2142 2685 2196 νεανίσκοι
2717 2140 2872 2213 ὑμῶν
2896 2140 3119 2210 ὁράσεις
3137 2139 3383 2209 ὄψονται.
3424 2159 3443 2192 ι

2483 2233 2576 2301 ξδ’.
2621 2234 2849 2304 Ἡσυχία
2910 2234 3028 2287 ἐστὶ
3072 2232 3191 2296 νοὸς
3235 2234 3573 2295 κατάστασις
3612 2222 3996 2304 ἀνενόχλητος,

2413 2328 2619 2397 γαλήνη
2662 2326 2977 2395 ἐλευθερίας
3018 2325 3112 2379 καὶ
3143 2325 3566 2397 άγαλλιωμένης
3604 2326 3808 2396 ψυχῆς.
3859 2344 3996 2397 καρ-

2411 2418 2531 2482 δίας
2586 2419 2644 2469 ἐν
2671 2415 2791 2488 Θεῷ
2854 2416 3012 2486 βάσις
3058 2416 3331 2487 ἀτάραχος
3360 2419 3453 2469 καὶ
3489 2417 3831 2487 ἁκύμαντος,
3864 2419 3999 2471 θεω-

2415 2512 2509 2581 ρία
2547 2509 2746 2579 φωτὸς,
2783 2510 2986 2578 γνῶσις
3030 2510 3169 2564 Θεοῦ
3222 2512 3563 2583 μυστηρίων,
3596 2511 3755 2580 λόγος
3810 2513 4000 2580 σοςίας

2412 2603 2479 2656 ἐκ
2512 2602 2757 2673 καθαρᾶς
2800 2602 3061 2666 διανοίας,
3112 2602 3350 2668 ἄϐυσσος
3378 2604 3669 2674 νοημάτων
3702 2603 3870 2664 Θεοῦ,
3901 2607 3998 2674 ἁρ-

2414 2694 2567 2765 παγὴ
2600 2695 2739 2759 νοὸς,
2769 2695 2957 2765 ὁμιλία
2981 2695 3141 2760 Θεοῦ,
3174 2697 3476 2766 ἀκοίμητος
3501 2696 3806 2765 ὀφθαλμὸς,
3840 2715 4003 2767 προσ-

2416 2787 2549 2857 ευχὴ
2579 2788 2765 2857 νοερὰ,
2795 2787 2997 2851 ἄπονος
3027 2789 3085 2841 ἐν
3121 2788 3306 2851 πόνοις
3357 2789 3615 2858 μεγάλοις
3649 2789 3965 2850 ἀνάπαυσις
3985 2806 3999 2819 ·

2418 2881 2513 2933 καὶ
2537 2880 2689 2942 τέλος
2713 2880 2907 2944 ἓνωσις
2934 2883 3075 2951 μετὰ
3100 2882 3237 2936 Θεοῦ
3270 2884 3364 2936 καὶ
3395 2884 3686 2952 συνάφεια.

2492 2967 2583 3036 ξε’.
2616 2969 2828 3039 Μέχρις
2869 2971 2902 3039 ἡ
2950 2969 3096 3041 ψυχὴ
3130 2971 3399 3044 στασιάζει
3444 2972 3566 3025 καθ’
3604 2974 3834 3045 ἑαυτήν,
3882 2974 4009 3028 ἀτά-

2419 3076 2561 3123 κτως
2587 3060 2929 3129 κινουμένων
2957 3060 3131 3129 αὐτῆς
3152 3060 3262 3114 τῶν
3277 3062 3578 3132 δυνάμεων,
3607 3066 3705 3117 καὶ
3720 3066 3883 3120 οῦπω
3900 3084 4002 3137 χω·

763 3176 935 3231 capax
1000 3169 1082 3215 est
1134 3162 1441 3216 divinorum
1498 3164 1797 3231 radiorum,
1860 3181 1960 3221 nec
2022 3165 2329 3222 libertatem

2422 3151 2620 3222 ρητικὴ
2650 3153 2845 3218 γέγονε
2896 3152 3005 3206 τῶν
3036 3152 3199 3206 θείων
3229 3156 3486 3219 ἀκτίνων,
3518 3155 3640 3209 οὐδὲ
3688 3157 4006 3228 ἐλευθερίας

765 3252 962 3304 meruit
982 3266 1011 3305 a
1038 3253 1299 3307 servitute
1314 3254 1550 3308 carnalis
1570 3269 1791 3315 sensus.
1817 3271 1917 3311 nec
1944 3271 2078 3326 pace
2102 3256 2328 3324 fruitur,

764 3344 892 3412 quia
938 3354 1188 3399 reccnter
1235 3346 1289 3399 in
1329 3361 1390 3400 ea
1449 3350 1682 3401 cessavit
1720 3347 2016 3403 inl'renium
2050 3350 2331 3420 cupidita-

766 3442 881 3486 tum
913 3448 1116 3504 pugna,
1159 3436 1329 3489 multo
1359 3436 1562 3505 indiget
1613 3438 1835 3492 silentio
1880 3439 2156 3505 laborum,
2194 3447 2334 3495 utet

766 3524 884 3591 ipsa
923 3527 1068 3578 dicat
1121 3542 1246 3580 eum
1303 3526 1505 3582 Davide
1549 3546 1563 3581 :
1614 3546 1633 3580 ι
1673 3528 1787 3598 Ego
1827 3541 2009 3584 autem
2070 3541 2331 3601 tanquam

765 3616 968 3672 surdus
1029 3633 1137 3671 non
1187 3619 1510 3685 audiebam,
1549 3629 1607 3675 et
1658 3630 1920 3692 tanquam
1983 3633 2170 3680 mutus
2223 3640 2333 3680 non

764 3706 1022 3773 aperiens
1070 3721 1133 3760 os
1167 3722 1321 3761 suum
1359 3709 1425 3760 “.
1466 3726 1483 3759 ι
1517 3708 1743 3780 Semper
1775 3720 1955 3765 autem
1996 3728 2221 3769 necesse
2254 3724 2338 3769 est

765 3804 826 3849 nt
879 3796 967 3849 illa
1006 3797 1177 3852 tristis
1217 3813 1281 3853 ac
1330 3808 1527 3854 maesta
1584 3811 1867 3871 percurrat
1915 3803 2055 3857 viam
2112 3810 2338 3860 manda.

766 3894 950 3941 torum
989 3886 1102 3949 Dei,
1142 3889 1210 3943 ab
1243 3892 1463 3945 inimico
1495 3893 1777 3955 tribulata,
1818 3902 1871 3948 et
1901 3905 2179 3964 exspectet
2206 3898 2337 3952 visi~

769 3981 1032 4032 tationem
1056 3979 1342 4043 l’aracleti,
1363 3998 1457 4050 per
1482 3999 1640 4051 quem
1661 3996 1987 4054 compnucta
2013 3997 2067 4041 et
2087 3987 2338 4059 lacrymls

770 4070 981 4127 abluta.
1014 4086 1197 4124 veram
1238 4082 1614 4143 consequetur
1648 4075 1984 4130 libertatem.

840 4246 930 4301 66.
974 4247 1107 4301 Cum
1158 4251 1204 4302 is
1257 4251 1348 4320 qui
1385 4252 1438 4304 in
1474 4267 1609 4321 pace
1656 4256 1762 4308 mel
1805 4256 2066 4313 virtutum
2097 4254 2339 4326 conficit,

768 4338 980 4395 vilitate
1009 4341 1192 4395 carnis
1221 4346 1472 4411 superior
1515 4345 1691 4401 lactus
1718 4357 1803 4403 est
1850 4365 1947 4419 per
1985 4351 2343 4422 philosophice

772 4443 995 4497 agones,
1033 4440 1089 4484 et
1111 4432 1176 4485 ad
1209 4434 1455 4489 ordinent
1486 4448 1696 4491 natura:
1724 4454 1853 4495 suas
1891 4443 2133 4496 restituit
2162 4444 2336 4498 l'acul-

773 4530 914 4575 tates
972 4523 1175 4591 rejecta
1247 4528 1536 4596 superbia,
1596 4541 1647 4585 et
1679 4546 1849 4601 capax
1911 4544 1995 4589 est
2058 4539 2334 4593 radiorum

774 4613 1019 4680 spiritus,
1082 4617 1247 4669 corde
1297 4618 1551 4689 lacrymis
1625 4624 1943 4691 purilieato,
1999 4636 2054 4679 et
2109 4630 2336 4686 vivilicaz

776 4704 1207 4760 mortillcationis
1228 4708 1427 4764 Christi
1460 4711 1921 4783 incorruptionem
1949 4718 2147 4785 induit,
2176 4731 2337 4792 atque

774 4795 1156 4865 Paracletum,
1218 4803 1270 4855 in
1320 4806 1606 4860 etenaculo
1659 4812 2074 4875 tranquillitatis
2105 4816 2332 4879 sedens,

771 4904 901 4943 cum
953 4890 1125 4960 ignita
1163 4894 1348 4963 lingua
1379 4904 1434 4950 et
1496 4898 1612 4967 ipse
1664 4902 1928 4969 suscepit,
1992 4914 2121 4959 tunc
2185 4909 2332 4977 loqui

778 4981 946 5037 libere
974 4987 1243 5054 Inagualia
1272 4987 1365 5042 Dei
1400 4989 1582 5056 debet,
1611 4999 1665 5046 et
1700 4993 1753 5046 in
1789 4992 2031 5050 Ecclesia
2070 5013 2261 5069 magna
2294 5001 2339 5031 “

769 5076 1041 5145 justitiam
1070 5079 1191 5147 ejus
1219 5082 1565 5146 annuntiare,
1618 5085 1844 5151 perinde
1891 5102 1957 5141 ac
1994 5089 2040 5141 si
2074 5091 2126 5143 in
2156 5092 2339 5144 medio

772 5176 963 5223 ventre
1009 5172 1313 5239 susceperit
1362 5173 1533 5243 legum
1590 5175 1877 5245 Spiritus:
1911 5190 1970 5235 ut
2014 5197 2143 5244 non,
2198 5183 2335 5238 sicut

774 5274 970 5315 servus
1005 5262 1092 5315 ille
1130 5278 1365 5332 nequam
1398 5268 1490 5337 qui
1539 5270 1806 5323 talentum
1852 5274 1936 5326 sui
1967 5273 2175 5329 domini
2206 5276 2335 5332 abs-

773 5350 1056 5417 conderat,
1092 5354 1148 5409 in
1181 5356 1362 5426 ignem
1424 5358 1717 5428 dejiciatur
1750 5368 2034 5417 mternum.
2070 5364 2159 5420 Sic
2191 5371 2334 5421 enim

773 5447 890 5515 ipse
941 5446 1110 5501 David
1163 5464 1195 5503 a
1249 5461 1471 5520 peccato
1521 5452 1739 5507 ablutus
1792 5470 1888 5523 per
1935 5458 2333 5525 ptnnitentiam,

775 5546 1097 5606 recuperato
1134 5542 1431 5610 prophetiae
1485 5543 1651 5607 dono,
1692 5551 1950 5614 tanquam
2008 5562 2116 5601 non
2153 5549 2339 5605 valens

774 5632 983 5681 tantum
1024 5632 1305 5687 occultare
1354 5632 1701 5698 beneﬁcium,
1754 5635 1968 5691 dicebat
2009 5639 2075 5692 ad
2116 5638 2283 5695 Deum
2323 5661 2336 5694 :

843 5812 891 5844 συ
920 5808 1080 5867 Num.
1110 5827 1209 5879 xu,
1240 5814 1293 5868 6.
1373 5818 1412 5848 ⁶¹
1440 5816 1555 5870 Joel
1584 5833 1641 5880 ιι,
1686 5819 1773 5872 28.

1855 5822 1899 5854 "
1948 5818 2094 5875 Psal.
2147 5835 2356 5884 XXXVII,
2406 5821 2488 5874 li.

2419 3242 2629 3313 ⁴ἠξιώθη
2658 3245 2759 3314 τῆς
2804 3244 3050 3307 δουλείας
3080 3244 3174 3298 τοῦ
3231 3249 3581 3316 φρονήματος
3622 3248 3726 3317 τῆς
3782 3250 4005 3318 σαρκὸς,

2418 3337 2541 3390 οὐδὲ
2594 3337 2822 3407 εἰρήνης
2872 3338 3213 3406 ἀπήλαυσεν,
3262 3341 3390 3409 ἄρτι
3434 3340 3697 3409 λήξαντος
3732 3342 3879 3412 αὐτῇ
3916 3342 4006 3395 τοῦ

2421 3426 2659 3496 πολέμου
2691 3428 2803 3481 τῶν
2831 3427 3158 3482 ἀκαθέκτων
3185 3429 3398 3493 παθῶν,
3427 3431 3630 3501 πολλῆς
3663 3432 3851 3485 δέεται
3884 3451 4003 3485 σιω-

2420 3519 2531 3588 πῆς
2560 3519 2671 3572 τῶν
2700 3521 2947 3589 χειλέων,
2982 3521 3057 3584 ὡς
3082 3522 3261 3590 λέγειν
3291 3523 3385 3576 καὶ
3413 3524 3584 3593 αὐτὴν
3612 3527 3753 3594 μετᾶ
3782 3525 3879 3579 τοῦ
3911 3530 4007 3578 Δα-

2420 3610 2533 3663 ϐίδ’
2566 3629 2583 3660 ι
2608 3611 2751 3678 Ἐγὼ
2772 3611 2830 3664 δὲ
2860 3611 2993 3665 ὡσεὶ
3019 3613 3203 3682 κωςςσὸς
3231 3613 3331 3667 οὐκ
3352 3614 3572 3683 ἢκουον,
3599 3618 3694 3669 καὶ
3716 3615 3853 3669 ὡσεὶ
3888 3617 4011 3671 ἄλα-

2420 3701 2510 3763 λος
2543 3702 2642 3754 οὐκ
2669 3703 2904 3771 ἀνοίγων
2933 3705 2992 3757 τὸ
3017 3705 3193 3777 στόμα
3223 3705 3415 3761 αὐτοῦ.
3458 3724 3478 3757 ι
3529 3708 3642 3759 Ἀεὶ
3673 3708 3734 3760 δέ
3757 3709 4008 3780 σκυθρω-

2422 3793 2529 3863 πὴν
2556 3790 2698 3847 εἶναι
2729 3795 2830 3873 δεῖ,
2862 3795 2956 3849 καὶ
2990 3796 3228 3867 στυγνὴν
3261 3796 3590 3866 πορεύεσθαι
3621 3800 3725 3867 τὴν
3754 3802 3876 3853 ese-1
3906 3803 4009 3853 τῶν

2422 3884 2650 3938 ἐντολῶν
2680 3885 2773 3940 τοῦ
2804 3887 3064 3957 Χριστοῦ,
3106 3889 3165 3941 ἐν
3200 3887 3278 3958 τῷ
3324 3889 3608 3943 θλίϐεσθαι
3644 3892 3751 3945 ὑπὸ
3784 3892 3883 3945 τοῦ
3927 3895 4013 3963 ἐχ·

2422 3977 2575 4048 θροῦ,
2612 3979 2706 4032 καὶ
2743 3979 3037 4047 ἀναμένειν
3085 3980 3184 4051 τὴν
3232 3981 3529 4050 ἐπιδημίαν
3574 3982 3667 4036 τοῦ
3719 3985 4014 4056 Παρακλή-

2422 4086 2550 4121 του’
2585 4069 2653 4121 δι’
2708 4065 2769 4122 οἶ)
2804 4070 2979 4140 ταύτῃ
3024 4073 3498 4143 κατανυσσομένῃ,
3548 4075 3643 4127 καὶ
3696 4076 4011 4146 πλυντμένῃ

2425 4163 2535 4223 τοὶς
2561 4161 2851 4231 δακρυσιν,
2888 4165 2921 4231 ἡ
2952 4163 3121 4225 ὅντως
3153 4163 3439 4233 ἐλευθερία
3465 4165 3923 4235 ἐπιϐραϐεὐεται.

2492 4253 2598 4320 ξς’.
2642 4256 2913 4327 Ὀπηνίκα
2955 4257 2983 4309 ὁ
3039 4258 3098 4308 ἐν
3142 4258 3345 4329 ἠσυχίᾳ
3376 4258 3437 4311 τὸ
3484 4258 3607 4328 μέλι
3642 4260 3756 4314 τῶν
3802 4263 4015 4329 ἀρετῶν

2421 4347 2813 4418 ἐργαζόμενος,
2875 4349 3134 4419 ὑπεράνω
3193 4353 3294 4420 τῆς
3348 4352 3739 4416 ταπεινώσεως
3786 4357 4013 4421 γένηται

2422 4440 2523 4508 τῆς
2553 4441 2757 4512 σαρκὸς
2790 4441 2849 4505 ἐξ
2878 4442 3109 4507 ἀγώνων
3145 4442 3491 4509 φιλοσοφίας,
3534 4445 3633 4496 καὶ
3659 4445 3744 4508 είς
3783 4447 3848 4498 τὺ
3876 4447 4015 4499 κατά

2422 4532 2584 4601 φύσιν
2616 4532 2747 4605 ἔλθῃ
2775 4534 2845 4588 τὰ
2876 4533 2987 4586 τῶν
3035 4533 3326 4606 δυνάμεων
3356 4533 3524 4587 αὐτοῦ
3575 4535 3675 4605 τῆς
3716 4536 3901 4606 ψυχῆς
3951 4541 4013 4589 ἐκ

2421 4623 2907 4693 καταϐεϐλημένου
2952 4626 3325 4695 φρονήματος,
3375 4626 3601 4697 χωρήσῃ
3632 4643 3691 4679 τε
3726 4630 3830 4689 τὰς
3863 4630 4017 4681 ἀκτίς

2422 4734 2518 4779 νας
2550 4714 2643 4769 τοῦ
2676 4715 3012 4785 Πνεύματος,
3051 4716 3287 4787 δάκρυσι
3322 4718 3623 4788 καθαρθεὶς
3656 4718 3755 4789 τὴν
3786 4720 4019 4789 καρδίαν

2423 4811 2517 4861 καὶ
2565 4808 2665 4873 τῆς
2716 4807 2987 4872 ζωοποιοῦ
3018 4808 3341 4879 νεκρώσεως
3366 4810 3462 4863 τοῦ
3506 4810 3750 4879 Χριστοῦ
3782 4813 3885 4882 τὴν
3947 4813 4017 4866 ἀ-

2425 4900 2699 4970 φθαρσίαν
2722 4900 3035 4971 ἐνδύσηται,
3061 4902 3161 4955 καὶ⁵
3182 4902 3275 4955 τὸν
3299 4901 3687 4975 Παράκλητον,
3705 4905 3864 4974 ἐντῷ
3882 4906 4016 4958 ὑπε-

2431 4991 2554 5063 ρῴῳ
2576 4992 2929 5063 τῆςήσυχίας
2963 4992 3355 5064 καθεζόμενος,
3392 4995 3532 5065 μετά
3566 4996 3805 5066 πυρίνης
3840 4998 4019 5065 γλώτ-

2424 5100 2524 5154 της
2581 5088 2676 5139 καὶ
2727 5086 2890 5149 αὐτὸς
2956 5085 3307 5155 ὑποδέξηται,
3365 5087 3670 5158 τηνικαῦτα
3723 5089 3912 5144 λαλεῖν
3964 5094 4018 5144 ἐν

2426 5178 2710 5249 παρρησίᾳ
2738 5179 2807 5232 τὰ
2846 5179 3111 5250 μεγαλεῖα
3159 5181 3253 5233 τοῦ
3299 5179 3436 5234 Θεοῦ
3485 5187 3788 5252 χρεωστεῖ,
3839 5186 3936 5237 καὶ
3962 5186 4020 5239 ἐν

2439 5270 2736 5341 Ἐκκλησία
2766 5273 2981 5346 μεγάλῃ
3007 5272 3107 5342 τὴν
3145 5273 3497 5344 δικαιοσύνην
3523 5275 3693 5330 αὐτοῦ
3726 5277 4022 5345 εὐαγγελί-

2424 5363 2638 5428 ζεσθαι,
2671 5364 2747 5428 ὡς
2771 5366 2829 5418 ἐν
2858 5366 3009 5436 μέσῳ
3040 5366 3139 5435 τῆς
3161 5366 3371 5429 κοιλίας
3399 5366 3693 5436 δεξάμενος
3732 5369 3830 5422 τὸν
3858 5372 4022 5440 νόμον

2424 5456 2517 5509 τοῦ
2552 5456 2905 5527 Πνεῦματοςο
2955 5458 3041 5511 ἵνα
3083 5459 3182 5528 μὴ,
3222 5457 3298 5521 ὡς
3330 5459 3359 5511 ὁ
3390 5460 3621 5528 πονηρὸς
3650 5460 3843 5523 δοῦλος
3880 5465 4022 5515 ἐκεῖ.

2423 5566 2533 5612 νος,
2558 5551 2587 5603 ὁ
2614 5550 2675 5603 τὸ
2695 5551 2954 5605 τάλαντον
2976 5551 3069 5604 τοῦ
3101 5551 3302 5605 οἰκείου
3334 5553 3699 5622 κατακρύψας
3727 5554 4020 5617 δεσπότου,

2424 5644 2505 5707 είς
2536 5642 2644 5710 πῦρ
2674 5642 3005 5711 βληθήσεται
3030 5644 3090 5697 τὸ
3124 5642 3365 5699 αἰώνιον.
3404 5644 3561 5698 Οὕτω
3594 5647 3706 5714 γὰρ
3728 5648 3827 5701 καὶ
3859 5650 4021 5702 Δαϐὶδ

2602 5819 2646 5849 ⁴⁸
2677 5817 2817 5872 Pssl.
2852 5832 3031 5877 “xw,
3068 5815 3153 5871 l8.
