  <div class='ocr_page' id='page_1' title='image "/cluster/home/n/w/nwhite01/storage/ocr_20150623/120/nnc1.0046979972/462.png"; bbox 0 0 4202 6450; ppageno 0'>
   <div class='ocr_carea' id='block_1_1' title="bbox 214 379 323 443">
    <p class='ocr_par' dir='ltr' id='par_1_1' title="bbox 214 379 323 443">
     <span class='ocr_line' id='line_1_1' title="bbox 214 379 323 443; baseline 0 0"><span class='ocrx_word' id='word_1_1' title='bbox 214 379 323 443; x_wconf 78' lang='lat'><strong>933</strong></span> 
     </span>
    </p>
   </div>
   <div class='ocr_carea' id='block_1_2' title="bbox 1158 381 2570 449">
    <p class='ocr_par' dir='ltr' id='par_1_2' title="bbox 1158 381 2570 449">
     <span class='ocr_line' id='line_1_2' title="bbox 1158 381 2570 449; baseline 0.003 -7"><span class='ocrx_word' id='word_1_2' title='bbox 1158 381 1646 444; x_wconf 75' lang='lat' dir='ltr'><strong>PHYSICORUM</strong></span> <span class='ocrx_word' id='word_1_3' title='bbox 1683 381 2020 449; x_wconf 69' lang='lat' dir='ltr'><strong>(IAPITUM</strong></span> <span class='ocrx_word' id='word_1_4' title='bbox 2052 384 2439 446; x_wconf 67' lang='lat' dir='ltr'><strong>CENTURIA</strong></span> <span class='ocrx_word' id='word_1_5' title='bbox 2488 388 2570 447; x_wconf 85' lang='lat' dir='ltr'><strong>ll.</strong></span> 
     </span>
    </p>
   </div>
   <div class='ocr_carea' id='block_1_3' title="bbox 3362 390 3469 454">
    <p class='ocr_par' dir='ltr' id='par_1_3' title="bbox 3362 390 3469 454">
     <span class='ocr_line' id='line_1_3' title="bbox 3362 390 3469 454; baseline 0 0"><span class='ocrx_word' id='word_1_6' title='bbox 3362 390 3469 454; x_wconf 75' lang='grc'><strong>934</strong></span> 
     </span>
    </p>
   </div>
   <div class='ocr_carea' id='block_1_4' title="bbox 214 488 1822 570">
    <p class='ocr_par' dir='ltr' id='par_1_4' title="bbox 214 488 1811 561">
     <span class='ocr_line' id='line_1_4' title="bbox 214 488 1811 561; baseline -0.001 -20"><span class='ocrx_word' id='word_1_7' title='bbox 214 496 314 560; x_wconf 73' lang='grc' dir='ltr'><strong>τὴν</strong></span> <span class='ocrx_word' id='word_1_8' title='bbox 344 492 621 561; x_wconf 69' lang='grc' dir='ltr'>ἁμαρτίαν</span> <span class='ocrx_word' id='word_1_9' title='bbox 652 489 1061 558; x_wconf 65' lang='grc' dir='ltr'><strong>ἀπονιψάμενος</strong></span> <span class='ocrx_word' id='word_1_10' title='bbox 1106 488 1196 541; x_wconf 63' lang='grc' dir='ltr'>διὰ.</span> <span class='ocrx_word' id='word_1_11' title='bbox 1247 489 1562 557; x_wconf 74' lang='grc' dir='ltr'><strong>μετανοίας,</strong></span> <span class='ocrx_word' id='word_1_12' title='bbox 1611 490 1706 542; x_wconf 70' lang='grc' dir='ltr'>καὶ</span> <span class='ocrx_word' id='word_1_13' title='bbox 1752 490 1811 541; x_wconf 63' lang='grc' dir='ltr'><strong>τ’,</strong></span> 
     </span>
    </p>
   </div>
   <div class='ocr_carea' id='block_1_5' title="bbox 1916 488 3469 570">
    <p class='ocr_par' dir='ltr' id='par_1_5' title="bbox 1916 494 3469 570">
     <span class='ocr_line' id='line_1_5' title="bbox 1916 494 3469 570; baseline 0.013 -29"><span class='ocrx_word' id='word_1_14' title='bbox 1916 510 1923 540; x_wconf 84' lang='grc' dir='ltr'><strong>ι</strong></span> <span class='ocrx_word' id='word_1_15' title='bbox 1969 494 2106 547; x_wconf 70' lang='lat' dir='ltr'><strong>l-fcce</strong></span> <span class='ocrx_word' id='word_1_16' title='bbox 2162 495 2300 546; x_wconf 88' lang='lat' dir='ltr'><strong>labia</strong></span> <span class='ocrx_word' id='word_1_17' title='bbox 2360 511 2478 550; x_wconf 89' lang='lat' dir='ltr'><strong>mea</strong></span> <span class='ocrx_word' id='word_1_18' title='bbox 2539 512 2647 552; x_wconf 90' lang='lat' dir='ltr'><strong>non</strong></span> <span class='ocrx_word' id='word_1_19' title='bbox 2713 500 3015 569; x_wconf 81' lang='lat' dir='ltr'><strong>prohibebo</strong></span> <span class='ocrx_word' id='word_1_20' title='bbox 3053 516 3066 555; x_wconf 89' lang='lat'><strong>:</strong></span> <span class='ocrx_word' id='word_1_21' title='bbox 3103 501 3350 570; x_wconf 87' lang='lat' dir='ltr'><strong>Domine,</strong></span> <span class='ocrx_word' id='word_1_22' title='bbox 3410 519 3469 562; x_wconf 90' lang='lat' dir='ltr'><strong>tu</strong></span> 
     </span>
    </p>
   </div>
   <div class='ocr_carea' id='block_1_6' title="bbox 224 577 1812 653">
    <p class='ocr_par' dir='ltr' id='par_1_6' title="bbox 224 577 1812 653">
     <span class='ocr_line' id='line_1_6' title="bbox 224 577 1812 653; baseline -0.003 -18"><span class='ocrx_word' id='word_1_23' title='bbox 224 585 575 653; x_wconf 63' lang='grc' dir='ltr'>προφητικὸν</span> <span class='ocrx_word' id='word_1_24' title='bbox 639 581 798 635; x_wconf 81' lang='grc' dir='ltr'>πάλιν</span> <span class='ocrx_word' id='word_1_25' title='bbox 846 578 1139 632; x_wconf 71' lang='grc' dir='ltr'>ἀπολαϐὼν</span> <span class='ocrx_word' id='word_1_26' title='bbox 1192 579 1461 650; x_wconf 75' lang='grc' dir='ltr'><strong>χάρισμα,</strong></span> <span class='ocrx_word' id='word_1_27' title='bbox 1499 577 1695 649; x_wconf 81' lang='grc' dir='ltr'>ὥσπερ</span> <span class='ocrx_word' id='word_1_28' title='bbox 1735 578 1812 649; x_wconf 82' lang='grc' dir='ltr'>μὴ</span> 
     </span>
    </p>
   </div>
   <div class='ocr_carea' id='block_1_7' title="bbox 218 669 1812 741">
    <p class='ocr_par' dir='ltr' id='par_1_7' title="bbox 218 669 1812 741">
     <span class='ocr_line' id='line_1_7' title="bbox 218 669 1812 741; baseline -0.003 -14"><span class='ocrx_word' id='word_1_29' title='bbox 218 675 526 741; x_wconf 75' lang='grc' dir='ltr'>δυνάμενος</span> <span class='ocrx_word' id='word_1_30' title='bbox 583 673 683 741; x_wconf 78' lang='grc' dir='ltr'>τήν</span> <span class='ocrx_word' id='word_1_31' title='bbox 744 670 1069 740; x_wconf 76' lang='grc' dir='ltr'>εὐεργεσίαν</span> <span class='ocrx_word' id='word_1_32' title='bbox 1127 670 1414 741; x_wconf 73' lang='grc' dir='ltr'><strong>κρύπτειν,</strong></span> <span class='ocrx_word' id='word_1_33' title='bbox 1471 669 1624 737; x_wconf 75' lang='grc' dir='ltr'>ἔλεγε</span> <span class='ocrx_word' id='word_1_34' title='bbox 1679 671 1812 741; x_wconf 73' lang='grc' dir='ltr'>πρὸς</span> 
     </span>
    </p>
   </div>
   <div class='ocr_carea' id='block_1_8' title="bbox 219 760 1807 831">
    <p class='ocr_par' dir='ltr' id='par_1_8' title="bbox 219 760 1807 831">
     <span class='ocr_line' id='line_1_8' title="bbox 219 760 1807 831; baseline -0.002 -14"><span class='ocrx_word' id='word_1_35' title='bbox 219 766 377 819; x_wconf 72' lang='grc' dir='ltr'>Θεόν*</span> <span class='ocrx_word' id='word_1_36' title='bbox 411 782 431 815; x_wconf 75' lang='grc' dir='ltr'><strong>ι</strong></span> <span class='ocrx_word' id='word_1_37' title='bbox 476 763 609 816; x_wconf 69' lang='grc' dir='ltr'>Ἰδοὺ</span> <span class='ocrx_word' id='word_1_38' title='bbox 640 760 712 814; x_wconf 78' lang='grc' dir='ltr'><strong>τά</strong></span> <span class='ocrx_word' id='word_1_39' title='bbox 756 761 908 831; x_wconf 81' lang='grc' dir='ltr'>χείλη</span> <span class='ocrx_word' id='word_1_40' title='bbox 960 778 1062 830; x_wconf 90' lang='grc' dir='ltr'><strong>μου</strong></span> <span class='ocrx_word' id='word_1_41' title='bbox 1094 760 1155 813; x_wconf 82' lang='grc' dir='ltr'><strong>ού</strong></span> <span class='ocrx_word' id='word_1_42' title='bbox 1199 761 1274 830; x_wconf 78' lang='grc' dir='ltr'>μὴ</span> <span class='ocrx_word' id='word_1_43' title='bbox 1308 760 1538 813; x_wconf 77' lang='grc' dir='ltr'>κωλύσω</span> <span class='ocrx_word' id='word_1_44' title='bbox 1564 776 1575 790; x_wconf 83' lang='grc'><em>’</em></span> <span class='ocrx_word' id='word_1_45' title='bbox 1614 761 1807 831; x_wconf 81' lang='grc' dir='ltr'>Κύριε.</span> 
     </span>
    </p>
   </div>
   <div class='ocr_carea' id='block_1_9' title="bbox 220 851 1809 924">
    <p class='ocr_par' dir='ltr' id='par_1_9' title="bbox 220 851 1809 924">
     <span class='ocr_line' id='line_1_9' title="bbox 220 851 1809 924; baseline -0.004 -14"><span class='ocrx_word' id='word_1_46' title='bbox 220 859 287 910; x_wconf 76' lang='grc' dir='ltr'><strong>σὺ</strong></span> <span class='ocrx_word' id='word_1_47' title='bbox 342 855 549 923; x_wconf 75' lang='grc' dir='ltr'>ἔγνωςο</span> <span class='ocrx_word' id='word_1_48' title='bbox 597 854 696 924; x_wconf 80' lang='grc' dir='ltr'>τὴν</span> <span class='ocrx_word' id='word_1_49' title='bbox 734 853 1086 921; x_wconf 79' lang='grc' dir='ltr'>δικαιοσύνην</span> <span class='ocrx_word' id='word_1_50' title='bbox 1132 869 1227 905; x_wconf 89' lang='grc' dir='ltr'><strong>σου</strong></span> <span class='ocrx_word' id='word_1_51' title='bbox 1267 853 1368 904; x_wconf 71' lang='grc' dir='ltr'><strong>οὐκ</strong></span> <span class='ocrx_word' id='word_1_52' title='bbox 1414 851 1623 921; x_wconf 64' lang='grc' dir='ltr'>ἔκριψα</span> <span class='ocrx_word' id='word_1_53' title='bbox 1659 856 1716 904; x_wconf 76' lang='grc' dir='ltr'>ὲν</span> <span class='ocrx_word' id='word_1_54' title='bbox 1744 857 1809 922; x_wconf 85' lang='grc' dir='ltr'>τῇ</span> 
     </span>
    </p>
   </div>
   <div class='ocr_carea' id='block_1_10' title="bbox 220 944 1811 1018">
    <p class='ocr_par' dir='ltr' id='par_1_10' title="bbox 220 944 1811 1018">
     <span class='ocr_line' id='line_1_10' title="bbox 220 944 1811 1018; baseline -0.004 -17"><span class='ocrx_word' id='word_1_55' title='bbox 220 949 423 1018; x_wconf 57' lang='grc' dir='ltr'>καρδίᾳ</span> <span class='ocrx_word' id='word_1_56' title='bbox 451 965 554 1017; x_wconf 89' lang='grc' dir='ltr'><strong>μου</strong></span> <span class='ocrx_word' id='word_1_57' title='bbox 580 962 592 974; x_wconf 85' lang='lat'>&#39;</span> <span class='ocrx_word' id='word_1_58' title='bbox 634 946 731 1015; x_wconf 77' lang='grc' dir='ltr'>τὴν</span> <span class='ocrx_word' id='word_1_59' title='bbox 762 944 1023 1015; x_wconf 71' lang='grc' dir='ltr'>ἀλήθειάν</span> <span class='ocrx_word' id='word_1_60' title='bbox 1056 961 1150 997; x_wconf 82' lang='grc' dir='ltr'><strong>σου</strong></span> <span class='ocrx_word' id='word_1_61' title='bbox 1205 944 1299 997; x_wconf 74' lang='grc' dir='ltr'>καὶ</span> <span class='ocrx_word' id='word_1_62' title='bbox 1331 944 1392 997; x_wconf 80' lang='grc' dir='ltr'><strong>τὸ</strong></span> <span class='ocrx_word' id='word_1_63' title='bbox 1424 946 1689 1014; x_wconf 72' lang='grc' dir='ltr'>σωτήριόν</span> <span class='ocrx_word' id='word_1_64' title='bbox 1721 960 1811 996; x_wconf 88' lang='grc' dir='ltr'><strong>σου</strong></span> 
     </span>
    </p>
   </div>
   <div class='ocr_carea' id='block_1_11' title="bbox 218 1037 1814 1110">
    <p class='ocr_par' dir='ltr' id='par_1_11' title="bbox 218 1037 1814 1110">
     <span class='ocr_line' id='line_1_11' title="bbox 218 1037 1814 1110; baseline -0.003 -16"><span class='ocrx_word' id='word_1_65' title='bbox 218 1037 388 1094; x_wconf 72' lang='grc' dir='ltr'>εἶπα·</span> <span class='ocrx_word' id='word_1_66' title='bbox 428 1042 528 1093; x_wconf 74' lang='grc' dir='ltr'>οὐκ</span> <span class='ocrx_word' id='word_1_67' title='bbox 578 1039 791 1110; x_wconf 56' lang='grc' dir='ltr'>ἔκρυψα</span> <span class='ocrx_word' id='word_1_68' title='bbox 842 1038 902 1091; x_wconf 82' lang='grc' dir='ltr'><strong>τὸ</strong></span> <span class='ocrx_word' id='word_1_69' title='bbox 937 1037 1084 1099; x_wconf 78' lang='grc' dir='ltr'>ἔλεός</span> <span class='ocrx_word' id='word_1_70' title='bbox 1126 1053 1223 1090; x_wconf 84' lang='grc' dir='ltr'><strong>σου</strong></span> <span class='ocrx_word' id='word_1_71' title='bbox 1265 1038 1358 1090; x_wconf 76' lang='grc' dir='ltr'><strong>καὶ</strong></span> <span class='ocrx_word' id='word_1_72' title='bbox 1409 1038 1506 1108; x_wconf 72' lang='grc' dir='ltr'>τὴν</span> <span class='ocrx_word' id='word_1_73' title='bbox 1556 1038 1814 1107; x_wconf 73' lang='grc' dir='ltr'>ἀλήθειάν</span> 
     </span>
    </p>
   </div>
   <div class='ocr_carea' id='block_1_12' title="bbox 221 1127 1373 1199">
    <p class='ocr_par' dir='ltr' id='par_1_12' title="bbox 221 1127 1373 1199">
     <span class='ocr_line' id='line_1_12' title="bbox 221 1127 1373 1199; baseline -0.004 -16"><span class='ocrx_word' id='word_1_74' title='bbox 221 1148 318 1183; x_wconf 84' lang='grc' dir='ltr'><strong>σου</strong></span> <span class='ocrx_word' id='word_1_75' title='bbox 344 1130 457 1183; x_wconf 81' lang='grc' dir='ltr'><strong>ἀπὸ</strong></span> <span class='ocrx_word' id='word_1_76' title='bbox 490 1130 818 1199; x_wconf 81' lang='grc' dir='ltr'><strong>συναγωγῆς</strong></span> <span class='ocrx_word' id='word_1_77' title='bbox 849 1127 1069 1196; x_wconf 74' lang='grc' dir='ltr'>πολλῆς.</span> <span class='ocrx_word' id='word_1_78' title='bbox 1116 1146 1135 1179; x_wconf 76' lang='grc' dir='ltr'><strong>ι</strong></span> <span class='ocrx_word' id='word_1_79' title='bbox 1370 1186 1373 1189; x_wconf 93' lang='lat'><strong><em>_</em></strong></span> 
     </span>
    </p>
   </div>
   <div class='ocr_carea' id='block_1_13' title="bbox 299 1219 1815 1291">
    <p class='ocr_par' dir='ltr' id='par_1_13' title="bbox 299 1219 1815 1291">
     <span class='ocr_line' id='line_1_13' title="bbox 299 1219 1815 1291; baseline 0 -15"><span class='ocrx_word' id='word_1_80' title='bbox 299 1220 397 1286; x_wconf 66' lang='grc' dir='ltr'><strong>ξς.</strong></span> <span class='ocrx_word' id='word_1_81' title='bbox 432 1220 575 1284; x_wconf 76' lang='grc' dir='ltr'><strong>Νοῦς</strong></span> <span class='ocrx_word' id='word_1_82' title='bbox 607 1221 750 1284; x_wconf 82' lang='grc' dir='ltr'><strong>ἰλύος</strong></span> <span class='ocrx_word' id='word_1_83' title='bbox 776 1220 959 1291; x_wconf 85' lang='grc' dir='ltr'>πάσης</span> <span class='ocrx_word' id='word_1_84' title='bbox 980 1219 1367 1289; x_wconf 75' lang='grc' dir='ltr'>ὲκκαθαρθεὶς,</span> <span class='ocrx_word' id='word_1_85' title='bbox 1395 1221 1625 1290; x_wconf 66' lang='grc' dir='ltr'>οὐρανὸς</span> <span class='ocrx_word' id='word_1_86' title='bbox 1651 1222 1815 1276; x_wconf 84' lang='grc' dir='ltr'>κατά-</span> 
     </span>
    </p>
   </div>
   <div class='ocr_carea' id='block_1_14' title="bbox 224 1297 1826 1384">
    <p class='ocr_par' dir='ltr' id='par_1_14' title="bbox 224 1297 1826 1384">
     <span class='ocr_line' id='line_1_14' title="bbox 224 1297 1826 1384; baseline 0.001 -19"><span class='ocrx_word' id='word_1_87' title='bbox 224 1330 420 1382; x_wconf 87' lang='grc' dir='ltr'>στερος</span> <span class='ocrx_word' id='word_1_88' title='bbox 461 1314 519 1365; x_wconf 80' lang='grc' dir='ltr'>ὲν</span> <span class='ocrx_word' id='word_1_89' title='bbox 563 1313 837 1383; x_wconf 79' lang='grc' dir='ltr'><strong>λαμπροῖς</strong></span> <span class='ocrx_word' id='word_1_90' title='bbox 871 1313 965 1365; x_wconf 80' lang='grc' dir='ltr'><strong>καὶ</strong></span> <span class='ocrx_word' id='word_1_91' title='bbox 1013 1297 1431 1380; x_wconf 76' lang='grc' dir='ltr'>φωτεινοτάτοις</span> <span class='ocrx_word' id='word_1_92' title='bbox 1462 1314 1698 1384; x_wconf 69' lang='grc' dir='ltr'>νόημασι</span> <span class='ocrx_word' id='word_1_93' title='bbox 1730 1316 1826 1382; x_wconf 60' lang='lat'><strong>15--</strong></span> 
     </span>
    </p>
   </div>
   <div class='ocr_carea' id='block_1_15' title="bbox 221 1404 1817 1477">
    <p class='ocr_par' dir='ltr' id='par_1_15' title="bbox 221 1404 1817 1477">
     <span class='ocr_line' id='line_1_15' title="bbox 221 1404 1817 1477; baseline 0.003 -20"><span class='ocrx_word' id='word_1_94' title='bbox 221 1422 376 1459; x_wconf 73' lang='grc' dir='ltr'>νεῖαι</span> <span class='ocrx_word' id='word_1_95' title='bbox 423 1408 487 1476; x_wconf 82' lang='grc' dir='ltr'>τῇ</span> <span class='ocrx_word' id='word_1_96' title='bbox 544 1405 710 1475; x_wconf 71' lang='grc' dir='ltr'>ψυχῇ,</span> <span class='ocrx_word' id='word_1_97' title='bbox 760 1406 851 1458; x_wconf 78' lang='grc' dir='ltr'><strong>τὸν</strong></span> <span class='ocrx_word' id='word_1_98' title='bbox 902 1404 1091 1457; x_wconf 81' lang='grc' dir='ltr'>Ἥλιον</span> <span class='ocrx_word' id='word_1_99' title='bbox 1134 1405 1236 1473; x_wconf 82' lang='grc' dir='ltr'>τῆς</span> <span class='ocrx_word' id='word_1_100' title='bbox 1274 1405 1627 1476; x_wconf 80' lang='grc' dir='ltr'>εικαιοσύνης</span> <span class='ocrx_word' id='word_1_101' title='bbox 1677 1408 1817 1477; x_wconf 80' lang='grc' dir='ltr'>ἔχων</span> 
     </span>
    </p>
   </div>
   <div class='ocr_carea' id='block_1_16' title="bbox 220 1497 1817 1570">
    <p class='ocr_par' dir='ltr' id='par_1_16' title="bbox 220 1497 1817 1570">
     <span class='ocr_line' id='line_1_16' title="bbox 220 1497 1817 1570; baseline 0.003 -23"><span class='ocrx_word' id='word_1_102' title='bbox 220 1498 512 1567; x_wconf 71' lang='grc' dir='ltr'>λάμποντα</span> <span class='ocrx_word' id='word_1_103' title='bbox 556 1501 614 1551; x_wconf 85' lang='grc' dir='ltr'>ἐν</span> <span class='ocrx_word' id='word_1_104' title='bbox 665 1497 863 1568; x_wconf 78' lang='grc' dir='ltr'>ἑαυτῷ,</span> <span class='ocrx_word' id='word_1_105' title='bbox 912 1500 1009 1550; x_wconf 73' lang='grc' dir='ltr'><strong>καὶ</strong></span> <span class='ocrx_word' id='word_1_106' title='bbox 1047 1498 1283 1569; x_wconf 77' lang='grc' dir='ltr'>φαιδράς</span> <span class='ocrx_word' id='word_1_107' title='bbox 1325 1498 1423 1562; x_wconf 86' lang='grc' dir='ltr'><strong>τὰς</strong></span> <span class='ocrx_word' id='word_1_108' title='bbox 1454 1502 1679 1561; x_wconf 83' lang='grc' dir='ltr'>ἀκτῖνας</span> <span class='ocrx_word' id='word_1_109' title='bbox 1716 1500 1817 1570; x_wconf 74' lang='grc' dir='ltr'>τῆς</span> 
     </span>
    </p>
   </div>
   <div class='ocr_carea' id='block_1_17' title="bbox 225 1590 1815 1661">
    <p class='ocr_par' dir='ltr' id='par_1_17' title="bbox 225 1590 1815 1661">
     <span class='ocr_line' id='line_1_17' title="bbox 225 1590 1815 1661; baseline 0.001 -17"><span class='ocrx_word' id='word_1_110' title='bbox 225 1591 511 1657; x_wconf 76' lang='grc' dir='ltr'>θεολογίας</span> <span class='ocrx_word' id='word_1_111' title='bbox 546 1593 627 1654; x_wconf 80' lang='grc' dir='ltr'><strong>εἰς</strong></span> <span class='ocrx_word' id='word_1_112' title='bbox 659 1592 751 1642; x_wconf 77' lang='grc' dir='ltr'><strong>τὸν</strong></span> <span class='ocrx_word' id='word_1_113' title='bbox 796 1590 1001 1661; x_wconf 82' lang='grc' dir='ltr'>κόσμον</span> <span class='ocrx_word' id='word_1_114' title='bbox 1051 1590 1448 1660; x_wconf 75' lang='grc' dir='ltr'><strong>ἐκπέμποντα⁸</strong></span> <span class='ocrx_word' id='word_1_115' title='bbox 1495 1592 1524 1642; x_wconf 84' lang='grc' dir='ltr'><em>ὁ</em></span> <span class='ocrx_word' id='word_1_116' title='bbox 1575 1590 1732 1659; x_wconf 86' lang='grc' dir='ltr'>λόγος</span> <span class='ocrx_word' id='word_1_117' title='bbox 1760 1591 1815 1645; x_wconf 80' lang='grc' dir='ltr'>δὲ</span> 
     </span>
    </p>
   </div>
   <div class='ocr_carea' id='block_1_18' title="bbox 227 1681 1815 1754">
    <p class='ocr_par' dir='ltr' id='par_1_18' title="bbox 227 1681 1815 1754">
     <span class='ocr_line' id='line_1_18' title="bbox 227 1681 1815 1754; baseline 0.001 -19"><span class='ocrx_word' id='word_1_118' title='bbox 227 1684 409 1754; x_wconf 82' lang='grc' dir='ltr'>τούτῳ</span> <span class='ocrx_word' id='word_1_119' title='bbox 440 1683 679 1753; x_wconf 67' lang='grc' dir='ltr'>καθαρὸς</span> <span class='ocrx_word' id='word_1_120' title='bbox 710 1683 1001 1750; x_wconf 76' lang='grc' dir='ltr'>γενόμενος</span> <span class='ocrx_word' id='word_1_121' title='bbox 1030 1682 1089 1748; x_wconf 79' lang='grc' dir='ltr'>ἐξ</span> <span class='ocrx_word' id='word_1_122' title='bbox 1112 1681 1353 1738; x_wconf 77' lang='grc' dir='ltr'>ἀϐύσσου</span> <span class='ocrx_word' id='word_1_123' title='bbox 1386 1682 1599 1750; x_wconf 67' lang='grc' dir='ltr'>σοφίας,</span> <span class='ocrx_word' id='word_1_124' title='bbox 1636 1683 1815 1747; x_wconf 70' lang='grc' dir='ltr'>ἁπλᾶς</span> 
     </span>
    </p>
   </div>
   <div class='ocr_carea' id='block_1_19' title="bbox 227 1774 1817 1846">
    <p class='ocr_par' dir='ltr' id='par_1_19' title="bbox 227 1774 1817 1846">
     <span class='ocr_line' id='line_1_19' title="bbox 227 1774 1817 1846; baseline -0.001 -17"><span class='ocrx_word' id='word_1_125' title='bbox 227 1777 325 1829; x_wconf 73' lang='grc' dir='ltr'><strong>καὶ</strong></span> <span class='ocrx_word' id='word_1_126' title='bbox 382 1777 601 1846; x_wconf 78' lang='grc' dir='ltr'><strong>ἀμιγεῖς</strong></span> <span class='ocrx_word' id='word_1_127' title='bbox 658 1776 871 1828; x_wconf 81' lang='grc' dir='ltr'>ἐκεῖθεν</span> <span class='ocrx_word' id='word_1_128' title='bbox 916 1776 1110 1843; x_wconf 78' lang='grc' dir='ltr'>ἀνάγει</span> <span class='ocrx_word' id='word_1_129' title='bbox 1164 1774 1300 1846; x_wconf 82' lang='grc' dir='ltr'>πρὸς</span> <span class='ocrx_word' id='word_1_130' title='bbox 1336 1774 1500 1828; x_wconf 70' lang='grc' dir='ltr'>αὐτὸν</span> <span class='ocrx_word' id='word_1_131' title='bbox 1553 1776 1651 1839; x_wconf 69' lang='grc' dir='ltr'>τὰς</span> <span class='ocrx_word' id='word_1_132' title='bbox 1709 1775 1817 1828; x_wconf 87' lang='grc' dir='ltr'><strong>τῶν</strong></span> 
     </span>
    </p>
   </div>
   <div class='ocr_carea' id='block_1_20' title="bbox 224 1867 1815 1940">
    <p class='ocr_par' dir='ltr' id='par_1_20' title="bbox 224 1867 1815 1940">
     <span class='ocr_line' id='line_1_20' title="bbox 224 1867 1815 1940; baseline -0.001 -19"><span class='ocrx_word' id='word_1_133' title='bbox 224 1870 576 1940; x_wconf 72' lang='grc' dir='ltr'><strong>πραγμάτων</strong></span> <span class='ocrx_word' id='word_1_134' title='bbox 608 1868 771 1932; x_wconf 72' lang='grc' dir='ltr'>ἰδέας,</span> <span class='ocrx_word' id='word_1_135' title='bbox 802 1868 893 1922; x_wconf 78' lang='grc' dir='ltr'>καὶ</span> <span class='ocrx_word' id='word_1_136' title='bbox 920 1867 1016 1932; x_wconf 76' lang='grc' dir='ltr'>τὰς</span> <span class='ocrx_word' id='word_1_137' title='bbox 1040 1869 1412 1938; x_wconf 73' lang='grc' dir='ltr'><strong>ἀποκαλύψεις</strong></span> <span class='ocrx_word' id='word_1_138' title='bbox 1440 1868 1548 1921; x_wconf 88' lang='grc' dir='ltr'><strong>τῶν</strong></span> <span class='ocrx_word' id='word_1_139' title='bbox 1569 1886 1815 1938; x_wconf 83' lang='grc' dir='ltr'>κεκρυμ-</span> 
     </span>
    </p>
   </div>
   <div class='ocr_carea' id='block_1_21' title="bbox 232 1957 1820 2030">
    <p class='ocr_par' dir='ltr' id='par_1_21' title="bbox 232 1957 1820 2030">
     <span class='ocr_line' id='line_1_21' title="bbox 232 1957 1820 2030; baseline -0.001 -20"><span class='ocrx_word' id='word_1_140' title='bbox 232 1962 420 2030; x_wconf 79' lang='grc' dir='ltr'>μένων</span> <span class='ocrx_word' id='word_1_141' title='bbox 455 1959 897 2030; x_wconf 79' lang='grc' dir='ltr'>τετρανωμένας,</span> <span class='ocrx_word' id='word_1_142' title='bbox 922 1960 1002 2021; x_wconf 85' lang='grc' dir='ltr'><strong>είς</strong></span> <span class='ocrx_word' id='word_1_143' title='bbox 1025 1959 1087 2012; x_wconf 76' lang='grc' dir='ltr'>τὸ</span> <span class='ocrx_word' id='word_1_144' title='bbox 1112 1959 1314 2011; x_wconf 83' lang='grc' dir='ltr'>εἰδέναι</span> <span class='ocrx_word' id='word_1_145' title='bbox 1342 1957 1395 2010; x_wconf 85' lang='grc' dir='ltr'><strong>τί</strong></span> <span class='ocrx_word' id='word_1_146' title='bbox 1420 1958 1481 2010; x_wconf 78' lang='grc' dir='ltr'>τὸ</span> <span class='ocrx_word' id='word_1_147' title='bbox 1514 1957 1697 2028; x_wconf 81' lang='grc' dir='ltr'>βάθος,</span> <span class='ocrx_word' id='word_1_148' title='bbox 1727 1959 1820 2013; x_wconf 71' lang='grc' dir='ltr'><strong>καὶ</strong></span> 
     </span>
    </p>
   </div>
   <div class='ocr_carea' id='block_1_22' title="bbox 227 2050 1817 2121">
    <p class='ocr_par' dir='ltr' id='par_1_22' title="bbox 227 2050 1817 2121">
     <span class='ocr_line' id='line_1_22' title="bbox 227 2050 1817 2121; baseline -0.001 -17"><span class='ocrx_word' id='word_1_149' title='bbox 227 2050 389 2121; x_wconf 54' lang='grc' dir='ltr'>ὕψος,</span> <span class='ocrx_word' id='word_1_150' title='bbox 420 2054 514 2106; x_wconf 78' lang='grc' dir='ltr'>καὶ</span> <span class='ocrx_word' id='word_1_151' title='bbox 541 2054 740 2115; x_wconf 77' lang='grc' dir='ltr'>πλάτος</span> <span class='ocrx_word' id='word_1_152' title='bbox 762 2053 861 2121; x_wconf 78' lang='grc' dir='ltr'>τῆς</span> <span class='ocrx_word' id='word_1_153' title='bbox 898 2050 1154 2119; x_wconf 82' lang='grc' dir='ltr'>γνώσεως</span> <span class='ocrx_word' id='word_1_154' title='bbox 1185 2050 1279 2104; x_wconf 81' lang='grc' dir='ltr'>τοῦ</span> <span class='ocrx_word' id='word_1_155' title='bbox 1307 2050 1466 2105; x_wconf 73' lang='grc' dir='ltr'>Θεοῦ.</span> <span class='ocrx_word' id='word_1_156' title='bbox 1511 2050 1727 2113; x_wconf 77' lang='grc' dir='ltr'>Ταύτας</span> <span class='ocrx_word' id='word_1_157' title='bbox 1761 2050 1817 2102; x_wconf 79' lang='grc' dir='ltr'><strong>δὲ</strong></span> 
     </span>
    </p>
   </div>
   <div class='ocr_carea' id='block_1_23' title="bbox 225 2142 1817 2214">
    <p class='ocr_par' dir='ltr' id='par_1_23' title="bbox 225 2142 1817 2214">
     <span class='ocr_line' id='line_1_23' title="bbox 225 2142 1817 2214; baseline -0.001 -18"><span class='ocrx_word' id='word_1_158' title='bbox 225 2144 475 2212; x_wconf 74' lang='grc' dir='ltr'>φυσικῶς</span> <span class='ocrx_word' id='word_1_159' title='bbox 502 2147 709 2207; x_wconf 79' lang='grc' dir='ltr'>ἐκεῖνος</span> <span class='ocrx_word' id='word_1_160' title='bbox 737 2142 1252 2213; x_wconf 79' lang='grc' dir='ltr'>ὲγκολπωσάμενος,</span> <span class='ocrx_word' id='word_1_161' title='bbox 1280 2144 1561 2214; x_wconf 85' lang='grc' dir='ltr'>διατρανοϊ</span> <span class='ocrx_word' id='word_1_162' title='bbox 1582 2143 1649 2197; x_wconf 84' lang='grc' dir='ltr'>τὰ</span> <span class='ocrx_word' id='word_1_163' title='bbox 1679 2142 1817 2211; x_wconf 81' lang='grc' dir='ltr'>βάθη</span> 
     </span>
    </p>
   </div>
   <div class='ocr_carea' id='block_1_24' title="bbox 223 2233 1819 2304">
    <p class='ocr_par' dir='ltr' id='par_1_24' title="bbox 223 2233 1819 2304">
     <span class='ocr_line' id='line_1_24' title="bbox 223 2233 1819 2304; baseline -0.001 -15"><span class='ocrx_word' id='word_1_164' title='bbox 223 2236 323 2289; x_wconf 74' lang='grc' dir='ltr'>τοῦ</span> <span class='ocrx_word' id='word_1_165' title='bbox 380 2237 695 2304; x_wconf 74' lang='grc' dir='ltr'>Πνεύματος</span> <span class='ocrx_word' id='word_1_166' title='bbox 752 2236 839 2289; x_wconf 64' lang='grc' dir='ltr'><strong>διὰ</strong></span> <span class='ocrx_word' id='word_1_167' title='bbox 899 2234 995 2289; x_wconf 81' lang='grc' dir='ltr'>τοῦ</span> <span class='ocrx_word' id='word_1_168' title='bbox 1037 2234 1201 2303; x_wconf 80' lang='grc' dir='ltr'>λόγου</span> <span class='ocrx_word' id='word_1_169' title='bbox 1285 2236 1419 2287; x_wconf 82' lang='grc' dir='ltr'>πᾶσι</span> <span class='ocrx_word' id='word_1_170' title='bbox 1464 2236 1579 2296; x_wconf 85' lang='grc' dir='ltr'>τοῖς</span> <span class='ocrx_word' id='word_1_171' title='bbox 1636 2233 1819 2304; x_wconf 80' lang='grc' dir='ltr'>ἔχουσι</span> 
     </span>
    </p>
   </div>
   <div class='ocr_carea' id='block_1_25' title="bbox 227 2325 1819 2398">
    <p class='ocr_par' dir='ltr' id='par_1_25' title="bbox 227 2325 1819 2398">
     <span class='ocr_line' id='line_1_25' title="bbox 227 2325 1819 2398; baseline -0.001 -17"><span class='ocrx_word' id='word_1_172' title='bbox 227 2326 465 2398; x_wconf 80' lang='grc' dir='ltr'>Πνεῦμα</span> <span class='ocrx_word' id='word_1_173' title='bbox 495 2327 638 2380; x_wconf 84' lang='grc' dir='ltr'>θεῖον</span> <span class='ocrx_word' id='word_1_174' title='bbox 672 2329 729 2381; x_wconf 84' lang='grc' dir='ltr'>ὲν</span> <span class='ocrx_word' id='word_1_175' title='bbox 762 2331 873 2391; x_wconf 90' lang='grc' dir='ltr'>τοῖς</span> <span class='ocrx_word' id='word_1_176' title='bbox 899 2326 1179 2395; x_wconf 68' lang='grc' dir='ltr'>ἔγκάτοις,</span> <span class='ocrx_word' id='word_1_177' title='bbox 1210 2327 1304 2380; x_wconf 77' lang='grc' dir='ltr'><strong>καὶ</strong></span> <span class='ocrx_word' id='word_1_178' title='bbox 1347 2325 1663 2397; x_wconf 85' lang='grc' dir='ltr'>δημοσιεύει</span> <span class='ocrx_word' id='word_1_179' title='bbox 1711 2326 1819 2380; x_wconf 84' lang='grc' dir='ltr'><strong>τῶν</strong></span> 
     </span>
    </p>
   </div>
   <div class='ocr_carea' id='block_1_26' title="bbox 224 2420 1817 2492">
    <p class='ocr_par' dir='ltr' id='par_1_26' title="bbox 224 2420 1817 2492">
     <span class='ocr_line' id='line_1_26' title="bbox 224 2420 1817 2492; baseline -0.002 -16"><span class='ocrx_word' id='word_1_180' title='bbox 224 2422 502 2492; x_wconf 79' lang='grc' dir='ltr'>δαιμόνων</span> <span class='ocrx_word' id='word_1_181' title='bbox 530 2422 658 2484; x_wconf 73' lang='grc' dir='ltr'>τοὺς</span> <span class='ocrx_word' id='word_1_182' title='bbox 686 2420 894 2485; x_wconf 83' lang='grc' dir='ltr'><strong>δόλους,</strong></span> <span class='ocrx_word' id='word_1_183' title='bbox 920 2421 1013 2474; x_wconf 78' lang='grc' dir='ltr'><strong>καὶ</strong></span> <span class='ocrx_word' id='word_1_184' title='bbox 1036 2421 1103 2474; x_wconf 87' lang='grc' dir='ltr'><strong>τά</strong></span> <span class='ocrx_word' id='word_1_185' title='bbox 1128 2421 1405 2491; x_wconf 79' lang='grc' dir='ltr'>μυστήρια</span> <span class='ocrx_word' id='word_1_186' title='bbox 1426 2420 1695 2491; x_wconf 81' lang='grc' dir='ltr'>διηγεῖται</span> <span class='ocrx_word' id='word_1_187' title='bbox 1719 2420 1817 2492; x_wconf 80' lang='grc' dir='ltr'><strong>τῆς</strong></span> 
     </span>
    </p>
   </div>
   <div class='ocr_carea' id='block_1_27' title="bbox 229 2513 959 2585">
    <p class='ocr_par' dir='ltr' id='par_1_27' title="bbox 229 2513 959 2585">
     <span class='ocr_line' id='line_1_27' title="bbox 229 2513 959 2585; baseline -0.003 -18"><span class='ocrx_word' id='word_1_188' title='bbox 229 2515 513 2585; x_wconf 73' lang='grc' dir='ltr'>βασιλείας</span> <span class='ocrx_word' id='word_1_189' title='bbox 549 2513 658 2566; x_wconf 85' lang='grc' dir='ltr'><strong>τῶν</strong></span> <span class='ocrx_word' id='word_1_190' title='bbox 686 2513 935 2585; x_wconf 78' lang='grc' dir='ltr'>οὐρανῶν</span> <span class='ocrx_word' id='word_1_191' title='bbox 947 2556 959 2565; x_wconf 87' lang='grc'><em>.</em></span> 
     </span>
    </p>
   </div>
   <div class='ocr_carea' id='block_1_28' title="bbox 305 2603 1819 2676">
    <p class='ocr_par' dir='ltr' id='par_1_28' title="bbox 305 2603 1819 2676">
     <span class='ocr_line' id='line_1_28' title="bbox 305 2603 1819 2676; baseline -0.003 -15"><span class='ocrx_word' id='word_1_192' title='bbox 305 2604 406 2676; x_wconf 79' lang='grc' dir='ltr'>ξη’.</span> <span class='ocrx_word' id='word_1_193' title='bbox 442 2605 554 2668; x_wconf 82' lang='grc' dir='ltr'><strong>Τάς</strong></span> <span class='ocrx_word' id='word_1_194' title='bbox 590 2604 691 2675; x_wconf 78' lang='grc' dir='ltr'>μὲν</span> <span class='ocrx_word' id='word_1_195' title='bbox 724 2604 1046 2673; x_wconf 74' lang='grc' dir='ltr'>σωματικάς</span> <span class='ocrx_word' id='word_1_196' title='bbox 1073 2604 1281 2676; x_wconf 78' lang='grc' dir='ltr'>ὀρέξεις</span> <span class='ocrx_word' id='word_1_197' title='bbox 1339 2607 1435 2658; x_wconf 76' lang='grc' dir='ltr'><strong>καὶ</strong></span> <span class='ocrx_word' id='word_1_198' title='bbox 1483 2603 1550 2659; x_wconf 75' lang='grc' dir='ltr'>τὰ</span> <span class='ocrx_word' id='word_1_199' title='bbox 1592 2605 1819 2676; x_wconf 84' lang='grc' dir='ltr'>σκιρτή-</span> 
     </span>
    </p>
   </div>
   <div class='ocr_carea' id='block_1_29' title="bbox 230 2697 1821 2769">
    <p class='ocr_par' dir='ltr' id='par_1_29' title="bbox 230 2697 1821 2769">
     <span class='ocr_line' id='line_1_29' title="bbox 230 2697 1821 2769; baseline -0.001 -18"><span class='ocrx_word' id='word_1_200' title='bbox 230 2715 383 2769; x_wconf 84' lang='grc' dir='ltr'>ματα</span> <span class='ocrx_word' id='word_1_201' title='bbox 412 2698 513 2767; x_wconf 78' lang='grc' dir='ltr'>τῆς</span> <span class='ocrx_word' id='word_1_202' title='bbox 542 2698 747 2769; x_wconf 72' lang='grc' dir='ltr'>σαρκὸς</span> <span class='ocrx_word' id='word_1_203' title='bbox 800 2697 1012 2768; x_wconf 77' lang='grc' dir='ltr'>ἵστησιν</span> <span class='ocrx_word' id='word_1_204' title='bbox 1034 2699 1314 2769; x_wconf 83' lang='grc' dir='ltr'>ἐγράτεια,</span> <span class='ocrx_word' id='word_1_205' title='bbox 1347 2700 1439 2751; x_wconf 81' lang='grc' dir='ltr'><strong>καὶ</strong></span> <span class='ocrx_word' id='word_1_206' title='bbox 1461 2699 1704 2768; x_wconf 76' lang='grc' dir='ltr'>νηστεία,</span> <span class='ocrx_word' id='word_1_207' title='bbox 1728 2698 1821 2750; x_wconf 65' lang='grc' dir='ltr'>καὶ</span> 
     </span>
    </p>
   </div>
   <div class='ocr_carea' id='block_1_30' title="bbox 228 2789 1806 2860">
    <p class='ocr_par' dir='ltr' id='par_1_30' title="bbox 228 2789 1806 2860">
     <span class='ocr_line' id='line_1_30' title="bbox 228 2789 1806 2860; baseline 0.004 -16"><span class='ocrx_word' id='word_1_208' title='bbox 228 2790 444 2858; x_wconf 81' lang='grc' dir='ltr'>ἀγῶνες</span> <span class='ocrx_word' id='word_1_209' title='bbox 476 2790 841 2860; x_wconf 87' lang='grc' dir='ltr'>πνευματικοί</span> <span class='ocrx_word' id='word_1_210' title='bbox 871 2807 885 2821; x_wconf 72' lang='grc' dir='ltr'><strong>ο</strong></span> <span class='ocrx_word' id='word_1_211' title='bbox 920 2791 1019 2855; x_wconf 84' lang='grc' dir='ltr'><strong>τὰς</strong></span> <span class='ocrx_word' id='word_1_212' title='bbox 1051 2791 1107 2843; x_wconf 82' lang='grc' dir='ltr'>δὲ</span> <span class='ocrx_word' id='word_1_213' title='bbox 1138 2789 1449 2860; x_wconf 75' lang='grc' dir='ltr'>φλεγμονὰς</span> <span class='ocrx_word' id='word_1_214' title='bbox 1494 2790 1593 2858; x_wconf 82' lang='grc' dir='ltr'><strong>τῆς</strong></span> <span class='ocrx_word' id='word_1_215' title='bbox 1626 2789 1806 2860; x_wconf 72' lang='grc' dir='ltr'>ψυχῆς</span> 
     </span>
    </p>
   </div>
   <div class='ocr_carea' id='block_1_31' title="bbox 230 2881 1822 2954">
    <p class='ocr_par' dir='ltr' id='par_1_31' title="bbox 230 2881 1822 2954">
     <span class='ocr_line' id='line_1_31' title="bbox 230 2881 1822 2954; baseline -0.001 -19"><span class='ocrx_word' id='word_1_216' title='bbox 230 2884 332 2935; x_wconf 81' lang='grc' dir='ltr'>καὶ</span> <span class='ocrx_word' id='word_1_217' title='bbox 359 2881 432 2935; x_wconf 76' lang='grc' dir='ltr'>τὰ</span> <span class='ocrx_word' id='word_1_218' title='bbox 465 2883 737 2953; x_wconf 78' lang='grc' dir='ltr'>οἰδήματα</span> <span class='ocrx_word' id='word_1_219' title='bbox 776 2883 875 2954; x_wconf 79' lang='grc' dir='ltr'>τῆς</span> <span class='ocrx_word' id='word_1_220' title='bbox 905 2882 1133 2954; x_wconf 78' lang='grc' dir='ltr'>καρδίας</span> <span class='ocrx_word' id='word_1_221' title='bbox 1188 2881 1493 2953; x_wconf 73' lang='grc' dir='ltr'>καταψύχει</span> <span class='ocrx_word' id='word_1_222' title='bbox 1522 2882 1631 2934; x_wconf 84' lang='grc' dir='ltr'><strong>τῶν</strong></span> <span class='ocrx_word' id='word_1_223' title='bbox 1664 2883 1822 2935; x_wconf 80' lang='grc' dir='ltr'>θείων</span> 
     </span>
    </p>
   </div>
   <div class='ocr_carea' id='block_1_32' title="bbox 231 2974 1822 3045">
    <p class='ocr_par' dir='ltr' id='par_1_32' title="bbox 231 2974 1822 3045">
     <span class='ocr_line' id='line_1_32' title="bbox 231 2974 1822 3045; baseline -0.001 -18"><span class='ocrx_word' id='word_1_224' title='bbox 231 2974 471 3044; x_wconf 71' lang='grc' dir='ltr'>Γραφῶν</span> <span class='ocrx_word' id='word_1_225' title='bbox 500 2976 531 3043; x_wconf 82' lang='grc' dir='ltr'>ἠ</span> <span class='ocrx_word' id='word_1_226' title='bbox 566 2975 896 3042; x_wconf 83' lang='grc' dir='ltr'>ἀνάγνωσις,</span> <span class='ocrx_word' id='word_1_227' title='bbox 939 2976 1035 3029; x_wconf 76' lang='grc' dir='ltr'><strong>καὶ</strong></span> <span class='ocrx_word' id='word_1_228' title='bbox 1059 2978 1305 3029; x_wconf 83' lang='grc' dir='ltr'>ταπεινοῖ</span> <span class='ocrx_word' id='word_1_229' title='bbox 1336 2976 1368 3045; x_wconf 82' lang='grc' dir='ltr'><strong>ἠ</strong></span> <span class='ocrx_word' id='word_1_230' title='bbox 1402 2974 1627 3039; x_wconf 80' lang='grc' dir='ltr'>ἀὲνναος</span> <span class='ocrx_word' id='word_1_231' title='bbox 1654 2990 1822 3043; x_wconf 84' lang='grc' dir='ltr'>προσ-</span> 
     </span>
    </p>
   </div>
   <div class='ocr_carea' id='block_1_33' title="bbox 240 3064 1819 3139">
    <p class='ocr_par' dir='ltr' id='par_1_33' title="bbox 240 3064 1819 3139">
     <span class='ocr_line' id='line_1_33' title="bbox 240 3064 1819 3139; baseline 0.001 -21"><span class='ocrx_word' id='word_1_232' title='bbox 240 3066 402 3137; x_wconf 78' lang='grc' dir='ltr'>ευχὴ,</span> <span class='ocrx_word' id='word_1_233' title='bbox 424 3067 518 3120; x_wconf 77' lang='grc' dir='ltr'><strong>καὶ</strong></span> <span class='ocrx_word' id='word_1_234' title='bbox 535 3066 669 3119; x_wconf 75' lang='grc' dir='ltr'>ὡσεὶ</span> <span class='ocrx_word' id='word_1_235' title='bbox 685 3066 835 3120; x_wconf 76' lang='grc' dir='ltr'>ἔλεον</span> <span class='ocrx_word' id='word_1_236' title='bbox 858 3067 1210 3138; x_wconf 87' lang='grc' dir='ltr'>καθιλαρύνει</span> <span class='ocrx_word' id='word_1_237' title='bbox 1241 3067 1409 3131; x_wconf 84' lang='grc' dir='ltr'>αύτάς</span> <span class='ocrx_word' id='word_1_238' title='bbox 1441 3070 1477 3139; x_wconf 76' lang='grc' dir='ltr'><strong>ἡ</strong></span> <span class='ocrx_word' id='word_1_239' title='bbox 1506 3064 1819 3135; x_wconf 78' lang='grc' dir='ltr'>κατάνυξις.</span> 
     </span>
    </p>
   </div>
   <div class='ocr_carea' id='block_1_34' title="bbox 1899 584 3469 664">
    <p class='ocr_par' dir='ltr' id='par_1_34' title="bbox 1899 584 3469 664">
     <span class='ocr_line' id='line_1_34' title="bbox 1899 584 3469 664; baseline 0.011 -29"><span class='ocrx_word' id='word_1_240' title='bbox 1899 585 2073 652; x_wconf 70' lang='lat' dir='ltr'><strong>scisti,</strong></span> <span class='ocrx_word' id='word_1_241' title='bbox 2099 584 2373 654; x_wconf 92' lang='lat' dir='ltr'><strong>justitiam</strong></span> <span class='ocrx_word' id='word_1_242' title='bbox 2411 600 2560 643; x_wconf 88' lang='lat' dir='ltr'><strong>tuam</strong></span> <span class='ocrx_word' id='word_1_243' title='bbox 2600 605 2706 644; x_wconf 87' lang='lat' dir='ltr'><strong>non</strong></span> <span class='ocrx_word' id='word_1_244' title='bbox 2737 592 3007 648; x_wconf 79' lang='lat' dir='ltr'><strong>abscondi</strong></span> <span class='ocrx_word' id='word_1_245' title='bbox 3041 595 3095 649; x_wconf 91' lang='lat' dir='ltr'><strong>in</strong></span> <span class='ocrx_word' id='word_1_246' title='bbox 3120 598 3286 651; x_wconf 88' lang='lat' dir='ltr'><strong>corde</strong></span> <span class='ocrx_word' id='word_1_247' title='bbox 3312 613 3433 652; x_wconf 87' lang='lat' dir='ltr'><strong>meo</strong></span> <span class='ocrx_word' id='word_1_248' title='bbox 3454 640 3469 664; x_wconf 91' lang='lat'><strong>,</strong></span> 
     </span>
    </p>
   </div>
   <div class='ocr_carea' id='block_1_35' title="bbox 1899 677 3469 750">
    <p class='ocr_par' dir='ltr' id='par_1_35' title="bbox 1899 677 3469 750">
     <span class='ocr_line' id='line_1_35' title="bbox 1899 677 3469 750; baseline 0.014 -22"><span class='ocrx_word' id='word_1_249' title='bbox 1899 677 2184 733; x_wconf 61' lang='lat' dir='ltr'><strong>veritatem</strong></span> <span class='ocrx_word' id='word_1_250' title='bbox 2221 690 2368 735; x_wconf 87' lang='lat' dir='ltr'><strong>tuam</strong></span> <span class='ocrx_word' id='word_1_251' title='bbox 2422 691 2477 737; x_wconf 93' lang='lat' dir='ltr'><strong>ct</strong></span> <span class='ocrx_word' id='word_1_252' title='bbox 2526 682 2768 739; x_wconf 85' lang='lat' dir='ltr'><strong>salutare</strong></span> <span class='ocrx_word' id='word_1_253' title='bbox 2809 697 2965 742; x_wconf 90' lang='lat' dir='ltr'><strong>tuum</strong></span> <span class='ocrx_word' id='word_1_254' title='bbox 3020 689 3156 745; x_wconf 77' lang='lat' dir='ltr'><strong>dixi.</strong></span> <span class='ocrx_word' id='word_1_255' title='bbox 3190 690 3312 746; x_wconf 83' lang='lat' dir='ltr'><strong>Non</strong></span> <span class='ocrx_word' id='word_1_256' title='bbox 3343 696 3469 750; x_wconf 77' lang='lat' dir='ltr'><strong>abs-</strong></span> 
     </span>
    </p>
   </div>
   <div class='ocr_carea' id='block_1_36' title="bbox 1898 774 3470 846">
    <p class='ocr_par' dir='ltr' id='par_1_36' title="bbox 1898 774 3470 846">
     <span class='ocr_line' id='line_1_36' title="bbox 1898 774 3470 846; baseline 0.013 -24"><span class='ocrx_word' id='word_1_257' title='bbox 1898 774 2060 825; x_wconf 82' lang='lat' dir='ltr'><strong>condi</strong></span> <span class='ocrx_word' id='word_1_258' title='bbox 2111 774 2549 831; x_wconf 81' lang='lat' dir='ltr'><strong>misericnrdiam</strong></span> <span class='ocrx_word' id='word_1_259' title='bbox 2601 785 2775 846; x_wconf 86' lang='lat' dir='ltr'><strong>tuam,</strong></span> <span class='ocrx_word' id='word_1_260' title='bbox 2821 788 2877 836; x_wconf 85' lang='lat' dir='ltr'><strong>et</strong></span> <span class='ocrx_word' id='word_1_261' title='bbox 2922 784 3207 841; x_wconf 71' lang='lat' dir='ltr'><strong>veritatem</strong></span> <span class='ocrx_word' id='word_1_262' title='bbox 3240 793 3393 842; x_wconf 89' lang='lat' dir='ltr'><strong>tuam</strong></span> <span class='ocrx_word' id='word_1_263' title='bbox 3439 803 3470 842; x_wconf 86' lang='lat' dir='ltr'><strong>a</strong></span> 
     </span>
    </p>
   </div>
   <div class='ocr_carea' id='block_1_37' title="bbox 1902 867 2496 922">
    <p class='ocr_par' dir='ltr' id='par_1_37' title="bbox 1902 867 2496 922">
     <span class='ocr_line' id='line_1_37' title="bbox 1902 867 2496 922; baseline 0.008 -5"><span class='ocrx_word' id='word_1_264' title='bbox 1902 868 2137 918; x_wconf 80' lang='lat' dir='ltr'><strong>Concilio</strong></span> <span class='ocrx_word' id='word_1_265' title='bbox 2164 867 2336 922; x_wconf 89' lang='lat' dir='ltr'><strong>multo</strong></span> <span class='ocrx_word' id='word_1_266' title='bbox 2367 869 2433 921; x_wconf 76' lang='lat'><strong>“.</strong></span> <span class='ocrx_word' id='word_1_267' title='bbox 2477 888 2496 921; x_wconf 71' lang='grc' dir='ltr'><strong>ι</strong></span> 
     </span>
    </p>
   </div>
   <div class='ocr_carea' id='block_1_38' title="bbox 1976 1226 3476 1301">
    <p class='ocr_par' dir='ltr' id='par_1_38' title="bbox 1976 1226 3476 1301">
     <span class='ocr_line' id='line_1_38' title="bbox 1976 1226 3476 1301; baseline 0.008 -20"><span class='ocrx_word' id='word_1_268' title='bbox 1976 1227 2065 1281; x_wconf 82' lang='lat'><strong>67.</strong></span> <span class='ocrx_word' id='word_1_269' title='bbox 2100 1226 2332 1283; x_wconf 86' lang='lat' dir='ltr'><strong>Animus</strong></span> <span class='ocrx_word' id='word_1_270' title='bbox 2373 1230 2442 1284; x_wconf 86' lang='lat' dir='ltr'><strong>ab</strong></span> <span class='ocrx_word' id='word_1_271' title='bbox 2487 1232 2636 1286; x_wconf 87' lang='lat' dir='ltr'><strong>omni</strong></span> <span class='ocrx_word' id='word_1_272' title='bbox 2671 1231 2880 1287; x_wconf 90' lang='lat' dir='ltr'><strong>macula</strong></span> <span class='ocrx_word' id='word_1_273' title='bbox 2928 1236 3246 1301; x_wconf 84' lang='lat' dir='ltr'><strong>mundatus,</strong></span> <span class='ocrx_word' id='word_1_274' title='bbox 3274 1238 3476 1294; x_wconf 68' lang='lat' dir='ltr'><strong>caelum</strong></span> 
     </span>
    </p>
   </div>
   <div class='ocr_carea' id='block_1_39' title="bbox 1908 1319 3478 1397">
    <p class='ocr_par' dir='ltr' id='par_1_39' title="bbox 1908 1319 3478 1397">
     <span class='ocr_line' id='line_1_39' title="bbox 1908 1319 3478 1397; baseline 0.009 -26"><span class='ocrx_word' id='word_1_275' title='bbox 1908 1319 2185 1373; x_wconf 74' lang='lat' dir='ltr'><strong>stellatum</strong></span> <span class='ocrx_word' id='word_1_276' title='bbox 2220 1321 2274 1375; x_wconf 90' lang='lat' dir='ltr'><strong>in</strong></span> <span class='ocrx_word' id='word_1_277' title='bbox 2316 1321 2535 1393; x_wconf 77' lang='lat' dir='ltr'><strong>fulgidis</strong></span> <span class='ocrx_word' id='word_1_278' title='bbox 2566 1336 2619 1378; x_wconf 91' lang='lat' dir='ltr'><strong>et</strong></span> <span class='ocrx_word' id='word_1_279' title='bbox 2653 1325 3012 1381; x_wconf 85' lang='lat' dir='ltr'><strong>lucidissimis</strong></span> <span class='ocrx_word' id='word_1_280' title='bbox 3044 1330 3478 1397; x_wconf 82' lang='lat' dir='ltr'><strong>cogitationibus</strong></span> 
     </span>
    </p>
   </div>
   <div class='ocr_carea' id='block_1_40' title="bbox 1909 1407 3481 1485">
    <p class='ocr_par' dir='ltr' id='par_1_40' title="bbox 1909 1407 3481 1485">
     <span class='ocr_line' id='line_1_40' title="bbox 1909 1407 3481 1485; baseline 0.012 -25"><span class='ocrx_word' id='word_1_281' title='bbox 1909 1407 1964 1461; x_wconf 85' lang='lat' dir='ltr'><strong>ﬁt</strong></span> <span class='ocrx_word' id='word_1_282' title='bbox 1992 1409 2206 1475; x_wconf 65' lang='lat' dir='ltr'><strong>animae,</strong></span> <span class='ocrx_word' id='word_1_283' title='bbox 2243 1408 2424 1465; x_wconf 82' lang='lat' dir='ltr'><strong>Solem</strong></span> <span class='ocrx_word' id='word_1_284' title='bbox 2454 1412 2682 1481; x_wconf 72' lang='lat' dir='ltr'><strong>justitia:</strong></span> <span class='ocrx_word' id='word_1_285' title='bbox 2746 1415 2800 1469; x_wconf 91' lang='lat' dir='ltr'><strong>in</strong></span> <span class='ocrx_word' id='word_1_286' title='bbox 2848 1416 3031 1485; x_wconf 89' lang='lat' dir='ltr'><strong>seipso</strong></span> <span class='ocrx_word' id='word_1_287' title='bbox 3077 1418 3282 1476; x_wconf 88' lang='lat' dir='ltr'><strong>habens</strong></span> <span class='ocrx_word' id='word_1_288' title='bbox 3315 1437 3481 1478; x_wconf 87' lang='lat' dir='ltr'><strong>coru-</strong></span> 
     </span>
    </p>
   </div>
   <div class='ocr_carea' id='block_1_41' title="bbox 1907 1503 3477 1581">
    <p class='ocr_par' dir='ltr' id='par_1_41' title="bbox 1907 1503 3477 1581">
     <span class='ocr_line' id='line_1_41' title="bbox 1907 1503 3477 1581; baseline 0.009 -26"><span class='ocrx_word' id='word_1_289' title='bbox 1907 1509 2154 1555; x_wconf 63' lang='lat' dir='ltr'><strong>scantem</strong></span> <span class='ocrx_word' id='word_1_290' title='bbox 2185 1503 2608 1575; x_wconf 71' lang='lat' dir='ltr'><strong>splendidos‘qne</strong></span> <span class='ocrx_word' id='word_1_291' title='bbox 2635 1507 2816 1562; x_wconf 84' lang='lat' dir='ltr'><strong>radios</strong></span> <span class='ocrx_word' id='word_1_292' title='bbox 2840 1509 3125 1581; x_wconf 61' lang='lat' dir='ltr'><strong>theologia</strong></span> <span class='ocrx_word' id='word_1_293' title='bbox 3143 1513 3198 1567; x_wconf 89' lang='lat' dir='ltr'><strong>in</strong></span> <span class='ocrx_word' id='word_1_294' title='bbox 3216 1516 3477 1569; x_wconf 90' lang='lat' dir='ltr'><strong>mundum</strong></span> 
     </span>
    </p>
   </div>
   <div class='ocr_carea' id='block_1_42' title="bbox 1909 1595 3482 1681">
    <p class='ocr_par' dir='ltr' id='par_1_42' title="bbox 1909 1595 3482 1681">
     <span class='ocr_line' id='line_1_42' title="bbox 1909 1595 3482 1681; baseline 0.01 -34"><span class='ocrx_word' id='word_1_295' title='bbox 1909 1595 2271 1650; x_wconf 80' lang='lat' dir='ltr'><strong>emittentem.</strong></span> <span class='ocrx_word' id='word_1_296' title='bbox 2312 1597 2470 1652; x_wconf 81' lang='lat' dir='ltr'><strong>liatio</strong></span> <span class='ocrx_word' id='word_1_297' title='bbox 2504 1610 2687 1654; x_wconf 90' lang='lat' dir='ltr'><strong>autem</strong></span> <span class='ocrx_word' id='word_1_298' title='bbox 2728 1601 2833 1671; x_wconf 84' lang='lat' dir='ltr'><strong>ipsi</strong></span> <span class='ocrx_word' id='word_1_299' title='bbox 2881 1604 3169 1673; x_wconf 83' lang='lat' dir='ltr'><strong>puriﬁcata</strong></span> <span class='ocrx_word' id='word_1_300' title='bbox 3203 1622 3299 1676; x_wconf 90' lang='lat' dir='ltr'><strong>per</strong></span> <span class='ocrx_word' id='word_1_301' title='bbox 3326 1608 3482 1681; x_wconf 83' lang='lat' dir='ltr'><strong>abys-</strong></span> 
     </span>
    </p>
   </div>
   <div class='ocr_carea' id='block_1_43' title="bbox 1911 1689 3483 1765">
    <p class='ocr_par' dir='ltr' id='par_1_43' title="bbox 1911 1689 3483 1765">
     <span class='ocr_line' id='line_1_43' title="bbox 1911 1689 3483 1765; baseline 0.011 -27"><span class='ocrx_word' id='word_1_302' title='bbox 1911 1699 2030 1738; x_wconf 88' lang='lat' dir='ltr'><strong>sum</strong></span> <span class='ocrx_word' id='word_1_303' title='bbox 2064 1689 2372 1757; x_wconf 67' lang='lat' dir='ltr'><strong>sapientiat,</strong></span> <span class='ocrx_word' id='word_1_304' title='bbox 2399 1691 2678 1759; x_wconf 78' lang='lat' dir='ltr'><strong>simplices</strong></span> <span class='ocrx_word' id='word_1_305' title='bbox 2700 1704 2755 1749; x_wconf 94' lang='lat' dir='ltr'><strong>ct</strong></span> <span class='ocrx_word' id='word_1_306' title='bbox 2780 1710 2946 1765; x_wconf 88' lang='lat' dir='ltr'><strong>puras</strong></span> <span class='ocrx_word' id='word_1_307' title='bbox 2981 1696 3048 1751; x_wconf 88' lang='lat' dir='ltr'><strong>ad</strong></span> <span class='ocrx_word' id='word_1_308' title='bbox 3081 1697 3231 1753; x_wconf 90' lang='lat' dir='ltr'><strong>illum</strong></span> <span class='ocrx_word' id='word_1_309' title='bbox 3257 1698 3483 1756; x_wconf 83' lang='lat' dir='ltr'><strong>adducit</strong></span> 
     </span>
    </p>
   </div>
   <div class='ocr_carea' id='block_1_44' title="bbox 1914 1780 3483 1863">
    <p class='ocr_par' dir='ltr' id='par_1_44' title="bbox 1914 1780 3483 1863">
     <span class='ocr_line' id='line_1_44' title="bbox 1914 1780 3483 1863; baseline 0.013 -34"><span class='ocrx_word' id='word_1_310' title='bbox 1914 1792 2095 1832; x_wconf 87' lang='lat' dir='ltr'><strong>rerum</strong></span> <span class='ocrx_word' id='word_1_311' title='bbox 2148 1780 2300 1834; x_wconf 83' lang='lat' dir='ltr'><strong>ideas</strong></span> <span class='ocrx_word' id='word_1_312' title='bbox 2350 1792 2405 1835; x_wconf 92' lang='lat' dir='ltr'><strong>et</strong></span> <span class='ocrx_word' id='word_1_313' title='bbox 2455 1785 2813 1841; x_wconf 83' lang='lat' dir='ltr'><strong>revelationes</strong></span> <span class='ocrx_word' id='word_1_314' title='bbox 2866 1788 3318 1847; x_wconf 78' lang='lat' dir='ltr'><strong>absconditorutn</strong></span> <span class='ocrx_word' id='word_1_315' title='bbox 3381 1810 3483 1863; x_wconf 87' lang='lat' dir='ltr'><strong>pa-</strong></span> 
     </span>
    </p>
   </div>
   <div class='ocr_carea' id='block_1_45' title="bbox 1914 1870 3486 1945">
    <p class='ocr_par' dir='ltr' id='par_1_45' title="bbox 1914 1870 3486 1945">
     <span class='ocr_line' id='line_1_45' title="bbox 1914 1870 3486 1945; baseline 0.008 -22"><span class='ocrx_word' id='word_1_316' title='bbox 1914 1878 2111 1934; x_wconf 86' lang='lat' dir='ltr'><strong>lentes,</strong></span> <span class='ocrx_word' id='word_1_317' title='bbox 2142 1870 2208 1924; x_wconf 87' lang='lat' dir='ltr'><strong>ad</strong></span> <span class='ocrx_word' id='word_1_318' title='bbox 2242 1873 2524 1927; x_wconf 87' lang='lat' dir='ltr'><strong>sciendum</strong></span> <span class='ocrx_word' id='word_1_319' title='bbox 2562 1891 2685 1945; x_wconf 72' lang='lat' dir='ltr'><strong>qua:</strong></span> <span class='ocrx_word' id='word_1_320' title='bbox 2704 1877 2774 1931; x_wconf 90' lang='lat' dir='ltr'><strong>sit</strong></span> <span class='ocrx_word' id='word_1_321' title='bbox 2804 1878 3058 1945; x_wconf 80' lang='lat' dir='ltr'><strong>latitudo,</strong></span> <span class='ocrx_word' id='word_1_322' title='bbox 3089 1889 3144 1936; x_wconf 90' lang='lat' dir='ltr'><strong>et</strong></span> <span class='ocrx_word' id='word_1_323' title='bbox 3178 1884 3486 1938; x_wconf 69' lang='lat' dir='ltr'><strong>sublimitas</strong></span> 
     </span>
    </p>
   </div>
   <div class='ocr_carea' id='block_1_46' title="bbox 1910 1962 3485 2039">
    <p class='ocr_par' dir='ltr' id='par_1_46' title="bbox 1910 1962 3485 2039">
     <span class='ocr_line' id='line_1_46' title="bbox 1910 1962 3485 2039; baseline 0.011 -28"><span class='ocrx_word' id='word_1_324' title='bbox 1910 1969 1963 2012; x_wconf 86' lang='lat' dir='ltr'><strong>et</strong></span> <span class='ocrx_word' id='word_1_325' title='bbox 1993 1962 2319 2029; x_wconf 76' lang='lat' dir='ltr'><strong>profundunt</strong></span> <span class='ocrx_word' id='word_1_326' title='bbox 2356 1966 2597 2019; x_wconf 69' lang='lat' dir='ltr'><strong>seienlia:</strong></span> <span class='ocrx_word' id='word_1_327' title='bbox 2636 1967 2751 2021; x_wconf 82' lang='lat' dir='ltr'><strong>Dei.</strong></span> <span class='ocrx_word' id='word_1_328' title='bbox 2779 1970 2959 2039; x_wconf 83' lang='lat' dir='ltr'><strong>Atque</strong></span> <span class='ocrx_word' id='word_1_329' title='bbox 3001 1970 3123 2027; x_wconf 85' lang='lat' dir='ltr'><strong>illas</strong></span> <span class='ocrx_word' id='word_1_330' title='bbox 3158 1976 3485 2030; x_wconf 75' lang='lat' dir='ltr'><strong>naturaliter</strong></span> 
     </span>
    </p>
   </div>
   <div class='ocr_carea' id='block_1_47' title="bbox 1910 2051 3485 2136">
    <p class='ocr_par' dir='ltr' id='par_1_47' title="bbox 1910 2051 3485 2136">
     <span class='ocr_line' id='line_1_47' title="bbox 1910 2051 3485 2136; baseline 0.011 -33"><span class='ocrx_word' id='word_1_331' title='bbox 1910 2051 2224 2121; x_wconf 77' lang='lat' dir='ltr'><strong>complexus</strong></span> <span class='ocrx_word' id='word_1_332' title='bbox 2242 2054 2686 2115; x_wconf 76' lang='lat' dir='ltr'><strong>animus,ret&#39;elat</strong></span> <span class='ocrx_word' id='word_1_333' title='bbox 2709 2060 2976 2129; x_wconf 82' lang='lat' dir='ltr'><strong>profunda</strong></span> <span class='ocrx_word' id='word_1_334' title='bbox 2998 2061 3341 2136; x_wconf 81' lang='lat' dir='ltr'><strong>Spiritusper</strong></span> <span class='ocrx_word' id='word_1_335' title='bbox 3364 2084 3485 2121; x_wconf 84' lang='lat' dir='ltr'><strong>ver-</strong></span> 
     </span>
    </p>
   </div>
   <div class='ocr_carea' id='block_1_48' title="bbox 1912 2142 3486 2219">
    <p class='ocr_par' dir='ltr' id='par_1_48' title="bbox 1912 2142 3486 2219">
     <span class='ocr_line' id='line_1_48' title="bbox 1912 2142 3486 2219; baseline 0.01 -26"><span class='ocrx_word' id='word_1_336' title='bbox 1912 2144 2037 2193; x_wconf 87' lang='lat' dir='ltr'><strong>bum</strong></span> <span class='ocrx_word' id='word_1_337' title='bbox 2074 2142 2324 2197; x_wconf 86' lang='lat' dir='ltr'><strong>ntnnibus</strong></span> <span class='ocrx_word' id='word_1_338' title='bbox 2356 2146 2446 2212; x_wconf 88' lang='lat' dir='ltr'><strong>qui</strong></span> <span class='ocrx_word' id='word_1_339' title='bbox 2475 2145 2717 2200; x_wconf 86' lang='lat' dir='ltr'><strong>divinum</strong></span> <span class='ocrx_word' id='word_1_340' title='bbox 2751 2149 2947 2204; x_wconf 83' lang='lat' dir='ltr'><strong>habent</strong></span> <span class='ocrx_word' id='word_1_341' title='bbox 2978 2151 3239 2219; x_wconf 87' lang='lat' dir='ltr'><strong>Spiritum</strong></span> <span class='ocrx_word' id='word_1_342' title='bbox 3287 2156 3339 2208; x_wconf 92' lang='lat' dir='ltr'><strong>in</strong></span> <span class='ocrx_word' id='word_1_343' title='bbox 3401 2159 3486 2209; x_wconf 82' lang='lat' dir='ltr'><strong>vi-</strong></span> 
     </span>
    </p>
   </div>
   <div class='ocr_carea' id='block_1_49' title="bbox 1910 2231 3486 2319">
    <p class='ocr_par' dir='ltr' id='par_1_49' title="bbox 1910 2231 3486 2319">
     <span class='ocr_line' id='line_1_49' title="bbox 1910 2231 3486 2319; baseline 0.011 -33"><span class='ocrx_word' id='word_1_344' title='bbox 1910 2247 2018 2286; x_wconf 59' lang='grc' dir='ltr'>δίει</span> <span class='ocrx_word' id='word_1_345' title='bbox 2035 2231 2066 2285; x_wconf 73' lang='grc' dir='ltr'><strong>ἱ</strong></span> <span class='ocrx_word' id='word_1_346' title='bbox 2093 2248 2179 2299; x_wconf 85' lang='lat' dir='ltr'><strong>us,</strong></span> <span class='ocrx_word' id='word_1_347' title='bbox 2205 2248 2266 2288; x_wconf 81' lang='lat' dir='ltr'><strong>ac</strong></span> <span class='ocrx_word' id='word_1_348' title='bbox 2294 2235 2532 2307; x_wconf 76' lang='lat' dir='ltr'><strong>divulgat</strong></span> <span class='ocrx_word' id='word_1_349' title='bbox 2558 2239 2947 2297; x_wconf 64' lang='lat' dir='ltr'><strong>daemoniorum</strong></span> <span class='ocrx_word' id='word_1_350' title='bbox 2965 2244 3138 2311; x_wconf 78' lang='lat' dir='ltr'><strong>dolos,</strong></span> <span class='ocrx_word' id='word_1_351' title='bbox 3157 2254 3211 2301; x_wconf 90' lang='lat' dir='ltr'><strong>et</strong></span> <span class='ocrx_word' id='word_1_352' title='bbox 3227 2251 3486 2319; x_wconf 76' lang='lat' dir='ltr'><strong>mysteria</strong></span> 
     </span>
    </p>
   </div>
   <div class='ocr_carea' id='block_1_50' title="bbox 1913 2326 2581 2400">
    <p class='ocr_par' dir='ltr' id='par_1_50' title="bbox 1913 2326 2581 2400">
     <span class='ocr_line' id='line_1_50' title="bbox 1913 2326 2581 2400; baseline 0.009 -22"><span class='ocrx_word' id='word_1_353' title='bbox 1913 2334 2098 2381; x_wconf 83' lang='lat' dir='ltr'><strong>narrat</strong></span> <span class='ocrx_word' id='word_1_354' title='bbox 2123 2326 2271 2400; x_wconf 74' lang='lat' dir='ltr'><strong>regni</strong></span> <span class='ocrx_word' id='word_1_355' title='bbox 2297 2330 2581 2385; x_wconf 61' lang='lat' dir='ltr'><strong>calorum.</strong></span> 
     </span>
    </p>
   </div>
   <div class='ocr_carea' id='block_1_51' title="bbox 1976 2598 3485 2681">
    <p class='ocr_par' dir='ltr' id='par_1_51' title="bbox 1976 2598 3485 2681">
     <span class='ocr_line' id='line_1_51' title="bbox 1976 2598 3485 2681; baseline 0.008 -26"><span class='ocrx_word' id='word_1_356' title='bbox 1976 2600 2064 2655; x_wconf 83' lang='lat'><strong>68.</strong></span> <span class='ocrx_word' id='word_1_357' title='bbox 2096 2598 2404 2672; x_wconf 90' lang='lat' dir='ltr'><strong>Corporeos</strong></span> <span class='ocrx_word' id='word_1_358' title='bbox 2440 2612 2619 2658; x_wconf 88' lang='lat' dir='ltr'><strong>motus</strong></span> <span class='ocrx_word' id='word_1_359' title='bbox 2668 2613 2720 2659; x_wconf 89' lang='lat' dir='ltr'><strong>et</strong></span> <span class='ocrx_word' id='word_1_360' title='bbox 2750 2606 3006 2675; x_wconf 66' lang='lat' dir='ltr'><strong>‘iinpetus</strong></span> <span class='ocrx_word' id='word_1_361' title='bbox 3075 2609 3261 2665; x_wconf 87' lang='lat' dir='ltr'><strong>carnis</strong></span> <span class='ocrx_word' id='word_1_362' title='bbox 3307 2610 3485 2681; x_wconf 85' lang='lat' dir='ltr'><strong>repri-</strong></span> 
     </span>
    </p>
   </div>
   <div class='ocr_carea' id='block_1_52' title="bbox 1908 2698 3483 2771">
    <p class='ocr_par' dir='ltr' id='par_1_52' title="bbox 1908 2698 3483 2771">
     <span class='ocr_line' id='line_1_52' title="bbox 1908 2698 3483 2771; baseline 0.008 -22"><span class='ocrx_word' id='word_1_363' title='bbox 1908 2704 2065 2749; x_wconf 91' lang='lat' dir='ltr'><strong>munt</strong></span> <span class='ocrx_word' id='word_1_364' title='bbox 2111 2698 2495 2765; x_wconf 83' lang='lat' dir='ltr'><strong>temperantia,</strong></span> <span class='ocrx_word' id='word_1_365' title='bbox 2542 2698 2812 2766; x_wconf 74' lang='lat' dir='ltr'><strong>jejunium</strong></span> <span class='ocrx_word' id='word_1_366' title='bbox 2855 2708 2911 2753; x_wconf 90' lang='lat' dir='ltr'><strong>et</strong></span> <span class='ocrx_word' id='word_1_367' title='bbox 2956 2700 3119 2755; x_wconf 77' lang='lat' dir='ltr'><strong>lucta:</strong></span> <span class='ocrx_word' id='word_1_368' title='bbox 3148 2701 3483 2771; x_wconf 89' lang='lat' dir='ltr'><strong>spirituales.</strong></span> 
     </span>
    </p>
   </div>
   <div class='ocr_carea' id='block_1_53' title="bbox 1907 2787 3485 2868">
    <p class='ocr_par' dir='ltr' id='par_1_53' title="bbox 1907 2787 3485 2868">
     <span class='ocr_line' id='line_1_53' title="bbox 1907 2787 3485 2868; baseline 0.006 -26"><span class='ocrx_word' id='word_1_369' title='bbox 1907 2787 2152 2843; x_wconf 80' lang='lat' dir='ltr'><strong>Ardores</strong></span> <span class='ocrx_word' id='word_1_370' title='bbox 2186 2796 2367 2841; x_wconf 85' lang='lat' dir='ltr'><strong>autem</strong></span> <span class='ocrx_word' id='word_1_371' title='bbox 2401 2789 2601 2844; x_wconf 73' lang='lat' dir='ltr'><strong>animae</strong></span> <span class='ocrx_word' id='word_1_372' title='bbox 2639 2792 2935 2861; x_wconf 86' lang='lat' dir='ltr'><strong>cordisque</strong></span> <span class='ocrx_word' id='word_1_373' title='bbox 2973 2801 3224 2851; x_wconf 86' lang='lat' dir='ltr'><strong>tumores</strong></span> <span class='ocrx_word' id='word_1_374' title='bbox 3259 2795 3485 2868; x_wconf 74' lang='lat' dir='ltr'><strong>refrige-</strong></span> 
     </span>
    </p>
   </div>
   <div class='ocr_carea' id='block_1_54' title="bbox 1909 2879 3487 2952">
    <p class='ocr_par' dir='ltr' id='par_1_54' title="bbox 1909 2879 3487 2952">
     <span class='ocr_line' id='line_1_54' title="bbox 1909 2879 3487 2952; baseline 0.006 -17"><span class='ocrx_word' id='word_1_375' title='bbox 1909 2889 1997 2935; x_wconf 86' lang='lat' dir='ltr'><strong>rat</strong></span> <span class='ocrx_word' id='word_1_376' title='bbox 2052 2879 2362 2935; x_wconf 83' lang='lat' dir='ltr'><strong>divinarum</strong></span> <span class='ocrx_word' id='word_1_377' title='bbox 2424 2879 2838 2952; x_wconf 88' lang='lat' dir='ltr'><strong>Scripturarum</strong></span> <span class='ocrx_word' id='word_1_378' title='bbox 2894 2885 3057 2940; x_wconf 91' lang='lat' dir='ltr'><strong>lectio</strong></span> <span class='ocrx_word' id='word_1_379' title='bbox 3120 2898 3175 2943; x_wconf 89' lang='lat' dir='ltr'><strong>et</strong></span> <span class='ocrx_word' id='word_1_380' title='bbox 3230 2889 3487 2946; x_wconf 84' lang='lat' dir='ltr'><strong>humiliat</strong></span> 
     </span>
    </p>
   </div>
   <div class='ocr_carea' id='block_1_55' title="bbox 1910 2978 3483 3051">
    <p class='ocr_par' dir='ltr' id='par_1_55' title="bbox 1910 2978 3483 3051">
     <span class='ocr_line' id='line_1_55' title="bbox 1910 2978 3483 3051; baseline 0.006 -22"><span class='ocrx_word' id='word_1_381' title='bbox 1910 2979 2173 3032; x_wconf 89' lang='lat' dir='ltr'><strong>continua</strong></span> <span class='ocrx_word' id='word_1_382' title='bbox 2200 2978 2400 3043; x_wconf 88' lang='lat' dir='ltr'><strong>oratio,</strong></span> <span class='ocrx_word' id='word_1_383' title='bbox 2430 2986 2483 3031; x_wconf 88' lang='lat' dir='ltr'><strong>et</strong></span> <span class='ocrx_word' id='word_1_384' title='bbox 2515 2981 2663 3033; x_wconf 81' lang='lat' dir='ltr'><strong>sicut</strong></span> <span class='ocrx_word' id='word_1_385' title='bbox 2693 2979 3041 3051; x_wconf 81' lang='lat' dir='ltr'><strong>eleetnosyna</strong></span> <span class='ocrx_word' id='word_1_386' title='bbox 3062 2982 3333 3038; x_wconf 75' lang='lat' dir='ltr'><strong>csbilarat</strong></span> <span class='ocrx_word' id='word_1_387' title='bbox 3354 2983 3483 3039; x_wconf 85' lang='lat' dir='ltr'><strong>illos</strong></span> 
     </span>
    </p>
   </div>
   <div class='ocr_carea' id='block_1_56' title="bbox 1912 3070 2288 3140">
    <p class='ocr_par' dir='ltr' id='par_1_56' title="bbox 1912 3070 2288 3140">
     <span class='ocr_line' id='line_1_56' title="bbox 1912 3070 2288 3140; baseline 0.005 -15"><span class='ocrx_word' id='word_1_388' title='bbox 1912 3070 2288 3140; x_wconf 71' lang='lat' dir='ltr'><strong>compulit-tiu.</strong></span> 
     </span>
    </p>
   </div>
   <div class='ocr_carea' id='block_1_57' title="bbox 313 3159 1822 3246">
    <p class='ocr_par' dir='ltr' id='par_1_57' title="bbox 313 3159 1822 3238">
     <span class='ocr_line' id='line_1_57' title="bbox 313 3159 1822 3238; baseline -0.002 -22"><span class='ocrx_word' id='word_1_389' title='bbox 313 3164 413 3229; x_wconf 81' lang='grc' dir='ltr'>ξθ’.</span> <span class='ocrx_word' id='word_1_390' title='bbox 438 3164 609 3218; x_wconf 76' lang='grc' dir='ltr'>υύδὲν</span> <span class='ocrx_word' id='word_1_391' title='bbox 638 3163 811 3229; x_wconf 78' lang='grc' dir='ltr'>οὕτως</span> <span class='ocrx_word' id='word_1_392' title='bbox 852 3164 1060 3238; x_wconf 75' lang='grc' dir='ltr'>ἕτερον,</span> <span class='ocrx_word' id='word_1_393' title='bbox 1095 3165 1171 3229; x_wconf 84' lang='grc' dir='ltr'>ὡς</span> <span class='ocrx_word' id='word_1_394' title='bbox 1214 3163 1349 3235; x_wconf 79' lang='grc' dir='ltr'>εὐχὴ</span> <span class='ocrx_word' id='word_1_395' title='bbox 1380 3160 1601 3229; x_wconf 84' lang='grc' dir='ltr'>καθαρά</span> <span class='ocrx_word' id='word_1_396' title='bbox 1629 3176 1688 3213; x_wconf 86' lang='grc' dir='ltr'><strong>τε</strong></span> <span class='ocrx_word' id='word_1_397' title='bbox 1729 3159 1822 3214; x_wconf 71' lang='grc' dir='ltr'><strong>καὶ</strong></span> 
     </span>
    </p>
   </div>
   <div class='ocr_carea' id='block_1_58' title="bbox 1916 3159 3483 3246">
    <p class='ocr_par' dir='ltr' id='par_1_58' title="bbox 1988 3162 3483 3237">
     <span class='ocr_line' id='line_1_58' title="bbox 1988 3162 3483 3237; baseline 0.007 -22"><span class='ocrx_word' id='word_1_398' title='bbox 1988 3163 2078 3217; x_wconf 78' lang='lat'><strong>60.</strong></span> <span class='ocrx_word' id='word_1_399' title='bbox 2104 3162 2250 3216; x_wconf 84' lang='lat' dir='ltr'><strong>Nihil</strong></span> <span class='ocrx_word' id='word_1_400' title='bbox 2273 3163 2443 3229; x_wconf 83' lang='lat' dir='ltr'><strong>aliud,</strong></span> <span class='ocrx_word' id='word_1_401' title='bbox 2476 3164 2620 3220; x_wconf 90' lang='lat' dir='ltr'><strong>sicut</strong></span> <span class='ocrx_word' id='word_1_402' title='bbox 2642 3165 2821 3219; x_wconf 88' lang='lat' dir='ltr'><strong>oratio</strong></span> <span class='ocrx_word' id='word_1_403' title='bbox 2851 3181 2984 3235; x_wconf 87' lang='lat' dir='ltr'><strong>pura</strong></span> <span class='ocrx_word' id='word_1_404' title='bbox 3006 3175 3061 3222; x_wconf 90' lang='lat' dir='ltr'><strong>et</strong></span> <span class='ocrx_word' id='word_1_405' title='bbox 3084 3168 3483 3237; x_wconf 84' lang='lat' dir='ltr'><strong>nnmaterialis,</strong></span> 
     </span>
    </p>
   </div>
   <div class='ocr_carea' id='block_1_59' title="bbox 235 3251 1829 3328">
    <p class='ocr_par' dir='ltr' id='par_1_59' title="bbox 235 3251 1829 3328">
     <span class='ocr_line' id='line_1_59' title="bbox 235 3251 1829 3328; baseline -0.005 -16"><span class='ocrx_word' id='word_1_406' title='bbox 235 3256 427 3320; x_wconf 72' lang='grc' dir='ltr'>ᾰῦῗιος,</span> <span class='ocrx_word' id='word_1_407' title='bbox 460 3256 749 3326; x_wconf 81' lang='grc' dir='ltr'>συνόμιλον</span> <span class='ocrx_word' id='word_1_408' title='bbox 783 3257 860 3327; x_wconf 84' lang='grc' dir='ltr'>τῷ</span> <span class='ocrx_word' id='word_1_409' title='bbox 892 3256 1014 3328; x_wconf 87' lang='grc' dir='ltr'><strong>Θεῷ</strong></span> <span class='ocrx_word' id='word_1_410' title='bbox 1056 3258 1146 3310; x_wconf 78' lang='grc' dir='ltr'><strong>τὸν</strong></span> <span class='ocrx_word' id='word_1_411' title='bbox 1182 3256 1473 3327; x_wconf 76' lang='grc' dir='ltr'>ἄνθρωπον</span> <span class='ocrx_word' id='word_1_412' title='bbox 1517 3251 1829 3323; x_wconf 75' lang='grc' dir='ltr'>ἀπεργάζε-</span> 
     </span>
    </p>
   </div>
   <div class='ocr_carea' id='block_1_60' title="bbox 228 3343 1828 3418">
    <p class='ocr_par' dir='ltr' id='par_1_60' title="bbox 228 3343 1828 3418">
     <span class='ocr_line' id='line_1_60' title="bbox 228 3343 1828 3418; baseline -0.003 -17"><span class='ocrx_word' id='word_1_413' title='bbox 228 3366 348 3415; x_wconf 84' lang='grc' dir='ltr'>ται,</span> <span class='ocrx_word' id='word_1_414' title='bbox 398 3347 494 3402; x_wconf 67' lang='grc' dir='ltr'><strong>καὶ</strong></span> <span class='ocrx_word' id='word_1_415' title='bbox 539 3347 696 3401; x_wconf 77' lang='grc' dir='ltr'>ἑνοῦν</span> <span class='ocrx_word' id='word_1_416' title='bbox 742 3343 884 3403; x_wconf 84' lang='grc' dir='ltr'>οἶδεν</span> <span class='ocrx_word' id='word_1_417' title='bbox 915 3348 1067 3418; x_wconf 79' lang='grc' dir='ltr'>αὐτῷ</span> <span class='ocrx_word' id='word_1_418' title='bbox 1097 3350 1191 3402; x_wconf 84' lang='grc' dir='ltr'><strong>τὸν</strong></span> <span class='ocrx_word' id='word_1_419' title='bbox 1225 3347 1371 3418; x_wconf 83' lang='grc' dir='ltr'>λόγῳ</span> <span class='ocrx_word' id='word_1_420' title='bbox 1402 3346 1828 3417; x_wconf 77' lang='grc' dir='ltr'>ἀπερισπάστως</span> 
     </span>
    </p>
   </div>
   <div class='ocr_carea' id='block_1_61' title="bbox 233 3436 1828 3511">
    <p class='ocr_par' dir='ltr' id='par_1_61' title="bbox 233 3436 1828 3511">
     <span class='ocr_line' id='line_1_61' title="bbox 233 3436 1828 3511; baseline -0.001 -21"><span class='ocrx_word' id='word_1_421' title='bbox 233 3437 378 3507; x_wconf 77' lang='grc' dir='ltr'>μετὰ</span> <span class='ocrx_word' id='word_1_422' title='bbox 407 3437 724 3509; x_wconf 86' lang='grc' dir='ltr'>πνεύματος</span> <span class='ocrx_word' id='word_1_423' title='bbox 766 3440 1205 3510; x_wconf 81' lang='grc' dir='ltr'>προσευχόμενον</span> <span class='ocrx_word' id='word_1_424' title='bbox 1225 3456 1239 3468; x_wconf 89' lang='grc'><strong>·</strong></span> <span class='ocrx_word' id='word_1_425' title='bbox 1271 3438 1436 3511; x_wconf 77' lang='grc' dir='ltr'>ἡνίκα</span> <span class='ocrx_word' id='word_1_426' title='bbox 1481 3439 1575 3495; x_wconf 75' lang='grc' dir='ltr'>καὶ</span> <span class='ocrx_word' id='word_1_427' title='bbox 1599 3440 1714 3501; x_wconf 86' lang='grc' dir='ltr'>τοῖς</span> <span class='ocrx_word' id='word_1_428' title='bbox 1735 3436 1828 3489; x_wconf 83' lang='grc' dir='ltr'>δά-</span> 
     </span>
    </p>
   </div>
   <div class='ocr_carea' id='block_1_62' title="bbox 231 3528 1828 3603">
    <p class='ocr_par' dir='ltr' id='par_1_62' title="bbox 231 3528 1828 3603">
     <span class='ocr_line' id='line_1_62' title="bbox 231 3528 1828 3603; baseline -0.001 -21"><span class='ocrx_word' id='word_1_429' title='bbox 231 3546 433 3602; x_wconf 83' lang='grc' dir='ltr'>κρυσιν</span> <span class='ocrx_word' id='word_1_430' title='bbox 482 3532 952 3603; x_wconf 82' lang='grc' dir='ltr'>ἀποσμηχομένην</span> <span class='ocrx_word' id='word_1_431' title='bbox 1000 3533 1112 3602; x_wconf 72' lang='grc' dir='ltr'>ἔχει</span> <span class='ocrx_word' id='word_1_432' title='bbox 1162 3532 1263 3601; x_wconf 82' lang='grc' dir='ltr'><strong>τὴν</strong></span> <span class='ocrx_word' id='word_1_433' title='bbox 1310 3532 1447 3585; x_wconf 76' lang='grc' dir='ltr'>ἰδίαν</span> <span class='ocrx_word' id='word_1_434' title='bbox 1506 3530 1705 3599; x_wconf 69' lang='grc' dir='ltr'>ψυχὴν,</span> <span class='ocrx_word' id='word_1_435' title='bbox 1752 3528 1828 3598; x_wconf 85' lang='grc' dir='ltr'>τῷ</span> 
     </span>
    </p>
   </div>
   <div class='ocr_carea' id='block_1_63' title="bbox 231 3624 1828 3697">
    <p class='ocr_par' dir='ltr' id='par_1_63' title="bbox 231 3624 1828 3697">
     <span class='ocr_line' id='line_1_63' title="bbox 231 3624 1828 3697; baseline 0.001 -21"><span class='ocrx_word' id='word_1_436' title='bbox 231 3624 354 3695; x_wconf 77' lang='grc' dir='ltr'>ἡδεῖ</span> <span class='ocrx_word' id='word_1_437' title='bbox 374 3639 437 3697; x_wconf 75' lang='grc' dir='ltr'><strong>τε</strong></span> <span class='ocrx_word' id='word_1_438' title='bbox 480 3626 1061 3696; x_wconf 79' lang='grc' dir='ltr'>καταγλυκαινομένην</span> <span class='ocrx_word' id='word_1_439' title='bbox 1086 3625 1186 3695; x_wconf 80' lang='grc' dir='ltr'>τῆς</span> <span class='ocrx_word' id='word_1_440' title='bbox 1217 3624 1587 3690; x_wconf 80' lang='grc' dir='ltr'>κατανύξεως,</span> <span class='ocrx_word' id='word_1_441' title='bbox 1626 3626 1719 3679; x_wconf 81' lang='grc' dir='ltr'><strong>καὶ</strong></span> <span class='ocrx_word' id='word_1_442' title='bbox 1751 3625 1828 3697; x_wconf 78' lang='grc' dir='ltr'>τῷ</span> 
     </span>
    </p>
   </div>
   <div class='ocr_carea' id='block_1_64' title="bbox 235 3715 1450 3787">
    <p class='ocr_par' dir='ltr' id='par_1_64' title="bbox 235 3715 1450 3787">
     <span class='ocr_line' id='line_1_64' title="bbox 235 3715 1450 3787; baseline 0.002 -20"><span class='ocrx_word' id='word_1_443' title='bbox 235 3715 382 3782; x_wconf 57' lang='grc' dir='ltr'>γνωτὶ</span> <span class='ocrx_word' id='word_1_444' title='bbox 418 3715 946 3787; x_wconf 71' lang='grc' dir='ltr'>καταφωτιζομένην</span> <span class='ocrx_word' id='word_1_445' title='bbox 978 3716 1074 3770; x_wconf 78' lang='grc' dir='ltr'><strong>τοῦ</strong></span> <span class='ocrx_word' id='word_1_446' title='bbox 1108 3717 1450 3787; x_wconf 84' lang='grc' dir='ltr'>Πνεύματος.</span> 
     </span>
    </p>
   </div>
   <div class='ocr_carea' id='block_1_65' title="bbox 305 3812 1829 3884">
    <p class='ocr_par' dir='ltr' id='par_1_65' title="bbox 305 3812 1829 3884">
     <span class='ocr_line' id='line_1_65' title="bbox 305 3812 1829 3884; baseline -0.001 -18"><span class='ocrx_word' id='word_1_447' title='bbox 305 3813 370 3868; x_wconf 90' lang='lat' dir='ltr'><strong>o&#39;.</strong></span> <span class='ocrx_word' id='word_1_448' title='bbox 403 3814 567 3883; x_wconf 74' lang='grc' dir='ltr'><strong>Καὶὴ</strong></span> <span class='ocrx_word' id='word_1_449' title='bbox 602 3816 838 3882; x_wconf 86' lang='grc' dir='ltr'>ποσότης</span> <span class='ocrx_word' id='word_1_450' title='bbox 873 3815 934 3867; x_wconf 84' lang='grc' dir='ltr'>ἐν</span> <span class='ocrx_word' id='word_1_451' title='bbox 964 3815 1085 3877; x_wconf 73' lang='grc' dir='ltr'>ταῖς</span> <span class='ocrx_word' id='word_1_452' title='bbox 1116 3813 1228 3868; x_wconf 86' lang='grc' dir='ltr'><strong>τῶν</strong></span> <span class='ocrx_word' id='word_1_453' title='bbox 1262 3814 1439 3884; x_wconf 83' lang='grc' dir='ltr'>εὐχῶν</span> <span class='ocrx_word' id='word_1_454' title='bbox 1482 3812 1829 3884; x_wconf 82' lang='grc' dir='ltr'>ψαλμῳδίαις</span> 
     </span>
    </p>
   </div>
   <div class='ocr_carea' id='block_1_66' title="bbox 234 3902 1830 3975">
    <p class='ocr_par' dir='ltr' id='par_1_66' title="bbox 234 3902 1830 3975">
     <span class='ocr_line' id='line_1_66' title="bbox 234 3902 1830 3975; baseline 0.001 -19"><span class='ocrx_word' id='word_1_455' title='bbox 234 3903 461 3973; x_wconf 80' lang='grc' dir='ltr'>ἀρίστη,</span> <span class='ocrx_word' id='word_1_456' title='bbox 520 3902 685 3971; x_wconf 66' lang='grc' dir='ltr'><strong>⁴ἡνίκα</strong></span> <span class='ocrx_word' id='word_1_457' title='bbox 737 3902 943 3973; x_wconf 79' lang='grc' dir='ltr'>ταύτης</span> <span class='ocrx_word' id='word_1_458' title='bbox 992 3904 1261 3975; x_wconf 79' lang='grc' dir='ltr'>καρτερία</span> <span class='ocrx_word' id='word_1_459' title='bbox 1342 3908 1667 3975; x_wconf 85' lang='grc' dir='ltr'>προηγεῖται</span> <span class='ocrx_word' id='word_1_460' title='bbox 1735 3904 1830 3961; x_wconf 85' lang='grc' dir='ltr'>καὶ</span> 
     </span>
    </p>
   </div>
   <div class='ocr_carea' id='block_1_67' title="bbox 237 3994 1830 4068">
    <p class='ocr_par' dir='ltr' id='par_1_67' title="bbox 237 3994 1830 4068">
     <span class='ocr_line' id='line_1_67' title="bbox 237 3994 1830 4068; baseline -0.001 -19"><span class='ocrx_word' id='word_1_461' title='bbox 237 3996 514 4065; x_wconf 80' lang='grc' dir='ltr'>προσοχή.</span> <span class='ocrx_word' id='word_1_462' title='bbox 555 3994 696 4047; x_wconf 82' lang='grc' dir='ltr'><strong>Ἀλλ’</strong></span> <span class='ocrx_word' id='word_1_463' title='bbox 731 3998 764 4064; x_wconf 79' lang='grc' dir='ltr'><strong>ἡ</strong></span> <span class='ocrx_word' id='word_1_464' title='bbox 824 3996 1048 4067; x_wconf 82' lang='grc' dir='ltr'>ποιότης</span> <span class='ocrx_word' id='word_1_465' title='bbox 1104 3998 1223 4050; x_wconf 69' lang='grc' dir='ltr'>ἐστὶ</span> <span class='ocrx_word' id='word_1_466' title='bbox 1274 3997 1335 4049; x_wconf 85' lang='grc' dir='ltr'>τὺ</span> <span class='ocrx_word' id='word_1_467' title='bbox 1383 3997 1687 4067; x_wconf 79' lang='grc' dir='ltr'>ζωογονοῦν</span> <span class='ocrx_word' id='word_1_468' title='bbox 1730 3997 1830 4068; x_wconf 77' lang='grc' dir='ltr'>τὴν</span> 
     </span>
    </p>
   </div>
   <div class='ocr_carea' id='block_1_68' title="bbox 232 4088 1829 4160">
    <p class='ocr_par' dir='ltr' id='par_1_68' title="bbox 232 4088 1829 4160">
     <span class='ocr_line' id='line_1_68' title="bbox 232 4088 1829 4160; baseline -0.002 -21"><span class='ocrx_word' id='word_1_469' title='bbox 232 4088 438 4157; x_wconf 71' lang='grc' dir='ltr'>ψυχὴν,</span> <span class='ocrx_word' id='word_1_470' title='bbox 457 4088 491 4156; x_wconf 81' lang='grc' dir='ltr'><strong>ἢ</strong></span> <span class='ocrx_word' id='word_1_471' title='bbox 516 4088 610 4140; x_wconf 80' lang='grc' dir='ltr'><strong>καὶ</strong></span> <span class='ocrx_word' id='word_1_472' title='bbox 639 4089 901 4158; x_wconf 76' lang='grc' dir='ltr'>πρόξενος</span> <span class='ocrx_word' id='word_1_473' title='bbox 924 4088 1019 4141; x_wconf 83' lang='grc' dir='ltr'>τοῦ</span> <span class='ocrx_word' id='word_1_474' title='bbox 1052 4088 1290 4159; x_wconf 77' lang='grc' dir='ltr'>καρποῦ.</span> <span class='ocrx_word' id='word_1_475' title='bbox 1320 4090 1548 4159; x_wconf 80' lang='grc' dir='ltr'>Ποιότης</span> <span class='ocrx_word' id='word_1_476' title='bbox 1565 4089 1622 4142; x_wconf 83' lang='grc' dir='ltr'>δὲ</span> <span class='ocrx_word' id='word_1_477' title='bbox 1645 4088 1829 4160; x_wconf 81' lang='grc' dir='ltr'>ψαλμ-</span> 
     </span>
    </p>
   </div>
   <div class='ocr_carea' id='block_1_69' title="bbox 232 4178 1831 4251">
    <p class='ocr_par' dir='ltr' id='par_1_69' title="bbox 232 4178 1831 4251">
     <span class='ocr_line' id='line_1_69' title="bbox 232 4178 1831 4251; baseline 0.002 -18"><span class='ocrx_word' id='word_1_478' title='bbox 232 4182 404 4251; x_wconf 82' lang='grc' dir='ltr'>ῳδίας</span> <span class='ocrx_word' id='word_1_479' title='bbox 452 4180 549 4233; x_wconf 73' lang='grc' dir='ltr'>καὶ</span> <span class='ocrx_word' id='word_1_480' title='bbox 590 4182 925 4251; x_wconf 73' lang='grc' dir='ltr'>προσευχῆς,</span> <span class='ocrx_word' id='word_1_481' title='bbox 972 4178 1036 4234; x_wconf 82' lang='grc' dir='ltr'>τὸ</span> <span class='ocrx_word' id='word_1_482' title='bbox 1067 4181 1208 4250; x_wconf 80' lang='grc' dir='ltr'><strong>μετά</strong></span> <span class='ocrx_word' id='word_1_483' title='bbox 1252 4180 1347 4235; x_wconf 85' lang='grc' dir='ltr'>τοῦ</span> <span class='ocrx_word' id='word_1_484' title='bbox 1384 4181 1700 4251; x_wconf 87' lang='grc' dir='ltr'>πνεύματος</span> <span class='ocrx_word' id='word_1_485' title='bbox 1750 4180 1831 4236; x_wconf 79' lang='grc' dir='ltr'><strong>εὕ-</strong></span> 
     </span>
    </p>
   </div>
   <div class='ocr_carea' id='block_1_70' title="bbox 234 4270 1832 4343">
    <p class='ocr_par' dir='ltr' id='par_1_70' title="bbox 234 4270 1832 4343">
     <span class='ocr_line' id='line_1_70' title="bbox 234 4270 1832 4343; baseline 0.002 -17"><span class='ocrx_word' id='word_1_486' title='bbox 234 4272 454 4343; x_wconf 89' lang='grc' dir='ltr'>χεσθαι,</span> <span class='ocrx_word' id='word_1_487' title='bbox 488 4274 583 4326; x_wconf 72' lang='grc' dir='ltr'><strong>καὶ</strong></span> <span class='ocrx_word' id='word_1_488' title='bbox 610 4272 688 4342; x_wconf 81' lang='grc' dir='ltr'>τῷ</span> <span class='ocrx_word' id='word_1_489' title='bbox 714 4273 816 4326; x_wconf 82' lang='grc' dir='ltr'>νοῒ.</span> <span class='ocrx_word' id='word_1_490' title='bbox 852 4270 1085 4343; x_wconf 78' lang='grc' dir='ltr'>Εὔχεται</span> <span class='ocrx_word' id='word_1_491' title='bbox 1123 4272 1180 4326; x_wconf 81' lang='grc' dir='ltr'>δέ</span> <span class='ocrx_word' id='word_1_492' title='bbox 1211 4290 1294 4336; x_wconf 92' lang='grc' dir='ltr'><strong>τις</strong></span> <span class='ocrx_word' id='word_1_493' title='bbox 1338 4272 1417 4343; x_wconf 82' lang='grc' dir='ltr'>τῷ</span> <span class='ocrx_word' id='word_1_494' title='bbox 1444 4272 1545 4338; x_wconf 78' lang='grc' dir='ltr'>νοῒ,</span> <span class='ocrx_word' id='word_1_495' title='bbox 1577 4273 1707 4329; x_wconf 84' lang='grc' dir='ltr'>ὅταν</span> <span class='ocrx_word' id='word_1_496' title='bbox 1750 4275 1832 4329; x_wconf 78' lang='grc' dir='ltr'>εὐ·</span> 
     </span>
    </p>
   </div>
   <div class='ocr_carea' id='block_1_71' title="bbox 233 4363 1832 4435">
    <p class='ocr_par' dir='ltr' id='par_1_71' title="bbox 233 4363 1832 4435">
     <span class='ocr_line' id='line_1_71' title="bbox 233 4363 1832 4435; baseline 0 -18"><span class='ocrx_word' id='word_1_497' title='bbox 233 4366 470 4434; x_wconf 79' lang='grc' dir='ltr'>χὸμενος</span> <span class='ocrx_word' id='word_1_498' title='bbox 499 4366 595 4419; x_wconf 69' lang='grc' dir='ltr'>καὶ</span> <span class='ocrx_word' id='word_1_499' title='bbox 624 4365 865 4434; x_wconf 77' lang='grc' dir='ltr'>ψάλλων,</span> <span class='ocrx_word' id='word_1_500' title='bbox 900 4364 1207 4435; x_wconf 84' lang='grc' dir='ltr'>ἀναθεωρεῖ</span> <span class='ocrx_word' id='word_1_501' title='bbox 1249 4364 1341 4418; x_wconf 83' lang='grc' dir='ltr'><strong>τὸν</strong></span> <span class='ocrx_word' id='word_1_502' title='bbox 1370 4363 1497 4417; x_wconf 82' lang='grc' dir='ltr'>νοῦν</span> <span class='ocrx_word' id='word_1_503' title='bbox 1526 4364 1618 4419; x_wconf 84' lang='grc' dir='ltr'><strong>τὸν</strong></span> <span class='ocrx_word' id='word_1_504' title='bbox 1652 4364 1832 4433; x_wconf 77' lang='grc' dir='ltr'>ἐγκεί-</span> 
     </span>
    </p>
   </div>
   <div class='ocr_carea' id='block_1_72' title="bbox 1911 3257 3484 3333">
    <p class='ocr_par' dir='ltr' id='par_1_72' title="bbox 1911 3257 3484 3333">
     <span class='ocr_line' id='line_1_72' title="bbox 1911 3257 3484 3333; baseline 0.003 -21"><span class='ocrx_word' id='word_1_505' title='bbox 1911 3257 2237 3313; x_wconf 77' lang='lat' dir='ltr'><strong>familiarem</strong></span> <span class='ocrx_word' id='word_1_506' title='bbox 2280 3257 2389 3312; x_wconf 69' lang='lat' dir='ltr'><strong>Dco</strong></span> <span class='ocrx_word' id='word_1_507' title='bbox 2422 3258 2602 3313; x_wconf 87' lang='lat' dir='ltr'><strong>reddit</strong></span> <span class='ocrx_word' id='word_1_508' title='bbox 2633 3257 2913 3315; x_wconf 85' lang='lat' dir='ltr'><strong>hominem</strong></span> <span class='ocrx_word' id='word_1_509' title='bbox 2935 3298 2951 3322; x_wconf 87' lang='lat'><strong>,</strong></span> <span class='ocrx_word' id='word_1_510' title='bbox 2987 3267 3042 3315; x_wconf 89' lang='lat' dir='ltr'><strong>et</strong></span> <span class='ocrx_word' id='word_1_511' title='bbox 3077 3261 3155 3315; x_wconf 91' lang='lat' dir='ltr'><strong>illi</strong></span> <span class='ocrx_word' id='word_1_512' title='bbox 3198 3261 3484 3333; x_wconf 80' lang='lat' dir='ltr'><strong>conjungit</strong></span> 
     </span>
    </p>
   </div>
   <div class='ocr_carea' id='block_1_73' title="bbox 1911 3350 3486 3423">
    <p class='ocr_par' dir='ltr' id='par_1_73' title="bbox 1911 3350 3486 3423">
     <span class='ocr_line' id='line_1_73' title="bbox 1911 3350 3486 3423; baseline 0.002 -15"><span class='ocrx_word' id='word_1_513' title='bbox 1911 3368 2036 3408; x_wconf 89' lang='lat' dir='ltr'><strong>eum</strong></span> <span class='ocrx_word' id='word_1_514' title='bbox 2065 3353 2225 3423; x_wconf 90' lang='lat' dir='ltr'><strong>cujus</strong></span> <span class='ocrx_word' id='word_1_515' title='bbox 2252 3352 2306 3406; x_wconf 92' lang='lat' dir='ltr'><strong>in</strong></span> <span class='ocrx_word' id='word_1_516' title='bbox 2336 3350 2589 3408; x_wconf 88' lang='lat' dir='ltr'><strong>oratione</strong></span> <span class='ocrx_word' id='word_1_517' title='bbox 2617 3351 2785 3407; x_wconf 79' lang='lat' dir='ltr'><strong>verba</strong></span> <span class='ocrx_word' id='word_1_518' title='bbox 2825 3366 2950 3407; x_wconf 89' lang='lat' dir='ltr'><strong>cum</strong></span> <span class='ocrx_word' id='word_1_519' title='bbox 2994 3353 3191 3423; x_wconf 89' lang='lat' dir='ltr'><strong>spiritu</strong></span> <span class='ocrx_word' id='word_1_520' title='bbox 3224 3354 3344 3410; x_wconf 86' lang='lat' dir='ltr'><strong>sine</strong></span> <span class='ocrx_word' id='word_1_521' title='bbox 3370 3356 3486 3411; x_wconf 83' lang='lat' dir='ltr'><strong>dis-</strong></span> 
     </span>
    </p>
   </div>
   <div class='ocr_carea' id='block_1_74' title="bbox 1913 3446 3488 3519">
    <p class='ocr_par' dir='ltr' id='par_1_74' title="bbox 1913 3446 3488 3519">
     <span class='ocr_line' id='line_1_74' title="bbox 1913 3446 3488 3519; baseline 0.003 -20"><span class='ocrx_word' id='word_1_522' title='bbox 1913 3447 2186 3501; x_wconf 90' lang='lat' dir='ltr'><strong>tractione</strong></span> <span class='ocrx_word' id='word_1_523' title='bbox 2243 3455 2588 3513; x_wconf 83' lang='lat' dir='ltr'><strong>consonant,</strong></span> <span class='ocrx_word' id='word_1_524' title='bbox 2636 3446 2800 3515; x_wconf 88' lang='lat' dir='ltr'><strong>cujus</strong></span> <span class='ocrx_word' id='word_1_525' title='bbox 2854 3447 3037 3502; x_wconf 88' lang='lat' dir='ltr'><strong>anima</strong></span> <span class='ocrx_word' id='word_1_526' title='bbox 3096 3447 3351 3519; x_wconf 83' lang='lat' dir='ltr'><strong>larrymis</strong></span> <span class='ocrx_word' id='word_1_527' title='bbox 3403 3458 3488 3503; x_wconf 87' lang='lat' dir='ltr'><strong>est</strong></span> 
     </span>
    </p>
   </div>
   <div class='ocr_carea' id='block_1_75' title="bbox 1914 3538 3490 3609">
    <p class='ocr_par' dir='ltr' id='par_1_75' title="bbox 1914 3538 3490 3609">
     <span class='ocr_line' id='line_1_75' title="bbox 1914 3538 3490 3609; baseline 0.003 -17"><span class='ocrx_word' id='word_1_528' title='bbox 1914 3539 2123 3602; x_wconf 86' lang='lat' dir='ltr'><strong>abluta,</strong></span> <span class='ocrx_word' id='word_1_529' title='bbox 2155 3547 2209 3594; x_wconf 89' lang='lat' dir='ltr'><strong>et</strong></span> <span class='ocrx_word' id='word_1_530' title='bbox 2256 3538 2551 3592; x_wconf 84' lang='lat' dir='ltr'><strong>dulcedine</strong></span> <span class='ocrx_word' id='word_1_531' title='bbox 2615 3539 2869 3609; x_wconf 74' lang='lat' dir='ltr'><strong>mitigata</strong></span> <span class='ocrx_word' id='word_1_532' title='bbox 2905 3540 3347 3609; x_wconf 82' lang='lat' dir='ltr'><strong>compunctionis</strong></span> <span class='ocrx_word' id='word_1_533' title='bbox 3370 3579 3388 3608; x_wconf 91' lang='lat'><strong>,</strong></span> <span class='ocrx_word' id='word_1_534' title='bbox 3425 3555 3490 3596; x_wconf 85' lang='lat' dir='ltr'><strong>ac</strong></span> 
     </span>
    </p>
   </div>
   <div class='ocr_carea' id='block_1_76' title="bbox 1916 3630 2717 3702">
    <p class='ocr_par' dir='ltr' id='par_1_76' title="bbox 1916 3630 2717 3702">
     <span class='ocr_line' id='line_1_76' title="bbox 1916 3630 2717 3702; baseline 0 -15"><span class='ocrx_word' id='word_1_535' title='bbox 1916 3631 2127 3687; x_wconf 88' lang='lat' dir='ltr'><strong>lumine</strong></span> <span class='ocrx_word' id='word_1_536' title='bbox 2153 3632 2431 3685; x_wconf 80' lang='lat' dir='ltr'><strong>iliustrata</strong></span> <span class='ocrx_word' id='word_1_537' title='bbox 2457 3630 2717 3702; x_wconf 88' lang='lat' dir='ltr'><strong>Spiritus.</strong></span> 
     </span>
    </p>
   </div>
   <div class='ocr_carea' id='block_1_77' title="bbox 1987 3810 3492 3882">
    <p class='ocr_par' dir='ltr' id='par_1_77' title="bbox 1987 3810 3492 3882">
     <span class='ocr_line' id='line_1_77' title="bbox 1987 3810 3492 3882; baseline -0.003 -15"><span class='ocrx_word' id='word_1_538' title='bbox 1987 3811 2074 3867; x_wconf 79' lang='lat'><strong>70.</strong></span> <span class='ocrx_word' id='word_1_539' title='bbox 2105 3810 2399 3879; x_wconf 84' lang='lat' dir='ltr'><strong>Quantitas</strong></span> <span class='ocrx_word' id='word_1_540' title='bbox 2430 3812 2484 3867; x_wconf 90' lang='lat' dir='ltr'><strong>in</strong></span> <span class='ocrx_word' id='word_1_541' title='bbox 2521 3826 2742 3881; x_wconf 87' lang='lat' dir='ltr'><strong>precum</strong></span> <span class='ocrx_word' id='word_1_542' title='bbox 2776 3810 3097 3881; x_wconf 84' lang='lat' dir='ltr'><strong>psalmodiis</strong></span> <span class='ocrx_word' id='word_1_543' title='bbox 3134 3812 3339 3882; x_wconf 89' lang='lat' dir='ltr'><strong>optima</strong></span> <span class='ocrx_word' id='word_1_544' title='bbox 3384 3820 3492 3872; x_wconf 84' lang='lat' dir='ltr'><strong>est,</strong></span> 
     </span>
    </p>
   </div>
   <div class='ocr_carea' id='block_1_78' title="bbox 1915 3902 3492 3976">
    <p class='ocr_par' dir='ltr' id='par_1_78' title="bbox 1915 3902 3492 3976">
     <span class='ocr_line' id='line_1_78' title="bbox 1915 3902 3492 3976; baseline -0.002 -18"><span class='ocrx_word' id='word_1_545' title='bbox 1915 3908 2138 3976; x_wconf 79' lang='lat' dir='ltr'><strong>quando</strong></span> <span class='ocrx_word' id='word_1_546' title='bbox 2192 3906 2242 3960; x_wconf 87' lang='lat' dir='ltr'><strong>ei</strong></span> <span class='ocrx_word' id='word_1_547' title='bbox 2296 3913 2495 3975; x_wconf 66' lang='lat' dir='ltr'><strong>praeest</strong></span> <span class='ocrx_word' id='word_1_548' title='bbox 2542 3903 2946 3974; x_wconf 74' lang='lat' dir='ltr'><strong>perseverantia</strong></span> <span class='ocrx_word' id='word_1_549' title='bbox 2990 3910 3045 3958; x_wconf 91' lang='lat' dir='ltr'><strong>et</strong></span> <span class='ocrx_word' id='word_1_550' title='bbox 3097 3904 3349 3957; x_wconf 75' lang='lat' dir='ltr'><strong>attentio.</strong></span> <span class='ocrx_word' id='word_1_551' title='bbox 3388 3902 3492 3958; x_wconf 83' lang='lat' dir='ltr'><strong>Sed</strong></span> 
     </span>
    </p>
   </div>
   <div class='ocr_carea' id='block_1_79' title="bbox 1916 3993 3493 4069">
    <p class='ocr_par' dir='ltr' id='par_1_79' title="bbox 1916 3993 3493 4069">
     <span class='ocr_line' id='line_1_79' title="bbox 1916 3993 3493 4069; baseline -0.004 -15"><span class='ocrx_word' id='word_1_552' title='bbox 1916 3999 2159 4068; x_wconf 75' lang='lat' dir='ltr'><strong>qualitas</strong></span> <span class='ocrx_word' id='word_1_553' title='bbox 2189 3998 2451 4069; x_wconf 87' lang='lat' dir='ltr'><strong>estquod</strong></span> <span class='ocrx_word' id='word_1_554' title='bbox 2484 4004 2724 4052; x_wconf 87' lang='lat' dir='ltr'><strong>animam</strong></span> <span class='ocrx_word' id='word_1_555' title='bbox 2766 3997 3026 4063; x_wconf 80' lang='lat' dir='ltr'><strong>viviﬁcat,</strong></span> <span class='ocrx_word' id='word_1_556' title='bbox 3068 3994 3216 4065; x_wconf 90' lang='lat' dir='ltr'><strong>quod</strong></span> <span class='ocrx_word' id='word_1_557' title='bbox 3254 3993 3493 4050; x_wconf 66' lang='lat' dir='ltr'><strong>h&#39;uctum</strong></span> 
     </span>
    </p>
   </div>
   <div class='ocr_carea' id='block_1_80' title="bbox 1919 4088 3497 4167">
    <p class='ocr_par' dir='ltr' id='par_1_80' title="bbox 1919 4088 3497 4167">
     <span class='ocr_line' id='line_1_80' title="bbox 1919 4088 3497 4167; baseline -0.006 -17"><span class='ocrx_word' id='word_1_558' title='bbox 1919 4093 2153 4167; x_wconf 82' lang='lat' dir='ltr'><strong>profert.</strong></span> <span class='ocrx_word' id='word_1_559' title='bbox 2208 4091 2458 4159; x_wconf 83' lang='lat' dir='ltr'><strong>Qualitas</strong></span> <span class='ocrx_word' id='word_1_560' title='bbox 2516 4100 2700 4145; x_wconf 88' lang='lat' dir='ltr'><strong>autem</strong></span> <span class='ocrx_word' id='word_1_561' title='bbox 2735 4089 3053 4157; x_wconf 62' lang='lat' dir='ltr'><strong>psalmodiis</strong></span> <span class='ocrx_word' id='word_1_562' title='bbox 3111 4097 3166 4143; x_wconf 88' lang='lat' dir='ltr'><strong>et</strong></span> <span class='ocrx_word' id='word_1_563' title='bbox 3229 4088 3497 4141; x_wconf 82' lang='lat' dir='ltr'><strong>orationis</strong></span> 
     </span>
    </p>
   </div>
   <div class='ocr_carea' id='block_1_81' title="bbox 1918 4180 3493 4253">
    <p class='ocr_par' dir='ltr' id='par_1_81' title="bbox 1918 4180 3493 4253">
     <span class='ocr_line' id='line_1_81' title="bbox 1918 4180 3493 4253; baseline -0.006 -11"><span class='ocrx_word' id='word_1_564' title='bbox 1918 4186 2175 4243; x_wconf 84' lang='lat' dir='ltr'><strong>consistit</strong></span> <span class='ocrx_word' id='word_1_565' title='bbox 2204 4188 2259 4241; x_wconf 93' lang='lat' dir='ltr'><strong>in</strong></span> <span class='ocrx_word' id='word_1_566' title='bbox 2318 4185 2531 4240; x_wconf 87' lang='lat' dir='ltr'><strong>orando</strong></span> <span class='ocrx_word' id='word_1_567' title='bbox 2583 4182 2781 4253; x_wconf 85' lang='lat' dir='ltr'><strong>spiritu</strong></span> <span class='ocrx_word' id='word_1_568' title='bbox 2814 4196 2878 4237; x_wconf 88' lang='lat' dir='ltr'><strong>ac</strong></span> <span class='ocrx_word' id='word_1_569' title='bbox 2926 4190 3129 4237; x_wconf 84' lang='lat' dir='ltr'><strong>mente.</strong></span> <span class='ocrx_word' id='word_1_570' title='bbox 3151 4180 3285 4237; x_wconf 89' lang='lat' dir='ltr'><strong>Orat</strong></span> <span class='ocrx_word' id='word_1_571' title='bbox 3309 4192 3493 4237; x_wconf 85' lang='lat' dir='ltr'><strong>autem</strong></span> 
     </span>
    </p>
   </div>
   <div class='ocr_carea' id='block_1_82' title="bbox 1920 4276 3493 4351">
    <p class='ocr_par' dir='ltr' id='par_1_82' title="bbox 1920 4276 3493 4351">
     <span class='ocr_line' id='line_1_82' title="bbox 1920 4276 3493 4351; baseline -0.003 -18"><span class='ocrx_word' id='word_1_572' title='bbox 1920 4289 2127 4343; x_wconf 87' lang='lat' dir='ltr'><strong>mente,</strong></span> <span class='ocrx_word' id='word_1_573' title='bbox 2156 4280 2251 4351; x_wconf 88' lang='lat' dir='ltr'><strong>qui</strong></span> <span class='ocrx_word' id='word_1_574' title='bbox 2313 4292 2478 4333; x_wconf 84' lang='lat' dir='ltr'><strong>orans</strong></span> <span class='ocrx_word' id='word_1_575' title='bbox 2533 4285 2589 4330; x_wconf 90' lang='lat' dir='ltr'><strong>et</strong></span> <span class='ocrx_word' id='word_1_576' title='bbox 2623 4276 2864 4347; x_wconf 85' lang='lat' dir='ltr'><strong>psallens</strong></span> <span class='ocrx_word' id='word_1_577' title='bbox 2898 4276 3217 4331; x_wconf 82' lang='lat' dir='ltr'><strong>considerat</strong></span> <span class='ocrx_word' id='word_1_578' title='bbox 3256 4284 3493 4329; x_wconf 89' lang='lat' dir='ltr'><strong>mentem</strong></span> 
     </span>
    </p>
   </div>
   <div class='ocr_carea' id='block_1_83' title="bbox 1923 4366 3496 4440">
    <p class='ocr_par' dir='ltr' id='par_1_83' title="bbox 1923 4366 3496 4440">
     <span class='ocr_line' id='line_1_83' title="bbox 1923 4366 3496 4440; baseline -0.004 -14"><span class='ocrx_word' id='word_1_579' title='bbox 1923 4376 1975 4426; x_wconf 92' lang='lat' dir='ltr'><strong>in</strong></span> <span class='ocrx_word' id='word_1_580' title='bbox 2005 4373 2189 4427; x_wconf 80' lang='lat' dir='ltr'><strong>divina</strong></span> <span class='ocrx_word' id='word_1_581' title='bbox 2216 4370 2502 4440; x_wconf 87' lang='lat' dir='ltr'><strong>Scriptura</strong></span> <span class='ocrx_word' id='word_1_582' title='bbox 2523 4371 2788 4433; x_wconf 81' lang='lat' dir='ltr'><strong>inlusam,</strong></span> <span class='ocrx_word' id='word_1_583' title='bbox 2817 4383 2880 4423; x_wconf 89' lang='lat' dir='ltr'><strong>ac</strong></span> <span class='ocrx_word' id='word_1_584' title='bbox 2902 4368 3062 4439; x_wconf 74' lang='lat' dir='ltr'><strong>digna</strong></span> <span class='ocrx_word' id='word_1_585' title='bbox 3087 4366 3198 4422; x_wconf 88' lang='lat' dir='ltr'><strong>Deo</strong></span> <span class='ocrx_word' id='word_1_586' title='bbox 3227 4370 3496 4433; x_wconf 87' lang='lat' dir='ltr'><strong>sentiens,</strong></span> 
     </span>
    </p>
   </div>
   <div class='ocr_carea' id='block_1_84' title="bbox 236 4453 1822 4530">
    <p class='ocr_par' dir='ltr' id='par_1_84' title="bbox 236 4457 1822 4530">
     <span class='ocr_line' id='line_1_84' title="bbox 236 4457 1822 4530; baseline -0.001 -18"><span class='ocrx_word' id='word_1_587' title='bbox 236 4475 404 4530; x_wconf 88' lang='grc' dir='ltr'>μενον</span> <span class='ocrx_word' id='word_1_588' title='bbox 449 4460 506 4511; x_wconf 81' lang='grc' dir='ltr'>ὲν</span> <span class='ocrx_word' id='word_1_589' title='bbox 555 4462 621 4529; x_wconf 77' lang='grc' dir='ltr'>τῃ</span> <span class='ocrx_word' id='word_1_590' title='bbox 665 4458 784 4529; x_wconf 69' lang='grc' dir='ltr'>θεία</span> <span class='ocrx_word' id='word_1_591' title='bbox 842 4459 1070 4529; x_wconf 83' lang='grc' dir='ltr'>Γραφῇ·</span> <span class='ocrx_word' id='word_1_592' title='bbox 1127 4458 1223 4512; x_wconf 77' lang='grc' dir='ltr'>καὶ</span> <span class='ocrx_word' id='word_1_593' title='bbox 1271 4458 1485 4527; x_wconf 85' lang='grc' dir='ltr'>δέχεται</span> <span class='ocrx_word' id='word_1_594' title='bbox 1533 4457 1822 4519; x_wconf 80' lang='grc' dir='ltr'>ἀναδάσεις</span> 
     </span>
    </p>
   </div>
   <div class='ocr_carea' id='block_1_85' title="bbox 1916 4453 3493 4530">
    <p class='ocr_par' dir='ltr' id='par_1_85' title="bbox 1925 4453 3493 4529">
     <span class='ocr_line' id='line_1_85' title="bbox 1925 4453 3493 4529; baseline -0.005 -13"><span class='ocrx_word' id='word_1_595' title='bbox 1925 4460 2050 4516; x_wconf 88' lang='lat' dir='ltr'><strong>inde</strong></span> <span class='ocrx_word' id='word_1_596' title='bbox 2082 4461 2443 4514; x_wconf 87' lang='lat' dir='ltr'><strong>ascensiones</strong></span> <span class='ocrx_word' id='word_1_597' title='bbox 2490 4457 2887 4529; x_wconf 78' lang='lat' dir='ltr'><strong>cogitationum</strong></span> <span class='ocrx_word' id='word_1_598' title='bbox 2941 4455 2999 4509; x_wconf 89' lang='lat' dir='ltr'><strong>in</strong></span> <span class='ocrx_word' id='word_1_599' title='bbox 3043 4453 3209 4511; x_wconf 86' lang='lat' dir='ltr'><strong>corde</strong></span> <span class='ocrx_word' id='word_1_600' title='bbox 3244 4468 3345 4509; x_wconf 90' lang='lat' dir='ltr'><strong>suo</strong></span> <span class='ocrx_word' id='word_1_601' title='bbox 3375 4454 3493 4508; x_wconf 83' lang='lat' dir='ltr'><strong>dis—</strong></span> 
     </span>
    </p>
   </div>
   <div class='ocr_carea' id='block_1_86' title="bbox 234 4525 1822 4625">
    <p class='ocr_par' dir='ltr' id='par_1_86' title="bbox 234 4525 1822 4622">
     <span class='ocr_line' id='line_1_86' title="bbox 234 4525 1822 4622; baseline -0.003 -15"><span class='ocrx_word' id='word_1_602' title='bbox 234 4525 456 4607; x_wconf 59' lang='grc' dir='ltr'>εκεῖθεν</span> <span class='ocrx_word' id='word_1_603' title='bbox 480 4525 774 4619; x_wconf 73' lang='grc' dir='ltr'>νοημάτων</span> <span class='ocrx_word' id='word_1_604' title='bbox 809 4552 867 4604; x_wconf 85' lang='grc' dir='ltr'>ὲν</span> <span class='ocrx_word' id='word_1_605' title='bbox 886 4525 1192 4622; x_wconf 28' lang='grc' dir='ltr'>’τῇ-καρδίᾳ</span> <span class='ocrx_word' id='word_1_606' title='bbox 1214 4525 1382 4605; x_wconf 71' lang='grc' dir='ltr'>αὐτού</span> <span class='ocrx_word' id='word_1_607' title='bbox 1413 4552 1479 4603; x_wconf 81' lang='grc' dir='ltr'>ὲκ</span> <span class='ocrx_word' id='word_1_608' title='bbox 1506 4550 1822 4622; x_wconf 78' lang='grc' dir='ltr'>θεοπρεπῶν</span> 
     </span>
    </p>
   </div>
   <div class='ocr_carea' id='block_1_87' title="bbox 1916 4525 3496 4625">
    <p class='ocr_par' dir='ltr' id='par_1_87' title="bbox 1924 4525 3496 4625">
     <span class='ocr_line' id='line_1_87' title="bbox 1924 4525 3496 4625; baseline -0.006 -16"><span class='ocrx_word' id='word_1_609' title='bbox 1924 4555 2097 4625; x_wconf 90' lang='lat' dir='ltr'><strong>ponit,</strong></span> <span class='ocrx_word' id='word_1_610' title='bbox 2147 4553 2349 4624; x_wconf 87' lang='lat' dir='ltr'><strong>quibus</strong></span> <span class='ocrx_word' id='word_1_611' title='bbox 2390 4525 2966 4621; x_wconf 42' lang='lat' dir='ltr'><strong>rapta&#39;spiritualiter</strong></span> <span class='ocrx_word' id='word_1_612' title='bbox 2998 4549 3180 4602; x_wconf 86' lang='lat' dir='ltr'><strong>anima</strong></span> <span class='ocrx_word' id='word_1_613' title='bbox 3225 4546 3279 4600; x_wconf 91' lang='lat' dir='ltr'><strong>in</strong></span> <span class='ocrx_word' id='word_1_614' title='bbox 3312 4560 3496 4601; x_wconf 86' lang='lat' dir='ltr'><strong>aerem</strong></span> 
     </span>
    </p>
   </div>
   <div class='ocr_carea' id='block_1_88' title="bbox 234 4638 1832 4715">
    <p class='ocr_par' dir='ltr' id='par_1_88' title="bbox 234 4638 1832 4715">
     <span class='ocr_line' id='line_1_88' title="bbox 234 4638 1832 4715; baseline -0.003 -16"><span class='ocrx_word' id='word_1_615' title='bbox 234 4645 485 4709; x_wconf 72' lang='grc' dir='ltr'>ἐννοιῶν,</span> <span class='ocrx_word' id='word_1_616' title='bbox 516 4645 608 4713; x_wconf 81' lang='grc' dir='ltr'><strong>ὑφ’</strong></span> <span class='ocrx_word' id='word_1_617' title='bbox 643 4638 719 4698; x_wconf 82' lang='grc' dir='ltr'>ὧν</span> <span class='ocrx_word' id='word_1_618' title='bbox 750 4642 1111 4715; x_wconf 76' lang='grc' dir='ltr'>ἀρπαζομένη</span> <span class='ocrx_word' id='word_1_619' title='bbox 1132 4642 1338 4712; x_wconf 85' lang='grc' dir='ltr'>νοερῶς</span> <span class='ocrx_word' id='word_1_620' title='bbox 1359 4645 1392 4709; x_wconf 75' lang='grc' dir='ltr'>ἡ</span> <span class='ocrx_word' id='word_1_621' title='bbox 1416 4643 1562 4714; x_wconf 75' lang='grc' dir='ltr'>ψυχὴ</span> <span class='ocrx_word' id='word_1_622' title='bbox 1591 4645 1672 4706; x_wconf 85' lang='grc' dir='ltr'>εις</span> <span class='ocrx_word' id='word_1_623' title='bbox 1694 4644 1832 4713; x_wconf 83' lang='grc' dir='ltr'>ἀέρα</span> 
     </span>
    </p>
   </div>
   <div class='ocr_carea' id='block_1_89' title="bbox 236 4734 1826 4807">
    <p class='ocr_par' dir='ltr' id='par_1_89' title="bbox 236 4734 1826 4807">
     <span class='ocr_line' id='line_1_89' title="bbox 236 4734 1826 4807; baseline -0.002 -17"><span class='ocrx_word' id='word_1_624' title='bbox 236 4738 446 4807; x_wconf 79' lang='grc' dir='ltr'>φωτὸς,</span> <span class='ocrx_word' id='word_1_625' title='bbox 477 4738 818 4806; x_wconf 82' lang='grc' dir='ltr'>ὲλλάμπεται</span> <span class='ocrx_word' id='word_1_626' title='bbox 851 4735 1088 4807; x_wconf 83' lang='grc' dir='ltr'>τρανῶς,</span> <span class='ocrx_word' id='word_1_627' title='bbox 1146 4737 1244 4789; x_wconf 79' lang='grc' dir='ltr'><strong>καὶ</strong></span> <span class='ocrx_word' id='word_1_628' title='bbox 1280 4734 1601 4803; x_wconf 85' lang='grc' dir='ltr'>καθαίρεται</span> <span class='ocrx_word' id='word_1_629' title='bbox 1646 4735 1826 4797; x_wconf 80' lang='grc' dir='ltr'>πλέον,</span> 
     </span>
    </p>
   </div>
   <div class='ocr_carea' id='block_1_90' title="bbox 236 4826 1830 4900">
    <p class='ocr_par' dir='ltr' id='par_1_90' title="bbox 236 4826 1830 4900">
     <span class='ocr_line' id='line_1_90' title="bbox 236 4826 1830 4900; baseline -0.004 -17"><span class='ocrx_word' id='word_1_630' title='bbox 236 4834 338 4884; x_wconf 71' lang='grc' dir='ltr'>καὶ</span> <span class='ocrx_word' id='word_1_631' title='bbox 376 4830 515 4899; x_wconf 79' lang='grc' dir='ltr'>πρὸς</span> <span class='ocrx_word' id='word_1_632' title='bbox 543 4829 808 4900; x_wconf 72' lang='grc' dir='ltr'>οὐρανοὺς</span> <span class='ocrx_word' id='word_1_633' title='bbox 844 4828 939 4897; x_wconf 77' lang='grc' dir='ltr'>ὅλη</span> <span class='ocrx_word' id='word_1_634' title='bbox 978 4829 1271 4897; x_wconf 83' lang='grc' dir='ltr'>μετάρσιος</span> <span class='ocrx_word' id='word_1_635' title='bbox 1317 4827 1547 4895; x_wconf 87' lang='grc' dir='ltr'>γίνεται,</span> <span class='ocrx_word' id='word_1_636' title='bbox 1590 4826 1686 4880; x_wconf 75' lang='grc' dir='ltr'><strong>καὶ</strong></span> <span class='ocrx_word' id='word_1_637' title='bbox 1719 4826 1830 4878; x_wconf 89' lang='grc' dir='ltr'><strong>τῶν</strong></span> 
     </span>
    </p>
   </div>
   <div class='ocr_carea' id='block_1_91' title="bbox 237 4918 1832 4990">
    <p class='ocr_par' dir='ltr' id='par_1_91' title="bbox 237 4918 1832 4990">
     <span class='ocr_line' id='line_1_91' title="bbox 237 4918 1832 4990; baseline -0.003 -14"><span class='ocrx_word' id='word_1_638' title='bbox 237 4922 627 4990; x_wconf 78' lang='grc' dir='ltr'>ἀποκειμένων</span> <span class='ocrx_word' id='word_1_639' title='bbox 684 4923 796 4984; x_wconf 79' lang='grc' dir='ltr'>τοῖς</span> <span class='ocrx_word' id='word_1_640' title='bbox 849 4919 1026 4987; x_wconf 77' lang='grc' dir='ltr'>ἁγίοις</span> <span class='ocrx_word' id='word_1_641' title='bbox 1087 4918 1313 4986; x_wconf 75' lang='grc' dir='ltr'>ἀγαθῶν</span> <span class='ocrx_word' id='word_1_642' title='bbox 1384 4918 1712 4972; x_wconf 83' lang='grc' dir='ltr'>κατοπτεύει</span> <span class='ocrx_word' id='word_1_643' title='bbox 1762 4920 1832 4971; x_wconf 77' lang='grc' dir='ltr'>τὰ</span> 
     </span>
    </p>
   </div>
   <div class='ocr_carea' id='block_1_92' title="bbox 238 5005 1831 5082">
    <p class='ocr_par' dir='ltr' id='par_1_92' title="bbox 238 5005 1831 5082">
     <span class='ocr_line' id='line_1_92' title="bbox 238 5005 1831 5082; baseline -0.003 -16"><span class='ocrx_word' id='word_1_644' title='bbox 238 5012 414 5081; x_wconf 74' lang='grc' dir='ltr'>κάλλη</span> <span class='ocrx_word' id='word_1_645' title='bbox 440 5029 453 5042; x_wconf 88' lang='grc'>·</span> <span class='ocrx_word' id='word_1_646' title='bbox 487 5005 563 5064; x_wconf 84' lang='grc' dir='ltr'><strong>ῶν</strong></span> <span class='ocrx_word' id='word_1_647' title='bbox 585 5013 650 5082; x_wconf 78' lang='grc' dir='ltr'>τῇ</span> <span class='ocrx_word' id='word_1_648' title='bbox 681 5011 949 5080; x_wconf 65' lang='grc' dir='ltr'>ἐπιθυμίᾳ</span> <span class='ocrx_word' id='word_1_649' title='bbox 972 5010 1330 5079; x_wconf 79' lang='grc' dir='ltr'>ἐκκαιομένη,</span> <span class='ocrx_word' id='word_1_650' title='bbox 1370 5014 1463 5064; x_wconf 80' lang='grc' dir='ltr'>τὸν</span> <span class='ocrx_word' id='word_1_651' title='bbox 1497 5010 1711 5082; x_wconf 81' lang='grc' dir='ltr'>καρπὸν</span> <span class='ocrx_word' id='word_1_652' title='bbox 1738 5010 1831 5062; x_wconf 75' lang='grc' dir='ltr'>εύ-</span> 
     </span>
    </p>
   </div>
   <div class='ocr_carea' id='block_1_93' title="bbox 240 5101 1833 5174">
    <p class='ocr_par' dir='ltr' id='par_1_93' title="bbox 240 5101 1833 5174">
     <span class='ocr_line' id='line_1_93' title="bbox 240 5101 1833 5174; baseline -0.003 -15"><span class='ocrx_word' id='word_1_653' title='bbox 240 5106 341 5168; x_wconf 79' lang='grc' dir='ltr'><strong>θὺς</strong></span> <span class='ocrx_word' id='word_1_654' title='bbox 364 5106 463 5174; x_wconf 81' lang='grc' dir='ltr'>τῆς</span> <span class='ocrx_word' id='word_1_655' title='bbox 496 5103 663 5172; x_wconf 81' lang='grc' dir='ltr'>εὐχῆς</span> <span class='ocrx_word' id='word_1_656' title='bbox 690 5104 966 5173; x_wconf 81' lang='grc' dir='ltr'>ἐκπέμπει</span> <span class='ocrx_word' id='word_1_657' title='bbox 996 5103 1103 5157; x_wconf 76' lang='grc' dir='ltr'>ἀπὸ</span> <span class='ocrx_word' id='word_1_658' title='bbox 1146 5103 1255 5156; x_wconf 87' lang='grc' dir='ltr'><strong>τῶν</strong></span> <span class='ocrx_word' id='word_1_659' title='bbox 1294 5103 1612 5173; x_wconf 80' lang='grc' dir='ltr'>ὀφθαλμῶν,</span> <span class='ocrx_word' id='word_1_660' title='bbox 1646 5102 1740 5157; x_wconf 74' lang='grc' dir='ltr'><strong>καὶ</strong></span> <span class='ocrx_word' id='word_1_661' title='bbox 1772 5101 1833 5154; x_wconf 76' lang='grc' dir='ltr'>τὸ</span> 
     </span>
    </p>
   </div>
   <div class='ocr_carea' id='block_1_94' title="bbox 236 5194 1830 5266">
    <p class='ocr_par' dir='ltr' id='par_1_94' title="bbox 236 5194 1830 5266">
     <span class='ocr_line' id='line_1_94' title="bbox 236 5194 1830 5266; baseline -0.003 -15"><span class='ocrx_word' id='word_1_662' title='bbox 236 5199 392 5266; x_wconf 71' lang='grc' dir='ltr'>νᾶμα</span> <span class='ocrx_word' id='word_1_663' title='bbox 457 5196 567 5249; x_wconf 87' lang='grc' dir='ltr'><strong>τῶν</strong></span> <span class='ocrx_word' id='word_1_664' title='bbox 623 5195 875 5263; x_wconf 87' lang='grc' dir='ltr'>δακρύων</span> <span class='ocrx_word' id='word_1_665' title='bbox 935 5194 1197 5265; x_wconf 75' lang='grc' dir='ltr'>πηγάξει,</span> <span class='ocrx_word' id='word_1_666' title='bbox 1257 5196 1323 5249; x_wconf 71' lang='grc' dir='ltr'>ὲκ</span> <span class='ocrx_word' id='word_1_667' title='bbox 1376 5195 1475 5263; x_wconf 82' lang='grc' dir='ltr'>τῆς</span> <span class='ocrx_word' id='word_1_668' title='bbox 1526 5194 1830 5264; x_wconf 82' lang='grc' dir='ltr'>φωτοποιοῦ</span> 
     </span>
    </p>
   </div>
   <div class='ocr_carea' id='block_1_95' title="bbox 239 5280 1830 5358">
    <p class='ocr_par' dir='ltr' id='par_1_95' title="bbox 239 5280 1830 5358">
     <span class='ocr_line' id='line_1_95' title="bbox 239 5280 1830 5358; baseline -0.001 -16"><span class='ocrx_word' id='word_1_669' title='bbox 239 5288 527 5358; x_wconf 77' lang='grc' dir='ltr'>ἐνεργείας</span> <span class='ocrx_word' id='word_1_670' title='bbox 564 5286 659 5340; x_wconf 76' lang='grc' dir='ltr'>τοῦ</span> <span class='ocrx_word' id='word_1_671' title='bbox 709 5286 1047 5356; x_wconf 86' lang='grc' dir='ltr'>Πνεύματος.</span> <span class='ocrx_word' id='word_1_672' title='bbox 1085 5280 1184 5339; x_wconf 86' lang='grc' dir='ltr'>Ὧν</span> <span class='ocrx_word' id='word_1_673' title='bbox 1238 5289 1271 5357; x_wconf 84' lang='grc' dir='ltr'>ὴ</span> <span class='ocrx_word' id='word_1_674' title='bbox 1330 5286 1521 5355; x_wconf 84' lang='grc' dir='ltr'>γεῦσις</span> <span class='ocrx_word' id='word_1_675' title='bbox 1576 5286 1830 5341; x_wconf 85' lang='grc' dir='ltr'>τοσοῦτον</span> 
     </span>
    </p>
   </div>
   <div class='ocr_carea' id='block_1_96' title="bbox 240 5378 1832 5451">
    <p class='ocr_par' dir='ltr' id='par_1_96' title="bbox 240 5378 1832 5451">
     <span class='ocr_line' id='line_1_96' title="bbox 240 5378 1832 5451; baseline 0.001 -19"><span class='ocrx_word' id='word_1_676' title='bbox 240 5381 419 5449; x_wconf 62' lang='grc' dir='ltr'><strong>⁴ἡδεῖα,</strong></span> <span class='ocrx_word' id='word_1_677' title='bbox 449 5378 524 5441; x_wconf 78' lang='grc' dir='ltr'><strong>ὡς</strong></span> <span class='ocrx_word' id='word_1_678' title='bbox 574 5380 667 5431; x_wconf 71' lang='grc' dir='ltr'><strong>καὶ</strong></span> <span class='ocrx_word' id='word_1_679' title='bbox 710 5380 1028 5448; x_wconf 78' lang='grc' dir='ltr'>σωματικῆς</span> <span class='ocrx_word' id='word_1_680' title='bbox 1067 5379 1277 5451; x_wconf 72' lang='grc' dir='ltr'>τροφῆς</span> <span class='ocrx_word' id='word_1_681' title='bbox 1311 5379 1425 5433; x_wconf 72' lang='grc' dir='ltr'>ἔσθ’</span> <span class='ocrx_word' id='word_1_682' title='bbox 1472 5380 1564 5434; x_wconf 85' lang='grc' dir='ltr'>ὅτε</span> <span class='ocrx_word' id='word_1_683' title='bbox 1646 5380 1737 5434; x_wconf 83' lang='grc' dir='ltr'><strong>τὸν</strong></span> <span class='ocrx_word' id='word_1_684' title='bbox 1775 5383 1832 5434; x_wconf 82' lang='grc' dir='ltr'>ὲν</span> 
     </span>
    </p>
   </div>
   <div class='ocr_carea' id='block_1_97' title="bbox 245 5471 1831 5542">
    <p class='ocr_par' dir='ltr' id='par_1_97' title="bbox 245 5471 1831 5542">
     <span class='ocr_line' id='line_1_97' title="bbox 245 5471 1831 5542; baseline 0.003 -19"><span class='ocrx_word' id='word_1_685' title='bbox 245 5471 467 5541; x_wconf 76' lang='grc' dir='ltr'>μεθέξει</span> <span class='ocrx_word' id='word_1_686' title='bbox 522 5472 729 5524; x_wconf 81' lang='grc' dir='ltr'>τούτων</span> <span class='ocrx_word' id='word_1_687' title='bbox 788 5473 1082 5542; x_wconf 88' lang='grc' dir='ltr'>γενόμενον</span> <span class='ocrx_word' id='word_1_688' title='bbox 1144 5473 1626 5528; x_wconf 80' lang='grc' dir='ltr'>ἐπιλανθάνεσθαι.</span> <span class='ocrx_word' id='word_1_689' title='bbox 1723 5476 1831 5527; x_wconf 65' lang='grc' dir='ltr'><strong>Καὶ</strong></span> 
     </span>
    </p>
   </div>
   <div class='ocr_carea' id='block_1_98' title="bbox 240 5561 1829 5633">
    <p class='ocr_par' dir='ltr' id='par_1_98' title="bbox 240 5561 1829 5633">
     <span class='ocr_line' id='line_1_98' title="bbox 240 5561 1829 5633; baseline 0 -17"><span class='ocrx_word' id='word_1_690' title='bbox 240 5562 407 5616; x_wconf 75' lang='grc' dir='ltr'>’τοῦτό</span> <span class='ocrx_word' id='word_1_691' title='bbox 436 5562 583 5615; x_wconf 83' lang='grc' dir='ltr'>ἐστιν</span> <span class='ocrx_word' id='word_1_692' title='bbox 606 5562 634 5613; x_wconf 85' lang='grc' dir='ltr'>ὀ</span> <span class='ocrx_word' id='word_1_693' title='bbox 663 5561 875 5631; x_wconf 81' lang='grc' dir='ltr'>καρπὸς</span> <span class='ocrx_word' id='word_1_694' title='bbox 906 5561 1008 5632; x_wconf 81' lang='grc' dir='ltr'>τῆς</span> <span class='ocrx_word' id='word_1_695' title='bbox 1040 5562 1229 5633; x_wconf 80' lang='grc' dir='ltr'>εὐχῆς,</span> <span class='ocrx_word' id='word_1_696' title='bbox 1257 5565 1285 5616; x_wconf 83' lang='grc' dir='ltr'><strong>ὁ</strong></span> <span class='ocrx_word' id='word_1_697' title='bbox 1326 5564 1389 5616; x_wconf 83' lang='grc' dir='ltr'>ἐκ</span> <span class='ocrx_word' id='word_1_698' title='bbox 1418 5564 1515 5633; x_wconf 69' lang='grc' dir='ltr'><strong>τῆς</strong></span> <span class='ocrx_word' id='word_1_699' title='bbox 1549 5563 1829 5631; x_wconf 72' lang='grc' dir='ltr'>ποιότητος</span> 
     </span>
    </p>
   </div>
   <div class='ocr_carea' id='block_1_99' title="bbox 241 5652 1824 5725">
    <p class='ocr_par' dir='ltr' id='par_1_99' title="bbox 241 5652 1824 5725">
     <span class='ocr_line' id='line_1_99' title="bbox 241 5652 1824 5725; baseline 0.002 -22"><span class='ocrx_word' id='word_1_700' title='bbox 241 5653 345 5723; x_wconf 78' lang='grc' dir='ltr'><strong>τῆς</strong></span> <span class='ocrx_word' id='word_1_701' title='bbox 372 5652 691 5722; x_wconf 73' lang='grc' dir='ltr'>ψαλμῳδίας</span> <span class='ocrx_word' id='word_1_702' title='bbox 724 5652 1075 5723; x_wconf 78' lang='grc' dir='ltr'>ἑγγινόμενος</span> <span class='ocrx_word' id='word_1_703' title='bbox 1100 5654 1221 5716; x_wconf 79' lang='grc' dir='ltr'>ταῖς</span> <span class='ocrx_word' id='word_1_704' title='bbox 1251 5654 1359 5706; x_wconf 82' lang='grc' dir='ltr'><strong>τῶν</strong></span> <span class='ocrx_word' id='word_1_705' title='bbox 1392 5655 1704 5725; x_wconf 74' lang='grc' dir='ltr'>εὐχομένων</span> <span class='ocrx_word' id='word_1_706' title='bbox 1725 5654 1824 5723; x_wconf 68' lang='grc' dir='ltr'><strong>ψυ-</strong></span> 
     </span>
    </p>
   </div>
   <div class='ocr_carea' id='block_1_100' title="bbox 248 5762 391 5814">
    <p class='ocr_par' dir='ltr' id='par_1_100' title="bbox 248 5762 391 5814">
     <span class='ocr_line' id='line_1_100' title="bbox 248 5762 391 5814; baseline -0.007 -17"><span class='ocrx_word' id='word_1_707' title='bbox 248 5762 391 5814; x_wconf 76' lang='grc' dir='ltr'>χαις.</span> 
     </span>
    </p>
   </div>
   <div class='ocr_carea' id='block_1_101' title="bbox 329 5858 956 5926">
    <p class='ocr_par' dir='ltr' id='par_1_101' title="bbox 329 5858 956 5926">
     <span class='ocr_line' id='line_1_101' title="bbox 329 5858 956 5926; baseline 0.005 -13"><span class='ocrx_word' id='word_1_708' title='bbox 329 5858 542 5916; x_wconf 78' lang='lat' dir='ltr'><strong>“Psal.</strong></span> <span class='ocrx_word' id='word_1_709' title='bbox 574 5874 766 5926; x_wconf 72' lang='lat' dir='ltr'><strong>xxxrx,</strong></span> <span class='ocrx_word' id='word_1_710' title='bbox 788 5861 841 5926; x_wconf 85' lang='lat'><strong>9,</strong></span> <span class='ocrx_word' id='word_1_711' title='bbox 872 5861 956 5916; x_wconf 81' lang='lat' dir='ltr'><strong>il.</strong></span> 
     </span>
    </p>
   </div>
   <div class='ocr_carea' id='block_1_102' title="bbox 1920 4639 3499 4713">
    <p class='ocr_par' dir='ltr' id='par_1_102' title="bbox 1920 4639 3499 4713">
     <span class='ocr_line' id='line_1_102' title="bbox 1920 4639 3499 4713; baseline -0.007 -11"><span class='ocrx_word' id='word_1_712' title='bbox 1920 4646 2165 4711; x_wconf 89' lang='lat' dir='ltr'><strong>luminis,</strong></span> <span class='ocrx_word' id='word_1_713' title='bbox 2194 4646 2347 4699; x_wconf 88' lang='lat' dir='ltr'><strong>clare</strong></span> <span class='ocrx_word' id='word_1_714' title='bbox 2371 4644 2562 4708; x_wconf 68' lang='lat' dir='ltr'><strong>fulget,</strong></span> <span class='ocrx_word' id='word_1_715' title='bbox 2582 4642 2817 4713; x_wconf 87' lang='lat' dir='ltr'><strong>amplius</strong></span> <span class='ocrx_word' id='word_1_716' title='bbox 2845 4641 3187 4713; x_wconf 77' lang='lat' dir='ltr'><strong>purificatur,</strong></span> <span class='ocrx_word' id='word_1_717' title='bbox 3219 4639 3286 4693; x_wconf 88' lang='lat' dir='ltr'><strong>ad</strong></span> <span class='ocrx_word' id='word_1_718' title='bbox 3325 4639 3499 4693; x_wconf 78' lang='lat' dir='ltr'><strong>caelos</strong></span> 
     </span>
    </p>
   </div>
   <div class='ocr_carea' id='block_1_103' title="bbox 1923 4731 3495 4801">
    <p class='ocr_par' dir='ltr' id='par_1_103' title="bbox 1923 4731 3495 4801">
     <span class='ocr_line' id='line_1_103' title="bbox 1923 4731 3495 4801; baseline -0.006 -8"><span class='ocrx_word' id='word_1_719' title='bbox 1923 4747 2036 4794; x_wconf 86' lang='lat' dir='ltr'><strong>tota</strong></span> <span class='ocrx_word' id='word_1_720' title='bbox 2064 4739 2343 4801; x_wconf 83' lang='lat' dir='ltr'><strong>elevatur,</strong></span> <span class='ocrx_word' id='word_1_721' title='bbox 2372 4746 2427 4791; x_wconf 92' lang='lat' dir='ltr'><strong>et</strong></span> <span class='ocrx_word' id='word_1_722' title='bbox 2456 4743 2679 4793; x_wconf 85' lang='lat' dir='ltr'><strong>sanctos</strong></span> <span class='ocrx_word' id='word_1_723' title='bbox 2707 4734 3048 4788; x_wconf 82' lang='lat' dir='ltr'><strong>manentium</strong></span> <span class='ocrx_word' id='word_1_724' title='bbox 3076 4732 3222 4787; x_wconf 76' lang='lat' dir='ltr'><strong>videt</strong></span> <span class='ocrx_word' id='word_1_725' title='bbox 3256 4731 3495 4801; x_wconf 86' lang='lat' dir='ltr'><strong>pulchri-</strong></span> 
     </span>
    </p>
   </div>
   <div class='ocr_carea' id='block_1_104' title="bbox 1922 4809 3499 4898">
    <p class='ocr_par' dir='ltr' id='par_1_104' title="bbox 1922 4809 3499 4898">
     <span class='ocr_line' id='line_1_104' title="bbox 1922 4809 3499 4898; baseline -0.008 -13"><span class='ocrx_word' id='word_1_726' title='bbox 1922 4831 2163 4885; x_wconf 89' lang='lat' dir='ltr'><strong>tudinem</strong></span> <span class='ocrx_word' id='word_1_727' title='bbox 2219 4828 2489 4884; x_wconf 87' lang='lat' dir='ltr'><strong>bonorum</strong></span> <span class='ocrx_word' id='word_1_728' title='bbox 2533 4844 2547 4881; x_wconf 87' lang='lat'><strong>:</strong></span> <span class='ocrx_word' id='word_1_729' title='bbox 2586 4841 2818 4898; x_wconf 89' lang='lat' dir='ltr'><strong>quorum</strong></span> <span class='ocrx_word' id='word_1_730' title='bbox 2875 4809 3171 4881; x_wconf 38' lang='lat' dir='ltr'><strong>desiderio.</strong></span> <span class='ocrx_word' id='word_1_731' title='bbox 3216 4836 3451 4877; x_wconf 84' lang='lat' dir='ltr'><strong>accensa</strong></span> <span class='ocrx_word' id='word_1_732' title='bbox 3483 4861 3499 4885; x_wconf 89' lang='lat'><strong>,</strong></span> 
     </span>
    </p>
   </div>
   <div class='ocr_carea' id='block_1_105' title="bbox 1923 4916 3500 4987">
    <p class='ocr_par' dir='ltr' id='par_1_105' title="bbox 1923 4916 3500 4987">
     <span class='ocr_line' id='line_1_105' title="bbox 1923 4916 3500 4987; baseline -0.007 -6"><span class='ocrx_word' id='word_1_733' title='bbox 1923 4928 2106 4981; x_wconf 85' lang='lat' dir='ltr'><strong>statim</strong></span> <span class='ocrx_word' id='word_1_734' title='bbox 2133 4922 2369 4978; x_wconf 79' lang='lat' dir='ltr'><strong>fructum</strong></span> <span class='ocrx_word' id='word_1_735' title='bbox 2389 4921 2661 4977; x_wconf 88' lang='lat' dir='ltr'><strong>orationis</strong></span> <span class='ocrx_word' id='word_1_736' title='bbox 2689 4917 2890 4976; x_wconf 88' lang='lat' dir='ltr'><strong>emittit</strong></span> <span class='ocrx_word' id='word_1_737' title='bbox 2918 4918 2987 4973; x_wconf 87' lang='lat' dir='ltr'><strong>ab</strong></span> <span class='ocrx_word' id='word_1_738' title='bbox 3010 4918 3209 4981; x_wconf 89' lang='lat' dir='ltr'><strong>oculis,</strong></span> <span class='ocrx_word' id='word_1_739' title='bbox 3232 4926 3287 4971; x_wconf 89' lang='lat' dir='ltr'><strong>et</strong></span> <span class='ocrx_word' id='word_1_740' title='bbox 3320 4916 3500 4987; x_wconf 77' lang='lat' dir='ltr'><strong>Iacry-</strong></span> 
     </span>
    </p>
   </div>
   <div class='ocr_carea' id='block_1_106' title="bbox 1924 5006 3503 5080">
    <p class='ocr_par' dir='ltr' id='par_1_106' title="bbox 1924 5006 3503 5080">
     <span class='ocr_line' id='line_1_106' title="bbox 1924 5006 3503 5080; baseline -0.006 -9"><span class='ocrx_word' id='word_1_741' title='bbox 1924 5032 2136 5073; x_wconf 89' lang='lat' dir='ltr'><strong>marutn</strong></span> <span class='ocrx_word' id='word_1_742' title='bbox 2194 5014 2399 5071; x_wconf 82' lang='lat' dir='ltr'><strong>ﬂuento</strong></span> <span class='ocrx_word' id='word_1_743' title='bbox 2455 5021 2652 5078; x_wconf 83' lang='lat' dir='ltr'><strong>scatet,</strong></span> <span class='ocrx_word' id='word_1_744' title='bbox 2708 5027 2777 5068; x_wconf 79' lang='lat' dir='ltr'><strong>ex</strong></span> <span class='ocrx_word' id='word_1_745' title='bbox 2832 5010 3194 5067; x_wconf 76' lang='lat' dir='ltr'><strong>illutninativa</strong></span> <span class='ocrx_word' id='word_1_746' title='bbox 3262 5006 3503 5080; x_wconf 87' lang='lat' dir='ltr'><strong>Spiritus</strong></span> 
     </span>
    </p>
   </div>
   <div class='ocr_carea' id='block_1_107' title="bbox 1923 5101 3500 5176">
    <p class='ocr_par' dir='ltr' id='par_1_107' title="bbox 1923 5101 3500 5176">
     <span class='ocr_line' id='line_1_107' title="bbox 1923 5101 3500 5176; baseline -0.007 -11"><span class='ocrx_word' id='word_1_747' title='bbox 1923 5113 2147 5165; x_wconf 80' lang='lat' dir='ltr'><strong>virtute.</strong></span> <span class='ocrx_word' id='word_1_748' title='bbox 2180 5106 2424 5173; x_wconf 85' lang='lat' dir='ltr'><strong>Quorum</strong></span> <span class='ocrx_word' id='word_1_749' title='bbox 2472 5116 2667 5176; x_wconf 78' lang='lat' dir='ltr'><strong>gustus</strong></span> <span class='ocrx_word' id='word_1_750' title='bbox 2694 5105 2832 5160; x_wconf 88' lang='lat' dir='ltr'><strong>adeo</strong></span> <span class='ocrx_word' id='word_1_751' title='bbox 2861 5104 3045 5159; x_wconf 80' lang='lat' dir='ltr'><strong>suavis</strong></span> <span class='ocrx_word' id='word_1_752' title='bbox 3075 5111 3159 5156; x_wconf 80' lang='lat' dir='ltr'><strong>est</strong></span> <span class='ocrx_word' id='word_1_753' title='bbox 3178 5142 3195 5165; x_wconf 90' lang='lat'><strong>,</strong></span> <span class='ocrx_word' id='word_1_754' title='bbox 3227 5111 3286 5155; x_wconf 92' lang='lat' dir='ltr'><strong>ut</strong></span> <span class='ocrx_word' id='word_1_755' title='bbox 3314 5101 3500 5155; x_wconf 84' lang='lat' dir='ltr'><strong>cibum</strong></span> 
     </span>
    </p>
   </div>
   <div class='ocr_carea' id='block_1_108' title="bbox 1924 5192 3504 5270">
    <p class='ocr_par' dir='ltr' id='par_1_108' title="bbox 1924 5192 3504 5270">
     <span class='ocr_line' id='line_1_108' title="bbox 1924 5192 3504 5270; baseline -0.005 -15"><span class='ocrx_word' id='word_1_756' title='bbox 1924 5200 2223 5270; x_wconf 86' lang='lat' dir='ltr'><strong>aliquando</strong></span> <span class='ocrx_word' id='word_1_757' title='bbox 2259 5200 2605 5269; x_wconf 90' lang='lat' dir='ltr'><strong>corporalem</strong></span> <span class='ocrx_word' id='word_1_758' title='bbox 2661 5196 3039 5259; x_wconf 77' lang='lat' dir='ltr'><strong>obliviscatur,</strong></span> <span class='ocrx_word' id='word_1_759' title='bbox 3082 5193 3175 5263; x_wconf 89' lang='lat' dir='ltr'><strong>qui</strong></span> <span class='ocrx_word' id='word_1_760' title='bbox 3227 5192 3504 5263; x_wconf 84' lang='lat' dir='ltr'><strong>particeps</strong></span> 
     </span>
    </p>
   </div>
   <div class='ocr_carea' id='block_1_109' title="bbox 1926 5283 3503 5354">
    <p class='ocr_par' dir='ltr' id='par_1_109' title="bbox 1926 5283 3503 5354">
     <span class='ocr_line' id='line_1_109' title="bbox 1926 5283 3503 5354; baseline -0.01 -3"><span class='ocrx_word' id='word_1_761' title='bbox 1926 5297 2143 5351; x_wconf 91' lang='lat' dir='ltr'><strong>illorum</strong></span> <span class='ocrx_word' id='word_1_762' title='bbox 2178 5294 2356 5348; x_wconf 82' lang='lat' dir='ltr'><strong>factus</strong></span> <span class='ocrx_word' id='word_1_763' title='bbox 2391 5302 2498 5347; x_wconf 88' lang='lat' dir='ltr'><strong>est.</strong></span> <span class='ocrx_word' id='word_1_764' title='bbox 2529 5290 2628 5346; x_wconf 89' lang='lat' dir='ltr'><strong>llic</strong></span> <span class='ocrx_word' id='word_1_765' title='bbox 2673 5300 2754 5345; x_wconf 88' lang='lat' dir='ltr'><strong>est</strong></span> <span class='ocrx_word' id='word_1_766' title='bbox 2803 5288 3071 5342; x_wconf 88' lang='lat' dir='ltr'><strong>orationis</strong></span> <span class='ocrx_word' id='word_1_767' title='bbox 3123 5284 3371 5349; x_wconf 78' lang='lat' dir='ltr'><strong>fructus,</strong></span> <span class='ocrx_word' id='word_1_768' title='bbox 3406 5283 3503 5354; x_wconf 88' lang='lat' dir='ltr'><strong>qui</strong></span> 
     </span>
    </p>
   </div>
   <div class='ocr_carea' id='block_1_110' title="bbox 1930 5377 3504 5459">
    <p class='ocr_par' dir='ltr' id='par_1_110' title="bbox 1930 5377 3504 5459">
     <span class='ocr_line' id='line_1_110' title="bbox 1930 5377 3504 5459; baseline -0.009 -14"><span class='ocrx_word' id='word_1_769' title='bbox 1930 5407 1992 5445; x_wconf 81' lang='lat' dir='ltr'><strong>ex</strong></span> <span class='ocrx_word' id='word_1_770' title='bbox 2025 5388 2290 5459; x_wconf 85' lang='lat' dir='ltr'><strong>qualitate</strong></span> <span class='ocrx_word' id='word_1_771' title='bbox 2357 5384 2670 5452; x_wconf 73' lang='lat' dir='ltr'><strong>psalmodiac</strong></span> <span class='ocrx_word' id='word_1_772' title='bbox 2708 5381 2998 5439; x_wconf 86' lang='lat' dir='ltr'><strong>animabus</strong></span> <span class='ocrx_word' id='word_1_773' title='bbox 3035 5378 3307 5436; x_wconf 88' lang='lat' dir='ltr'><strong>orantium</strong></span> <span class='ocrx_word' id='word_1_774' title='bbox 3343 5377 3504 5433; x_wconf 83' lang='lat' dir='ltr'><strong>inna-</strong></span> 
     </span>
    </p>
   </div>
   <div class='ocr_carea' id='block_1_111' title="bbox 1930 5484 2123 5542">
    <p class='ocr_par' dir='ltr' id='par_1_111' title="bbox 1930 5484 2123 5542">
     <span class='ocr_line' id='line_1_111' title="bbox 1930 5484 2123 5542; baseline -0.016 0"><span class='ocrx_word' id='word_1_775' title='bbox 1930 5484 2123 5542; x_wconf 87' lang='lat' dir='ltr'><strong>scitur.</strong></span> 
     </span>
    </p>
   </div>
  </div>
