4202 6450
226 431 332 492 937

1183 425 1669 487 PIIYSICORUM
1712 423 2049 483 CAPITUM
2089 424 2490 484 CENTURIA
2528 424 2609 483 II.

3358 429 3466 494 938

286 562 393 619 ος¹.
440 554 564 606 Ἐὰν
591 552 722 622 ᾅδης
758 548 912 619 ᾀσμα
963 548 1127 615 εὐχῆς
1160 544 1238 615 τῷ
1279 544 1421 613 Θεῷ.
1452 543 1545 596 καὶ
1578 538 1869 610 ἀδελφδςΑ

1801 538 1869 601 ;A
1968 537 2054 592 76.
2088 540 2144 593 Si
2183 549 2371 594 cantes
2406 542 2683 595 canticum
2718 539 2986 595 orationis
3015 542 3145 607 Deo,
3192 554 3247 598 et
3289 545 3460 602 frater

214 648 472 715 παραστῇ
505 646 571 712 τῇ
604 642 745 711 θύρα
774 641 990 708 κρούων
1013 637 1115 707 τῆς
1145 637 1341 706 κέλλης
1380 653 1498 701 σου,
1537 635 1615 705 μὴ
1668 649 1806 704 προ-

213 738 460 806 τιμήσῃς
488 734 550 784 τὸ
580 733 739 801 ἔργον
763 730 865 797 τῆς
894 729 1056 799 εὐχῆς
1089 727 1185 780 τοῦ
1232 727 1397 796 ἔργου
1428 726 1529 793 τῆς
1559 724 1807 794 ἀγάπης,

215 827 314 880 καὶ
346 824 578 894 π-αρίδῃς
614 820 881 891 κρούοντα
910 820 1003 872 τὸν
1051 819 1144 871 σὺν
1187 817 1446 886 ἀδελφόν·
1504 815 1667 868 τοῦτο
1697 814 1806 883 γὰρ

214 922 317 972 οὐκ
353 918 467 968 ἐστι
503 916 656 984 φίλον
688 911 827 981 Θεῷ.
873 912 1094 963 Ἐλαιον
1121 911 1231 979 γάρ
1262 910 1483 977 ἀγάπης
1515 907 1684 973 θέλει,
1715 904 1805 959 καὶ

213 1013 280 1065 ού
331 1011 527 1064 θυσίαν
583 1005 918 1078 προσευχῆς.
965 1003 1127 1057 Ἀλλά
1166 1004 1227 1056 τὸ
1276 1003 1450 1072 δῶρον
1500 1000 1661 1070 ἀφεὶς
1710 999 1809 1071 τῆς

216 1102 557 1174 προσευχῆς,
590 1100 679 1171 δὺς
725 1098 945 1168 ὁμιλίαν
986 1095 1208 1165 ἀγάπης
1254 1094 1336 1165 τῷ
1368 1092 1601 1164 ἀδελφῷ,
1644 1091 1811 1162 θερα-

222 1195 437 1254 πεύσας
459 1191 643 1244 αὐτόν.
678 1189 786 1243 Καὶ
814 1188 933 1240 τότε
965 1186 1252 1258 στραφεὶς,
1291 1185 1571 1254 πρόσφερέ
1623 1199 1719 1236 σου
1749 1180 1812 1234 τδ

215 1286 396 1355 δῶρον
425 1283 504 1353 τῷ
536 1282 709 1352 [Ιατρλ¹
731 1280 842 1333 τῶν
871 1280 1205 1349 πνευμάτων
1238 1277 1374 1348 μετά
1420 1275 1673 1345 δακρύων
1715 1272 1812 1328 καὶ

218 1377 696 1448 συντετριμμένης
727 1374 978 1443 καρδίας,
1007 1372 1102 1426 καὶ
1130 1370 1348 1440 πνεῦμα
1379 1369 1535 1433 εύθὲς
1564 1371 1813 1438 ὲγκαινι‹

216 1470 488 1539 σθήσεται
516 1470 628 1530 τοῖς
667 1466 923 1533 ὲγκάτοις
949 1480 1064 1516 σου.

292 1537 392 1607 (ᾆξ’.
449 1545 564 1595 Uine
614 1544 673 1595 ὲν
721 1541 1014 1611 ὡρισμένῳ
1045 1537 1224 1609 καιρῷ
1272 1540 1368 1593 καὶ
1402 1540 1550 1609 τόπῳ
1596 1540 1658 1593 τὸ
1706 1541 1806 1609 τῆς

218 1637 393 1706 εύχῆς
417 1636 651 1688 τελεῖται
690 1636 1009 1704 μυστήριον.
1041 1634 1101 1686 El
1125 1635 1235 1702 γὰρ
1264 1632 1467 1702 όρίζεις
1496 1632 1562 1686 τὰ
1589 1632 1687 1701 τῆς
1720 1632 1812 1684 εὑ-

1895 636 2037 683 astet
2066 629 2288 698 pulsans
2322 630 2547 697 januam
2579 631 2733 685 cellae
2766 640 2895 695 tuae,
2930 646 2998 686 ne
3034 634 3292 701 praeferas
3325 651 3469 708 opus

1898 722 2170 776 orationis
2224 723 2376 791 Operi
2433 723 2746 787 charitatis,
2785 740 2886 780 nec
2924 726 3199 795 despicias
3241 729 3466 787 fratrem

1898 820 2055 867 tuum
2095 814 2408 884 pulsantem
2441 832 2456 867 :
2489 814 2592 867 hoc
2631 817 2776 868 enim
2810 817 2919 871 Deo
2954 826 3171 887 gratum
3212 836 3322 875 non
3355 830 3463 879 est.

1896 899 2088 954 Oleum
2115 902 2259 955 enim
2286 902 2403 955 vult
2435 900 2746 963 charitatis,
2784 917 2894 957 non
2946 921 3079 958 vero
3127 907 3463 962 sacrificium

1898 993 2183 1047 orationis.
2217 992 2323 1048 Sed
2350 1009 2553 1049 munus
2584 995 2897 1064 relinquens
2928 998 3217 1061 orationis,
3249 1002 3314 1053 da
3348 1014 3469 1053 ser-

1900 1096 2090 1137 mones
2130 1083 2416 1138 charitatis
2447 1093 2542 1137 tuo
2568 1084 2761 1151 fratri,
2787 1086 2966 1154 ipsum
2994 1102 3216 1143 curans.
3247 1089 3311 1143 Et
3335 1098 3468 1144 tunc

1902 1188 2183 1239 reversus,
2215 1174 2353 1229 oﬂer
2388 1190 2589 1231 munus
2644 1185 2798 1231 tuum
2833 1176 2982 1230 Patri
3015 1179 3310 1247 spirituum
3341 1195 3465 1234 cum

1897 1266 2158 1337 lacrymis
2188 1275 2244 1321 et
2273 1268 2512 1322 contrito
2543 1271 2730 1334 corde,
2756 1276 2811 1323 et
2844 1268 3072 1338 spiritus
3096 1279 3279 1327 rectus
3311 1273 3469 1327 inno-

1894 1358 2115 1412 vabitur
2141 1357 2195 1412 in
2233 1358 2543 1414 visceribus
2571 1359 2701 1415 tuis.

1968 1534 2059 1587 77.
2095 1533 2213 1587 Non
2247 1551 2302 1588 in
2335 1535 2762 1607 circumscripto
2801 1546 3046 1605 tempore
3080 1546 3134 1593 et
3185 1541 3308 1595 loco
3342 1556 3470 1611 per-

1908 1625 2093 1679 ﬁcitur
2122 1626 2392 1681 orationis
2423 1629 2772 1698 mysterium.
2811 1628 2869 1684 Si
2922 1630 3069 1685 enim
3110 1632 3467 1689 circumscri-

218 1731 326 1798 χῆς
359 1732 418 1781 ἐν
469 1728 663 1798 ὥραις,
713 1727 810 1780 καὶ
857 1728 1088 1799 καιροῖς,
1140 1727 1235 1779 καὶ
1272 1726 1480 1788 τόποις,
1536 1725 1565 1777 6
1607 1723 1813 1779 τούτων

1809 1744 1813 1768 ι
1900 1716 1985 1771 bis
2014 1716 2315 1773 orationem
2348 1719 2522 1783 horis,
2566 1721 3013 1792 temporibusque
3065 1730 3121 1778 et
3150 1724 3310 1786 locis.
3339 1742 3468 1797 ergo

219 1820 384 1878 ὲκτδς
417 1818 527 1885 ἀρα
556 1818 750 1889 χρόνος
811 1818 1011 1887 σχολὴν
1054 1820 1114 1873 ὲν
1159 1819 1339 1881 ἄλλοις
1366 1819 1491 1887 ἄγει
1522 1819 1866 1890 πράγμασι-

1807 1841 1866 1890 ι-
1902 1817 2120 1879 tempus
2140 1820 2293 1865 extra
2327 1812 2445 1866 haec
2472 1812 2526 1866 in
2554 1812 2677 1867 aliis
2700 1814 3159 1883 occupationibus
3186 1828 3466 1886 peractum

221 1881 609 1972 ματαιότητοςξ
655 1904 820 1973 Ὅρος
1026 1906 1194 1977 εὐχῆς
1237 1907 1395 1960 τοῦτό
1416 1881 1661 1972 ,ἐστιίτδ
1679 1881 1790 1980 περ
1831 1881 1870 1936 Β

1831 1881 1870 1936 Β
1898 1902 2011 1956 οιίο
2048 1902 2246 1957 teritur
2278 1904 2483 1957 inutili.
2509 1901 2798 1972 Objectum
2824 1881 2973 1958 enim
3016 1908 3284 1963 orationis
3317 1909 3370 1964 in
3401 1925 3467 1965 eo

217 1994 360 2048 Θεὸν
391 1996 752 2065 ἁνεκκίνητον
798 1996 892 2050 τοῦ
925 1999 1044 2063 νοός
1065 2015 1080 2032 ο
1121 2000 1284 2070 ἔργον
1315 2001 1395 2066 δὲ,
1430 2000 1493 2054 τὸ
1534 2002 1662 2073 περὶ
1694 2001 1811 2056 θεία

1808 2021 1811 2051 ι
1899 1995 2155 2049 consistit
2208 1993 2358 2064 quod
2410 2010 2566 2049 mens
2623 1995 2680 2050 in
2715 1995 2828 2052 Deo
2863 1997 3087 2052 immota
3134 2007 3271 2066 stet;
3328 2015 3467 2072 opus

217 2088 529 2155 πράγματα
557 2087 887 2158 στρέφεσθαι
924 2091 1023 2160 τὴν
1048 2090 1227 2161 ψυχήν
1252 2108 1265 2121 '
1300 2092 1451 2156 τέλος
1476 2093 1554 2157 δὲ,
1585 2094 1648 2146 τὸ
1685 2094 1810 2146 κολ-

1902 2096 2108 2153 autem,
2152 2087 2205 2139 in
2255 2102 2320 2140 eo
2373 2088 2518 2155 quod
2579 2088 2648 2142 ad
2701 2102 2792 2143 res
2835 2088 3053 2146 divinas
3113 2102 3469 2148 convertatur

219 2179 456 2248 ληθῆναι
486 2181 603 2248 Θεῷ
634 2182 733 2250 τὴν
760 2181 1019 2246 διάνοιαν,
1053 2184 1146 2235 καὶ
1167 2184 1226 2235 ἓν
1255 2183 1470 2253 πνεῦμα
1498 2184 1616 2253 μετ’
1642 2182 1808 2238 αὑτοῦ

1905 2175 2127 2240 anima;
2154 2184 2208 2231 et
2250 2177 2397 2241 linis,
2442 2178 2496 2232 in
2530 2192 2597 2233 eo
2628 2178 2777 2249 quod
2813 2179 3087 2235 adhaereat
3117 2180 3230 2237 Deo
3264 2183 3468 2238 intelli-

218 2274 582 2341 χρηματίσαι,
608 2272 751 2327 κατά
787 2273 879 2327 τὸν
907 2274 1035 2344 ὅρον
1064 2276 1157 2328 καὶ¹
1207 2276 1366 2346 λόγον
1406 2277 1500 2330 τοῦ
1554 2278 1807 2331 Ἀποστά-

1804 2308 1807 2317 ,
1898 2271 2104 2340 gentia,
2134 2285 2387 2339 unusque
2414 2286 2537 2327 cum
2566 2285 2633 2327 eo
2654 2270 2751 2326 ﬁat
2782 2272 3034 2342 spiritus,
3067 2274 3218 2344 juxta
3245 2274 3463 2331 eﬂ‘atum

216 2364 339 2418 λου.

1900 2373 1954 2415 et
1985 2376 2173 2416 vocem
2209 2364 2478 2431 Apostoli.

292 2455 396 2524 οη’.
428 2455 490 2507 El
518 2455 612 2509 καὶ
635 2458 751 2519 τοῖς
782 2456 969 2526 μέλεσι
989 2457 1090 2527 τῆς
1126 2458 1330 2528 σαρκὸς
1353 2459 1686 2529 ὲνεκρὼθης,
1711 2460 1807 2513 καὶ

1980 2451 2072 2506 78.
2107 2452 2221 2508 Etsi
2253 2454 2514 2511 membris
2566 2457 2754 2512 carnis
2807 2458 3163 2515 mortificatus
3203 2475 3263 2516 es
3290 2500 3305 2524 ,
3349 2462 3470 2515 ani-

214 2548 319 2618 τὴν
347 2547 524 2617 ψυχὴν
553 2546 927 2617 ὲζωοποιήθης
946 2547 1035 2602 διὰ
1051 2548 1143 2601 τοῦ
1168 2549 1504 2618 Πνεύματος,
1526 2550 1621 2603 καὶ
1640 2550 1790 2619 ὑπερ-

1908 2559 2105 2614 maque
2153 2560 2248 2614 per
2285 2545 2547 2615 Spiritum
2588 2549 2921 2615 vivificatns,
2965 2562 3021 2606 et
3072 2562 3467 2623 snpernatura-

215 2639 373 2707 φυῶν
415 2640 769 2708 χαρισμάτων
821 2639 1059 2710 ἡξιώθης
1106 2641 1214 2694 ἀπὸ
1260 2640 1418 2706 Θεοῦ,
1466 2642 1604 2695 ἀλλὰ
1644 2642 1708 2695 σύ
1742 2659 1805 2709 γε

1892 2637 2043 2693 libus
2090 2637 2251 2693 donis
2309 2640 2610 2697 honoratus
2677 2658 2705 2696 a
2767 2641 2898 2706 Deo,
2955 2660 3023 2699 ne
3074 2653 3257 2701 tamen
3316 2648 3468 2703 sinas

219 2732 301 2797 μὴ
329 2729 520 2781 ἄνετον
567 2729 735 2800 ἐάσῃς
791 2730 852 2781 τὸ
911 2730 1262 2800 λογιζόμενον
1296 2733 1393 2801 τῆς
1442 2732 1620 2802 ψυχῆς
1671 2749 1801 2785 σοῦ’

1907 2727 2139 2780 relaxari
2169 2738 2376 2797 partem
2427 2730 2623 2784 animae
2658 2740 2765 2785 tuze
2795 2732 3143 2799 rationalem,
3185 2735 3280 2791 sed
3329 2736 3471 2790 hanc

217 2821 551 2891 στρέφεσθαι
581 2822 637 2873 δὲ
671 2822 758 2874 ἀεὶ
785 2820 944 2874 τοῦτο
977 2820 1122 2886 ἔθιζε
1154 2824 1285 2892 περὶ
1312 2824 1413 2892 τὴν
1442 2825 1662 2893 μνήμην
1691 2824 1804 2876 τῶν

1907 2819 2197 2874 intendere
2231 2820 2346 2874 sole
2394 2820 2460 2874 ad
2499 2824 2821 2877 memoriam
2874 2824 3221 2896 iniquitatum
3256 2839 3468 2883 tuarum

214 2915 350 2966 ποτέ
387 2931 469 2966 σοι
496 2913 923 2983 ἡμαρτημένων,
963 2915 1059 2966 καὶ
1095 2913 1206 2967 τῶν
1242 2916 1302 2967 ὲν
1333 2914 1409 2984 τῷ
1439 2915 1539 2986 ᾄδῃ
1574 2916 1800 2981 ποινῶν,

1900 2908 2273 2976 antiquarum,
2316 2924 2377 2962 ac
2413 2923 2696 2979 poenarum
2739 2912 2962 2975 inferni,
2992 2923 3154 2985 atque
3202 2925 3262 2971 ut
3311 2920 3470 2974 dam-

223 3008 320 3059 καὶ
346 3006 424 3068 ὡς
459 3007 751 3060 κατὰδικον
781 3006 981 3077 νοερῶς
1011 3006 1203 3062 ἑαυτὸν
1234 3008 1509 3063 κατανόει.
1551 3007 1709 3062 Οὕτω
1744 3008 1804 3060 δὲ

1898 3006 2085 3052 natum
2119 3008 2170 3055 te
2212 3001 2521 3055 mentaliter
2591 3015 2807 3073 reputa.
2846 3005 2970 3061 "me
3005 3009 3188 3062 animo
3216 3025 3469 3074 versans.

221 3099 479 3168 στρέφων
522 3099 579 3151 ὲν
627 3098 837 3162 τούτοις
890 3098 981 3152 τὸν
1019 3098 1165 3167 νοῦν,
1215 3100 1309 3154 καὶ
1349 3098 1493 3154 οὕτω
1522 3099 1804 3154 κατανοῶν

1902 3088 2017 3142 hac
2044 3089 2113 3144 de
2146 3096 2200 3145 te
2240 3091 2515 3160 cogitans,
2549 3095 2855 3149 contritum
2889 3098 3142 3153 servabis
3188 3101 3468 3170 spiritum.

194 3188 444 3253 ἑαυτὸν,
502 3189 966 3258 συντετριμμένον
1001 3188 1258 3257 φυλάξεις
1312 3190 1373 3243 τὸ
1418 3189 1658 3258 πνεῦμα,
1708 3190 1853 3258 καίρ

1817 3217 1859 3258 ρ
1898 3190 1951 3235 et
1980 3182 2425 3250 compunctionis
2456 3183 2599 3246 fons,
2632 3186 2831 3239 divinae
2862 3188 3053 3251 gratia:
3085 3188 3287 3243 ﬂuenta
3326 3192 3381 3246 in
3419 3201 3472 3248 te

224 3277 329 3345 τὴν
354 3273 537 3344 πηγὴν
564 3275 859 3345 βλύζουσαν
888 3273 1031 3338 ἕξεις
1057 3272 1159 3341 τῆς
1198 3270 1568 3337 κατανύξεως,
1604 3271 1673 3325 τά
1703 3272 1802 3340 τῆς
1823 3270 1862 3279 “

1823 3270 1862 3279 “
1897 3272 2128 3338 emittet,
2166 3283 2327 3343 teque
2359 3273 2500 3330 Deus
2526 3278 2801 3346 respiciet,
2831 3287 2882 3333 et
2908 3280 3156 3348 spiritum
3193 3281 3290 3337 tibi
3321 3283 3468 3338 dabit

227 3367 380 3427 Θείας
407 3366 628 3436 χάριτος
663 3365 872 3435 ῥεῖθρα,
903 3363 1037 3417 Θεόν
1066 3380 1126 3416 τε
1160 3362 1427 3433 βλέποντα
1471 3364 1551 3426 είς
1585 3362 1667 3427 σὲ,
1711 3366 1806 3416 καὶ

1079 3380 1126 3416 τε
1160 3362 1427 3433 βλέποντα
1471 3364 1551 3426 είς
1585 3362 1667 3427 σὲ,
1711 3366 1806 3416 καὶ
1899 3363 1968 3417 ad
2004 3365 2399 3421 stabiliendum
2434 3384 2530 3423 cor
2560 3377 2738 3425 tuum.

225 3457 441 3510 διδόντα
484 3474 565 3509 σοι
608 3454 829 3525 Πνεῦμα
872 3457 951 3517 εἰς
1003 3454 1401 3524 ὲπιστηριγμὸν
1432 3454 1531 3524 τῆς
1580 3455 1807 3523 καρδίας

230 3563 351 3600 σου.

300 3639 396 3694 οϐ’.
431 3638 670 3707 Νηστεία
702 3637 1079 3707 λελογισμένη,
1114 3636 1420 3706 ἀγρυπνίαν
1461 3634 1597 3705 μετά
1650 3635 1808 3704 μελέ-

1806 3664 1808 3672 '
1976 3648 2063 3702 79.
2095 3646 2371 3717 Jejunium
2404 3646 2755 3714 rationabile,
2789 3647 3034 3718 vigiliam
3065 3665 3191 3704 cum
3236 3651 3465 3705 medita-

225 3746 328 3798 της
381 3729 477 3780 καὶ
530 3728 840 3796 προσευχῆς
896 3727 1135 3780 λαϐοῦσα
1188 3728 1551 3794 συνέμπορον,
1594 3724 1807 3794 ταχέως

1806 3746 1807 3749 ‘
1901 3737 2055 3791 tione
2088 3747 2143 3791 et
2170 3739 2422 3792 oratione
2456 3737 2712 3792 comitem
2765 3753 3074 3803 assumens,
3111 3742 3222 3794 cito
3264 3740 3332 3793 ad
3368 3743 3465 3794 im-

225 3823 342 3882 τοῖς
371 3821 470 3889 τῆς
500 3818 769 3881 ἀπαθείας
795 3820 942 3888 ὅροις
972 3818 1231 3887 ὲπιὸῆναι
1268 3820 1414 3870 ποιεῖ
1442 3818 1531 3869 τὸν
1568 3818 1806 3887 ἐργάτην

1900 3829 2285 3897 passibilitatis
2310 3829 2512 3884 limites
2539 3844 2700 3884 suum
2721 3828 2870 3883 ducit
2894 3831 3223 3898 operarium,
3246 3833 3467 3901 quando

228 3911 422 3979 αὐτῆς,
464 3912 625 3979 ἡνίκα
655 3910 860 3973 τοῦτον,
906 3910 1002 3962 καὶ
1049 3913 1148 3981 τὴν
1191 3911 1370 3981 ψυχὴν
1402 3910 1469 3963 δι’
1502 3911 1806 3979 ὑπερϐολὴν
1853 3943 1869 3958 .

1853 3943 1869 3958 ο
1899 3919 2065 3988 hujus
2100 3920 2339 3973 animam
2402 3920 2606 3987 reperit
2641 3926 2866 3989 propter
2908 3921 3235 3976 humilitatis
3278 3938 3465 3979 exces-

226 4002 632 4068 ταπεινώσεως,
665 4002 1141 4070 καταντλουμένην
1171 4002 1359 4073 ἔχοντα
1389 4006 1499 4067 τοῖς
1542 4004 1806 4074 δάκρυσιν

1794 4022 1806 4055 ι
1896 4025 2016 4065 sunt
2061 4010 2319 4081 lacrymis
2356 4009 2629 4063 madidam
2664 4021 2717 4064 et
2748 4024 2933 4065 amore
2961 4010 3050 4065 Dei
3087 4028 3409 4066 succcnsam
3441 4032 3453 4080 ;

226 4097 363 4161 έξει,
392 4096 487 4149 καὶ
518 4096 621 4148 ὑπὸ
654 4096 755 4164 τῆς
780 4097 1004 4164 ἀγάπης
1031 4096 1125 4149 τοῦ
1167 4096 1301 4149 Θεοῦ
1336 4098 1801 4166 πυρπολούμενον.

1896 4111 1950 4155 et
1987 4102 2236 4154 eumdem
2268 4098 2375 4152 huc
2420 4106 2667 4152 evectum
2717 4098 2869 4153 ducit
2923 4101 2988 4153 ad
3026 4117 3209 4169 pacem
3243 4105 3466 4171 spiritus

227 4191 323 4250 Είς
355 4188 513 4241 τοῦτο
539 4188 595 4239 δὲ
641 4187 887 4251 ἐλθόντα,
937 4187 1074 4257 πρὸς
1113 4188 1212 4258 τὴν
1256 4190 1481 4261 εἰρήνην
1524 4190 1686 4242 αὐτὸν
1712 4188 1806 4242 τοῦ

1805 4223 1806 4226 η
1900 4201 2007 4256 qua
2043 4201 2197 4241 mens
2225 4184 2408 4239 omnis
2441 4185 2611 4242 libera
2646 4187 2722 4250 fit,
2761 4202 2825 4243 ac
2863 4202 2959 4258 per
3000 4190 3325 4247 charitatem
3357 4193 3464 4251 Deo

227 4278 540 4346 πνεύματος
574 4278 698 4345 ἀγει
724 4277 822 4348 τὴν
846 4277 1024 4331 πάντα
1048 4278 1171 4330 νοῦν
1200 4279 1485 4349 ἐλεύθερον
1510 4280 1806 4350 ὑπερέχου-

228 4388 353 4433 σαν,
389 4372 483 4422 καὶ
512 4369 600 4422 διὰ
622 4372 721 4440 τῆς
750 4368 974 4438 ἀγάπης
1004 4370 1114 4422 ἑνοῖ
1138 4370 1215 4439 τῷ
1245 4370 1383 4441 Θεῷ.

298 4466 377 4511 π’.
413 4460 522 4529 Οὐχ
548 4463 691 4535 etiam
718 4460 969 4529 βασιλεὺς
1008 4462 1099 4513 ἐπὶ
1117 4460 1243 4534 δόξῃ
1272 4464 1364 4516 καὶ
1388 4462 1635 4533 βασιλείᾳ.
1663 4464 1806 4531 μέγα

1899 4277 2038 4333 unit.

1968 4454 2057 4509 80.
2086 4451 2200 4507 Non
2234 4456 2305 4508 ita
2351 4470 2543 4525 magna
2573 4456 2738 4509 scntit
2778 4471 2873 4512 rex
2931 4457 2999 4512 de
3036 4459 3205 4526 gloria
3240 4471 3294 4515 et
3346 4477 3463 4515 ma-

224 4552 440 4617 φρονεῖ,
475 4550 566 4601 καὶ
602 4551 681 4611 εἰς
712 4550 911 4619 κράτος
961 4551 1439 4621 ὲναμὸρυνὸμενος
1492 4553 1693 4624 χαίρει,
1728 4555 1806 4618 ὡς
1832 4584 1867 4632 ί,

1803 4573 1806 4582 ι
1832 4584 1867 4632 υ
1897 4550 2099 4618 justate
2129 4547 2300 4616 regia,
2325 4562 2425 4601 nec
2448 4547 2524 4599 ita
2552 4546 2619 4600 de
2647 4562 2743 4600 sua
2776 4550 3018 4616 potentia
3049 4552 3462 4621 obstupefactus

234 4642 475 4709 μοναχὺς
517 4641 609 4691 ἐπὶ
634 4640 814 4709 ψυχῆς
863 4641 1123 4712 ἀπαθείᾳ,
1178 4644 1271 4695 καὶ
1314 4644 1539 4714 δάκρυσι
1577 4646 1806 4697 κατανύ-

228 4728 386 4795 ξεως.
428 4729 486 4781 '0
520 4731 617 4796 μὲν
643 4730 750 4798 γὰρ
783 4732 1301 4803 συμμαραινόμενον
1326 4734 1436 4805 ἔχει
1470 4739 1535 4807 τῇ
1563 4736 1807 4807 βασιλεία

226 4820 291 4873 τὸ
341 4821 633 4891 φρόνημα’
666 4825 694 4875 6
728 4823 784 4875 δὲ
816 4826 1297 4896 συναπερχομένην
1326 4826 1536 4879 ἐκεῖθεν
1576 4830 1670 4880 καὶ
1711 4828 1807 4896 μέ-

224 4929 428 4964 νουσαν
459 4914 575 4979 μετ’
604 4913 944 4983 εὐφροσύνης
972 4916 1069 4984 τὴν
1104 4917 1383 4985 μακαρίαν
1422 4918 1691 4972 ἀπάθειαν
1731 4921 1808 4982 εἰς

224 5004 572 5072 ἀπεράντους
599 5004 823 5067 αἰῶνας.
865 4999 968 5058 Οἷα
1015 5006 1122 5075 γὰρ
1162 5009 1353 5077 τροχὸς
1393 5009 1555 5077 μέσον
1600 5009 1809 5079 ἀνθρώ-

227 5113 348 5148 πων
381 5094 629 5148 κυλίεται
657 5098 796 5148 κατὰ
821 5096 921 5167 τὴν
950 5098 1235 5165 παροῦσαν
1273 5103 1300 5153 6
1333 5100 1574 5163 τοιοῦτος
1628 5102 1806 5170 ζωήν·

230 5186 407 5253 μικρά
437 5188 536 5254 μὲν
561 5188 628 5255 τῇ
669 5190 738 5255 γῇ
774 5188 1007 5251 καὶτοῖς
1039 5191 1096 5242 ὲν
1126 5191 1262 5261 αὐτῇ
1311 5194 1692 5263 προσεγγξζων
1722 5194 1810 5247 διὰ

226 5274 327 5343 τὴν
374 5274 622 5344 ἀνάγκην
666 5275 767 5346 τῆς
798 5276 1032 5345 φύσεως,
1062 5280 1184 5343 ὅλος
1212 5282 1267 5335 δὲ
1314 5285 1639 5351 σφαιρειδῶς
1676 5286 1808 5354 πρὶς

226 5368 371 5435 ἀέρα
402 5367 702 5437 φερόμενος
731 5370 943 5440 νοητὸν,
996 5373 1483 5445 ἀνακυκλουμένην
1523 5376 1580 5427 ὲν
1632 5376 1809 5445 ἐαυτῷ

228 5462 390 5529 φέρει
422 5459 521 5529 τὴν
574 5461 750 5532 ἀρχὴν
799 5465 935 5533 πρὸς
983 5466 1043 5517 τὸ
1098 5465 1270 5532 τέλος,
1310 5468 1404 5520 καὶ
1444 5469 1512 5522 τὰ
1549 5470 1661 5538 εἴδη
1703 5471 1809 5521 τῶν

224 5553 591 5622 χαρισμάτων
621 5556 1076 5627 ἐγκεκολαμμένα
1107 5558 1185 5626 τῷ
1222 5560 1470 5631 στεφάνῳ
1492 5560 1591 5632 τῆς
1621 5576 1810 5615 ταπει-

226 5642 469 5708 νώσεως.
506 5638 578 5715 ⁷ῼ
623 5648 717 5700 καὶ
759 5649 1040 5718 πλήθουσά
1068 5651 1184 5702 ὲστι
1227 5652 1498 5720 τράπεζα,
1540 5656 1571 5724 ἡ
1606 5654 1810 5725 θεωρία

228 5735 338 5786 τῶν
381 5734 581 5787 ὖντωνο
641 5736 792 5807 πόμα
842 5740 919 5803 δὲ,
967 5741 995 5790 6
1043 5741 1255 5810 κρατὴρ
1300 5742 1399 5812 τῆς
1457 5745 1642 5813 σοφίας
1671 5761 1685 5774 ⁸
1718 5748 1809 5799 καὶ

229 5828 559 5891 ἀνάπαυσις.
594 5832 622 5881 ὁ
650 5830 799 5893 θεός.

609 5942 847 5999 't‘nttut.
905 5940 1018 5998 Gn.
1059 5937 1230 5996 CXX.

1908 4644 2125 4709 gaudet,
2160 4653 2321 4708 quam
2361 4638 2663 4692 monachus
2698 4639 2765 4692 de
2801 4641 3237 4708 impassibilitate
3273 4646 3465 4698 animae

1905 4735 2273 4804 lacrymisque
2327 4731 2793 4798 compunctionis.
2849 4732 3058 4785 Etenim
3108 4734 3198 4790 ille
3244 4737 3464 4804 quidem

1901 4828 2127 4897 gloriam
2150 4824 2311 4878 habet
2339 4824 2500 4877 simul
2523 4837 2647 4875 cum
2679 4822 2985 4877 diademate
3010 4837 3463 4889 marcescentem,

1910 4918 1998 4970 hic
2034 4929 2163 4969 vero
2222 4912 2442 4967 felicem
2505 4911 2671 4964 habet
2732 4909 3229 4979 impassibilitatem
3272 4918 3339 4970 ab
3383 4920 3468 4972 his

1903 5008 2068 5061 torris
2122 5007 2391 5075 inceptam
2443 5012 2498 5057 et
2548 5018 2672 5056 cum
2710 5002 2909 5071 gaudio
2952 5018 3368 5071 permansuram
3416 5012 3468 5062 in

1906 5100 2116 5153 infinita
2170 5097 2392 5150 saecula.
2443 5094 2513 5148 Ut
2563 5106 2678 5146 rota
2735 5094 2878 5148 inter
2928 5094 3179 5151 homines
3232 5100 3473 5154 volvitur

1906 5188 2217 5260 hujusmodi
2255 5187 2339 5239 vir
2367 5187 2421 5239 in
2451 5187 2711 5255 praesenti
2753 5187 2857 5237 vita
2886 5204 2900 5244 ;
2942 5188 3225 5253 paululum
3249 5194 3469 5260 quidem

1908 5293 2107 5336 terram
2144 5289 2197 5335 et
2248 5294 2309 5334 ea
2350 5294 2472 5348 qua:
2510 5279 2561 5330 in
2595 5292 2657 5330 ea
2715 5284 2843 5329 sunt
2894 5278 3210 5349 pertingens
3252 5294 3473 5351 propter

1906 5388 2117 5431 naturae
2148 5374 2561 5432 necessitatem,
2599 5378 2746 5423 totus
2784 5383 2913 5423 vero
2946 5369 3000 5423 in
3030 5385 3155 5425 aere
3204 5375 3469 5442 spirituat':

1908 5466 2359 5525 circumvolutus,
2406 5464 2566 5516 habet
2618 5462 2671 5513 in
2721 5461 2905 5529 seipse
2939 5462 3271 5532 principium
3310 5466 3471 5519 ﬁnem

1908 5556 2216 5612 circulatim
2265 5565 2546 5624 appetens,
2584 5562 2637 5605 et
2673 5552 2940 5621 imagines
2971 5552 3370 5610 charismatum
3415 5558 3469 5610 in

1913 5649 2242 5703 humilitatis
2266 5662 2467 5701 corona
2500 5645 2747 5698 caelatas.
2783 5642 2858 5695 Illi
2894 5659 3081 5697 mensa
3129 5656 3211 5699 est
3244 5649 3469 5709 ret‘erta,

1915 5741 2127 5796 theoria
2163 5741 2416 5802 entium;
2468 5737 2722 5806 poculum
2769 5750 2898 5789 vero
2958 5735 3097 5789 calix
3157 5739 3472 5806 sapientiae;

1915 5845 1967 5890 et
2005 5834 2247 5901 requies,
2288 5832 2449 5886 Deus.

3082 5921 3151 5982 30
