4202 6450
761 401 870 468 939

1994 398 2038 454 Ν
2055 395 2292 456 [ΟΕΤεΈ.
2332 395 2746 457 PECTORATI

3917 402 4019 465 ἐιο

835 518 925 570 8|.
955 514 1054 580 Qui
1116 512 1396 566 laboribus
1434 511 1694 564 \‘irlulttm
1748 524 1869 563 sese
1901 509 2043 561 ultro
2080 504 2251 566 dedit,
2283 515 2334 558 et

2502 516 2613 560 παπ
2653 508 2713 556 '0
2743 509 2924 568 πόνοις
2947 509 3157 575 ἀρετῶν
3178 512 3366 562 ἑαυτὸν
3393 516 3652 576 ἑκουσιως
3677 515 3891 576 ἐκδοὶς,
3925 519 4011 568 καὶ

765 611 888 662 vitae
940 607 1194 660 ascetica:
1244 619 1462 657 cursum
1520 606 1775 654 ardenter
1823 601 2064 672 peragit,
2123 599 2334 667 magnis

761 698 1085 755 muneribus
1119 713 1149 751 a
1188 697 1298 750 Deo
1324 696 1523 765 dignus
1553 693 1804 748 habetur.
1833 691 1971 746 Hinc
2006 692 2060 744 in
2091 692 2331 745 medium

762 790 1147 859 progrediens,
1208 788 1272 840 ad
1324 787 1539 840 divinas
1589 785 1952 839 revelationes
1990 790 2044 837 et
2091 782 2334 834 visiones

681 909 683 911 ι
764 886 939 944 venit,
983 897 1047 935 ac
1079 891 1294 935 tantum
1333 879 1549 933 lucidus
1580 888 1632 933 et
1667 879 1890 947 sapiens
1927 876 2004 939 ﬁt,
2055 883 2330 945 quantum

747 969 920 1029 labor
971 990 1204 1043 agonum
1257 973 1306 1027 ei
1374 983 1639 1044 augetur;
1708 980 1976 1041 quantum
2029 978 2210 1023 autem
2267 966 2332 1019 ad

762 1065 1244 1133 contemplationis
1297 1064 1508 1134 apicem
1564 1062 1833 1124 ascendit,
1865 1071 2020 1115 tanto
2069 1059 2329 1128 majorem

766 1160 820 1212 iit
854 1175 912 1213 se
949 1165 1258 1212 commovet
1303 1156 1629 1210 infestorum
1673 1152 2284 1228 damonuminvidiam
2319 1167 2334 1205 :

765 1271 870 1308 non
932 1260 1156 1324 possunt
1199 1253 1343 1304 enim
1389 1250 1497 1302 nisi
1551 1264 1696 1318 :egre
1738 1248 1925 1301 videre
1961 1247 2240 1300 hominem
2276 1245 2332 1296 in

764 1349 941 1417 angeli
995 1357 1243 1400 naturam
1288 1341 1770 1403 trausformatum,
1824 1341 1984 1407 cujus
2016 1340 2091 1392 rei
2153 1339 2328 1408 gratia

765 1453 983 1497 acutum
1014 1439 1455 1512 prmsumptionis
1484 1439 1650 1491 telum
1675 1439 1935 1490 adversus
1960 1450 2082 1486 eum
2116 1444 2334 1503 parant.

760 1540 828 1591 Et
859 1537 905 1601 si
938 1535 1123 1587 dolum
1155 1532 1488 1598 intelligens,
1533 1530 1586 1583 in
1623 1527 1950 1581 humilitatis
1987 1541 2171 1579 arcem
2212 1543 2244 1594 p
2281 1541 2336 1577 r-

766 1605 937 1697 ltigiat
968 1626 1188 1681 sibimet
1220 1623 1489 1682 dillideus.
1517 1619 1730 1685 aufugit
1759 1618 2030 1687 superbia:
2051 1618 2335 1689 abyssum,

765 1729 821 1772 ct
851 1719 905 1772 in
939 1726 1155 1786 portum
1190 1714 1378 1768 salutis
1411 1711 1724 1766 deducitur.
1768 1708 1824 1764 Si
1854 1726 1981 1762 vero
2009 1728 2138 1774 non,
2174 1728 2339 1762 econ-

2432 592 2520 648 τὸν
2547 593 2646 664 τῆς
2663 596 3173 668 ἀσκήσεωςδρόμον
3192 603 3520 672 θερμότερον
3543 605 3802 671 ἐξανύων,
3835 626 3900 674 με
3921 627 4009 673 ία-

2430 684 2537 753 λωγ
2565 687 2814 752 ἀξιοῦται
2846 691 2951 742 ἀπὸ
2980 691 3115 744 Θεοῦ
3145 693 3383 763 δωρεῶν.
3416 695 3609 749 Ἔνθεν
3642 717 3722 751 τοι
3757 702 3851 752 καὶ
3874 702 4012 765 1:95;

2429 775 2489 828 τὺ
2519 778 2683 847 μέσον
2716 781 3063 849 προκόπτων,
3094 785 3174 846 είς
3213 784 3364 851 θείας
3389 790 3761 857 ἀποκαλύψεις
3794 795 3887 844 καὶ
3913 795 4011 844 ὀπ-

2427 868 2622 932 τασίας
2651 869 2899 939 ἔρχεταιο
2936 875 3031 925 καὶ
3085 876 3338 928 τοσοῦτον
3411 880 3531 943 ὅλος
3578 883 3875 952 protendi};
3918 886 4011 938 καὶ

2430 961 2592 1032 σοφὸς
2615 963 2842 1031 γίνεται,
2876 965 2986 1035 ὅσῳ
3021 967 3114 1020 καὶ
3151 969 3260 1023 τῶν
3289 970 3547 1038 ἁγνώνων
3589 975 3739 1043 αὐτῷ
3766 978 3796 1028 δ
3832 977 4008 1044 κάμα-

2427 1068 2517 1116 τος
2547 1055 2906 1109 ἐπιτείνεται·
2955 1058 3080 1111 ὅσον
3117 1059 3175 1112 δέ
3202 1061 3339 1130 πρὸς
3368 1062 3502 1130 ὕψος
3543 1067 3834 1136 ἀνέρχεται
3871 1067 4009 1119 θεωο

2431 1148 2573 1219 ρίας,
2607 1149 2860 1204 τοσοῦτον
2903 1155 2995 1205 καὶ
3029 1153 3119 1205 τὸν
3148 1154 3342 1222 φθόνον
3373 1157 3540 1209 πολὺν
3591 1159 3702 1210 τῶν
3742 1159 4010 1230 ὀλεθρίων

2426 1238 2696 1307 δαιμόνων
2764 1243 2964 1311 ἐγείρει
3018 1243 3136 1295 κατ’
3194 1244 3384 1299 αὐτοῦ.
3443 1247 3578 1300 Οὐδὲ
3633 1248 3742 1319 γὰρ
3813 1251 4009 1320 φόρους

2431 1343 2514 1378 σιν
2573 1329 2705 1398 ὀρᾷν
2767 1329 3053 1401 ἄνθρωπον
3117 1335 3194 1396 εἰς
3251 1335 3486 1404 ἀγγέλου
3536 1338 3698 1406 φύσιν
3740 1342 4012 1410 μετασαλ-

2431 1419 2651 1488 λόμενον
2678 1436 2691 1449 ο
2723 1416 2781 1473 οὗ
2803 1424 2964 1490 χάριν
2989 1426 3083 1476 καὶ
3112 1424 3412 1494 λεληθότως
3443 1427 3504 1480 τὸ
3533 1427 3625 1492 ὀξὺ
3651 1430 3750 1498 τῆς
3777 1432 4008 1500 οἰήσεως

2431 1510 2583 1579 βέλος
2619 1512 2842 1582 θήγουσι
2873 1519 2992 1567 κατ’
3022 1516 3209 1570 αὐτοῦ.
3245 1519 3356 1571 Καὶ
3386 1521 3433 1572 εί
3469 1520 3568 1589 μὲν
3589 1521 3680 1574 τὸν
3702 1523 3856 1576 δόλον
3888 1542 4010 1578 συν-

2430 1605 2507 1666 εὶς
2537 1603 2613 1672 τῷ
2642 1604 2957 1676 ὀχυρώματι
2994 1608 3290 1680 προσερύγῃ
3337 1609 3437 1679 τῆς
3466 1613 3874 1677 ταπεινώσεως,
3909 1633 4009 1670 κα-

2427 1698 2658 1763 ταγνοὺς
2689 1698 2903 1763 ἑαυτοῦ,
2937 1699 3196 1768 ἐκφεύγει
3227 1702 3316 1753 τὸν
3340 1703 3440 1770 τῆς
3468 1704 3851 1774 ὑπερηφανίας
3891 1707 4006 1759 61e-

769 1819 851 1862 tra
886 1818 1169 1874 correptus
1200 1820 1228 1858 a
1266 1804 1396 1868 Deo,
1426 1802 1712 1872 spiritibus
1755 1801 1990 1854 traditur
2026 1801 2334 1852 vindicibus

2431 1787 2579 1856 θρον,
2616 1789 2708 1840 καὶ
2736 1792 2816 1853 είς
2847 1791 3073 1860 λιμένας
3100 1794 3382 1860 εἰσάγεται
3412 1797 3710 1865 σωτηρίας.
3741 1797 3801 1850 Ei
3827 1799 3874 1852 δ’
3893 1795 4005 1864 οὖν,

766 1904 833 1956 ad
875 1899 1303 1954 involuntariam
1363 1897 1802 1961 castigationem,
1841 1892 1969 1960 quia
2025 1892 2334 1943 voluntaria

2431 1878 2538 1928 αλλ’
2576 1880 3008 1949 ἐγκαταληφθεὶς
3058 1883 3287 1949 ἄνωθεν,
3340 1884 3646 1954 πνεύμασιν
3697 1887 4007 1952 ἐξαιτοῦσιν

765 2012 826 2050 se
853 2010 961 2048 non
991 1991 1237 2062 probavit
1273 2011 1282 2042 :
1314 1989 1402 2043 isti
1426 1997 1606 2040 autem
1634 1986 1862 2053 spiritus
1892 1984 2170 2037 llllidillHSl
2209 1991 2334 2037 sunt

2430 1970 2694 2023 ἐκδίδοται
2744 1973 2823 2035 εἰς
2850 1973 3102 2026 ἀκούσιον
3138 1977 3451 2039 παίδευσιν,
3494 1979 3615 2030 ἐπεὶ
3648 1980 3722 2049 μὴ
3752 1985 3817 2051 τῇ
3847 1984 4006 2037 ἐκου-

766 2094 819 2139 et
858 2083 1127 2143 carnales,
1157 2081 1420 2149 pravique
1448 2090 1501 2132 et
1533 2076 1782 2130 iracundi
1815 2093 1827 2130 :
1865 2079 1959 2144 qui
2004 2074 2229 2142 quidam
2266 2075 2338 2143 ip-

766 2187 886 2229 sum
916 2171 1210 2226 humiliant
1239 2169 1443 2223 amaris
1497 2168 1817 2234 impetibus.
1849 2167 2024 2220 donec
2060 2168 2336 2236 propriam

773 2273 1036 2336 agnoscat
1086 2264 1478 2322 inﬁrmitatem,
1524 2277 1575 2315 et
1616 2270 1811 2329 questu
1847 2270 2115 2313 tormenta
2151 2262 2334 2328 pellat,

766 2374 829 2412 ae
855 2357 1144 2426 dicatipse
1174 2371 1296 2408 cum
1336 2355 1536 2406 David:
1586 2374 1602 2404 ‹
1644 2353 1852 2406 Bonum
1891 2353 2021 2406 mihi
2066 2356 2191 2421 quia
2235 2358 2337 2409 hu-

767 2449 990 2504 miliasti
1026 2465 1134 2516 tne,
1169 2459 1225 2502 ut
1255 2451 1462 2503 discum
1494 2449 1922 2514 justilicuttuttes
1955 2456 2076 2500 tuas
2099 2448 2166 2500 ⁸⁵.
2206 2468 2224 2499 ι

838 2716 927 2773 83.
961 2715 1104 2770 Deus
1135 2729 1242 2769 non
1288 2712 1399 2767 vult
1434 2727 1532 2768 nos
1556 2727 1678 2768 esse
1705 2726 1920 2781 semper
1945 2711 2338 2780 cupiditatibus

764 2809 1113 2874 humiliatos,
1155 2809 1350 2879 hisque
1391 2808 1872 2876 persequentibus,
1929 2808 2176 2877 leporum
2216 2821 2339 2862 esse

769 2907 998 2970 similes,
1043 2907 1330 2976 ipsumque
1379 2904 1584 2958 habere
1630 2915 1837 2958 tantum
1887 2913 1945 2958 ut
1988 2913 2199 2973 petram
2255 2919 2342 2959 re-

773 3002 929 3071 fugii,
981 3009 1114 3054 tunc
1165 2997 1310 3052 enim
1358 3013 1465 3051 nou
1521 2995 1791 3050 dixisset:
1839 3015 1856 3046 ι
1894 2993 2004 3065 Ego
2050 2995 2209 3050 dixi:
2257 2995 2341 3050 Dii

773 3095 933 3155 estis,
967 3101 1022 3145 et
1055 3090 1148 3144 lilii
1180 3089 1391 3143 Excelsi
1418 3103 1610 3141 onmes
1639 3087 1718 3150 “;
1753 3104 1771 3137 ι
1815 3089 1909 3142 sed
1939 3091 2099 3141 etiam
2136 3099 2194 3140 ut
2221 3102 2339 3140 cer-

2434 2064 2534 2132 σίῳ
2579 2063 2771 2116 ἐαυτὸν
2801 2063 3094 2135 ἐδοκίμασε
3116 2083 3128 2097 ⁸
3161 2067 3229 2120 τὰ
3263 2067 3318 2118 δέ
3353 2069 3459 2120 εἱσι
3501 2069 3762 2138 φιλήδονα
3793 2076 3891 2127 καὶ
3925 2093 4007 2142 φι-

2434 2153 2695 2224 λόσαρκα,
2746 2159 2958 2226 πονηρὰ
2996 2158 3090 2210 καὶ
3138 2157 3363 2229 θυμὼδη
3387 2175 3402 2188 ’
3457 2159 3494 2214 ἃ.
3531 2164 3622 2214 καὶ
3659 2167 4006 2219 ταπεινοῦσιν

2435 2247 2598 2300 αὐτὸν
2633 2251 2752 2311 ταῖς
2781 2251 3070 2318 ἐπιφοραῖς
3103 2252 3362 2321 δριμέως,
3393 2253 3499 2317 ἕως
3545 2248 3606 2308 οὗ
3660 2257 3872 2328 ἐπιγνῷ
3912 2262 4005 2329 τὴν

2432 2339 2634 2392 οἰκείαν
2692 2339 2994 2402 ἀσθένειαν,
3032 2344 3124 2393 καὶ
3157 2342 3454 2413 θρηνήσας,
3487 2345 3738 2418 ἁποθήσῃ
3783 2348 3886 2418 τὴν
3917 2350 4005 2418 βά-

2435 2448 2588 2484 σανον
2610 2451 2622 2461 ·
2655 2434 2749 2485 καὶ
2781 2432 2910 2503 εἴπῃ
2949 2435 3086 2502 μετὰ
3115 2433 3208 2487 τοῦ
3239 2435 3402 2488 Δαϐὶδ
3424 2437 3518 2488 καὶ
3543 2436 3706 2500 αὐτός
3725 2453 3739 2465 ·
3779 2457 3798 2490 ι
3845 2441 4006 2507 Ἀγα-

2432 2523 2521 2575 θὸν
2555 2541 2664 2593 μοι,
2699 2526 2781 2578 ὅτι
2811 2525 3182 2590 ἐταπείνωσὰς
3227 2544 3317 2597 με,
3349 2529 3497 2590 ὅπως
3526 2527 3590 2581 ἂν
3633 2529 3793 2598 μάθω
3827 2533 3896 2585 τὰ
3929 2533 4005 2586 δι-

2432 2614 2724 2680 καιώματά.
2752 2632 2869 2669 σου.
2909 2634 2928 2666 ι

2502 2706 2609 2776 πβ’.
2659 2707 2715 2761 '0
2741 2707 2873 2771 Θεὸς
2906 2708 2967 2760 οὐ
2997 2708 3245 2778 βούλεται
3276 2710 3423 2779 ἡμᾶς
3459 2705 3598 2762 εἶναι
3622 2714 3737 2775 τοῖς
3777 2714 4004 2767 πάθεσιν

2432 2799 2519 2853 ἀεὶ
2546 2803 2851 2864 ταπεινοὶς.
2885 2804 2977 2854 καὶ
3020 2802 3109 2853 ὑπ’
3138 2803 3317 2855 αὐτῶν
3367 2803 3730 2873 διωκομένους
3783 2806 3862 2869 ὡς
3913 2809 4002 2859 λα-

2431 2896 2606 2966 γῳοὺς
2628 2894 2903 2961 γενέσθαι,
2924 2894 3235 2948 καὶτιθέναι
3260 2896 3464 2966 πέτραν
3486 2897 3812 2968 καταφυγὴν
3849 2904 4005 2969 μόνον

2434 2983 2621 3038 αὐτόν·
2655 2986 2774 3036 ἐπεὶ
2805 2987 2905 3038 οὐκ
2941 2986 3005 3039 ἂν
3045 2980 3231 3038 εἶπενο
3286 3006 3303 3039 ι
3351 2986 3490 3056 Ἐγὼ
3532 2985 3662 3042 εῐτια
3693 2991 3822 3044 Geo!
3864 2998 4004 3058 ἐστὲ,

2434 3079 2527 3129 καὶ
2558 3077 2664 3130 utet
2707 3077 2959 3146 Ὑψίστου
3008 3079 3232 3142 πάντες,
3266 3099 3283 3130 ι
3321 3081 3455 3133 ἀλλὰ
3503 3083 3598 3133 καὶ
3643 3083 3719 3147 ὡς
3777 3086 4004 3152 ἐλᾶτε-ους

787 3202 884 3240 vos
911 3185 978 3238 ad
1007 3184 1144 3237 altos
1177 3182 1557 3237 mandatorum
1592 3195 1816 3234 suorum
1840 3191 2054 3234 montes
2092 3196 2334 3246 currere,

2433 3169 2525 3218 ἐπὶ
2554 3169 2619 3220 τὰ
2647 3168 2749 3233 ὅρη
2781 3173 2846 3221 τὰ
2879 3171 3057 3234 ὑψηλὰ
3084 3172 3192 3222 τῶν
3213 3170 3376 3223 αὐτοῦ
3407 3173 3634 3225 ἐντολῶν
3661 3176 4002 3239 ἀνατρέχειν,

768 3288 822 3332 et
854 3280 1198 3330 vehementer
1217 3274 1372 3326 sitire
1393 3275 1539 3326 vivas
1559 3272 1794 3340 Spiritus
1827 3287 2028 3340 aquas;
2061 3281 2116 3324 ut
2141 3286 2338 3340 quem-

772 3369 1061 3422 admodum
1121 3366 1266 3420 cervi
1325 3365 1643 3418 naturaliter
1703 3367 1914 3433 reptilia
1958 3364 2336 3426 comedentes,

772 3463 952 3515 calore
985 3475 1047 3514 ex
1083 3459 1244 3526 longo
1276 3474 1437 3512 cursu
1469 3468 1589 3509 orto
1633 3472 1959 3509 venenosam
2002 3457 2336 3524 serpentium

772 3567 1023 3609 naturam
1066 3554 1117 3605 in
1153 3553 1342 3614 fetum,
1391 3563 1449 3604 ut
1495 3551 1788 3620 perhibent
1841 3551 1949 3618 (vix
2001 3552 2340 3614 credibile!)

771 3652 1120 3707 convertunt,
1150 3644 1286 3696 nihil
1325 3642 1450 3695 inde
1489 3653 1885 3694 nocumcntum
1924 3640 2230 3707 patientes;
2269 3638 2340 3691 ita

771 3745 825 3790 et
859 3751 958 3787 nos
995 3747 1210 3785 onmem
1246 3729 1568 3799 cupiditatis
1607 3730 1998 3798 cogitationem
2037 3731 2091 3782 in
2138 3730 2342 3782 intelli-

772 3828 967 3898 gentitc
1001 3827 1122 3878 alvo
1145 3826 1415 3892 captivam
1464 3822 1848 3890 suscipientes,
1903 3821 2118 3875 ardenti
2169 3836 2339 3874 cursu

776 3922 1156 3974 mandatorum
1179 3916 1271 3970 Dei
1298 3925 1344 3970 et
1375 3917 1574 3970 virtute
1601 3914 1836 3983 Spiritus
1862 3915 2038 3968 sancti
2068 3912 2339 3967 transfor-

775 4026 982 4063 menius
1013 4025 1129 4062 eam
1155 4010 1206 4061 in
1241 4007 1646 4061 benevolentem
1682 4021 1744 4059 ac
1778 4007 2073 4059 salutarem
2119 4006 2343 4059 virtutis

2432 3257 2523 3309 καὶ
2551 3256 3022 3326 διψητικωτάτους
3041 3257 3287 3326 γίνεσθαι
3312 3260 3423 3312 τῶν
3445 3259 3726 3323 ζωοποιιῖω
3753 3263 4009 3331 ναμάτων

2429 3350 2519 3402 τοῦ
2583 3349 2938 3417 Πνεύματος·
2973 3350 3060 3403 ἵνα
3110 3351 3362 3419 καθάπερ
3416 3352 3624 3404 ἐκεῖναι
3674 3352 3839 3418 φύσει
3889 3355 4009 3415 τοὺς

2427 3442 2577 3506 διρεις
2607 3441 2883 3493 ἐσθίουσαι
2914 3445 2978 3510 τῇ
3014 3444 3076 3493 ἐκ
3104 3441 3200 3493 τοῦ
3241 3442 3434 3494 πολλοῦ
3467 3443 3670 3512 δρόμου
3709 3444 4010 3512 θερμότητι

2426 3533 2522 3602 τὴν
2558 3533 2760 3585 ἰοϐόλον
2786 3551 2948 3602 φυσιν
2982 3533 3090 3584 τῶν
3119 3533 3298 3602 ὄφεων
3323 3536 3404 3597 είς
3433 3537 3632 3604 μόσχον
3659 3537 4006 3604 παραδοξως,

2427 3625 2502 3687 ὣς
2538 3643 2704 3693 φασι,
2742 3627 3122 3694 μεταποιοῦσι,
3153 3627 3318 3697 μηδὲν
3349 3628 3561 3680 ἐκεῖθεν
3591 3629 3964 3698 βλαπτόμεναι
3993 3647 4004 3658 ·

2425 3717 2565 3768 οὕτω
2599 3719 2691 3767 καὶ
2718 3719 2878 3785 ἡμεῖς
2906 3719 3081 3769 πάντα
3107 3717 3368 3786 λογισμὸν
3391 3719 3702 3786 ἐμπαθείας
3731 3723 3790 3770 ἐν
3814 3722 4008 3788 γαστρὶ

2423 3808 2662 3871 διανοίας
2691 3811 2990 3878 δεχόμενοι,
3024 3810 3104 3880 τῷ
3137 3811 3373 3880 ἐμπύρῳ
3396 3811 3583 3881 δρόμῳ
3614 3811 3724 3863 τῶν
3752 3814 3847 3864 τον]
3875 3813 4007 3865 Θεοῦ

2422 3901 2670 3967 ἐντολῶν,
2690 3903 2783 3954 καὶ
2809 3906 2875 3972 τῇ
2908 3903 3130 3970 δυνάμει
3155 3904 3247 3956 τοῦ
3281 3904 3592 3967 Πνεύματος
3615 3921 3754 3973 μετα
3767 3908 4009 3973 ποιῶμεν

2422 3994 2489 4045 δι’
2539 3995 2916 4062 αἰχμαλωσίας
2950 3997 3029 4058 εἰς
3076 3994 3250 4065 εὐώδη
3303 3997 3396 4048 καὶ
3449 3999 3771 4067 σωτηριάὧη
3810 4004 4008 4068 πρᾶξιν

775 4105 1008 4171 praxim,
1065 4103 1253 4170 sicque
1302 4115 1517 4154 omnem
1561 4099 1946 4168 cogitationem
2000 4113 2094 4165 per
2131 4099 2334 4167 praxim

2428 4086 2519 4153 τῆς
2568 4084 2792 4154 ἀρετῆς,
2827 4086 2901 4146 ὡς
2932 4086 2998 4136 ἂν
3040 4089 3148 4139 πᾶν
3199 4088 3378 4155 νόημα
3423 4091 3854 4158 αἰχμαλωτίζειν
3889 4111 4010 4158 φαι-

775 4197 1043 4261 suhjicere
1075 4194 1357 4245 videamur
1390 4193 1442 4243 in
1475 4191 1841 4244 obedientiam
1876 4190 2108 4245 Christi.
2167 4191 2344 4258 Supe-

777 4303 886 4338 l'l0l‘
916 4287 1058 4338 enim
1097 4285 1335 4337 mundus
1369 4300 1475 4337 non
1512 4286 1868 4338 terrestribus
1914 4295 1967 4338 et
2006 4283 2341 4353 imperfectis

2421 4175 2666 4242 νοίμεΟα,
2689 4177 2777 4228 διὰ
2809 4177 3080 4246 πράξεως,
3112 4181 3194 4240 είς
3222 4180 3319 4248 τὴν
3349 4180 3598 4248 ὑπακοὴν
3617 4179 3710 4230 τοῦ
3741 4182 4002 4248 Χριστοῦ,

2436 4266 2493 4319 Ὀ
2515 4268 2622 4337 γὰρ
2645 4269 2755 4321 ἀνω
2769 4270 2992 4338 κόσμος,
3016 4272 3074 4322 οὐ
3097 4271 3184 4323 διὰ
3201 4272 3397 4342 χοῖκῶν
3423 4273 3513 4323 καὶ
3534 4271 3742 4324 ἀτελῶν
3773 4275 4006 4342 ἀνδρῶν,

777 4379 1110 4440 hominibus,
1149 4377 1241 4430 sed
1275 4377 1545 4445 spirituali
1590 4388 1642 4430 et
1680 4376 1936 4444 perlectis
1967 4387 2022 4430 et
2072 4379 2124 4431 in
2162 4381 2334 4431 virum

2428 4361 2553 4413 ἁλλὰ
2596 4363 2683 4415 διὰ
2726 4363 3114 4432 πνευματικῶν
3164 4367 3258 4417 καὶ
3293 4365 3536 4428 τελείων,
3584 4366 3678 4416 καὶ
3722 4367 3802 4426 εἰς
3838 4367 4005 4434 ἄνδρα

775 4470 1075 4540 perfectum
1123 4469 1475 4536 plenitudinis
1504 4469 1705 4522 Christi
1759 4473 2187 4525 occurrentibus
2239 4474 2343 4524 itit-

777 4561 909 4629 pleri
949 4560 1131 4613 debet.
2278 4608 2281 4609 ,

842 4653 930 4706 83.
959 4651 1059 4717 Qui
1094 4654 1236 4705 circa
1283 4669 1445 4705 unum
1481 4663 1535 4705 et
1568 4653 1707 4705 idem
1747 4663 2020 4716 versatur,
2066 4669 2166 4706 nec
2199 4654 2338 4705 ulte-

778 4747 894 4800 rius
928 4747 1127 4798 moveri
1157 4747 1288 4808 Vult,
1323 4746 1517 4800 similis
1571 4758 1656 4800 est
1708 4748 1855 4800 mulo
1898 4747 1991 4816 qui
2037 4748 2342 4800 machinam

774 4840 966 4892 eodem
1001 4855 1212 4908 semper
1240 4841 1436 4893 circuit
1467 4838 1616 4892 orbe.
1650 4837 1752 4903 Qui
1789 4841 1933 4891 enim
1973 4854 2191 4908 semper
2224 4855 2343 4890 car-

779 4949 899 4986 nem
932 4942 1159 5001 pugnat,
1199 4942 1253 4986 et
1281 4933 1379 4984 soli
1429 4943 1582 4985 vacat
1629 4937 1878 4999 corporis
1928 4931 2334 4997 exi-rcitationi,

778 5038 874 5092 per
902 5037 1119 5075 onmem
1149 5024 1451 5076 cruciatum
1490 5025 1664 5076 inscio
1710 5025 1813 5077 sibi
1874 5039 2131 5092 maguum
2177 5023 2346 5078 infert

774 5122 1056 5179 damnum,
1092 5117 1218 5184 quia
1254 5129 1360 5167 non
1411 5117 1775 5184 consequitur
1803 5117 2001 5170 divinae
2039 5118 2344 5173 voluntatis

775 5211 1133 5276 propositum.
1179 5208 1310 5262 Nam
1353 5229 1369 5260 ι
1403 5213 1705 5279 corporalis
1735 5216 2062 5265 exercitatio
2109 5219 2175 5266 ad
2212 5231 2331 5268 mo-

775 5299 955 5352 dicum
996 5302 1146 5354 utilis
1191 5313 1292 5362 est.
1323 5322 1337 5352 ι
1372 5304 1529 5369 juxta
1581 5304 1765 5358 divum
1802 5306 2027 5359 Paulum
2052 5308 2120 5372 ⁸⁷,
2163 5307 2342 5376 donec

779 5393 957 5443 luteus
988 5392 1172 5443 carnis
1199 5407 1396 5445 sensus
1426 5395 1774 5463 demergatur
1808 5399 2143 5464 pmnitentite
2164 5399 2344 5450 ﬂuen-

781 5481 870 5542 tis,
909 5488 962 5532 et
995 5481 1201 5534 \‘ivilica
1240 5485 1472 5552 spiritus
1525 5487 1876 5539 mortiﬁcatio
1903 5491 2154 5558 corporis
2196 5507 2345 5544 mor-

782 5571 1065 5626 tiﬂcationi
1101 5576 1352 5643 addatur,
1384 5589 1438 5632 et
1467 5579 1550 5632 lex
1586 5582 1818 5648 spiritus
1848 5593 2040 5652 regnet
2069 5583 2121 5636 in
2154 5595 2343 5638 nostra

780 5676 943 5717 carne
975 5671 1207 5721 mortali.
1243 5670 1420 5727 Pietas
1451 5681 1633 5727 autem
1671 5677 1887 5740 animae,
1921 5693 2084 5747 quam
2115 5680 2344 5734 scientia

866 5847 907 5880 ε’
934 5844 1077 5904 Psal.
1110 5865 1300 5916 cum,
1338 5853 1421 5910 7i.
1501 5858 1545 5888 “
1583 5856 1729 5913 l’sal.
1758 5874 1945 5926 L\XXI,
1975 5860 2028 5913 6.

2417 4455 2618 4507 τέλειον
2642 4457 3167 4525 ἀναδεδραμηκὸτων
3209 4457 3300 4510 τοῦ
3340 4457 3714 4526 πληρώματος
3747 4458 3843 4510 τοῦ
3875 4460 4007 4526 Χρι-

2380 4547 2567 4608 υστοῦ,
2603 4549 2958 4619 πληρωθῆναι
2989 4549 3180 4602 δεῖται.

2505 4663 2614 4721 πγ¹.
2661 4656 2719 4705 '0
2757 4656 2842 4707 ἀεὶ
2900 4657 3026 4724 περὶ
3083 4657 3145 4706 τὸ
3192 4658 3324 4709 αὐτὸ
3356 4657 3744 4723 στρεφόμενος,
3799 4658 3896 4707 καὶ

2435 4749 2765 4816 πορρωτέρω
2801 4749 3088 4818 κινηθῆναι
3139 4749 3484 4817 βουλόμενος,
3531 4749 3743 4816 ἡμιόνῳ
3775 4749 3856 4817 τῷ
3891 4765 4019 4817 περι

2430 4840 2528 4907 τὴν
2569 4839 2817 4909 μηχανὴν
2847 4840 2936 4892 ἐπὶ
2967 4841 3027 4892 τὸ
3068 4840 3199 4891 αὐτὸ
3228 4839 3535 4905 κινουμένῳ
3570 4839 3773 4891 ἔοικεν.
3823 4842 3880 4892 ’0
3911 4843 4018 4908 γὰρ

2432 4931 2516 4983 ἀεὶ
2551 4933 2860 5000 μαχόμενος
2885 4935 2946 5000 τῇ
2979 4932 3163 5001 σαρκὶ,
3192 4931 3286 4982 καὶ
3314 4948 3380 4982 πε
3393 4931 3443 4999 pl.
3469 4931 3566 4999 τὴν
3590 4933 3903 4998 γυμνασίαν
3925 4930 4017 4981 τοῦ

2433 5022 2683 5091 σώματος
2713 5022 3172 5091 ἐνασχολούμενος
3203 5022 3390 5092 μόνην,
3420 5022 3507 5073 διὰ
3549 5022 3729 5089 πάσης
3774 5041 4015 5073 κακοπα-

2432 5114 2580 5174 θείας
2634 5113 2820 5165 ἐλαθεν
2846 5114 3036 5165 ἐαυτὸν
3062 5114 3131 5165 τὰ
3164 5113 3392 5182 μέγιστα
3421 5113 3810 5181 ζημιούμενος,
3837 5115 3913 5176 ὡς
3947 5114 4017 5182 μὴ

2431 5206 2755 5258 καταλαόὼν
2789 5206 2884 5258 τοῦ
2917 5205 3063 5257 θείου
3094 5205 3436 5274 βουλήματος
3466 5205 3557 5255 τὸν
3591 5206 3822 5255 σκοπόν·
3852 5208 3883 5272 ἡ
3913 5207 4017 5276 γὰρ

2433 5297 2720 5365 σωματικὴ
2746 5296 3042 5365 γυμνασία,
3091 5297 3232 5348 κατὰ
3264 5297 3356 5347 τὸν
3407 5295 3634 5357 Παῦλον,
3668 5296 3806 5364 πρὸς
3836 5297 4017 5362 ὀλίγον

2431 5390 2577 5441 ἐστὶν
2608 5389 2904 5457 ὠφέλιμος,
2944 5390 3045 5449 ἕως
3075 5383 3134 5440 οὗ
3167 5388 3226 5440 τὸ
3268 5388 3449 5457 χοῖκὺν
3481 5389 3740 5458 φρόνημα
3773 5406 4015 5440 καταπο-

2432 5481 2497 5551 θῇ
2529 5481 2626 5550 τῆς
2676 5482 2879 5551 σαρκὸς
2929 5484 3040 5543 τοῖς
3089 5480 3188 5548 τῆς
3239 5480 3522 5548 μετανοίας
3562 5481 3824 5548 ῥεύμασι,
3859 5483 4012 5550 καὶὴ

2431 5577 2692 5640 ζωοποιὸς
2720 5575 2811 5629 τοῦ
2847 5576 3160 5644 πνεύματος
3198 5575 3463 5642 νέκρωσις
3509 5573 3586 5641 τῷ
3630 5573 3850 5639 σώματι
3899 5576 4012 5624 ἐπι-

2432 5670 2675 5734 γένηται,
2719 5669 2812 5722 καὶ
2842 5672 2870 5721 ὁ
2915 5671 3078 5735 νόμος
3125 5667 3220 5720 τοῦ
3257 5666 3565 5731 πνεύματος
3620 5665 3927 5732 βασιλεύσῃ
3959 5668 4012 5719 ἐν

2111 5861 2202 5914 "l
2247 5863 2383 5919 Titii.
2425 5881 2497 5928 tv,
2535 5865 2586 5917 8.
