4202 6450
206 385 311 446 941

1119 385 1612 445 PllYSlCORUM
1655 383 1990 444 (IAPITUM
2031 387 2423 448 CENTURIA
2469 387 2550 448 Η.

3350 389 3452 453 942

204 512 273 577 τῇ
315 507 480 578 θνητῇ
515 507 674 576 σαρκὶ
704 504 897 574 ἡμῶν·
950 506 981 573 ἡ
1017 503 1069 555 δὲ
1104 502 1353 554 ε’ἷισέὅεια
1379 498 1478 567 τῆς
1517 497 1716 567 ψυχῆς,
1753 499 1782 567 ἠ

1891 502 2102 554 entiam
2127 513 2180 556 et
2211 503 2549 558 immortales
2583 503 2803 573 plantae,
2835 502 2888 557 id
2931 510 3038 570 est,
3068 503 3270 560 divinae
3303 505 3456 577 cogi-

206 602 294 652 διά
327 600 423 668 τῆς
454 601 561 651 τῶν
604 601 774 651 ὅντων
806 594 1060 663 γνώσεως
1108 596 1201 646 καὶ
1229 593 1336 645 τῶν
1365 591 1650 644 ἀθανάτων
1685 607 1788 658 φυ-

205 692 340 753 τῶν,
371 691 482 743 τῶν
520 691 679 743 θείων
710 688 926 740 ἐννοιῶν
960 688 1122 754 λέγω,
1151 683 1498 755 θεωρουμένη
1528 683 1602 745 ὡς
1633 681 1790 748 ξύλον

205 783 375 850 ζωῆς.
407 784 463 833 ἐν
491 783 555 849 τῇ
587 781 747 848 νοερᾷ
777 779 868 831 τοῦ
915 778 1030 841 νοὸς
1080 775 1330 847 ἐργασία,
1365 772 1636 845 πανταχοῦ
1695 773 1791 826 καὶ

204 876 266 924 ὲν
303 874 471 924 πᾶσιν
503 870 778 940 ὠφέλιμός
829 872 996 933 ἐστιν,
1044 868 1119 930 ὠς
1165 868 1509 937 καθαρότητα
1560 864 1786 938 καρδίας

202 959 590 1032 ἐργαζομένη·
639 959 713 1023 ὡς
766 957 1180 1030 είρηνοποιοῦσα
1231 959 1288 1010 ἐν
1330 960 1448 1020 ταῖς
1489 957 1788 1025 δυνάμεσιν

203 1054 404 1121 αὐτῆς,
435 1054 550 1115 νοὸς
598 1051 899 1120 φωτισμὸν,
937 1048 1159 1116 ἁγνείαν
1193 1050 1464 1118 σώματος,
1503 1047 1788 1116 σωφροσύο

204 1160 328 1209 νην,
367 1144 720 1213 περιεκτικὴν
753 1141 1102 1210 ἐγκράτειαν,
1132 1138 1654 1209 ταπεινοφροσύνην,
1685 1157 1787 1192 κα-

206 1233 452 1298 τάνυξιν,
488 1235 728 1300 ἀγάπην,
772 1232 1062 1302 ἀγιασμὺν,
1121 1231 1320 1298 γνῶσιν
1371 1229 1640 1299 οὐράνιον,
1696 1246 1786 1283 σο-

207 1327 342 1392 φίαν
373 1326 554 1393 λόγου,
578 1327 669 1378 καὶ
699 1325 935 1396 Θεωρίαν
961 1325 1120 1378 Θεοῦ.
1149 1325 1242 1386 ’⁸ος
1281 1323 1461 1376 τοίνυν
1492 1325 1556 1377 ἐκ
1587 1324 1786 1396 πολλῆς

204 1421 518 1490 γυμνασίας
553 1419 856 1489 ἀνέδραμεν
912 1421 991 1481 είς
1037 1417 1136 1487 τὴν
1171 1416 1426 1488 τοιαύτην
1473 1417 1790 1487 τελειότητα

204 1516 309 1581 τῆς
332 1511 634 1576 εὐσεϐείας,
684 1511 782 1581 τὴν
816 1509 1052 1580 ἐρυθρὰν
1084 1509 1192 1560 τῶν
1229 1508 1415 1561 παθῶν
1450 1508 1787 1579 διαπεράσας

207 1604 510 1666 θάλασσαν,
565 1603 643 1665 είς
690 1601 791 1671 τὴν
818 1601 921 1668 γῆν
948 1600 1048 1670 τῆς
1089 1599 1419 1668 ἐπαγγελίας
1460 1599 1697 1670 εἰσῆλθε,
1727 1601 1788 1667 ἐξ

203 1689 275 1762 ἧς
317 1695 430 1764 ρέει
459 1693 518 1744 τὸ
549 1691 692 1759 γάλα
722 1688 814 1742 καὶ
846 1689 907 1742 τὸ
937 1689 1058 1759 μέλι
1092 1689 1190 1758 τῆς
1216 1687 1309 1741 τοῦ
1341 1686 1477 1740 Θεοῦ
1508 1687 1782 1756 γνώσεως,

204 1788 241 1852 ἡ
284 1783 627 1849 ἀδαπάνητος
657 1780 764 1834 τῶν
788 1780 960 1847 ἁγίων
982 1782 1182 1850 τρυφή.

281 1875 386 1930 τπδ’.
439 1875 496 1927 '0
531 1874 629 1941 μὲν
673 1875 746 1943 μὴ
779 1871 1210 1943 προαιρούμενος
1237 1871 1351 1925 ἀπὸ
1401 1871 1513 1925 τῶν
1544 1872 1784 1944 μερικῶν

205 1968 305 2020 καὶ
327 1967 466 2037 προς
495 1966 674 2032 ὀλίγον
697 1965 756 2018 τὸ
783 1963 1060 2033 ὠφέλιμον
1089 1964 1320 2034 ἐχόντων
1340 1965 1658 2032 ἀναστῆναι,
1689 1965 1786 2018 καὶ

206 2063 306 2114 ἐπὶ
333 2063 400 2114 τά
431 2059 660 2113 καθόλου
687 2059 944 2128 ἐπωφελῆ
975 2058 1240 2122 ἀνελθεῖν,
1288 2057 1368 2109 ἐτι
1410 2057 1501 2110 τὸν
1528 2058 1786 2131 πιτυρίαν

206 2156 376 2223 ἄρτον
412 2152 584 2204 ἐσθίει
637 2152 694 2202 ἐν
729 2151 912 2217 ἱδρῶτι
956 2150 1050 2202 τοῦ
1099 2147 1390 2218 προσώπου
1423 2149 1611 2214 αὑτοῦ,
1646 2151 1786 2205 κατά

204 2250 307 2316 τὴν
339 2246 543 2299 ἄνωθεν
591 2243 864 2311 ἀπόφασιν
897 2242 988 2294 τοῦ
1029 2242 1195 2294 Θεοῦο
1224 2242 1304 2294 διὸ
1353 2242 1448 2295 καὶ
1494 2243 1786 2313 ἀνόρεκτον

204 2338 532 2408 ἐπιφέρεται
574 2337 673 2406 τὴν
699 2335 877 2405 ψυχὴν
906 2334 999 2388 τοῦ
1027 2334 1217 2405 νοητοῦ
1249 2327 1461 2404 μάνναξ
1493 2337 1586 2390 καὶ
1616 2337 1783 2390 αὑτοῦ

201 2429 304 2482 τοῦ
333 2429 694 2500 ὲκρεύσαντος
751 2429 963 2496 μέλιτος
1003 2427 1112 2479 ἀπὸ
1155 2427 1254 2495 τῆς
1286 2429 1545 2496 ῥαγείσης
1577 2427 1783 2498 πέτρας

203 2521 287 2588 τῷ
330 2519 568 2589 Ἰσραήλ.
610 2519 668 2570 '0
699 2518 755 2568 δὲ
783 2516 1062 2587 ἀκηκοώς·
1109 2534 1127 2567 ι
1177 2517 1483 2586 Ἐγείρεσθε
1511 2535 1524 2548 ·
1561 2519 1784 2588 ἄγωμεν

205 2610 492 2674 ἐντεῦθεν,
530 2629 548 2661 ι
584 2609 676 2661 καὶ
699 2607 804 2661 ἀπὸ
820 2609 916 2676 τῆς
937 2606 1031 2660 τοῦ
1062 2607 1380 2660 διδασκάλου
1412 2610 1595 2678 φωνῆς
1624 2611 1782 2680 ἐγερ-

203 2705 321 2764 θεὶς
354 2703 452 2770 τῆς
491 2700 748 2753 ἐπιπόνου
781 2699 1078 2770 ἐργασίας,
1116 2700 1208 2751 καὶ
1237 2698 1439 2752 ἐσθίειν
1485 2701 1576 2753 τὶν
1621 2702 1784 2772 ἄρτον

201 2797 304 2864 τῆς
334 2795 522 2864 ὀδύνης
557 2794 732 2859 ἀφεὶς,
770 2791 866 2862 τὴν
901 2791 1152 2861 αἴσθησιν
1175 2792 1522 2854 ἀπεσείσατο,
1557 2793 1650 2844 καὶ
1684 2794 1782 2863 τῆς

199 2888 301 2941 τοῦ
337 2890 471 2940 Θεοῦ
497 2887 686 2954 σοφίας
716 2884 811 2938 τοῦ
841 2886 1114 2956 κρατῆρος
1138 2884 1420 2952 ἐγεύσατο,
1447 2880 1598 2946 οὗτος
1619 2885 1778 2953 ἔγνω,

200 2979 287 3030 ὃτι
322 2977 556 3046 Χριστὸς
583 2978 611 3028 ό
641 2976 864 3045 Κύριος,
911 2975 985 3037 ὡς
1024 2974 1402 3044 πεπληρωκὼς
1435 2975 1533 3044 μέν
1576 2976 1668 3028 τὸν
1694 2977 1779 3030 νό-

206 3086 310 3137 μον
338 3069 445 3120 τὼν
479 3066 708 3119 ἐντολῶν
736 3068 793 3118 ἐν
819 3068 884 3136 τῇ
912 3065 1157 3136 διακονία
1189 3065 1283 3118 τοῦ
1315 3065 1496 3134 λόγου,
1543 3066 1781 3121 ἀνελθὼν

203 3161 261 3211 δὲ
289 3160 368 3222 είς
398 3158 460 3211 τὸ
491 3157 740 3229 ὑπερῷον
767 3159 863 3212 καὶ
885 3157 985 3230 τὴν
1024 3157 1322 3228 ἐπιδημίαν
1349 3159 1661 3231 περιμένων
1686 3160 1780 3218 τοῦ
1809 3137 1854 3196 c

203 3251 586 3315 Παρακλήτου.

277 3329 379 3376 m'.
423 3323 577 3376 Κατά
606 3320 704 3384 τὰς
737 3320 920 3386 τάξεις
953 3322 1048 3376 καὶ
1083 3321 1210 3385 τοὺς
1242 3320 1486 3392 βαθμοὺς
1525 3322 1624 3392 τῆς
1678 3321 1781 3391 ἐμ-

201 3412 496 3481 φιλοσόφου
534 3412 701 3484 ζωῆς,
735 3413 817 3466 δεῖ
865 3415 1082 3476 πάντως
1130 3415 1277 3484 ἡμᾶς
1321 3412 1528 3466 ὁδεύειν
1571 3415 1663 3466 ἐπὶ⁵
1712 3414 1780 3466 τά

201 3507 410 3570 πρόσω,
445 3503 540 3554 καὶ
576 3503 706 3572 πρὸς
738 3503 800 3555 τὸ
836 3504 1247 3573 ὑπερκείμενον,
1283 3504 1586 3567 σπουδαίως
1615 3506 1780 3574 ἀνέρ-

200 3595 413 3664 χεσθαι,
448 3595 523 3657 ὡς
559 3596 902 3664 άεικινήτςως
937 3597 1097 3659 ὂντας
1129 3597 1256 3666 περὶ
1281 3596 1435 3660 Θεὸν,
1469 3597 1561 3649 καὶ
1591 3599 1780 3651 στάσιν

202 3690 281 3756 μὴ
311 3688 520 3749 εἰδότας
559 3687 689 3740 ποτέ
722 3686 816 3740 τοῦ
848 3688 1035 3742 καλοῦ.
1073 3689 1264 3741 Ἔνθεν
1302 3705 1384 3742 τοι
1415 3688 1509 3742 καὶ
1541 3688 1649 3742 ἀπὸ
1682 3689 1780 3759 μὲν

197 3779 300 3845 τῆς
329 3781 648 3846 ἐμπράκτου
678 3780 987 3848 ἀσκήσεως,
1025 3781 1118 3833 ἐπὶ
1147 3781 1246 3850 τὴν
1275 3780 1510 3851 φυσικὴν
1550 3781 1781 3849 θεωρίαν

196 3867 300 3936 τῆς
332 3868 579 3930 κτίσεως.
627 3868 760 3921 Ἀπὸ
789 3869 845 3922 δὲ
874 3869 1098 3940 ταύτης,
1135 3872 1227 3923 ἐπὶ
1261 3871 1358 3940 τὴν
1391 3871 1658 3942 μυστικὴν
1685 3869 1776 3924 τοῦ

197 3958 358 4024 λόγου
399 3957 680 4026 θεολογίαν
707 3960 1032 4031 ἀνέρχεσθαι
1062 3961 1188 4032 χρὴ,
1226 3964 1318 4016 καὶ
1355 3962 1692 4016 καταπαύειν
1721 3964 1778 4017 ἐν

196 4052 336 4120 αὑτῇ
372 4053 480 4103 ἀπὸ
507 4053 725 4104 πάντων
764 4054 875 4106 τῶν
897 4053 1074 4123 ἔργων
1097 4056 1193 4124 τῆς
1220 4057 1543 4125 σωματικῆς
1570 4073 1780 4126 γυμναο

198 4144 342 4204 σίας,
385 4143 456 4204 ὡς
493 4144 749 4212 ὑπεράνω
787 4149 1078 4212 γεγονότας
1126 4148 1223 4216 τῆς
1260 4148 1354 4200 τοῦ
1397 4149 1648 4217 σώματος
1681 4166 1778 4202 τα-

196 4235 534 4296 πεινώσεως,
563 4237 773 4304 καὶτῆς
808 4237 1067 4306 ἀληθινῆς
1099 4239 1422 4309 διακρίσεως
1449 4241 1547 4310 τὴν
1578 4242 1777 4307 γνῶσιν

196 4325 494 4392 εἰληφότας
523 4327 618 4392 τὴν
661 4326 1020 4394 εὑδιάκριτον.
1069 4330 1132 4380 Εἰ
1164 4330 1219 4380 δὲ
1269 4328 1420 4382 οὑπω
1449 4330 1650 4400 ταύτης
1677 4333 1776 4399 τῆς

195 4413 522 4482 διακρίσεως
559 4414 824 4482 ἐλάϐομεν
859 4417 956 4486 τὴν
985 4419 1204 4484 γνῶσιν,
1230 4421 1348 4472 οὑδὲ
1373 4421 1545 4486 οὑτως
1571 4422 1775 4474 ὁδεύειν

1890 593 2152 656 tationes,
2192 593 2396 647 habent
2426 603 2483 646 ιιι
2533 595 2738 664 lignum
2785 593 2936 657 vitae,
2989 595 3043 648 in
3089 594 3453 650 intellectuall

1886 687 2089 740 mentis
2124 687 2467 755 operatione,
2501 687 2705 757 ubique
2735 696 2788 742 et
2815 687 2882 742 ad
2912 687 3096 742 omnia
3153 688 3306 742 utilis
3353 701 3458 751 t‘Sl,

1887 783 2076 844 utpote
2109 776 2424 845 producens
2473 777 2770 847 puritatem
2801 780 3010 842 cordis,
3049 793 3240 848 pacem
3278 779 3456 836 facul-

1887 875 2066 921 tatum
2105 866 2248 936 ejus,
2287 870 2484 924 mentis
2515 870 2964 938 illustrationem,
2991 874 3302 928 castitatem
3340 887 3464 926 θοι-ς

1886 960 2061 1029 poris,
2121 959 2507 1028 prudentiam,
2569 962 2937 1016 universalem
3011 965 3456 1032 temperantiam,

1887 1049 2392 1118 compunctionem,
2412 1052 2764 1115 charitatem,
2785 1053 3156 1116 sanctitatem,
3179 1054 3460 1108 caelestem

1888 1140 2197 1203 scientiam,
2230 1141 2554 1209 sapientiam
2579 1139 2776 1205 Verbi,
2813 1151 2868 1196 et
2897 1141 3159 1196 visionem
3201 1142 3318 1197 Dei.
3352 1141 3458 1210 Qui

1886 1229 2055 1298 igitur
2096 1244 2189 1297 per
2225 1232 2391 1282 multa
2430 1231 2688 1284 exercitia
2725 1230 2976 1286 ascendit
3025 1231 3092 1285 ad
3126 1232 3290 1286 talem
3333 1233 3458 1302 pic-

1888 1321 2018 1375 tatis
2050 1320 2471 1391 perl‘ectionem.
2519 1323 2688 1376 rubro
2739 1321 3109 1392 cupiditatum
3162 1322 3299 1376 mari
3350 1331 3465 1375 tra-

1885 1412 2059 1483 jecto.
2088 1413 2142 1466 in
2177 1422 2377 1468 terram
2417 1414 2799 1484 promissionis
2828 1417 3073 1479 intravit,
3107 1416 3253 1470 unde
3287 1414 3465 1469 ﬂuunt

1891 1505 1978 1559 lac
2030 1513 2084 1559 ct
2137 1505 2242 1560 mel
2292 1506 2539 1560 scientiae
2592 1504 2714 1570 Dei,
2766 1505 3092 1560 inexhausta
3143 1515 3461 1562 sanctorum

1888 1611 2040 1652 esca.

1813 1850 1859 1910 Β
1956 1869 2044 1924 84.
2080 1868 2183 1934 Qui
2235 1883 2345 1923 non
2390 1868 2503 1924 vult
2554 1869 2624 1922 ab
2657 1869 2724 1924 iis
2771 1883 2892 1938 quae
2924 1868 3245 1939 imperfecta
3297 1875 3354 1924 et
3389 1870 3457 1924 ad

1887 1963 2166 2017 modicum
2199 1962 2354 2016 utilia
2388 1971 2517 2017 sunt
2545 1977 2793 2032 surgere,
2826 1971 2881 2018 et
2903 1963 2970 2017 ad
2999 1977 3063 2018 ea
3093 1978 3217 2031 qua:
3239 1961 3308 2017 ad
3343 1977 3463 2017 om-

1887 2054 1978 2108 nia
2019 2063 2152 2109 sunt
2183 2054 2339 2108 utilia
2367 2054 2691 2118 ascendere,
2724 2055 2905 2110 adhuc
2940 2055 3320 2112 furfuraceum
3360 2072 3462 2111 co-

1890 2146 2062 2200 medit
2094 2162 2292 2216 panem
2329 2147 2383 2201 in
2414 2148 2614 2202 sudore
2646 2148 2833 2202 vultus
2885 2149 2992 2212 sui,
3032 2148 3187 2217 juxta
3228 2149 3460 2219 prime-

1887 2253 2009 2292 vam
2066 2239 2160 2294 Dei
2226 2241 2586 2301 sententiain,
2645 2239 2878 2310 ideoque
2931 2241 3112 2295 anima
3182 2242 3304 2310 ejus
3350 2257 3459 2296 non

1885 2334 2093 2402 appetit
2123 2331 2408 2402 spirituale
2443 2346 2668 2395 manna,
2701 2347 2804 2387 nec
2847 2335 3028 2404 ipsum
3061 2333 3166 2388 mel
3201 2332 3270 2388 de
3299 2341 3461 2402 rupta

1887 2432 2042 2491 petra
2101 2421 2280 2479 ﬂuens
2335 2425 2542 2494 populo
2601 2423 2795 2478 Israel.
2849 2425 2953 2489 Qui
3012 2439 3140 2478 vero
3198 2423 3460 2479 audivit:

1891 2532 1910 2565 ι
1949 2513 2197 2580 Surgite,
2229 2529 2424 2570 eamus
2459 2516 2586 2569 hinc
2608 2516 2676 2580 “,
2712 2534 2731 2568 ι
2768 2522 2824 2570 et
2867 2515 2933 2569 ad
2968 2516 3216 2586 magistri
3265 2531 3459 2570 vocem

1886 2608 2130 2659 surrexit
2155 2619 2184 2658 a
2207 2605 2484 2661 laboriosa
2506 2607 2851 2676 operatione,
2875 2615 2930 2662 et
2951 2608 3242 2661 comedere
3266 2622 3462 2677 panem

1884 2699 2097 2755 doloris
2131 2700 2320 2760 desiit,
2353 2702 2443 2755 hic
2468 2701 2884 2757 sensualitatem
2915 2701 3086 2767 exuit,
3119 2702 3470 2772 calicemquo

1885 2792 2172 2859 sapientiae
2219 2790 2315 2846 Dei
2369 2793 2634 2861 gustavit,
2692 2792 2784 2846 hic
2843 2792 2948 2846 scit
2999 2791 3278 2846 Christum
3337 2808 3465 2848 esse

1888 2881 2211 2946 Dominum,
2263 2884 2389 2952 quia
2451 2883 2698 2952 implevit
2745 2884 2916 2954 legem
2975 2884 3356 2938 mandatorum
3406 2884 3463 2940 in

1886 2971 2190 3026 ministerio
2248 2975 2420 3037 verbi,
2460 2974 2814 3043 ascenditque
2871 2976 2926 3030 in
2987 2976 3334 3032 cmnaculum
3408 2987 3463 3032 et

1889 3065 2185 3119 adventum
2229 3073 2515 3136 exspectat
2549 3067 2841 3122 Paracleti.

1957 3319 2046 3373 85.
2087 3319 2403 3376 Secundum
2441 3323 2690 3380 ordinem
2721 3341 2775 3382 et
2810 3329 3017 3398 gradus
3051 3332 3174 3387 vita:
3206 3334 3458 3402 philoso-

1887 3409 2081 3478 phicze,
2114 3419 2335 3479 oportet
2383 3427 2486 3467 nos
2527 3429 2747 3484 semper
2777 3419 3077 3485 procedere
3119 3421 3372 3489 ulterius,
3405 3433 3460 3478 et

1888 3503 2057 3556 adea
2112 3518 2234 3573 qua:
2291 3519 2513 3559 sursum
2567 3517 2719 3571 sunt,
2770 3507 3068 3576 diligenter
3124 3514 3456 3578 ascendere,

1885 3605 2140 3663 tauquam
2174 3597 2241 3650 ad
2271 3596 2438 3652 Deum
2486 3597 2862 3654 indesinenter
2897 3605 3212 3667 tendentes,
3262 3613 3316 3658 et
3358 3605 3460 3659 im~

1888 3694 2068 3740 motos
2099 3687 2152 3739 in
2191 3687 2335 3741 bono
2363 3697 2511 3744 stare
2543 3690 2872 3745 nescientes.
2909 3691 3048 3747 llinc
3075 3702 3128 3748 et
3160 3709 3186 3748 a
3218 3699 3456 3764 practiCa

1887 3777 2210 3845 operatione
2240 3779 2650 3848 procedendum
2683 3790 2766 3836 est
2799 3783 2864 3837 ad
2901 3784 3184 3855 physicam
3212 3801 3460 3844 contem-

1885 3867 2184 3938 plationem
2212 3870 2534 3926 creationis.
2557 3873 2640 3927 Ab
2659 3887 2720 3928 ea
2745 3888 2874 3928 vero
2899 3875 2963 3927 ad
2991 3879 3278 3948 mysticam
3294 3880 3456 3937 Verbi

1885 3961 2214 4032 theologiam
2246 3962 2551 4020 ascendere
2580 3975 2824 4035 oportet,
2856 3975 2910 4022 et
2957 3969 3013 4023 in
3061 3973 3162 4026 hac
3210 3976 3459 4044 requies-

1884 4067 2011 4108 cere
2029 4054 2095 4108 ab
2122 4055 2381 4110 omnibus
2405 4058 2708 4126 corporalis
2731 4061 3148 4117 exercitationis
3173 4068 3454 4134 Operibus.

1887 4154 2149 4214 tanquam
2183 4148 2502 4216 superiores
2530 4150 2780 4218 corporis
2814 4152 3025 4207 vilitate
3063 4153 3263 4218 factos,
3306 4161 3455 4212 veri-

1886 4252 1994 4307 que
2050 4237 2241 4306 judicii
2296 4254 2479 4292 sanam
2544 4244 2771 4310 adeptos
2826 4245 3141 4301 scientiam.
3203 4248 3259 4302 Si
3325 4265 3457 4305 vero

1887 4334 2124 4384 nondum
2177 4331 2339 4398 hujus
2374 4332 2564 4400 judicii
2621 4337 2914 4390 scientiam
2966 4341 3303 4409 accepimus,
3357 4359 3455 4398 nec

1886 4422 2093 4478 scimus
2124 4429 2419 4490 procedere
2456 4427 2686 4480 ulterius
2724 4439 2777 4481 et
2805 4431 2868 4482 ad
2899 4431 3202 4498 perfectius
3226 4444 3458 4490 conten-

195 4508 292 4556 ἐπὶ
324 4507 390 4556 τά
421 4507 624 4573 πρόσω,
660 4509 752 4558 καὶ
790 4509 922 4577 πρὸς
957 4509 1015 4560 τὸ
1039 4509 1370 4582 τελειότερον
1396 4514 1614 4582 οἴδαμεν
1653 4516 1774 4566 ἐπι-

1883 4515 2035 4580 dere,
2074 4515 2290 4584 pejores
2345 4533 2538 4572 sumus
2573 4521 2872 4574 mundanis
2922 4522 3262 4589 hominibus,
3298 4530 3391 4596 qui
3426 4546 3455 4581 a

192 4596 493 4661 τείνεσθαι,
546 4598 760 4666 χείρους
791 4599 872 4650 ἐτι
915 4599 1022 4650 τῶν
1072 4602 1214 4652 κατᾶ
1251 4602 1455 4671 κόσμον
1498 4606 1682 4673 ἐσμὲν,
1725 4606 1773 4657 οἶ

193 4688 321 4754 ὅρον
351 4688 451 4738 οὑκ
498 4688 671 4740 οἴδασι
721 4693 1006 4760 προκοπῆς
1035 4691 1136 4759 τῆς
1178 4693 1408 4762 ἐχούσης
1446 4694 1621 4761 ἀξίας,
1655 4698 1775 4750 οὑδὲ

196 4776 390 4828 στάσιν
441 4777 540 4843 τῆς
574 4777 910 4840 ἀναϐάσεως,
950 4781 1052 4841 ἓως
1093 4781 1234 4850 πρὸς
1277 4784 1338 4834 τὸ
1384 4783 1774 4853 ὑπερκείμενον

193 4868 304 4920 τῶν
331 4869 505 4922 ἄλλων
526 4870 851 4940 ἀξιωμάτων
878 4874 1166 4938 ἀνέλθωσι,
1198 4878 1290 4928 καὶ
1317 4876 1414 4945 τὴν
1435 4880 1562 4947 περὶ
1584 4880 1773 4932 τούτου

193 4960 382 5028 ἔφεσιν
413 4962 466 5011 ἐν
490 4961 640 5030 αύτῷ
669 4964 1114 5017 καταπαύσωσιν.

269 5060 388 5115 πςυ.
429 5053 489 5104 ’Π
523 5053 754 5117 εὐτόνως
793 5058 852 5110 ἐν
887 5057 1180 5127 θερμότητι
1210 5062 1583 5132 καθαιρομένη
1626 5063 1772 5137 ψυχὴ

194 5143 283 5193 διὰ
319 5144 495 5192 πόνων
526 5145 830 5212 ἀσκήσεως,
867 5147 1166 5213 αὑγάζεται
1214 5149 1318 5201 ὑπὸ
1363 5153 1456 5203 τοῦ
1492 5152 1634 5206 θείου
1663 5173 1773 5221 φω-

193 5238 309 5297 τὸς,
349 5238 443 5286 καὶ
474 5238 604 5306 όρᾷν
644 5239 785 5289 κατά
820 5240 1013 5308 μικρὸν
1045 5241 1269 5310 ἄρχεται
1308 5245 1551 5310 φυσικῶς
1595 5247 1656 5296 τὸ
1687 5246 1773 5296 δο-

195 5331 286 5380 θὲν
320 5330 457 5397 αὐτῇ
491 5330 680 5392 κάλλος
716 5332 955 5400 ἀρχῆθεν
985 5334 1092 5386 ἀπὸ
1138 5334 1270 5386 Θεοῦ
1297 5377 1311 5399 ,
1374 5338 1466 5389 καὶ
1517 5338 1775 5390 πλατύνε-

195 5422 326 5476 σθαι
356 5422 434 5482 εἰς
474 5421 569 5492 τὴν
612 5422 830 5492 ἀγάπην
863 5423 953 5475 τοῦ
991 5429 1350 5494 πεποιηκότος
1381 5429 1572 5500 αὑτήν.
1617 5430 1771 5480 Κατ)-

193 5515 320 5564 όσον
355 5513 411 5563 δέ
458 5514 779 5582 τρανοῦνται
837 5515 972 5585 αὐτῇ
1018 5517 1079 5568 ἐκ
1114 5518 1432 5586 καθάρσεως
1463 5521 1518 5572 αἱ
1560 5523 1774 5585 ἀκτῖνες

194 5604 290 5656 τοῦ
344 5605 492 5668 ἡλίου
549 5605 644 5673 τῆς
693 5606 1059 5676 δικαιοσύνης,
1096 5611 1190 5662 καὶ
1229 5610 1287 5663 τὸ
1323 5612 1550 5679 φυσικὸν
1580 5613 1773 5677 κάλλος

284 5779 324 5808 ε’
355 5777 508 5833 Joan.
548 5795 655 5844 κιν,
686 5781 775 5833 5!.

1884 4607 2067 4676 dignis
2127 4622 2346 4662 cessare
2408 4610 2796 4678 progressibus
2858 4621 2912 4666 et
2978 4616 3046 4668 ab
3105 4619 3456 4673 ascendendo

1883 4699 2153 4754 desistere
2204 4701 2481 4763 ncsriunt,
2535 4703 2665 4769 quin
2718 4705 3058 4771 superiorem
3108 4709 3232 4763 aliis
3279 4712 3455 4780 digni-

1881 4800 2042 4843 tatem
2077 4791 2378 4858 attigerint,
2407 4792 2685 4860 hujusque
2713 4795 2987 4862 cupiditas
3017 4798 3069 4851 in
3091 4799 3209 4867 ejus
3234 4800 3455 4857 l'ruitio-

1885 4897 2010 4936 nem
2051 4883 2330 4936 desiverit.

1955 5063 2041 5117 86.
2088 5062 2281 5116 Anima
2335 5077 2430 5131 per
2487 5062 2779 5119 continuos
2839 5063 3189 5135 fervidosque
3243 5072 3452 5124 ascesis

1879 5155 2093 5209 labores
2142 5152 2451 5222 puriﬁcata,
2510 5155 2816 5208 illustratur
2873 5156 3063 5211 divino
3112 5159 3338 5225 lumine,
3385 5177 3451 5214 ac

1875 5246 2134 5314 paulatim
2194 5246 2382 5314 incipit
2449 5247 2769 5300 naturaliter
2829 5247 3019 5303 videre
3079 5249 3303 5303 insitam
3345 5253 3448 5307 sibi

1876 5339 2128 5408 primitus
2197 5351 2226 5390 a
2277 5336 2387 5392 Deo
2443 5338 2931 5406 pulchritudinem,
2990 5351 3043 5395 et
3097 5357 3345 5398 crescere
3395 5348 3447 5397 iu

1877 5446 2060 5484 amore
2094 5432 2178 5484 sui
2213 5431 2470 5483 auctoris.
2505 5429 2722 5494 Quanto
2749 5441 2928 5486 autem
2960 5434 3161 5490 clarius
3192 5436 3262 5490 ob
3291 5451 3447 5490 suam

1879 5525 2170 5595 puritatem
2203 5522 2383 5578 radios
2413 5524 2673 5592 perspicit
2728 5525 2858 5579 solis
2902 5526 3149 5594 justitia,
3183 5541 3245 5580 ac
3287 5537 3449 5582 natu-

1888 5617 2003 5670 rale
2036 5615 2208 5670 decus
2261 5616 2308 5670 ci
2341 5623 2492 5685 patet
2527 5623 2582 5671 et
2612 5615 2929 5681 innotescit,
2975 5625 3182 5670 tantum
3233 5617 3450 5673 labores
