4202 6450
734 368 845 428 943

1963 364 2256 423 ΝΙΕΕΤᾸί
2311 364 2720 423 ΡΠῘΤΟΒΛἸῚ

3898 363 4011 423 944

736 473 1148 530 exercitationis
1197 482 1249 525 et
1299 475 1412 543 ipsa
1474 472 1830 540 multiplicat,
1889 473 1956 524 ad
2008 470 2307 540 augendam

2419 466 2826 534 ἀπογυμνοῦται
2860 467 3017 536 αὐτῇ,
3064 470 3153 518 καί
3186 471 3527 537 γνωρίζεται,
3572 472 3709 522 κατὰ
3749 489 4006 526 taceare;

737 564 1177 634 puriﬁcationem
1216 578 1396 626 suam,
1426 572 1482 615 ut
1509 578 1642 630 pure
1677 563 1921 616 muneris
1967 578 2077 631 qun
2106 564 2305 615 donata

737 666 818 712 est
867 656 1298 728 magnitudinem
1354 656 1641 724 intelligat,
1679 654 1970 724 pristinam
2027 662 2309 721 rccnperct

739 749 1085 819 dignitatem.
1114 753 1167 799 et
1220 746 1514 811 imaginem
1554 760 1748 813 puram
1782 752 1838 797 et
1890 742 2130 795 materia:
2160 741 2305 795 haud

742 842 954 895 mistam
990 846 1277 894 conservet
1296 837 1568 897 Creatori,
1590 844 1751 904 atque
1774 836 2086 889 nullatenus
2109 848 2310 903 angere

742 933 959 986 labores
993 931 1216 994 desinit,
1249 929 1567 997 priusquam
1614 928 1850 994 seipsam
1885 926 1953 980 ab
1994 926 2141 978 omni
2190 925 2310 978 labe

740 1031 791 1073 et
837 1020 1052 1072 macula
1095 1017 1476 1074 mundnverit.
1541 1016 1867 1085 dignamque
1925 1014 2171 1068 cﬂ‘ecerit
2226 1014 2308 1067 vi-

742 1112 897 1166 sione
927 1122 979 1165 et
1006 1109 1423 1165 conversatione
1457 1108 1568 1161 Dei.

809 1301 898 1355 87.
941 1317 960 1351 α
1002 1300 1198 1354 Revela
1222 1302 1414 1354 oculos
1448 1315 1618 1363 meos,
1651 1308 1704 1354 et
1739 1300 2099 1355 considerabo
2139 1300 2308 1353 mira-

741 1392 867 1445 bilia
894 1392 960 1447 de
992 1393 1105 1459 lege
1130 1402 1219 1443 tua
1244 1391 1311 1456 ",
1341 1410 1360 1443 ι
1386 1392 1577 1443 clamat
1604 1391 1670 1443 ad
1692 1390 1856 1444 Deum
1886 1391 1975 1444 ille
1996 1391 2087 1459 qui
2114 1390 2308 1445 nebula

744 1490 1022 1541 terrestris
1056 1499 1257 1538 sensus
1299 1485 1477 1536 adhuc
1537 1482 1767 1551 tegitur.
1827 1480 2129 1534 Terrestris
2161 1481 2308 1534 enim

742 1578 907 1630 animi
975 1576 1321 1645 ignorantia,
1376 1590 1499 1626 cum
1564 1573 1759 1626 nebula
1815 1572 1885 1624 sit
1934 1581 1988 1625 et
2045 1572 2310 1639 profunda

742 1669 939 1735 caligo,
995 1667 1190 1720 anima:
1222 1664 1412 1718 oculos
1461 1664 1909 1729 circnmtegens,
1963 1676 2083 1716 eam
2134 1661 2313 1716 reddit

742 1759 1085 1811 tenebrosam
1108 1768 1160 1810 et
1199 1756 1546 1822 caliginosum
1571 1752 1638 1805 ad
1674 1754 1967 1806 videndum
1994 1769 2078 1807 res
2101 1754 2312 1808 divinas

742 1859 796 1902 et
830 1851 1118 1911 humanas,
1145 1845 1536 1899 nec-valentem
1557 1844 1876 1913 splendores
1901 1843 2065 1897 divini
2093 1843 2313 1914 luminis

745 1938 1035 2005 respicere,
1093 1945 1188 1989 aut
1233 1937 1519 2005 pervenire
1554 1935 1621 1987 ad
1687 1933 1997 1987 fruitionem
2041 1935 2310 1990 bonorum

746 2029 955 2082 illorum
994 2047 1010 2078 ι
1046 2044 1165 2097 qua:
1224 2028 1416 2081 oculus
1458 2044 1563 2081 non
1596 2028 1750 2094 vidit,
1787 2042 1885 2081 uec
1908 2028 2058 2081 auris
2083 2028 2311 2091 audivit,

744 2138 841 2174 nec
878 2122 930 2173 in
959 2137 1051 2174 eor
1080 2121 1316 2175 hominis
1337 2119 1664 2174 ascendit“.
1701 2139 1717 2171 ι
1748 2120 1871 2174 Haec
1904 2130 2082 2174 autem
2138 2122 2313 2175 oculis

744 2228 835 2281 per
860 2214 1231 2282 paenitentiam
1263 2213 1533 2275 revelatis,
1560 2227 1693 2280 pure
1714 2212 2036 2272 vidi:t,audit
2065 2214 2114 2263 in
2139 2212 2315 2265 Scien-

751 2306 821 2358 tia
858 2344 873 2369 ,
912 2306 1273 2373 intelliguntur
1334 2304 1761 2373 comprehendit.
1814 2303 1957 2368 Quin
2014 2303 2120 2355 imo
2170 2303 2311 2356 circa

746 2400 857 2449 haec
913 2397 1263 2451 ascensiones
1324 2396 1709 2465 cogitationum
1756 2395 1996 2465 disponit
2044 2398 2095 2448 in
2150 2395 2313 2448 corde

741 2504 858 2543 suo.
912 2488 1065 2543 Unde
1109 2489 1393 2545 duTcedine
1454 2490 1671 2542 illorum
1740 2498 1985 2558 gustata,
2034 2491 2313 2545 clariorem

744 2580 978 2647 acquirit
1031 2579 1410 2643 scicntiam,et
1441 2596 1694 2633 sermone
1741 2581 2020 2650 sapientiae
2056 2582 2143 2634 Dei
2186 2598 2308 2634 nar-

744 2681 828 2725 rat
874 2672 1129 2724 ontnibns
1183 2672 1451 2724 mirabilia
1483 2672 1572 2725 Dei
1636 2672 1798 2737 bona,
1832 2689 1952 2741 qua:
1996 2676 2315 2743 przeparavit

744 2763 887 2818 Deus
928 2763 1274 2833 diligentibus
1310 2780 1387 2827 se,
1420 2774 1473 2816 et
1536 2778 1726 2819 omnes
1762 2766 2008 2818 hortatur
2037 2766 2103 2819 ad
2130 2782 2191 2820 ea
2223 2782 2314 2830 per

745 2853 940 2908 multas
969 2854 1140 2905 luctas
1188 2854 1563 2923 laerytnasqne
1593 2855 1961 2922 adipiscenda.

817 3212 904 3261 88.
964 3211 1180 3277 tit-ptent
1234 3200 1506 3261 donorum
1547 3208 1787 3276 Spiritus
1831 3213 2195 3274 enumeratio,
2247 3211 2315 3265 de

747 3314 965 3353 sursum
1015 3300 1399 3368 proﬁciscens,
1458 3314 1487 3351 a
1539 3300 1805 3368 sapientia
1855 3301 2074 3369 incipit,
2106 3315 2171 3354 ac
2222 3301 2318 3355 de-

748 3389 957 3442 scendit
984 3388 1220 3457 deniqne
1245 3388 1311 3441 ad
1342 3388 1514 3441 divini
1537 3388 1790 3455 spiritqu
1822 3389 2055 3455 timoris,
2094 3391 2317 3445 dicens:

754 3499 772 3532 ι
806 3481 1045 3550 Spiritus
1075 3480 1381 3550 sapientiae,
1412 3481 1638 3549 spiritus
1667 3481 2062 3551 intelligentiae,
2091 3484 2316 3551 spiritus

748 3572 1002 3632 consilii,
1052 3572 1275 3640 spiritus
1346 3572 1711 3633 fortitudinis.
1768 3575 1995 3641 spiritus
2041 3575 2319 3641 scientiae,

751 3668 980 3737 spiritus
1030 3668 1272 3737 pietatis,
1327 3668 1553 3735 spiritus
1616 3669 1831 3724 timoris
1893 3669 2090 3723 Dei".
2133 3691 2151 3723 ι
2210 3671 2321 3728 Nos

750 3768 932 3811 autem
964 3757 1204 3826 incipere
1250 3758 1569 3813 debemusa
1617 3760 1811 3813 timore
1856 3777 2163 3830 pruinarum,
2217 3780 2322 3832 quo

752 3850 1132 3920 puriﬁcamur,
1169 3858 1227 3902 ut
1276 3864 1372 3917 per
1401 3851 1545 3902 hunc
1581 3850 1759 3918 primo
1788 3862 1937 3905 recte
1966 3868 1996 3904 a
2025 3854 2169 3907 malo
2197 3854 2325 3907 abs-

753 3945 1010 4007 tinentes,
1065 3950 1119 3995 et
1178 3954 1275 4011 per
1322 3940 1702 4010 paenitentiam
1732 3958 1761 3997 a
1798 3946 2005 4013 peccati
2063 3946 2322 4000 sordibus

754 4033 990 4103 purgati,
1023 4033 1242 4102 spiritui
1300 4032 1516 4086 timoris
1544 4035 1684 4087 casti
1735 4049 2125 4100 occurramus,
2181 4039 2322 4091 viam

754 4125 822 4177 ad
856 4140 980 4178 eum
1032 4124 1355 4192 dirigentes,
1393 4126 1683 4196 oumisque
1710 4126 1836 4182 boni
1871 4130 2054 4199 operis
2080 4132 2323 4201 quietem

758 4218 813 4270 in
850 4217 967 4285 ipso
999 4228 1326 4285 qutereutes.

2341 1813 2388 1873 Β

2419 559 2539 618 τοὺς
2568 558 2762 620 πόνους
2795 558 2897 627 τῆς
2938 560 3245 628 γυμνασίας
3282 564 3373 614 καὶ
3405 564 3541 632 αὐτη
3587 562 3874 631 πληθύλει,
3920 569 4005 624 εἰς

2418 650 2637 703 πλείονα
2666 651 2931 721 κάθλρσιν
2964 652 3161 720 una;
3190 668 3201 679 ’
3255 654 3338 705 ἵνα
3381 655 3656 724 καθαρῶς,
3688 650 3755 725 ἦς
3786 655 4007 724 ἠξιώθη

2413 743 2642 811 δωρεᾶς,
2690 744 2986 812 καταμάθῃ
3032 744 3128 813 τὴν
3159 744 3335 810 δόξαν.
3368 749 3461 799 καὶ
3501 748 3598 816 την
3638 746 3878 799 παλαιάν
3911 750 4008 796 εὑ-

2418 834 2628 900 γένειαν
2678 832 3043 902 ἀναλάϐηται·
3098 836 3193 887 καὶ
3245 835 3341 905 τὴν
3395 839 3576 889 εἰκόνα
3625 838 3877 905 καθαράν
3910 840 4009 889 καὶ

2415 927 2590 996 ἀμιγῆ
2621 928 2719 996 τῆς
2745 925 2876 996 ὕλης
2903 926 3158 997 ἀνασώσῃ
3187 927 3262 998 τῷ
3292 929 3587 980 πλάσαντι·
3618 936 3709 981 κα)
3742 929 4005 997 οὐδαμῶς

2411 1017 2512 1087 τῆς
2543 1017 2856 1089 προσθήκης
2886 1017 2991 1071 τῶν
3024 1019 3199 1070 πόνων
3233 1020 3528 1085 ἐνδίδωσιν,
3561 1021 3663 1082 ἕως
3710 1016 3770 1073 οὗ
3820 1023 4003 1088 ῥύπου

2415 1111 2613 1173 παντὸς
2642 1113 2736 1162 καὶ
2794 1111 3073 1182 μολυσμοῦ
3106 1114 3305 1183 ἑαυτὴν
3356 1114 3656 1185 ἐκκαθάρῃ,
3699 1116 3796 1167 καὶ
3838 1114 4004 1178 ἀξίαν

2411 1205 2491 1269 είς
2521 1205 2754 1277 θεωρίαν
2788 1210 2878 1259 καί
2905 1207 3119 1277 ὁμιλίαν
3151 1207 3285 1259 Θεοῦ
3318 1210 3717 1278 ἀπεργάσηται.

2483 1296 2589 1361 πε.
2631 1317 2650 1348 ι
2690 1299 3063 1367 Ἀποκάλυψον
3085 1300 3207 1360 τοὺς
3228 1299 3538 1369 ὀφθαλμούς
3564 1318 3665 1371 μου
3696 1302 3792 1353 καὶ
3822 1320 4003 1356 κατα-

2412 1391 2592 1462 νοήσω
2614 1392 2683 1445 τὰ
2714 1391 2993 1459 θαυμάσια
3040 1393 3104 1443 ἐκ
3133 1391 3224 1444 τοῦ
3263 1391 3431 1460 νόμου
3479 1411 3595 1458 σου,
3648 1412 3666 1444 ι
3701 1395 3729 1445 ὁ
3766 1395 3872 1447 ὑπὸ
3896 1395 4004 1463 τῆς

2411 1483 2609 1552 ἀχλύος
2646 1482 2725 1534 ἔτι
2758 1480 2848 1534 τοῦ
2899 1482 3131 1550 γεώδους
3184 1485 3531 1555 φρονήματος
3583 1485 4001 1553 καλυπτόμενος

2415 1574 2515 1644 βοᾷ
2540 1574 2675 1643 πρὸς
2697 1574 2850 1629 Θεόν.
2890 1573 2955 1627 Ἦ
2981 1573 3089 1644 γὰρ
3109 1575 3203 1627 τοῦ
3227 1576 3412 1644 χοϊκοῦ
3442 1575 3556 1637 νοὸς
3586 1577 3801 1643 ἄγνοια,
3829 1578 4001 1647 ἀχλὺς

2414 1658 2571 1728 οὖσα,
2606 1663 2700 1716 καὶ¹
2729 1663 2888 1731 ζόφος
2926 1662 3113 1733 βαθὺς,
3142 1663 3239 1725 τὰς
3270 1665 3490 1732 ὁράσεις
3518 1668 3613 1734 τῆς
3656 1665 3838 1734 ψυχῆς
3875 1670 4002 1718 ἐπι-

2415 1755 2794 1816 καλύπτουσα.
2828 1756 3113 1825 σκοτεινὴν
3151 1754 3320 1823 αὐτὴν
3368 1756 3460 1807 καὶ
3512 1755 3724 1824 ζοφώδη
3775 1756 3908 1827 περὶ
3940 1757 4004 1808 τὸ

2414 1848 2553 1899 νοεῖν
2586 1846 2653 1898 τά
2708 1844 2829 1899 θεῖά
2856 1862 2914 1897 τε
2952 1847 3043 1896 καὶ
3088 1844 3423 1916 ἀνθρώπινα,
3473 1848 3875 1916 ἀπεργάζεται,
3926 1848 4003 1916 μὴ

2412 1935 2721 2005 δυναμένην
2760 1936 2894 2007 πρὸς
2927 1934 3024 1998 τὰς
3054 1937 3227 2003 αὐγάς
3270 1935 3363 1988 τοῦ
3416 1936 3561 1989 θείου
3606 1939 3788 2003 φωτὸς
3818 1939 4000 1990 (atavi-

2415 2028 2549 2095 ζειν,
2583 2030 2617 2099 ἢ
2651 2031 2707 2081 ἐν
2737 2029 3037 2082 ἀπολαύσει
3071 2030 3315 2097 γίνεσθαι
3346 2031 3455 2082 τῶν
3481 2029 3705 2097 ἀγαθῶν
3748 2031 4000 2091 ἐκείνων,

2420 2140 2439 2173 ι
2483 2122 2517 2176 ἃ
2553 2122 2832 2191 ὀφθαλμὸς
2881 2122 2981 2175 οὐκ
3028 2117 3159 2186 εἶδε,
3218 2124 3309 2175 καὶ
3357 2119 3451 2185 οὖς
3503 2123 3603 2174 οὐκ
3638 2123 3864 2192 ἢκουσε,
3908 2123 4003 2173 καὶ

2415 2214 2509 2268 ἐπὶ
2548 2213 2774 2282 καρδίαν
2805 2211 3094 2283 ἀνθρώπου
3124 2213 3224 2265 οὐκ
3270 2211 3460 2283 ἀνέϐη.
3503 2232 3519 2266 ι
3556 2212 3743 2267 Ταῦτα
3772 2212 3829 2266 δὲ
3861 2215 4000 2265 ἀποο

2417 2304 2803 2373 καλυπτομένη
2853 2304 2945 2356 διὰ
2996 2302 3287 2372 μετανοίας
3338 2306 3462 2367 τοὺς
3509 2304 3848 2373 ὀφθαλμοὺς,
3900 2306 4004 2375 ὁρᾷ

2417 2396 2693 2466 καθαρῶς,
2733 2394 2921 2448 ἀκούει
2952 2395 3009 2448 ἐν
3052 2394 3276 2463 γνώσει,
3332 2396 3425 2447 καὶ
3460 2398 3571 2447 νοεῖ
3608 2397 3869 2460 συνετῶς.
3925 2399 3997 2450 Οὐ

2419 2491 2525 2562 μὴν
2546 2489 2682 2544 ἀλλὰ
2720 2490 2810 2543 καὶ
2833 2488 3126 2550 ἀναϐάσεις
3159 2489 3288 2557 περὶ
3308 2487 3512 2542 τούτων
3543 2489 3843 2542 διατίθεται
3873 2508 3999 2559 νοη-

2420 2580 2604 2650 μάτων
2637 2580 2692 2630 ἐν
2722 2581 2788 2648 τῇ
2822 2578 3016 2648 καρδίᾳ
3048 2576 3238 2645 αὐτῆς.
3280 2577 3473 2631 Ἔνθεν
3504 2595 3587 2630 τοι
3621 2582 3715 2632 καὶ
3763 2582 4004 2646 ἀπογευ-

2417 2670 2627 2741 σαμένη
2657 2670 2750 2722 τοῦ
2780 2668 2930 2738 ήδέος
2962 2669 3163 2731 αὐτῶν,
3204 2668 3499 2738 τρανοῦται
3526 2671 3625 2737 τὴν
3654 2672 3880 2737 γνῶσιν,
3908 2672 4003 2723 καὶ

2416 2763 2504 2816 διὰ
2532 2763 2695 2831 λόγου
2732 2760 2924 2829 σοφίας
2958 2761 3093 2814 Θεοῦ
3141 2760 3409 2829 διηγεῖται
3443 2764 3576 2813 πᾶσι
3622 2766 3690 2814 τὰ
3717 2763 4001 2832 θαυμάσια

2415 2853 2510 2908 τοῦ
2549 2854 2684 2909 Θεοῦ
2727 2853 2931 2923 ἀγαθὰ,
2958 2853 2993 2907 ἀ
3017 2854 3314 2924 ἡτοίμασεν
3343 2854 3370 2905 δ
3402 2852 3535 2915 Θεὸς
3563 2857 3676 2915 τοῖς
3706 2855 4003 2921 ἀγαπῶσιν

2416 2945 2597 3010 αὐτὸν,
2644 2945 2739 2997 καὶ
2771 2946 2976 3007 πάντας
3009 2944 3088 3005 εἰς
3118 2945 3218 3015 τὴν
3254 2945 3549 3014 μετουσίαν
3594 2944 3703 2995 τῶν
3739 2945 4003 2998 τοιούτων

2414 3035 2811 3105 προτρέπεται,
2869 3034 2957 3086 διὰ
3035 3033 3244 3087 πολλῶν
3292 3032 3538 3101 ἀγώνων,
3598 3035 3692 3086 καὶ
3748 3034 4004 3106 δακρύων

2341 3145 2386 3205 C
2418 3126 2615 3181 ἐλθεῖν.

2489 3226 2603 3290 πη’.
2653 3217 2829 3271 Ἐπτά
2867 3218 2977 3271 τῶν
3024 3219 3382 3290 χαρισμάτων
3409 3218 3579 3272 ὄντων
3618 3218 3711 3272 τοῦ
3748 3220 4005 3288 Πνεῦμα-

2416 3330 2530 3376 τος,
2579 3311 2787 3367 ἀνωθεν
2832 3314 2860 3365 ό
2908 3311 3065 3380 λόγος
3103 3312 3432 3381 ἀρχόμενος,
3489 3311 3598 3365 ἀπὸ
3649 3312 3751 3380 τῆς
3819 3314 4004 3379 σοφίας

2414 3403 2811 3468 ἀπαριθμεῦται
2852 3402 3016 3465 αὐτὰ,
3064 3405 3159 3455 καὶ
3197 3402 3553 3464 καταϐιϐάζει
3606 3404 3665 3454 τὸ
3696 3404 3875 3467 τέλος,
3929 3408 4005 3463 εις

2420 3502 2512 3540 τον
2546 3491 2687 3540 θεῖον
2714 3490 2879 3557 φόϐον
2907 3490 2999 3540 τοῦ
3034 3490 3367 3557 Πνεῦματος,
3416 3491 3634 3556 πνεῦμα
3673 3492 3853 3557 λέγων
3909 3508 3997 3543 oo-

2419 3579 2566 3647 φίας,
2621 3582 2841 3649 πνεῦμα
2890 3582 3181 3644 συνέσεως,
3238 3582 3453 3652 πνεῦμα
3502 3583 3722 3651 βουλῆς,
3776 3584 3997 3652 πνεῦμα⁵

2421 3672 2625 3739 ίσχύος,
2654 3673 2868 3740 πνεῦμα
2896 3672 3166 3740 γνώσεως,
3204 3674 3418 3742 πνεῦμα
3440 3676 3744 3737 εὐσεϐείας,
3778 3677 3999 3743 πνεῦμα

2421 3763 2585 3828 φόϐου
2616 3764 2774 3817 Θεοῦ.
2815 3766 2990 3834 Ἠμᾶς
3027 3767 3082 3818 δὲ
3112 3767 3192 3817 δεῖ
3223 3766 3330 3818 ἀπὸ
3353 3767 3446 3818 τοῦ
3480 3766 3646 3833 φόϐου
3675 3766 3772 3817 τοῦ
3806 3768 4000 3818 καθαί-

2423 3868 2604 3917 ροντος
2652 3853 2938 3923 ἄρχεσθαι,
2993 3856 3051 3918 ὃς
3114 3860 3230 3908 ἐστι
3276 3856 3386 3909 τῶν
3424 3858 3721 3918 κολάσεων,
3774 3858 3864 3909 ἵνα
3917 3859 4005 3910 διά

2421 3942 2609 3994 τούτου
2643 3944 2819 4006 καλῶς
2844 3947 3108 4015 πρότερον
3138 3947 3234 4017 τὴν
3269 3948 3480 4017 ἀποχὴν
3512 3948 3607 4000 τοῦ
3636 3949 3810 4001 κακοῦ
3842 3953 4002 4018 ποιή-

2423 4048 2634 4097 σαντες,
2673 4035 2766 4087 καὶ
2795 4037 2880 4089 διὰ
2914 4040 3197 4106 μετανοίας
3230 4038 3707 4107 προκαθαρθὼτες
3737 4042 3849 4093 τῶν
3886 4044 4007 4093 σπί-

2421 4124 2528 4176 λων
2557 4127 2653 4196 τῆς
2686 4129 2984 4198 ἁμαρτίας,
3014 4131 3104 4182 ἐπὶ
3130 4132 3220 4183 τὸν
3256 4132 3417 4200 φόϐον
3441 4132 3535 4184 τοῦ
3563 4134 3887 4201 Πνεὺματος
3920 4137 4008 4186 τὸν

2422 4217 2585 4285 ἀγνδν
2626 4222 3057 4291 καταντήσωμεν
3110 4223 3322 4287 τοῦτον,
3380 4225 3500 4277 καθ’
3541 4225 3656 4277 ὁδὸν
3714 4228 4010 4295 ἐρχόμενοι

2422 4310 2557 4380 πρὸς
2603 4314 2785 4377 αὑτὸν,
2838 4316 2928 4366 καὶ
2967 4316 3379 4380 καταπαύοντες
3414 4320 3472 4370 ἐν
3517 4318 3670 4387 αὐτῷ
3702 4321 3890 4372 πᾶσαν
3922 4322 4011 4390 ip-

2421 4402 2619 4469 γασίαν
2654 4404 2751 4473 τῆς
2783 4407 3003 4476 ἀρετῆς.

831 4505 917 4559 89.
944 4503 1049 4568 Qui
1083 4518 1111 4555 a
1154 4503 1351 4556 timore
1385 4501 1576 4571 judicii
1611 4500 1855 4566 incessit,
1899 4513 1953 4556 et
1998 4503 2064 4556 ad
2115 4505 2326 4572 purita-

2491 4492 2599 4548 πθ’.
2647 4494 2705 4547 Ὀ
2736 4497 2844 4548 ἀπὸ
2884 4498 2977 4550 τοῦ
3011 4499 3177 4566 φόϐου
3209 4502 3307 4565 τῆς
3338 4503 3571 4571 κρίσεως
3608 4502 4010 4572 ἐναρξάμενος,

762 4605 868 4651 teut
903 4594 1089 4649 cordis
1119 4608 1215 4663 per
1264 4591 1596 4663 pmnitentia:
1650 4596 1921 4662 lacrymas
1958 4595 2329 4665 progreditur,

763 4687 1007 4759 repletur
1053 4687 1288 4755 primum
1340 4684 1632 4754 sapientia,
1686 4685 1815 4753 quia
1878 4686 2098 4739 initium
2162 4689 2329 4758 hujus

761 4790 848 4835 est
883 4780 1065 4843 timor,
1094 4784 1153 4831 ut
1182 4776 1445 4846 scriptum
1480 4785 1566 4830 est
1599 4776 1684 4841 ";
1714 4775 1912 4831 deinde
1939 4778 2325 4849 intelligentia,

761 4881 814 4927 et
848 4881 1034 4942 postea
1083 4870 1314 4925 consilio
1336 4911 1351 4934 ,
1388 4883 1499 4939 quo
1525 4869 1678 4923 utilia
1710 4869 1816 4923 sibi
1856 4871 2086 4924 consilia
2120 4871 2329 4939 ample-

762 4966 948 5019 ctitur.
972 4962 1051 5016 Ad
1073 4962 1175 5015 hoc
1197 4975 1521 5029 progressus
1542 4976 1635 5029 per
1660 4962 2039 5015 mandatorum
2064 4963 2294 5017 observa
2309 4994 2327 5006 ο

764 5056 993 5118 tionem,
1021 5051 1087 5106 ad
1116 5052 1401 5106 scientiam
1433 5066 1613 5106 rerum
1643 5053 1907 5120 pervenit,
1938 5063 1992 5106 et
2021 5054 2324 5107 divinarum

765 5147 1236 5212 humanarumque
1272 5156 1454 5197 rerum
1514 5143 1884 5197 certissimam
1924 5144 2130 5213 accipit
2185 5145 2330 5199 noti-

753 5236 924 5290 tiam.
973 5234 1105 5289 lude
1159 5244 1308 5288 totus
1361 5233 1581 5303 pietatis
1622 5232 1992 5288 habitaculum
2038 5235 2247 5299 factus,
2280 5237 2333 5291 in

768 5327 1054 5384 cbaritatis
1084 5339 1267 5379 arcem
1323 5324 1625 5381 ascendens
1678 5325 1995 5395 perﬁcitur,
2052 5334 2107 5381 et
2149 5330 2332 5383 statim

762 5419 945 5488 replet
974 5433 1099 5474 eum
1154 5417 1295 5473 casti
1346 5417 1577 5488 spiritus
1608 5417 1845 5483 timoris,
1885 5434 1914 5471 a
1945 5434 2056 5488 quo
2086 5432 2333 5475 servetur

776 5508 1061 5582 depositus
1108 5509 1163 5563 in
1212 5524 1279 5563 eo
1328 5509 1619 5563 thesaurus
1677 5509 1829 5578 regni
1881 5512 2171 5566 caelorum.
2236 5510 2335 5566 Hic

769 5606 937 5662 timor
970 5599 1126 5659 valde
1170 5602 1429 5658 salutaris
1458 5601 1621 5660 etlicit
1677 5611 1735 5657 ut
1761 5601 1851 5658 ille
1895 5604 1989 5673 qui
2036 5604 2090 5659 in
2140 5605 2331 5658 turrim

845 5782 889 5811 ”
937 5786 1079 5838 l’sal.
1121 5800 1307 5849 cvvtn,
1363 5784 1449 5837 18.

1527 5783 1569 5813 ’θ
1607 5785 1709 5836 l;_~a.
1761 5797 1906 5846 thv,
1947 5782 2018 5847 4;
2056 5782 2072 5837 l
2110 5782 2237 5837 Cor.
2278 5799 2335 5847 lt,
2366 5785 2418 5837 9.
2491 5786 2531 5815 ⁷¹
2564 5783 2665 5838 Isa.
2702 5781 2848 5848 τηε,
2876 5782 2927 5835 3.

2422 4586 2516 4637 καὶ
2546 4587 2624 4648 είς
2656 4588 3002 4658 καθαρότητα
3034 4593 3257 4661 καρδίας
3284 4595 3371 4649 διὰ
3392 4596 3647 4665 δακρύων
3680 4599 4014 4666 προκόπτων

2423 4678 2518 4747 τῆς
2563 4682 2874 4748 μετανοίας,
2917 4683 3223 4753 πληροῦται
3269 4688 3485 4757 πρῶτον
3537 4692 3753 4755 σοφίας,
3820 4693 4013 4761 ἐπειδὴ

2426 4770 2518 4822 καὶ
2548 4771 2690 4843 ἀρχὴ
2719 4775 2923 4844 ταύτης
2952 4778 2978 4829 ό
3007 4777 3190 4843 φόϐος,
3233 4779 3374 4832 κατὰ
3410 4784 3471 4833 τὸ
3495 4783 3808 4853 εἰρημένον,
3838 4785 4013 4835 ἐστίν’

2427 4855 2548 4913 εἶτα
2597 4863 2884 4930 συνέσεως,
2934 4868 3023 4920 καὶ
3066 4870 3186 4938 μεθ’
3220 4872 3335 4939 ἅμα
3373 4872 3593 4941 βουλῆς,
3627 4874 3695 4927 δι’
3731 4872 3801 4945 ἦς
3832 4876 4016 4945 ἐαυτῷ

2426 4955 2494 5007 τά
2523 4956 2775 5025 λυσιτελῆ
2803 4959 3154 5027 βουλεύεσθαι
3184 4967 3615 5029 κατασπάζεται.
3649 4969 3738 5030 Εἰς
3773 4970 3935 5021 τοῦτο
3958 4973 4014 5023 δὲ

2429 5049 2709 5117 προκόψας
2740 5050 2827 5103 διὰ
2857 5052 2953 5119 τῆς
2984 5055 3245 5121 ἐργασίας
3274 5057 3381 5107 τῶν
3412 5060 3663 5123 ἐντολῶν,
3695 5063 3777 5124 είς
3809 5067 3982 5131 γνῶσι
4006 5082 4019 5109 ι

2428 5140 2537 5193 τῶν
2562 5142 2732 5195 ὅντων
2763 5144 3069 5215 ἀνέρχεται,
3107 5149 3201 5200 καὶ
3250 5148 3515 5217 λαμϐὲνει
3565 5151 3725 5204 θείων
3772 5156 3871 5207 καὶ
3924 5159 4018 5209 άν-

2431 5233 2718 5305 θρωπίνων
2768 5238 3113 5306 πραγμάτων
3164 5241 3566 5310 ἀκριϐεστάτην
3616 5244 3716 5314 τὴν
3780 5249 4012 5317 εἴδησιν.

2444 5323 2724 5376 Ἐντεῦθεν
2768 5326 2823 5378 δὲ
2861 5327 2977 5389 ὅλος
3006 5328 3288 5387 εὐσεϐείας
3331 5332 3620 5400 γενόμενος
3664 5334 4014 5406 ἐνδιαίτημα,

2433 5417 2511 5478 είς
2551 5416 2648 5486 τὴν
2685 5418 2782 5487 τῆς
2819 5420 3040 5489 ἀγάπης
3081 5422 3377 5491 ἀκρόπολιν
3408 5425 3646 5478 ἀνελθὼν
3676 5428 4014 5484 τελειοῦται·

2434 5506 2527 5558 καὶ
2573 5506 2735 5569 εὐθὺς
2768 5509 2795 5561 ό
2828 5509 2991 5575 ἁγνὸς
3028 5510 3122 5562 τοῦ
3170 5512 3484 5581 Πνεύματος
3526 5514 3694 5582 φόϐος
3747 5517 4017 5587 λαμϐάνει

2436 5599 2596 5651 αὑτὸν
2623 5602 2701 5662 είς
2727 5600 2789 5652 τὸ
2817 5600 3105 5669 φυλάττειν
3129 5602 3218 5655 τὸν
3242 5604 3636 5659 ἐναποτεθέντα
3662 5608 3942 5681 θησαυρὸν
3965 5616 4017 5665 ἐν

3005 5782 3048 5809 ’³
3069 5779 3231 5833 Prov.
3271 5792 3309 5845 I,
3343 5781 3395 5833 7.
