4202 6450
207 378 316 440 945

1139 379 1628 439 l‘lll'SitIORUM
1666 380 2007 442 (TANTUM
2047 384 2437 449 CENTUlilA
2488 392 2560 451 ΙΙ.

3351 393 3455 455 946

202 496 351 567 αὑτῷ
406 498 503 565 τῆς
538 499 817 568 βασιλείας
856 499 965 554 τῶν
996 502 1240 569 οὐρανῶν
1316 499 1479 566 Οὗτος
1533 504 1562 557 ὁ
1613 502 1780 567 φόϐος
1812 497 1850 550 Α

1812 497 1850 550 Α
1882 495 2171 554 charitatis
2211 503 2480 567 ascendit,
2516 511 2709 560 tremat
2766 518 2816 563 et
2857 523 3004 563 arma
3059 525 3164 564 non
3196 510 3448 580 deponat.

204 592 320 641 λίαν
352 594 618 662 σωτήριος
647 593 746 656 ὢν,
770 595 859 644 τὸν
887 595 966 654 ci;
1002 611 1097 659 την
1132 596 1411 664 περιωπήν
1443 596 1533 661 τῆς
1563 599 1779 661 ἀγάπης

204 682 580 749 ἀνυψωοέντα,
616 683 914 752 σύντρομον
959 686 1100 737 ποιεί
1155 686 1244 734 καὶ
1284 686 1597 751 ἐναγώνιον,
1634 687 1783 755 φόϐῳ

205 775 298 823 τοῦ
353 775 427 842 μὴ
485 776 739 827 ἐκπεσεῖν
787 775 881 826 τοῦ
931 776 1169 828 τοιούτου
1218 777 1385 844 ὕψους
1432 778 1525 845 τῆς
1565 779 1782 846 ἀγάπης

206 864 366 928 (θεοῦ,
398 867 491 918 καὶ
527 866 686 918 ⁸πάλιν
718 868 797 927 είς
831 866 918 919 τὸν
948 867 1107 935 φόϐον
1142 869 1511 940 ἁπορριψῆναι
1547 870 1636 923 τὸν
1661 886 1785 941 φρι⁴

209 957 335 1007 κτὸν
365 956 459 1025 τῆς
494 957 784 1020 κολάσεως.

282 1057 358 1125 ιζ.
398 1059 609 1119 Ἀλλως
630 1060 743 1118 τοῖς
762 1058 1146 1124 είσαγωγικοῖς
1167 1058 1245 1119 είς
1272 1059 1361 1111 τὸν
1381 1058 1478 1121 τῖς
1494 1060 1556 1111 εὑ
1570 1056 1781 1117 σεϐείας

211 1152 329 1219 βίον
359 1153 468 1203 τῶν
500 1151 737 1219 Γραφῶν
796 1152 828 1221 η
861 1152 1166 1218 ἀνάγνωσις
1218 1153 1450 1219 γίνεται,
1488 1153 1577 1204 καὶ
1607 1150 1783 1210 ἄλλως

207 1248 319 1304 τοῖς
347 1247 440 1296 ἐπὶ
466 1245 526 1296 τὸ
556 1245 721 1312 μέσον
745 1243 1076 1315 προκόψασι,
1122 1246 1218 1297 καὶ
1249 1244 1450 1313 ἑτέρως
1478 1246 1589 1306 τοῖς
1608 1244 1700 1295 ἐπὶ
1720 1243 1781 1296 τὸ

208 1339 418 1390 τέλειον
446 1337 826 1405 ἀνατρέχουσι.
878 1336 1001 1398 Τοῖς
1047 1336 1147 1404 μὲν
1181 1337 1309 1406 γὰρ,
1363 1337 1527 1405 ἄρτος
1569 1336 1780 1402 γίνεται

208 1432 493 1498 τραπέζης
522 1430 679 1494 Θεοῦ,
730 1430 1005 1499 στηρίζων
1038 1432 1135 1492 τὰς
1187 1430 1412 1499 καρδίας
1470 1430 1653 1483 αὐτῶν
1702 1429 1783 1492 είς

208 1525 335 1583 τοὺς
371 1523 553 1591 ίεροὺς
611 1519 830 1589 ἀγῶνας
887 1523 987 1589 τῆς
1039 1521 1265 1591 ἀρετῆς·
1303 1521 1362 1584 ὃς
1406 1523 1502 1576 καὶ
1554 1520 1782 1592 δύναμιν

215 1618 401 1687 ἰσχύος
438 1616 665 1685 παρέχει
700 1615 886 1677 αὐτοῖς
926 1616 1006 1676 είς
1025 1614 1125 1683 τὴν
1154 1615 1472 1684 συμπλοκὴν
1494 1615 1601 1667 τῶν
1636 1616 1782 1685 ἐνερ-

208 1710 458 1775 γούντων
489 1707 720 1774 τὰπάθη
737 1705 1086 1773 πνευμάτων,
1108 1708 1199 1759 καὶ
1223 1706 1473 1777 μαχητὰς
1501 1706 1783 1777 ἀνδρείους

208 1801 356 1851 κατὰ
380 1798 489 1850 τῶν
522 1796 797 1864 δαιμόνων
828 1797 1052 1857 τούτους
1070 1795 1349 1861 ἀποτελεῖ,
1384 1796 1457 1858 ὡς
1487 1796 1668 1865 λέγειν
1685 1798 1784 1853 αὐ-

208 1892 357 1953 τούς’
388 1909 407 1941 t
434 1890 771 1956 Ἤτοίμασας
786 1887 1017 1940 ἐνώπιόν
1038 1905 1139 1957 μου
1156 1888 1436 1958 τράπεζαν
1455 1889 1513 1953 ἐξ
1537 1890 1783 1954 ἐναντίας

205 1984 317 2035 τῶν
352 1982 643 2034 θλιϐόντων
685 1996 773 2050 με·
808 1998 827 2031 ι
855 1980 964 2041 τοῖς
1014 1979 1095 2044 δέ,
1126 1975 1270 2041 οἶνος
1302 1981 1563 2051 ποτηρίου
1609 1982 1779 2046 θείου,

207 2076 516 2144 εὐφραίνων
546 2074 645 2136 τὰς
666 2073 895 2141 καρδίας
924 2072 1127 2135 αὐτῶν,
1171 2074 1267 2125 καὶ
1314 2074 1543 2141 ἐξιστῶν
1585 2076 1782 2136 αὐτοὺς

203 2170 519 2241 τῇδυνὰμει
546 2171 657 2221 τῶν
682 2167 923 2231 ἐννοιῶν,
955 2168 1163 2220 καὶτὸν
1213 2168 1336 2221 νοῦν
1392 2168 1643 2239 ἐπαίρων
1688 2170 1783 2222 αὐ·-

205 2265 316 2315 τῶν
342 2263 446 2315 ἀπὶ
474 2261 567 2311 τοῦ
606 2261 1019 2321 ἀποκτιννύντος
1051 2260 1400 2329 γράμματος,
1433 2261 1524 2312 καὶ
1548 2260 1683 2326 πρὸς
1712 2259 1779 2312 τὰ

208 2355 345 2423 βάθη
388 2352 481 2405 τοῦ
517 2352 832 2422 [ίνεύματος
894 2352 1260 2423 ἐρευνητικῶς
1311 2352 1645 2420 ἐμϐιϐάζων,
1682 2355 1779 2409 καὶ

203 2449 325 2500 ελον
341 2444 659 2511 γεννητικόν
690 2462 747 2496 τε
798 2444 891 2496 καὶ
920 2443 1268 2512 ἐφευριτικὸν
1297 2445 1583 2512 νοημάτων
1603 2446 1775 2517 ἁπερη

205 2539 532 2606 ταξάμενος,
564 2537 638 2600 ὼς
664 2526 758 2589 καὶ
788 2535 980 2597 αὐτοὺς
1005 2535 1217 2596 οίκείως
1243 2536 1420 2602 λέγειν
1448 2551 1461 2565 ·
1506 2555 1525 2589 t
1573 2538 1679 2589 Kal.
1719 2536 1781 2591 τδ

206 2630 471 2697 ποτήριόν
502 2646 594 2679 σου
618 2626 892 2695 μεθύσκον
924 2644 989 2696 με
1017 2626 1149 2680 ὡσεὶ
1180 2629 1492 2697 κράτιστον*
1520 2646 1538 2679 ι
1558 2630 1668 2689 τοῖς
1701 2630 1778 2695 δὲ,

207 2720 388 2772 ἔλαιον
418 2719 563 2771 θείου
602 2718 941 2788 Πνεύματος,
972 2716 1221 2771 λιπαϊνον
1248 2718 1428 2770 αὐτῶν
1458 2717 1558 2788 τὴν
1581 2719 1779 2788 ψυχὴν,

206 2817 301 2866 καὶ
324 2810 710 2879 καταπραὸνον
763 2808 859 2860 καὶ
882 2808 1171 2862 ταπεινοῦν
1197 2809 1363 2876 αὐτὴν
1394 2812 1461 2879 τῇ
1506 2809 1777 2880 ὑπερϐολῇ

205 2908 317 2958 τιῖιν
349 2905 510 2956 Θείων
548 2900 891 2970 ἐλλάμψεων,
932 2901 1027 2954 καὶ
1053 2901 1180 2968 ὅλην
1208 2901 1464 2969 ὑπεράνω
1485 2902 1671 2954 ποιοῦν
1684 2904 1778 2972 τῆς

204 2996 302 3050 τοῦ
331 2996 600 3065 σώματως
618 2992 1025 3054 ταπεινώσεως·
1066 2992 1139 3056 ὼς
1168 2992 1259 3045 καὶ
1292 2994 1463 3061 αὐτὴν
1490 2996 1780 3063 καυχωμέ-

204 3106 307 3157 νην
342 3088 492 3157 βοᾷνο
534 3105 552 3136 ι
592 3085 880 3147 Ἑλίπανας
927 3084 984 3135 ἐν
1028 3082 1193 3152 ἐλαίῳ
1245 3083 1342 3151 τὴν
1381 3083 1626 3153 κεφαλήν
1657 3101 1778 3152 μουν
1807 3096 1847 3150 C

204 3180 384 3233 καὶτὸ
416 3179 561 3242 ἔλεός
610 3196 701 3230 σου
729 3178 909 3238 πάσας
937 3176 1036 3238 τὰς
1078 3175 1290 3244 ἡμέρας
1318 3174 1415 3239 τῆς
1472 3175 1615 3246 ζωῆς
1674 3194 1776 3245 μου

204 3270 536 3335 καταδιὼξει
575 3287 664 3337 με.
704 3288 721 3320 ι

274 3356 385 3427 ιμ’.
426 3359 572 3420 Ἕως
607 3358 673 3409 ἂν
702 3357 950 3427 ἐμπόνως
982 3357 1070 3410 διὰ
1097 3360 1197 3427 τῆς
1222 3358 1542 3427 ὲμπράκτου
1573 3359 1782 3429 φιλοσο-

201 3455 334 3519 ᾳίας
361 3453 419 3504 ἐν
458 3450 646 3520 ἱδρῶτι
678 3448 771 3502 τοῦ
808 3449 1103 3518 προσώπου
1131 3450 1595 3519 καπυθυνὼμεθα
1643 3451 1778 3522 πρὸς

201 3546 359 3605 Θεὸν,
381 3542 616 3611 τὰπάθη
649 3542 747 3609 τῆς
787 3541 987 3608 σαρκὸς
1028 3541 1400 3609 ἐκμειοῦντες.
1453 3544 1546 3594 τὸν
1598 3542 1783 3595 ἐπιού-

203 3651 319 3687 σιον
348 3635 512 3703 ἄρτον
539 3635 630 3685 τὸν
650 3633 760 3685 ἀπὸ
788 3632 885 3702 τῆς
910 3633 1186 3702 γεωργίας
1227 3634 1337 3687 τῶν
1368 3633 1581 3702 ἀρετῶν
1609 3651 1782 3701 γεωρ-

202 3728 492 3798 γούμενον,
554 3724 647 3776 καὶ
694 3724 792 3785 τας
831 3720 1059 3789 καρδίας
1115 3721 1223 3774 τῶν
1256 3722 1560 3793 ἀνθρώπων
1600 3728 1786 3797 στηρι-

205 3822 392 3887 ζοντα,
425 3820 683 3887 τρέφεται
708 3817 735 3868 ὁ
765 3813 968 3883 Κύριος
1000 3813 1120 3881 μεθ’
1149 3812 1329 3883 ἡμῶν,
1360 3815 1419 3865 ἐν
1448 3817 1513 3884 τῇ
1538 3816 1786 3888 τραπέζῃ

205 3913 319 3967 τῶν
364 3910 722 3980 χαρισμάτων
760 3906 925 3959 αὑτοῦ
948 3922 963 3936 ⁸
1012 3908 1141 3958 ὅταν
1169 3906 1225 3958 δὲ
1263 3905 1351 3958 διὰ
1382 3907 1480 3976 τῆς
1524 3908 1788 3973 ἀπαθείας

208 4003 446 4072 ἁγιασθῇ
482 4000 615 4070 παρ’
650 4001 780 4069 ἡμῖν
814 3998 875 4050 τὸ
899 3998 1070 4065 ὄνομα
1096 3997 1284 4060 αὑτοῦ,
1320 4000 1415 4050 καὶ
1441 4000 1604 4063 αὐτὸς
1636 4002 1791 4068 βασι-

207 4099 398 4165 λεύσῃ.
439 4097 495 4147 ἐν
526 4095 728 4154 πάσαις
757 4092 913 4162 ἡμῶν
954 4092 1074 4151 ταῖς
1136 4089 1399 4158 δυνάμεσι
1444 4095 1543 4163 τῆς
1584 4093 1784 4162 ψυχῆς,

209 4186 599 4250 καθυποτὰξας
632 4185 728 4237 καὶ
763 4180 1085 4251 είρηνεύσας
1125 4182 1192 4236 τὰ
1236 4182 1522 4244 διεστῶτα.
1554 4186 1697 4255 φημὶ
1725 4186 1788 4256 δὴ

206 4281 271 4334 τὸ
302 4281 486 4349 χεῖρον
510 4278 590 4347 τῷ
627 4275 898 4345 κρείττονι
924 4272 1170 4341 λογισμῷ
1194 4289 1207 4303 ·
1243 4275 1334 4325 καὶ
1364 4273 1427 4327 τὸ
1452 4274 1662 4346 θέλημα
1690 4277 1789 4331 αὖ..

206 4372 307 4426 τοῦ
336 4373 565 4439 γένηται
597 4368 670 4430 ὡς
701 4370 759 4420 ἐν
789 4366 1003 4436 οὐρανῷ
1041 4366 1138 4418 καὶ
1164 4368 1256 4418 ἐπὶ
1287 4366 1466 4436 ἡμῶν,
1489 4368 1610 4421 τότε
1642 4369 1791 4439 πόμα

208 4467 403 4521 καινὸν
433 4464 575 4531 ὑπὲρ
604 4463 763 4529 λόγον
792 4460 891 4528 τῆς
925 4457 1125 4526 σοφίας
1157 4456 1251 4510 τοῦ
1284 4459 1482 4526 Λόγου,
1519 4460 1793 4531 κιρνώμε-

209 4580 301 4615 νον
334 4563 394 4611 ἐν
437 4555 751 4621 κατανύξει,
786 4554 877 4606 καὶ
914 4549 1113 4618 γνώσει
1152 4554 1467 4622 μυστηρίων
1516 4553 1789 4623 μεγάλων,

213 4656 361 4707 πίνει
401 4651 519 4721 μεθ’
570 4649 729 4720 ἡμῶν
757 4649 812 4700 ἐν
833 4651 899 4718 τῇ
931 4648 1096 4700 αὑτοῦ
1134 4647 1407 4716 βασιλείᾳ,
1444 4650 1510 4718 τῇ
1540 4651 1616 4709 είς
1647 4650 1791 4719 ἡμᾶς

211 4745 500 4815 γινομένῃ,
534 4745 593 4793 ἐν
624 4741 887 4810 μετουσία
917 4740 974 4792 δὲ
998 4739 1093 4791 τοῦ
1132 4738 1452 4808 Πνεύματος
1488 4740 1791 4809 γινομένοις

213 4839 349 4906 ἡμῖν
375 4832 471 4887 τοῦ
512 4832 721 4899 Ἀγίου,
747 4833 843 4883 καὶ
870 4832 970 4899 τὴν
1012 4829 1183 4898 καλὴν
1223 4830 1631 4900 ἁλλοιουμένοις
1661 4833 1793 4901 ἡμῖν

208 4926 524 4986 ἀλλοίωσιν,
553 4925 612 4975 ἐν
651 4925 717 4992 τῇ
769 4923 1111 4975 ἁνακαινίσει
1143 4920 1238 4974 τοῦ
1289 4922 1407 4983 νοὸς
1441 4922 1615 4990 ὴμῶν,
1671 4923 1792 4975 τότε

209 5017 347 5079 Θεὸς
379 5015 475 5078 ῶν,
519 5014 662 5077 θεοῖς
718 5014 1003 5067 συνέσεται
1054 5015 1209 5084 ἡμῖν,
1264 5013 1339 5076 ὡς
1373 5014 1792 5078 ἁπαθανατίζων

208 5112 271 5164 τὸ
302 5108 662 5180 πρόσλημμα.

284 5202 395 5271 νβ’.
428 5201 598 5253 Ὅταν
626 5199 687 5251 τὸ
711 5200 940 5269 ἄσχετον
967 5198 1110 5268 ὕδωρ
1128 5197 1237 5252 τῶν
1265 5198 1529 5265 ἐμπαθῶν
1552 5200 1647 5252 τοῦ
1679 5199 1791 5261 νοὸς

208 5292 515 5362 λογισμῶν,
549 5292 640 5345 διὰ
686 5291 783 5360 τῆς
813 5290 1107 5362 ἐπιδημίας
1140 5290 1450 5361 κατασχεθῇ
1491 5291 1585 5343 τοῦ
1637 5291 1791 5359 ἁγίου

211 5386 559 5456 Πνεὺματος,
590 5383 685 5436 καὶ
717 5384 749 5453 ἡ
782 5382 1002 5454 ἁλμυρὰ
1043 5382 1153 5436 τῶν
1182 5383 1450 5454 ἀπρεπῶν
1480 5384 1700 5438 ἐννοιῶν
1731 5402 1788 5438 τε

213 5479 313 5533 καὶ
343 5476 699 5547 ἐνθυμήσεων
720 5474 978 5540 ἄϐυσσος,
996 5474 1071 5527 δι’
1090 5476 1419 5545 ἐγκρατείας
1446 5475 1539 5528 καὶ⁷
1565 5476 1793 5546 μελέτης

211 5571 451 5626 θανάτου
479 5568 775 5639 χαλινωθῇ,
814 5568 936 5621 τότε
968 5569 1113 5638 φυσᾷ
1139 5570 1200 5621 τὸ
1245 5568 1388 5621 θετον
1428 5569 1657 5639 Πνεῦμα
1695 5571 1793 5639 τῆς

218 5661 534 5728 μετανοίας,
592 5662 686 5715 καὶ
748 5660 1108 5729 κατέρχονται
1172 5662 1237 5711 τὰ
1290 5665 1389 5735 τῇς
1450 5662 1791 5726 κατανύξεως

278 5836 327 5867 ’³
360 5835 503 5892 Ρςπι.
533 5850 668 5896 uti,
692 5835 743 5888 5.
822 5833 865 5867 "
897 5835 1025 5891 ibid.
1105 5837 1147 5868 "
1176 5836 1303 5891 ibi-.l.
1340 5837 1391 5901 ες,
1424 5838 1472 5891 ὃ.

1887 600 2135 646 metuens
2170 608 2240 645 ne
2288 594 2503 649 decidat
2534 595 2600 651 de
2639 600 2738 653 hoc
2770 603 2920 670 apice
2968 602 3173 657 amoris
3231 602 3346 664 Dei,
3389 619 3452 657 ae

1885 700 2077 742 rursus
2145 687 2435 756 deiiciatur
2482 692 2533 746 in
2583 694 2881 748 terribilem
2943 710 3225 766 pinnarum
3286 697 3450 751 timo-

1886 798 2016 838 rem.

1956 1059 2045 1115 90.
2091 1059 2499 1131 Seriptnrarum
2554 1061 2712 1115 lectio
2769 1060 2913 1115 aliud
2965 1059 3024 1113 iit
3076 1058 3142 1112 iis
3186 1056 3277 1128 qui
3310 1057 3449 1110 viam

1886 1152 2108 1223 pictatis
2134 1154 2413 1219 inchoant,
2447 1153 2591 1208 aliud
2617 1153 2684 1209 iis
2706 1154 2799 1223 qui
2822 1153 2888 1208 ad
2912 1151 3151 1207 medium
3174 1148 3452 1219 progressi

1884 1256 2034 1312 sunt,
2072 1246 2216 1301 aliud
2250 1246 2317 1301 iis
2361 1248 2452 1316 qui
2500 1245 2566 1301 ad
2600 1244 2990 1317 perfectionem
3038 1252 3287 1299 currunt.
3320 1241 3454 1295 Aliis

1884 1340 2024 1393 enim
2062 1339 2119 1392 tit
2172 1339 2323 1407 panis
2362 1355 2560 1393 mensae
2591 1337 2706 1400 Dei,
2758 1338 3089 1391 confirmans
3134 1350 3231 1390 cor
3264 1350 3452 1388 eorum

1884 1432 1948 1485 ad
2012 1446 2213 1501 agones
2280 1431 2543 1484 virtutis:
2595 1433 2685 1500 qui
2746 1429 2957 1483 validas
3014 1430 3094 1483 eis
3143 1428 3455 1498 suppeditat

1882 1522 2026 1577 vires
2083 1524 2148 1576 ad
2207 1522 2522 1576 certandum
2580 1538 2701 1576 eum
2774 1520 3061 1575 dmmoniis
3128 1519 3455 1589 cupiditates

1883 1614 2274 1677 excitantibus,
2308 1630 2512 1684 eosque
2558 1615 2725 1668 fortes
2757 1614 2991 1666 athletas
3025 1618 3215 1666 contra
3250 1614 3453 1663 «tarum-

1888 1720 1985 1761 nes
2012 1704 2193 1768 eilieit,
2228 1707 2299 1759 ita
2354 1714 2411 1757 ut
2455 1705 2635 1758 dicant
2681 1722 2695 1756 :
2745 1724 2762 1755 ι
2795 1703 3004 1759 Parasti
3042 1702 3097 1755 in
3158 1708 3451 1769 conspectu

1886 1808 2007 1847 meo
2040 1808 2285 1847 mensam
2334 1793 2597 1847 adversus
2629 1806 2724 1845 eos
2753 1792 2842 1860 qui
2896 1790 3158 1843 trihuiant
3203 1802 3289 1841 me
3314 1788 3382 1840 ".
3431 1805 3447 1836 ι

1885 1885 2019 1939 Aliis
2052 1886 2110 1938 iit
2138 1886 2324 1939 vinum
2362 1884 2552 1940 calicis
2577 1883 2770 1943 divini.
2804 1885 3091 1939 laetiﬁeans
3115 1897 3211 1937 cor
3239 1896 3453 1943 eorum,

1882 1992 1974 2029 eos
2006 1975 2088 2031 sui
2125 1977 2354 2042 impotes
2393 1976 2626 2031 reddens
2654 1976 2707 2030 vi
2755 1975 3171 2045 cogitationum,
3215 1982 3452 2028 mentem

1883 2082 2073 2122 eorum
2129 2069 2369 2138 eripiens
2414 2085 2443 2122 a
2496 2068 2676 2123 littera
2709 2083 2829 2137 quae
2875 2067 3108 2127 occidit,
3152 2075 3204 2120 et
3231 2066 3298 2121 ad
3331 2080 3455 2136 pro-

1886 2159 2049 2214 funda
2082 2160 2307 2230 spiritus
2340 2160 2550 2229 placide
2574 2159 2873 2226 adducens,
2910 2167 3187 2228 totamque
3221 2157 3453 2213 creatri-

1883 2267 1997 2308 cem
2031 2265 2084 2308 et
2123 2254 2481 2308 inventricem
2519 2252 2908 2323 cogitationum
2928 2251 3284 2317 eiliciens,ita
3325 2258 3454 2305 utet

1882 2346 1984 2416 ipsi
2007 2345 2396 2401 convenienter
2415 2345 2600 2400 dicant
2634 2363 2647 2400 :
2688 2363 2705 2395 ι
2745 2344 2810 2398 Et
2843 2344 3131 2401 calixtuus
3158 2345 3441 2400 inebrians

1881 2454 2044 2507 quam
2105 2438 2401 2508 praeclarus
2452 2449 2533 2495 est
2566 2439 2631 2493 ⁷⁸.
2675 2458 2692 2489 ι
2738 2439 2870 2495 Aliis
2926 2438 2982 2495 iit
3039 2439 3218 2496 oleum
3282 2438 3450 2492 divini

1884 2530 2146 2600 Spiritus,
2190 2530 2539 2601 impinguans
2574 2546 2764 2584 eorum
2789 2533 3051 2596 animam,
3082 2531 3452 2601 mitigansque

1882 2629 1935 2676 et
1994 2621 2287 2677 humilians
2350 2622 2520 2692 ipsam
2575 2624 3076 2692 superabundantia
3139 2623 3449 2679 divinarum

1882 2713 2368 2780 illuminationum,
2407 2729 2471 2769 ac
2519 2724 2687 2768 totam
2721 2715 2941 2770 elevans
2988 2731 3148 2784 supra
3206 2716 3450 2783 corporis

1880 2804 2164 2867 vilitatem,
2203 2807 2273 2857 ita
2302 2812 2436 2859 utet
2468 2804 2581 2875 ipsa
2612 2805 2968 2875 gloriabunda
2996 2809 3193 2862 clamet
3226 2821 3241 2860 :
3286 2826 3303 2856 ι
3343 2809 3453 2858 lm-

1880 2897 2151 2963 pingnasti
2189 2897 2241 2951 in
2274 2899 2393 2954 oleo
2419 2907 2582 2967 caput
2617 2914 2821 2961 meum,
2849 2906 2902 2951 et
2933 2897 3307 2952 misericordia
3359 2910 3448 2950 tua

1881 2991 2244 3060 subsequatur
2274 3009 2357 3048 me
2387 2992 2639 3048 omnibus
2664 2993 2856 3048 diebus
2886 2994 3004 3047 vita:
3034 3006 3181 3047 meae.
3212 2991 3254 3022 "
3288 3010 3304 3041 ι

1956 3351 2045 3404 9i.
2091 3352 2342 3418 Quandiu
2408 3352 2681 3408 laboriose
2734 3367 2829 3423 per
2852 3352 3151 3423 practicam
3206 3352 3445 3421 philoso-

1883 3444 2063 3511 phiam
2097 3445 2148 3499 in
2186 3444 2388 3500 sudore
2423 3445 2610 3501 vultus
2638 3446 2811 3501 nostri
2852 3447 3127 3502 tendimus
3158 3447 3223 3501 ad
3256 3446 3446 3509 Deum,

1882 3536 2206 3604 cupiditates
2239 3538 2423 3593 carnis
2476 3538 2886 3601 imminuentes,
2939 3540 3448 3606 supersuhstantin-

1884 3627 1983 3680 lem
2038 3643 2228 3695 panem
2258 3643 2285 3682 a
2324 3629 2584 3683 virtutum
2620 3630 2835 3683 cultura
2862 3638 3163 3689 exaratum,
3193 3638 3247 3684 et
3284 3630 3445 3683 corda

1883 3718 2163 3773 hominum
2197 3720 2629 3785 confirmantem,
2658 3722 2951 3776 manducat
2985 3724 3270 3777 nobiscum
3306 3724 3447 3777 Deus

1883 3809 1936 3863 in
1967 3827 2153 3866 mensa
2181 3813 2577 3869 charismatum
2599 3829 2844 3868 suorum.
2867 3813 3002 3868 Cum
3032 3825 3208 3868 autem
3234 3830 3326 3883 per
3350 3816 3445 3865 im-

1881 3902 2295 3970 passibilitatetn
2317 3903 2716 3959 sanctiﬁcatum
2740 3913 2824 3960 est
2849 3922 2874 3958 a
2905 3906 3059 3961 nobis
3083 3921 3277 3960 nomen
3304 3910 3444 3973 ejus.

1880 4003 1933 4048 et
1970 3996 2080 4063 ipse
2134 4005 2325 4065 regnat
2376 3996 2429 4051 in
2466 3998 2722 4052 omnibus
2779 3999 2974 4051 animre
3032 4006 3234 4053 nostra:
3276 3996 3441 4051 iacul-

1881 4087 2104 4151 talibus,
2144 4089 2387 4144 subactis
2418 4097 2471 4144 et
2500 4090 2867 4143 reconciliatis
2895 4106 3017 4158 quae
3061 4098 3220 4145 erant
3246 4090 3442 4149 divi5a_

1882 4180 1931 4231 id
1962 4190 2075 4242 est;
2104 4180 2260 4235 malis
2299 4180 2721 4249 cogitationibus
2755 4197 2875 4236 cum
2910 4180 3082 4245 bonis,
3120 4190 3172 4235 et
3198 4181 3445 4235 voluntas

1879 4268 1997 4337 ejus
2028 4269 2086 4325 fit
2112 4273 2257 4325 sicut
2294 4272 2346 4325 in
2374 4272 2515 4327 coelo
2546 4281 2598 4327 et
2622 4275 2675 4325 in
2708 4272 2895 4333 nobis;
2943 4282 3071 4325 ttmc
3104 4275 3290 4325 vinum
3345 4288 3446 4326 no-

1883 4375 2006 4412 rum
2060 4371 2114 4415 et
2187 4362 2460 4416 ineﬂabile
2536 4361 2817 4432 sapientiae
2875 4362 3056 4426 Verbi,
3116 4362 3339 4417 mistum
3393 4362 3443 4415 in

1881 4453 2301 4522 compunctione
2358 4454 2703 4523 alterumque
2766 4456 3149 4524 mysteriorum
3195 4453 3441 4512 scicntia,

1882 4544 2014 4598 hibit
2045 4546 2326 4600 nobiscum
2360 4546 2412 4600 in
2437 4562 2602 4617 regno
2636 4562 2755 4609 suo,
2781 4546 2926 4615 quod
2948 4548 3000 4599 in
3049 4560 3147 4600 nos
3180 4547 3440 4616 pervenit.

1884 4641 1945 4693 Et
1987 4655 2109 4693 cum
2153 4641 2447 4711 participes
2496 4640 2621 4694 facti
2656 4640 2862 4694 erimus
2892 4640 3129 4708 Spiritus
3162 4640 3359 4701 sancti,
3393 4647 3445 4693 et

1883 4734 2104 4803 pulchra
2159 4736 2463 4788 mutatione
2526 4734 2716 4788 mutati
2745 4734 2973 4795 erimus,
3005 4735 3059 4787 in
3090 4736 3442 4789 renovatione

1882 4826 2077 4877 mentis
2117 4834 2338 4889 nostrae,
2375 4833 2505 4879 tunc
2537 4822 2679 4879 Deus
2713 4824 2820 4878 diis
2859 4824 3222 4894 eonjungetur
3262 4828 3438 4887 nobis,

1878 4916 2019 4984 quod
2054 4917 2355 4983 assumpsit
2386 4916 2694 4971 immortale
2723 4916 2948 4972 iaciens.

1950 5193 2037 5249 92.
2092 5192 2228 5246 Cum
2285 5192 2518 5247 infrenis
2577 5192 2716 5247 unda
2778 5194 3190 5250 libidinosarnm
3249 5203 3442 5250 meum

1877 5285 2271 5351 cogitationum
2337 5284 2620 5353 praesentia
2676 5284 2914 5353 Spiritus
2965 5287 3206 5340 cohibita
3253 5299 3359 5347 est,
3395 5304 3443 5339 tl

1880 5390 2062 5429 amara
2083 5390 2367 5446 pravarum
2383 5375 2771 5444 cogitationum
2787 5388 2841 5431 et
2856 5379 3269 5446 conceptionutn
3286 5382 3444 5449 abys-

1880 5485 1974 5525 sus
1999 5470 2355 5537 temperantia
2386 5476 2438 5520 et
2461 5468 2651 5521 mortis
2673 5468 3021 5523 meditatione
3043 5478 3122 5525 est
3153 5471 3441 5529 refrenata~

1886 5569 2014 5616 tunc
2043 5561 2215 5631 spirat
2262 5559 2480 5613 divinus
2532 5559 2867 5627 poenitentia:
2917 5559 3169 5629 Spiritus,
3226 5575 3289 5614 ac
3315 5561 3441 5615 des-

1877 5653 2110 5709 cendunt
2140 5650 2581 5723 compunctionis
2618 5650 2795 5715 ttndte,
2825 5666 2961 5720 quas
2997 5650 3136 5707 Deus
3177 5651 3439 5707 Dominus
