4190 6458
197 381 302 446 949

1122 386 1619 446 PIIYSICORUM
1649 387 1989 451 CAPITUM
2034 389 2426 452 CE‘lTURIA
2475 391 2555 450 ll.

3349 393 3455 457 950

198 507 302 576 μὲν
339 507 419 567 είς
482 501 803 573 ἀπαλλαγὴν
839 503 946 555 τῶν
997 502 1206 561 παθῶν,
1240 503 1452 572 ὀρέγειν
1504 501 1560 554 δέ
1617 503 1776 570 χεῖρα

1876 522 2206 578 manumque
2262 507 2493 578 porrigit
2550 507 2970 573 auxiliatricem,
3017 507 3082 561 ad
3126 510 3450 578 acquisitio-

196 597 474 664 βοηθείας,
506 598 584 658 είς
610 595 948 663 κατόρθωσιν
972 594 1153 662 πάσης
1179 597 1271 662 ἀρε
1284 597 1402 663 τῆς,
1430 594 1778 663 Ποιουμένων

194 691 247 740 δὲ
287 688 572 758 προκοπὴν
622 689 699 748 είς
738 689 862 750 τοὺς
914 687 1131 754 ἀγῶνας
1179 686 1278 754 τῆς
1334 687 1649 747 εὐσεϐείας,
1685 688 1777 738 καὶ

194 785 333 854 πρὸς
369 786 468 854 τὴν
506 784 776 836 ἀπάθειαν
803 783 893 836 διὰ
922 782 1304 843 ταπεινώσεως
1334 781 1643 850 ἐρχομένων
1676 782 1775 834 αὐ-

194 876 328 939 τῶν,
357 877 417 927 ού
445 876 694 944 βούλεται
719 879 745 928 ὁ
776 877 935 945 λόγος
974 877 1135 945 μέχρι
1159 875 1347 928 τούτου
1369 875 1558 943 στῆναι
1583 874 1779 936 αὖτοὺς

196 955 566 1036 κεκμηκότας
593 970 704 1030 τοῖς
734 969 917 1028 πόνοις
955 967 1064 1020 τῶν
1111 965 1353 1036 ἀρετῶν,
1389 966 1520 1018 ἀλλὰ
1564 967 1781 1037 πορρω-

195 1059 342 1128 τέρω
378 1058 703 1129 πορεύεσθαι
734 1063 828 1114 καὶ
863 1061 998 1130 πρὸς
1037 1059 1270 1131 θεωρίαν
1302 1058 1597 1126 ἀνάγεσθαι
1618 1075 1632 1088 ·
1657 1057 1779 1111 ὅθεν

197 1155 296 1205 καὶ
318 1152 574 1220 ψωμίσας
599 1154 793 1215 αὐτοὺς
821 1153 876 1205 ἐν
921 1153 1126 1222 μέτρῳ,
1155 1151 1246 1205 τὸν
1286 1152 1450 1222 ἄρτον
1479 1151 1564 1219 ἐφ’
1596 1149 1781 1202 ἱκανὸν

198 1243 314 1295 τῶν
344 1244 622 1314 δακρύων,
653 1243 742 1297 διὰ
775 1245 952 1312 φωτὸς
986 1243 1336 1307 κατανύξεως
1357 1243 1663 1310 ἐπευλογεῖ,
1687 1241 1781 1294 καὶ

197 1336 294 1385 τὸν
329 1335 454 1389 νοῦν
487 1337 667 1389 αὐτῶν
707 1335 964 1404 διανοίγει
1017 1337 1096 1397 είς
1127 1337 1188 1387 τὸ
1239 1336 1477 1388 συνιέναι
1524 1335 1585 1388 τὸ
1619 1334 1783 1403 βάθος

199 1426 310 1476 τῶν
360 1427 518 1479 θείων
552 1428 804 1497 Γραφῶν,
855 1428 1110 1481 κάκεῖθεν
1139 1429 1238 1490 τὰς
1290 1426 1480 1496 φύσεις
1512 1429 1604 1480 καὶ
1654 1427 1782 1489 τοὺς

198 1514 396 1582 λόγους
428 1517 792 1572 κατοπτεῦσαι
818 1519 926 1572 τῶν
963 1520 1152 1582 δντων,
1188 1518 1279 1571 καὶ
1308 1518 1585 1571 συστέλλει
1621 1518 1782 1582 εὐθὺς

199 1608 300 1658 ἀπ’
351 1609 531 1661 αὐτῶν
580 1611 792 1677 ἑαυτὸν,
823 1611 902 1674 είς
953 1610 1013 1663 τὸ
1058 1609 1404 1678 διαναστῆναι
1437 1609 1631 1672 αὐτοὺς
1687 1609 1783 1663 καὶ¹

202 1703 629 1772 σπουδαιότερον
686 1704 918 1774 ζητῆσαι
971 1705 1186 1775 μαθεῖν,
1239 1705 1321 1770 τίς
1369 1707 1400 1775 ἠ
1461 1705 1568 1758 τῶν
1614 1705 1784 1758 ὄντων

201 1792 430 1859 γνῶσις,
456 1795 551 1847 καὶ
582 1795 661 1857 τίς
692 1799 724 1866 ή
760 1798 822 1849 ἐκ
847 1794 1048 1866 ταύτης
1072 1795 1350 1865 ἀνύψωσις
1369 1813 1383 1828 ο
1418 1796 1466 1849 οἳ
1492 1797 1586 1850 καὶ
1617 1814 1784 1849 σπουο

199 1885 369 1950 δαξως
401 1886 759 1957 ζητήσαντες,
815 1890 905 1941 ἐπὶ
947 1890 1045 1960 τὴν
1082 1889 1420 1960 ὑψηλοτέραν
1462 1889 1784 1960 ἀνέρχονται

199 1977 299 2029 τοῦ
334 1979 493 2047 λόγου
537 1979 834 2045 διακονίαν,
894 1982 988 2034 καὶ
1018 1981 1356 2051 κηρύσσουσι
1382 1983 1519 2037 πᾶσι
1573 1980 1673 2053 τὴν
1720 1982 1785 2034 ἐκ

203 2069 456 2140 πράξεως
493 2073 588 2125 καὶ
625 2074 860 2143 Θεωρίας
883 2072 977 2125 τοῦ
1000 2074 1157 2141 λόγου
1182 2075 1496 2127 ἀνάστασιν.

278 2163 384 2228 ιιζκ
421 2163 662 2227 Εἰκότως
687 2168 714 2218 ὁ
736 2165 891 2231 λόγος
916 2167 1016 2234 τὴν
1053 2165 1362 2235 βραδυτῆτα
1394 2164 1782 2234 προσονειδίζιι

203 2258 320 2320 τοῖς
345 2259 755 2328 ἐγχρονίζουσιν
773 2260 852 2321 εἰς
873 2259 1000 2321 τοὺς
1026 2258 1117 2311 πόα,
1129 2275 1220 2320 ους
1234 2258 1333 2326 τῆς
1356 2258 1665 2329 πρακτικῆς
1688 2276 1783 2324 γυο

205 2350 463 2418 μνασίας,
517 2352 612 2403 καὶ
656 2350 730 2419 μὴ
772 2349 1116 2418 βουλομένοις
1161 2354 1489 2418 μεταπεσεῖν
1548 2351 1778 2412 ἐκεῖθεν,

203 2444 300 2492 καὶ
328 2442 464 2510 πρὸς
491 2442 591 2511 τὴν
622 2442 968 2512 ὑψηλοτέραν
995 2442 1240 2495 ἀνελθεῖν
1264 2443 1360 2512 τῆς
1391 2444 1626 2509 θεωρίας
1658 2442 1780 2494 ἐπί·-

201 2536 386 2595 εασιν,
423 2533 598 2599 λέγων
643 2535 860 2597 αὐτοῖς·
895 2533 965 2586 '0
1027 2536 1250 2605 ἀνόητοι
1305 2535 1398 2587 καὶ
1451 2535 1668 2606 βραδεῖς
1713 2538 1777 2606 τῇ

204 2625 426 2694 καρδίᾳ,
459 2624 556 2677 τοῦ
581 2625 859 2678 πιστεύειν
883 2628 974 2679 ἐπὶ
995 2626 1085 2679 τὸν
1108 2626 1405 2696 δυνάμενον
1433 2626 1782 2696 ἀποκαλύψαι

200 2717 360 2781 λόγον
394 2717 493 2786 τῆς
525 2718 761 2786 φυσικῆς
789 2718 1026 2787 θεωρίας
1055 2721 1168 2781 τοῖς
1192 2721 1331 2773 κατά
1361 2721 1578 2790 πνεῦμα
1621 2737 1781 2792 περι·-

204 2807 442 2861 πατοῦσι
472 2810 540 2861 τὰ
568 2809 706 2880 βάθη
738 2808 833 2862 τοῦ
879 2809 1219 2882 Πνεύματος.
1253 2813 1326 2865 Τὸ
1351 2815 1458 2883 γὰρ
1494 2815 1568 2884 μὴ
1599 2813 1782 2884 βούλε-

202 2901 331 2954 σθαι
363 2901 470 2954 ἀπὸ
507 2901 616 2954 τῶν
660 2903 1190 2973 είσαγωγικωτέρων
1237 2905 1462 2973 ἀγώνων
1508 2906 1602 2958 ἐπὶ
1655 2907 1782 2970 τοὺς

200 2993 572 3064 τελεωτέρους
609 2993 981 3064 μεταϐαίνειν,
1006 2997 1101 3049 καὶ
1139 2997 1248 3050 ἀπὸ
1275 2996 1368 3049 τοῦ
1399 2978 1565 3067 ῥητοῦ
1599 2996 1784 3068 σώμα-

200 3103 292 3147 τος
327 3085 426 3154 τῆς
456 3085 604 3148 Θείας
637 3087 882 3156 Γραφῆς,
915 3087 1009 3139 ἐπὶ
1037 3088 1132 3141 τὸν
1158 3085 1280 3141 νοῦν
1306 3089 1400 3141 καὶ
1423 3089 1523 3160 τὴν
1545 3088 1782 3143 διάνοιαν

1882 616 2001 654 nem
2044 601 2225 655 omnis
2250 602 2487 655 virtutis.
2522 599 2637 652 lllis
2673 615 2799 652 vero
2840 601 2893 654 in
2928 602 3193 670 agonibus
3227 602 3446 669 pietatis

1883 692 2227 762 proficientes
2249 733 2262 752 .
2306 703 2360 744 et
2394 693 2457 744 ad
2494 691 2986 760 impassibilitatem
3021 707 3117 761 per
3168 693 3448 747 humilita-

1882 797 1987 838 tem
2028 784 2402 846 devenientes,
2452 801 2559 839 non
2602 785 2715 837 vult
2755 785 2984 838 Verbum
3041 795 3117 838 tot
3174 785 3452 840 laboribus

1882 878 2138 930 virtutum
2175 876 2347 930 fessos
2386 876 2584 929 ibidem
2621 877 2942 936 consistere,
3000 875 3094 928 sed
3154 875 3451 945 proci-dere

1883 968 2109 1021 ulterius
2143 978 2195 1022 et
2243 968 2308 1023 ad
2357 969 2871 1036 contemplationem
2909 968 3205 1022 ascendere
3250 985 3262 1020 :
3309 966 3453 1020 unde

1882 1059 2072 1114 cibans
2104 1074 2200 1115 eos
2239 1060 2293 1114 iu
2347 1074 2602 1114 mensura
2637 1075 2774 1128 pane
2825 1060 3114 1128 plusquam
3165 1057 3457 1113 sufficienti

1880 1150 2267 1218 lacrymarum,
2303 1165 2401 1220 per
2442 1150 2624 1204 lumen
2653 1149 3094 1218 compunctionis
3131 1148 3444 1212 benedirit;

1881 1255 2183 1309 eorumque
2262 1241 2678 1310 intelligentiam
2738 1243 2916 1308 aperit
2990 1239 3057 1293 ad
3117 1239 3450 1308 penetrantia

1880 1332 2147 1401 profunda
2169 1332 2476 1386 divinarum
2498 1332 2928 1400 Scripturarum,
2960 1333 3196 1402 indeque
3226 1341 3451 1386 naturas

1877 1435 1932 1481 et
1987 1427 2226 1479 rationes
2277 1439 2456 1478 rerum
2500 1423 2942 1493 perspiciendas,
2995 1433 3051 1477 et
3090 1423 3273 1478 statim
3327 1438 3451 1477 sese

1880 1520 1950 1574 ab
1980 1519 2060 1573 eis
2116 1519 2382 1577 retrahit.
2433 1524 2492 1569 ut
2542 1517 2613 1569 illi
2673 1523 2968 1584 resurgant
3024 1529 3086 1566 ac
3138 1515 3450 1579 diligentius

1877 1611 2154 1674 inquirere
2203 1610 2417 1663 discant
2447 1624 2567 1677 qua:
2600 1608 2669 1662 sit
2711 1608 2941 1662 scientia
3005 1623 3207 1664 rerum.
3249 1616 3299 1657 et
3332 1619 3452 1673 qua:

1880 1702 2208 1772 proveniens
2257 1717 2320 1753 ex
2359 1701 2458 1754 hac
2492 1699 2722 1752 elcvatio
2755 1715 2768 1750 :
2803 1699 2893 1764 qui
2951 1698 3169 1765 quidem
3206 1696 3450 1764 diligenti

1879 1793 2234 1861 inquisitione
2269 1793 2430 1854 facta,
2487 1792 2550 1844 ad
2594 1790 2887 1845 sublimius
2944 1790 3246 1844 ascendunt
3302 1787 3451 1840 verbi

1879 1884 2272 1945 ministeriu-u,
2318 1893 2368 1935 et
2417 1884 2713 1951 prtedicant
2753 1881 3010 1934 omnibus
3047 1878 3213 1933 Verbi
3261 1893 3452 1932 resur-

1881 1976 2176 2029 rectionem
2215 1990 2277 2028 ex
2324 1976 2470 2042 prasi
2505 1989 2567 2028 ac
2603 1974 2836 2027 tlicoria.

1953 2167 2046 2222 97.
2077 2167 2486 2222 Convenienter
2521 2166 2754 2222 Verbum
2800 2169 3112 2223 tarditatem
3147 2168 3330 2224 cordis
3360 2184 3454 2223 ex-

1880 2261 2104 2330 probrat
2166 2261 2230 2313 iis
2288 2262 2379 2329 qui
2435 2268 2719 2314 morantur
2770 2262 2820 2315 iu
2884 2263 3164 2317 laberibus
3197 2263 3454 2332 practieaa

1879 2355 2308 2413 exercitationis.
2371 2369 2471 2407 nec
2532 2355 2718 2408 volunt
2759 2356 2881 2409 inde
2945 2357 3235 2420 divertere,
3286 2366 3337 2410 et
3385 2355 3449 2409 ad

1879 2445 2124 2498 altiorem
2160 2446 2452 2499 ascemlere
2503 2446 2727 2500 theoriaa
2769 2447 2992 2517 gradum
3020 2488 3033 2511 ,
3070 2449 3257 2502 dicens
3291 2449 3397 2502 illis
3435 2465 3448 2500 :

1881 2536 1923 2590 0
1953 2536 2101 2590 stulti
2146 2547 2197 2590 et
2240 2536 2379 2590 tardi
2417 2539 2577 2592 corde
2627 2539 2690 2591 ad
2729 2541 3058 2594 credendum
3103 2542 3154 2595 in
3204 2557 3328 2595 eum
3358 2541 3449 2609 qui

1886 2637 2063 2696 potest
2089 2629 2325 2696 physica:
2342 2629 2563 2683 theoria:
2577 2630 2737 2684 verba
2768 2634 3008 2686 revelare
3022 2633 3128 2686 illis
3144 2633 3232 2701 qui
3255 2635 3446 2700 spiritu

1877 2718 2253 2785 perambulant
2308 2719 2574 2787 profunda
2610 2721 2845 2790 Spiritus
2876 2725 2942 2777 ⁷⁸.
2998 2722 3150 2777 Nolle
3206 2727 3449 2777 enimah

1875 2811 2179 2864 initialibus
2213 2813 2479 2880 agonibus
2520 2814 2586 2867 ad
2637 2813 2993 2881 perfectiores
3031 2817 3297 2879 transire,
3332 2824 3386 2870 et
3418 2831 3445 2868 a

1877 2902 2146 2968 corporali
2184 2902 2381 2957 divinae
2421 2901 2716 2973 Scriptura;
2770 2905 2944 2960 littera
2997 2907 3061 2959 ad
3121 2903 3356 2960 mentem
3394 2916 3448 2960 et

1875 3009 2092 3048 Sensum
2117 2997 2401 3050 verborqu
2426 2998 2697 3065 progredi.
2724 3009 2806 3052 est
2823 2999 3040 3066 signum
3063 2998 3259 3051 anima:
3281 2999 3460 3067 pigrte'

1875 3094 1927 3137 et
1951 3085 2262 3152 spirituales
2319 3084 2528 3141 fructus
2564 3103 2670 3141 non
2716 3090 3008 3158 gustantis.
3043 3089 3238 3157 suique
3270 3089 3443 3157 ipsius

201 3180 298 3231 τοῦ
329 3178 490 3245 λόγου
523 3181 747 3250 χωρεῖν,
777 3183 971 3251 δεῖγμα
994 3180 1172 3251 ψυχῆς
1204 3181 1473 3252 ῥᾳθύμου,
1498 3184 1590 3236 καὶ
1615 3184 1780 3252 ἀγεύ-

1876 3176 2135 3243 profectui
2166 3177 2462 3234 invidentis
2497 3196 2511 3232 :
2541 3181 2654 3242 cui,
2683 3192 2869 3249 utpote
2891 3180 3215 3235 exstinctam
3248 3178 3442 3234 ferenti

205 3288 332 3323 στου
393 3271 491 3340 τῆς
542 3273 922 3341 πνευματικῆς
972 3274 1278 3342 ὠφελείας,
1331 3273 1427 3326 καὶ
1481 3273 1781 3345 φθονούσης

201 3364 394 3425 δεινῶς
444 3366 507 3432 τῇ
559 3364 758 3434 ἑαυτῆς
791 3368 1067 3435 προκοπῇ,
1107 3360 1247 3435 ᾗτινι
1287 3366 1347 3417 ού
1405 3366 1566 3436 μόνον
1613 3367 1782 3437 ῥηθή-

206 3472 385 3521 σεται,
419 3457 494 3519 ὠς
529 3456 867 3525 ἐσϐεσμένην
910 3457 1009 3525 τὴν
1059 3457 1193 3510 ἰδίαν
1225 3457 1468 3530 φερούσῃ
1501 3458 1782 3529 λαμπάδα,

207 3551 430 3618 ’Υπαγε
463 3549 736 3620 ἀγόρασον
777 3548 958 3602 ἐλαιον
990 3549 1099 3602 ἀπὸ
1137 3549 1244 3603 τῶν
1275 3551 1619 3612 πωλούντων,
1648 3551 1784 3607 ἀλλά

205 3642 346 3712 πρὸς
372 3642 432 3694 τὸ
459 3640 778 3710 κλεισθῆναι
799 3643 939 3713 αὐτῇ
962 3641 1054 3695 τὸν
1077 3641 1363 3713 νυμφῶνα,
1390 3645 1501 3710 καὶ,
1527 3644 1746 3714 ’Ὕπαγε
1765 3661 1781 3678 ο

206 3736 307 3788 οὐκ
329 3730 448 3787 οἶδά
476 3749 536 3785 σε
568 3732 732 3787 πόθεν
763 3729 832 3788 εἷ.

266 3825 379 3889 ιιην.
411 3819 581 3872 Ὅταν
614 3821 642 3871 δ
672 3819 767 3871 τοῦ
810 3817 948 3872 Θεοῦ
989 3819 1150 3888 λόγος
1196 3822 1256 3873 ἐν
1287 3824 1352 3892 τῇ
1387 3822 1777 3892 καταπεσούσῃ

193 3915 370 3984 ψυχῇ,
400 3912 477 3975 ὡς
525 3913 582 3964 ἐν
629 3911 783 3965 πόλει
837 3912 1219 3982 παραγένηται
1252 3913 1512 3983 Βηθανίᾳ,
1547 3913 1638 3966 τὸν
1672 3913 1778 3965 ὑπὸ

194 4009 296 4077 τῆς
326 4005 605 4075 ἁμαρτίας
631 4003 906 4057 τεθνεῶτα
936 4005 1062 4057 νοῦν
1090 4004 1282 4072 αὐτῆς,
1317 4009 1410 4058 καὶ
1434 4006 1777 4077 τεθαμμένον

196 4099 306 4151 ὑπὸ
333 4097 434 4167 τὴν
486 4095 694 4168 φθορὰν
741 4095 851 4148 τῶν
897 4095 1088 4149 παθῶν
1121 4097 1532 4167 ἐξαναστήσων,
1590 4099 1774 4168 τότεὴ

195 4192 485 4261 φρόνησις,
528 4191 622 4241 καὶ
655 4191 687 4258 ἡ
719 4189 1034 4258 δικαιοσύνη
1066 4193 1132 4258 τῇ
1165 4189 1311 4260 λύπῃ
1347 4190 1776 4261 βεϐαπτισμέναι

194 4285 296 4352 τῆς
344 4283 666 4353 νεκρὼσεως
709 4281 801 4333 τοῦ
853 4282 971 4343 νοὸς
1023 4277 1111 4334 οἷα
1143 4283 1205 4351 δὴ
1249 4282 1567 4352 θρηνοῦσαι,
1611 4299 1777 4354 προσ-

197 4374 515 4430 υπαντῶσιν
544 4374 713 4444 αὐτῷ,
747 4374 840 4426 καί
884 4390 1049 4441 φασιν
1075 4389 1088 4402 ·
1125 4373 1189 4427 Εἰ
1242 4369 1310 4445 ἧς
1350 4373 1452 4428 ὦδε
1488 4377 1616 4446 παρ’
1645 4377 1778 4445 ἡμῖν

197 4468 542 4538 τηρούμενός
576 4483 633 4519 τε
669 4469 762 4519 καὶ
789 4466 1213 4536 φυλαττόμενος,
1253 4467 1353 4520 οὐκ
1393 4468 1458 4521 ἂν
1489 4470 1516 4520 ὁ
1554 4467 1781 4536 ἀδελφὸς

1872 3283 2025 3321 suam
2075 3270 2400 3336 lampadem,
2457 3287 2562 3325 non
2620 3273 2796 3327 solum
2830 3272 3093 3327 dicetur:
3131 3292 3148 3325 ι
3204 3273 3439 3333 Recede.

1871 3373 1990 3412 eine
2026 3358 2206 3411 oleum
2234 3375 2261 3413 a
2297 3361 2670 3417 venditoribus
2701 3363 2766 3427 ",
2805 3381 2823 3414 ι
2861 3365 2954 3419 sed
2987 3367 3111 3434 quia
3133 3366 3316 3421 clausa
3354 3372 3455 3419 est-

1872 3450 2006 3519 ipsis
2067 3449 2266 3522 Sponsi
2325 3453 2539 3524 janna:
2589 3473 2607 3506 ι
2655 3453 2895 3521 Recede,
2961 3463 3138 3512 nescio
3187 3467 3239 3513 te
3297 3457 3442 3512 unde

1869 3542 1945 3597 sis
1976 3543 2043 3595 ".
2075 3560 2094 3595 ι

1944 3830 2035 3886 98.
2065 3831 2296 3896 Quando
2326 3827 2566 3886 Verbum
2603 3829 2697 3886 Dei
2736 3831 2788 3886 in
2812 3833 2991 3886 anima
3027 3832 3270 3900 delapsa,
3298 3831 3442 3887 velut

1872 3926 1925 3977 in
1983 3924 2206 3979 civitate
2248 3922 2506 3978 Bethania
2566 3933 2975 3986 commoratur,
3021 3927 3270 3995 spiritum
3320 3925 3452 3995 ejus

1870 4024 2097 4085 peccato
2137 4023 2409 4070 mortuum
2473 4025 2524 4068 et
2577 4016 2630 4069 in
2667 4016 3027 4086 cupiditatum
3087 4019 3442 4086 corruptione

1869 4107 2144 4176 sepultum
2206 4109 2562 4170 resuscitans,
2604 4119 2734 4164 tunc
2771 4112 3054 4182 prudentia
3109 4120 3165 4165 et
3201 4112 3439 4180 justitia,

1868 4202 2057 4256 dolore
2089 4201 2387 4266 inundata,
2427 4216 2488 4255 ac
2515 4203 2678 4256 veluti
2711 4215 2986 4270 gementes
3022 4205 3088 4257 de
3117 4213 3291 4258 morte
3326 4204 3438 4270 Spi-

1869 4297 2029 4355 ritus.
2067 4301 2366 4348 occurrunt
2430 4294 2546 4358 illi,
2596 4305 2650 4352 et
2697 4298 2932 4352 dicunt:
2984 4297 3038 4351 Si
3086 4298 3283 4352 fuisses
3350 4297 3438 4350 hic

1873 4386 2014 4454 apud
2054 4401 2154 4441 nos
2198 4387 2503 4442 custoditus
2534 4395 2586 4442 et
2633 4398 3005 4452 conservatus,
3045 4387 3210 4443 frater
3251 4400 3442 4443 noster

1867 4477 2090 4546 spiritus
2155 4493 2263 4532 non
2341 4477 2535 4533 fuisset
2604 4492 2851 4535 mortuus
2906 4491 3127 4551 peccato
3177 4483 3243 4536 ⁷⁸.
3307 4482 3436 4536 Inde

201 4560 364 4630 ἡμῶν
398 4557 520 4622 νοῦς
549 4558 833 4629 ἐτεθνήκει
869 4559 974 4612 ὑπὸ
1009 4559 1109 4627 τῆς
1141 4559 1439 4630 ἁμαρτίας.
1480 4558 1673 4612 Ἔνθεν
1696 4576 1776 4611 τοι

1876 4570 2073 4636 iustitia
2111 4571 2322 4624 nutrire
2348 4568 2583 4626 Verbum
2618 4587 2710 4642 per
2741 4573 2966 4627 multam
3005 4589 3191 4628 curam
3225 4582 3278 4629 et
3304 4589 3434 4642 ope-

200 4650 235 4718 ὴ
277 4648 378 4718 μὲν
403 4646 720 4717 δικαιοσύνη
763 4646 966 4717 θρέψαι
994 4648 1087 4699 τὸν
1129 4646 1290 4715 λόγον
1325 4647 1414 4700 διὰ
1448 4649 1650 4716 πολλῆς
1685 4663 1782 4718 με·

201 4742 406 4811 ρῖμνης
441 4740 535 4791 καὶ
563 4739 827 4808 ἐργασίας
860 4738 1081 4792 σπεύδει
1106 4739 1216 4792 τῶν
1245 4739 1479 4810 ἀρετῶν,
1503 4741 1598 4793 καὶ
1645 4740 1780 4811 τρά-

197 4833 374 4897 πεζαν
413 4831 565 4901 αὐτῷ
595 4831 870 4900 ποικίλην,
904 4831 996 4883 καὶ
1018 4830 1276 4900 πολυειδῆ
1303 4831 1673 4894 κακοπαθείας
1699 4848 1780 4883 τι·

198 4924 355 4977 θέναι
378 4923 747 4993 φιλοτιμεῖται
769 4937 783 4951 ⁸
809 4924 844 4993 ή
873 4922 1138 4992 φρόνησις
1161 4923 1220 4980 δέ
1246 4922 1356 4977 τῶν
1386 4923 1561 4977 ἀλλων
1593 4924 1781 4978 πασῶν

196 5017 520 5086 ἀλογήσασα
583 5014 900 5085 φροντίδων,
949 5014 1046 5068 καὶ
1092 5016 1192 5086 τῆς
1241 5015 1499 5068 ἐπιπόνου
1536 5032 1780 5070 κακοπα-

198 5111 372 5172 θείας,
433 5108 527 5160 ἐπὶ
577 5108 677 5178 τὴν
725 5107 922 5177 νοεράν
967 5107 1256 5176 ἐργασίαν,
1309 5107 1539 5170 καὶτὰς
1589 5107 1782 5179 νοεράς

197 5199 453 5267 κινήσεις
481 5197 576 5250 τοῦ
596 5198 780 5264 λόγου,
808 5199 903 5248 καλ⁵
927 5196 1025 5266 τὴν
1047 5197 1156 5250 τῶν
1181 5199 1470 5269 νοημάτων
1495 5199 1594 5268 τῆς
1618 5197 1781 5252 αὐτοῦ

199 5290 442 5359 θεωρίας
476 5289 744 5359 ἀκρόασιν
768 5289 1253 5358 παρακαθέζεσθαι
1279 5291 1528 5361 κέκρικε.
1565 5291 1656 5343 Διὸ
1684 5293 1780 5343 καὶ

197 5382 301 5450 τὴν
358 5382 480 5451 μὲν,
529 5379 853 5450 ἀποδέχεται
892 5380 1069 5442 καλῶς
1102 5382 1510 5453 ἀγωνιζομένην
1541 5385 1569 5436 ό
1602 5383 1778 5450 λόγος,

200 5475 402 5541 θρέψαι
432 5473 596 5525 αὑτὸν
621 5475 687 5542 τῇ
719 5473 965 5542 τραπέζῃ
1001 5472 1299 5541 φιλοτίμως
1329 5473 1427 5543 τῆς
1470 5470 1779 5538 πολυειδοῦς

199 5568 294 5620 καὶ
325 5567 648 5637 ἐμπράκτου
692 5565 1037 5635 φιλοσοφίας,
1073 5565 1208 5619 ἀλλά
1239 5569 1368 5638 περὶ
1414 5568 1584 5621 πολλὰ
1620 5587 1776 5641 μερι-

203 5658 427 5727 μνῶσαν
459 5658 574 5727 είδη
609 5656 1005 5720 κακοπαθείας,
1055 5658 1147 5708 καὶ
1183 5658 1316 5726 πρὸς
1367 5659 1428 5711 τὸ
1473 5660 1531 5710 ἐν
1578 5659 1776 5726 ὀλίγοις

271 5827 317 5857 ’⁸
341 5825 470 5881 Luc.
513 5843 654 5888 sxw,
689 5825 778 5880 9.5.
857 5826 899 5856 "
941 5825 1128 5882 Matth.
1157 5843 1280 5895 xxv,
1313 5831 1343 5886 θ
1439 5833 1480 5862 τ’
1515 5833 1644 5887 ibid.
1675 5833 1758 5889 12.

1870 4663 2137 4715 rationem
2171 4665 2434 4716 virtutum
2461 4661 2701 4727 festinat,
2739 4673 2794 4719 et
2819 4665 2982 4720 variis
3013 4666 3265 4721 refertam
3296 4667 3435 4721 cibis

1868 4768 2110 4807 mensam
2167 4755 2551 4811 macerationis
2590 4757 2638 4810 ei
2687 4767 2938 4826 satagens
2988 4760 3244 4828 apponit:
3301 4776 3432 4830 p'lzn

1865 4840 2046 4894 dentia
2088 4851 2289 4905 autem,
2317 4858 2507 4899 omnes
2565 4845 2701 4900 alias
2755 4847 3033 4918 negligens
3081 4863 3241 4902 curas
3284 4849 3435 4903 labo-

1865 4933 2182 5001 riosainque
2270 4937 2692 4990 ntaceratiouem
2725 4975 2741 5000 ,
2825 4938 2893 4993 ad
3009 4939 3428 4995 intellectualem

1863 5025 2259 5091 operationem,
2301 5027 2733 5098 spiritualesque
2789 5039 2971 5086 motus
3021 5032 3172 5088 verbi
3200 5033 3421 5094 interni.

1860 5123 1914 5167 et
1943 5115 2334 5183 cogitationum
2365 5119 2844 5187 contemplationis
2879 5122 3050 5191 ipsius
3089 5125 3422 5178 auditionem

1862 5206 2103 5260 assidere
2133 5209 2343 5261 maluit.
2394 5208 2580 5277 Itaque
2616 5212 2853 5279 priorem
2901 5216 3035 5268 liene
3069 5218 3262 5282 exeipit
3290 5217 3421 5268 Ver-

1862 5293 1988 5347 bum
2017 5296 2263 5350 studiose
2283 5297 2622 5352 laborantem
2651 5301 2714 5352 atl
2742 5305 3090 5369 apponendas
3119 5305 3219 5357 sibi
3255 5305 3420 5373 dapes

1862 5382 1914 5434 in
1947 5396 2132 5434 mensa
2168 5383 2521 5440 multiformis
2545 5389 2900 5458 practicaeque
2930 5392 3304 5460 philosophiae,
3327 5396 3420 5448 sed

1855 5474 2000 5527 circa
2045 5475 2306 5542 plurimos
2367 5472 2655 5534 sollicitam
2708 5481 2948 5548 patiendi
3009 5485 3218 5543 modos.
3253 5493 3306 5538 et
3351 5486 3419 5539 ad

1858 5579 2048 5635 parum
2081 5567 2234 5622 utilia
2276 5584 2491 5640 semper
2535 5569 2850 5627 distractam
2895 5575 3265 5643 reprehendit,
3295 5592 3419 5631 cum

1863 5672 2028 5710 unum
2061 5660 2372 5728 requiratur
2419 5661 2485 5715 ad
2538 5663 2918 5719 necessitatem
2951 5675 3005 5720 et
3052 5666 3415 5724 ministerium

1835 5837 1880 5869 ”
1904 5835 2062 5890 Joan.
2099 5839 2270 5903 st,9.l.
