4190 6458
751 337 852 403 951

1969 355 2267 419 NICETK
2309 359 2730 425 PECTORATI

3899 365 4000 425 952

748 451 941 519 Verbi,
975 468 1172 524 nempe
1207 459 1380 531 malas
1419 463 1778 531 cogitationes
1814 468 2087 537 subjicere
2132 473 2311 533 bonis,
2350 487 2361 530 ἐ

2417 473 2695 539 ὠφέλιμον
2740 470 3232 539 ἁπασχολουμένην
3267 470 3352 520 ἀεὶ
3405 469 3815 539 ἐπιμέμφεται·
3881 471 3998 533 ἐνὸς

745 557 1133 616 terrenumque
1168 565 1388 604 sensum
1423 554 1614 607 anima:
1650 556 1702 608 in
1730 560 2069 626 spiritualem
2111 563 2316 617 labori-

2417 565 2572 622 ιντος
2611 559 2705 611 τοῦ
2736 558 3075 628 ζητουμένου
3110 561 3186 621 εἰς
3226 559 3417 627 χρείαν
3449 561 3541 612 καὶ
3568 560 3869 628 θεραπείαν
3905 562 3999 611 τοῦ

746 636 851 691 bus
893 638 1109 695 virtutis
1132 653 1492 707 convertere;
1545 650 1899 714 posteriorem
1949 668 2077 707 vero
2132 655 2317 707 laudat

2416 654 2598 720 λόγου,
2634 651 2728 705 τοῦ
2787 651 2867 720 τῷ
2918 652 3193 722 κρείττονι
3254 650 3497 721 λογισμῷ
3534 651 3909 716 καθυποτάξαι
3941 652 3999 702 τὺ

747 736 800 782 et
830 732 1149 786 naturaliter
1176 735 1277 787 sibi
1314 735 1630 806 identiﬁcat,
1661 740 1787 810 quia
1815 743 2075 810 Optimam
2104 753 2309 813 partem

746 820 910 892 elegit
940 824 1180 879 scientiae
1202 826 1446 892 spiritus,
1484 846 1577 899 per
1604 847 1768 901 quam
1800 848 1888 888 res
1923 834 2188 889 humanas
2214 852 2310 891 su-

747 913 1053 980 pervolans,
1077 927 1353 970 scrutatur
1380 920 1649 989 profunda
1679 922 1854 987 Dei”,
1877 926 2019 979 unde
2048 929 2313 997 margari-

742 1008 853 1055 tam
890 1006 1040 1061 verbi
1060 1009 1335 1076 sapienter
1353 1014 1503 1076 emit,
1539 1016 1993 1089 absconditosque
2024 1019 2314 1074 thesauros

742 1094 1004 1163 perspicit
1049 1097 1298 1166 spiritus,
1332 1110 1386 1154 ct
1421 1103 1770 1160 inenarrabili
1802 1107 2041 1163 exsultat
2086 1108 2309 1180 gaudio,

740 1191 882 1255 quod
921 1206 1028 1246 non
1058 1193 1338 1249 auferetur
1361 1197 1430 1253 ab
1458 1214 1541 1252 ea.

811 1650 901 1706 99.
934 1651 1083 1705 Μιτιιε
1123 1656 1517 1722 cupiditatibus
1560 1672 1772 1723 enecta,
1832 1673 1886 1717 et
1934 1665 2108 1734 gratia
2148 1666 2312 1722 Verbi

2417 750 2621 817 χεῖρον,
2671 746 2766 797 καὶ
2795 747 2857 797 τὸ
2886 744 3070 814 χοῐκὺν
3104 744 3361 813 φρόνημα
3408 744 3505 812 τῆς
3538 742 3714 813 ψυχῆς
3751 743 3995 813 μεταϐα-

2414 840 2525 892 λείν
2556 842 2635 901 είς
2667 823 3063 907 πνευματικὸν,
3102 840 3215 900 τοῖς
3250 837 3439 907 ἱδρῶσι
3486 841 3586 908 τῆς
3621 838 3824 907 ἀρετῆς
3847 856 3859 865 ·
3903 840 3997 904 τὴν

2412 930 2489 993 δὲ,
2525 930 2620 982 καὶ
2674 929 3057 998 προσεπαινεῖ,
3093 928 3189 981 καὶ
3249 926 3499 994 φυσικῶς
3543 927 3865 988 οἰκειοῦται,
3926 926 3998 985 ὼ;

2414 1018 2784 1089 ἐκλεξαμένην
2821 1019 2921 1089 τὴν
2951 1018 3162 1088 ἀγαθὴν
3199 1018 3391 1088 μερίδα
3435 1018 3535 1087 τῆς
3560 1017 3654 1070 τοῦ
3686 1017 3999 1084 πνεύματος

2412 1112 2700 1179 γνώσεως·
2750 1111 2818 1164 δι’
2867 1106 2936 1181 ἧς
2996 1111 3107 1163 τῶν
3157 1110 3516 1182 ἀνθρωπίνων
3574 1111 3997 1180 ὺπεριπταμέντ,

2415 1206 2785 1277 πρ-.γμάτων,
2821 1206 2915 1257 ἐπὶ
2940 1209 3008 1256 τα
3052 1204 3171 1257 θεία
3206 1204 3348 1274 βάθη
3381 1206 3551 1275 χωρεῖ
3578 1204 3671 1255 τοῦ
3704 1204 3869 1267 Θεοῦ,
3912 1206 3999 1257 καῖ,

2415 1298 2509 1349 τὸν
2540 1297 2888 1366 μαργαρίτην
2914 1296 3125 1348 ἐκεῖθεν
3150 1294 3246 1347 τοῦ
3276 1295 3437 1363 λόγου
3471 1295 3653 1357 καλῶς
3693 1294 4001 1365 ἐμπορεύε-

2414 1406 2528 1452 ται,
2585 1389 2683 1441 καὶ
2726 1388 2852 1449 τοὺς
2893 1385 3249 1455 ἀποκρύφους
3304 1383 3612 1455 θησαυροὺς
3668 1384 4001 1436 κατοπτεύει

2414 1480 2509 1532 τοῦ
2542 1479 2884 1549 Πνεύματος,
2919 1479 3012 1531 καὶ
3043 1478 3077 1547 ὴ
3108 1479 3385 1547 ἄφραστος
3414 1478 3553 1545 αὐτῇ
3577 1476 3721 1545 χαρὰ
3756 1475 4001 1542 ἐπιγίνε-

2411 1590 2523 1634 ται,
2565 1572 2687 1641 ἥτις
2718 1572 2819 1623 οὐκ
2860 1568 3298 1639 ἀφαιρεθήσεται
3326 1569 3422 1623 ἀπ’
3454 1568 3642 1637 αὐτῆς.

2483 1662 2587 1730 ι,ο’.
2634 1662 2694 1713 Ὀ
2732 1661 2854 1723 νοῦς
2886 1662 2915 1712 ὁ
2947 1660 3243 1731 νεκρωθεὶς
3285 1660 3392 1712 ὑπὸ
3420 1659 3529 1711 τῶν
3560 1659 3773 1724 παθῶν,
3806 1660 3899 1711 καὶ
3932 1663 3998 1729 τῇ

743 1740 835 1797 Dei
873 1745 1166 1807 vnviiicata,
1198 1749 1417 1802 sublato
1448 1752 1655 1806 duritiae
1685 1755 1866 1809 cordis
1899 1755 2099 1824 lapide,
2144 1757 2313 1811 solvi-
2345 1818 2361 1828 _

2412 1758 2679 1828 ἐπιδημίᾳ
2724 1755 3087 1824 ζωοποιηθεὶς
3119 1753 3213 1807 τοῦ
3252 1754 3413 1822 λόγου
3444 1752 3534 1806 τοῦ
3566 1752 3727 1818 Θεοῦ,
3770 1754 3861 1805 τὸν
3900 1753 3997 1820 τῆς

740 1841 832 1888 tur
858 1834 1091 1890 vinculis
1114 1840 1320 1906 peccati
1353 1844 1885 1913 corruptricinmque
1913 1848 2305 1916 cogitationum
2344 1818 2361 1879 Ι

2414 1850 2729 1921 πωρώσεως
2766 1849 2913 1903 λίθον
2942 1848 3400 1918 ἀποσεισάμενος,
3436 1848 3624 1901 λύεται
3655 1847 3763 1900 τῶν
3798 1848 3999 1917 σειρῶν

740 1921 1075 1990 adisripuiis
1120 1924 1302 1989 Verbi,
1360 1930 1450 1996 qui
1507 1941 1635 1983 sunt
1690 1932 1853 1987 timor
1915 1950 2197 2004 poenarum
2251 1947 2305 1992 et

742 2013 962 2068 labores
994 2015 1233 2079 virtutis,
1263 2029 1312 2070 et
1366 2021 1572 2075 lumine
1624 2024 1809 2079 fruens
1844 2029 1965 2081 vitae
2004 2027 2220 2091 futurae,
2257 2028 2309 2081 in

741 2104 1234 2174 impaSsibilitatem
1268 2112 1421 2164 abire
1462 2115 1703 2177 sinitur;
1743 2118 1975 2187 indeque
2024 2119 2078 2172 in
2112 2122 2312 2174 throno

743 2211 1009 2250 sensuum
1045 2202 1265 2266 sedens,
1308 2204 1446 2258 facta
1503 2207 1779 2263 oblatione
1818 2210 2018 2264 munda
2050 2217 2310 2267 secretis-

740 2286 879 2341 sirno
944 2289 1122 2343 abdita
1190 2296 1481 2363 mysterio,
1570 2299 1701 2351 vivit
1768 2316 1891 2354 cum
1966 2302 2206 2366 Christo,
2255 2312 2309 2358 et

738 2393 864 2432 cum
922 2394 987 2434 eo
1037 2397 1064 2435 a
1109 2390 1251 2437 terra
1306 2385 1360 2439 in
1411 2388 1582 2442 caelos
1629 2393 1964 2457 ascendens,
2008 2403 2311 2462 conregnat

738 2468 963 2525 Christo
1012 2472 1067 2527 in
1107 2473 1197 2527 Dei
1250 2475 1426 2529 Patris
1482 2493 1670 2546 regno,
1739 2482 1825 2534 ubi
1875 2482 2149 2538 desideria
2192 2485 2312 2554 ejus

740 2564 1045 2632 explentur.

815 2866 936 2922 100.
980 2866 1180 2920 Futura
1218 2871 1414 2921 mentis
1450 2884 1477 2920 a
1513 2884 1743 2938 corpore
1776 2871 1941 2926 soluti
1981 2872 2310 2925 restauratio

741 2960 943 3028 cuique
977 2960 1192 3013 athleta:
1253 2960 1490 3023 legitime
1547 2964 1776 3015 certanti
1830 2963 1897 3016 ad
1961 2964 2311 3032 mediumque

741 3065 1030 3120 progresso
1071 3061 1126 3105 et
1158 3050 1395 3120 perferto
1441 3052 1507 3105 ad
1543 3070 1855 3108 mensuram
1909 3055 2085 3109 aetatis
2137 3057 2311 3124 pleni-

744 3143 954 3199 tudinis
982 3142 1185 3197 Christi
1220 3144 1260 3175 ⁸³
1292 3146 1435 3197 clara
1484 3154 1538 3199 et
1591 3144 1880 3201 manifesta
1936 3147 1993 3199 fit
2022 3162 2087 3202 ex
2138 3147 2308 3201 muli-

2411 1943 2509 2012 τῆς
2541 1942 2842 2011 ἁμαρτίας,
2884 1941 2978 1993 καὶ
3010 1939 3120 1993 τῶν
3150 1938 3493 2009 φθοροποιῶν
3515 1938 3816 2009 λογισμῶν,
3844 1941 4002 2008 παρὰ

2410 2036 2520 2089 τῶν
2555 2034 2845 2105 ὑπηρετῶν
2875 2033 2969 2086 τοῦ
3006 2033 3167 2100 λόγου
3193 2032 3321 2085 ’τοῦ
3352 2031 3544 2100 φόϐου,
3577 2032 3741 2101 φημὶ,
3767 2031 3871 2099 τῆς
3902 2048 3999 2081 κο-

2414 2130 2645 2192 λάσεως,
2679 2130 2773 2180 καὶ
2806 2127 2915 2178 τῶν
2950 2126 3131 2178 πόνων
3154 2125 3253 2195 τῆς
3281 2124 3507 2195 ἀρετῆς,
3559 2123 3655 2177 καὶ⁵
3684 2123 3777 2175 τοῦ
3818 2123 4002 2190 φωτὸς

2412 2224 2511 2291 τῆς
2569 2221 2872 2291 μελλούσης
2930 2216 3251 2281 ἀπολαύσας
3318 2214 3498 2286 ζωῆς,
3556 2214 3856 2268 ἀπολύεται
3920 2215 4001 2275 εἰς

2409 2313 2681 2367 ἀπάθειαν
2720 2328 2731 2340 ·
2767 2311 3030 2365 κάκεῖθεν
3060 2310 3155 2363 ἐπὶ
3192 2310 3283 2362 τὸν
3317 2308 3505 2379 θρόνον
3544 2308 3856 2369 κεκαθικὼς
3886 2307 4000 2359 τῶν

2410 2407 2739 2475 αἰσθήσεων,
2798 2404 2892 2457 καὶ
2946 2405 3312 2474 ἱερουργήσας
3370 2401 3625 2471 καθαρῶς
3660 2400 3720 2452 τὸ
3766 2401 3865 2468 τῆς
3903 2404 4003 2453 £1:-

2407 2496 2631 2559 οπτείας
2664 2497 2986 2566 μυστήριον,
3036 2495 3407 2547 συνδιαιτᾶται
3439 2493 3517 2562 τῷ
3545 2493 3710 2561 λόγῳ,
3738 2493 3834 2544 καὶ
3870 2510 3998 2546 aw-

2408 2588 2663 2642 απελθὼν
2718 2587 2867 2659 αὐτῷ
2895 2589 2973 2651 είς
3012 2587 3276 2657 οὐρανοὺς
3302 2586 3408 2639 ἀπὸ
3440 2586 3567 2655 γῆς,
3601 2584 3997 2655 συμϐασιλεύει

2412 2682 2632 2753 Χριστῷ
2656 2683 2715 2734 ὲν
2750 2684 2816 2750 τῇ
2848 2680 2944 2733 τοῦ
2976 2679 3188 2750 Πατρὺς
3219 2679 3314 2731 καὶ
3341 2676 3478 2731 Θεοῦ
3514 2676 3787 2747 βασιλείᾳ,
3821 2694 3999 2730 κατα-

2412 2773 2626 2835 παύσας
2665 2774 2765 2836 τὰς
2799 2773 3017 2841 ἐφέσεις
3055 2772 3234 2833 πάσας
3274 2768 3462 2824 αὐτοῦ.

2483 2863 2552 2935 ρ’.
2600 2864 2663 2916 Ἦ
2685 2863 2827 2933 μετὰ
2848 2862 2946 2934 τὴν
2963 2863 3119 2916 λύσιν
3145 2861 3240 2914 τοῦ
3270 2864 3519 2930 σώματος
3544 2859 3755 2913 ἐκεῖθεν
3789 2861 3999 2913 ἀποκα-

2410 2956 2696 3021 τάστασις,
2722 2955 2941 3024 ἑκάστῳ
2965 2955 3074 3008 τῶν
3110 2953 3421 3007 σπουδαίων
3451 2954 3699 3021 νομίμως
3717 2952 3993 3016 ἀθλοῦντι,

2408 3049 2504 3101 καὶ
2558 3048 2695 3117 πρὸς
2744 3046 2805 3099 τὸ
2846 3047 3013 3117 μέσον
3056 3045 3442 3118 προκόπτοντι,
3492 3045 3586 3098 καὶ
3631 3044 3997 3113 τελειουμένῳ

2410 3144 2491 3205 είς
2545 3142 2744 3211 μέτρον
2778 3139 2997 3209 ἡλικίας
3051 3138 3147 3191 τοῦ
3180 3137 3550 3207 πληρώματος
3603 3138 3696 3189 τοῦ
3729 3138 3996 3207 Χριστοῦ,

739 3234 923 3291 dentia
948 3244 1001 3289 et
1034 3236 1293 3290 instinctu
1316 3236 1428 3305 Spit
1445 3237 1553 3290 itus
1573 3243 1767 3292 sancti.
1799 3236 2103 3293 Exsultatio
2124 3249 2304 3293 autem
2334 3206 2361 3264 ί

2412 3206 2560 3301 δήλη.
2581 3206 2676 3284 καλ.
2710 3206 2924 3300 φανερὰ
2957 3228 3173 3295 γίνεται
3218 3206 3685 3300 ὲκηπληροφορίας
3715 3206 3812 3279 καὶ
3844 3233 3999 3298 ἐνερ-

742 3335 1003 3397 perpetua
1038 3329 1090 3382 in
1140 3338 1340 3381 mti-rna
1382 3330 1501 3382 luce
1536 3340 1620 3382 est
1672 3330 1905 3385 felicitas
1948 3332 2096 3386 illius
2128 3333 2304 3385 hatre-

744 3418 954 3485 ditatis,
1008 3431 1060 3473 et
1115 3419 1299 3474 laetitia
1360 3420 1648 3476 incil'abiiis
1700 3425 2091 3478 circumfundit
2138 3423 2304 3477 corda

740 3526 929 3565 eorum
958 3512 1050 3580 qui
1085 3511 1321 3578 legitime
1359 3511 1440 3565 i.is
1480 3514 1530 3565 in
1579 3515 1734 3567 terris
1769 3515 2073 3573 decertant.
2104 3529 2309 3582 eosque

741 3603 1090 3672 amplectitur
1118 3602 1354 3671 SpirLtus
1383 3606 1553 3658 sancti
1602 3607 1883 3674 gaudium,
1937 3610 2106 3676 quod,
2149 3610 2305 3677 juxta

740 3710 928 3750 vocem
952 3695 1165 3750 Domini
1191 3697 1258 3761 ",
1294 3712 1403 3751 non
1424 3694 1708 3753 auferetur
1732 3699 1912 3755 abeis.
1945 3700 2118 3766 Quem
2140 3702 2307 3770 igitur

742 3787 830 3841 hic
877 3800 976 3841 sua
1025 3784 1343 3842 Paracletus
1397 3788 1569 3857 gratia
1622 3789 1878 3859 dignatus
1932 3800 2052 3859 est,
2104 3794 2307 3863 quique

741 3882 936 3933 uberes
967 3879 1084 3949 ejus
1134 3878 1346 3935 fructus
1374 3881 1589 3936 cultura
1642 3883 1903 3939 virtutum
1954 3888 2216 3955 percepit,
2242 3900 2306 3940 ac

741 3969 942 4026 divinis
976 3969 1215 4034 ejusdem
1256 3970 1412 4024 donis
1446 3970 1651 4027 ditatus
1696 3983 1800 4039 est,
1838 3975 2021 4031 laetitia
2073 3978 2309 4046 repletus

742 4069 794 4114 et
830 4058 1067 4128 perlecta
1108 4058 1409 4127 cliaritate,
1458 4061 1585 4131 quia
1646 4079 1839 4134 nempe
1887 4080 2102 4122 omnem
2160 4066 2309 4123 foras

742 4152 891 4205 misit
928 4151 1217 4214 timorem,
1271 4165 1394 4205 cum
1447 4154 1645 4221 gaudio
1697 4170 1726 4209 a
1774 4157 2013 4214 vinculis
2062 4160 2310 4229 corporis

739 4243 987 4306 solvitur,
1026 4252 1078 4296 et
1113 4256 1235 4295 cum
1269 4244 1636 4300 exsultatione
1674 4246 1877 4301 recedit
1904 4263 1934 4302 a
1972 4249 2306 4309 visibilibus.

738 4334 940 4403 quibus
984 4335 1068 4388 sui
1118 4350 1239 4388 eum
1277 4334 1546 4390 viventem
1624 4353 1821 4393 sensus
1862 4341 2198 4409 ailigabant,
2254 4351 2308 4397 et

743 4440 866 4480 cum
928 4424 1186 4481 ineffabili
1244 4428 1432 4483 laetitia
1482 4431 1777 4500 requiescit
1837 4432 1890 4485 in
1933 4432 2157 4497 lumine,
2212 4436 2304 4488 ubi

2410 3324 2569 3391 γείας
2606 3321 2699 3374 τοῦ
2732 3323 3072 3391 Πνεύματος.
3116 3321 3179 3373 Ἡ
3206 3321 3263 3373 δὲ
3293 3321 3459 3389 χαρὰ,
3494 3320 3711 3383 αἰώνιός
3762 3323 3915 3373 ἐστιν
3944 3324 4000 3372 ἐν

2410 3414 2551 3483 φωτὶ
2605 3414 2802 3484 ἀϊδίῳ,
2857 3415 2892 3483 ἡ
2942 3413 3289 3483 μακαριότης
3344 3414 3562 3483 ἐκείνης
3612 3413 3713 3482 τῆς
3764 3412 3997 3484 Risum

2409 3506 2556 3576 χαρά
2604 3505 2663 3557 δὲ
2722 3505 2957 3573 ἄληκτος
3004 3504 3402 3575 περιλαμϐάνει
3440 3508 3539 3569 τὰς
3590 3507 3823 3575 καρδίας
3892 3508 3999 3559 τῶν

2410 3597 2835 3668 ἀγωνιζομένων
2892 3597 3143 3667 νομίμως
3206 3597 3478 3662 ἐνταῦθα,
3546 3598 3642 3651 καὶ
3701 3600 4001 3668 καταφιλεῖ

2410 3693 2609 3754 αὐτοὺς
2656 3692 2691 3761 ἡ
2754 3691 3065 3760 εὐφροσύνη
3113 3690 3211 3743 τοῦ
3270 3692 3426 3759 ἁγίου
3456 3692 3799 3762 Πνεύματος,
3852 3695 3995 3762 ἣτις.

2412 3787 2554 3839 κατὰ
2584 3785 2677 3838 τὸν
2706 3784 2866 3853 λόγον
2894 3784 2990 3838 τοῦ
3029 3786 3260 3855 Κυρίου,
3291 3786 3392 3838 οὐκ
3422 3786 3861 3855 ἀφαιρεθήσεται
3898 3788 3993 3840 ἀπ’

2411 3878 2615 3933 αὐτῶν.
2650 3879 2795 3945 ’Δρα
2825 3879 2856 3929 ὁ
2887 3879 2985 3945 τῆς
3008 3878 3306 3946 ἐπιδημίας
3358 3876 3453 3930 τοῦ
3498 3878 3863 3945 ιιαρακλήτου
3902 3881 3989 3930 ἐν-

2410 3973 2604 4026 τεῦθεν
2636 3968 2910 4035 ἀξιωθεὶς,
2952 3968 3047 4021 καὶ
3092 3966 3202 4020 τῶν
3261 3965 3491 4034 καρπῶν
3552 3976 3991 4037 κατατρυφηςις

2414 4062 2580 4116 αὐτοῦ
2609 4064 2673 4130 τῇ
2710 4058 2955 4131 γεωργίᾳ
2982 4057 3092 4111 τῶν
3128 4058 3359 4128 ἀρετῶν,
3402 4057 3498 4110 καὶ
3528 4058 3994 4130 καταπλουτήσας

2412 4155 2579 4209 αὑτοῦ
2608 4155 2675 4207 τὰ
2704 4154 2824 4206 θεῖα
2878 4152 3213 4222 χαρίσματα,
3259 4153 3429 4223 χαρᾶς
3473 4151 3727 4221 ἔμπλεως
3764 4152 3864 4217 ὢν,
3902 4156 3997 4208 καὶ

2415 4250 2490 4301 πά
2503 4264 2597 4316 σης
2626 4245 2844 4315 ἀγάπης
2859 4263 2873 4276 ο
2906 4245 3075 4312 φόϐου
3097 4244 3343 4315 δηλονότι
3362 4244 3564 4307 παντὸς
3582 4245 4000 4316 δραπετεύσανς

2412 4356 2525 4400 τος,
2570 4339 2627 4389 ἐν
2664 4338 2808 4407 χαρᾷ
2834 4336 2944 4388 τῶν
2980 4335 3198 4405 δεσμῶν
3237 4333 3331 4387 τοῦ
3364 4334 3618 4403 σώματος
3657 4335 3873 4401 λύεται,
3906 4341 4001 4390 καὶ

2418 4430 2560 4498 μετὰ
2592 4430 2766 4499 χαρᾶς
2798 4429 3027 4499 ἀπαίρει
3074 4427 3183 4479 τῶν
3214 4426 3530 4497 ὁρωμένων,
3560 4419 3636 4479 ὧν
3670 4429 3767 4479 καὶ
3796 4429 4004 4498 περιὼν

744 4518 1042 4572 laetantium
1072 4521 1315 4574 omnium
1347 4520 1616 4576 habitatio
1644 4536 1727 4578 est
1761 4541 1775 4574 :
1810 4539 2121 4594 quanquam
2166 4541 2309 4595 smpe
2345 4556 2361 4609 ι

2415 4522 2516 4591 τῆς
2538 4522 2844 4591 αἰσθήσεως
2877 4519 3152 4590 προελύθη
3174 4533 3191 4549 ⁸
3211 4519 3305 4570 καὶ
3327 4521 3405 4582 είς
3428 4519 3606 4588 χαρὰν
3627 4520 4003 4591 ἀνεκλαὶητον

743 4609 1011 4678 nonnulli,
1029 4611 1084 4666 in
1104 4612 1219 4681 ipsa
1239 4612 1437 4667 vinculi
1462 4613 1734 4671 solutione
1750 4624 1802 4671 et
1828 4632 1997 4673 nexus
2017 4618 2308 4685 recisione,

744 4701 990 4769 corporis
1022 4700 1302 4771 patiuntur
1334 4702 1572 4770 dolores,
1631 4706 1918 4761 mulierum
1970 4707 2144 4763 instar
2167 4723 2310 4778 aegre

745 4792 1182 4862 parturientium.

2418 4613 2731 4668 καταπαύει
2779 4612 2981 4682 φωτὸς.
3040 4610 3169 4665 ἔνθα
3225 4611 3447 4663 πάντων
3480 4611 3932 4681 εὐφραινομένων
3970 4616 4006 4685 ἡ

2420 4705 2710 4758 κατοικία·
2748 4707 2798 4756 εί
2841 4703 3033 4756 καὶτὸ
3075 4702 3235 4771 σῶμα
3281 4700 3543 4765 πολλάκις
3590 4702 3781 4754 ὼὸἶνον
3827 4706 3885 4756 ὲν
3939 4706 4005 4773 τῇ

2422 4797 2574 4850 λύσει
2600 4797 2693 4849 καὶ
2715 4797 2781 4867 τῇ
2801 4796 2942 4864 τομῇ
2967 4797 3064 4865 τῆς
3094 4792 3364 4856 ἑνώσεως,
3385 4791 3444 4845 ἐν
3464 4809 3577 4845 τισι
3608 4794 3834 4865 πάσχει,
3868 4796 4004 4848 κατὰ

2422 4888 2521 4951 τὰς
2549 4887 2844 4949 δυσ-τόκους
2878 4886 2985 4939 τῶν
3020 4885 3317 4953 γυναικῶν.

818 5064 863 5095 ’⁸
901 5062 1076 5120 lCor.
1122 5080 1180 5130 ll,
1216 5064 1303 5119 lO.
1381 5066 1423 5096 '”
1469 5064 1668 5135 Eplies.
1707 5080 1780 5132 ιν,
1826 5064 1909 5119 l5.
1987 5063 2032 5094 ⁸¹
2079 5064 2235 5118 Joau.
2271 5078 2378 5129 XVI,
2418 5062 2507 5117 ‘22.
