4190 6458
1095 412 1610 471 GNOSICORUM
1647 413 1975 473 CAPITUM
2021 415 2409 473 CENTUle
2448 412 2562 472 ΠΙ.

1243 613 1312 618 ν...
1331 613 1408 618 ...-
1430 612 1722 618 .———.-—.
1742 612 1958 619 *-
1997 613 2202 619 .—_.—
2223 614 2300 620 .-

1263 628 1274 632 -
1287 629 1289 631 .
1300 628 1791 636 __.___.—————————————-

1796 612 3202 642 rm

1385 834 1682 950 ΤΟΥ
1739 835 2227 951 ΑΥΤΟΥ

561 1083 884 1166 ΤΡΙΤΗ
965 1086 1602 1172 ΓΝΩΣΤΙΚΩΝ
1678 1085 2327 1173 ΚΕΦΑΛΑΙΩΝ
2403 1089 3057 1175 ΕΚΛΤΟΝΤΑΣ

1185 1293 1368 1345 ΠΕΡΙ
1379 1293 1668 1346 ΑΓΑΠΗΣ
1692 1295 1810 1347 ΚΑΙ
1841 1293 2275 1348 ΤΕΛΕΙΩΣΕΩΣ
2297 1293 2421 1346 BIO
2434 1291 2495 1346 Υ.

1512 1677 2138 1793 EJUSDEM

453 1951 1309 2048 GNOSTICORUM
1405 1957 1928 2046 CAPITUM
2032 1953 2638 2048 CENTURIA
2745 1960 3178 2049 TERTIA

951 2180 1062 2239 DE
1108 2177 1603 2241 CHARITATE
1648 2181 1769 2240 ET
1804 2179 2415 2243 PERFECTIONE
2448 2182 2690 2242 ΥΙΤΑΞ.

271 2538 343 2585 α’.
377 2531 519 2592 Νοῦς
551 2533 766 2602 ἀπαθής
811 2536 959 2585 ἐστιν
997 2538 1024 2586 ό
1056 2537 1209 2600 Θεὸς,
1252 2538 1390 2608 ὑπὲρ
1441 2541 1616 2593 πάντα
1655 2542 1847 2604 νοῦνΑ

1797 2543 1847 2604 Α
1947 2546 1996 2600 l.
2032 2545 2174 2600 Deus
2209 2556 2288 2599 est
2327 2544 2566 2615 Spiritus
2610 2545 2986 2616 itnpassibilis,
3014 2555 3232 2602 omnem
3262 2557 3437 2612 supe-

195 2627 295 2679 καὶ
311 2628 496 2678 πᾶσαν
530 2626 802 2680 ἀπάθειαν
829 2645 840 2657 ·
872 2628 1007 2695 φῶς,
1041 2631 1134 2684 καὶ
1168 2633 1317 2701 πηγὴ
1343 2635 1515 2700 φωτὸς
1537 2635 1744 2702 ἀγαθοῦ
1763 2652 1776 2666 ·

200 2720 387 2785 σοφία,
427 2722 604 2786 λόγος,
643 2721 738 2772 καὶ
785 2722 1015 2787 γνῶσις,
1072 2725 1166 2775 καὶ
1213 2725 1426 2792 σοφίας,
1472 2722 1650 2795 λόγού,
1688 2731 1783 2783 καὶ

198 2810 461 2875 γνώσεως
489 2814 752 2881 χορηγός.
785 2808 879 2875 Οἷς
903 2809 995 2866 οὖν
1034 2814 1190 2885 ἐδόθη
1223 2817 1402 2870 ταῦτα
1441 2820 1505 2871 ἐκ
1545 2822 1782 2889 καθαρό-

197 2919 389 2970 τητος,
442 2903 538 2956 καὶ
582 2905 642 2956 ὲν
682 2900 763 2967 οἷς
816 2905 1202 2971 ἐπιθεωρείται
1237 2907 1530 2973 πλουσίως,
1572 2913 1784 2976 τούτοις

198 2991 485 3046 ἀνασωθὲν
517 2993 611 3047 καὶ
657 2995 718 3047 τὸ
748 2996 871 3047 κατ’
911 2996 1116 3058 εἰκόνα,
1148 2999 1464 3068 τετήρηται,
1517 3001 1594 3064 ὡς
1640 2999 1782 3057 εἰναι

198 3084 407 3148 αὐτοὺς
454 3086 704 3138 ἐντεῦθεν
760 3088 910 3150 υἱοὺς
957 3087 1114 3149 Θεοῦ,
1166 3091 1501 3160 ἀγομένους,
1548 3096 1689 3149 κατὰ
1722 3097 1786 3150 τδ

200 3176 524 3246 εἰρημένον,
583 3178 688 3230 ὑπὸ
717 3178 812 3232 τοῦ
869 3181 1215 3248 Πνεύματος·
1255 3200 1272 3231 ι
1323 3184 1476 3238 Ὅσοι
1511 3188 1782 3259 Πνεύματι

199 3267 340 3319 Θεοῦ
382 3269 628 3336 ἄγονται,
647 3262 794 3322 οὗτοί
829 3273 968 3323 εἰσιν
998 3273 1106 3323 υἰοί
1135 3272 1290 3326 Θεοῦ.
1336 3294 1352 3326 ι

273 3359 343 3429 β’.
393 3363 568 3426 Ὅσοι,
627 3364 815 3425 πόνοις
867 3366 1180 3434 ἀσκήσεως,
1237 3368 1511 3438 καθαροὺς
1555 3373 1783 3437 ἑαυτοὺς

200 3448 613 3519 ἀπειργάσαντο
674 3452 783 3506 ἀπὸ
830 3455 1032 3518 παντὸς
1083 3456 1361 3524 μολυσμοῦ
1426 3462 1628 3530 σαρκὸς
1692 3469 1784 3520 καὶ

207 3541 544 3611 πνεύματος,
595 3544 775 3612 δοχεῖα
809 3549 904 3615 τῆς
953 3547 1223 3601 ἀθανάτου
1265 3552 1520 3616 γεγόνασι
1568 3556 1784 3622 φύσεως

200 3631 288 3685 διὰ
310 3633 422 3685 τῶν
453 3636 809 3705 χαρισμάτων
839 3637 933 3689 τοῦ
958 3638 1292 3707 Πνεύματος.
1324 3643 1384 3694 Oi
1412 3642 1468 3695 δέ
1493 3660 1553 3711 γε
1573 3649 1782 3714 πεφθα-

202 3724 359 3786 κότες
390 3726 468 3788 εἰς
502 3725 682 3789 τοῦτο,
719 3729 897 3794 φωτός
930 3732 1068 3781 εἰσιν
1111 3731 1317 3798 ἀγαθοῦ
1361 3733 1610 3802 ἔμπλεοι,
1634 3739 1691 3803 ἐξ
1721 3733 1783 3791 οὗ

201 3817 448 3884 γαλήνης
479 3819 539 3869 ὲν
569 3819 760 3890 εἰρήνῃ
786 3821 884 3889 τὴν
915 3822 1142 3889 καρδίαν
1189 3822 1577 3894 πληρούμενοι,
1628 3831 1785 3898 ἐρεύ-

201 3923 394 3970 γονται
440 3885 635 3976 λόγους
663 3885 925 3978 άγναθοῦς,
963 3885 1058 3965 καὶ
1105 3917 1137 3981 ἡ
1173 3885 1335 3984 σοφία
1362 3885 1498 3971 Θεοῦ
1547 3885 1784 3990 πηγάζει
1813 3885 1852 3938 Β

200 4000 312 4050 ἀπὸ
344 4001 456 4051 τῶν
480 4002 705 4070 χειλέων
731 4003 936 4069 αὐτῶν,
969 4007 1027 4059 ὲν
1046 4007 1245 4073 γνώσει
1265 4009 1424 4062 θείων
1451 4014 1544 4065 καὶ
1574 4015 1784 4085 ἀνθρω-

202 4091 378 4142 πίνων
409 4095 774 4163 πραγμάτων,
813 4096 906 4148 καὶ
940 4098 967 4148 ὁ
1002 4097 1158 4166 λόγος
1188 4101 1369 4153 αὐτῶν
1395 4102 1684 4171 ἀθόλωτος,
1719 4108 1786 4162 τὰ

203 4179 347 4249 βάθη
364 4181 458 4233 τοῦ
481 4183 616 4234 Πνεύ
626 4202 792 4253 ματος
818 4186 1014 4255 ἐξηγοῦ
1024 4204 1202 4256 μενος.
1224 4189 1379 4242 Κατὰ
1400 4191 1508 4245 τῶν
1529 4196 1786 4251 τοιούτων

199 4271 302 4322 οὐκ
332 4272 452 4324 ἔστι
502 4273 687 4340 νόμος,
739 4276 887 4340 ἅπαξ
921 4277 1232 4332 ἑνωθέντων
1264 4281 1344 4350 τῷ
1379 4281 1519 4353 Θεῷ,
1551 4288 1643 4339 καί
1684 4290 1784 4360 τὴν

203 4363 381 4432 καλὴν
413 4363 817 4419 άλλοιωθέντων
844 4368 1154 4424 ἀλλοίωσιν.

272 4461 342 4520 γ’.
391 4455 450 4507 '0
470 4458 536 4526 τῇ
567 4457 792 4530 ἐκθύμῳ
822 4462 1025 4533 σπουδῇ
1057 4463 1193 4533 πρὸς
1214 4466 1275 4518 τὸ
1297 4467 1458 4520 Θεῖον
1484 4469 1784 4525 ἀπευθυνόε

206 4562 372 4614 μενος
413 4547 694 4618 ἐμπόνως,
755 4551 1098 4623 ἀπόμοργμα
1149 4556 1246 4626 τῆς
1297 4559 1504 4624 εἰκόνος
1549 4561 1780 4631 ἐκείνου,

201 4642 325 4703 ταῖς
361 4641 608 4709 ἀρεταῖς,
638 4644 739 4715 τῆς
777 4645 955 4714 ψυχῆς
996 4647 1092 4700 καὶ
1120 4649 1215 4702 τοῦ
1242 4649 1498 4721 σώματος
1536 4655 1778 4723 γίνεται·

203 4733 369 4796 αὐτὸς
396 4733 494 4802 μὲν
526 4735 584 4786 ὲν
611 4735 688 4805 τῷ
714 4736 854 4805 Θεῷ,
886 4739 914 4790 ὁ
940 4739 995 4791 δὲ
1026 4739 1159 4803 Θεὸς
1188 4743 1246 4793 ἐν
1267 4743 1417 4813 αὐτῷ
1439 4747 1788 4818 ἀναπαυόμε-

201 4839 297 4885 νος
328 4825 473 4876 κατὰ
514 4825 843 4897 ἁνάκρασιν,
879 4830 953 4891 ὡς
993 4826 1130 4885 εἶναι
1161 4833 1254 4886 καί
1285 4835 1571 4903 φαίνεσθαι
1622 4841 1784 4893 αὐτὸν

205 4913 311 4981 μὲν
345 4911 626 4980 ἐντεῦθεν,
685 4919 869 4971 εἰκόνα
901 4920 1000 4988 τῆς
1051 4922 1201 4984 θείας
1265 4927 1692 4998 μακαριότητος,
1727 4933 1785 4984 ὲν

201 5005 283 5077 τῷ
314 5006 536 5077 πλούτῳ
589 5008 700 5060 τῶν
747 5013 1108 5081 χαρισμάτων
1149 5015 1244 5068 τοῦ
1300 5017 1636 5087 Πνεύματοτ,
1692 5025 1786 5076 καὶ

206 5099 364 5152 θέσει
395 5099 531 5153 Θεὸν
555 5143 570 5167 ,
609 5100 744 5155 Θεὸν
769 5103 826 5156 δὲ
876 5104 1210 5176 τελετάρχην
1243 5111 1339 5178 τῆς
1373 5110 1539 5164 αὑτοῦ
1583 5115 1785 5167 teis-.6-

204 5213 390 5266 τητος.

1882 2656 2012 2696 rans
2043 2642 2296 2711 Spiritum
2324 2656 2652 2709 omnemque
2677 2642 3168 2708 impassihilitatem
3194 2656 3207 2703 ;
3235 2638 3442 2701 lumen,

1881 2739 1934 2783 et
1967 2731 2090 2784 fons
2122 2732 2274 2785 bona:
2304 2731 2484 2792 lucis;
2517 2731 2807 2800 sapientia,
2844 2732 2986 2783 ratio
3013 2745 3073 2782 ac
3106 2728 3360 2789 scientia,
3391 2735 3447 2781 et

1882 2823 2186 2890 sapientia,
2219 2822 2450 2876 rationis
2495 2836 2559 2876 ac
2593 2822 2838 2876 scientiae
2871 2820 3001 2876 dux.
3033 2819 3245 2885 Quibus
3281 2819 3448 2886 igitur

1883 2914 1998 2968 haec
2042 2922 2264 2983 pr0pter
2317 2915 2609 2983 puritatem
2661 2914 2784 2968 data
2831 2922 2978 2976 snnt,
3029 2923 3081 2966 el
3139 2913 3191 2964 in
3242 2910 3446 2979 quibus

1882 3007 2227 3060 abundanter
2284 3007 2660 3074 reperiuntur,
2717 3007 2826 3059 illis
2874 3006 3092 3059 cmlitns
3135 3009 3448 3057 asservatur

1881 3096 2188 3151 similitudo
2224 3095 2503 3166 imaginis,
2540 3095 2615 3149 ita
2668 3105 2726 3149 ut
2770 3095 2882 3149 sint
2931 3094 3131 3148 abhinc
3181 3091 3278 3145 lilii
3325 3090 3441 3155 Dei,

1880 3191 1988 3243 acti
2047 3190 2253 3258 Spiritu
2289 3197 2503 3252 sancto,
2546 3189 2701 3257 juxta
2742 3188 3004 3242 eﬂ‘atnm:
3067 3205 3084 3236 ι
3115 3185 3445 3253 Quicunque

1885 3282 2093 3352 Spiritu
2136 3283 2224 3335 Dei
2257 3291 2519 3347 aguntur,
2550 3280 2587 3333 ii
2620 3289 2751 3334 sunt
2781 3280 2875 3332 lilii
2913 3278 3090 3332 Dei”.
3124 3295 3142 3328 ι

1951 3375 2006 3427 2.
2027 3373 2344 3441 Quicunque
2365 3371 2638 3424 laboribus
2656 3371 2863 3426 ascesis
2883 3370 3094 3435 seipsos
3117 3365 3447 3422 mundat-unt

1881 3468 1947 3522 ab
1963 3467 2108 3522 omni
2125 3465 2242 3519 labe
2255 3462 2434 3519 carnis
2446 3474 2498 3518 et
2517 3460 3106 3529 spiritus,rcceptacnla
3127 3455 3447 3511 immortalis

1881 3570 2089 3615 naturae
2121 3557 2244 3612 facti
2270 3567 2391 3610 sunt
2414 3571 2507 3624 per
2523 3556 2759 3622 Spiritus
2775 3553 2950 3607 sancti
2968 3551 3323 3605 charismata.
3341 3545 3445 3611 Qui

1880 3658 2063 3704 autem
2085 3649 2187 3701 huc
2201 3643 2732 3714 pervcnerunt,pleni
2750 3650 2880 3696 sunt
2899 3640 3100 3693 lumine
3114 3652 3173 3692 sa
3187 3634 3450 3700 cro,undc

1882 3755 2078 3797 sereno
2105 3754 2171 3794 ac
2197 3752 2328 3807 pace
2357 3737 2598 3805 ipsorum
2623 3749 2722 3787 cor
2754 3732 3020 3801 repletum
3048 3736 3265 3783 eructat
3285 3725 3448 3780 verba

1884 3833 2048 3896 bona,
2097 3840 2152 3884 et
2201 3829 2469 3896 sapientia
2525 3827 2618 3880 Dei
2665 3825 2782 3878 ﬂuit
2837 3838 2866 3875 a
2913 3821 3075 3874 labiis
3126 3832 3338 3880 eorum,
3394 3815 3447 3866 in

1883 3924 2113 3978 scientia
2155 3920 2468 3973 divinarum
2503 3919 2987 3982 humanarumque
3015 3927 3222 3973 rerum,
3263 3923 3315 3963 et
3344 3910 3447 3961 lin-

1885 4030 1989 4085 gua
2018 4029 2210 4066 eorum
2243 4026 2378 4081 pura
2414 4018 2603 4063 narrat
2640 4006 2911 4076 profunda
2965 4004 3208 4072 Spiritus
3241 4001 3446 4055 sancti.

1885 4105 2170 4160 Adversus
2223 4100 2546 4171 hnjusmodi
2585 4114 2692 4154 non
2737 4108 2820 4153 est
2873 4099 2980 4158 lex.
3010 4096 3102 4148 ubi
3139 4095 3304 4150 semel
3342 4091 3452 4145 Deo

1887 4196 2024 4251 uniti
2055 4204 2190 4250 sunt
2224 4206 2277 4248 et
2305 4193 2532 4264 pulchra
2567 4191 2880 4246 mutatione
2915 4188 3136 4242 mutati.

1960 4471 2013 4523 5.
2042 4468 2142 4533 Qui
2173 4468 2414 4538 diligenti
2440 4483 2571 4523 cura
2602 4468 2671 4522 ad
2716 4443 2880 4521 Deum
2926 4467 3198 4521 laboriose
3250 4467 3445 4530 tendit,

1890 4560 2202 4616 similitudo
2256 4561 2512 4627 imaginis
2563 4560 2683 4629 ejus
2734 4559 2793 4610 lit
2844 4558 3141 4611 virtutibus
3173 4558 3367 4611 animae
3399 4567 3451 4611 et

1884 4652 2161 4719 corporis.
2194 4650 2312 4718 ipse
2348 4664 2542 4718 nempe
2573 4650 2626 4702 in
2655 4647 2766 4702 Deo
2789 4657 2842 4702 et
2869 4646 3010 4702 Dens
3037 4649 3090 4700 in
3124 4649 3240 4715 ipso
3269 4656 3454 4701 manet

1885 4758 1981 4811 per
2012 4743 2235 4795 modum
2264 4740 2696 4805 commistionis,
2726 4740 2800 4793 ita
2824 4749 2884 4793 ut
2913 4740 3005 4794 ille
3031 4739 3101 4793 sit
3126 4748 3177 4792 et
3199 4739 3450 4792 videatur

1885 4836 2083 4890 exinde
2121 4837 2302 4904 imago
2332 4834 2532 4890 divina:
2581 4831 2957 4894 beatitudinis,
3007 4831 3170 4885 donis
3210 4829 3449 4898 Spiritus

1889 4929 2064 4987 dives.
2119 4937 2172 4980 et
2217 4927 2392 4997 gratia
2438 4924 2603 4989 Deus,
2659 4923 2802 4979 Deus
2857 4932 3039 4978 autem
3099 4923 3453 4991 perlectionis

1884 5019 2002 5089 ejns
2035 5020 2104 5072 sit
2131 5028 2342 5072 auctor.

275 5290 338 5342 δ’.
375 5291 491 5344 Οὐκ
536 5295 599 5345 ὲκ
625 5293 724 5360 τῆς
754 5292 1054 5364 ὀργανικῆς
1101 5296 1193 5348 τοῦ
1254 5298 1504 5367 σώματος
1558 5267 1847 5365 θέσεως,Ο

1803 5267 1847 5326 C
1954 5283 2006 5335 4.
2043 5278 2160 5331 Non
2197 5292 2294 5347 per
2326 5274 2644 5344 organicam
2673 5273 2925 5342 corporis
2971 5271 3450 5336 constitutionem,

204 5383 400 5453 ἀγνοίᾳ
450 5385 752 5456 φερόμενος
808 5387 952 5439 είποι
993 5406 1095 5451 τις,
1129 5389 1251 5440 κατ’
1301 5390 1482 5442 εἰκόνα
1516 5389 1653 5443 Θεοῦ
1693 5392 1784 5443 τὸν

203 5475 517 5545 ἄνθρωπον,
554 5478 674 5530 ἀλλ’
705 5481 770 5532 ὲκ
805 5479 903 5548 τῆς
938 5481 1128 5549 νοερᾶς
1165 5481 1375 5548 φύσεως
1407 5480 1504 5533 τοῦ
1532 5483 1650 5546 νοὸς
1685 5486 1784 5554 τῆς

207 5568 282 5637 μὴ
316 5570 808 5639 περιγραφομένης
839 5571 944 5623 ὑπὸ
983 5570 1077 5623 τοῦ
1111 5572 1388 5642 βρίθοντος
1414 5573 1562 5627 κάτω
1597 5576 1782 5645 σώμα-

205 5676 314 5720 τος.
355 5660 569 5729 Ὠσπερ
614 5661 723 5732 γὰρ
757 5664 789 5730 ἡ
833 5663 952 5716 θεία
999 5665 1159 5732 φύσις
1191 5665 1296 5729 ἔξω
1343 5667 1521 5736 πάσης
1556 5671 1782 5739 κτίσεως

276 5829 322 5859 ⁸³
361 5828 514 5883 Rom.
571 5847 684 5892 Vili,
740 5833 822 5884 ιι.

1892 5375 2036 5430 sicut
2063 5371 2273 5424 diceret
2320 5367 2517 5436 aliquis
2550 5366 2855 5434 ignorantia
2886 5363 3108 5428 ductus,
3160 5364 3325 5416 homo
3367 5375 3453 5417 est

1887 5470 2066 5536 imago
2101 5465 2217 5528 Dci,
2266 5461 2360 5517 sed
2393 5474 2489 5530 per
2520 5457 2942 5513 intellectualem
2997 5456 3163 5510 animi
3201 5467 3450 5510 naturam

1883 5576 2005 5631 qum
2039 5574 2147 5612 non
2183 5550 2664 5612 circumscribitur
2697 5563 2928 5617 COrpnre
2974 5548 3038 5600 ad
3096 5546 3276 5600 infima
3333 5561 3453 5600 ver-

1890 5662 2070 5720 gente.
2109 5649 2265 5704 Sicut
2324 5646 2470 5700 enim
2517 5649 2706 5698 natura
2753 5639 2958 5694 divina.
3007 5652 3124 5706 qua:
3163 5650 3247 5694 cat
3298 5647 3450 5693 extra
