4190 6458
196 421 300 484 957

1039 424 1599 507 GNOSTICOHUM.
1636 420 1975 482 CAPITUM
2006 422 2399 484 CENTURIA
2438 424 2561 485 III.

3334 424 3435 489 95%

206 566 347 617 μενα
372 548 440 618 τῇ
475 546 665 600 εἰκόνι.
706 544 884 597 Εξκὼν
919 543 1026 613 γὰρ
1056 542 1214 604 Θεοῦ,
1246 543 1391 613 ψυχὴ
1423 546 1604 613 νοερὰ,
1632 543 1776 608 νοῦς,

1881 547 2199 593 cernuntur.
2226 537 2406 607 lmago
2429 539 2575 593 enim
2604 538 2697 593 Dei
2721 545 2806 593 est
2828 537 3010 593 anima
3034 538 3436 600 intellectualis,

200 644 300 694 καὶ
333 642 514 708 λόγος,
540 641 573 708 ἡ
605 638 705 709 μία
752 638 846 688 καὶ
880 635 1186 704 ἀδιαίρετος
1214 636 1405 703 φύσις·
1442 636 1510 688 τὰ
1552 635 1775 688 ἐπιθεωο

198 734 447 805 ρο-ἆμενα
479 732 536 784 δὲ
570 734 635 800 τῇ
678 728 869 791 εἰκόνι,
916 726 978 778 τὸ
1006 726 1234 796 ἀρχικόν
1264 728 1401 789 ἐστι,
1442 727 1536 777 καὶ
1570 724 1779 795 βασιλι-

198 825 319 889 κδν,
376 825 469 877 καὶ
513 820 883 884 αὐτεξούσιον.
938 817 1097 872 Οὕτω
1149 819 1244 871 καὶ
1297 817 1424 883 δόξα
1456 816 1585 871 ἄλλο
1635 817 1773 882 νοὸς,

197 918 333 971 ἄλλο
379 917 434 969 δὲ
467 914 615 978 ἀξία,
646 913 741 966 καὶ
773 913 961 983 ἕτερον
988 911 1051 963 τδ
1089 911 1211 964 κατ’
1264 910 1448 964 εἰκόνα
1492 908 1650 973 Θεοῦ,
1682 910 1779 965 καὶ

199 1011 333 1065 ἄλλο
352 1010 413 1062 τὸ
439 1007 562 1061 καθ’
596 1006 889 1077 ὁμοίωσιν
946 1005 1042 1058 καὶ
1082 1002 1211 1067 δόξα
1245 1002 1343 1072 μὶν
1385 1002 1528 1067 νοὸς,
1557 1002 1619 1055 τὺ
1640 1002 1779 1056 ἀνω·

197 1100 395 1170 φερὲς,
428 1099 491 1150 τδ
520 1098 833 1165 ἀεικίνητον
864 1095 1001 1165 πρὸς
1023 1094 1095 1147 τὰ
1125 1094 1259 1157 ἄνω,
1292 1092 1352 1145 τὸ
1376 1092 1494 1156 ὀξὺ,
1522 1093 1584 1144 τὸ
1610 1090 1776 1147 καθα·

202 1195 325 1261 ρον,
362 1191 422 1245 τὸ
453 1190 696 1253 συνετὸν,
731 1188 794 1240 τὸ
819 1188 1004 1254 σοφὸν,
1029 1185 1092 1238 τὸ
1121 1185 1390 1239 ἀθάνατον
1410 1197 1425 1211 ⁸
1458 1185 1586 1251 ἀξία
1606 1185 1683 1249 δὲ,
1716 1184 1779 1237 τὸ

200 1282 445 1352 Λογικὸν,
474 1280 535 1333 τὸ
562 1279 866 1348 βασιλικὸν,
898 1278 959 1330 τὸ
1001 1277 1228 1348 ἀρχικόν
1257 1294 1339 1340 τε,
1380 1276 1476 1329 καί
1522 1274 1780 1343 αὐτεξού-

203 1390 346 1426 σιον.
385 1372 459 1423 Τὸ
479 1372 535 1424 δὲ
557 1369 681 1423 κατ’
713 1370 899 1422 εἰκόνα
927 1367 1085 1431 Θεοῦ,
1109 1367 1169 1420 τὸ
1190 1366 1319 1436 περὶ
1344 1364 1443 1437 τὴν
1466 1365 1662 1435 ψυχὴν,
1687 1364 1780 1418 καὶ

199 1465 294 1517 τὸν
316 1462 463 1528 νοῦν,
489 1465 583 1515 καὶ
614 1463 707 1515 τὸν
732 1461 908 1530 λόγον,
945 1459 1349 1513 αῦθυπόστατόν
1378 1476 1439 1511 τε
1468 1459 1565 1512 καὶ
1586 1456 1778 1527 όμοού-

201 1572 342 1619 σιον,
380 1553 687 1624 ἀδιαίρετόν
721 1571 780 1605 τε
811 1554 904 1606 καὶ
942 1551 1275 1622 ἀχώριστον·
1311 1550 1413 1621 τῆς
1444 1552 1553 1623 γὰρ
1598 1550 1780 1620 ψυχῆς

201 1647 357 1698 ἐστιν
384 1647 413 1699 ὁ
444 1647 589 1708 νοῦς,
622 1644 718 1697 καὶ
750 1646 777 1698 ὁ
808 1644 965 1711 λόγος
1005 1644 1105 1712 τῆς
1150 1642 1469 1712 ἀσωμάτου,
1504 1642 1601 1696 καὶ
1643 1641 1778 1696 ἀθα-

200 1740 393 1803 νάτου,
427 1738 522 1791 καὶ
570 1738 739 1801 θείας,
780 1737 875 1791 καὶ
913 1737 1128 1805 νοερᾶς,
1166 1735 1324 1790 ἂτινα
1376 1733 1469 1787 καὶ
1514 1732 1779 1803 ὀμοούσιά

200 1821 338 1881 εἰσι,
366 1820 461 1872 καὶ
516 1819 785 1886 συναῖεια,
826 1820 904 1891 μὴ
950 1823 1263 1893 τεμνόμενά
1301 1838 1431 1877 ποτε
1485 1825 1721 1893 ἑαυτῶν,
1748 1825 1783 1897 ἢ

196 1910 542 1982 χωρισθῆναι
572 1914 877 1983 δυνάμεναο
918 1912 979 1965 τὸ
1006 1913 1062 1966 δὲ
1090 1913 1214 1967 καθ’
1236 1915 1500 1985 ὁμοίωσίν
1545 1919 1684 1983 ἔστι,
1723 1919 1785 1973 τδ

195 2004 435 2068 δίκαιον,
467 2004 530 2058 τὸ
580 2007 799 2077 ἀληθὲς,
835 2006 897 2060 τὺ
930 2005 1339 2076 εῦσπλαγχνον,
1393 2008 1455 2062 τὸ
1499 2010 1784 2079 συμπαθὲς

198 2098 296 2149 καὶ
324 2096 709 2168 φιλάνθρωπον
731 2115 743 2127 ·
784 2102 844 2152 ὲν
874 2094 957 2157 οἷς
991 2097 1084 2152 οὖν
1128 2098 1303 2152 ταῦτα
1330 2100 1637 2171 ἐνεργεῖται
1686 2102 1784 2158 καὶ

196 2189 559 2255 φυλάττεται,
593 2192 652 2243 ὲν
700 2192 931 2253 ἐκείνοις
962 2191 1160 2262 ὁρᾶται
1186 2191 1401 2261 τρανῶς
1444 2192 1540 2246 καί
1562 2193 1625 2247 τὸ
1658 2196 1782 2249 κατ’

197 2283 388 2336 εἰκόνα
420 2283 514 2337 καὶ
540 2282 665 2336 καθ’
707 2283 999 2353 ὁμοίωσιν’
1053 2283 1194 2335 κατὰ
1236 2281 1398 2352 φύσιν
1434 2283 1534 2353 μὲν
1577 2284 1778 2357 δηλαδὴ

196 2378 574 2447 κινουμένοις,
621 2375 764 2430 κατὰ
811 2375 869 2428 δὲ
920 2374 1080 2441 ἀξίαν
1145 2374 1255 2430 τῶν
1293 2374 1468 2429 ἄλλων
1523 2377 1779 2449 ὑπερκει-

197 2467 408 2537 μένοις.

275 2734 345 2788 θ’.
383 2734 499 2804 Τῆς
526 2734 755 2804 λογικῆς
783 2734 961 2805 ψυχῆς
989 2734 1070 2798 εἰς
1107 2734 1230 2805 τρία
1266 2731 1654 2804 μεριζομένης,
1692 2734 1789 2787 καὶ

200 2829 285 2892 εἰς
318 2826 433 2881 δύω
457 2826 867 2898 θεωρουμένης.
902 2828 976 2881 Τὸ
1027 2828 1125 2897 μὲν
1174 2827 1284 2898 γὰρ
1337 2826 1528 2895 αὐτῆς,
1570 2825 1789 2894 λογικόν

200 2922 348 2980 ἐστι,
378 2920 439 2972 τὸ
459 2920 515 2973 δὲ
534 2920 859 2991 παθητικόνο
886 2922 981 2974 καὶ
1001 2920 1061 2973 τὸ
1093 2920 1195 2989 μὲν
1223 2919 1443 2988 λογικὸν
1473 2916 1643 2989 αὐτῆς
1664 2917 1786 2971 κατ’

197 3012 394 3065 εἰκόνα
406 3011 501 3064 τοῦ
515 3011 811 3075 κτίσαντος
838 3012 1005 3082 αὐτὴν
1025 3012 1107 3073 ὃν,
1125 3011 1350 3082 ἄσχετόν
1370 3012 1485 3064 ἐστι
1508 3010 1604 3064 καὶ
1622 3010 1788 3080 ἀόρα-

198 3120 316 3165 τον,
343 3102 438 3153 καὶ
469 3102 721 3172 ἀόριστον
740 3104 859 3163 ταῖς
880 3102 1225 3171 αἰσθήσεσιν,
1249 3102 1324 3164 ὡς
1343 3100 1499 3162 ἐκτὸς
1521 3100 1619 3153 καὶ
1637 3097 1787 3161 ἐντὸς

207 3194 461 3263 ὑπάρχον
495 3193 677 3245 αὐτῶν
698 3210 712 3223 ο
746 3195 923 3264 τούτῳ
961 3192 1405 3261 συγκοινωνοῦσα
1427 3194 1546 3255 ταῖς
1574 3192 1785 3261 νοεραϊς
1808 3205 1850 3262 c
1883 3215 1966 3259 ιη
1998 3208 2254 3274 inn-aque
2288 3206 2390 3260 hos
2440 3214 2653 3259 νεηειη

201 3286 297 3338 καὶ
355 3284 533 3347 θείαις
575 3285 866 3355 δυνάμεσι,
914 3285 1057 3338 κατὰ
1111 3283 1273 3355 φύσιν
1313 3286 1397 3348 εἰς
1431 3284 1566 3337 Θεὸν
1595 3283 1671 3346 ὡς
1705 3283 1787 3346 εἰς

200 3374 568 3445 πρωτότυπον
594 3375 682 3429 διὰ
710 3376 811 3447 τῆς
840 3377 993 3448 ἱερᾶς
1022 3375 1278 3445 γνώσεως
1316 3375 1424 3430 τῶν
1454 3373 1628 3430 ὄντων
1650 3375 1785 3430 ἁνα-

198 3467 410 3538 τρέχει,
450 3470 547 3520 καὶ
597 3467 700 3538 τῆς
740 3467 896 3533 θείας
928 3468 1093 3521 αὐτοῦ
1124 3470 1182 3522 ὲν
1233 3466 1534 3523 ἀπολαύσει
1576 3466 1788 3537 γίνεται

201 3558 459 3627 φύσεως-
498 3559 561 3612 τὸ
605 3558 661 3612 δὲ
701 3559 1007 3628 παθητικὸν
1039 3557 1212 3628 αὐτῆς
1254 3557 1788 3628 κατακερματίζιται

197 3649 323 3710 ταῖς
349 3646 661 3716 αἰσθήσεσι,
696 3647 900 3702 πάθεσι
943 3648 1045 3702 καὶ
1096 3648 1347 3703 ἀνέσεσιν
1390 3648 1783 3719 ὑποκείμενον⁹

198 3738 378 3807 τούτῳ
411 3740 479 3807 τῇ
528 3737 820 3811 αἰσθητικῇ
849 3780 863 3806 ,
915 3738 1189 3810 θρεπτικῇ
1253 3757 1337 3805 τε,
1388 3740 1484 3794 καί
1516 3740 1783 3812 αῦξητικῇ

200 3828 646 3895 συγκοινωνοῦσα
671 3828 857 3898 φύσει,
881 3831 1045 3901 ἀέρος
1075 3830 1556 3901 ἀντιλαμϐάνεται,
1581 3830 1789 3900 ψυχρόσ

195 3920 364 3989 τητός
401 3935 462 3972 τε
489 3920 582 3973 καὶ
614 3919 886 3990 θάλψεως,
910 3922 1008 3973 καὶ
1035 3920 1254 3990 τροφῶν
1279 3921 1359 3984 εἰς
1389 3920 1675 3993 διαμονὴν,
1706 3922 1788 3984 εἰς

198 4010 371 4080 ζωὴν,
413 4009 665 4083 αὔξησιν,
701 4014 794 4066 καὶ
827 4012 1037 4082 ὑγείαν.
1078 4013 1171 4066 Διὸ
1210 4014 1304 4066 καὶ
1345 4018 1557 4076 τούτοις
1589 4014 1785 4066 συναλ-

196 4103 545 4173 λοιοῦμενον,
585 4105 716 4158 ποτὲ
750 4106 849 4175 μὲν
891 4105 1153 4176 ἐπιθυμεῖ
1203 4106 1432 4174 ἀλόγους
1489 4105 1786 4176 ἐπιθυμίας

196 4196 301 4263 τῆς
363 4197 507 4249 κατὰ
561 4197 727 4267 φύσιν
780 4200 1049 4268 κινήσεως
1108 4197 1504 4268 παρακινηθὲν,
1562 4199 1695 4252 ποτὶ
1726 4198 1784 4252 δὲ

200 4288 597 4355 παροξύνεται,
630 4292 723 4342 καὶ
775 4290 955 4360 ἀλόγῳ
983 4290 1143 4360 θυμῷ
1189 4293 1435 4360 φέρεται,
1475 4292 1667 4361 πεινᾷν
1722 4307 1785 4343 τι

202 4384 352 4433 ποιεῖ
396 4383 491 4433 καὶ
519 4382 699 4452 διψᾷν,
730 4382 1047 4445 λυπεῖσθαι,
1085 4387 1292 4445 πονεῖν,
1326 4385 1421 4437 xal
1481 4384 1643 4435 πᾶλιν
1672 4383 1784 4437 δια-

200 4472 451 4541 χέεσθαι,
511 4475 587 4537 ὡς
620 4478 739 4538 ταῖς
780 4475 998 4528 ἀνέσεσι
1037 4477 1135 4546 μὲν
1179 4477 1525 4547 ὲνηδὸμενον,
1559 4478 1678 4540 ταῖς
1726 4476 1783 4529 δὲ

199 4564 423 4633 θλίψεσι
480 4566 951 4635 συστελλόμενον·
1015 4545 1047 4619 δέ
1099 4570 1193 4621 καὶ
1256 4545 1559 4637 παθητικὸν
1616 4545 1853 4641 μέροςθ

200 4657 377 4727 αὐτῆς
423 4658 651 4722 εἰκότως
715 4661 979 4726 καλεῖται,
1037 4662 1111 4725 ὡς
1148 4662 1538 4734 ἐξεταζόμενον
1568 4665 1627 4715 ἐν
1668 4667 1781 4728 τοῖς

201 4750 467 4803 πάθεσιν.
497 4751 671 4804 Ὅταν
702 4750 797 4805 οὖν
844 4754 904 4806 τὸ
943 4753 1135 4824 θνητὸν
1161 4756 1320 4810 τοῦτο
1356 4756 1640 4828 καταποθῇ
1676 4757 1783 4810 ὑπὸ

197 4840 300 4909 τῆς
320 4839 415 4892 τοῦ
448 4841 609 4909 λόγου
646 4840 814 4913 ζωῆς,
867 4844 963 4897 τοῦ
1005 4845 1312 4915 κρείττονος
1368 4848 1778 4919 ἐκνικήσαντος,

197 4934 323 4986 τότε
353 4936 446 4986 καὶ
477 4935 510 5005 ἡ
544 4935 660 5006 ζωὴ
693 4936 787 4990 τοῦ
829 4937 1006 5007 Ἰησοῦ
1036 4939 1096 4991 ὲν
1133 4942 1197 5010 τῇ
1236 4938 1403 5012 θνητῇ
1453 4942 1778 5013 ςανεροῦται

202 5023 372 5092 σῖρκί
417 5024 599 5093 ἡμῶν,
639 5026 738 5096 τὴν
793 5026 1057 5091 ζωοποιδν
1109 5028 1376 5099 νέκρωσιν
1406 5032 1463 5083 ὲν
1493 5034 1625 5102 ἡμῖν
1675 5034 1775 5102 ὲμ-

199 5114 437 5167 ποιοῦσα
490 5114 590 5187 τῆς
656 5117 950 5182 ἀπαθείας,
1022 5121 1115 5173 καὶ
1172 5121 1270 5191 τὴν
1317 5122 1626 5194 ἀφθαρσίαν
1678 5126 1776 5195 τῆς

199 5206 504 5271 ἀθανασίας
556 5210 892 5282 παρέχουσα,
941 5212 998 5265 ἐν
1045 5213 1110 5283 τῇ
1147 5212 1416 5285 ἐπιδημίᾳ
1448 5215 1544 5269 τοῦ
1600 5217 1775 5270 ἰινεύ-

203 5316 396 5368 ματος.

274 5390 327 5444 ι’.
365 5393 579 5462 Ὠσπερ
632 5397 659 5446 ὁ
687 5395 1015 5468 δημιουργὸς
1050 5398 1144 5452 τοῦ
1180 5400 1384 5463 παντὸς
1424 5400 1516 5452 καὶ
1548 5401 1773 5471 προτοῦ,

199 5484 266 5535 τὰ
298 5484 472 5536 πάντα
501 5484 559 5549 ἐξ
606 5486 703 5537 οῦκ
754 5486 924 5539 ὄντων
978 5492 1232 5559 ποιήσας,
1286 5493 1387 5560 τὴν
1424 5490 1645 5559 γνῶσιν,
1676 5492 1774 5556 τὰς

202 5576 418 5642 φυσεις,
455 5576 549 5627 καί
573 5577 699 5639 τοῦς
745 5577 940 5646 λόγους
972 5583 1190 5634 πάντων
1242 5582 1348 5634 τῶν
1386 5583 1556 5635 ὄντων
1605 5578 1771 5653 εἶχεν,

200 5667 272 5720 ὡς
308 5666 562 5733 βασιλεὺς
589 5666 698 5720 τῶν
714 5670 948 5735 αἰώνων,
976 5674 1070 5725 καὶ
1105 5672 1459 5743 προγνώστης
1482 5677 1540 5727 ὲν
1569 5676 1768 5745 ἑαυτῷ·

200 5758 465 5812 οὕτωκαὶ
502 5760 592 5811 τὸν
626 5763 749 5814 κατ’
782 5764 966 5816 εἰκόνα
1013 5766 1177 5817 αὐτοῦ
1217 5766 1521 5820 πλασθέντα
1569 5770 1649 5829 εἰς
1678 5767 1770 5837 βα-

205 5849 357 5901 σιλέα
392 5850 486 5915 τῆς
528 5853 757 5917 missio;
785 5854 1096 5925 ἄνθρωπον.
1131 5857 1346 5911 πάντων
1377 5858 1520 5930 ἔχειν
1550 5860 1772 5931 ἐποίησε

1874 630 2186 685 intellectus
2217 642 2268 685 et
2300 632 2466 694 ratio,
2500 631 2716 685 unicam
2752 639 2805 684 ct
2836 630 3171 685 individuam
3199 631 3439 684 efﬁcien-

1873 728 1957 776 tes
1984 731 2268 791 naturam;
2305 738 2427 793 qua)
2461 738 2589 777 vero
2615 724 2669 776 in
2702 723 2937 791 imagine
2965 731 3285 783 cernuntur,
3313 734 3439 779 Sunt

1874 814 2239 885 principatus,
2280 818 2426 886 regia
2465 815 2745 883 maiestas,
2773 824 2827 868 et
2860 814 3086 869 liberum
3124 816 3436 869 arbitrium.

1882 904 1974 960 Sic
1996 907 2161 960 etiam
2203 908 2350 961 aliud
2384 906 2554 976 gloria
2582 905 2917 970 intellectus,
2972 906 3120 959 aliud
3175 907 3439 976 dignitas,

1874 1002 1929 1051 et
1962 995 2159 1051 iterum
2197 996 2344 1049 aliud
2376 996 2521 1064 quod
2546 1003 2631 1049 est
2659 995 2725 1049 ad
2758 995 3071 1062 imaginem,
3103 995 3251 1048 aliud
3288 995 3440 1064 quod

1876 1088 2053 1144 estad
2092 1087 2535 1143 similitudinem.
2578 1087 2763 1142 Gloria
2807 1087 3118 1142 intellectus
3152 1095 3237 1141 est
3288 1088 3444 1142 nisus

1880 1181 1947 1235 ad
1998 1197 2244 1244 sursum,
2297 1181 2594 1235 continuus
2622 1184 2685 1234 ad
2723 1183 2831 1235 alta
2883 1191 3086 1243 motus,
3141 1181 3442 1248 subtilitas,

1880 1274 2115 1343 puritas,
2174 1273 2619 1343 comprehensio,
2681 1274 2977 1343 sapientia,
3021 1272 3443 1338 immortalitas;

1876 1366 2118 1435 dignitas
2161 1379 2309 1429 vero,
2362 1366 2445 1420 vis
2499 1365 2897 1427 ratiocinandi,
2953 1365 3100 1433 regia
3152 1365 3437 1433 majestas,

1877 1460 2217 1531 principatus
2263 1466 2318 1513 et
2373 1458 2606 1513 liberum
2663 1458 2969 1512 arbitrium.
3031 1458 3185 1525 Quod
3230 1468 3313 1513 est
3374 1458 3440 1511 ad

1877 1550 2166 1619 imaginem
2224 1548 2314 1603 Dei
2367 1548 2569 1605 habere
2646 1548 2927 1612 animam,
2988 1550 3324 1605 intellectum
3386 1561 3439 1601 et

1877 1644 2145 1700 rationem
2183 1657 2282 1713 per
2314 1657 2372 1697 se
2396 1643 2776 1709 subsistentes,
2811 1642 3331 1705 consubstantiales,
3358 1643 3442 1698 in-

1876 1734 2182 1790 dirisibiles
2224 1743 2277 1788 et
2322 1734 2723 1802 inseparabiles
2755 1750 2769 1787 :
2801 1748 3036 1803 namque
3089 1733 3154 1786 ad
3191 1733 3449 1801 incorpo-

1878 1841 2073 1891 ream,
2139 1824 2537 1890 immortalem,
2599 1825 2838 1879 divinam
2904 1833 2957 1879 et
3022 1822 3447 1879 intellectualem

1879 1918 2120 1973 animam
2167 1918 2447 1985 pertinent
2499 1917 2814 1971 intellectus
2868 1924 2921 1971 et
2956 1917 3119 1976 ratio,
3158 1930 3280 1984 quae
3311 1931 3451 1970 con-

1878 2008 2265 2063 substantialia
2320 2017 2450 2062 sunt
2502 2017 2556 2063 et
2608 2018 2906 2072 coaeterna,
2957 2023 3056 2062 nec
3115 2008 3280 2063 dividi
3321 2023 3351 2062 a
3391 2023 3451 2063 se

1880 2100 2119 2156 invicem
2154 2108 2250 2154 aut
2280 2100 2523 2170 separari
2574 2108 2839 2169 possunt;
2872 2101 3015 2171 quod
3049 2112 3225 2155 autem
3257 2110 3342 2157 est
3381 2104 3449 2157 ad

1882 2192 2301 2248 similitudinem
2339 2191 2454 2259 Dei,
2490 2200 2574 2248 est
2599 2192 2809 2260 iustitia
2850 2202 2903 2247 et
2952 2194 3180 2258 veritas,
3228 2194 3450 2248 miseri-

1886 2282 2101 2347 cordia,
2155 2285 2466 2353 compassio
2517 2292 2572 2338 et
2602 2284 2935 2341 humanitas.
2979 2284 3082 2351 Qui
3126 2283 3291 2356 igitur
3337 2291 3453 2340 haec

1881 2384 2182 2445 operantur
2234 2384 2289 2428 et
2343 2376 2684 2437 enstodinnt,
2724 2375 2846 2430 illos
2893 2375 3039 2430 clare
3095 2375 3268 2445 liquet
3321 2389 3444 2430 esse

1883 2467 1948 2522 ad
2008 2467 2301 2536 imaginem
2365 2478 2418 2519 et
2474 2467 2541 2521 ad
2600 2466 3044 2528 similitudinem,
3103 2467 3304 2537 quippe
3357 2466 3452 2533 qui

1886 2559 2191 2617 secundum
2253 2571 2506 2614 naturam
2560 2569 2849 2614 moventur
2893 2568 2949 2614 et
3007 2559 3280 2631 dignitate
3329 2560 3454 2616 aliis

1881 2652 2235 2707 antecellunt.

1951 2743 2006 2798 9.
2047 2743 2246 2798 Anima
2307 2743 2593 2798 rationalis
2635 2742 2911 2812 tripartita
2965 2743 3161 2797 iterum
3213 2743 3268 2798 in
3316 2743 3456 2797 duas

1879 2836 2143 2892 dividitur
2174 2846 2381 2905 partes,
2413 2849 2647 2902 quarum
2688 2850 2793 2889 una
2834 2843 2916 2889 est
2947 2836 3254 2899 rationalis,
3288 2844 3341 2889 et
3375 2837 3455 2889 al-

1889 2936 2011 2981 tera
2069 2927 2420 2997 passionalis.
2484 2927 2618 2981 Pars
2673 2926 2795 2994 ejus
2852 2927 3158 2987 rationalis,
3209 2941 3333 2979 cum
3385 2926 3453 2980 ad

1882 3020 2175 3092 imaginem
2227 3020 2310 3075 sui
2365 3020 2643 3074 Creatoris
2691 3020 2783 3082 sit,
2834 3019 3206 3088 independeus
3254 3027 3341 3073 est
3389 3028 3446 3072 et

1883 3113 2182 3169 invisibilis
2219 3128 2319 3167 nec
2355 3113 2777 3182 circumscripta
2811 3111 3089 3174 sensibus,
3143 3121 3330 3180 utpote
3353 3127 3451 3165 ex-

2698 3222 2712 3259 :
2766 3218 2859 3267 per
2890 3203 3037 3257 illam
3073 3203 3253 3256 anima
3304 3216 3455 3256 com-

1884 3297 2175 3353 municatis
2207 3296 2681 3351 intellectualilms
2715 3294 3030 3362 divinisque
3063 3294 3455 3364 potestatibus,

1884 3388 2217 3443 naturaliter
2253 3387 2318 3441 ad
2353 3386 2521 3442 Deum
2549 3395 2809 3456 tanquam
2845 3387 2910 3439 ad
2936 3394 3285 3457 prototypnm
3316 3386 3456 3439 duce

1884 3494 2047 3535 sacra
2080 3495 2266 3536 rerum
2304 3480 2537 3537 scientia
2580 3480 2775 3541 tendit.
2810 3478 3117 3548 divinaeque
3153 3489 3363 3535 natura?
3400 3483 3457 3534 tit

1886 3575 2188 3644 particeps.
2237 3572 2372 3627 Pars
2431 3583 2615 3628 autem
2678 3572 2827 3629 illius
2892 3571 3226 3642 passionalis
3278 3573 3457 3627 minu—

1883 3666 2038 3721 tatim
2090 3665 2423 3727 dissecatur,
2486 3664 2766 3729 sensibus,
2823 3663 3337 3733 cupiditatibusigue
3394 3678 3459 3717 ac

1881 3756 2258 3824 voluptatibus
2291 3754 2584 3823 subiacens
2622 3773 2637 3809 :
2683 3770 2781 3824 per
2828 3754 2967 3809 hanc
2997 3756 3176 3808 anima
3215 3753 3458 3809 sensibili

1883 3848 2318 3917 nutritionisqne
2357 3856 2410 3901 ct
2444 3845 2716 3916 angminis
2736 3847 2926 3916 capaci
2969 3854 3179 3900 natura:
3203 3860 3455 3899 commu-

1881 3940 2094 4004 uicans,
2132 3939 2365 4005 suscipit
2411 3952 2615 4001 aerem,
2672 3936 2867 4007 frigus,
2910 3938 3174 4002 calorem,
3218 3946 3272 3991 et
3306 3937 3374 3990 cil
3397 3950 3460 3989 os

1882 4032 1947 4086 ad
1981 4030 2488 4093 conservationem,
2536 4029 2726 4092 vitam,
2766 4029 3170 4084 incrementum
3220 4036 3276 4084 et
3313 4029 3462 4083 sani-

1889 4132 2082 4178 tatem.
2142 4122 2373 4191 ldeoqne
2419 4121 2521 4176 ista
2580 4136 2728 4190 pars,
2793 4136 2919 4175 cum
2960 4121 3046 4175 his
3087 4128 3457 4185 commutata,

1882 4230 1911 4269 a
1965 4225 2116 4269 motu
2161 4213 2395 4268 naturali
2448 4212 2629 4275 devia,
2670 4210 2832 4267 modo
2881 4211 3285 4266 irrationabiles
3330 4226 3464 4264 con-

1881 4309 2114 4378 cupiscit
2162 4306 2659 4375 concupiscentias,
2726 4305 2889 4359 modo
2964 4312 3343 4373 exasperatur,
3407 4309 3461 4355 et

1883 4400 2073 4454 insana
2125 4398 2437 4453 exardescit
2484 4398 2585 4457 ira,
2636 4404 2693 4450 et
2736 4395 2933 4449 famem
2971 4395 3115 4465 parit
3159 4408 3224 4449 ac
3274 4393 3451 4460 sitim,

1881 4492 2151 4556 dolorem,
2188 4505 2428 4561 poenam,
2462 4499 2516 4543 et
2562 4503 2758 4543 rursus
2795 4487 3092 4551 exhilarat,
3124 4494 3314 4555 utpote
3358 4484 3459 4539 tle-

1887 4586 2029 4641 liciis
2078 4585 2375 4650 oblectata,
2430 4580 2882 4637 tribulationibus
2916 4594 3047 4634 vero
3082 4579 3270 4632 attrita
3300 4590 3460 4645 τιμίω

1884 4675 2101 4744 quidem
2145 4672 2343 4726 anima:
2399 4686 2523 4740 pars
2567 4667 2962 4723 convenit-nter
3007 4663 3338 4735 passionalis
3369 4662 3458 4716 di-

1884 4768 2044 4830 citur,
2072 4765 2200 4835 quia
2233 4764 2382 4819 circa
2426 4760 2717 4830 passiones
2764 4768 3039 4814 versatur.
3085 4756 3221 4813 Cum
3274 4769 3456 4810 autem

1888 4854 2115 4909 mortale
2145 4853 2248 4906 hoc
2271 4853 2590 4918 absorptum
2621 4848 2723 4903 fuit
2750 4864 2778 4902 a
2807 4848 3037 4903 rationis
3070 4847 3203 4910 vita,
3258 4852 3313 4898 et
3355 4843 3457 4897 bo-

1886 4964 2014 5001 num
2066 4945 2372 5015 praevaluit,
2430 4950 2565 4997 tunc
2616 4944 2722 4994 vita
2772 4938 2899 4995 Jesu
2949 4938 3341 4993 manifestatur
3400 4934 3455 4988 in

1888 5039 2104 5092 mortali
2159 5050 2329 5090 carne
2391 5044 2605 5097 nostra,
2643 5030 2914 5085 vivificam
2950 5030 3004 5083 in
3037 5028 3197 5081 nobis
3243 5026 3450 5095 produ-

1883 5146 2012 5187 cens
2058 5126 2513 5199 impassibilitatis
2565 5123 3035 5179 mortificationem
3067 5158 3082 5183 ,
3112 5126 3167 5172 et
3200 5118 3449 5171 incorru~

1885 5226 2122 5295 ptionem
2183 5217 2606 5275 immortalitatis
2649 5215 2807 5271 nobis
2858 5213 3135 5269 sufﬁciens
3180 5212 3234 5263 in
3279 5209 3453 5278 gratia

1887 5315 2148 5386 Spiritus.

1959 5401 2040 5455 l0.
2071 5396 2545 5467 Quemadmodum
2580 5395 2811 5451 Creator
2840 5392 3117 5452 omnium,
3147 5391 3238 5459 qui
3268 5389 3449 5442 omnia

1884 5510 1948 5546 ex
1984 5493 2155 5545 nihilo
2193 5490 2343 5556 fecit,
2373 5497 2533 5542 antea
2572 5488 2858 5543 scientiam
2895 5495 3232 5551 naturasque
3261 5490 3313 5534 et
3362 5494 3453 5530 ra-

1882 5586 2060 5639 ti0nes
2083 5582 2325 5637 omnium
2361 5582 2568 5636 entinm
2600 5579 2856 5638 habebat,
2886 5586 2941 5630 ut
2974 5576 3085 5629 Rex
3119 5572 3441 5628 saeculorum

1880 5683 1933 5727 ct
1966 5676 2019 5728 in
2056 5675 2237 5741 seipso
2269 5671 2598 5740 prmsciens:
2640 5669 2719 5723 sic
2747 5677 2799 5720 et
2829 5666 2897 5721 ad
2940 5665 3235 5733 imaginem
3287 5678 3442 5716 suam

1882 5766 1936 5820 in
2002 5777 2182 5834 regem
2216 5762 2512 5817 creatioxzis
2558 5761 2883 5829 plasmatum
2935 5756 3231 5815 hominem,
3281 5750 3447 5804 voluit

1880 5858 1932 5911 in
1970 5856 2147 5924 scipso
2172 5853 2372 5910 habere
2403 5853 2646 5908 omnium
2676 5861 2881 5905 cuttum
2922 5847 3189 5906 rationes,
3220 5856 3446 5897 naturas
