4190 6458
775 376 885 437 959

2028 379 2325 442 manu:
2350 376 2634 466 PECTOI}
2652 381 2769 436 .m

3915 376 4014 439 960

780 498 836 540 et
866 488 1174 543 scientiam.
1204 487 1389 558 Itaque
1420 491 1507 543 hic
1553 491 1606 543 in
1648 508 1745 546 sua
1782 497 2141 563 plasmatione
2186 494 2332 549 habe‘

2444 496 2548 545 τῶν
2579 495 2770 551 ὄντων,
2800 495 2921 553 τοὺς
2950 492 3160 559 λόγους,
3198 494 3294 555 τὰς
3322 493 3530 561 φύσεις,
3566 495 3658 547 καὶ
3686 495 3780 561 τὴν
3814 495 4013 561 γνῶσιν

775 592 838 630 ex
884 588 1027 633 terra
1079 580 1290 635 siccum
1344 590 1399 637 et
1454 582 1709 651 frigidum
1769 587 2038 651 humoris,
2102 589 2342 644 calidum

773 672 1177 741 humidumque
1204 677 1495 745 sanguinis
1538 694 1605 732 ex
1642 696 1768 735 aere
1799 688 1852 734 ct
1877 682 2021 751 igne.
2059 686 2341 741 humidum

769 772 823 815 et
855 758 1115 833 frigidum
1149 766 1481 835 pblegmatis
1521 785 1585 824 ex
1623 785 1785 839 aqua,
1814 788 1877 825 ex
1910 774 2113 842 plantis
2142 778 2342 831 habili-

771 863 941 908 tatem
971 855 1039 909 ad
1066 859 1451 923 crescendum,
1477 876 1541 915 ex
1571 864 1911 921 animalibus
1941 866 2143 935 plantis
2172 870 2345 924 nutri-

768 946 939 1000 tionis
995 948 1352 1018 capacitatem
1385 993 1400 1016 ,
1453 969 1516 1007 ex
1573 958 1783 1027 angelis
1835 960 2249 1031 intelligentiam
2292 973 2347 1020 et

768 1040 1066 1104 rationem,
1101 1056 1130 1094 a
1167 1042 1281 1097 Deo
1310 1044 1567 1114 spiritum
1594 1049 2041 1119 immaterialem,
2081 1055 2343 1127 incorpo-

769 1145 1034 1201 reamque
1067 1144 1123 1188 et
1174 1135 1543 1193 immortalem
1573 1144 1836 1207 animam,
1870 1145 1923 1199 in
1959 1147 2241 1202 intellectu
2288 1158 2344 1203 et

772 1223 985 1278 ratione
1013 1235 1067 1280 et
1108 1229 1162 1281 in
1205 1230 1409 1286 virtute
1446 1232 1686 1301 Spiritus
1720 1239 1895 1291 sancti
1947 1240 2339 1295 subsiSIcntem

768 1321 821 1366 et
855 1315 1156 1373 viventem.

841 1586 930 1641 Η.
969 1591 1047 1642 Ad
1084 1592 1503 1650 similitudinem
1548 1600 1636 1652 Dei
1672 1605 1761 1669 qui
1812 1621 1908 1659 nos
1937 1608 2001 1659 ad
2049 1610 2338 1679 imaginem

761 1687 816 1732 et
857 1680 1274 1740 similitudinem
1332 1706 1483 1743 suam
1529 1693 1679 1753 fecit.
1727 1713 1916 1751 sumus
1956 1716 2049 1768 per
2078 1704 2335 1759 virtutem

760 1780 815 1822 et
858 1772 1313 1845 intelligentiam;
1353 1783 1699 1840 obumbravit
1750 1791 1895 1845 enim
1948 1795 2120 1851 caelos
2163 1798 2337 1853 virtus

2442 590 2498 638 ὲν
2533 585 2729 653 ἐαυτῷ.
2779 585 2969 636 Τοίνυν
3004 588 3094 636 καὶ
3128 586 3186 635 τὸ
3228 586 3326 653 μὲν
3361 585 3522 654 ξηρὸν
3563 588 3653 637 καὶ
3681 586 3889 655 ψυχρὸν
3924 603 4013 637 του

2442 678 2639 747 χυμοῦ,
2672 679 2734 729 ὲκ
2766 677 2867 746 γῆς
2901 677 3013 744 ἔχει
3069 678 3210 729 κατά
3256 678 3355 746 τὴν
3390 678 3585 730 πλάσιν
3626 677 3824 741 αὑτοῦ,
3868 679 3931 728 τὸ
3962 678 4014 728 δὲ

2442 768 2644 836 θερμὸν
2670 766 2762 818 τοῦ
2794 768 3021 836 αἵματος
3059 770 3148 819 καὶ
3179 769 3342 837 ὑγρὸν
3375 768 3432 832 ἐξ
3458 769 3639 838 ἀέρος,
3674 772 3765 821 καὶ
3806 772 3869 821 ἐκ
3918 785 4013 820 πυ-

2445 860 2555 930 ρὸς.
2580 859 2639 911 τὸ
2664 859 2717 910 δὲ
2748 859 2918 928 ὑγρὸν
2946 853 3039 911 τοῦ
3068 860 3379 929 φλέγματος
3428 862 3523 912 καὶ
3552 863 3756 930 ψυχρὸν
3789 860 3848 925 ἐξ
3896 862 4017 913 1381—

2440 969 2551 1012 τος,
2583 952 2675 1002 καὶ
2698 951 2761 1001 ὲκ
2786 951 2885 1019 μὲν
2916 950 3023 1002 τῶν
3055 952 3263 1019 φυτῶν,
3298 952 3363 1003 τὸ
3388 952 3697 1021 αὐξητικὸν,
3729 955 3792 1005 ὲκ
3822 954 3881 1006 δὲ
3910 954 4016 1004 τῶν

2442 1042 2758 1111 ζωοφύτων,
2786 1042 2846 1094 τὸ
2876 1042 3192 1113 θρεπτικὸν,
3223 1045 3286 1095 ἐκ
3319 1043 3373 1095 δὲ
3402 1045 3509 1096 τῶν
3534 1044 3744 1109 ἀλόγων
3773 1045 3932 1106 ζώων
3960 1046 4018 1096 τὸ

2441 1133 2765 1203 παθητικὸν,
2784 1134 2847 1185 ὲκ
2867 1133 2977 1185 τῶν
3000 1133 3249 1200 ἀγγέλων
3277 1132 3336 1184 τὸ
3360 1134 3625 1202 νοερόνςτε
3660 1136 3751 1186 καὶ
3774 1134 4016 1200 λογικίν.

2446 1226 2598 1295 παρά
2630 1224 2684 1277 δὲ
2713 1223 2848 1277 Θεοῦ
2877 1225 2973 1294 τὴν
3014 1224 3181 1295 πνοὴν
3209 1226 3379 1290 αὐτὴν
3410 1227 3509 1294 τὴν
3534 1226 3714 1289 ἀῦλον,
3745 1226 3844 1295 τὴν
3878 1227 4018 1277 ἀσω-

2445 1335 2633 1387 ματον,
2668 1319 2759 1370 καὶ
2815 1318 3084 1370 ἀθάνατον
3130 1319 3329 1387 ψυχὴν,
3360 1319 3457 1389 τὴν
3507 1320 3565 1369 ὲν
3616 1319 3690 1387 νῷ
3732 1319 3828 1371 καὶ
3876 1320 4018 1386 λόγῳ

2442 1409 2844 1479 θεωρουμένην,
2873 1409 2966 1461 καὶ
2998 1412 3056 1459 ὲν
3089 1410 3316 1478 δυνάμει
3352 1410 3669 1478 ιΙνεύματος
3699 1410 3881 1477 ἁγίου,
3941 1411 4018 1470 εἰς

2440 1504 2499 1554 το
2529 1498 2688 1568 εἶναι,
2728 1505 2822 1555 καὶ
2847 1501 2967 1571 ζῇν.

2517 1614 2604 1661 ια’.
2643 1607 2781 1660 Καθ’
2835 1609 3097 1677 ὁμοίωσίν
3137 1614 3305 1680 ὲσμεν
3354 1613 3488 1667 Θεοῦ
3543 1616 3638 1668 τοῦ
3689 1619 3840 1688 ἡμᾶς
3892 1623 4012 1672 κατ’

2438 1701 2622 1753 εἰκόνα
2656 1699 2851 1753 ἑαυτοῦ
2876 1702 2969 1753 καὶ
2998 1703 3116 1755 καθ’
3145 1705 3403 1773 ὁμοίωσιν
3435 1707 3784 1781 πλαστουργή
3796 1729 4010 1779 σαντος,

2438 1792 2545 1843 ἀπὸ
2576 1793 2675 1860 τῆς
2700 1794 2899 1862 ἀρετῆς
2924 1793 3018 1845 καὶ
3037 1794 3335 1857 συνέσεως·
3363 1797 3599 1867 ἐκάλυψε
3622 1800 3728 1870 γὰρ
3746 1802 3803 1853 οὐ
3816 1805 4010 1870 ρανοίις

762 1860 907 1927 ejus,
943 1875 998 1919 et
1035 1867 1392 1941 intelligentia
1435 1878 1554 1946 ejus
1607 1882 1765 1949 plena
1816 1894 1902 1939 est
1949 1895 2114 1940 terra.
2156 1888 2332 1944 Virtus

2442 1884 2473 1953 ἡ
2498 1856 2665 1952 ἀρετῆ
2696 1856 2885 1949 αύτοῦ,
2917 1886 3009 1937 καὶ¹
3049 1886 3152 1955 τῆς
3209 1888 3475 1952 συνέσεως
3516 1856 3947 1966 αῖῦτοῦιπλήρης
3978 1898 4010 1965 ἡ

759 1965 940 2012 autem
986 1961 1079 2017 Dei
1117 1974 1199 2019 est
1232 1968 1468 2036 justitia,
1500 1982 1551 2026 ct
1577 1976 1864 2042 sanctitas,
1887 1988 1941 2031 ct
1967 1982 2190 2046 veritas,
2230 1982 2337 2036 sic-

759 2058 819 2103 ut
874 2052 1006 2108 dicit
1048 2055 1257 2115 David:
1298 2081 1316 2112 ι
1346 2062 1536 2121 Justus
1582 2083 1641 2122 es
1676 2110 1690 2133 ,
1739 2070 1986 2138 Domine,
2037 2083 2091 2129 et
2138 2077 2341 2132 veritas

763 2150 857 2196 tua
920 2148 973 2201 in
1035 2152 1271 2206 circuitu
1329 2164 1422 2209 tuo
1447 2158 1513 2210 “.
1549 2179 1566 2210 ι
1614 2162 1680 2215 Ει
1718 2164 1963 2218 iterum:
2004 2186 2022 2218 ι
2051 2165 2242 2224 Justus
2283 2178 2337 2225 et

763 2245 993 2293 sanctus
1057 2242 1320 2300 Dominus
1343 2248 1425 2311 ⁸⁸,
1476 2270 1493 2301 ι
1548 2262 1768 2323 propter
1830 2258 2219 2315 rectitudinem
2280 2275 2335 2319 et

762 2327 1139 2400 dulcedinem;
1172 2353 1294 2392 nam
1344 2359 1362 2391 ι
1396 2340 1582 2400 Dulcis
1610 2356 1662 2399 et
1692 2360 1876 2403 rectus
1910 2352 2175 2409 Dominus
2202 2358 2266 2421 ⁸⁸,
2310 2379 2328 2411 ι

760 2435 985 2494 prOpter
1014 2431 1239 2486 verbum
1276 2436 1559 2503 sapientia:
1589 2448 1643 2494 et
1670 2443 1894 2496 verbum
1928 2447 2194 2508 scientiae,
2222 2451 2334 2507 hmc

759 2519 907 2571 enim
942 2521 992 2574 ei
1028 2522 1257 2589 insunt;
1304 2537 1357 2581 et
1414 2531 1680 2597 sapientia
1724 2544 1775 2588 et
1811 2534 2046 2591 Verbum
2093 2542 2333 2611 dicitur;

760 2624 988 2681 propter
1012 2620 1358 2675 sanctitatem
1386 2631 1438 2676 et
1475 2625 1888 2694 perfectionem,
1922 2642 1981 2685 ut
2014 2635 2132 2702 ipse
2166 2637 2334 2691 dicit:

765 2720 782 2751 ι
816 2704 999 2759 Estote
1042 2709 1288 2773 perfecti,
1314 2713 1454 2767 sicut
1480 2726 1531 2768 et
1553 2718 1715 2772 Pater
1742 2728 2179 2781 vesterrmlestis
2207 2747 2337 2797 per-

760 2792 937 2848 fectus
965 2806 1046 2849 cst
1068 2800 1150 2864 '7;
1182 2819 1200 2852 ι
1236 2832 1303 2841 ——
1329 2823 1348 2854 ‹
1397 2805 1581 2860 Sancti
1610 2819 1806 2877 estote,
1830 2816 1954 2882 quia
1977 2835 2075 2885 ego
2105 2832 2334 2878 sanctus

759 2888 981 2947 Sum“;
1016 2908 1032 2939 ο
1073 2902 1296 2960 promer
1316 2896 1681 2955 humilitatem
1706 2921 1768 2958 ac
1812 2913 2330 2981 mansuetudinem;

764 2995 781 3025 ι
811 2975 1014 3033 Discite
1036 2997 1064 3035 a
1101 2999 1207 3048 me,
1236 2987 1434 3055 inquit,
1493 2994 1619 3060 quia
1653 2998 1799 3051 mit’s
1830 3014 1949 3053 sum
2005 3012 2061 3055 et
2111 3006 2333 3063 humilis

756 3072 941 3137 corde,
974 3085 1027 3128 et
1058 3077 1347 3135 invenietis
1383 3087 1627 3154 requiem
1655 3093 1949 3149 animabus
1981 3100 2181 3154 vestris
2208 3100 2272 3154 ⁸³.
2309 3120 2326 3154 ι

2438 1967 2529 2037 γῆ.
2576 1972 2769 2043 Ἀρετὴ
2803 1974 2859 2026 δὲ
2884 1976 3040 2039 Θεοῦ,
3070 1979 3102 2047 ἡ
3131 1978 3474 2050 δικαιοσύνη,Δ
3500 1982 3593 2032 καὶ
3635 1984 3871 2049 ὁσιότης,
3908 1988 4006 2038 καὶ

2434 2061 2468 2130 ἡ
2500 2062 2739 2130 ἀλήθεια,
2762 2063 2905 2117 καθά
2939 2082 3101 2134 φησιν
3126 2069 3155 2117 6
3185 2068 3346 2121 Δαόίὸ
3376 2088 3387 2100 ·
3421 2092 3436 2120 ι
3465 2071 3681 2134 Δίκαιος
3709 2069 3780 2134 εἷ,
3810 2076 4005 2143 Κύριε,

2435 2153 2528 2204 καὶ
2555 2155 2586 2221 ἡ
2610 2140 2838 2223 ἀλήθειά
2857 2173 2949 2209 σου
2976 2157 3162 2229 κύκλῳ
3193 2175 3305 2211 σου.
3338 2178 3355 2209 ι
3386 2161 3492 2212 Καὶ
3516 2161 3678 2214 πάλιν
3698 2180 3710 2191 ν
3735 2182 3753 2213 ι
3786 2140 4005 2228 Δίκαιος

2434 2245 2528 2296 καὶ
2557 2247 2700 2309 ὅσιος
2726 2250 2754 2299 6
2782 2248 3005 2315 Κύριος,
3029 2250 3135 2301 ἀπὸ
3161 2250 3260 2314 τῆς
3303 2251 3595 2321 εὐθύτητος
3640 2256 3734 2307 καὶ
3764 2260 4003 2325 χρηστό-

2436 2341 2891 2409 τητοςοχρηστὸς
2917 2340 3023 2409 γὰρ
3072 2342 3165 2394 καὶ
3211 2343 3374 2406 εὐθὺς
3417 2345 3445 2395 6
3478 2345 3699 2415 Κύριος,
3745 2348 3858 2400 ἀπὸ
3909 2348 4004 2400 τοῦ

2433 2429 2589 2496 λόγου
2633 2431 2731 2499 τῆς
2769 2433 2981 2501 σοφίας,
3017 2434 3107 2485 καὶ
3138 2434 3230 2485 τοῦ
3270 2435 3429 2502 λόγου
3468 2436 3566 2504 τῆς
3595 2438 3848 2503 γνώσεως
3875 2456 3887 2467 ·
3950 2445 4004 2492 ὲν

2432 2522 2581 2591 αὐτῷ
2610 2523 2719 2593 γάρ
2742 2526 2848 2576 εἰσι
2876 2525 3066 2589 ταῦτα,
3096 2526 3190 2577 καὶ
3220 2530 3381 2596 σοφία
3419 2528 3512 2581 καὶ
3547 2529 3702 2595 λόγος
3728 2531 3999 2593 καλεῖται,

2432 2612 2537 2663 ἀπὸ
2554 2612 2650 2680 τῆς
2688 2614 3017 2685 ἁγιωσύνης,
3047 2619 3141 2668 καὶ
3170 2618 3528 2687 τελειότητος,
3553 2620 3629 2681 ὡς
3656 2622 3814 2682 αὑτός
3848 2638 4001 2689 φησι·

2440 2718 2457 2751 ι
2486 2703 2703 2755 Γίνετθε
2724 2706 2936 2771 τέλειοι,
2964 2709 3087 2759 ὅτιὸ
3113 2710 3300 2779 Πατὴρ
3330 2711 4002 2781 ύμῶνόούράνιοςτὲλειός

2433 2798 2582 2846 ἐστι·
2627 2796 2842 2863 γίνεσθε
2883 2798 3049 2865 ἆγιοι,
3081 2800 3164 2852 ὅτι
3197 2800 3307 2869 ὲγὼ
3336 2802 3492 2868 ἅγιός
3514 2806 3658 2871 είμι·
3705 2823 3724 2854 ι
3753 2806 3862 2856 ἀπὸ
3906 2810 4004 2874 τῆς

2433 2886 2837 2949 ταπεινώσεως,
2871 2889 2963 2941 καὶ
2989 2890 3296 2960 πραότητος
3318 2910 3331 2921 ·
3364 2912 3380 2941 ι
3410 2894 3624 2946 Mstta
3648 2896 3744 2946 ἀπ’
3795 2896 3951 2963 ἐμοῦ,
3981 2916 3998 2946 ι

2435 2976 2618 3044 φησὶν,
2664 2994 2681 3025 ι
2720 2977 2801 3029 ὅτι
2830 2978 3004 3045 πρᾶός
3032 2981 3169 3048 είμι,
3204 2983 3296 3033 καὶ
3314 2984 3566 3047 ταπεινὸς
3584 2988 3647 3054 τῇ
3671 2986 3890 3054 καρδίς,
3916 2988 4005 3037 καὶ

2429 3067 2691 3136 εὑρήσετε
2718 3068 3021 3122 ἀνάπαυσιν
3051 3072 3383 3141 ταῖς-ψυχαῖς
3407 3074 3579 3144 ὑμῶν.
3614 3093 3633 3124 ι

827 3166 913 3223 12.
946 3168 1078 3222 Cum
1122 3171 1299 3239 imago
1333 3174 1423 3230 Dei
1476 3180 1544 3233 sit
1587 3182 1897 3241 intellectus
1938 3198 2146 3251 noster.
2182 3195 2327 3260 quod

2505 3193 2589 3263 ιβ’.
2627 3194 2802 3248 Είκὼν
2831 3196 2966 3250 Θεοῦ
2996 3198 3071 3250 ὢν
3104 3200 3131 3251 6
3158 3200 3422 3270 ήμετερος
3456 3204 3604 3267 νοῦς,
3630 3202 3691 3255 τὸ
3716 3204 3922 3255 οἰκεῖον
3951 3208 4003 3255 ἐν

758 3272 917 3311 suum
952 3272 1034 3314 est
1067 3263 1119 3315 in
1151 3278 1209 3318 se
1240 3266 1419 3336 habet,
1448 3273 1668 3340 quando
1709 3276 1850 3330 intra
1886 3284 2135 3351 pr0prios
2173 3286 2320 3340 limi-

757 3358 840 3405 tes
868 3363 1071 3416 manet,
1101 3370 1199 3411 nec
1219 3362 1424 3415 recedit
1447 3379 1474 3415 a
1501 3377 1715 3422 suamet
1737 3370 2000 3440 dignitate
2024 3392 2085 3431 ac
2111 3388 2328 3434 natura.

758 3441 948 3510 Itaque
982 3458 1128 3501 amat
1161 3453 1319 3519 quasi
1350 3460 1678 3513 commorari
1712 3462 1762 3515 in
1796 3462 1863 3517 iis
1893 3482 2015 3533 quae
2061 3468 2125 3522 ad
2163 3470 2329 3526 Deum

756 3547 1027 3601 spectant,
1057 3539 1243 3610 illique
1277 3547 1420 3599 uuiri
1461 3551 1655 3615 qurerit
1692 3567 1719 3602 a
1747 3569 1856 3621 quo
1897 3562 2132 3628 sumpsit
2172 3579 2332 3618 exor-

756 3624 905 3679 dium
934 3668 949 3691 ,
979 3644 1074 3698 per
1104 3647 1264 3700 quem
1295 3645 1567 3705 movetur,
1601 3651 1654 3696 et
1684 3646 1748 3697 ad
1782 3662 1940 3714 quem
1988 3624 2331 3713 naturalibus

754 3719 928 3773 tendit
956 3725 1406 3793 proprietatibus,
1439 3738 1493 3785 et
1524 3747 1647 3787 eum
1689 3737 1890 3792 imitari
1925 3748 2075 3812 cupit
2110 3750 2329 3804 miseri-

757 3811 945 3866 cordia
983 3822 1039 3869 et
1081 3818 1453 3888 simplicitate.
1492 3824 1649 3882 Unde
1680 3839 1732 3884 et
1766 3832 1880 3899 ipse
1917 3811 2148 3891 Verbum
2194 3840 2331 3895 inte-

755 3903 872 3958 rius
913 3920 1215 3977 generans,
1268 3925 1329 3967 ut
1383 3931 1554 3974 novos
1597 3922 1765 3977 caelos
1814 3924 2070 3983 informat
2116 3933 2329 3990 animas

754 3996 1144 4053 contribulium
1205 4001 1514 4074 hominum,
1577 4026 1778 4082 easque
1839 4018 2144 4073 consolidat
2194 4039 2330 4078 con-

755 4088 921 4139 stanti
957 4088 1221 4145 virtutum
1255 4097 1431 4163 praxi,
1471 4108 1526 4154 et
1577 4104 1750 4172 gignit
1799 4106 1919 4161 illas
1970 4110 2166 4178 spiritu
2213 4116 2327 4172 oris

755 4176 840 4227 sui
870 4216 885 4236 ,
916 4179 1065 4233 vires
1108 4182 1241 4250 ipsis
1283 4188 1641 4255 suppeditans
1670 4194 1937 4251 adversus
1988 4203 2326 4268 perniciosas

752 4268 1111 4338 cupiditates;
1155 4275 1341 4343 sicque
1388 4281 1601 4335 videtur
1634 4292 1688 4337 et
1720 4286 1836 4354 ipse
1882 4292 2063 4357 opifex
2110 4295 2323 4353 intelle-

753 4359 954 4414 ctualis
975 4374 1258 4432 creaturae,
1282 4377 1335 4422 et
1360 4385 1519 4426 suum
1553 4376 1799 4445 vastique
1826 4382 1976 4436 orbis
2008 4383 2174 4440 Deum
2203 4389 2326 4443 imi-

753 4456 922 4515 tatur,
956 4467 1020 4508 ac
1050 4456 1287 4527 desuper
1323 4461 1465 4518 hanc
1502 4481 1689 4521 vocem
1736 4472 1884 4527 clare
1915 4475 2106 4530 audit:
2151 4499 2169 4532 ι
2210 4482 2315 4547 Qui

2432 3282 2608 3351 ἑαυτῷ
2631 3283 2767 3353 ἔχει,
2796 3287 2923 3341 ὅταν
2956 3288 3016 3339 ἐν
3046 3290 3159 3351 τοῖς
3196 3289 3347 3353 ἰδίοις
3383 3291 3542 3363 μένῃ,
3573 3295 3670 3345 καὶ
3703 3294 3783 3363 μὴ
3817 3297 4003 3365 πόρρω

2430 3373 2529 3443 τῆς
2556 3376 2747 3429 ἑαυτοῦ
2778 3378 2935 3444 ἀξίας
2961 3380 3177 3449 κινῆται
3208 3381 3301 3433 καὶ
3331 3381 3566 3449 φύσεως.
3594 3385 3684 3437 Διὸ
3710 3386 3860 3453 φιλεί
3892 3404 4002 3448 πως

2429 3467 2488 3519 ἐν
2521 3470 2631 3529 τοῖς
2663 3472 2790 3539 περὶ
2830 3471 2965 3523 Θεοῦ
2991 3474 3408 3543 ἐμφιλοχωρεῖν,
3442 3478 3535 3528 καὶ
3558 3479 3707 3548 αὑτῷ
3751 3480 4001 3532 ὲνοῦσθαι

2431 3557 2587 3627 ζητεῖ
2618 3562 2677 3624 ἐξ
2705 3555 2767 3613 οῦ
2793 3568 2891 3633 τὴν
2926 3565 3099 3634 ἀρχὴν
3130 3566 3277 3635 ἔσχε,
3307 3570 3398 3619 καὶ
3428 3569 3495 3621 δι’
3526 3562 3587 3620 οῦ
3621 3574 3878 3631 κινεῖται,
3916 3572 4000 3623 καὶ

2431 3651 2565 3719 πρὸς
2592 3651 2651 3704 6v
2683 3653 2972 3725 ἀνατρέχει
3006 3660 3126 3719 ταῖς
3156 3662 3411 3725 φυσικαῖς
3441 3660 3690 3729 ἰδιότησι,
3719 3664 3813 3715 καὶ
3843 3664 4001 3716 αὐτὸν

2431 3742 2715 3808 μιμεῖσθαι
2747 3744 2903 3796 ποθεί
3058 3747 3425 3819 φιλανθρώπῳ
3459 3750 3551 3801 καὶ
3583 3753 3649 3819 τῇ
3700 3752 3997 3820 ἁπλότητι·

2428 3830 2581 3883 ἐνθεν
2633 3850 2714 3886 τοι
2765 3835 2859 3887 καὶ
2893 3837 3054 3899 αὐτὸς
3093 3838 3183 3889 τὸν
3230 3837 3386 3907 λόγον
3424 3840 3649 3907 γεννῶν,
3684 3840 3761 3903 ὡς
3809 3842 4001 3904 ἄλλους

2426 3924 2687 3994 οὐρανοὺς
2717 3926 2812 3989 τὰς
2842 3927 3021 3997 ψυχας
3067 3930 3405 3985 ἀναπλάττει
3430 3932 3537 3984 τῶν
3573 3933 3864 4002 ὁμοφύλων
3911 3935 4000 3986 ἀν-

2428 4014 2695 4084 θρώπων,
2755 4021 2847 4070 καὶ
2895 4021 3133 4091 στερρὰς
3192 4022 3363 4086 αὐτὰς
3418 4022 3489 4075 δι’
3552 4024 3832 4092 ὑπομονῆς
3900 4026 4002 4076 τῶν

2426 4107 2763 4176 ὲμπράκτων
2795 4111 3052 4164 ἀποτελεῖ
3097 4114 3333 4183 ἀρετῶν,
3368 4116 3461 4168 καὶ
3494 4115 3754 4183 ζωογονεί
3800 4118 4002 4177 ταύτας

2426 4199 2502 4267 τῷ
2536 4199 2808 4269 πνεύματι
2835 4202 2930 4256 τοῦ
2964 4205 3228 4276 πόματος
3254 4208 3441 4271 αὑτοῦ,
3469 4208 3700 4275 δύναμιν
3730 4210 3873 4261 κατά
3896 4210 4003 4260 τῶν

2428 4290 2689 4362 ὀλεθρίων
2719 4294 2911 4347 παθῶν
2942 4299 3276 4368 ἐμπαρέχων
3305 4301 3518 4362 αὑταῖς,
3553 4301 3646 4353 καὶ
3685 4299 3860 4363 οὕτως
3883 4303 4003 4370 (Lpi-

2425 4400 2516 4435 ται
2545 4384 2877 4455 δημιουργὸς
2914 4388 3009 4439 καὶ
3038 4389 3201 4452 αὐτὸς
3246 4391 3345 4459 τῆς
3371 4391 3567 4460 νοητῆς
3608 4391 3865 4453 κτίσεως,
3914 4392 4004 4443 καὶ

2423 4475 2519 4527 τοῦ
2548 4477 2787 4545 μεγάλου
2820 4479 3025 4549 κόσμου
3066 4480 3155 4532 τὸν
3193 4482 3358 4535 αὑτοῦ
3403 4484 3740 4552 μιμούμενος
3775 4484 4001 4544 εἰκότως

752 4539 882 4596 facit
911 4543 1135 4614 dignum
1170 4553 1237 4606 de
1263 4554 1508 4625 indigno,
1549 4561 1695 4614 velut
1720 4578 1783 4618 os
1816 4580 1996 4621 meum
2024 4570 2131 4625 erit
2173 4539 2250 4627 ὀῖ
2297 4593 2316 4627 ι

2429 4566 2557 4619 Θεόν
2580 4583 2592 4597 ⁸
2623 4570 2715 4621 καὶ
2748 4569 2934 4622 ἀκούει
2971 4572 3182 4640 τρανῶς
3228 4572 3455 4627 ἀνωθεν·
3481 4593 3498 4624 ι
3541 4577 3597 4627 ’0
3618 4574 3830 4639 ἐξάγων
3851 4575 4002 4641 ἄξιον

820 4726 907 4783 15.
936 4730 1039 4795 Qui
1073 4731 1126 4786 in
1160 4737 1397 4790 naturali
1432 4738 1745 4797 intellectus
1782 4756 1928 4800 motu
1973 4759 2028 4803 et
2071 4751 2122 4804 in
2156 4754 2325 4808 ratio-

746 4819 834 4872 nis
867 4820 1131 4887 dignitate
1160 4839 1494 4895 perseverat,
1522 4848 1690 4900 purus
1719 4850 1747 4887 a
1782 4840 2007 4892 materia
2049 4854 2318 4911 servatur,

745 4919 978 4967 ornatur
1012 4921 1449 4987 mansuetudine,
1481 4923 1807 4990 humilitate,
1834 4931 2103 4988 charitate
2131 4945 2186 4990 et
2217 4940 2320 4991 mi-

746 5003 1069 5072 sericordia,
1104 5013 1159 5063 et
1186 5008 1487 5080 fulgoribus
1520 5017 1695 5069 sancti
1727 5019 1967 5086 Spiritus
1992 5021 2318 5088 illustratur;

744 5092 1074 5152 sublimibus
1113 5109 1293 5155 autem
1331 5107 1894 5175 contemplationibus
1931 5114 2197 5180 intentus,
2248 5117 2315 5172 ad

750 5188 1038 5243 scientiam
1073 5197 1323 5261 pervenit
1347 5197 1654 5255 abditorum
1691 5202 1784 5257 Dei
1812 5208 2197 5275 mysteriorum
2220 5250 2237 5275 ,
2267 5218 2322 5266 et

746 5292 1003 5334 sermone
1044 5284 1328 5352 sapientia
1368 5288 1435 5342 iis
1475 5290 1566 5359 qui
1600 5292 1713 5346 haec
1745 5294 1934 5350 audire
1960 5309 2192 5366 possunt
2227 5301 2322 5357 be.-

752 5367 917 5438 nigne
956 5372 1272 5439 ministrat,
1307 5393 1416 5431 non
1446 5381 1549 5435 sibi
1584 5382 1686 5437 soli
1724 5386 2099 5455 multiplicans
2134 5393 2313 5449 talen-

751 5468 886 5521 tum.
917 5471 970 5517 et
996 5467 1299 5534 proximum
1334 5470 1499 5542 hujus
1528 5476 1840 5543 possidendi
1874 5481 2193 5553 participem
2237 5484 2317 5539 fa-

752 5563 916 5607 tiens.

815 5821 863 5851 “
896 5819 1037 5877 Psal.
1100 5840 1361 5894 tun-tn,
1411 5831 1462 5881 ς».

756 5907 866 5950 ιιχ.
907 5896 986 5949 19.
1067 5899 1109 5928 δ’
1145 5898 1328 5953 Matth.
1358 5916 1413 5965 ιι,
1443 5901 1511 5955 29
1644 5905 1686 5935 ’⁸⁵
1719 5904 1817 5957 Job
1852 5922 1955 5967 λιν,
2000 5909 2047 5960 4.

1571 5832 1613 5859 ¹¹¹
1650 5833 1788 5905 P~al.
1829 5835 1967 5897 v.8:
2003 5834 2177 5893 Jcrcm
2236 5857 2381 5905 xxxi,
2421 5840 2509 5894 ετ.

2424 4657 2485 4721 ἐξ
2511 4658 2839 4721 ἀναξίου,ώς
2859 4661 3033 4729 στόμα
3057 4679 3159 4730 μου
3186 4662 3363 4715 ἔσται.
3407 4683 3425 4715 ι

2501 4747 2588 4816 ιγ’.
2635 4750 2692 4802 Ὀ
2740 4752 2859 4812 ταῖς
2891 4752 3032 4805 κατά
3080 4752 3242 4820 φύσιν
3292 4756 3537 4825 κινήσεσι
3572 4755 3667 4808 τοῦ
3722 4759 3865 4825 νοὸς,
3909 4764 4003 4813 καὶ

2424 4844 2491 4911 τῇ
2529 4841 2657 4913 ἀξίᾳ
2688 4843 2964 4912 ἐπιμένων
2991 4843 3086 4897 τοῦ
3120 4844 3304 4913 λόγου,
3337 4847 3576 4918 καθαρὸς
3603 4850 3711 4902 ἀπὸ
3737 4852 3836 4921 τῆς
3869 4853 4002 4924 ῦλης

2421 4930 2780 5003 διατηρετται,
2818 4934 2912 4986 καὶ
2936 4937 3364 5006 κατακοσμεῖται
3402 4938 3691 5008 πραότητι,
3744 4958 4000 4994 ταπεινο-

2421 5020 2684 5091 φροσύνῃ,
2719 5021 2908 5092 ἀγάπῃ
2960 5023 3055 5076 καὶ
3102 5024 3434 5095 συμπαθείᾳ,
3491 5028 3585 5079 καὶ
3620 5028 3726 5079 ὑπὸ
3770 5031 3881 5082 των
3912 5031 4002 5083 ἐλ-

2421 5110 2680 5181 λάμψεων
2737 5111 2833 5165 τοῦ
2874 5114 3028 5182 ἀγίου
3084 5116 3575 5185 καταφαιδρύνεται
3639 5119 3993 5189 Πνεύματος’

2419 5198 2539 5260 ταῖς
2589 5198 2822 5268 ὑψηλαῖς
2876 5200 2933 5252 δὲ
2992 5201 3249 5271 θεωρίαις
3290 5204 3643 5269 ἑνατενίζων,
3697 5210 3756 5259 ὲν
3798 5210 3996 5275 γνώσει

2419 5290 2630 5355 γίνεται
2661 5291 2770 5343 τῶν
2806 5295 3208 5364 κεκρυμμένων
3235 5294 3327 5347 τοῦ
3363 5295 3497 5349 Θεοῦ
3530 5299 3873 5368 μυστηρίων,
3904 5304 3997 5353 καὶ

2420 5380 2507 5433 διά
2541 5381 2700 5450 λόγου
2732 5384 2922 5452 σοφίας
2954 5389 3066 5449 τοῖς
3092 5387 3311 5440 ἀκούειν
3336 5388 3654 5458 δυναμένοις
3674 5392 3853 5445 ταῦτα
3876 5393 3997 5460 φιλ·

2418 5472 2637 5541 αγάθως
2678 5473 2933 5539 διακονεῖ,
2988 5478 3085 5547 οὐχ
3120 5479 3299 5546 ἑαυτῷ
3343 5480 3503 5548 μόνον
3538 5482 3995 5549 πολυπ)ασιάξων

2414 5564 2477 5615 τὸ
2509 5565 2789 5629 τάλαντον,
2818 5567 2956 5620 ἀλλὰ
2978 5569 3071 5623 καὶ
3098 5575 3208 5634 τοῖς
3235 5572 3460 5642 πλησίον
3484 5577 3580 5645 τῆς
3602 5577 3799 5631 τούτου
3829 5596 3995 5649 μετα-

2419 5656 2590 5720 διδοὺς
2627 5660 2998 5724 ἀπολαύσεως.

2586 5839 2627 5870 ⁸⁸
2664 5838 2801 5893 Psal.
2831 5854 2973 5901 xxiv,
3024 5837 3055 5887 8
3151 5838 3197 5869 ⁸⁷
3238 5838 3423 5890 Matth.
3464 5853 3512 5900 v,
3544 5837 3633 5894 68.
3735 5837 3778 5866 ⁸³
3818 5837 3985 5894 [ςτιι.
