4190 6458
136 402 237 467 961

991 391 1536 461 GNOSTICORUM
1568 385 1902 444 CAPITU.“
1944 381 2331 441 CENTURlA
2372 380 2486 439 HI.

3269 370 3377 433 m2

209 519 291 573 ιδ’,
340 521 400 572 ὐ
427 520 486 571 τὸ
511 518 567 569 ἓν
595 533 691 585 της
718 514 907 572 δυάδος
933 508 1362 579 ὑπερκουςξίσας,
1385 505 1477 556 καὶ
1501 502 1703 569 ταύτης

1887 496 1970 549 lt.
2002 495 2102 560 Qui
2130 508 2194 546 ex
2229 492 2447 547 duabus
2473 490 2685 545 naturis
2720 487 2928 544 nostris
2961 499 3122 542 unam
3160 484 3380 540 allevia-

138 613 435 683 ἐλευθέραν
464 608 842 679 ἐργασάμενος
874 602 971 671 τὴν
996 600 1188 654 τούτου
1220 596 1519 664 εὐγένειαν,
1545 593 1705 647 ἀῦλον

136 701 299 775 εὗρεν
326 706 385 757 ἐν
420 704 606 762 ἀΰλοις
625 697 897 765 πνεύμασι
926 695 985 746 τὸ
1017 692 1338 755 πολίτευμα,
1367 685 1586 754 πνεῦμα
1615 685 1709 737 καὶ

134 797 301 858 αὐτὸς
335 795 521 863 νοερὸν
558 790 814 857 γεγονὼς.
842 788 891 839 εί
920 784 1013 839 καὶ
1060 782 1223 853 μέσον
1253 781 1448 851 ὁρᾶται
1474 776 1583 830 τῶν
1612 776 1708 831 ἀλ-

133 889 244 941 λων
269 882 573 953 ἀνθρώπων
607 880 1078 948 ἀναστρεφόμενος
1107 871 1339 943 σώματι.

208 977 299 1033 ιε’.
339 978 398 1029 ’0
427 978 495 1045 τῇ
532 974 623 1026 τοῦ
655 973 770 1033 ἐνὸς
791 971 939 1039 αξίᾳ,
969 966 1062 1019 καὶ
1090 964 1367 1033 φύσειτὴν
1393 962 1494 1030 τῆς
1521 961 1709 1022 δυάδος

135 1068 528 1132 καθυωτάξας
573 1063 840 1123 δουλείαν,
889 1060 986 1129 τὴν
1016 1058 1233 1111 ἀπασαν
1263 1055 1440 1108 κτίσιν
1486 1053 1563 1123 τῷ
1592 1050 1713 1121 Θεῷ

140 1157 544 1221 καθυπέταξεν,
579 1157 659 1217 είς
682 1153 739 1205 ἒν
772 1151 838 1205 τὰ
870 1150 1136 1204 διεστῶτα
1160 1146 1403 1215 συνάψας
1438 1144 1531 1197 καί⁵
1558 1146 1711 1214 εἰρη-

138 1252 442 1321 νοποιήσας
466 1249 535 1301 τὰ
560 1246 872 1315 σύμπαντα.

158 1398 161 1399 ,
217 1342 318 1409 ις’.
349 1341 560 1412 Μέχρις
590 1340 657 1392 ἂν
689 1336 825 1405 πρὸς
855 1332 1052 1402 ἑαυτὴν
1085 1333 1118 1401 ή
1150 1330 1309 1399 φύσις
1350 1329 1459 1382 τῶν
1498 1329 1561 1379 ὲν
1589 1328 1722 1395 ἡμῖν

147 1438 437 1505 δυνάμεων
484 1432 741 1501 ἀτάκτως.
766 1428 886 1497 ἔχῃ,
922 1426 1016 1479 καὶ
1047 1424 1126 1485 είς
1156 1422 1356 1483 πολλάς
1397 1420 1722 1490 ἑτερότητας

149 1527 552 1585 διασκίδναται,
604 1517 895 1590 ἀμέθεκτοί
946 1518 1114 1584 ἐσμεν
1137 1514 1231 1566 καὶ
1268 1511 1377 1565 τῶν
1428 1506 1723 1578 ὑπερφυῶν

143 1620 369 1689 δωρεῶν
398 1616 494 1669 τοῦ
524 1611 659 1667 Θεοῦ
678 1628 691 1642 “
716 1609 920 1663 τούτων
945 1606 999 1659 δὲ
1021 1605 1173 1666 ὀντες
1190 1600 1506 1672 ἀμέθεκτοι,
1533 1601 1721 1671 πόρρω

148 1730 256 1766 mu
293 1708 516 1775 καὶτῆς
570 1702 836 1775 μυστικῆς
885 1696 1195 1766 ἱερουργίας
1246 1690 1338 1746 τοῦ
1392 1689 1717 1761 ἐπουρανίου

149 1800 546 1870 θυσιαστηρίου
572 1797 670 1865 τῆς
710 1793 850 1848 κατά
883 1792 982 1858 τὴν
1007 1788 1198 1857 νοεράν
1250 1784 1579 1852 τελουμένης
1626 1780 1720 1834 τοῦ
1748 1830 1786 1884 Β

147 1896 272 1955 νοὸς
300 1891 566 1963 ἐργασίαν
591 1884 880 1953 ίστάμεθα.
926 1881 1094 1933 Ἐπάν
1119 1879 1175 1931 δὲ
1205 1878 1296 1930 διὰ
1325 1873 1529 1941 πολλῆς
1559 1889 1723 1925 σπου-

150 1986 251 2049 δῆς
280 1987 391 2036 τῶν
426 1980 587 2050 ἱερῶν
615 1975 842 2045 ἀγώνων
871 1974 970 2043 τῆς
1016 1969 1290 2037 προσύλω
1322 1966 1521 2027 κακίας
1562 1966 1728 2017 ὲκκα-

151 2076 472 2147 θαρθῶμεν,
516 2072 612 2125 καὶ
644 2072 723 2131 είς
760 2069 818 2121 ἓν
846 2067 947 2129 τὰς
970 2062 1296 2133 ἑτερότητας
1321 2058 1477 2129 ήμῶν
1510 2056 1598 2109 διὰ
1626 2056 1725 2121 τῆς

151 2161 252 2214 τοῦ
285 2159 608 2229 Πνεύματος
652 2157 934 2226 δυνάμεως
960 2152 1395 2221 ἑπισυνάξωμεν,
1422 2147 1725 2219 τηνικαῦτα

148 2251 249 2304 καὶ
280 2249 393 2304 τῶν
446 2249 777 2320 ἀπορρήτων
814 2244 1035 2313 ἀγαθῶν
1084 2243 1177 2295 τοῦ
1216 2241 1353 2296 Θεοῦ
1396 2242 1455 2293 ὲν
1510 2237 1725 2309 μεθέξει

145 2341 442 2411 γινόμεθα,
470 2340 565 2393 καὶ
589 2340 660 2391 τά
707 2337 827 2390 θεία
863 2334 1134 2406 μυστήρια
1175 2335 1275 2402 τῆς
1309 2329 1579 2402 μυστικῆς
1630 2328 1724 2382 τοῦ

148 2433 273 2496 νοὸς
308 2431 627 2503 ἱερουργίας
653 2430 735 2493 είς
754 2429 816 2482 τὸ
836 2428 1247 2499 ύπερουράνιον,
1282 2425 1377 2479 καὶ
1419 2423 1603 2493 νοερὸν
1630 2418 1726 2475 τοῦ

146 2523 288 2576 Θεοῦ
319 2522 735 2594 θυσιαστήριον,
766 2520 933 2585 ἀξίως
962 2520 1039 2589 τῷ
1082 2519 1228 2589 λόγῳ
1257 2518 1350 2571 καὶ
1378 2514 1498 2587 Θεῷ
1526 2515 1729 2584 ἀναφιο

151 2634 347 2687 ρομεν,
370 2616 448 2681 ὡς
477 2616 717 2672 ἐπόπται
742 2616 834 2671 καὶ
864 2616 1031 2686 ἱερεῖς
1066 2613 1175 2667 τῶν
1202 2611 1490 2667 ἀθανάτων
1517 2627 1727 2683 μυστη-

150 2713 285 2780 ρίων
310 2708 504 2763 αὑτοῦ.

223 2801 316 2863 ιζ’.
355 2800 421 2853 'H
466 2800 608 2868 σὰρξ
653 2800 914 2867 ἐπιθυμεῖ
950 2797 1093 2851 κατά
1129 2797 1223 2851 τοῦ
1270 2798 1601 2866 πνεύματος,
1634 2797 1730 2849 καὶ

149 2909 211 2944 το
242 2889 467 2961 πνεῦμα
498 2891 641 2945 κατά
678 2894 780 2961 τῆς
813 2890 1035 2962 σαρκὸς,
1065 2890 1160 2942 καὶ
1196 2890 1344 2958 μάχη
1375 2888 1457 2950 τίς
1483 2891 1631 2941 ἔστιν
1671 2888 1729 2939 ὲν

149 2981 496 3051 ἀμφοτέροις
528 2981 863 3050 ἀκήρυκτος,
904 2980 1052 3042 ὅπως
1080 2978 1305 3048 θάτερον
1337 2978 1477 3031 κατὰ
1507 2976 1602 3030 τοῦ
1633 2976 1731 3030 θα-

150 3073 316 3141 τέρου
354 3072 424 3125 τὰ
471 3072 766 3141 νικητήρια
796 3070 914 3141 ἒξῃ,
972 3070 1067 3122 καὶ
1105 3070 1195 3138 ὑφ’
1229 3070 1391 3123 ἑαυτὸ
1438 3068 1500 3122 τὸ
1531 3070 1731 3138 κράτος

1813 592 1909 651 vit,
1936 596 1989 641 et
2014 602 2044 639 a
2069 584 2329 639 dualitzite
2359 583 2610 637 liberavit
2638 582 2759 652 ejus
2788 578 3152 640 nobilitatem,
3176 577 3374 630 imma-

1813 680 2052 733 terialem
2090 681 2144 731 in
2174 674 2625 731 immaterialibus
2647 672 2929 743 spiritibus
2955 669 3162 725 invenit
3192 668 3382 722 civita-

1813 777 1946 832 tvm,
1971 768 2203 839 spiritus
2236 778 2290 822 et
2315 770 2427 835 ipse
2457 764 2843 820 intellectualis
2874 764 3073 824 lactus.
3107 760 3211 816 etsi
3238 760 3382 814 inter

1812 872 2040 918 caeteros
2079 863 2327 917 homines
2360 875 2589 930 corpore
2621 859 2828 913 versari
2858 856 3094 911 videtur.

1885 956 1971 1009 l5.
2006 954 2108 1019 Qui
2156 952 2319 1007 nobili
2358 952 2556 1006 divinae
2587 946 2836 1004 monadls
2882 957 3091 1002 naturae
3139 940 3381 1013 subjecit

1814 1046 2065 1099 humana:
2108 1044 2300 1115 dyadis
2353 1044 2709 1104 servitutem,
2762 1050 2983 1093 omnem
3040 1033 3376 1090 creationem

1816 1136 1925 1191 Deo
1951 1135 2200 1204 subjecit,
2251 1133 2305 1188 in
2355 1148 2522 1186 unum
2553 1146 2678 1202 qua:
2723 1134 2883 1186 erant
2911 1126 3089 1182 divisa
3130 1123 3381 1180 reconci-

1816 1227 1956 1281 lians
1990 1238 2044 1281 et
2077 1227 2259 1279 omnia
2291 1224 2609 1295 paciﬁcans.

1887 1318 1973 1372 16.
2016 1315 2269 1383 Quaudiu
2321 1326 2523 1369 nostra:
2573 1311 2861 1367 facultates
2907 1308 3121 1364 nullum
3180 1302 3383 1358 habent

1818 1408 1960 1462 inter
1990 1422 2048 1463 se
2074 1407 2346 1471 ordinem,
2374 1413 2428 1460 et
2451 1405 2503 1456 iu
2536 1405 2736 1456 multas
2760 1404 3144 1468 discerpuntur
3165 1395 3383 1451 discre-

1816 1499 2067 1568 pantias,
2120 1513 2225 1551 non
2277 1511 2470 1551 sumus
2530 1492 2827 1564 participes
2876 1485 3383 1558 supernaturalium

1819 1589 1909 1643 Dei
1946 1591 2255 1653 donorum;
2291 1592 2486 1641 horum
2518 1597 2700 1639 autem
2724 1597 2834 1636 non
2869 1581 3191 1648 participes,
3224 1579 3383 1647 longe

1815 1689 2027 1733 stamus
2069 1693 2100 1733 a
2150 1677 2382 1747 mystico
2432 1674 2706 1729 sacriﬁcio
2745 1671 2889 1738 quod
2921 1671 2975 1723 in
3028 1682 3122 1720 ara
3170 1664 3380 1719 caelesti

1818 1771 2201 1824 intellectualis
2252 1767 2501 1836 Operatio
2560 1764 2758 1818 mentis
2806 1760 3038 1833 peragit.
3083 1758 3381 1828 Postquam

1817 1872 1996 1917 autem
2032 1861 2200 1914 multa
2240 1872 2521 1913 sacrorum
2552 1869 2785 1924 agonum
2820 1850 3098 1921 diligentia
3130 1848 3378 1903 u‘undati

1815 1967 2006 2011 sumus
2042 1967 2070 2006 a
2102 1951 2285 2007 carnis
2322 1948 2586 2016 nequitia,
2617 1956 2671 2000 et
2704 1961 2826 2014 qua:
2859 1951 2991 1998 sunt
3019 1943 3073 1995 in
3110 1941 3273 1994 nobis
3299 1939 3386 1993 di-

1815 2050 1954 2111 visa,
1986 2046 2040 2099 in
2082 2058 2251 2099 unum
2282 2040 2519 2110 Spiritus
2553 2038 2755 2092 virtute
2790 2037 3090 2106 coegimus,
3132 2042 3262 2086 tunc
3293 2044 3385 2085 se-

1815 2144 2093 2191 cretorum
2128 2133 2222 2186 Dei
2255 2133 2522 2186 bonorum
2557 2128 2854 2199 participes
2883 2127 3043 2180 limus
3069 2164 3085 2190 ,
3115 2134 3169 2179 et
3200 2121 3387 2177 divina

1819 2226 2076 2296 mysteria
2132 2221 2349 2293 mystici
2415 2220 2618 2275 mentis
2668 2216 2924 2272 sacriﬁcii
2982 2215 3037 2268 in
3101 2213 3386 2268 cmlestem

1818 2317 2263 2385 spiritualemque
2297 2313 2389 2368 Dei
2445 2327 2596 2367 aram
2632 2324 2759 2364 cum
2810 2306 3007 2361 ritibus
3060 2302 3173 2359 Deo
3208 2301 3389 2358 Verbo

1818 2408 1998 2478 dignis
2034 2409 2343 2471 inferimus,
2372 2416 2428 2461 ut
2459 2416 2648 2476 mysta
2678 2409 2733 2459 et
2758 2399 3071 2457 sacerdotes
3102 2398 3390 2455 immorta.

1819 2505 1950 2559 lium
1981 2505 2100 2575 ejus
2140 2501 2551 2574 mysteriorum.

1896 2796 1979 2849 Π.
2020 2796 2162 2850 Caro
2189 2793 2526 2862 concupiscit
2553 2791 2817 2846 adversus
2850 2790 3195 2859 spiritum,et
3225 2788 3393 2857 spiri-

1823 2892 1912 2938 tus
1949 2885 2211 2938 adversus
2240 2899 2458 2937 carnem
2482 2882 2551 2947 ",
2584 2892 2637 2936 et
2666 2893 2873 2936 secreta
2896 2882 3141 2950 quaedam
3172 2882 3391 2935 exsistit

1823 2976 1963 3029 inter
1995 2983 2290 3043 utrumque
2317 2988 2491 3043 pugna
2548 2980 2606 3027 ut
2637 2973 2959 3027 alterutrum
2991 2972 3057 3026 de
3092 2972 3263 3025 altero
3308 2972 3391 3024 vi-

1821 3065 2045 3119 ctoriam
2103 3072 2367 3133 reportet,
2418 3077 2480 3116 ac
2531 3061 2959 3116 dominationem
3018 3060 3084 3113 ad
3142 3060 3385 3129 scipsum

80 3168 87 3172 ’
156 3163 474 3231 ἀγάγηται·
502 3161 643 3229 αῦτη
675 3161 931 3231 ἑτερότης
961 3161 1017 3213 ὲν
1048 3160 1177 3229 ἡμῖν
1220 3158 1456 3227 λέγεται,
1488 3160 1581 3212 καὶ
1606 3160 1729 3212 στά-

1820 3158 2022 3211 trahat.
2068 3156 2180 3211 lluc
2212 3156 2264 3209 in
2313 3156 2466 3210 nobis
2512 3154 2715 3207 dicitur
2760 3152 3057 3217 discordia,
3099 3152 3389 3213 dissensio,

158 3267 265 3313 σις,
296 3252 398 3304 καὶ
432 3252 593 3321 ῥοπὴ,
629 3251 725 3304 καὶ
761 3251 946 3319 ζυγὸς,
982 3252 1076 3304 καὶ
1125 3250 1427 3321 ἁμφιγυιὴς
1460 3249 1627 3317 πάλη,
1662 3249 1730 3303 δι’

157 3336 222 3412 ἧς
253 3345 286 3411 ἡ
309 3342 459 3413 ψυχὴ
500 3342 785 3414 μερίζεται
833 3342 961 3396 ἔνθα
987 3343 1053 3396 ἂν
1082 3343 1181 3413 τήν
1224 3343 1397 3413 ῥοπὴν
1421 3342 1450 3395 ό
1475 3342 1597 3404 νοῦς
1634 3341 1732 3410 δῷ,

156 3437 237 3498 εἰς
272 3436 511 3504 πρᾶγμά
538 3452 592 3488 τι
623 3435 764 3488 κατὰ
795 3435 965 3497 πάθος
1005 3434 1364 3504 ἀνθρώπινον.

233 3531 324 3599 ιη’.
368 3530 511 3593 Ἕως
538 3532 649 3593 τοῖς
672 3529 925 3593 ἀστάτοις
948 3529 1057 3581 τῶν
1076 3526 1352 3597 λογισμῶν
1380 3524 1733 3596 μεριζόμεθα,

160 3626 255 3680 καὶ
281 3627 311 3676 ό
340 3624 503 3693 νόμος
536 3624 635 3691 τῆς
665 3622 867 3692 σαρκὸς
897 3623 955 3673 ὲν
993 3622 1125 3690 ἡμῖν
1158 3622 1463 3690 κρατεῖται,
1513 3618 1608 3670 καὶ
1636 3634 1734 3687 τη-

163 3720 368 3782 ρεῖται,
396 3715 478 3775 είς
506 3713 674 3766 πολλά
700 3730 759 3764 τε
791 3714 935 3783 μέρη
969 3710 1492 3781 διασκεδαννύμεθα,
1522 3710 1615 3763 καί¹
1638 3710 1735 3779 τῆς

162 3807 314 3868 θείας
354 3804 539 3868 ὲνάδος
580 3802 1165 3873 ἀποδιοπομπούμεθα,
1202 3803 1277 3862 ὠς
1310 3802 1385 3871 μὴ
1425 3801 1734 3871 πεπλουτη-

100 3894 103 3895 ⁷
159 3899 321 3959 κότες
347 3898 449 3965 τὴν
474 3895 679 3964 ταύτης
710 3895 941 3966 ἑνότητα
962 3911 977 3925 ⁸
1018 3894 1159 3946 ἐπὰν
1184 3894 1241 3945 δὲ
1271 3893 1332 3945 τὸ
1358 3892 1549 3962 θνητὸν
1578 3891 1738 3945 τοῦτο

160 3988 451 4058 καταποθῇ
474 3984 580 4040 ὑπὸ
603 3987 702 4056 τῆς
718 3985 965 4039 ἑνοποιοῦ
991 3985 1297 4053 δυνάμεως,
1316 3985 1409 4037 καὶ
1428 3983 1737 4052 ὑπερφυοῦς

159 4082 520 4151 ἀμεριμνίας,
567 4081 659 4133 καὶ
690 4081 717 4132 ό
748 4078 871 4141 νοῦς
927 4077 1121 4131 ἑαυτοῦ
1174 4077 1417 4145 γένηται,
1477 4078 1582 4130 ὑπὸ
1628 4076 1738 4130 τῶν

160 4174 471 4240 σοφοποιῶν
507 4171 828 4241 ὲλλάμψεων
859 4171 952 4223 καὶ
990 4170 1279 4239 νοημάτων
1309 4170 1737 4237 καταυγασθεὶς,

162 4265 631 4335 συμπτυσσομένη
661 4262 758 4335 [ἐν
784 4262 926 4317 ἄλλ.
978 4259 1425 4332 συμποσουμένη]
1471 4262 1548 4324 είς
1578 4261 1741 4314 ἑνάδα

161 4355 418 4415 θεοειδῶς
454 4356 487 4424 ἡ
514 4354 682 4425 ψυχὴ,
717 4354 775 4407 ἓν
808 4355 930 4407 ἀντὶ
977 4354 1187 4406 πολλῶν
1218 4352 1550 4422 ἑτεροτήτων
1590 4353 1736 4421 γίνε-

1824 3248 2156 3318 pruclivitas,
2186 3248 2395 3316 jugum,
2445 3255 2500 3300 et
2548 3245 2811 3300 acerrima
2864 3245 3031 3305 lucta,
3081 3258 3175 3310 per
3228 3256 3391 3311 quant

1820 3340 2003 3395 anima
2043 3339 2329 3402 dividitur,
2381 3338 2470 3392 ubi
2518 3338 2740 3392 animus
2780 3336 2845 3390 ad
2894 3336 3100 3404 aliquid
3156 3334 3392 3388 humana

1823 3431 2119 3487 inclinatur
2156 3428 2473 3498 cupiditate.

1894 3521 1977 3574 18.
2013 3518 2266 3584 Quandiu
2306 3515 2654 3569 lnstabilibus
2693 3514 3059 3582 discerpimur
3091 3517 3388 3585 cogitatio-

1822 3611 2006 3673 nibus,
2038 3616 2094 3663 et
2121 3608 2206 3661 lex
2238 3607 2422 3661 carnis
2456 3607 2509 3660 in
2544 3607 2703 3661 nobis
2734 3607 2841 3661 όοη
2868 3608 3049 3661 inatur
3079 3618 3133 3664 et
3163 3627 3389 3667 conser-

1824 3710 2020 3764 vatur,
2071 3700 2126 3753 in
2182 3699 2378 3754 multas
2427 3698 2719 3752 dividimur
2769 3707 2974 3766 partes,
3027 3701 3381 3773 divinumque

1825 3793 2089 3847 unitatem
2120 3804 2148 3842 a
2200 3789 2359 3843 nobis
2408 3803 2780 3853 removemus,
2825 3798 2884 3842 ut
2917 3807 3022 3845 non
3078 3792 3231 3848 dilati
3269 3795 3389 3864 eius

1824 3884 2045 3936 unione.
2074 3879 2210 3935 Cum
2258 3894 2388 3933 vero
2423 3881 2655 3934 mortale
2690 3879 2793 3935 hoc
2826 3882 3150 3952 absorptum
3197 3896 3282 3940 est
3322 3891 3393 3943 ab

1830 3972 2031 4028 unilica
2064 3971 2114 4025 vi
2154 3979 2208 4026 et
2236 3972 2637 4041 supernaturali
2668 3974 2984 4037 securitate,
3016 3986 3070 4030 et
3121 3992 3274 4033 mens
3306 3982 3392 4035 sui

1822 4066 1962 4133 juris
2002 4063 2141 4117 facta
2189 4074 2314 4127 est,
2366 4063 2671 4133 fulgoribus
2718 4066 3252 4137 cogitationibusque
3307 4086 3396 4124 sa-

1828 4157 2041 4227 pientia:
2077 4155 2378 4219 illustrata,
2418 4164 2550 4208 tunc
2605 4159 2659 4209 in
2708 4158 2966 4211 unitatem
3015 4158 3202 4213 divino
3236 4162 3397 4215 modo

1827 4246 2085 4313 replicata
2121 4246 2225 4315 (vel
2277 4246 2557 4315 absorpta)
2602 4246 2806 4311 anima,
2855 4247 2965 4316 jam
2999 4264 3106 4302 non
3134 4248 3398 4316 pluribus

1825 4336 2079 4392 coalescit
2107 4338 2561 4405 discrepantibus,
2603 4337 2696 4391 sed
2747 4346 2831 4392 est
2884 4338 3014 4405 quid
3058 4356 3227 4394 unum
3256 4378 3272 4405 ,
3332 4354 3398 4394 ac

158 4466 271 4513 ται,
301 4448 397 4500 καὶ
431 4449 499 4517 τῇ
532 4447 650 4516 θείᾳ
676 4446 1099 4515 ἐπισυναχθείσα
1134 4444 1345 4514 μονάδι,
1383 4446 1440 4497 ὲν
1471 4444 1732 4514 ἁπλότητι

1827 4428 2023 4482 divina:
2062 4427 2354 4496 conjuncta
2404 4428 2621 4481 munadi
2649 4467 2664 4488 ,
2713 4430 3059 4497 simplicitate
3093 4438 3148 4484 et
3190 4432 3399 4486 unitate

168 4493 271 4513 ’⁷⁷)
306 4493 397 4500 ’⁷⁷⁷⁷
442 4493 499 4517 ’ἱΙ
538 4493 649 4516 ⁷⁷’Τ
678 4493 1098 4515 ’⁷⁷⁷⁷”⁷”Α”⁷’⁷“⁷
1134 4493 1345 4514 t""""'
1387 4493 1431 4497 ’⁷
1475 4493 1732 4514 """"'I"

162 4540 517 4609 θεομιμήτως
568 4539 820 4591 ἑνοῦται·
871 4539 966 4591 καὶ
1042 4537 1199 4591 τοῦτό
1254 4540 1401 4590 ἐστιν
1458 4538 1490 4606 ή
1540 4538 1621 4599 είς
1686 4538 1732 4591 εξ

1831 4520 1998 4575 Deum
2046 4519 2313 4572 imitatur.
2382 4518 2449 4573 Et
2484 4519 2597 4571 haec
2645 4528 2730 4572 est
2775 4519 2972 4573 anima:
3038 4523 3399 4584 restauratio-

162 4634 395 4702 ἀρχαῖον
425 4631 526 4699 τῆς
568 4630 746 4700 ψυχῆς
784 4630 1254 4691 ἀποκατάστασις,
1306 4630 1462 4698 καὶὴ
1505 4628 1641 4696 πρὸς
1682 4629 1743 4680 τὸ

165 4726 418 4794 κρεῖττον
452 4722 607 4791 ήμῶν
632 4721 997 4783 ἁνακαίνισις.

235 4815 324 4867 ιθ’.
355 4814 536 4867 Δεινὸν
563 4815 597 4883 ή
640 4814 828 4880 ἄγνοια
863 4818 954 4865 καὶ
985 4812 1128 4882 πέρα
1160 4812 1369 4877 δεινῶν,
1422 4812 1742 4883 αὐτόχρημα

163 4906 357 4968 σκότος
388 4901 525 4958 οὖσα
576 4904 917 4973 ψηλαφητὸν,
950 4902 1043 4956 καὶ
1082 4903 1180 4962 τὰς
1220 4903 1417 4973 ψυχὰς,
1454 4905 1512 4955 ὲν
1547 4901 1633 4967 αἶς
1675 4906 1741 4958 ἂν

163 4998 485 5064 ἐγγένηται,
545 4994 791 5064 ζοφεράς
820 4994 1180 5057 ἀποτελοῦσα,
1238 4996 1317 5059 είς
1358 4997 1529 5052 πολλά
1573 5014 1632 5051 τε
1682 4999 1743 5051 τὸ

164 5087 521 5156 λογιζόμενον
579 5083 885 5154 διαιροῦσα,
940 5085 1035 5137 καὶ
1089 5084 1196 5138 ἀπὸ
1257 5086 1356 5155 τῆς
1417 5088 1555 5157 πρὸς
1609 5086 1742 5141 Θεὸν

164 5178 415 5239 ἑνὼσεως
447 5175 544 5245 τὴν
606 5174 783 5245 ψυχὴν
818 5174 1196 5244 ἀποτέμνουσα
1219 5193 1233 5206 ·
1263 5175 1470 5247 ταύτης
1499 5176 1558 5230 τὸ
1607 5194 1736 5230 συν-

164 5268 440 5337 αγόμενον
466 5266 635 5331 ἅπαν,
667 5266 858 5334 ἀλογία
881 5265 1026 5318 ἐστίν
1049 5281 1062 5294 ’
1100 5267 1293 5335 ἄλογον
1319 5269 1428 5339 γὰρ
1460 5269 1551 5321 καὶ
1583 5270 1736 5323 ἀναί-

166 5358 366 5428 σθητον
397 5358 457 5409 τὸ
490 5357 612 5410 ὅλον
661 5355 1035 5426 ἀπεργάζεται
1082 5357 1174 5409 τὸν
1214 5357 1522 5428 ἄνθρωπον,
1578 5360 1636 5413 ὃν
1684 5360 1741 5413 δὲ

164 5449 373 5520 τρόπον
409 5450 442 5519 ή
474 5449 665 5518 ἄγνοια
697 5451 775 5511 είς
805 5448 976 5519 πάχος
1008 5449 1334 5518 ὲπιχυθείσα
1375 5450 1541 5514 πολὺς
1582 5450 1742 5521 βυθὸς

165 5542 299 5613 ᾅδου
327 5542 536 5608 γίνεται
562 5544 626 5611 τῇ
656 5541 760 5594 ὑπὸ
789 5542 992 5610 ταύτης
1016 5542 1379 5614 καμπτομένη
1422 5542 1590 5615 ψυχῇ,
1619 5545 1676 5597 ἐν
1698 5538 1743 5613 ᾧ

168 5633 322 5688 πᾶσα
340 5632 584 5703 τιμωρία
612 5634 701 5685 καὶ
731 5631 911 5703 ὀδύνη,
937 5631 1085 5704 λύπη
1112 5632 1204 5687 καὶ
1229 5634 1532 5705 στεναγμὸς
1561 5634 1742 5706 ὑπάρο

239 5825 284 5855 ’⁸
317 5824 496 5880 Calai.
525 5835 578 5885 γ,
614 5821 700 5875 l'l.

1830 4613 1881 4666 in
1931 4612 2221 4680 pristinum
2279 4618 2503 4675 statum,
2550 4622 2600 4665 et
2640 4621 2825 4665 nostra
2875 4614 2928 4666 in
2973 4615 3169 4666 melius
3235 4630 3396 4669 reno-

1827 4708 1998 4766 vatio.

1908 4799 1991 4854 19.
2026 4797 2367 4852 llorrendum
2399 4806 2453 4851 et
2500 4798 2638 4851 ultra
2687 4800 2864 4851 omnia
2916 4800 3273 4857 borrremlum
3316 4813 3400 4859 est

1833 4890 2031 4943 malum
2070 4889 2406 4962 ignorantia,
2442 4903 2563 4957 qua:
2591 4897 2679 4942 est
2707 4889 2882 4958 rcipsa
2921 4891 3100 4960 caligo
3131 4894 3397 4948 densissi-

1834 4994 1938 5044 ma,
1970 4980 2179 5034 animas
2209 4980 2261 5033 in
2295 4979 2496 5048 quibus
2529 4979 2829 5035 olIunditur
2853 5023 2866 5037 .
2909 4986 3226 5040 tenebrosus
3262 4988 3392 5041 red-

1831 5069 1931 5129 dit.
1969 5071 2229 5125 rationem
2273 5071 2324 5124 in
2361 5072 2560 5127 multas
2593 5085 2772 5142 partes
2809 5074 3092 5139 distrahit,
3127 5085 3182 5129 et
3222 5078 3398 5147 impe-

1829 5161 1908 5216 dit
1939 5164 2231 5231 quominus
2282 5166 2460 5218 anima
2512 5165 2621 5220 Deo
2673 5168 2912 5222 uniatur.
2964 5168 3238 5239 Quidquid
3290 5172 3396 5227 ista

1830 5262 2141 5323 congregat.
2175 5264 2258 5310 cst
2299 5262 2560 5320 amentia,
2599 5267 2868 5312 amentem
2905 5262 3048 5314 enim
3080 5271 3133 5316 et
3164 5262 3399 5317 insensi-

1831 5346 1989 5399 bilem
2033 5354 2206 5399 totum
2258 5347 2437 5401 reddit
2473 5348 2767 5402 hominem.
2800 5350 3264 5415 Quemadmodum
3294 5368 3395 5407 an-

1835 5449 1942 5492 tem
1986 5437 2292 5507 ignorantia
2328 5440 2380 5492 in
2415 5455 2647 5493 massam
2681 5454 2936 5497 concreta
2962 5480 2979 5508 ,
3011 5444 3202 5497 anima:
3225 5459 3388 5513 quam

1831 5529 2131 5584 incurvavit
2150 5530 2448 5600 profundus
2464 5531 2519 5585 lit
2545 5531 2810 5594 infernus,
2833 5535 2885 5586 iu
2909 5548 3017 5603 quo
3038 5547 3165 5588 sunt
3193 5550 3391 5605 ptenm,

1826 5620 2005 5687 dolor,
2051 5623 2303 5677 maestitia
2344 5631 2398 5679 ct
2427 5624 2665 5695 gemitus
2702 5642 2717 5678 :
2755 5626 2832 5681 sic
2862 5635 2915 5680 et
2951 5626 3132 5681 divina
3164 5626 3391 5683 scientia
