4190 6458
784 394 893 456 963

2017 391 2318 452 NlCET/E
2355 391 2774 452 PECTORATI

3925 389 4024 453 964

784 502 958 556 lucida
987 512 1067 554 est
1099 509 1151 553 et
1183 499 1413 564 inﬁnita,
1439 499 1733 566 lumenque
1764 497 2033 561 diﬂundit,
2062 506 2114 549 et
2139 497 2350 550 animas

2459 515 2562 567 χει,
2600 496 2743 549 οὕτω
2775 497 2866 549 καὶ
2903 498 2934 566 ἡ
2973 495 3091 548 θεία
3132 493 3331 561 γνῶσις
3364 495 3565 566 φαιδρά
3600 513 3714 558 πως
3741 499 3833 548 καὶ
3873 501 4025 552 ἄπει-

786 609 903 660 qua:
940 592 1112 661 ipsam
1155 593 1391 661 puritate
1427 590 1637 658 adepta:
1677 595 1829 652 sunt,
1858 587 2042 642 divino
2073 588 2354 640 illuminat

792 685 1028 752 fulgore,
1059 697 1263 750 easque
1294 681 1465 749 replet
1499 696 1653 750 pace,
1683 679 2101 748 tranquillitate,
2139 676 2349 735 laetitia.

785 775 1051 842 sapientia
1087 773 1366 838 ineffabili,
1398 782 1451 825 et
1478 772 1714 842 perfecta
1746 773 2034 826 charitate.

856 947 946 1000 20.
987 945 1086 1001 Ubi
1127 956 1210 1001 est
1247 961 1486 1016 praesens
1514 946 1697 1000 divina
1741 947 1836 1001 lux
1860 988 1875 1010 ,
1908 961 2032 1000 cum
2066 959 2174 1000 una
2203 946 2274 1001 sit
2303 954 2358 1000 et

789 1038 1045 1108 simplex,
1081 1037 1146 1090 ad
1179 1039 1415 1107 seipsam
1448 1038 1657 1092 animas
1684 1037 1768 1092 sui
1801 1036 2092 1106 participes
2121 1051 2355 1108 congre-

787 1136 878 1198 gat
909 1136 964 1181 et
1003 1128 1309 1193 convertit,
1350 1142 1554 1196 easque
1588 1128 1708 1181 unit
1753 1127 1984 1196 propriae
2032 1127 2229 1182 unitati
2257 1167 2272 1190 ,
2306 1135 2360 1182 et

789 1217 1007 1288 propria
1041 1218 1254 1287 perﬁcit
1284 1219 1617 1287 perfectione
1643 1225 1697 1272 et
1724 1221 1775 1270 in
1808 1217 2079 1287 profunda
2131 1218 2224 1273 Dei
2271 1219 2357 1272 in-

786 1309 939 1364 ducit
968 1323 1158 1364 earum
1215 1309 1587 1378 intelligentia:
1629 1309 2127 1378 perspicacitatem,
2194 1319 2360 1378 atque

787 1399 1095 1454 sublimium
1123 1401 1506 1468 mysteriorum
1530 1401 2010 1469 contemplatrices
2041 1410 2357 1471 mysusque

787 1501 843 1544 et
894 1500 1237 1560 mystagogas
1272 1490 1389 1546 illas
1434 1491 1617 1546 elﬁcit.
1655 1489 1822 1547 Stude
1868 1493 2033 1564 igitur
2081 1491 2360 1547 laboribus

793 1597 1064 1635 summam
1134 1583 1418 1651 acquirere
1477 1583 1806 1650 puritatem,
1863 1592 1918 1636 et
1975 1583 2190 1637 illorum
2241 1599 2362 1650 qua!

789 1672 1028 1727 diximus
1061 1673 1499 1744 adimpletionem
1533 1672 1642 1727 Deo
1676 1683 1882 1743 gratam
1914 1673 1969 1727 in
2004 1676 2175 1742 teipso
2209 1676 2358 1730 clare

788 1765 1020 1819 videbis.

867 1855 958 1911 2|.
995 1855 1162 1910 Primi
1201 1857 1426 1914 luminis
1477 1858 1875 1913 illustrationes
1928 1860 2126 1914 animis
2175 1861 2358 1929 purili-

791 1950 930 2002 catis
961 1964 1054 2017 per
1080 1948 1360 2003 scientiam
1395 1949 1738 2017 aﬂ‘ulgentes,
1778 1966 1886 2004 non
1933 1951 2109 2004 solum
2140 1965 2234 2005 eas
2264 1952 2361 2005 bo-

790 2051 891 2091 nas
925 2039 1242 2107 lucidasque
1277 2040 1531 2104 reddunt,
1585 2040 1679 2093 sed
1733 2040 1896 2095 etiam
1934 2057 2029 2110 per
2076 2042 2358 2111 physicam

790 2127 1301 2195 contemplationem
1354 2128 1407 2180 in
1455 2127 1772 2196 spirituales
1817 2129 1988 2182 caelos
2035 2130 2360 2197 perducunt.

790 2215 978 2285 Neque
1019 2217 1109 2269 bic
1141 2226 1390 2271 moratur
1419 2220 1471 2270 in
1500 2219 1582 2273 eis
1611 2217 1794 2271 divina
1825 2220 2095 2287 operatio,
2125 2219 2218 2272 sed
2253 2219 2361 2274 huc

793 2319 967 2372 usque
1003 2305 1271 2372 pervenit,
1315 2303 1494 2372 quoad
1540 2305 1632 2356 uni
1680 2303 1788 2357 Deo
1831 2305 2094 2357 uitiantur
2129 2320 2223 2374 per
2259 2321 2350 2358 sa-

790 2395 1048 2463 pientiam
1101 2404 1148 2449 et
1198 2393 1502 2448 abditarum
1556 2396 1842 2450 scientiam
1870 2438 1887 2461 ,
1920 2404 1974 2450 et
2003 2398 2055 2450 iu
2091 2413 2156 2452 eo
2205 2397 2356 2467 plura

796 2500 921 2539 esse
951 2487 1290 2551 desinentes,
1320 2486 1450 2555 quid
1489 2503 1654 2540 unum
1683 2488 1834 2541 ﬁant.

861 2603 951 2656 22.
981 2603 1221 2656 Primum
1254 2613 1469 2672 oportet
1518 2617 1617 2658 nos
1651 2605 1765 2657 ﬁeri
1820 2620 1914 2673 per
1947 2607 2087 2658 viam
2116 2605 2360 2674 purgati-

792 2713 912 2749 vam
942 2711 1108 2764 purus
1149 2705 1201 2748 et
1239 2694 1472 2748 mundos
1508 2709 1539 2748 a
1568 2694 1772 2748 carnali
1821 2695 2215 2764 cogitationum
2267 2713 2362 2749 ne-

793 2789 962 2856 quitia
989 2827 1003 2848 ,
1032 2785 1226 2839 deinde
1255 2785 1714 2840 intellectualibus
1743 2786 1926 2841 oculis
1955 2787 2168 2840 lucidos
2215 2785 2347 2840 ellici

797 2892 890 2945 per
926 2878 1085 2929 aliain
1127 2877 1264 2928 viam
1299 2892 1394 2930 seu
1429 2877 1867 2942 illuminativam,
1891 2893 2012 2947 qua:
2041 2893 2135 2945 per
2171 2879 2360 2947 mysti-

796 2983 914 3019 cam
949 2979 999 3020 et
1041 2968 1094 3020 in
1134 2966 1239 3021 Deo
1268 2967 1644 3021 absconditam
1677 2967 1959 3036 perﬁcitur
1994 2969 2344 3036 sapientiam,

796 3059 981 3127 sicque
1005 3060 1296 3112 ascendere
1325 3059 1378 3112 in
1410 3073 1693 3112 sacrarum
1721 3059 2068 3112 scientiarum
2093 3059 2345 3129 cognitio-

2455 605 2546 658 ρος
2601 590 2681 650 εἰς
2735 586 3075 655 φωτοχυσίαν
3127 586 3489 656 ὑπάρχουσα,
3553 587 3865 654 φωτοειδεῖς
3932 594 4027 651 τὰς

2452 681 2650 750 ψυχὰς,
2671 681 2727 732 ἐν
2759 673 2844 740 αἷς
2872 678 2937 730 ἂν
2987 678 3075 730 διά
3111 677 3486 748 καθαρότητος
3520 679 3764 748 γένηται,
3801 679 4031 748 θεοπρε.

2458 771 2571 836 πῶς
2599 771 2989 840 ἀπεργάζεται,
3025 769 3120 821 καὶ
3181 767 3380 838 πληροῖ
3424 771 3624 832 ταύτας
3653 772 3902 840 εἰρήνης,
3928 787 4030 838 γα-

2455 862 2645 932 λήνης,
2678 864 2873 932 χαρᾶς,
2908 849 3101 928 σοφίας
3127 861 3393 930 ἀρρήτου,
3424 862 3518 913 καὶ
3543 862 3753 922 τελείας
3782 863 4029 928 ἀγάπης.

2521 951 2590 1006 κ’.
2631 953 2695 1006 Ἢ
2723 954 2815 1006 τοῦ
2851 950 2994 1003 θείου
3027 951 3204 1017 φωτὸς
3232 950 3505 1019 παρουσία
3539 953 3682 1021 ἁπλῆ
3721 956 3816 1006 καὶ
3852 954 4032 1005 ἐνιαία

2451 1042 2606 1109 οὖσα,
2637 1047 2773 1116 πρὸς
2795 1043 2994 1113 ἐαυτὴν
3045 1044 3268 1110 συνάγει
3297 1044 3397 1104 τάς
3430 1043 3690 1113 μετόχους
3719 1046 3896 1110 αὐτῆς
3928 1045 4031 1112 ψυ-

2452 1140 2572 1210 χάς,
2607 1139 2702 1190 καὶ
2739 1139 2823 1204 ἐφ’
2870 1135 3071 1203 ἑαυτὴν
3115 1137 3456 1205 ἐπιστρέφει,
3497 1136 3607 1186 ἐνοῖ
3651 1151 3712 1186 τε
3743 1135 3920 1196 αὑτάς
3965 1140 4028 1206 τῇ

2455 1230 2650 1297 ἑαυτῆς
2703 1227 2937 1296 ἐνότητι,
2975 1226 3067 1277 καὶ
3110 1223 3307 1276 τελειοῖ
3351 1227 3416 1293 τῇ
3458 1225 3656 1289 ἐαυτῆς
3701 1223 4027 1293 τελειότητι,

2452 1321 2549 1375 καὶ
2585 1317 2720 1389 πρὸς
2747 1317 2884 1387 βάθη
2919 1315 3057 1369 Θεοῦ
3106 1315 3299 1382 ἀνάγει
3333 1315 3392 1367 τὸ
3430 1317 3530 1384 τῆς
3559 1315 3798 1376 διανοίας
3848 1317 4031 1369 αὐτῶν

2453 1410 2700 1474 ὀπτικδν,
2729 1408 2825 1461 καὶ
2863 1407 3180 1478 μυστηρίων
3219 1406 3478 1475 μεγάλων
3519 1406 3760 1477 θεωροὺς
3795 1408 3894 1459 καὶ
3927 1408 4029 1475 μύ-

2455 1502 2638 1564 στιδας
2671 1500 2765 1554 καὶ
2821 1499 3214 1570 μυσταγωγοὺς
3250 1497 3418 1559 αὑτὰς
3466 1498 3861 1566 ἀπεργάζεται.
3921 1500 4007 1551 Kc

2453 1594 2717 1666 θαρθῆναι
2749 1593 2841 1645 οῦν
2892 1591 3184 1661 βουλήθητι
3215 1591 3304 1643 διὰ
3333 1591 3510 1642 πόνων
3561 1591 3644 1653 είς
3695 1590 3885 1659 ἄκρον,
3935 1589 4032 1642 καὶ

2452 1686 2572 1756 ὄψει
2605 1685 2713 1738 τῶν
2732 1683 3044 1753 λεγομένων
3077 1686 3136 1736 ἐν
3165 1682 3250 1735 σοὶ
3283 1679 3551 1750 ἐναργῶς,
3586 1682 3685 1753 τὴν
3713 1681 3835 1752 Θεῷ
3867 1681 4029 1751 φίλην

2391 1791 2432 1844 Β
2453 1777 2754 1847 ἐνέργειαν.

2524 1873 2630 1920 κα’.
2673 1867 2735 1918 Ai
2760 1864 3044 1933 γινόμεναι
3073 1861 3163 1915 διὰ
3191 1862 3448 1926 γνώσεως
3477 1861 3614 1932 πρὸς
3636 1861 3732 1924 τὰς
3755 1864 4030 1934 κεκαθαρ-

2456 1955 2622 2024 μένας
2656 1954 2834 2024 ψυχάς
2852 1953 3145 2023 ἐλλάμψεις
3177 1951 3272 2004 τοῦ
3295 1951 3516 2022 πρώτου
3540 1952 3736 2020 φωτὸς,
3777 1953 3840 2004 οὐ
3866 1956 4030 2022 μόνον

2455 2046 2623 2107 αὐτὰς
2656 2044 2988 2112 άγαθύνουσι
3055 2045 3151 2096 καὶ
3228 2041 3540 2111 φωτοειδεῖς
3601 2043 4026 2114 ἀπεργάζονται,

2454 2138 2590 2194 ἀλλὰ
2629 2139 2722 2191 καὶ
2745 2137 3006 2203 ἀνάγουσι
3039 2136 3127 2188 διὰ
3158 2134 3398 2203 φυσικῆς
3427 2134 3663 2203 θεωρίας
3692 2137 3769 2198 εις
3803 2138 4028 2205 νοητοὺς

2458 2230 2718 2298 οὖρανοὺς
2733 2244 2748 2260 ο
2781 2229 2876 2279 καὶ
2899 2228 3020 2280 οὐδὲ
3038 2226 3181 2281 οὕτω
3211 2226 3435 2289 ταύταις
3454 2226 3525 2278 τά
3548 2229 3648 2294 τῆς
3668 2228 3819 2291 Θείας
3849 2230 4026 2281 ῖσταν-

2453 2330 2543 2368 ται
2567 2315 2874 2384 ἐνεργείας,
2909 2317 3023 2369 ἀλλ’
3048 2318 3153 2381 ἓως
3196 2319 3314 2371 ἐκεῖ
3350 2317 3599 2389 τελευτᾷ,
3635 2318 3828 2387 μέχρις
3861 2320 3930 2372 ἂν
3958 2321 4033 2390 τῷ

2455 2405 2535 2460 ἑνὶ
2567 2405 2658 2461 διὰ
2682 2407 2876 2474 σοφίας
2909 2407 3172 2473 ὲνωθῶσι,
3207 2410 3303 2462 καὶ
3327 2408 3586 2476 γνώσεως
3613 2409 3722 2461 τῶν
3755 2410 4032 2481 ἀρρήτων,

2455 2499 2552 2555 καὶ
2580 2501 2637 2554 ἐν
2665 2502 2789 2555 ἀντὶ
2817 2501 3030 2555 πολλῶν
3057 2505 3113 2556 ἐν
3139 2503 3291 2574 αὐτῷ
3315 2503 3604 2572 γένωνται.

2525 2593 2630 2663 19'-
2667 2594 2872 2664 Πρῶτα
2923 2596 3055 2667 μὲν,
3108 2597 3333 2666 ἀμιγεῖς
3387 2600 3484 2651 καὶ
3533 2599 3837 2663 άθολώτους
3887 2602 4035 2668 ἡμᾶς

2458 2690 2565 2758 χρὴ
2620 2691 2896 2757 γενέσθαι,
2945 2692 3036 2744 διὰ
3092 2690 3436 2761 καθαρτικῆς
3486 2691 3714 2758 τάξεως,
3766 2692 3878 2744 ἀπὸ
3937 2695 4036 2761 τῆς

2457 2779 2726 2849 προσύλου
2769 2780 2971 2842 κακίας
2998 2779 3108 2834 τῶν
3153 2781 3382 2850 νοητῶν,
3428 2775 3546 2834 εἶτα
3586 2783 4034 2851 πεφωτισμένους

2455 2872 2550 2924 καὶ
2579 2871 2929 2941 ἀειλαμπεῖς,
2954 2871 3022 2924 δι’
3059 2872 3258 2941 ἐτέρας
3289 2873 3498 2939 τάξεως
3542 2875 3644 2942 τῆς
3674 2874 4032 2941 φωτιστικῆς.

2456 2965 2582 3025 τοὺς
2609 2964 2832 3034 νοεροῦς
2902 2964 3256 3032 ὀφθαλμοὺς,
3320 2965 3441 3033 ἥτις
3473 2965 3563 3017 διὰ
3608 2965 3710 3033 τῆς
3768 2965 4036 3034 μυστικῆς

2459 3056 2711 3121 τελεῖται,
2747 3057 2840 3109 καὶ
2875 3060 2931 3108 ἐν
2969 3056 3090 3126 Θεῷ
3136 3057 3528 3126 κεκρυμμένης
3559 3057 3773 3123 σοφίας,
3821 3055 3915 3108 καὶ
3952 3053 4037 3107 οῦ·

799 3164 921 3204 nem
961 3164 1097 3202 nova
1123 3159 1177 3203 et
1204 3160 1386 3204 vetera
1427 3165 1522 3218 per
1570 3150 1796 3202 verbum
1832 3151 2159 3205 habentibus
2199 3165 2360 3203 aures

2459 3165 2564 3210 τως
2595 3148 2934 3219 ἀναδραμεῖν
2964 3150 3044 3212 εἰς
3073 3149 3172 3217 τὴν
3193 3149 3303 3201 τῶν
3336 3148 3501 3218 ἱερῶν
3531 3148 3790 3216 γνώσεων
3819 3147 4037 3215 ἐπιστή-

797 3242 1221 3301 miaistiantem,
1252 3252 1301 3291 et
1327 3242 1656 3310 participare
1687 3241 1809 3294 aliis
1833 3241 2184 3295 absconditas
2217 3242 2363 3295 illius

800 3334 1062 3402 my~ticas
1112 3333 1505 3400 cogitationes,
1548 3333 1650 3385 has
1679 3332 1933 3387 videlicet
1967 3334 2020 3385 in
2053 3334 2169 3402 pias
2199 3348 2362 3388 aures

798 3424 1113 3487 derivando,
1150 3435 1202 3478 et
1235 3424 1304 3478 ab
1347 3423 1840 3492 imperfectioribus
1883 3425 2216 3479 removendo
2242 3469 2254 3488 ,
2295 3433 2362 3478 ut

802 3532 908 3569 non
939 3517 1136 3568 dentur
1168 3525 1354 3569 sancta
1399 3516 1664 3578 canibus,
1714 3531 1816 3570 nec
1863 3518 2160 3585 margarita
2207 3519 2360 3571 verbi

799 3606 1121 3675 prnjhiater
1178 3615 1302 3659 ante
1334 3606 1540 3661 similes
1587 3607 1771 3675 porcis
1817 3607 2028 3663 animas
2082 3623 2202 3679 qua
2242 3623 2364 3663 eam

796 3700 1039 3754 inutilem
1077 3698 1386 3754 redderent.

864 3878 956 3932 23.
1002 3879 1137 3933 Cum
1179 3876 1376 3947 aliquis
1407 3876 1658 3932 ardorem
1683 3891 1797 3931 sua
1831 3878 2029 3931 animae
2069 3877 2123 3930 in
2182 3877 2368 3933 since-

795 3985 910 4025 ram
948 3969 1104 4023 tidem
1149 3967 1352 4038 Deique
1377 3969 1696 4023 charitatem
1728 3982 1978 4022 crescere
2015 3968 2190 4032 videt,
2225 3978 2355 4024 tunc

799 4060 938 4113 sciat
970 4057 1096 4112 ferri
1131 4059 1184 4109 in
1219 4057 1399 4122 scipso
1448 4056 1724 4110 Christum
1747 4097 1764 4121 ,
1813 4057 1905 4127 qui
1945 4058 2010 4111 de
2040 4066 2185 4112 terra
2217 4067 2270 4113 et
2303 4060 2370 4114 de

797 4149 1102 4200 visibilibus
1136 4148 1294 4215 erigit
1327 4147 1497 4214 ipsius
1529 4148 1766 4201 animam
1793 4187 1808 4212 ,
1844 4150 2006 4217 eique
2073 4150 2128 4201 in
2187 4153 2360 4203 caelos

802 4243 1184 4294 habitationem
1222 4249 1392 4306 parat.
1420 4239 1553 4292 Cum
1582 4249 1765 4293 autem
1814 4241 2006 4309 repleri
2046 4243 2241 4309 gaudio
2274 4257 2370 4296 cer

804 4349 962 4386 suum
998 4332 1249 4394 advertit,
1277 4339 1327 4382 et
1355 4331 1743 4398 concupiscere
1777 4329 1964 4383 abdita
2016 4332 2068 4382 iii
2110 4345 2373 4397 compun-

812 4425 990 4475 ctione
1020 4421 1108 4474 Dei
1141 4424 1304 4482 bona,
1334 4432 1463 4474 tunc
1493 4422 1632 4475 sciat
1661 4436 1719 4474 se
1747 4435 1776 4472 a
1803 4421 1988 4475 divino
2023 4422 2228 4489 Spiritu
2254 4438 2374 4476 esse

803 4516 1140 4568 instinctum.
1221 4515 1354 4566 Cum
1425 4529 1550 4567 vero
1621 4512 1827 4565 lumine
1900 4513 2156 4566 iueﬂ'abili
2215 4530 2368 4568 suam

804 4606 996 4672 repleri
1046 4612 1278 4657 mentem
1329 4606 1494 4658 sentit
1535 4614 1588 4658 et
1636 4604 2062 4672 cogitationibus
2089 4606 2370 4673 sapientite

805 4695 1140 4762 superioris,
1221 4698 1369 4760 [tunc
1453 4694 1592 4748 sciat
1667 4692 1933 4747 Paracleti
2008 4697 2235 4764 gratiam
2313 4698 2365 4748 in

817 4798 966 4837 suam
1025 4784 1234 4835 infundi
1285 4784 1546 4845 animam,
1610 4781 1676 4835 ad
1737 4783 2085 4837 revelant!qu
2134 4785 2368 4838 abscon-

803 4876 945 4926 ditos
997 4875 1047 4925 in
1091 4889 1155 4925 eo
1190 4876 1473 4926 thesauros
1529 4873 1678 4941 regni
1714 4873 2002 4940 cmlorum,
2041 4883 2097 4928 et
2152 4890 2271 4929 sese
2312 4885 2368 4928 ut

805 4965 898 5016 Dei
935 4965 1193 5032 palatium
1227 4973 1279 5017 et
1309 4964 1561 5031 templum
1599 4963 1836 5032 Spiritus
1867 4965 2043 5016 sancti
2068 4964 2355 5032 diligenter

803 5058 1092 5110 custodiat.

877 5457 966 5509 ει.
1003 5456 1077 5506 Αιῑ
1130 5452 1453 5507 servandum
1490 5449 1839 5502 absconditos
1869 5447 2112 5518 Spiritus
2148 5448 2372 5500 thesau-

809 5568 921 5611 r05,
957 5548 1255 5599 vacandum
1285 5554 1365 5598 est
1396 5561 1424 5597 a
1458 5545 1619 5595 rebus
1652 5543 1920 5604 humanis,
1960 5542 2103 5610 quod
2155 5541 2371 5609 proprie

812 5646 1046 5707 (|llit'lel||
1097 5639 1235 5690 ratio
1282 5645 1459 5688 vocat.
1515 5635 1636 5686 Ilaae
1691 5643 1869 5686 autem
1924 5634 2080 5701 quies
2133 5647 2372 5686 amorem

811 5732 1090 5786 Citnt‘ilalis
1138 5730 1226 5780 Dei
1282 5743 1344 5779 ex
1414 5727 1677 5779 munditia
1740 5725 1921 5778 cordis
1980 5734 2033 5776 et
2087 5725 2376 5776 dulcedine

817 5821 1258 5891 CUlltplill"li0|liS
1296 5819 1669 5873 vehementius
1701 5816 2022 5882 accendens,
2059 5815 2216 5870 solvit
2256 5817 2375 5868 ani-

2459 3257 2568 3310 μην
2615 3241 2715 3310 τὴν
2742 3243 2808 3295 τά
2837 3241 2952 3305 νέα,
2987 3241 3082 3295 καὶ
3121 3241 3189 3294 τά
3229 3241 3438 3294 παλαιά
3484 3242 3572 3294 διὰ
3600 3241 3694 3293 τοῦ
3727 3241 3891 3306 λόγου
3931 3242 4035 3300 τοῖς

2454 3333 2670 3404 ἔχουσιν
2695 3328 2808 3387 ῶτα
2831 3335 3213 3399 διακονοῦσαν,
3238 3336 3334 3389 καὶ
3366 3335 3755 3405 μεταδοτικοῦς
3783 3333 4034 3400 γενέσθαι

2455 3426 2563 3478 τῶν
2602 3428 3004 3499 κεκρυμμένων
3051 3430 3221 3499 αὐτῆς
3278 3428 3563 3499 μυστικῶν
3593 3427 3915 3496 νοημάτων,
3966 3425 4036 3484 εἷς

2457 3516 2763 3585 ἀϐεϐήλους
2792 3519 2932 3572 αὺτά
2963 3519 3206 3587 δηλονότι
3244 3517 3702 3588 μετοχετεύοντας
3731 3516 3926 3576 ἀκοὰς.
3953 3515 4036 3566 καὶ

2456 3608 2566 3660 ἀπὺ
2587 3608 2696 3660 τῶν
2729 3610 3103 3680 ἀτελεστέρων
3133 3610 3568 3672 διαστέλλοντας,
3597 3608 3684 3660 ἶνα
3718 3607 3797 3677 μὴ
3827 3607 3895 3659 τὰ
3919 3607 4037 3672 ἅγια

2459 3699 2678 3752 δίδωται
2712 3703 2820 3764 τοῖς
2870 3703 3037 3766 κυσὶ,
3080 3703 3214 3774 μηδέ
3261 3704 3288 3754 ό
3341 3699 3691 3771 μαργαρίτης
3740 3697 3838 3751 τοῦ
3886 3697 4039 3763 λόγου

2473 3792 2738 3864 βάλληται
2770 3795 2851 3857 εἰς
2873 3795 3154 3867 χοιρώδεις
3182 3795 3363 3866 ψυχάς
3387 3794 3483 3857 τὰς
3508 3791 3836 3864 ἀχρειοὺσας
3865 3791 4038 3844 αὐτόν.
4079 3853 4090 3864 ⁸

2535 3893 2640 3954 κγ’.
2682 3887 2849 3940 Ὅταν
2877 3905 2964 3953 τις
2991 3889 3052 3942 τὸ
3082 3887 3346 3958 διάπυρον
3375 3885 3542 3941 αὑτοῦ
3571 3885 3672 3954 τῆς
3714 3882 3895 3952 ψυχῆς
3926 3883 4044 3948 περὶ

2467 3979 2567 4049 τὴν
2609 3979 2916 4033 ἐνδιάθετον
2961 3979 3144 4034 πίστιν
3181 3981 3281 4050 δρᾷ
3323 3978 3749 4045 πλατυνόμενον,
3813 3975 3912 4026 καὶ
3955 3972 4044 4040 τὴν

2463 4072 2550 4124 τοῦ
2581 4070 2716 4124 Θεοῦ
2748 4074 2991 4142 ἀγάπην,
3026 4072 3148 4126 τότε
3190 4074 3428 4141 Χριστὸν
3478 4067 3844 4138 ἐπιφέρεσθαι
3887 4084 4044 4132 γινωο

2469 4164 2645 4216 σκέτω
2683 4165 2740 4215 ἐν
2784 4165 2982 4234 ἐαυτῷ,
3027 4164 3125 4237 τὴν
3173 4166 3279 4218 ἀπὸ
3315 4165 3421 4232 γῆς
3472 4165 3566 4216 καὶ
3610 4162 3717 4214 τῶν
3749 4161 4045 4230 ὁρωμένων

2463 4257 2798 4326 ἐνεργοῦντα
2823 4259 3102 4326 ἀνύψωσιν
3136 4259 3233 4327 τῆς
3262 4256 3429 4310 αὐτοῦ
3463 4257 3672 4323 ψυχῆς,
3705 4255 3801 4306 καὶ
3831 4255 3914 4314 εἰς
3959 4254 4044 4304 οὗ·

2464 4347 2660 4418 ρανοὺς
2689 4347 2786 4417 τὴν
2835 4349 3006 4417 αὐτῆς
3042 4344 3402 4416 ἐτοιμάζουτα
3436 4344 3723 4398 κατοικίαν
3747 4360 3762 4372 ·
3812 4345 3944 4395 ὅταν
3994 4341 4045 4393 δὲ

2460 4443 2635 4512 χαρᾶς
2681 4441 3024 4510 πληροῦσθαι
3053 4443 3154 4508 τὴν
3190 4439 3356 4492 αὑτοῦ
3398 4438 3624 4505 καρδίαν
3655 4438 3920 4503 κατανοῇ,
3957 4437 4045 4486 καὶ

2462 4533 2521 4586 ἐν
2557 4531 2830 4602 ἐπιθυμίᾳ
2861 4530 3112 4597 γίνεσθαι
3153 4530 3258 4581 τῶν
3299 4529 3632 4597 ἀπορρήτων
3666 4529 3723 4579 ἐν
3752 4527 4045 4588 xum-niis:

2460 4622 2558 4678 τοῦ
2589 4623 2728 4676 Θεοῦ
2765 4624 3012 4691 ἀγαθῶν,
3053 4625 3176 4675 τότε
3210 4621 3364 4684 εἰδὼς
3404 4621 3546 4673 ἔστω
3575 4620 3682 4671 ὑπὸ
3717 4619 3866 4670 θείου
3897 4620 4046 4686 ἐνερο

2460 4716 2723 4785 γούμενον
2756 4716 2946 4768 ἑαυτὸν
2978 4715 3298 4785 Πνεῦματος
3316 4730 3330 4744 ο
3358 4714 3487 4766 ὅταν
3511 4712 3566 4764 δὲ
3599 4711 3778 4778 φωτὸς
3804 4712 4047 4780 ἀρρήτου

2466 4807 2848 4878 πληρούμενον
2882 4808 3136 4874 αἴσθηται
3166 4807 3256 4858 τὸν
3297 4804 3494 4858 ἑαυτοῦ
3527 4803 3674 4865 νοῦν,
3715 4804 3809 4854 καὶ
3840 4803 4048 4870 νοημά-

2462 4912 2571 4948 των
2599 4897 2793 4963 σοφίας
2815 4896 2912 4962 τῆς
2937 4896 3271 4965 κρείττονος,
3296 4894 3416 4946 τότε
3445 4894 3599 4946 ἰδέτω
3619 4893 3719 4961 τὴν
3747 4891 4047 4960 ἐπιδημῖαν

2463 4985 2604 5041 εἶναι
2637 4991 2730 5041 καὶ
2757 4989 3005 5056 γίνεσθαι
3040 4989 3134 5040 τοῦ
3169 4988 3530 5058 Παρακλήτου
3577 4989 3635 5039 ἐν
3672 4990 3741 5056 τῇ
3771 4985 3923 5053 ψυχῇ
3955 4986 4044 5035 αὖ·

2461 5080 2579 5144 τοῦ,
2609 5081 2691 5143 εἰς
2732 5081 3042 5149 φανέρωσιν
3086 5080 3194 5133 τῶν
3225 5079 3634 5149 κακρυμμένων
3663 5079 3722 5130 ἐν
3769 5078 3922 5147 αὐτῷ
3957 5076 4048 5143 θη-

2464 5175 2685 5243 σαυρῶν
2727 5175 2827 5242 τῆς
2861 5173 3138 5242 βασιλείας
3172 5173 3282 5224 τῶν
3330 5172 3598 5241 οὐρανῶν,
3641 5173 3734 5223 καὶ
3767 5172 3845 5235 ὡς
3876 5173 4045 5224 παλά-

2466 5286 2578 5321 τιον
2620 5267 2755 5320 Θεοῦ
2809 5268 2903 5319 καὶ
2943 5267 3371 5336 κατοικητήριον
3405 5264 3747 5334 Πνεῦματος,
3801 5264 4046 5335 άκριδῶς

2463 5362 2654 5414 ἑαυτὸν
2686 5361 3026 5428 φυλαττέτω.

2535 5453 2631 5508 κδ’.
2662 5454 2724 5505 Ἦ
2752 5453 2966 5522 φυλακὴ
2987 5453 3094 5505 τῶν
3121 5452 3455 5520 ἀποκρὸςων
3477 5451 3569 5504 τοῦ
3599 5452 3922 5518 Πνεῦματος
3951 5452 4044 5518 θηο

2466 5545 2704 5615 σαυρῶν,
2733 5547 2763 5613 ἡ
2790 5544 2954 5614 σχολὴ
2980 5545 3087 5596 τῶν
3115 5543 3472 5613 ἀνθρωπίνων
3505 5546 3849 5612 πραγμάτων
3876 5546 4041 5602 ἐστὶν,

2465 5637 2532 5706 ἢν
2554 5638 2756 5704 κυρίως
2782 5639 2872 5688 καὶ
2892 5637 3122 5705 ἡσυχίαν
3144 5639 3170 5689 ὁ
3188 5635 3343 5703 λόγος
3364 5637 3535 5687 καλεῖ.
3561 5635 3708 5705 Λῦτη
3732 5636 3786 5686 δὲ
3813 5636 3901 5686 τὸν
3922 5637 4044 5703 ἔρω-

2465 5747 2532 5781 τα
2551 5731 2645 5796 τῆς
2666 5728 2757 5780 τοῦ
2777 5729 2910 5780 Θεοῦ
2936 5729 3178 5796 ἀγάπης,
3204 5731 3266 5779 ἐκ
3301 5728 3670 5797 καθαρότητος
3694 5728 3922 5793 καρδιας
3955 5729 4043 5780 καὶ

2469 5821 2658 5888 ἡδονῆς
2692 5821 3057 5883 καταγίζει-ις,
3091 5819 3446 5888 deﬁge-.597;
3482 5820 3896 5880 ἐπανάτιτουσα,
3932 5817 4041 5870 λύει
