4190 6458
157 381 265 441 965

1006 365 1559 429 UNOSTICOBUM
1592 365 1926 428 (IAPITUM
1966 370 2357 431 CENTURIA
2394 369 2509 431 ΙΙΙ.

3301 374 3409 435 966

153 492 258 559 τὴν
276 488 457 557 ψυχὴν
484 485 593 539 τῶν
622 484 838 553 δεσμῶν
862 481 971 534 τῶν
1002 477 1434 548 αίσθήσεων,καὶ
1461 480 1560 548 τὴν
1584 477 1733 530 ἐλευ-

1844 497 1983 536 mam
2020 498 2049 537 a
2078 484 2310 538 vinculis
2341 498 2600 540 sensuum
2629 523 2645 547 ,
2675 497 2907 552 eamque
2956 483 3148 539 invitat
3197 487 3263 541 ad
3300 507 3412 541 atu-

154 583 350 652 θερίαν
381 580 557 633 πείθει
594 576 703 629 τῶν
732 575 951 644 τρόπων
971 568 1335 636 ἀσπάζεσθαι.
1354 569 1467 632 Τὰς
1492 570 1549 623 δὲ
1572 568 1736 622 δυνά-

158 689 282 741 μεις
313 672 487 740 αὐτῆς
522 666 969 738 μεταστρέψασα,
1003 663 1138 736 πρὸς
1158 662 1219 715 τὸ
1245 660 1388 715 κατά
1417 660 1581 729 φύσιν
1609 661 1741 713 ἀνα⁸

154 766 427 827 καλεῖται,
475 766 570 815 καὶ
618 763 719 832 τὴν
776 758 1012 831 ἀρχαίαν
1062 758 1251 819 αὐταῖς
1292 754 1741 809 ἀποκατάστασιν

153 857 375 911 δίδωσιν
399 858 480 920 είς
505 856 566 909 τδ
601 855 677 927 μὴ
703 854 901 916 κακίας
930 850 1071 906 εἷναί
1105 870 1158 905 τι
1187 851 1496 920 κατήγορον
1518 848 1600 921 τῷ
1631 849 1740 918 Δηο

159 950 415 1021 μιουργῷ
441 950 549 1001 τῶν
577 948 760 1001 καλῶν
784 948 849 999 ἐκ
872 949 972 1016 τῆς
1002 947 1092 998 ἐπὶ
1119 944 1179 997 τὸ
1202 945 1385 1013 χεῖρον
1407 945 1506 1012 τῆς
1533 940 1743 1005 είκόνος

158 1040 530 1111 παρατροπῆς
560 1038 653 1091 καὶ
683 1039 973 1104 κινήσεως.

238 1139 343 1185 κε’.
376 1131 471 1193 Είς
502 1131 605 1199 τὴν
636 1127 791 1199 ίερὰν
819 1126 1045 1196 ταύτην,
1075 1124 1171 1179 καὶ
1197 1123 1350 1179 θείαν
1374 1122 1676 1189 τελείωσιν,
1709 1124 1744 1195 η

160 1225 389 1293 εὔλογος
420 1221 612 1288 ἀνάγει
646 1218 740 1273 καὶ
778 1218 1099 1287 ιπιστήμων
1129 1213 1371 1285 φαιδρῶς
1399 1213 1619 1285 ἡσυχία.
1657 1212 1745 1280 ιε-

158 1313 485 1382 ασκουμένη
531 1307 771 1380 δηλαδὴ,
806 1308 902 1360 καὶ
944 1304 1320 1375 μετερχομένη
1364 1305 1628 1374 νομίμως.
1680 1301 1745 1356 El

157 1408 206 1460 δ’
237 1407 341 1458 οὐκ
372 1407 451 1466 εἰς
499 1400 753 1457 τοσοῦτον
782 1400 882 1468 τὴν
922 1396 1199 1466 ἀνύψωσιν
1228 1395 1378 1467 laxa,
1408 1398 1501 1449 καὶ
1529 1396 1628 1466 τὴν
1651 1411 1743 1449 τε·

160 1496 385 1551 λείωσιν
415 1497 443 1548 ὁ
473 1493 649 1549 δοκῶν
677 1490 991 1563 ἡσυχάζειν,
1031 1489 1141 1560 ἀρα
1181 1490 1281 1560 τὴν
1308 1486 1504 1557 νοητὴν
1534 1488 1634 1542 οὐκ
1662 1488 1742 1542 ἔτι

162 1595 263 1648 καὶ
289 1592 505 1646 τελείαν
546 1588 821 1661 ἡσύχασεν
871 1586 1135 1657 ἡσυχίανο
1167 1583 1283 1639 ἀλλ’
1326 1583 1446 1636 οὐδὲ
1485 1582 1747 1654 ἡσυχάσει

166 1684 282 1739 ἀπὸ
312 1680 591 1752 τῆξένδον
622 1677 793 1748 ζάλης
818 1676 928 1728 τῶν
956 1673 1274 1727 ἀκαθέκτων
1300 1670 1511 1732 παθῶν,
1544 1672 1649 1735 ἕως
1679 1672 1747 1724 ἂν

168 1781 252 1841 είς
272 1775 432 1830 τοῦτο
461 1772 752 1845 ἀναδράμῃ
782 1770 842 1823 τὸ
874 1767 1007 1838 ὕψος
1027 1784 1041 1797 ·
1078 1766 1238 1838 μόνον
1265 1765 1321 1818 δὲ
1347 1765 1408 1819 τὸ
1448 1764 1610 1834 σῶμα
1635 1764 1748 1816 τοί-

167 1887 293 1940 χοις
346 1865 811 1939 περιωρισμένον,
842 1859 875 1931 ἢ
909 1861 1093 1921 ὀπαῖς,
1140 1858 1234 1910 καί⁵
1287 1855 1573 1925 σπηλαίοις
1614 1854 1747 1922 εξει,

172 1961 283 2014 ὑπὸ
309 1959 392 2012 νοῒ
423 1961 644 2027 ἀτάκτῳ
667 1954 765 2007 καὶ
801 1951 1142 2021 πλανωμένῳ
1173 1947 1658 2018 κατατριϐόμενον.

232 2124 349 2183 κς“.
390 2116 571 2186 Ψυχαὶ
605 2116 662 2170 αἱ
703 2116 783 2181 είς
829 2118 1000 2187 ἀκρον
1041 2116 1307 2171 ἐλάσασαι
1350 2120 1740 2192 καθαρότητος,

158 2208 259 2262 καὶ
292 2209 373 2270 εἰς
416 2205 551 2275 ὕψος
594 2205 1005 2276 ἀναδραμοῦσαι
1053 2208 1196 2277 μέγα
1232 2210 1421 2278 σοφίας
1475 2211 1569 2263 καὶ
1603 2211 1743 2279 γνὼ-

158 2318 326 2364 σιως.
354 2302 464 2365 τοῖς
499 2299 785 2371 Χερουϐὶμ
821 2299 1064 2355 ἐοίκασιν
1101 2301 1324 2371 ἀμέσως
1356 2319 1497 2367 πως,
1525 2302 1613 2356 διὰ
1640 2303 1740 2376 τῆς

159 2387 350 2442 αὐτῶν
371 2389 680 2462 ἐπιστήμης
703 2396 770 2464 τῇ
796 2397 945 2467 πηγῇ
975 2396 1372 2469 πλησιάζουσαι
1401 2401 1510 2455 τῶν
1536 2405 1735 2463 καλῶν.

157 2481 441 2534 Κάκεῖθεν
471 2482 571 2551 τὴν
626 2484 726 2555 τῆς
773 2485 990 2551 εὐθείας
1040 2490 1335 2556 ἐποπτείας
1378 2494 1742 2570 ἑκφαντορίαν

157 2572 426 2644 καθαρῶς
454 2575 855 2648 είσδεχόμεναι,
894 2576 962 2654 ἦς
991 2584 1088 2637 καὶ
1125 2584 1283 2654 μόναι
1311 2586 1421 2641 τῶν
1463 2589 1742 2663 Χερουϐὶμ

155 2664 217 2716 αί
251 2663 513 2735 δυνάμεις
542 2668 763 2738 ἀμέσως
792 2672 930 2742 πρὸς
957 2675 1057 2744 τῆς
1091 2674 1352 2748 θεαρχίας
1374 2679 1545 2749 αὐτῆς
1573 2676 1743 2735 κατα-

156 2754 474 2824 λάμπονται
500 2758 569 2811 τά
598 2760 790 2825 πολλὰ,
823 2763 898 2826 ὡς
943 2763 1050 2835 ἔφη
1092 2782 1199 2830 τις,
1253 2767 1363 2820 τῶν
1403 2768 1565 2822 θείων
1609 2770 1743 2824 θεω-

160 2848 319 2915 ριῶν,
354 2849 478 2902 καθ’
509 2852 821 2922 ὑπερτάτην
848 2854 1131 2911 ἀνάτασιν.

233 2936 341 3001 κζ’.
378 2940 643 3012 Καθάπερ
671 2945 727 2995 αί
753 2944 968 3015 πρῶται
988 2947 1097 3000 τῶν
1126 2948 1239 3001 ἀνω
1263 2948 1541 3021 δυνάμεις,
1566 2956 1620 3006 αί
1651 2956 1747 3025 μὲν

158 3028 349 3082 αὐτῶν
379 3028 714 3099 θερμόταται
746 3034 874 3097 είσι,
908 3035 1003 3087 καὶ
1055 3035 1314 3102 ὀξύταται
1349 3041 1477 3111 περὶ
1510 3045 1578 3095 τά
1605 3043 1747 3108 θεῖα,

1836 575 2173 643 plectendam
2214 576 2334 629 vita!
2359 576 2690 631 libertatem.
2720 573 2867 628 illius
2896 586 3079 630 autem
3112 576 3402 636 facultates

1833 681 2126 721 conversas
2151 666 2220 721 ad
2251 672 2455 719 motum
2494 665 2795 719 naturalem
2824 680 3061 727 revocat.
3092 669 3143 723 in
3174 678 3285 724 stat
3310 688 3414 723 nn-

1835 774 1941 827 que
1972 767 2242 813 restanrat
2278 758 2595 828 pristinum,
2632 768 2691 812 ut
2733 759 2868 812 nihil
2918 761 3045 814 mali
3077 761 3411 830 exprobrari

1837 851 2010 920 possit
2033 849 2280 903 Creatori
2326 852 2594 904 bonorum
2647 865 2711 903 ex
2746 866 2811 905 eo
2856 850 3006 922 quod
3056 852 3111 906 iu
3163 855 3414 909 deterius

1835 941 2015 1011 imago
2047 941 2166 1010 ejus
2191 940 2514 996 deﬂectatur
2538 951 2593 997 et
2626 952 2770 998 ruat.

1906 1120 1999 1175 τε.
2032 1120 2111 1177 Ad
2155 1121 2300 1175 hanc
2344 1134 2559 1178 sacram
2614 1121 2973 1194 divinamque
3020 1123 3412 1193 perfectionem

1838 1212 1992 1269 ducit
2028 1212 2374 1268 rationabilia
2407 1222 2463 1268 et
2493 1212 2654 1269 docta
2698 1214 2985 1286 splendide
3031 1215 3215 1284 quies,
3247 1233 3414 1274 eser-

1837 1304 1971 1359 citio
2013 1304 2263 1359 videlicet
2295 1311 2351 1359 et
2398 1303 2653 1376 legitima
2692 1320 2895 1363 vacans
2936 1308 3304 1378 occupationi.
3356 1309 3415 1363 Si

1838 1408 1968 1448 vero
2002 1391 2241 1447 nondum
2291 1392 2357 1448 ad
2396 1401 2606 1448 tantam
2656 1396 2903 1464 pervenit
2947 1397 3310 1452 elevationem
3360 1408 3418 1453 et

1843 1487 2228 1559 perfectionem
2264 1487 2356 1558 qui
2395 1488 2614 1542 videtur
2656 1487 2897 1558 quietus,
2950 1490 3115 1556 igitur
3147 1490 3415 1560 spiritua-

1842 1581 1944 1633 lem
1984 1577 2389 1647 perfectamque
2426 1577 2669 1632 nondum
2725 1579 2956 1648 adeptus
3005 1586 3091 1634 est
3119 1580 3361 1649 quietem
3391 1618 3407 1643 ,

1842 1669 1952 1723 imo
1997 1683 2105 1722 non
2150 1668 2459 1737 requiescet
2499 1668 2567 1722 ab
2606 1668 2821 1723 interna
2870 1669 3166 1723 infrenium
3202 1670 3418 1740 cupidi-

1847 1770 2016 1815 tatum
2047 1769 2394 1832 tempestate,
2423 1762 2554 1829 quin
2581 1760 2647 1814 ad
2675 1761 2818 1815 hunc
2844 1762 3155 1816 ascenderit
3182 1761 3415 1833 apicem,

1846 1853 2023 1909 solum
2060 1863 2241 1907 autem
2272 1868 2493 1924 corpus,
2532 1862 2590 1906 ut
2621 1855 2795 1910 muris
2825 1855 3191 1920 cavernisque
3234 1864 3288 1910 et
3319 1871 3420 1909 an-

1842 1945 1943 2001 tris
1993 1946 2412 2008 circumdatum,
2470 1946 2895 2013 contribulatum
2953 1946 3176 2003 habebit
3207 1986 3223 2011 .
3281 1945 3416 2002 dum

1846 2051 2005 2091 mens
2038 2037 2157 2090 sine
2185 2036 2376 2090 ordine
2405 2037 2710 2106 vagabitur.

1911 2127 2002 2180 26.
2036 2124 2245 2179 Anima
2277 2124 2343 2178 ad
2376 2140 2644 2180 summam
2669 2136 2869 2183 evecta:
2897 2130 3193 2199 puritatem
3217 2170 3232 2195 ,
3260 2136 3313 2184 et
3351 2131 3418 2182 ad

1844 2218 2132 2275 sublimem
2167 2218 2390 2273 elevatze
2418 2220 2630 2287 apicem
2665 2221 2946 2289 sapientia:
3002 2236 3066 2274 ae
3126 2220 3373 2275 scientia:
3400 2261 3416 2282 .

1843 2310 2052 2367 similes
2078 2318 2207 2364 sunt
2235 2308 2556 2375 Cherubim,
2605 2326 2727 2382 qua
2776 2326 2872 2381 per
2919 2327 3074 2366 snam
3129 2313 3419 2368 scientiam

1846 2402 1982 2457 fonti
2040 2404 2308 2457 bonorum
2371 2401 2532 2473 quasi
2582 2402 2896 2459 immediate
2952 2406 3416 2475 appr0pinqnant.

1844 2492 2052 2548 Exinde
2081 2504 2287 2555 rectam
2314 2494 2709 2549 altissimorum
2741 2496 3127 2567 mysteriorum
3158 2511 3294 2563 pure
3320 2512 3418 2551 su-

1844 2585 2139 2654 scipientes
2204 2584 2631 2650 revelationem,
2686 2601 2849 2656 quam
2915 2588 3031 2642 sola
3110 2589 3421 2658 suscipiunt

1842 2678 2162 2745 Cherubim,
2199 2679 2511 2735 immediate
2540 2681 2607 2735 ab
2642 2682 2764 2751 ipso
2792 2681 3179 2754 Omnipoteute
3213 2685 3417 2739 illumi-

1845 2784 2049 2829 nantur
2077 2772 2419 2841 plerumque,
2462 2783 2519 2825 ut
2549 2773 2624 2826 ait
2649 2773 2872 2843 quidam
2901 2816 2917 2841 ,
2944 2775 3145 2831 divinis
3177 2777 3419 2833 visioni-

1846 2866 1948 2919 hus
1981 2864 2036 2917 in
2063 2878 2277 2918 summa
2311 2864 2648 2919 inteusitate.

1912 2956 2003 3011 27.
2039 2955 2508 3022 Quemadmodum
2541 2973 2605 3011 ex
2633 2957 2825 3027 primis
2861 2959 3177 3029 angelorum
3206 2959 3422 3015 ordin-

1844 3046 1983 3109 bus,
2025 3045 2115 3098 alii
2166 3052 2299 3100 sunt
2344 3047 2711 3102 ardentissimi
2744 3059 2801 3102 et
2836 3049 3306 3105 vehementissimi
3359 3051 3416 3105 in

160 3122 259 3173 καὶ
290 3124 672 3193 ἀκατάληκτον
701 3125 831 3197 περὶ
857 3126 1031 3180 ταῦτα
1060 3129 1121 3181 τὸ
1147 3130 1455 3201 ἀεικίνητον
1496 3134 1710 3205 ἔχουσιν
1728 3153 1743 3168 ·

1845 3153 1932 3193 res
1959 3136 2193 3200 divinas,
2237 3143 2291 3190 et
2323 3149 2582 3207 perpetuo
2632 3138 2833 3209 impetu
2880 3141 2947 3195 ad
3002 3155 3098 3197 eas
3147 3141 3420 3211 feruntur,

160 3215 220 3265 αἱ
261 3212 341 3275 δὲ,
391 3213 849 3282 θεοπτικώταται,
900 3221 1221 3286 γνωστικαὶ,
1273 3224 1367 3277 καὶ
1399 3224 1745 3291 σοφώταται·

164 3304 441 3358 καὶτοῦτο
478 3308 510 3376 ὴ
544 3306 663 3361 θεία
685 3309 819 3374 ἕξις,
845 3310 906 3362 τὸ
924 3310 1095 3376 αύτάς
1126 3314 1255 3383 περὶ
1282 3312 1455 3367 ταῦτα
1482 3316 1749 3370 κινεῖσθαι

162 3396 285 3448 ἀεί·
324 3397 469 3449 οὕτω
514 3401 608 3452 καὶ
656 3401 709 3452 αί
759 3401 1009 3456 τοιαῦται
1059 3402 1230 3473 ψυχώ⁵
1276 3404 1608 3476 θερμόταταί
1641 3410 1748 3461 είσι

166 3488 297 3558 περὶ
324 3492 393 3542 τά
428 3489 569 3555 θεῖα,
608 3491 701 3545 καὶ
731 3491 853 3545 λίαν
874 3492 1151 3558 ὀξύταται,
1178 3498 1339 3565 σοφαί
1371 3515 1454 3561 τε,
1485 3500 1580 3551 καὶ
1611 3515 1750 3566 γνω-

166 3582 378 3645 στικαὶ,
402 3583 493 3635 καὶ
523 3588 643 3646 ταῖς
672 3588 959 3652 μυστικαῖς
981 3586 1235 3657 θεωρίαις
1255 3588 1745 3651 ἀνατατικώταται,

164 3668 255 3735 αἷς
305 3673 441 3726 ἴδιον
470 3676 611 3728 κατά
644 3676 875 3745 δύναμιν
909 3678 1003 3730 καὶ
1062 3678 1214 3731 θείαν
1248 3678 1381 3742 ἕξιν,
1438 3682 1470 3750 η
1506 3682 1634 3751 περὶ
1686 3683 1749 3734 τδ

165 3766 311 3819 θεῖον
364 3767 671 3837 ἀεικινησία
727 3770 822 3820 καὶ
882 3768 1107 3838 ἀκλινὴς
1171 3770 1375 3839 ἵδρυσις
1439 3773 1533 3823 καὶ
1588 3772 1748 3843 μονή.

168 3861 278 3911 Καὶ
344 3861 481 3929 πρὸς
514 3859 745 3925 τούτοις,
778 3863 811 3931 ὴ
846 3861 1069 3932 δεκτικὴ
1100 3861 1209 3915 τῶν
1249 3862 1567 3933 ἐλλάμψεων
1612 3863 1745 3931 ἕξις,

170 3952 291 4020 μεθ’
325 3947 392 4023 ἧς
436 3953 528 4006 τοῦ
581 3953 732 4018 ὄντος
783 3956 1098 4025 μετέχουσι,
1143 3958 1235 4009 καὶ
1295 3958 1748 4025 μεταπέμπουσιν

166 4048 245 4106 εἰς
284 4045 506 4112 ἐτέρους
537 4046 806 4114 ἀφθόνως,
839 4048 924 4100 διά
947 4046 1040 4100 τοῦ
1070 4048 1255 4116 λόγου,
1282 4048 1381 4111 τὰς
1408 4048 1598 4101 τούτου
1633 4066 1749 4117 φωο

163 4140 421 4206 τοχυσίας
452 4140 544 4190 καὶ
568 4140 815 4208 χάριτας.

237 4238 347 4300 κη’.
382 4232 526 4295 Νοῦς
554 4234 699 4285 ἐστιν
727 4234 755 4285 ὁ
782 4233 936 4299 Θεὸς,
964 4232 1060 4287 καὶ
1104 4233 1255 4286 αἰτία
1289 4233 1386 4301 τῆς
1414 4231 1509 4285 τοῦ
1548 4232 1746 4291 παντὸς

162 4325 535 4394 ἀεικινησξας,
563 4326 657 4376 καὶ
699 4327 903 4388 πάντες
937 4328 983 4379 οί
1015 4326 1133 4390 νόες
1165 4325 1223 4378 ἐν
1252 4324 1399 4393 αύτῷ
1427 4324 1505 4395 τῷ
1547 4322 1749 4394 πρώτῳ

162 4416 265 4477 νηῒ,
309 4419 408 4487 τήν
437 4434 494 4469 τε
542 4417 730 4470 στάσιν
760 4419 940 4487 ἔχουσι
976 4420 1224 4488 μόνιμον.
1257 4417 1351 4471 καὶ
1389 4416 1487 4487 τὴν
1534 4416 1749 4485 κίνησιν

161 4481 570 4578 ἀκατάληκτον.
597 4510 768 4563 Τοῦτο
791 4481 853 4563 ’δὲ
886 4481 1206 4581 πάσχουσιν,
1234 4512 1349 4564 ὅσοι
1384 4481 1455 4563 ού,
1479 4481 1818 4580 πρόσύλὸνῙ)

160 4620 287 4655 τινα
313 4603 413 4671 τὴν
450 4602 667 4670 κίνησιν
694 4604 790 4655 καὶ
817 4604 1074 4672 ὲπιμιγῆ,
1108 4603 1244 4657 ἀλλά
1274 4602 1454 4674 ἀμιγῆ
1490 4602 1584 4655 καὶ
1618 4602 1747 4654 d66—

158 4692 333 4747 λωτον
381 4692 446 4743 δι’
511 4692 674 4761 ἱερῶν
720 4694 1019 4762 ἐσχήκασιν
1070 4692 1329 4762 ἱδρώτων.
1372 4693 1648 4762 Πάσχουσι
1689 4690 1748 4744 δὶ

159 4784 347 4846 τοῦτο,
384 4786 500 4835 κατ’
531 4784 709 4853 ἔρωτα
741 4784 906 4844 θεῖον,
948 4784 1334 4846 κοινωνοῦντες
1361 4784 1615 4853 ἀλλήλοις
1654 4786 1747 4836 καὶ

160 4878 401 4939 ἑαυτοῖς,
430 4876 528 4937 τὰς
560 4878 622 4927 ἐκ
652 4876 750 4945 τῆς
777 4876 1041 4945 θεαρχίας
1082 4875 1513 4944 ὲκπεμπομένας
1543 4874 1745 4942 ἀγαθοο

158 4969 329 5030 δότως
374 4966 694 5037 ἐλλάμψεις.
730 4969 825 5021 καὶ
867 4971 965 5037 τὴν
1020 4972 1077 5019 ἐν
1115 4971 1323 5028 τούτοις
1353 4966 1746 5036 κεκρυμμένην

160 5060 357 5126 σοφίαν
391 5060 495 5111 τῶν
530 5061 848 5128 μυστηρίων
877 5059 1012 5111 Θεοῦ
1034 5076 1046 5089 ·
1078 5060 1174 5111 καὶ
1199 5060 1408 5129 ἑτέροις
1428 5057 1745 5127 φιλαγάθως

162 5152 563 5220 μεταδιδόντες,
596 5156 673 5213 εἰς
716 5151 885 5222 ὕμνον
922 5154 1348 5205 ἀκατάπαυστον
1379 5152 1479 5219 τῆς
1524 5153 1744 5222 ἀγάπης

156 5246 315 5297 Θεοῦ.

226 5344 333 5395 κθ¹.
366 5340 669 5399 Ἴστανται,
706 5341 803 5393 καὶ
834 5341 1111 5397 κινοῦνται
1146 5344 1332 5416 κύκλῳ
1360 5348 1489 5418 περ)⁵
1523 5347 1656 5401 Θεὸν
1685 5349 1741 5403 αί

153 5433 347 5501 ψυχαὶ,
380 5431 502 5482 ὅσαι
541 5431 601 5483 τὸ
632 5430 981 5501 λογιζόμενον
1017 5435 1219 5503 κοῦφον
1257 5438 1356 5506 τῆς
1392 5439 1525 5509 ὕλης
1552 5441 1742 5512 εἰργά-

157 5543 344 5587 σαντο,
376 5526 469 5576 καὶ
504 5525 601 5594 τὴν
647 5525 962 5596 μαχομένην
990 5528 1123 5598 πρὸς
1153 5531 1353 5602 ἑαυτὴν
1395 5534 1533 5587 κατά
1565 5535 1740 5587 πάντα

152 5618 345 5677 δυάδα,
382 5617 535 5686 ἅρμα
559 5616 717 5668 τοῦτο
746 5618 960 5687 εὐήνιον
989 5621 1183 5690 τρέχον
1214 5625 1292 5686 εἰς
1314 5625 1578 5692 οὐρανοὺς
1609 5643 1738 5679 συν-

153 5711 475 5779 ηρμόσαντο
495 5725 507 5737 ⁸
537 5709 631 5760 καὶ
658 5709 841 5779 κύκλῳ
873 5711 973 5780 μὲν
1004 5712 1256 5783 ἀλήκτως
1292 5716 1571 5769 κινοῦνται
1607 5717 1738 5789 περὶ

154 5802 307 5859 Θεὲιν.
333 5801 409 5864 ὡς
435 5800 571 5871 προς
599 5800 847 5873 κέντρον.
874 5802 970 5855 καὶ
995 5803 1092 5873 τῆς
1118 5805 1208 5859 τοῦ
1243 5805 1440 5860 κύκλου
1468 5809 1737 5879 κινήσεως

1848 3229 1940 3283 alii
1991 3243 2121 3283 vero
2176 3227 2265 3281 Dei
2320 3230 2783 3298 contemplatione
2826 3240 2880 3286 et
2921 3232 3191 3301 sapientia
3237 3234 3420 3291 scien-

1845 3323 2030 3391 tiaque
2071 3320 2125 3376 in
2180 3335 2397 3374 summo
2427 3321 2908 3391 gradmgaudent,
2958 3334 3013 3378 et
3060 3324 3169 3379 illis
3228 3327 3413 3380 divina

1846 3412 1989 3466 inest
2025 3411 2284 3466 hahilitas
2313 3411 2380 3465 ad
2420 3411 2599 3465 divina
2627 3415 2960 3481 appetenda;
2989 3414 3067 3468 sic
3097 3423 3151 3468 et
3182 3417 3421 3485 prmfata

1842 3506 2035 3558 anima:
2065 3512 2191 3558 sunt
2221 3504 2625 3558 ardentissima:
2646 3512 2701 3558 et
2727 3504 3211 3561 vehementissima:
3244 3510 3295 3561 in
3331 3525 3418 3563 res

1842 3596 2075 3658 divinas,
2109 3604 2163 3649 et
2194 3596 2569 3665 sapientiaque
2601 3611 2664 3649 ac
2696 3597 2923 3650 scientia
2964 3597 3205 3663 prmditz
3242 3608 3408 3670 atque

1844 3687 2091 3756 mysticis
2143 3688 2697 3756 contemplationibus
2760 3689 3183 3752 intentissima»,
3225 3692 3420 3762 eisque

1844 3779 2066 3849 propria
2106 3778 2373 3833 divinitus
2419 3776 2589 3833 indita
2623 3792 2707 3835 est
2748 3781 2922 3835 virtus
2969 3783 3227 3837 tendendi
3267 3784 3420 3837 inde-

1844 3870 2087 3925 sinenter
2147 3869 2213 3924 ad
2266 3870 2431 3924 Deum
2484 3882 2538 3925 et
2582 3872 2807 3926 firmiter
2836 3874 2889 3927 in
2938 3890 3002 3927 eo
3053 3876 3313 3930 innitendi
3364 3888 3421 3931 et

1845 3962 2245 4023 commorandi,
2274 3978 2337 4017 ac
2364 3974 2622 4031 prwterea
2654 3965 3115 4019 illuminationum
3140 3970 3415 4037 capacitas

1843 4070 1947 4123 qua
1986 4052 2078 4107 Dei
2138 4055 2434 4123 participes
2471 4054 2639 4115 nunt.
2673 4065 2726 4109 et
2783 4056 2847 4110 ad
2886 4057 3018 4113 alios
3056 4059 3175 4113 sine
3213 4060 3358 4113 invid
3386 4076 3415 4115 a

1845 4147 2224 4201 transmittunt
2258 4147 2419 4216 hujus
2451 4148 2846 4203 illustrationes
2878 4160 2933 4203 et
2967 4153 3197 4220 gratias.

1912 4237 2004 4290 28.
2052 4236 2288 4304 Spiritus
2326 4247 2411 4292 est
2448 4237 2589 4291 Deus
2616 4276 2632 4300 ,
2684 4247 2736 4293 et
2784 4240 3113 4309 principium
3141 4241 3410 4308 perpetui

1841 4327 2083 4379 omnium
2123 4326 2331 4380 entium
2370 4328 2434 4378 ad
2474 4341 2531 4378 se
2566 4341 2767 4393 motus,
2798 4342 2849 4383 et
2881 4345 3072 4384 omnes
3097 4331 3328 4399 spiritus
3354 4331 3407 4385 in

1844 4419 1935 4471 illo
1962 4417 2216 4487 primario
2243 4416 2445 4485 Spiritu
2497 4418 2710 4472 ﬁrmum
2751 4422 2951 4475 habent
2996 4420 3411 4477 fundamentum

1842 4511 2271 4576 continuumque
2300 4519 2529 4563 motum.
2566 4511 2618 4563 Id
2656 4521 2834 4566 autem
2858 4512 3126 4580 contingit
3161 4514 3416 4570 omnibus

1842 4599 1936 4668 qui
1975 4614 2079 4651 non
2107 4599 2440 4652 matcrialem
2471 4600 2856 4670 impurumque
2911 4603 3109 4657 habent
3138 4601 3411 4668 aﬂ'eetuni,

1843 4690 1935 4743 sed
1961 4689 2259 4758 simplicem
2286 4698 2338 4741 et
2358 4690 2529 4744 sacris
2550 4699 2839 4759 purgatum
2864 4693 3178 4746 sudoribus.
3211 4695 3275 4748 Et
3306 4695 3413 4747 huc

1844 4782 2061 4849 quidem
2094 4780 2173 4834 eis
2202 4780 2489 4851 contingit,
2524 4784 2673 4849 quia,
2719 4784 2906 4838 divino
2937 4802 3125 4839 amore
3169 4789 3415 4848 accensi,

1845 4875 1950 4928 sibi
1988 4873 2219 4927 invicem
2257 4873 2667 4928 communicant
2709 4876 2988 4930 immissas
3031 4892 3283 4945 suprema
3320 4876 3414 4930 Dei

1846 4966 2182 5033 benignitate
2223 4962 2657 5020 illuminationes
2705 4978 2758 5021 et
2810 4969 3190 5022 absconditam
3224 4968 3277 5022 in
3327 4969 3411 5023 his

1845 5056 2225 5126 mysteriorum
2281 5053 2373 5107 Dei
2423 5058 2768 5125 sapientiam,
2802 5068 2856 5113 et
2908 5061 3027 5114 illas
3069 5060 3191 5114 aliis
3239 5062 3414 5114 amice

1844 5148 2191 5218 participant,
2222 5143 2289 5198 ad
2323 5144 2707 5203 celebrandam
2742 5150 3115 5205 indesinenter
3143 5152 3237 5205 Dei
3269 5151 3405 5205 cha-

1846 5241 1946 5293 rita
1956 5250 2081 5293 tctn.

1916 5356 2006 5412 ‘29.
2055 5358 2216 5414 Stant
2249 5376 2314 5415 ac
2366 5370 2656 5417 moventur
2702 5360 2755 5414 in
2805 5361 3041 5414 circuitu
3079 5360 3180 5414 .Dei
3217 5360 3413 5413 anima:

1844 5461 1964 5512 quae
1998 5449 2324 5505 rationalem
2374 5466 2529 5506 suam
2566 5459 2779 5520 partem
2814 5466 2846 5505 a
2890 5450 3124 5505 materia
3182 5465 3410 5504 vacuam

1841 5540 2220 5607 reddiderunt,
2246 5551 2299 5596 et
2330 5542 2472 5598 inter
2504 5557 2564 5598 se
2596 5542 2651 5597 in
2668 5542 2922 5597 omnibus
2957 5551 3260 5611 pugnantes
3292 5555 3413 5595 car-

1842 5646 1964 5684 nem
1997 5642 2053 5685 et
2084 5633 2335 5701 spiritum
2372 5634 2521 5689 velut
2544 5633 2697 5704 bigas
2733 5634 2889 5690 freno
2926 5634 3135 5689 dociles
3172 5634 3237 5688 ad
3284 5647 3413 5687 cur-

1842 5722 2073 5777 rendum
2104 5725 2156 5779 in
2187 5726 2358 5781 cados
2386 5726 2812 5795 coniunxerunt.
2864 5726 3132 5781 Circulari
3180 5724 3405 5796 quidem

1840 5823 1993 5869 motu
2019 5813 2224 5887 jugitcr
2260 5816 2315 5872 in
2349 5815 2515 5873 Deum
2566 5816 2842 5885 feruntur,
2881 5818 3027 5873 velut
3060 5817 3114 5871 in
3157 5826 3405 5873 centrum
