4190 6458
758 366 859 429 ὓεῖ

2005 356 2301 415 ΝΙΟΕΤᾸΞ
2343 354 2755 418 PECTORATI

3901 345 4006 407 968

758 488 917 527 suum
949 467 1385 536 orbicularisque
1402 472 1586 519 motus
1613 462 1971 533 principium.
2001 463 2161 517 Stant
2189 478 2317 517 vero

2425 462 2626 513 αῐτιοψ
2662 460 2906 511 ἵστανται
2931 457 2987 530 δέ
3021 459 3283 529 μονίμως,
3319 461 3412 513 καὶ
3438 461 3718 530 άρρεπῶς,
3754 462 3829 523 ὼς
3866 466 4005 529 πρὸς

759 565 991 620 tirmiter
1018 572 1073 618 et
1102 564 1223 616 sine
1270 559 1376 613 ulla
1431 558 1813 622 inclinatione,
1845 566 1903 609 ut
1932 556 2070 610 radii
2104 556 2319 619 circuli,

759 656 812 707 in
848 668 1022 707 unum
1063 649 1405 704 conveniunt
1437 656 1724 717 punctum,
1759 662 1787 699 a
1827 661 1934 715 quo
1965 646 2179 700 detrudi
2216 661 2323 699 non

758 753 992 816 possunt
1024 744 1075 794 in
1127 755 1329 794 sensus
1355 746 1409 793 et
1438 739 1493 791 in
1543 752 1725 791 rerum
1773 738 2135 791 humanarum
2170 737 2325 791 lalla-

757 837 923 890 ciam.
960 832 1084 884 lltee
1117 843 1202 884 est
1232 830 1398 898 igitur
1419 842 1634 881 summa
1669 828 1871 897 quietis
1902 827 2167 894 perfectio
2200 844 2327 881 vere

759 925 976 994 quietos
1014 937 1078 977 eo
1122 922 1429 984 adducens,
1462 928 1522 973 ut
1577 927 1725 974 stent
1771 934 1889 973 sese
1937 928 2241 980 moventes.
2271 930 2327 974 et

758 1017 989 1069 ﬁrmiter
1044 1022 1257 1067 stantes
1307 1026 1432 1065 sese
1462 1017 1719 1064 moveant
1772 1011 1920 1063 circa
1952 1026 2040 1066 res
2088 1011 2324 1065 divinas.

759 1104 1014 1171 Quandiu
1072 1112 1257 1157 autem
1326 1102 1435 1155 buc
1488 1115 1595 1154 non
1647 1101 2022 1168 pervenimus,
2077 1100 2327 1168 quamvis

758 1198 1042 1266 quiescere
1087 1194 1397 1257 videamur,
1447 1190 1786 1260 impossibile
1829 1203 1913 1244 est
1964 1198 2197 1245 mentem
2230 1204 2328 1243 no-

760 1298 929 1343 stram
962 1302 991 1339 a
1025 1289 1251 1340 materia
1276 1293 1334 1338 et
1362 1284 1777 1353 perturbatione
1813 1283 2065 1345 libt'l’tll’i,

830 1379 923 1433 30.
964 1377 1196 1450 Quando
1236 1376 1535 1446 pristinum
1586 1376 1818 1430 rationis
1849 1377 2015 1429 decus
2062 1390 2157 1444 per
2192 1385 2331 1430 mul-

762 1478 870 1521 tam
923 1482 1116 1521 curam
1165 1480 1503 1536 operamque
1538 1465 2008 1534 recuperavimus,
2048 1480 2112 1521 ac
2148 1466 2328 1521 datam

761 1561 995 1628 desuper
1054 1554 1215 1612 nobis
1266 1559 1589 1627 sapientiam
1642 1567 1698 1612 et
1735 1558 2022 1613 scientiam
2078 1574 2107 1613 a
2158 1560 2331 1627 gratia

763 1648 1005 1718 Spiritus
1038 1648 1212 1703 sancti
1242 1648 1423 1702 sortiti
1456 1662 1669 1713 sumus,
1698 1657 1851 1712 tunc,
1895 1664 1981 1703 res
2013 1649 2065 1701 in
2102 1665 2199 1703 sua
2236 1663 2332 1701 na-

764 1753 888 1794 tura
916 1740 1225 1809 perspicere
1252 1740 1520 1801 valentes,
1572 1741 1917 1803 agnoscimus
1947 1741 2183 1806 primum
2213 1740 2331 1793 font—

2423 550 2644 613 κύκλον,
2685 550 2760 620 μὴ
2800 549 3257 619 διασκεδασθῆναι
3286 551 3584 619 δυνάμεναι
3618 554 3681 604 ἐκ
3724 553 3823 621 τῆς
3867 552 4006 615 ἰδίας

2424 641 2515 690 ἐπὶ
2548 638 2607 689 τὸ
2658 638 2789 689 αὐτὸ
2824 638 3078 707 συνοχῆς,
3112 638 3249 707 πρὸς
3294 640 3392 708 τὴν
3433 640 3709 711 αῐσθησιν,
3760 642 3856 693 καὶ
3905 646 4003 708 τὴν

2423 731 2571 783 κάτω
2604 729 2809 800 πλάνην
2865 730 2971 782 τῶν
3014 730 3376 799 ἀνθρωπίνων
3410 735 3775 802 πραγμάτων.
3831 732 4005 785 Τοῦτο

2421 819 2513 875 οὖν
2564 825 2681 875 ἐστι
2725 822 2783 874 τὸ
2840 821 3227 892 τετελεσμένον
3269 823 3422 885 τέλος
3476 824 3576 893 τῆς
3620 826 3873 894 ἡσυχίας,
3923 826 4002 887 είς

2420 915 2578 967 τοῦτο
2606 916 2738 981 ἄγον
2767 915 2896 975 τοὺς
2932 912 3151 983 άληθῶς
3194 915 3565 985 ἡσυχάζοντας
3588 932 3599 943 ·
3635 916 3775 969 ὥστε
3813 931 4002 968 κινου-

2423 1006 2618 1076 μένους
2647 1005 2923 1069 ἴστασθαι,
2958 1008 3052 1058 καὶ
3088 1008 3333 1076 μονίμως
3370 1007 3695 1078 ἱσταμένους
3724 1007 4000 1061 κινεῖσθαι

2420 1098 2549 1167 περὶ
2579 1099 2647 1151 τὰ
2681 1097 2817 1152 θεῖα.
2852 1098 2997 1160 Ἕως
3035 1097 3079 1150 δ’
3105 1099 3171 1152 ἂν
3212 1099 3289 1170 μὴ
3324 1099 3485 1153 τοῦτο
3520 1100 3768 1170 γένηται,
3800 1102 3879 1171 τῷ
3918 1101 4004 1155 δο-

2419 1191 2536 1243 κεῖν
2555 1192 2688 1259 ὴμῖν
2711 1191 3098 1262 ἡσυχάζουσιν,
3121 1192 3407 1262 ἀμήχανον
3425 1194 3525 1263 τῆς
3556 1192 3689 1262 ὕλης
3714 1193 3876 1257 ἐκτὸς
3910 1195 4003 1246 καὶ

2417 1278 2516 1349 τῆς
2543 1280 2676 1347 ἄλης
2708 1280 2961 1347 γενέσθαι
2990 1281 3081 1333 τδν
3131 1282 3397 1351 ἡμέτερον
3424 1282 3569 1335 νοῦν.

2486 1370 2550 1426 λ’.
2603 1371 2869 1442 Ὀπηνίκα
2910 1374 3048 1443 πρὸς
3093 1373 3157 1425 τὸ
3193 1375 3417 1444 ἀρχαῖον
3445 1373 3643 1436 κάλλος
3684 1374 3781 1427 τοῦ
3808 1374 3995 1441 λόγου,

2416 1464 2504 1517 διὰ
2538 1464 2718 1531 πάσης
2741 1462 3061 1532 ἐπιμελείας
3082 1480 3141 1516 τε
3173 1464 3268 1516 καὶ
3300 1463 3535 1534 σπουδῆς
3558 1464 3876 1535 γενώμεθα,
3905 1467 3999 1515 καὶ

2414 1556 2512 1624 τῆς
2535 1555 2742 1609 ἄνωθεν
2768 1554 3057 1625 διδομένης
3091 1555 3223 1625 ἡμῖν
3258 1556 3451 1624 σοφίας
3476 1558 3570 1608 καὶ
3594 1557 3876 1623 γνώσεως,
3907 1557 3996 1610 διά

2413 1647 2511 1715 τῆς
2562 1646 2858 1715 ἐπιδημίας
2898 1646 2992 1698 τοῦ
3026 1646 3342 1715 Πνεύματος
3366 1649 3808 1718 εὖμοιρήσωμεν,
3843 1667 3998 1719 τηνι-

2415 1736 2594 1790 καῦτα
2635 1738 2668 1807 ἡ
2709 1737 2898 1808 πρώτη
2942 1739 3114 1807 πηγὴ,
3145 1740 3241 1791 καὶ
3288 1741 3435 1793 αἰτία
3469 1741 3567 1806 τῆς
3615 1742 3722 1792 τῶν
3769 1743 3994 1796 πάντων

765 1840 874 1884 tem
906 1808 959 1884 et
1012 1839 1295 1884 auctorem
1331 1830 1660 1884 exsistentim
1683 1829 1925 1883 omnium
1959 1846 2080 1885 esse
2110 1834 2328 1899 sapien-

2416 1827 2781 1896 παραγωγῆς,
2814 1825 2952 1896 σοφὴ
2999 1827 3095 1879 καὶ
3138 1827 3277 1898 καλὴ
3331 1830 3467 1897 πρὶς
3505 1830 3663 1899 ἡμῶν
3691 1830 3802 1882 τῶν
3856 1835 3991 1903 ὁρᾷν

764 1932 868 1977 tem
902 1935 956 1977 et
982 1923 1270 1992 optimum,
1304 1929 1360 1976 et
1400 1921 1627 1975 minime
1678 1936 1708 1974 a
1754 1923 1912 1976 nobis
1955 1922 2327 1977 accusandum

762 2014 829 2069 de
855 2014 998 2067 malo
1024 2022 1289 2067 creatura:
1339 2011 1568 2077 inﬂicto,
1600 2028 1664 2066 ex
1700 2028 1809 2081 quo
1855 2014 1907 2067 in
1950 2014 2189 2067 deterius
2236 2019 2331 2068 de-

762 2106 998 2159 ciderit:
1064 2120 1180 2174 quo
1238 2114 1482 2172 tempore
1544 2115 1792 2158 creatura
1854 2105 2073 2173 quidem
2137 2105 2331 2160 avulsa

762 2198 992 2260 corruit.
1023 2206 1075 2252 et
1109 2196 1179 2250 ab
1213 2197 1439 2264 antiquo
1468 2194 1667 2249 decore
1705 2195 1954 2259 detrusa,
2007 2210 2072 2250 ex
2106 2194 2331 2250 deiﬁca-

761 2287 913 2343 tione
940 2288 1162 2357 delapsa
1194 2295 1309 2354 est;
1361 2286 1563 2340 malum
1606 2302 1735 2340 vero
1764 2287 1819 2339 in
1847 2302 1965 2340 eam
2000 2289 2329 2358 irrumpens,

760 2380 1100 2434 irrationalis
1140 2379 1288 2433 bruti
1320 2376 1553 2431 [erutam
1583 2378 1687 2446 ipsi
1728 2377 1943 2430 indidit.

830 2474 919 2530 51.
964 2473 1183 2527 Primus
1234 2475 1438 2543 gradus
1486 2472 1840 2526 tendentibus
1874 2474 1941 2525 ad
1972 2475 2327 2544 progredien-

757 2564 909 2626 dum,
942 2573 1027 2618 est
1056 2565 1287 2617 scientia
1319 2579 1504 2618 rerum
1540 2579 1705 2633 quam
1739 2580 1808 2617 ex
1850 2566 2089 2633 praetica
2131 2580 2329 2621 conse-

757 2655 872 2709 cuti
899 2664 1027 2710 sunt
1062 2655 1431 2725 philosOpbia.
1459 2656 1745 2712 Secundus
1774 2668 1856 2712 cst
1884 2658 2326 2715 absconditorum

756 2744 851 2798 Dei
885 2748 1270 2814 mysteriorum
1302 2747 1563 2815 cegnitio,
1610 2748 1699 2802 cui
1732 2749 1956 2819 physica
1994 2751 2205 2805 theoria
2231 2766 2327 2807 eos

757 2834 1012 2888 initiavit.
1047 2836 1268 2891 Tertius
1301 2846 1383 2891 est
1416 2852 1539 2891 cum
1573 2837 1752 2906 primo
1778 2840 1982 2895 lumine
2011 2841 2327 2911 eonjunctio

756 2932 813 2977 ct
846 2926 1183 2991 eommistio,
1225 2926 1277 2978 in
1315 2941 1421 2994 qua
1452 2927 1635 2981 omnis
1665 2926 2037 2997 pbilosopbici
2084 2945 2149 2986 ac
2176 2930 2327 2987 theo-

759 3018 912 3072 retici
946 3032 1269 3087 progressus
1303 3018 1483 3087 quies.

823 3216 913 3270 52.
952 3216 1159 3270 Omnes
1190 3216 1441 3286 spiritus,
1481 3232 1592 3272 non
1643 3218 1822 3274 solum
1879 3219 2087 3290 singuli
2145 3222 2201 3276 in
2234 3237 2320 3277 se-

754 3305 904 3375 ipsos
937 3316 989 3360 et
1024 3308 1077 3361 in
1126 3322 1251 3362 eum
1282 3309 1374 3377 qui
1406 3324 1535 3363 vere
1559 3319 1642 3363 est
1676 3325 1817 3364 unus
1848 3311 1902 3365 in
1934 3314 2107 3367 tribus
2132 3329 2323 3383 perso-

755 3398 863 3463 nis,
898 3398 1205 3452 circulatim
1241 3399 1512 3463 feruntur,
1567 3401 1660 3455 sed
1690 3406 1856 3456 etiam
1894 3405 2172 3473 proximos
2202 3407 2325 3459 illu-

754 3495 997 3542 strantes
1028 3489 1232 3543 divinis
1268 3490 1491 3544 initiant
1522 3494 1802 3561 mysteriis
1832 3494 2092 3563 purisque
2114 3497 2324 3553 similes

756 3577 1044 3645 Spiritibus
1076 3593 1174 3647 per
1202 3580 1481 3634 cmlestem
1516 3583 1845 3652 sapientiam
1890 3583 2148 3650 reddunt,
2198 3601 2326 3641 eos-

755 3682 861 3734 que
896 3678 1007 3720 tum
1036 3669 1234 3737 seipsis
1272 3679 1387 3723 tum
1423 3673 1517 3725 uni
1551 3672 1660 3725 Deo
1690 3672 1971 3729 uniﬁcant.

822 3802 915 3856 '53.
958 3801 1244 3859 Deiﬁeatio
1280 3805 1336 3859 in
1388 3808 1497 3860 vita
1531 3816 1616 3860 est
1650 3807 1938 3877 spirituale
1969 3823 2033 3863 ac
2063 3809 2312 3864 divinum

2412 1917 2659 1986 φυσικῶς
2710 1917 3029 1987 δυναμένων
3079 1920 3425 1991 γνωρίζεται,
3466 1922 3634 1991 μηδὲν
3678 1924 3992 1991 κατήγορον

2411 2008 2611 2077 ἑαυτῆς
2638 2008 2694 2061 ἐν
2722 2009 2852 2077 ἡμῖν
2877 2009 3117 2078 φέρουσα
3143 2011 3207 2062 ἐκ
3235 2011 3331 2079 τῆς
3378 2011 3752 2081 ἐπιτριϐείσης
3790 2015 3991 2078 κακίας

2410 2100 2487 2170 τῷ
2516 2100 2818 2170 πλάσματι,
2850 2100 2957 2152 ἀπὸ
2985 2102 3084 2171 τῆς
3126 2102 3219 2154 ἐπὶ
3263 2102 3331 2154 τά
3385 2104 3550 2172 χείρω
3602 2103 3985 2174 παρατροπῆς.

2424 2192 2613 2245 Ἦνίκα
2636 2193 2698 2245 τὸ
2716 2194 2814 2263 μὲν
2838 2191 3211 2257 ἀποσπασθὲν,
3230 2194 3500 2264 ὑπερρὑ,
3517 2196 3612 2248 καὶ
3637 2196 3729 2249 τοῦ
3758 2197 3989 2266 ἀρχαίου

2412 2284 2643 2348 κάλλους
2677 2284 2964 2354 ἐκρεῦσαν,
2986 2284 3210 2349 ἐξέπεσε
3235 2289 3333 2355 τῆς
3353 2285 3621 2351 ϐεώσεως.
3641 2289 3705 2340 'H
3725 2290 3783 2341 δὲ
3810 2288 3990 2360 τούτῳ

2408 2360 2877 2431 ἐπεισπηδήσασα,
2896 2362 2995 2433 τὴν
3015 2364 3208 2432 ἄλογον
3239 2367 3408 2437 αὐτῆς
3432 2370 3646 2441 μορφὴν
3679 2373 3989 2443 ἐνεποίησε.

2477 2475 2583 2529 λα’.
2618 2474 2734 2528 Μία
2760 2475 2855 2529 καὶ
2878 2473 3069 2546 πρώτη
3096 2477 3252 2547 βάσις
3281 2481 3388 2534 τῶν
3415 2482 3882 2556 ἐπεκτεινομένων
3909 2489 3991 2552 είς

2414 2568 2722 2639 προκοπὰς,
2754 2569 2788 2637 ἡ
2816 2569 3018 2636 γνῶσις
3050 2570 3158 2624 τῶν
3197 2572 3366 2625 ὄντων
3415 2576 3478 2628 ἐκ
3522 2578 3623 2646 τῆς
3662 2580 3987 2647 ἐμπράκτου

2410 2661 2762 2730 ἐπιγινομένη
2805 2661 3123 2729 φιλοσοφίας
3146 2664 3352 2726 αὐτοῖς.
3381 2668 3641 2738 Δευτέρα,
3673 2672 3705 2738 ἡ
3734 2670 3845 2721 τῶν
3892 2689 3986 2723 κε-

2412 2754 2744 2823 κρυμμένων
2773 2752 3087 2822 μυστηρίων
3116 2754 3210 2805 τοῦ
3245 2755 3380 2807 Θεοῦ
3411 2756 3705 2825 ἐπίγνωσις
3740 2760 3849 2811 ἀπὸ
3889 2762 3988 2829 τῆς

2414 2844 2647 2911 φυσικῆς
2680 2840 2915 2911 Θεωρίας
2946 2846 3451 2916 μυσταγωγουμένη
3486 2847 3688 2910 αὐτοῖς.
3728 2850 3839 2901 Καὶ
3875 2851 3989 2919 τρί-

2410 2949 2499 3001 τη,
2525 2932 2558 3001 ή
2586 2931 2724 3000 μετὰ
2757 2930 2852 2985 τοῦ
2882 2932 3098 3002 πρώτου
3127 2934 3303 3002 φωτὸς
3330 2939 3590 3004 συνάφεια
3620 2941 3713 2992 καὶ
3745 2941 3988 3011 ἀνάκρα-

2412 3041 2517 3087 σις,
2550 3026 2609 3077 ἐν
2640 3016 2676 3098 ᾗ
2710 3024 2890 3094 πάσης
2920 3024 3204 3095 προκοπῆς
3234 3026 3598 3097 ἐμφιλοσὸφου
3628 3032 3725 3084 καὶ
3754 3031 3987 3101 Θεωρίας

2353 3154 2396 3211 c
2410 3114 2741 3178 ἀνάπαυσις.

2479 3227 2577 3297 >.β’.
2620 3230 2827 3293 Πάντες
2859 3231 2909 3282 oi
2942 3230 3076 3293 νόες,
3126 3231 3281 3284 αὐτοί
3323 3249 3381 3285 τε
3431 3232 3554 3285 καθ’
3589 3234 3843 3300 ἑαυτοὺς,
3898 3237 3987 3287 καὶ

2409 3322 2544 3390 πρὸς
2576 3322 2821 3387 ἑαυτοὺς,
2855 3324 2949 3377 καὶ
2986 3326 3123 3394 πρὸς
3156 3324 3217 3379 τδ
3257 3326 3427 3390 ὅντως
3458 3327 3518 3379 ὃν
3547 3328 3634 3381 διά
3668 3329 3780 3380 τῶν
3819 3330 3987 3401 τριῶν

2410 3413 2657 3477 ἐνοειδῶς
2680 3417 2990 3485 φερόμενοι,
3017 3417 3422 3470 συνελίσσονται
3442 3435 3455 3448 ο
3491 3420 3584 3471 καὶ
3609 3420 3736 3481 τοὺς
3761 3420 3986 3490 πλησίον

2410 3504 2761 3571 φωτίζοντες,
2799 3508 3225 3576 μυσταγιυγοῦσι
3280 3508 3350 3561 τά
3379 3509 3502 3563 θεῖα
3546 3513 3640 3563 καὶ
3686 3511 3987 3563 τελειοῦσιν

2408 3596 2484 3659 ὡς
2513 3598 2886 3668 καθαιρόμενα
2916 3601 3208 3670 πνεύματα
3242 3603 3331 3655 διά
3358 3605 3456 3671 τῆς
3484 3602 3740 3671 οὐρανίου
3772 3604 3983 3669 σοφίας,

2409 3685 2605 3749 αὐτοὺς
2634 3688 2866 3750 ἑαυτοῖς,
2896 3690 2987 3741 καὶ
3017 3694 3082 3760 τῇ
3110 3692 3256 3745 ένάδι
3289 3691 3681 3755 ἐνοποιοῦντες.

2476 3796 2576 3867 λγ’.
2615 3798 2822 3865 Θέωσίς
2850 3805 2994 3855 ἐστιν
3026 3806 3081 3855 ἐν
3111 3804 3186 3873 τῷ
3217 3805 3347 3874 βίῳ,
3381 3806 3414 3873 ἡ
3448 3806 3609 3875 νοερᾶ
3641 3809 3733 3857 καὶ
3769 3807 3891 3859 θεία
3914 3806 3985 3875 τῷ

752 3908 948 3962 magno
969 3893 1093 3947 Enti
1127 3895 1480 3959 sacriﬁcium,
1508 3897 1561 3949 in
1588 3911 1697 3966 quo
1722 3897 2063 3951 sacriﬁcatur
2095 3900 2316 3953 verbum

2411 3889 2515 3943 ἱντι
2538 3890 2837 3962 ἱερουργία,
2852 3895 2975 3946 καθ’
2991 3896 3057 3964 ἦν
3083 3896 3444 3966 ἱερουργεῖται
3465 3899 3492 3949 ὁ
3513 3898 3668 3965 λόγος
3689 3899 3791 3966 τῆς
3814 3901 3985 3970 ἀπορ-

752 3984 1043 4038 ineﬂ'abilis
1078 3985 1378 4055 sapientim,
1406 3997 1461 4039 et
1486 3988 1552 4042 iis
1576 3989 1669 4056 qui
1696 4004 1753 4042 se
1782 4004 1877 4057 pro
1929 3991 2137 4045 vitibus
2176 4006 2285 4059 pra:
2305 4021 2318 4033 -

753 4084 1116 4140 paraverunt,
1152 4078 1407 4131 traditur.
1444 4077 1556 4131 lloc
1593 4080 1823 4149 benigne
1874 4078 2012 4135 Deus
2064 4081 2316 4135 rationali

756 4175 967 4219 natura:
998 4167 1220 4221 emlitus
1249 4167 1399 4221 dedit
1435 4170 1488 4222 in
1544 4171 1808 4223 unitatem
1848 4171 1994 4226 ﬁdei.
2049 4171 2177 4226 Inde
2226 4173 2317 4225 alii

754 4256 1000 4323 quidem,
1052 4258 1167 4325 qui,
1221 4272 1441 4326 promer
1475 4276 1628 4314 suam
1686 4262 1993 4329 puritatem,
2046 4264 2321 4333 dignitatis

755 4341 901 4395 illius
959 4344 1220 4398 sacriﬁcii
1285 4362 1382 4414 per
1438 4365 1620 4402 rerum
1673 4350 1979 4405 divinarum
2036 4354 2319 4407 scientiam

756 4434 1049 4501 participes
1083 4435 1259 4490 enecti
1311 4450 1462 4503 sunt,
1517 4440 1627 4494 Deo
1657 4442 2053 4507 assimilantur,
2101 4444 2321 4498 confor-

2406 3980 2574 4049 ρήτου
2601 3983 2816 4050 σοφίας,
2841 3984 2936 4035 καὶ
2960 3987 3068 4045 τοῖς
3098 3985 3454 4053 ἐτοιμάσασιν
3481 3988 3729 4051 ἑαυτοὺς,
3748 3989 3825 4050 ὡς
3847 3991 3983 4047 ἐνὸν,

2404 4073 2769 4141 μεταδίδοται.
2822 4074 3041 4145 Ταύτην
3091 4077 3498 4147 άγαθοπρεπῶς
3539 4081 3567 4130 ὁ
3607 4078 3741 4141 Θεὸς
3790 4083 3855 4149 τῇ
3900 4081 3989 4132 λος

2402 4167 2532 4235 γικῇ
2569 4165 2726 4233 φύσει
2764 4166 2969 4221 ἄνωθεν
2997 4168 3310 4238 ἐδωρήσατο
3351 4172 3429 4231 εἰς
3474 4171 3701 4239 ἑνότητα
3725 4172 3987 4233 πίστεως,

2402 4257 2490 4309 ἵνα
2526 4259 2575 4311 oi
2610 4260 2729 4327 μὲν,
2757 4260 2871 4311 ὅσοι
2892 4261 2953 4312 ἐκ
2986 4260 3357 4331 καθαρότητος
3389 4262 3487 4329 τῆς
3519 4263 3675 4328 ἀξίας
3702 4264 3876 4331 αὐτῆς
3902 4264 3989 4316 διὰ

2402 4350 2657 4417 γνώσεως
2690 4350 2799 4402 τῶν
2827 4350 2988 4403 θείων
3010 4354 3065 4404 ἐν
3104 4353 3315 4419 μεθέξει
3340 4353 3646 4420 γεγόνασιν,
3673 4355 3988 4421 ἀφομοιῶν-

2401 4452 2492 4487 ται
2522 4435 2661 4505 Θεῷ,
2695 4436 3133 4507 σύμμορφοι-τῆς
3164 4442 3370 4501 εἰκόνος
3394 4440 3485 4493 τοῦ
3519 4441 3649 4494 Υίοῦ
3682 4443 3853 4495 αὑτοῦ
3890 4462 3985 4511 γε-

757 4537 872 4576 mes
910 4524 1031 4577 facti
1070 4526 1328 4595 imaginis
1386 4528 1506 4581 Filii
1539 4530 1659 4598 ejus
1684 4532 1750 4596 ",
1800 4532 2123 4589 sublimibus
2156 4536 2321 4605 Spiri-

2411 4526 2637 4596 νόμενοι,
2670 4531 2789 4591 ταῖς
2838 4528 3068 4597 ὑψηλαῖς
3110 4532 3203 4582 καὶ
3244 4535 3457 4601 νοεραῖς
3509 4533 3687 4584 αὐτῶν
3730 4536 3864 4603 περὶ
3918 4538 3984 4586 τά

759 4613 1105 4683 tualibusque
1134 4617 1253 4670 suis
1282 4619 1334 4671 in
1381 4619 1566 4671 divina
1599 4621 1874 4676 motibus:
1908 4623 2098 4692 sicque
2144 4627 2318 4694 gratia

2411 4618 2525 4669 θεῖα
2559 4621 2849 4689 κινήσεσι*
2904 4621 3000 4673 καὶ
3039 4620 3211 4683 οὕτως
3258 4622 3409 4675 θέσει
3456 4624 3568 4675 θεοὶ
3605 4624 3823 4676 ἔσονται
3872 4630 3985 4687 τοῖς

755 4701 828 4754 dii
877 4712 1005 4756 sunt
1046 4714 1296 4774 respectu
1360 4710 1639 4763 hominum
1698 4710 1749 4763 in
1804 4720 1972 4766 terra.
2031 4713 2132 4767 Alii
2168 4730 2317 4782 vero,

2411 4707 2713 4777 ἀνθρώποις
2756 4711 2849 4763 ἐπὶ
2883 4712 2983 4781 τῆς
3012 4714 3135 4783 γῆς.
3169 4714 3232 4766 Οἱ
3261 4713 3317 4765 δὲ
3356 4717 3422 4784 τῇ
3452 4713 3715 4783 καθάρσει
3756 4716 3845 4767 διά
3892 4717 3985 4768 τοῦ

754 4792 956 4847 divinis
1016 4793 1228 4848 illorum
1263 4801 1611 4853 sermonibus
1661 4801 1855 4870 piaque
1906 4805 2322 4860 conversatione

2411 4798 2551 4851 θείου
2596 4801 2777 4855 αὐτῶν
2822 4802 2981 4871 λόγου
3015 4805 3108 4855 καὶ
3146 4805 3245 4873 τῆς
3290 4806 3440 4875 ἱερᾶς
3477 4806 3769 4869 συνουσίας
3813 4807 3988 4859 τελει-

756 4884 1047 4951 purilicati,
1080 4887 1134 4937 in
1169 4889 1367 4941 virtute
1429 4890 1808 4957 perliciuntur,
1859 4898 1914 4945 et
1965 4908 2064 4961 pro
2116 4897 2328 4952 ratione

2411 4890 2589 4945 οῦνται
2622 4894 2757 4964 πρὸς
2790 4894 3011 4966 ἀρετὴν,
3043 4896 3136 4948 καὶ
3166 4896 3443 4963 ἀναλόγως
3468 4900 3566 4966 τῆς
3599 4897 3736 4959 ἰδίας
3777 4915 3985 4967 προκοο

756 4976 989 5042 propria:
1039 4976 1436 5043 puriﬁcationis
1494 4988 1548 5033 et
1608 4981 1980 5050 perfectionis,
2033 4988 2322 5057 participes

2411 4988 2511 5053 πῆς
2534 4984 2630 5037 καὶ
2652 4985 2996 5054 καθάρσεως,
3032 4988 3091 5040 ἐν
3120 4988 3338 5057 μεθέξει
3361 4989 3457 5058 τῆς
3487 4988 3693 5040 τούτων
3729 4989 3986 5051 θεώσεως

758 5063 893 5114 ﬁunt
919 5079 1110 5119 eorum
1146 5066 1506 5126 deiﬁcationis
1532 5082 1585 5127 et
1618 5082 1903 5130 consortes
1925 5077 2166 5146 ipsorum
2194 5095 2319 5133 eum

2411 5077 2662 5145 γίνονται,
2682 5079 2777 5131 καὶ
2794 5080 3139 5132 κοινωνοῦσιν
3159 5081 3342 5143 αὐτοῖς
3368 5081 3427 5132 ἐν
3444 5080 3561 5150 Θεῷ
3587 5079 3687 5145 τῆς
3709 5080 3982 5138 ἐνὼσεως.

755 5153 868 5209 Deo
906 5156 1146 5221 unionis,
1179 5167 1236 5212 ut
1270 5177 1460 5217 omnes
1496 5164 1549 5217 in
1590 5181 1754 5218 unum
1781 5168 2057 5236 conjuncti
2087 5179 2140 5224 et
2166 5172 2319 5240 quasi

2411 5169 2473 5228 ub;
2489 5167 2554 5220 ἂν
2580 5170 2629 5220 οί
2650 5170 2852 5232 πάντες
2878 5172 2956 5232 εἰς
2987 5170 3045 5222 ἓν
3071 5170 3352 5240 ἐνούμενοί
3379 5188 3459 5233 τε,
3493 5172 3588 5223 καὶ
3620 5174 3985 5240 συμπτυσσὸ-

755 5246 983 5299 connexi
1020 5249 1240 5306 vinculo
1276 5254 1581 5317 cliaritatis,
1612 5257 1701 5309 uni
1732 5257 1841 5311 Deo
1875 5262 2137 5313 uniantur
2164 5262 2313 5317 inde~

754 5337 1017 5404 sinenter,
1071 5352 1237 5410 atque
1292 5344 1433 5399 Dens
1485 5347 1557 5401 sit
1603 5349 1656 5402 in
1711 5350 1888 5405 medio
1930 5368 2142 5415 eorum,
2177 5355 2317 5407 bona

755 5441 918 5495 opera
952 5430 1005 5483 in
1055 5433 1135 5486 eis
1168 5449 1423 5502 operans,
1482 5436 1624 5492 Deus
1657 5447 1848 5492 natura
1880 5442 1933 5494 in
1970 5442 2076 5496 diis
2111 5444 2313 5511 gratia,

754 5526 806 5572 et
832 5519 1040 5573 nullum
1071 5523 1209 5576 dans
1240 5526 1455 5580 crimini
1487 5529 1690 5582 aditum
1730 5544 1756 5581 a
1786 5534 2082 5586 creatione.

823 5610 910 5662 54.
950 5610 1084 5663 Cum
1128 5613 1237 5667 Deo
1271 5618 1722 5675 assimilationem
1765 5625 1840 5685 (in
1895 5636 2158 5694 quantum
2195 5634 2309 5679 tiu-

832 5781 877 5812 “
916 5780 1073 5838 Rom.
1131 5801 1247 5853 vni,
1284 5787 1373 5841 2Z9.

2402 5275 2551 5325 μενοι
2575 5261 2641 5328 τῇ
2678 5254 2890 5329 ἐνὸτήτι
2930 5260 3030 5331 τῆς
3059 5263 3302 5332 ἀγάπης,
3332 5263 3412 5333 τῷ
3446 5262 3525 5314 ἑνὶ
3557 5262 3676 5331 Θεῷ
3706 5263 3985 5315 ἐνωθῶσιν

2400 5346 2731 5411 ἀπαύστως’
2771 5350 2863 5403 καὶ
2904 5350 3057 5404 ἔσται
3102 5352 3235 5415 Θεὸς
3282 5354 3340 5405 ἐν
3377 5353 3528 5423 μέσῳ
3557 5353 3717 5415 θεῶν,
3756 5355 3985 5421 ἀγαθῶν

2398 5436 2577 5508 ἔργων
2611 5441 2805 5505 αἴτιος,
2838 5443 2865 5494 ὁ
2905 5442 3067 5509 φύσει
3102 5444 3211 5495 τῶν
3256 5443 3427 5509 θέσει,
3461 5445 3629 5515 μηδὲν
3672 5448 3986 5517 κατήγορον

2401 5530 2597 5585 ἐαυτοῦ
2629 5534 2811 5603 φέρων
2845 5534 2955 5587 άπὸ
2985 5535 3086 5605 τῆς
3126 5537 3376 5599 κτίσεως.

2465 5641 2557 5694 λδ’.
2603 5644 2711 5714 Τῆς
2732 5645 2868 5715 πρὸς
2893 5645 3025 5698 Θεὸν
3048 5647 3460 5718 άφομοιώσεως,
3481 5646 3555 5711 ὡς
3578 5649 3711 5716 ἡμῖν
3733 5649 3979 5717 ἐφικτὸν,
