4190 6458
708 369 810 431 979

1944 369 1987 425 Ν
2002 368 2235 428 ΙίῖΕΤίῐῐ
2264 368 2683 431 PECTORATI

3834 372 3940 433 980

706 490 964 535 caventes
1018 497 1044 533 a
1105 481 1376 550 gnstando
1431 479 1729 542 alimenta,
1786 484 1866 535 vel
1925 498 1953 534 a
2007 484 2271 551 palpandu

2365 485 2846 552 παρατηρούμενοι
2873 483 3008 536 ἅπτε
3024 484 3140 537 σθαι
3165 486 3487 554 βρωμάτων,
3518 488 3545 555 ἧ
3577 486 3748 554 θίγειν
3775 489 3940 555 ἁφῆς,

709 575 1015 641 tangibilia,
1069 574 1151 625 Vel
1187 576 1253 626 ab
1311 573 1649 641 inspicienda
1704 576 2150 643 pulchritudine,
2193 575 2272 627 vel

708 670 775 719 ab
801 665 1093 721 audiendis
1127 668 1444 725 canoribus.
1483 668 1564 720 vel
1622 667 1691 721 ab
1718 668 1980 723 odoribus
2009 669 2274 722 olfacien-

706 762 811 821 dis,
870 759 976 813 sub
1008 757 1284 812 tutoribus
1333 767 1387 810 et
1426 759 1706 827 actoribus
1755 776 1966 823 smnus,
2006 772 2064 815 ut
2094 760 2273 816 adhuc

698 850 937 914 ,parvuli,
969 851 1217 917 quamvis
1242 850 1685 911 bmredes-simus
1708 859 1761 904 et
1790 851 1996 907 domini
2028 854 2271 907 omnium

709 942 887 994 l’atris
929 940 1218 994 bonorum.
1264 940 1329 993 At
1364 942 1452 995 ubi
1488 942 1635 996 venit
1687 942 1967 1013 plenitudo
2014 946 2275 1014 temporis

709 1035 879 1097 illius,
919 1045 972 1087 et
1039 1048 1137 1100 per
1197 1032 1691 1099 impassibilitatem
1733 1035 1952 1104 impleta
2000 1045 2106 1097 est.
2144 1046 2275 1091 tunc

708 1123 943 1177 Verbum
977 1123 1029 1177 in
1058 1123 1214 1177 nobis
1246 1124 1312 1177 de
1344 1139 1482 1193 puro
1505 1125 1671 1180 corde
1705 1129 1972 1191 nascitur,
2003 1136 2058 1183 et
2086 1129 2144 1181 lit
2171 1130 2273 1182 sub

708 1216 823 1283 lege
854 1199 1104 1283 spiritus,
1149 1223 1207 1267 ut
1254 1229 1355 1267 nos
1386 1214 1476 1283 qui
1502 1216 1606 1270 sub
1646 1218 1762 1283 lege
1789 1232 1981 1272 sumus
2025 1219 2275 1273 carnales

702 1323 914 1369 sumus,
970 1306 1241 1371 redimat,
1298 1316 1351 1359 et
1412 1308 1761 1378 adoptionem
1819 1307 2056 1362 filiorum
2114 1312 2273 1365 nobis

705 1400 916 1454 reddat.
954 1397 1067 1452 Hoc
1097 1408 1277 1453 autem
1312 1400 1473 1464 facto,
1507 1408 1637 1453 tunc
1662 1399 1901 1470 Spiritus
1934 1403 1988 1454 in
2015 1404 2275 1456 cordibus

704 1493 908 1568 nostris
962 1493 1160 1545 clamat
1206 1509 1218 1545 :
1263 1511 1281 1542 ι
1347 1494 1522 1553 Abba,
1576 1490 1755 1558 Pater,
1825 1513 1841 1544 ι
1898 1494 2192 1549 ostendens
2223 1504 2275 1549 et

704 1585 1067 1639 manifestans
1106 1586 1266 1640 nobis
1303 1586 1645 1641 filiationem.
1673 1594 1727 1639 et
1754 1588 1806 1639 in
1855 1587 2022 1640 Deum
2054 1586 2270 1641 Patrem

701 1675 1112 1729 confidentiam.
1162 1676 1223 1728 Et
1255 1675 1535 1728 nobiscum
1575 1674 1785 1729 habitat
1828 1685 1881 1730 et
1914 1678 2271 1745 colloquitur,

703 1780 963 1838 tanquam
995 1769 1115 1823 filiis
1150 1781 1201 1822 et
1233 1768 1541 1822 hmredibus
1575 1769 1683 1832 Dei,
1718 1772 1965 1822 servituti
2004 1786 2270 1824 sensuum

702 1872 810 1914 non
847 1859 1112 1928 subjectis
1136 1860 1176 1914 δ.

772 2042 860 2097 52.
904 2043 1104 2097 Coram
1142 2044 1248 2098 illis
1296 2044 1385 2113 qui
1426 2052 1482 2096 ut
1516 2042 1710 2099 Petrus
1769 2044 1820 2095 in
1878 2043 1982 2096 lide
2024 2041 2271 2113 profece-

703 2144 854 2199 runt,
892 2144 950 2188 ut
1014 2135 1255 2190 Jacobus
1303 2136 1369 2190 ad
1435 2150 1585 2205 spem
1642 2135 2036 2199 ascenderunt,
2105 2143 2274 2202 utque

699 2229 941 2283 Joannes
979 2230 1030 2282 iu
1063 2229 1330 2284 charitate
1379 2229 1607 2299 perfecti
1650 2240 1810 2291 sunt,
1849 2231 2273 2296 transfiguntur

702 2319 988 2383 Dominus,
1044 2329 1330 2389 postquam
1388 2321 1443 2374 in
1490 2322 1764 2376 excelsum
1804 2320 2086 2389 tlteologize
2118 2334 2271 2372 mon-

700 2422 808 2465 tem
848 2412 1094 2466 ascendit
1125 2428 1139 2477 ;
1174 2422 1226 2465 et
1262 2412 1574 2482 resplendet
1619 2413 1698 2469 eis
1757 2415 1901 2468 sicut
1931 2414 2011 2468 sol
2045 2412 2184 2467 facie
2216 2420 2270 2467 et

699 2504 1020 2558 charactere
1051 2505 1169 2574 puri
1204 2505 1386 2569 Verbi,
1420 2505 1849 2574 cogitationibus
1882 2522 2011 2560 vero
2040 2506 2262 2561 abscon-

697 2595 824 2669 dita:
856 2598 1138 2667 Sapientiae
1180 2599 1237 2652 fit
1290 2597 1531 2667 fulgidus
1567 2600 1713 2653 sicut
1757 2599 1892 2661 lux;
1949 2606 2003 2653 et
2046 2608 2271 2666 apparet

699 2688 751 2740 iu‘
781 2687 862 2739 eis
894 2683 1158 2749 Verbum,
1204 2687 1441 2741 medium
1471 2699 1626 2742 stans
1660 2687 1805 2742 inter
1844 2676 2018 2755 legem
2058 2696 2112 2740 et
2142 2704 2263 2755 pro-

699 2778 962 2846 phetiam,
1017 2778 1122 2832 alia
1159 2770 1481 2850 praecipiens
1515 2795 1579 2835 ac
1613 2779 1839 2844 docens,
1873 2782 1980 2834 alia
2016 2781 2267 2834 revelans

697 2887 761 2922 ex
798 2867 1091 2938 profundis
1150 2869 1597 2938 absconditisqtie
1632 2871 1913 2938 sapientia:
1968 2870 2266 2931 thesauris,

700 2962 995 3029 aliquando
1041 2956 1204 3013 etiant
1234 2961 1540 3031 praevidens
1580 2970 1633 3015 et
1691 2963 2013 3030 przedicens.
2043 2994 2111 3004 —
2140 2961 2269 3017 lllos

700 3063 759 3108 ut
790 3056 964 3109 nubes
1024 3054 1201 3108 lucida
1257 3054 1554 3108 obumbrat
1602 3054 1860 3125 Spiritus,
1898 3065 1951 3110 et
1984 3071 2114 3111 ecce
2162 3070 2267 3111 vox

701 3146 946 3219 mysticae
1004 3146 1292 3216 tlteolOgiaa
1345 3147 1412 3201 de
1463 3149 1607 3202 nube
1660 3148 1725 3202 ad
1767 3163 1861 3204 eos
1909 3150 2082 3209 venit,
2118 3148 2267 3218 ipsos

699 3241 907 3296 docens
976 3241 1299 3311 mysterium
1361 3239 1455 3294 Dei
1520 3241 1573 3293 in
1625 3241 1803 3295 tribus
1857 3240 2144 3310 personis,
2216 3253 2270 3295 ct

700 3333 889 3387 dicens
921 3350 934 3386 :
973 3350 993 3383 ι
1040 3331 1141 3386 Hic
1180 3341 1264 3386 est
1293 3332 1521 3386 dilectus
1560 3346 1717 3388 meus
1754 3351 1773 3384 ι
1812 3333 2083 3387 terminus
2116 3331 2268 3386 verbi

701 3423 1071 3494 perfectionis.
1110 3442 1129 3476 ι
1167 3424 1220 3479 in
1244 3440 1355 3495 quo
1382 3425 1724 3495 eomplacui'
1765 3445 1782 3477 ι
1816 3424 1945 3480 mibi
1976 3423 2093 3481 fieri
2132 3426 2271 3480 ﬁlios

702 3534 734 3584 p
756 3516 974 3571 'rfectos
997 3517 1051 3571 in
1084 3515 1326 3586 perfecto
1359 3518 1577 3588 Spiritu.

774 3686 865 3752 55.
910 3697 1102 3749 Anima
1127 3696 1307 3750 omria
1361 3706 1574 3749 lcrtena
1632 3697 1966 3767 despiciens,
1996 3708 2268 3752 et‘amore

704 3787 795 3842 Dei
838 3788 1054 3858 penitus
1084 3788 1389 3849 vulnerata,
1434 3798 1645 3854 raptum
1689 3788 1982 3858 quemdam
2030 3788 2271 3856 singula-

704 3899 814 3935 rem
843 3897 905 3936 ac
930 3881 1179 3936 divinum
1218 3881 1391 3936 subit.
1443 3880 1735 3949 Postquam
1785 3882 1931 3935 enim
1965 3882 2111 3937 clare
2145 3896 2269 3950 per-

701 3968 879 4037 spexit
901 3975 1131 4020 naturas
1156 3965 1509 4034 rationesque
1545 3966 1755 4019 entium
1793 3975 1849 4021 et
1869 3982 2051 4021 rerum
2082 3967 2271 4020 buma-

701 4074 893 4113 narum
949 4058 1248 4112 novissima
1299 4058 1593 4121 intellexit,
1630 4073 1735 4135 non
1797 4060 2035 4129 amplius
2065 4061 2271 4127 patitur

701 4168 759 4206 se
794 4153 938 4205 intra
970 4145 1231 4205 mundum
1269 4167 1550 4206 remanere
1581 4160 1635 4206 et
1679 4154 1848 4206 rebus
1873 4142 2270 4220 circumiacen-

702 4242 847 4296 tibus
889 4241 1265 4294 circumscribi
1304 4281 1318 4302 ,
1379 4242 1473 4294 sed
1530 4246 1782 4310 proprios
1836 4240 2037 4297 limites
2091 4251 2272 4298 trans-

698 4346 885 4391 gressa
920 4369 934 4391 ,
988 4345 1250 4384 sensuum
1308 4332 1530 4385 vincula
1612 4334 1872 4396 frangens
1936 4340 1991 4384 et
2046 4340 2269 4386 naturas

702 4422 942 4474 omnium
971 4422 1312 4486 transiliens,
1352 4423 1606 4475 tenebras
1634 4422 1922 4491 theologia:
1958 4423 2011 4475 in
2046 4422 2270 4475 silentio

703 4512 962 4566 inefl‘abili
998 4513 1322 4582 ingreditur.
1359 4512 1450 4566 Dei
1484 4512 1947 4582 pulchritudinem
1978 4513 2033 4567 in
2062 4513 2270 4567 lumine

702 4605 1095 4672 cogitationum
1154 4605 1539 4659 inenarrabilis
1598 4606 1884 4672 sapientia
1932 4605 2269 4670 considerat,

703 4700 753 4747 in
784 4706 1048 4765 quantum
1103 4697 1152 4750 ei
1186 4698 1359 4765 gratia
1404 4712 1639 4766 superna
1689 4697 1880 4750 datum
1935 4708 2039 4753 εει.
2080 4699 2272 4752 Divine

698 4802 881 4841 autem
919 4788 974 4842 in
1008 4788 1159 4842 illius
1199 4790 1722 4857 contemplationem
1755 4790 2033 4854 immersa,
2071 4790 2269 4843 timore

700 4882 850 4934 tiliali
887 4881 1141 4952 degustat
1208 4881 1594 4935 immortalium
1646 4880 1903 4934 arborum
1951 4880 2187 4939 fruetus.
2216 4880 2268 4933 id

696 4984 802 5034 νει,
832 4974 949 5041 -pi:e
1005 4973 1205 5027 tnentis
1261 4974 1621 5040 cogitationes
1667 4988 1955 5042 :quarutn
2023 4975 2269 5042 magnifi-

696 5066 933 5116 centiam
981 5072 1036 5118 et
1083 5064 1475 5119 sublimitatem
1512 5064 1577 5117 ad
1616 5080 1674 5118 se
1702 5079 1916 5118 reversa
1951 5065 2265 5118 nullatenus

702 5154 941 5220 perfecte
973 5157 1280 5225 exprimere
1316 5166 1515 5226 potest,
1546 5156 1640 5209 sed
1693 5157 1852 5224 quasi
1889 5157 2268 5210 extraordina-

702 5250 784 5300 rio
825 5248 1085 5302 instincta
1139 5247 1373 5317 Spiritus
1438 5249 1668 5309 inlluxu,
1711 5248 2037 5303 laudabilem
2106 5265 2265 5317 quctn

699 5339 986 5408 experitur
1027 5340 1284 5395 aﬂ‘eetutn
1333 5340 1385 5393 in
1424 5339 1682 5393 ineffabili
1722 5339 1921 5409 gaudio
1955 5353 2009 5395 et
2049 5341 2267 5395 silentio

701 5436 835 5485 bene
854 5432 1036 5490 novit;
1067 5431 1341 5501 quomodo
1366 5447 1493 5485 vero
1514 5432 1664 5484 illutn
1691 5433 1891 5485 sentiat
1924 5432 2266 5491 instinctum,

704 5522 780 5575 vel
810 5523 939 5592 quid
973 5523 1044 5577 sit
1078 5524 1205 5577 illttd
1241 5539 1351 5591 quo
1389 5534 1653 5586 movetur,
1681 5524 1824 5591 quod
1848 5524 2013 5587 videt,
2053 5526 2272 5593 etquod

701 5613 804 5679 ipsi
828 5614 1071 5683 loquitur
1106 5628 1328 5679 arcana,
1364 5614 1587 5667 minimc
1625 5623 1802 5684 potest
1826 5615 2124 5678 explicare.

782 5706 865 5759 Si.
912 5707 1013 5772 Qui
1057 5713 1263 5778 spargit
1304 5707 1403 5759 sibi
1465 5707 1517 5760 in
1559 5706 1769 5775 justitia
1814 5706 2083 5776 lacrymas
2114 5722 2264 5763 com-

824 5820 998 5875 Galst.
1063 5830 1153 5885 ut?
1173 5820 1227 5884 5,
1257 5820 1308 5873 Ἰ.
1390 5819 1620 5874 'Mattli.
1664 5836 1793 5879 XVII,
1835 5821 1880 5884 l,
1916 5820 1965 5874 ὅ.

2364 576 2393 639 ἢ
2449 575 2778 638 ἐνατενὶζειν
2826 576 3245 647 ὡραιότησιν,ἢ
3300 577 3479 646 μελῶν
3530 578 3859 648 ἀκροᾶσθαι,
3902 580 3937 647 ἢ

2370 668 2559 734 μύρων
2607 660 3017 736 ὀσφραίνεσθαι,
3074 668 3181 721 ὑπὸ
3237 670 3563 739 ἐπιτρόπους
3620 670 3789 739 ἐσμὲν
3848 671 3947 722 καὶ

2364 757 2703 825 οἰκονόμους,
2739 757 2814 820 ὡς
2832 757 2911 810 ἐτι
2947 758 3152 827 νήπιοι,
3183 761 3230 811 εί
3264 759 3357 812 καλ⁸
3379 760 3705 827 κληρονόμοι
3735 762 3946 829 τυγχά-

2364 865 2547 917 νομεν,
2585 849 2683 901 καὶ
2720 848 2901 918 κύριοι
2936 850 3151 902 πάντων
3182 851 3291 901 τῶν
3320 850 3413 902 τοῦ
3448 851 3681 921 Πατρός.
3716 852 3847 903 Ὅτε
3889 851 3948 903 δὲ

2364 940 2491 1011 ἔλθῃ
2534 941 2596 993 τὸ
2640 941 2911 1011 πλήρωμα
2960 941 3054 994 τοῦ
3108 942 3302 1012 χρόνου
3345 942 3536 1011 αὐτῆς.
3567 943 3664 994 καὶ
3704 940 3795 994 διὰ
3848 941 3949 1004 τῆς

2365 1030 2633 1091 ἀπαθείας
2666 1030 2952 1099 πληρωθῇ,
2982 1030 3103 1083 τότε
3133 1032 3388 1097 γεννᾶται
3419 1032 3447 1083 6
3500 1031 3657 1097 λόγος
3706 1032 3764 1082 ἐν
3813 1030 3950 1098 ἡμῖν

2365 1126 2427 1175 ἐκ
2459 1123 2702 1192 καθαρᾶς
2735 1123 2992 1189 διανοίας,
3026 1124 3122 1176 καὶ
3150 1124 3369 1191 γίνεται·
3391 1124 3494 1176 ὑπὸ
3535 1124 3624 1175 τὸν
3656 1124 3822 1191 νόμον
3854 1122 3948 1174 τοῦ

2367 1214 2707 1283 Ιινεύματος,
2742 1216 2828 1269 ἵνα
2851 1216 2978 1277 τοὺς
3013 1216 3117 1269 ὑπὸ
3149 1217 3312 1286 νόμον
3352 1218 3498 1287 ἡμᾶς
3545 1217 3638 1269 τοῦ
3678 1213 3949 1285 σαρκικοῦ

2367 1308 2714 1375 φρονήματος
2736 1308 2895 1370 δντας
2916 1308 3247 1378 ἐξαγοράσῃ,
3276 1310 3370 1362 καὶ
3396 1307 3493 1378 τὴν
3515 1307 3789 1360 υἱοθεσίαν
3814 1309 3949 1374 ἡμῖι

2365 1394 2605 1464 ἀποδῴη.
2640 1394 2844 1448 Τούτου
2876 1396 2931 1449 δὲ
2966 1397 3273 1464 γεγονότος,
3304 1399 3423 1450 τότε
3456 1399 3647 1468 κράζει
3674 1398 3734 1449 τὸ
3770 1395 3946 1449 Πνεῦ-

2367 1503 2442 1554 μα
2472 1489 2552 1549 εἰς
2585 1488 2682 1549 τὰς
2714 1488 2942 1555 καρδίας
2967 1489 3143 1557 ἡμῶν.
3183 1489 3352 1542 Ἀϐϐά
3382 1491 3408 1541 6
3446 1491 3663 1559 Πατήρ·
3699 1490 3949 1542 δεικνύον

2365 1580 2457 1632 καὶ
2489 1580 2756 1652 γνωρίζον
2794 1582 2926 1650 ἡμῖν
2956 1582 3056 1651 τὴν
3100 1583 3347 1649 νεότητα,
3402 1583 3500 1635 καὶ
3548 1585 3645 1651 τὴν
3686 1582 3822 1649 πρὸς
3855 1582 3948 1632 τὸν

2366 1671 2582 1738 Πατέρα
2608 1675 2701 1724 καὶ
2731 1671 2866 1724 Θεὸν
2902 1673 3236 1741 παρρησίαν.
3274 1673 3386 1726 Καὶ
3414 1675 3488 1736 ὼς
3516 1674 3649 1736 υἱοῖς
3679 1675 3773 1724 καὶ
3809 1674 3948 1741 κλη-

2368 1764 2614 1832 ρονόμοις
2642 1763 2777 1816 Θεοῦ
2802 1764 2890 1817 διὰ
2910 1764 3165 1835 Χριστοῦ,
3202 1767 3332 1835 ἡμῖν
3373 1767 3806 1834 συμπαραμένει
3850 1769 3947 1817 καὶ

2307 1842 2690 1923 Βδιαλέγεται,
2724 1856 2799 1926 μὴ
2844 1860 2911 1925 τῇ
2945 1857 3158 1927 δουλείᾳ
3205 1857 3314 1910 τῶν
3355 1857 3663 1928 αἰσθήσεων
3707 1874 3948 1927 κρατου-

2366 1949 2571 2019 μένοις.

2424 2045 2530 2113 νβ’.
2568 2044 2693 2108 Τοῖς
2721 2045 2862 2097 κατά
2908 2045 3115 2115 Πέτρον
3155 2047 3235 2107 εἰς
3270 2045 3451 2097 πίστιν
3482 2044 3815 2115 νπροκόῷασι,
3849 2045 3945 2098 καὶ

2362 2137 2502 2190 κατά
2539 2137 2794 2191 Ἰάκωϐον
2847 2139 2926 2198 είς
2979 2137 3169 2190 ἐλπίδα
3223 2138 3610 2201 ἐπανελθοῦσι,
3655 2138 3750 2191 καὶ
3800 2138 3947 2191 κατὰ

2374 2230 2629 2301 Ἰωάννην
2694 2232 2771 2291 εἰς
2825 2231 3047 2298 ἀγάπην
3097 2230 3454 2294 τελειωθεῖσι,
3498 2229 3946 2300 μεταμορφοῦται

2360 2320 2439 2380 εἰς
2471 2318 2596 2387 ὅρος
2637 2318 2840 2388 ὑψηλὸν
2884 2318 3143 2382 ἀνελθὼν,
3173 2319 3469 2387 θεολογίας,
3517 2322 3544 2371 ὁ
3578 2319 3779 2389 Κύριος
3803 2336 3819 2351 ο
3850 2320 3947 2371 καὶ

2359 2410 2564 2479 λάμπει
2606 2410 2706 2480 μὲν
2737 2410 2920 2473 αὐτοῖς
2945 2412 3012 2480 τῇ
3054 2411 3345 2481 ἐπιφανείᾳ
3389 2413 3484 2464 καὶ
3515 2411 3591 2480 τῷ
3631 2415 3946 2480 χαρακτῆρι

2357 2503 2448 2555 τοῦ
2473 2501 2715 2574 καθαροῦ
2742 2503 2924 2571 λόγου,
2963 2505 3039 2566 ὠς
3070 2504 3098 2555 6
3128 2503 3279 2574 ἥλιος
3299 2521 3313 2534 ·
3344 2506 3455 2565 τοῖς
3486 2504 3541 2555 δὲ
3577 2505 3810 2572 νοήμασι
3841 2504 3947 2571 τῆς

2358 2597 2672 2668 ἀπορρήτου
2703 2597 2917 2663 σοφίας,
2948 2597 3158 2663 γίνεται
3184 2597 3433 2666 λαμπρὸς
3466 2596 3544 2659 ὡς
3568 2597 3631 2648 τὸ
3664 2597 3814 2663 φῶς·
3849 2600 3949 2649 καὶ

2357 2690 2549 2757 ὁρᾶται
2578 2688 2797 2755 ὁ·λόγος
2855 2689 2913 2740 ἐν
2946 2689 3178 2755 τούτοις,
3229 2690 3391 2757 μέσον
3424 2688 3595 2752 ἑστὼς
3638 2690 3804 2758 νόμου
3849 2689 3947 2743 καὶ

2360 2780 2732 2850 προφητείας’
2765 2782 2832 2833 τὰ
2871 2782 2971 2852 μὲν
3010 2781 3320 2851 νομοθετῶν
3350 2781 3446 2834 καὶ
3474 2780 3760 2843 διδάσκων,
3785 2781 3857 2834 τὰ
3886 2780 3945 2833 δὲ

2360 2871 2449 2923 καὶ
2483 2870 2880 2923 ἀνακαλύπτων
2920 2872 2983 2923 ἐκ
3029 2871 3240 2939 βαθέων
3281 2873 3375 2924 καὶ
3413 2870 3813 2941 κεκρυμμένων
3845 2870 3945 2940 θη-

2361 2963 2579 3033 σαυρῶν
2609 2963 2710 3031 τῆς
2737 2963 2931 3032 σοφίας
2953 2979 2967 2993 ο
2997 2963 3111 3015 ἐσθ’
3138 2964 3222 3017 ὅτε
3258 2972 3349 3017 καὶ
3374 2963 3642 3032 προορῶν,
3678 2964 3774 3014 καὶ
3805 2978 3945 3029 προ-

2357 3052 2565 3117 λέγων·
2597 3051 2690 3114 οὓς
2730 3053 2825 3105 καὶ
2872 3052 2948 3114 ὼς
2997 3052 3192 3122 νεφέλη
3242 3052 3477 3121 φωτεινὴ
3526 3052 3842 3115 ἐπισκιάζει
3867 3053 3943 3117 ,τὸ

2359 3140 2603 3209 Πνεῦμα,
2635 3140 2727 3192 καὶ
2760 3141 2910 3211 φωνὴ
2946 3142 3213 3210 μυστικῆς
3249 3141 3534 3209 θεολογίας
3561 3142 3774 3193 ἐκεῖθεν
3803 3142 3943 3210 πρὸς

2296 3203 2553 3292 coniecit;
2600 3229 2844 3299 ἔρχεται,
2895 3229 3107 3299 μυοῦσα
3140 3231 3203 3282 τὸ
3254 3231 3551 3299 μυστήριον
3600 3230 3803 3290 αὐτοὺς
3840 3232 3942 3299 τῆς

2355 3322 2788 3389 τρισυποστάτου
2828 3320 3114 3390 Θεότητος,
3156 3321 3249 3373 καὶ
3285 3320 3428 3373 οὕτω
3456 3320 3687 3388 λέγουσα
3714 3336 3730 3349 ο
3769 3313 3941 3383 Οὗτός

2359 3416 2504 3466 ἐστιν
2527 3415 2554 3465 6
2583 3410 2865 3482 ἀγαπητός
2893 3428 2995 3481 μου
3024 3412 3148 3481 ὅρος
3176 3411 3269 3465 τοῦ
3296 3412 3454 3478 λόγου
3475 3412 3575 3480 τῆς
3603 3411 3939 3475 τελειώσεως

2357 3502 2416 3555 ἐν
2448 3493 2493 3567 ᾧ
2527 3501 2813 3571 εὐδόκησα,
2841 3501 3088 3569 γίνεσθαί
3123 3518 3213 3571 μοι
3249 3503 3487 3565 τελείους
3526 3504 3699 3566 υἱοὺς,
3748 3503 3808 3556 ἐν
3854 3519 3942 3555 τεο

2362 3590 2489 3661 λείῳ
2517 3591 2810 3659 πνεύματι.

2432 3688 2531 3749 vf.
2566 3682 2728 3753 Ψυχὴ
2763 3682 2873 3736 τῶν
2919 3686 3275 3755 χαμαιζήλων
3326 3684 3545 3737 πάντων
3593 3686 3941 3753 καττφρονήο

2361 3792 2522 3839 σασα,
2548 3780 2641 3829 καὶ
2675 3777 2872 3840 ὁλικῶς
2895 3778 2974 3848 τῷ
2998 3778 3157 3849 ἔρωτι
3182 3778 3454 3849 τρωθεῖσα
3486 3777 3644 3838 Θεοῦ,
3680 3780 3943 3831 ἒκστασῖν

2358 3886 2479 3922 τινα
2517 3869 2676 3941 ξένην
2720 3871 2813 3923 καὶ
2854 3870 3004 3925 θείαν
3030 3872 3343 3941 ὑφίσταται.
3389 3872 3544 3925 Μετὰ
3578 3872 3687 3941 γὰρ
3718 3874 3779 3923 τὸ
3811 3889 3944 3925 κατ-

2364 3964 2494 4015 ιδεῖν
2519 3963 2729 4032 τρανῶς
2763 3963 2859 4025 τὰς
2902 3965 3090 4031 φύσεις
3126 3964 3236 4016 τῶν
3266 3964 3435 4017 ὄντων
3468 3965 3563 4016 καὶ
3592 3964 3718 4026 τοὺς
3750 3964 3945 4031 λόγους

2362 4052 2543 4109 αὐτῶν
2582 4056 2674 4106 καὶ
2716 4054 2781 4106 τά
2830 4054 2954 4124 τέλη
2990 4054 3101 4106 τῶν
3147 4054 3503 4125 ἀνθρωπίνων
3533 4044 3943 4109 καταλαϐέσθαι

2365 4144 2726 4213 πραγμάτων,
2762 4145 2910 4207 ἐντὸς
2943 4146 3043 4199 οὐκ
3075 4146 3327 4215 ἀνέχεται
3357 4145 3448 4199 τοῦ
3501 4147 3701 4209 παντὸς
3752 4147 3944 4200 ἔκτοτε

2362 4234 2523 4302 εἶναι,
2572 4239 2667 4291 καὶ
2703 4238 2781 4307 τῷ
2816 4238 3125 4309 περιέχοντι
3156 4239 3627 4310 περιγράφεσθαι·
3664 4240 3802 4293 ἀλλὰ
3835 4242 3947 4293 τῶν

2364 4326 2562 4395 ἑαυτῆς
2605 4329 2746 4398 ὅρων
2789 4329 3051 4388 ἐκστᾶσα.
3090 4329 3185 4381 καὶ
3224 4329 3291 4381 τά
3334 4329 3510 4400 δεσμὰ
3555 4333 3946 4401 τυραννήσασι

2364 4416 2464 4483 τῆς
2500 4417 2824 4485 αἰσθήσεως,
2854 4422 2952 4481 τὰς
3003 4419 3193 4485 φύσεις
3242 4420 3457 4473 πάντων
3504 4424 3816 4491 περάσασι,
3868 4425 3948 4483 εἰς

2365 4509 2563 4577 γνόφον
2603 4510 2884 4578 θεολογίας
2940 4512 2996 4563 ἐν
3050 4513 3275 4583 ἀρρήτῳ
3316 4516 3443 4583 σιγῇ
3485 4515 3818 4583 είσέρχεται,
3854 4518 3947 4566 καὶ

2365 4601 2429 4653 τὸ
2478 4602 2672 4664 κάλλος
2707 4605 2958 4655 κατανοεῖ
2995 4602 3090 4655 τοῦ
3149 4605 3319 4667 εντος,
3358 4607 3415 4657 ἐν
3467 4607 3606 4675 φωτὶ
3656 4609 3947 4675 νοημάτων

2366 4692 2647 4763 ἀφράστου
2682 4694 2893 4761 σοφίας,
2926 4696 3049 4747 ὅσον
3081 4696 3147 4748 ἂν
3179 4697 3316 4765 αὐτῇ
3369 4699 3511 4749 κατὰ
3541 4699 3705 4767 χάριν
3735 4699 3948 4751 ἐκεῖθεν

2365 4783 2513 4852 δοθῇ.
2553 4783 2885 4855 Θεοπρεπῶς
2915 4786 2973 4839 δὲ
3019 4790 3132 4849 τοῖς
3173 4790 3440 4859 νοήμασιν
3469 4790 3547 4853 εἰς
3576 4790 3676 4860 τὴν
3716 4790 3951 4863 θεωρίαν

2369 4871 2537 4927 αὑτοῦ
2580 4874 2985 4942 ἐμϐαθύνουσα,
3010 4878 3254 4950 ἐντρυφᾷ
3305 4879 3413 4932 τῶν
3442 4880 3730 4934 ἀθανάτων
3764 4883 3953 4949 φυτῶν

2366 4967 2481 5029 τοῖς
2503 4968 2757 5035 καρποῖς,
2775 4969 2995 5038 ἀγάπης
3019 4970 3189 5039 φόϐῳ,
3207 4972 3314 5025 τῶν
3337 4973 3498 5025 θείων
3521 4973 3761 5039 ἐννοιῶν,
3785 4975 3952 5042 λέγω,

2367 5061 2480 5121 τοῖς
2541 5062 2853 5129 νοήμασινο
2913 5056 2989 5117 ὧν
3048 5059 3303 5117 οὐδέποτε
3358 5067 3758 5138 συστελλομένη
3815 5072 3953 5140 πρὸς

2370 5152 2590 5220 ἑαυτὴν,
2621 5153 2844 5207 δύναται
2878 5156 3097 5218 τελείως
3124 5159 3401 5227 ἐκφράσαι
3436 5159 3496 5211 τὸ
3518 5162 3957 5232 ,μεγαλοπρεπές

2371 5260 2429 5295 τε
2463 5246 2557 5296 καὶ
2578 5245 2798 5308 ’ἔνδοξον
2821 5263 2833 5275 ·
2866 5248 2984 5299 ἀλλ’
3009 5246 3119 5301 οἷον
3139 5252 3506 5322 ἐνεργουμένη
3531 5252 3699 5318 ξένως
3728 5256 3838 5307 ὕπο
3860 5258 3956 5308 τοῦ

2374 5336 2690 5406 Πνεύματος
2712 5355 2724 5368 ·
2749 5341 2807 5391 τὸ
2840 5340 2937 5408 μὲν
2960 5341 3243 5394 ἐπαινετὸν
3282 5342 3475 5408 πάθος,
3510 5346 3567 5395 ἐν
3596 5345 3825 5415 ἀρρήτῳ
3851 5342 3958 5398 οἶδε

2368 5434 2512 5502 χαρᾷ
2541 5432 2635 5483 καὶ
2656 5430 2830 5501 σιγῇ·
2861 5433 2919 5484 τὸ
2963 5428 3018 5485 δὲ
3066 5433 3184 5495 πῶς
3224 5434 3547 5504 ἐνεργεῖται,
3576 5438 3608 5504 ἦ
3644 5438 3695 5489 τί
3746 5440 3866 5490 ἐστι
3898 5441 3961 5491 τὸ

2372 5523 2558 5577 κινοῦν
2587 5527 2679 5576 καὶ
2718 5526 3014 5596 ὁρώμενον,
3057 5528 3153 5581 καὶ
3184 5528 3340 5597 λέγον
3388 5531 3524 5599 αὐτῇ
3572 5533 3856 5600 μυστικῶς
3894 5534 3959 5586 τά

2372 5615 2686 5687 ἀπόρρητα,
2718 5620 2995 5688 ἀμηχανεῖ
3023 5619 3418 5689 ἐξηγήσασθαι.

2449 5709 2536 5763 νδῖ
2582 5710 2640 5763 'U
2684 5712 2924 5781 σπείρων
2977 5713 3153 5782 ἐαυτῷ
3204 5716 3282 5777 εἰς
3339 5716 3685 5787 δικαιοσύνην
3744 5717 3958 5787 δάκρυα
