4190 6458
712 389 830 457 9³3

1974 384 2270 449 NICETIS
2298 382 2719 445 PECTORATI

3875 368 3981 434 984

714 499 1094 558 oﬂendicula:
1138 522 1157 556 ι
1215 501 1352 556 Ecce
1411 503 1551 556 Deus
1607 517 1784 563 uicus,
1844 502 2085 555 salvator
2145 513 2302 553 meus

2398 489 2553 553 αὐτὸς
2585 489 2727 561 μετὰ
2757 489 2854 544 τοῦ
2892 491 3177 562 προφήτου
3207 492 3264 543 ἐν
3298 494 3363 564 τῇ
3404 493 3589 565 ἡμέρα
3638 494 3822 566 ἐκείνῃ
3853 499 3911 547 ἓν

720 590 1009 655 Dominus,
1069 598 1124 646 et
1159 590 1494 646 ﬁducialitcr
1526 606 1684 661 agam
1727 590 1783 647 in
1846 604 1935 654 eo,
1963 597 2018 644 et
2073 589 2143 643 ab
2179 587 2302 657 ipso

718 682 1000 750 salvabor,
1047 693 1101 738 et
1144 699 1250 737 non
1287 685 1497 741 timebo
1544 702 1558 740 :
1615 684 1744 756 quia
1782 682 2045 740 fortitudo
2096 696 2213 735 mea
2249 688 2303 735 et

717 776 842 833 laus
872 791 991 832 mea
1054 776 1348 843 Dominus,
1378 786 1433 833 et
1466 778 1643 833 factus
1670 786 1756 836 est
1795 776 1933 832 mihi
1959 776 2012 830 in
2041 774 2300 836 salutem,

633 878 645 887 '
717 878 772 922 ct
799 881 909 921 non
946 868 1181 925 cessabo
1207 870 1511 941 praedicare
1542 871 1776 942 gloriam
1807 868 1929 940 ejus
1952 868 2007 923 in
2038 867 2298 922 universa

716 969 863 1015 terra
888 961 953 1016 '°.
987 980 1006 1014 ι

789 1232 881 1288 58.
928 1234 987 1288 Si
1025 1248 1299 1305 agnoscas
1332 1235 1598 1305 impetum
1652 1234 2022 1303 cupiditatum
2081 1248 2206 1287 esse
2242 1231 2296 1284 in

719 1330 774 1377 te
807 1319 1165 1389 inefﬁcacem,
1198 1331 1254 1379 et
1293 1322 1739 1393 compunctionis
1791 1322 2060 1393 lacrymas
2093 1335 2158 1375 ex
2196 1320 2300 1372 lm-

721 1414 954 1469 militate
977 1416 1148 1471 ﬂuere
1183 1414 1251 1471 ab
1272 1414 1452 1471 oculis
1484 1414 1616 1480 tuis,
1647 1416 1788 1470 scito
1819 1414 2039 1468 venisse
2076 1424 2301 1481 regnum

720 1504 816 1561 Dei
862 1505 919 1561 in
948 1517 1020 1572 te,
1062 1518 1115 1563 et
1150 1507 1437 1579 gravidum
1473 1516 1529 1562 te
1562 1522 1687 1564 esse
1723 1507 1930 1578 Spiritu
1988 1513 2202 1559 sancto.
2245 1502 2301 1556 Si

718 1612 850 1651 vero
880 1607 1223 1668 operantem,
1254 1607 1563 1654 moventem
1597 1606 1652 1655 et
1686 1599 2000 1669 loquentem
2033 1594 2300 1666 Spiritum

720 1690 895 1744 sentis
957 1691 1011 1745 in
1070 1691 1382 1746 visceribus
1449 1693 1585 1758 tuis,
1617 1699 1783 1760 teque
1835 1689 2170 1744 excitantem
2235 1688 2301 1741 ad

720 1778 1127 1847 praedicandam
1164 1782 1219 1837 in
1272 1783 1518 1839 Ecclesia
1554 1798 1748 1855 magna
1782 1782 2015 1838 salutem
2066 1790 2120 1835 et
2154 1781 2302 1833 veri-

719 1881 888 1929 tatem
924 1873 1039 1938 Dei,
1083 1891 1151 1930 ne
1179 1878 1444 1933 cohiheas
1473 1878 1613 1931 labia
1660 1885 1753 1931 tua
1775 1885 1999 1945 propter
2030 1872 2296 1928 invidiam

721 1966 1009 2021 hominum
1038 1966 1243 2023 Iudaeis
1274 1970 1538 2024 similium
1566 1984 1582 2034 ;
1608 1979 1661 2023 at
1693 1968 1894 2023 sedens
1922 1967 2103 2022 scrihe
2136 1978 2300 2033 super

722 2058 955 2123 buxum,
987 2071 1042 2116 nt
1081 2061 1155 2115 sit
1187 2061 1355 2117 Isaias
1378 2062 1441 2125 “,
1470 2076 1592 2132 qua:
1646 2061 1886 2131 Spiritus
1946 2060 2041 2113 tibi
2104 2058 2297 2119 dictat,

721 2152 854 2220 quia
897 2151 1027 2207 illud
1054 2154 1160 2207 erit
1195 2152 1248 2206 in
1294 2153 1383 2209 die
1437 2154 1740 2209 novissimo
1770 2160 1825 2208 et
1859 2166 2033 2221 usque
2062 2150 2115 2204 in
2142 2159 2300 2203 a-ter-

721 2258 879 2308 num,
912 2252 970 2298 ut
994 2244 1125 2301 dicit
1157 2247 1441 2317 propheta.
1483 2246 1587 2313 Qui
1613 2247 1760 2302 enim
1805 2244 2065 2299 invidiam
2109 2249 2301 2313 partu.

725 2334 898 2400 riunt,
945 2345 1077 2391 sunt
1136 2336 1369 2407 populus
1418 2337 1758 2398 incredulus.
1828 2336 1925 2391 ﬁlii
1982 2332 2297 2394 mendaces,

723 2428 928 2499 quibus
968 2444 1075 2485 non
1116 2441 1199 2487 est
1256 2430 1413 2497 ﬁdes,
1452 2432 1547 2503 qui
1609 2433 1807 2487 nolunt
1864 2429 2057 2485 audire
2079 2424 2297 2497 operati

726 2520 1305 2599 adhuc'Evangelium
1346 2532 1400 2579 et
1452 2525 1663 2579 amicos
1714 2522 2122 2593 prophetasque
2191 2517 2301 2571 Deo

725 2626 941 2682 parare,
967 2613 1063 2668 sed
1088 2613 1278 2668 dicunt
1306 2615 1591 2684 prephetis
1618 2626 1671 2668 et
1695 2613 1972 2684 magistris
1997 2608 2255 2665 Ecclesia:
2284 2623 2299 2660 :

731 2720 751 2755 ι
791 2703 867 2758 Ne
910 2705 1251 2761 annuntielis
1298 2706 1458 2762 nobis
1492 2706 1819 2776 sapientiam
1857 2703 1971 2770 Dei,
2006 2716 2183 2772 neque
2221 2699 2304 2756 sic

727 2797 1031 2865 loquamini
1089 2800 1248 2854 nobis
1306 2799 1624 2871 spectacula
1684 2809 1895 2853 natura:
1963 2795 2302 2860 videntibus,

727 2887 826 2943 sed
887 2891 1185 2960 prtedicate
1241 2902 1296 2948 et
1357 2894 1684 2949 annuntiate
1744 2892 1904 2946 nobis
1960 2889 2125 2944 aliam
2159 2888 2305 2941 viam

728 2998 893 3054 quam
932 2987 1172 3043 mundus
1202 2994 1373 3050 amat,
1423 2996 1479 3043 et
1508 2986 1727 3042 auferte
1760 3000 1790 3039 α
1819 2984 1983 3040 nobis
2014 2980 2304 3039 oraculum

729 3075 898 3132 Israel
921 3078 986 3133 ".
1019 3096 1038 3129 ι
1074 3077 1153 3134 Ne
1200 3079 1455 3137 attendas
1498 3080 1716 3135 invidia:
1738 3091 1793 3135 et
1836 3078 2017 3133 verbis
2061 3089 2250 3130 eorum
2287 3089 2302 3128 :

2393 586 2903 651 κατασκευάζοντας
2965 588 3100 658 δρᾷς
3149 589 3287 642 κατά
3359 589 3453 642 σοῦ
3514 593 3640 653 τοὺς
3693 593 3974 655 tato-Stoa;

2393 678 2666 733 σκάνδαλα
2705 678 2919 750 τρίὸευ,
2962 697 2981 731 ι
3033 679 3165 735 Ἰδοὺ
3203 683 3230 733 ὁ
3270 681 3403 745 Θεός
3439 700 3565 751 μου,
3616 684 3812 754 Σωτήρ
3869 704 3972 753 μου

2392 769 2597 838 Κύριος
2618 811 2633 835 ,
2687 769 2783 823 καὶ
2816 770 3098 833 πεποιθὼς
3120 772 3314 841 ἔσομαι
3342 774 3430 825 ἐπ’
3461 773 3631 843 αὐτῷ,
3666 776 3761 828 καὶ
3791 776 3977 846 σωθήο

2394 877 2557 930 σομαι
2588 860 2683 914 ὑπ’
2706 862 2895 928 αὐτοῦ,
2935 865 3033 917 καὶ
3073 864 3136 916 οὐ
3178 863 3583 936 φοϐηθήσομαι.
3610 868 3755 920 Διὸτι
3782 869 3816 939 ἡ
3848 868 3976 931 δόξα

2392 970 2495 1022 μου
2523 953 2616 1007 καὶ
2648 955 2682 1025 ἡ
2709 954 2913 1017 αἷνεσίς
2942 972 3045 1025 μου
3072 955 3298 1028 Κύριος,
3337 960 3431 1011 καὶ
3464 959 3683 1027 ἐγένετό
3718 977 3810 1027 μοι
3855 961 3972 1013 Σω-

2390 1046 2513 1116 τῆρι
2556 1046 2653 1100 καὶ
2685 1046 2747 1101 οὐ
2782 1047 3068 1118 παύσομαι
3097 1049 3451 1119 ἀναγγέλλειν
3482 1052 3550 1107 τά
3578 1052 3765 1118 ἔνδοξα
3805 1055 3973 1109 αὑτοῦ

2387 1135 2446 1189 ἰν
2480 1138 2627 1209 πάσῃ
2653 1142 2720 1211 τῇ
2761 1142 2855 1212 γῇ.
2887 1160 2907 1194 s

2461 1229 2561 1303 v'q'.
2595 1233 2657 1286 Εἰ
2690 1232 2863 1302 ἔγνως
2886 1236 2968 1289 ὅτι
2999 1237 3032 1307 ἠ
3059 1237 3199 1308 φορά
3221 1239 3322 1309 τῆς
3343 1240 3454 1294 τῶν
3477 1240 3666 1295 παθῶν
3688 1242 3977 1313 ἐνεργείας

2389 1323 2538 1377 ἔστιν
2571 1326 2645 1378 ὲν·
2664 1326 2750 1379 σοὶ
2780 1326 3085 1396 ἄπρακτος,
3114 1331 3209 1383 καὶ
3250 1332 3283 1402 ή
3309 1333 3603 1401 κατάνυξις
3632 1335 3696 1388 ἐκ
3716 1352 3974 1389 ταπεινο-

2389 1414 2668 1494 φροσύνης
2700 1418 2936 1487 ηγάζει
2967 1420 3076 1474 ἀπὸ
3101 1421 3212 1475 τῶν
3236 1423 3530 1496 ὀφθαλμῶν
3560 1443 3676 1490 σου,
3696 1429 3869 1496 γνῶθι
3892 1430 3974 1482 δτι

2387 1505 2552 1578 ἦλθεν
2582 1512 2615 1578 ή
2655 1509 2902 1579 βασιλεία
2923 1513 3019 1567 τοῦ
3040 1514 3176 1569 Θεοῦ
3204 1516 3296 1570 ἐπὶ
3330 1518 3410 1579 σὲ,
3445 1522 3537 1572 καὶ
3572 1522 3831 1590 ἐγκύμων
3857 1524 3977 1589 ἐγέ-

2390 1618 2482 1654 νου
2512 1600 2607 1655 τοῦ
2629 1602 2786 1671 ἀγίου
2812 1605 3147 1676 Πνεῦματος.
3174 1608 3235 1661 Εἰ
3264 1609 3320 1663 δὲ
3344 1611 3439 1663 καὶ
3478 1612 3757 1682 ἐνεργοῦν,
3793 1615 3975 1668 κινοῦ-

2394 1697 2553 1766 μενόν
2575 1714 2635 1750 τε
2656 1698 2752 1751 καὶ
2771 1698 2969 1753 λαλοῦν
2989 1701 3051 1753 τὸ
3094 1702 3322 1775 Πνεῦμα
3347 1708 3485 1769 νοεῖς
3508 1708 3563 1760 ὲν
3588 1712 3698 1772 τοῖς
3716 1710 3975 1776 ἐγκατοις

2391 1806 2506 1851 σου,
2532 1791 2627 1845 καὶ
2646 1791 2915 1864 διεγεῖρον
2940 1812 3001 1848 σε
3045 1796 3140 1849 τοῦ
3165 1796 3342 1866 λέγειν
3362 1800 3419 1852 ὲν
3458 1801 3725 1873 ἐκκλησίᾳ
3755 1804 3977 1876 μεγάλῃ

2392 1884 2451 1936 τὸ
2486 1887 2798 1955 σωτήριον,
2861 1890 2955 1942 καὶ
3001 1889 3099 1961 τὴν
3149 1891 3408 1962 ἀλήθειαν
3446 1893 3539 1946 τοῦ
3588 1894 3745 1957 Θεοῦ,
3786 1896 3863 1965 μὴ
3911 1895 3975 1967 δὴ

2391 1976 2644 2049 κωλύσῃς
2674 1980 2742 2032 τὰ
2776 1980 2929 2051 χείλη
2972 1998 3066 2034 σου
3101 1984 3189 2037 διὲ
3222 1989 3313 2040 τον
3343 1987 3536 2055 φθόνον
3566 1988 3678 2040 τῶν
3712 1990 3973 2042 Ἰουδαιοο

2391 2070 2607 2140 φρόνων
2644 2071 2888 2144 ἀνδρῶν’
2921 2073 3058 2128 ἀλλά
3103 2076 3357 2141 καθίσας,
3400 2079 3608 2149 γράψον
3632 2080 3725 2132 ἐπὶ
3751 2080 3975 2144 πυξίου,

2394 2163 2578 2228 καθώς
2618 2180 2786 2237 φησιν
2822 2166 3076 2233 Ἠσαῖας,
3112 2168 3147 2224 ἀ
3177 2168 3237 2221 τὸ
3271 2170 3497 2240 Πνεῦμά
3544 2189 3626 2225 σοι
3673 2171 3824 2240 λέγει
3848 2190 3865 2205 ·
3895 2174 3977 2227 ὅτι

2394 2252 2547 2308 ἔσται
2574 2256 2657 2320 είς
2716 2257 2929 2327 ἡμέρας
2973 2259 3181 2329 καιρῶν
3217 2260 3413 2325 ταῦτα,
3448 2262 3539 2315 καὶ
3593 2262 3699 2326 ἕως
3752 2264 3835 2326 εἰς
3884 2263 3977 2316 τὸν

2396 2346 2566 2400 αἰῶνα
2583 2363 2596 2376 ’
2618 2347 2758 2403 κατά
2774 2350 2865 2402 τὸν
2886 2349 3029 2403 οὕτω
3049 2352 3294 2407 εἰπόντα.
3310 2354 3374 2406 Οἱ
3391 2354 3499 2426 γὰρ
3524 2356 3614 2408 τὸν
3634 2358 3828 2422 φθόνον
3849 2358 3978 2412 ὡδί-

2395 2457 2600 2506 νοντες,
2628 2440 2755 2506 λαὸς
2779 2443 3011 2514 ἀπειθής
3040 2445 3199 2508 είσιν,
3232 2446 3335 2500 υἱοὶ
3358 2446 3593 2516 ψευδεῖς,
3625 2444 3706 2512 οἷς
3733 2453 3833 2502 οὐκ
3860 2451 3976 2503 ἔστι

2398 2533 2602 2597 πίστις,
2627 2534 2679 2588 οἶ
2709 2535 2771 2588 οὐ
2809 2535 3091 2604 βούλονται
3139 2538 3381 2601 ἀκούειν,
3417 2541 3498 2593 ὅτι
3535 2542 3613 2593 ἔτι
3647 2543 3707 2595 τὸ
3733 2544 3975 2611 Εὖαγγέο

2396 2624 2510 2677 λιον
2538 2626 2772 2693 ἐνεργεῖ.
2816 2627 2912 2681 καὶ
2956 2628 3143 2696 φίλους
3178 2629 3313 2683 Θεοῦ
3343 2634 3436 2683 καὶ
3475 2635 3759 2701 προφήτας
3806 2651 3973 2687 κατα-

2398 2719 2653 2783 σκευάζει
2673 2737 2687 2750 ’
2722 2718 2855 2773 ἀλλά
2888 2720 3108 2788 λέγουσι
3133 2726 3247 2787 τοῖς
3273 2725 3577 2793 προφήταις
3612 2726 3699 2776 καὶ
3726 2725 3979 2779 διδασκᾶ-

2396 2810 2511 2873 λοις
2535 2811 2635 2879 τῆς
2676 2812 3038 2881 Ἑκκλησίας’
3070 2814 3162 2886 Μὴ
3196 2816 3555 2883 ἀναγγέλλετε
3586 2819 3716 2885 ἡμῖν
3750 2820 3850 2887 τὴν
3888 2836 3979 2871 σο-

2399 2900 2530 2969 φίαν
2567 2901 2664 2953 τοῦ
2692 2901 2854 2955 Θεοῦ.
2886 2903 3013 2965 Τοῖς
3044 2904 3113 2957 τά
3143 2904 3397 2975 ὁράματα
3418 2906 3518 2973 τῆς
3562 2906 3802 2973 φυσικῆς
3838 2906 3978 2959 θεωο

2402 2992 2523 3062 ρίας
2580 2992 2749 3063 ὁρῶσι
2807 2993 2885 3065 μὴ
2931 2993 3144 3048 λαλεῖτε
3199 2998 3351 3067 ἡμῖν,
3407 2997 3543 3050 ἀλλὰ
3604 2998 3839 3061 λαλεῖτε,
3884 3001 3981 3052 καὶ

2398 3084 2765 3153 ἀναγγέλλετε
2797 3088 2930 3158 ἡμῖν
2961 3088 3156 3159 ἑτέραν
3193 3088 3481 3159 πλάνησιν,
3508 3093 3574 3161 ἦν
3602 3092 3631 3144 ὁ
3653 3093 3861 3161 κόσμος
3893 3110 3981 3161 φι-

733 3183 858 3224 nam
915 3172 1132 3225 tandem
1176 3172 1338 3228 verba
1395 3182 1485 3228 tua
1550 3175 1615 3229 ad
1666 3173 1961 3227 multorum
2017 3168 2305 3223 utilitatem

2399 3178 2498 3238 λεῖ.
2529 3180 2624 3231 καὶ
2666 3179 2898 3248 ἀφέλετε
2942 3182 3038 3250 ἀφ’
3082 3183 3242 3252 ⁴ἡμῶν
3279 3184 3340 3236 τὸ
3375 3183 3555 3251 λόγιον
3607 3183 3701 3237 τοῦ
3738 3186 3978 3252 Ἰσραήλ.

731 3266 1047 3319 resonantia
1102 3266 1329 3321 audient
1396 3268 1548 3323 surdi
1624 3268 1980 3338 spirituales,
2032 3277 2306 3320 cascorum

2402 3271 2556 3340 Μηδὲ
2585 3272 2861 3343 προσέξῃς
2883 3276 2949 3344 τῇ
2986 3273 3277 3345 βασκανίᾳ,
3299 3274 3394 3327 καὶ
3418 3277 3533 3337 τοῖς
3554 3274 3735 3342 λόγοις
3767 3276 3978 3328 αὐτῶν·

736 3354 879 3410 oculi
909 3355 1156 3412 tenebris
1197 3357 1320 3411 vitae
1372 3359 1701 3429 peccatique
1744 3357 1977 3428 caligine
2032 3353 2309 3410 obscurati

734 3446 1001 3503 videbunt
1031 3449 1323 3504 verborqu
1357 3460 1576 3506 tuorum
1608 3452 1814 3515 lumen,
1851 3452 1906 3505 in
1952 3450 2037 3504 his
2064 3446 2311 3504 exsulta-

734 3542 873 3594 hnnt
902 3555 1172 3612 pauperes
1205 3543 1429 3612 Spiritu,
1461 3558 1561 3613 spe
1610 3543 1770 3598 fracti
1828 3542 2080 3598 homines
2113 3538 2313 3610 gaudio

736 3632 1119 3704 rcplebuntur,
1149 3644 1206 3689 et
1251 3635 1447 3705 spiritu
1480 3636 1729 3707 palantes
1758 3636 1812 3690 in
1849 3633 2034 3689 verbis
2070 3632 2180 3688 tuis
2227 3645 2315 3684 re-

738 3729 1113 3799 colligentur:
1167 3730 1260 3799 qui
1323 3739 1508 3786 autem
1574 3740 1771 3786 contra
1836 3738 1891 3785 te
1941 3734 2312 3789 murmurant,

733 3824 948 3880 discent
994 3826 1379 3897 obtemperare
1409 3827 1592 3883 verbis
1621 3827 1864 3898 Spiritus
1886 3824 2087 3890 sancti,
2121 3832 2177 3880 et
2209 3822 2315 3877 lin-

734 3932 856 3986 gua:
883 3918 1250 3976 balbutientcs
1281 3935 1470 3992 pacem
1500 3922 1647 3993 loqui
1685 3920 1925 3977 discent.

810 4368 901 4425 59.
938 4367 1139 4424 Beatus
1176 4370 1269 4425 ille
1297 4373 1391 4440 qui
1448 4371 1613 4425 habet
1668 4373 1722 4427 in
1754 4372 1884 4426 Sion
1918 4370 2166 4427 Ecclesia
2221 4370 2315 4426 Dei

735 4474 923 4515 semen
956 4462 1222 4517 doctrinae
1247 4463 1540 4518 verborum
1578 4479 1828 4527 suorum,
1859 4471 1921 4518 ut
1951 4465 2026 4519 ait
2055 4463 2227 4519 Isaias
2249 4463 2316 4529 “,

737 4566 789 4610 σοι
825 4554 967 4611 ﬁlios
998 4558 1250 4627 proprios
1290 4556 1397 4611 sibi
1434 4566 1490 4612 et
1516 4556 1745 4627 Spiritui
1796 4566 1989 4611 sancto
2015 4557 2069 4612 in
2102 4558 2316 4612 caelesti

739 4650 1225 4720 primogenitornm
1274 4647 1617 4715 Jerusalem;
1654 4651 1761 4704 erit
1803 4651 1948 4704 enim
2002 4650 2171 4704 homo
2206 4650 2314 4715 ille,

740 4741 940 4812 inquit,
971 4740 1318 4796 abscondens
1366 4741 1433 4796 ad
1490 4749 1707 4809 tempus
1737 4742 1901 4795 verba
1942 4755 2064 4803 sua,
2100 4750 2153 4795 et
2188 4739 2317 4792 abs-

738 4836 1011 4889 condetur
1075 4835 1223 4889 velut
1278 4849 1417 4904 aqua
1474 4836 1827 4893 decurrente,
1862 4846 1926 4887 ac
1976 4831 2196 4886 tandem
2258 4830 2310 4883 iu

741 4928 873 4982 Sion
914 4926 1155 4981 ﬁdelium
1200 4924 1445 4980 Ecclesia
1495 4925 1773 4979 videbitur
1822 4926 1971 4979 velut
2042 4933 2202 4979 terra
2236 4921 2312 4975 si.

739 5021 894 5075 tienti
923 5020 1124 5073 ﬂuvius
1153 5020 1453 5074 decurrens
1480 5018 1700 5073 ﬂuentis
1735 5018 2015 5087 sapientia:
2045 5032 2160 5073 suae
2197 5016 2317 5085 glo-

741 5116 945 5177 riosus,
978 5123 1033 5168 et
1056 5113 1148 5182 qui
1174 5112 1243 5167 ab
1267 5113 1467 5168 invidis
1496 5111 1886 5176 deﬁertuntur,
1914 5128 2021 5166 non
2078 5108 2318 5180 amplius

744 5205 796 5258 in
840 5204 925 5258 his
956 5204 1255 5267 conﬁdent,
1309 5204 1407 5260 sed
1468 5218 1632 5258 aures
1698 5218 1826 5258 suas
1879 5203 2201 5273 praebebunt
2248 5202 2315 5256 ad

743 5297 1013 5353 audienda
1044 5298 1193 5354 illius
1243 5298 1485 5353 hominis
1514 5298 1705 5360 verba,
1734 5307 1786 5351 et
1827 5312 1924 5353 cor
1969 5296 2316 5349 inﬁrmorum

746 5391 927 5445 anima
958 5391 1166 5460 patebit
1201 5392 1267 5445 ad
1294 5390 1628 5445 audiendum
1658 5405 1675 5455 ;
1714 5404 1815 5443 nec
1844 5389 2104 5457 deinceps
2133 5387 2320 5441 dicent

749 5484 967 5539 invidiae
998 5485 1247 5549 asseclte,
1287 5500 1308 5536 ι
1338 5480 1453 5538 Sile
1486 5500 1531 5547 I,
1572 5481 1845 5553 siquidem
1880 5480 1990 5544 ille,
2017 5494 2143 5535 cum
2195 5480 2320 5548 pius

748 5576 841 5638 sit,
879 5576 1206 5648 sapientiam
1240 5576 1525 5646 amplexus
1554 5584 1659 5639 est,
1704 5588 1803 5628 nec
1826 5573 2119 5628 stultorum
2150 5571 2324 5625 instar

748 5668 936 5722 mundi
994 5666 1327 5737 sapientium
1380 5668 1545 5723 stulta
1586 5674 1671 5723 est
1712 5667 1953 5731 locutus,
1991 5680 2093 5721 nec
2139 5664 2326 5717 animo

2399 3362 2728 3417 ἀκούσονται
2753 3365 2862 3436 γὰρ
2901 3366 2970 3419 τά
3015 3366 3373 3438 ὑπηχούμενά
3416 3385 3497 3421 σοι
3530 3368 3661 3438 πρὸς
3710 3369 3983 3437 ὠφέλειαν

2401 3457 2613 3509 πολλῶν
2646 3457 2855 3511 ἀνωθεν
2893 3460 3067 3526 κωφοὶ
3107 3460 3467 3531 ﬁexa-0mm".
3499 3463 3550 3514 οἱ
3584 3464 3642 3514 ὲν
3677 3462 3757 3531 τῷ
3799 3463 3982 3514 σκότει

2399 3548 2496 3603 τοῦ
2523 3548 2664 3619 βίου,
2684 3550 2777 3603 καὶ
2800 3551 2851 3603 οί
2886 3551 2945 3603 ὲν
2969 3553 3035 3622 τῇ
3060 3551 3259 3623 ὁμίχλῃ
3286 3555 3384 3621 τῆς
3408 3553 3682 3623 ἁμαρτίας
3711 3553 3983 3623 ὀφθαλμοὶ

2399 3642 2636 3711 τυφλῶν,
2671 3642 2893 3712 δψονταί
2921 3658 3013 3696 σου
3048 3645 3156 3698 τῶν
3190 3646 3364 3715 λόγων
3401 3646 3462 3698 τὺ
3503 3647 3637 3715 φῶς,
3683 3647 3780 3699 καὶ
3810 3644 3984 3712 ἀγαλ-

2401 3730 2680 3786 λιάσονται
2719 3736 2779 3787 ὲν
2819 3734 3003 3798 αὐτοῖς
3044 3738 3093 3788 oi
3120 3738 3325 3806 πτωχοὶ
3362 3736 3437 3806 τῷ
3472 3739 3768 3807 πνεύματι,
3805 3740 3900 3789 καὶ
3930 3739 3981 3788 οἱ

2397 3822 2813 3891 απηΑπισμένοι
2852 3822 2964 3875 τῶν
2993 3822 3319 3893 ἀνθρώπων,
3359 3824 3846 3893 ὲμπλησθήσονται
3894 3826 3985 3875 εὑ-

2400 3910 2699 3981 φροσύνης,
2747 3912 2841 3964 καὶ
2890 3913 3197 3978 γνώσονται
3250 3913 3299 3965 oi
3333 3912 3411 3981 τῷ
3446 3913 3723 3981 πνεύματι
3769 3912 3989 3964 πλανώ-

2405 4019 2580 4071 μενοι,
2615 4002 2833 4055 σύνεσιν
2864 4003 2921 4055 ὲν
2951 4005 3064 4065 τοῖς
3085 4003 3265 4072 λόγοις
3294 4020 3387 4056 σου
3410 4020 3425 4035 ·
3453 4006 3503 4057 οἱ
3526 4004 3582 4057 δὲ
3618 4003 3989 4071 γογγύζοντες

2401 4096 2544 4148 κατά
2594 4092 2714 4155 σοῦ,
2772 4094 3111 4165 μαθήσονται
3162 4094 3463 4148 ὑπακούειν
3506 4096 3614 4149 τῶν
3667 4096 3846 4163 λόγων
3892 4096 3989 4148 τοῦ

2410 4186 2757 4255 Πνεῦματος,
2789 4186 2886 4239 καὶ
2913 4186 3159 4254 γλῶσσαι
3193 4188 3249 4240 αἱ
3281 4186 3654 4255 ψελλέζουσαι,
3697 4187 3884 4241 λαλεῖν
3913 4191 3990 4240 εἰς

2406 4281 2573 4349 ρήνην
2606 4278 2965 4348 μαθήσονται.

2476 4371 2569 4423 v')’.
2605 4372 2892 4440 Μακάριος
2936 4370 2995 4433 ὃς
3027 4370 3139 4441 ἔχει
3179 4374 3235 4425 ὲν
3268 4373 3407 4425 Σιὼν
3437 4374 3501 4441 τῇ
3544 4371 3639 4424 τοῦ
3679 4372 3816 4424 Θεοῦ
3870 4372 3992 4425 Ἐκ-

2408 4460 2604 4530 κλησίᾳ
2625 4500 2640 4524 ,
2677 4458 2900 4531 σπέρμα
2927 4462 3279 4525 διδασκαλίας
3306 4464 3416 4515 τῶν
3444 4463 3621 4530 λόγων
3656 4463 3848 4524 αὑτοῦ,
3885 4480 3989 4531 φηο

2410 4558 2491 4606 σῖν
2534 4556 2803 4617 Ἠσατας,
2858 4556 2950 4607 καὶ⁵
3011 4556 3158 4617 υἱοὺς
3212 4557 3445 4617 οἰκείους
3497 4556 3705 4624 ἐαυτῷ,
3764 4558 3857 4608 καὶ
3914 4556 3993 4624 τῷ

2409 4647 2710 4716 Πνεύματι,
2746 4648 2804 4699 ὲν
2829 4648 2894 4716 τῇ
2929 4646 3039 4699 ἀνω
3066 4646 3175 4697 τῶν
3206 4648 3569 4717 πρωτοτόκων
3611 4647 3991 4716 Ἰερουσαλήμυ

2406 4741 2557 4791 ἔσται
2586 4740 2695 4807 γὰρ
2728 4738 2758 4790 δ
2788 4737 3077 4806 ἄνθρωπος
3110 4739 3340 4801 ἐκεῖνος,
3370 4738 3627 4809 κρύπτων
3662 4742 3742 4801 εἰς
3775 4740 3992 4807 καιρὸν,

2406 4830 2575 4899 φησι,
2613 4830 2738 4891 τοὺς
2784 4827 2981 4896 λόγους
3027 4829 3231 4895 αὑτοῦ,
3274 4830 3369 4882 καὶ
3406 4830 3737 4899 κρυϐήσεται
3789 4830 3868 4892 ὡς
3902 4830 3995 4898 ἀφ’

2406 4921 2598 4985 ὕδατος
2623 4922 2927 4992 φερομένου
2951 4960 2967 4984 ,
2999 4923 3094 4974 καὶ
3133 4921 3383 4991 ἔσχατον,
3424 4924 3726 4991 φανήσεται
3762 4924 3821 4975 ἐν
3856 4922 3996 4975 Σιὼν

2406 5017 2470 5085 τῇ
2499 5015 2606 5067 τῶν
2641 5014 2851 5067 πιστῶν
2908 5014 3241 5085 Ἐκκλησία,
3285 5014 3361 5077 ὡς
3396 5015 3640 5083 ποταμὸς
3692 5014 3999 5084 φερόμενος

2407 5105 2635 5173 ἔνδοξος,
2668 5109 2739 5177 γῇ
2768 5107 2980 5179 διψώσῃ
3015 5108 3127 5168 τοῖς
3163 5106 3401 5176 ῥείθροις
3430 5107 3526 5173 τῆς
3569 5106 3759 5168 σοφίας
3802 5104 3990 5159 αὐτοῦ*

2405 5199 2502 5250 καὶ
2530 5197 2630 5248 οὐκ
2661 5195 2743 5248 ετι
2771 5194 2985 5248 ἔσονται
3012 5195 3062 5247 οἱ
3092 5195 3198 5246 ὑπὸ
3226 5194 3337 5247 τῶν
3377 5193 3721 5263 φθονούντων
3760 5197 3996 5264 ἀνατρε-

2404 5288 2630 5354 πόμενοι
2662 5285 2983 5347 πεποιθότες
3023 5287 3109 5336 ἐπ’
3155 5286 3359 5347 αὐτοῖς,
3392 5271 3538 5335 ἀλλά
3560 5283 3627 5335 τὰ
3657 5278 3775 5336 ὦτα
3814 5285 3998 5336 αὐτῶν

2404 5377 2665 5430 δώσουσιν
2696 5376 2920 5431 ἀκούειν
2948 5376 3057 5429 τῶν
3079 5376 3253 5444 λόγων
3292 5376 3387 5428 τοῦ
3427 5374 3715 5446 ἀνθρώπου
3757 5378 3995 5439 ἐκείνου,

2405 5469 2503 5523 καὶ.
2542 5470 2575 5539 ἡ
2603 5469 2799 5539 καρδία
2825 5468 2935 5522 τῶν
2973 5468 3114 5522 κατά
3159 5468 3337 5538 ψυχὴν
3370 5466 3744 5520 ἀσθενούντων
3771 5509 3786 5527 ,
3827 5484 3998 5537 προσ-

2407 5564 2517 5629 έξει
2573 5562 2668 5615 τοῦ
2707 5562 2960 5616 ἀκούειν·
3004 5562 3098 5614 καὶ
3146 5563 3247 5614 οὐκ
3295 5560 3374 5612 ἔτι
3427 5560 3488 5611 οὐ
3544 5559 3617 5628 μὴ
3674 5561 3909 5611 εἴπωσιν
3949 5559 3996 5610 οξ

2407 5653 2682 5723 ὑπηρέται
2699 5652 2791 5705 τοῦ
2818 5653 3035 5720 φθόνου’
3056 5651 3210 5718 Σίγα·
3247 5649 3433 5720 ἐπειδὴ
3451 5650 3680 5719 εὐσεϐὴς
3705 5650 3781 5702 ὢν
3801 5650 3996 5703 συνετὰ

828 5851 869 5884 ’⁸
902 5852 1002 5907 lsa.
1041 5867 1137 5920 sit,
1170 5850 1226 5919 2,
1261 5851 1315 5905 5.
1397 5852 1436 5883 “
1469 5849 1578 5906 lsa.
1617 5865 1745 5914 xu,
1783 5848 1837 5903 8.
1917 5851 1960 5882 "
1996 5846 2127 5902 Inid.
2165 5844 2252 5901 Η.

2439 5841 2537 5898 lsa.
2588 5855 2742 5906 χιιι,
2776 5839 2809 5897 9
2841 5856 2953 5898 sec.
2982 5838 3146 5896 LXX.
