4190 6458
200 420 317 483 985

1069 420 1619 483 GNOSTICORUM
1654 419 1996 487 CAPITUM
2035 427 2431 495 CENTURIA
2466 434 2591 500 ῐΙΐ.

3378 442 3485 508 986

201 542 601 609 ἐδουλώσατο,
639 544 733 596 καὶ
776 542 875 611 οὐχ
924 539 1114 611 ὥσπερ
1149 540 1199 593 oi
1248 539 1420 610 μωροὶ
1449 537 1545 592 τοῦ
1588 539 1795 608 κόσμου

1900 556 2105 597 vanum
2162 546 2286 602 iniit
2347 551 2643 605 consilium
2696 568 2862 623 prava
2919 554 3185 619 faciendi,
3217 566 3269 610 et
3339 558 3481 617 falso

203 637 365 703 σοφοὶ
399 635 559 705 μωρὰ
581 634 843 702 ἐλάλησεν
869 649 886 665 ·
918 633 1038 685 οὐδὲ
1065 634 1097 703 ἡ
1128 630 1326 701 καρδία
1358 630 1522 683 αὐτοῦ
1576 631 1797 699 νενόηκε

207 728 424 798 μάταια
453 726 548 780 τοῦ
591 727 868 779 συντελεῖν
901 725 1113 794 ἀνομα,
1166 725 1263 778 καὶ
1308 722 1491 776 λαλεῖν
1538 722 1673 793 πρὸς
1707 724 1798 776 τὸν

202 821 346 873 Θεὸν
399 818 668 889 πλάνησιν
712 817 788 881 ὡς
829 816 894 870 ἀν
938 816 1233 888 διασπείρῃ
1287 813 1465 884 ψυχὰς
1499 813 1797 879 πεινώσας,

204 915 309 966 καὶ
336 910 517 981 ψυχὰς
540 910 641 972 τάς
676 908 944 979 διψῶσας,
981 907 1146 971 κενάς
1183 908 1407 976 ποιήσῃ.
1436 904 1535 958 Διά
1562 903 1720 957 τοῦτο
1747 905 1799 957 οῑ

202 1004 362 1071 λόγοι
391 1003 558 1058 αὑτοῦ
595 1001 850 1074 μενοῦσιν
886 1002 966 1063 εις
997 998 1269 1068 ὠφέλειαν
1307 996 1541 1061 πολλῶν,
1571 996 1677 1049 κᾶν
1724 996 1800 1066 μὴ

200 1094 345 1166 δοκῇ
375 1097 488 1156 τοῖς
523 1094 900 1163 βασκαίνουσι.

280 1186 348 1251 ξ’.
374 1184 466 1255 Τῷ
489 1186 548 1238 ὲν
568 1183 758 1254 ὑψηλῷ
785 1180 1038 1251 σπηλαίῳ
1060 1180 1267 1250 πέτρας
1290 1178 1517 1249 ἰσχυρᾶς
1540 1176 1799 1242 οἰκοῦντι,

202 1275 379 1346 ἄρτος
408 1276 489 1339 είς
524 1274 689 1346 κόρον
727 1273 1015 1342 δοθήσεται
1051 1268 1344 1339 γνώσεως,
1387 1271 1482 1322 καὶ
1516 1270 1545 1323 ό
1590 1269 1803 1341 κρατὴρ

202 1370 315 1440 τῆς
358 1367 552 1436 σοφίας
597 1366 678 1429 εἰς
726 1364 930 1436 μέθην⁸
976 1363 1070 1416 καὶ
1104 1360 1276 1425 οὕτως
1324 1361 1481 1414 ἔσται
1527 1360 1715 1415 πιστὸν
1743 1361 1804 1414 τὸ

205 1460 361 1531 ὕδωρ
408 1457 609 1514 αὐτοῦ·
661 1456 887 1528 βασιλέα
943 1456 1082 1526 μετά
1125 1454 1285 1524 δόξης
1337 1454 1567 1524 ϐψεται,
1621 1456 1717 1509 καὶ
1752 1455 1802 1508 οῖ

202 1549 486 1617 ὀφθαλμοὶ
527 1548 694 1603 αὑτοῦ
732 1548 837 1617 γῆν
871 1546 1156 1618 πόρρωθεν
1184 1546 1405 1615 δψονται
1427 1561 1441 1575 ’
1472 1546 1505 1616 ἠ
1531 1544 1675 1615 ψυχὴ
1704 1546 1804 1599 αὐο

204 1643 310 1697 τοῦ
338 1644 623 1713 μελετήσει
656 1640 870 1710 σοφίαν,
907 1641 1003 1694 καὶ
1033 1639 1324 1707 ἀναγγελεῖ
1355 1641 1489 1693 πᾶσι
1517 1638 1613 1692 τὸν
1641 1639 1805 1694 τόπον

208 1737 313 1790 τὸν
341 1735 585 1803 αίώνιον,
616 1727 678 1788 οὗ
710 1734 819 1787 τῶν
851 1734 993 1804 ὅρων
1019 1733 1175 1796 ἐκτὸς
1197 1732 1367 1786 οὐδέν.

288 1844 393 1907 tia}.
425 1841 485 1893 Εἰ
513 1840 607 1893 οὖν
636 1842 670 1910 ἡ
707 1840 926 1894 παιδεία
956 1839 1164 1909 Κυρίου
1193 1840 1397 1908 ἀνοίγει
1431 1839 1499 1893 τά
1524 1834 1636 1894 ὦτα
1666 1859 1802 1894 παν-

209 1931 311 1995 ct;
342 1931 435 1983 τοῦ
475 1931 812 2000 φοϐουμένου
857 1932 1041 1995 αὑτὸν,
1090 1932 1184 1983 καὶ
1235 1931 1593 2002 προστίθησιν
1646 1932 1804 1983 ὠτίον

210 2024 368 2092 αὶτῷ
394 2023 487 2077 τοῦ
520 2023 762 2087 ἀκούειν,
800 2025 895 2076 καὶ
931 2022 1182 2091 γλῶσσαν
1213 2022 1397 2076 δίδωσι
1436 2023 1680 2085 παιδείας
1710 2020 1803 2075 τοῦ

211 2114 444 2181 γνῶναι,
464 2112 625 2182 ἡνίκα
654 2113 736 2166 δεῖ
765 2114 939 2166 εἰπεῖν
965 2113 1241 2181 λόγον,τίς
1273 2114 1461 2184 ἔτερος
1489 2116 1516 2167 ό
1543 2115 1807 2186 ἀποστρέ-

214 2223 339 2272 φων
372 2204 664 2275 φρονίμους
697 2205 791 2258 καὶ
820 2205 1020 2275 σοφοὺς
1049 2204 1146 2258 τοῦ
1174 2206 1380 2278 κόσμου
1409 2208 1487 2269 είς
1514 2207 1581 2261 τὰ
1608 2207 1803 2272 ὀπίσω,

215 2296 317 2348 καὶ
345 2296 443 2366 τὴν
468 2296 662 2363 σοφίαν
698 2297 987 2367 μωραίνων
1021 2297 1201 2351 αὐτῶν
1224 2337 1241 2363 ,
1279 2298 1437 2368 μόνον
1460 2298 1516 2352 δὲ
1548 2299 1710 2352 ίστῶν
1736 2298 1807 2352 τά

216 2388 446 2457 ῥήματα
488 2386 598 2440 τῶν
643 2387 843 2441 δούλων
880 2387 1083 2455 αὐτοῦ,
1129 2389 1310 2461 ἀλλ’ἢ
1351 2390 1515 2454 αὐτὸς
1560 2392 1588 2443 ὀ
1636 2390 1806 2444 ποιῶν

213 2479 387 2533 και·ιά
413 2481 509 2534 καὶ
545 2481 828 2551 παράδοξα
864 2484 943 2545 είς
986 2482 1144 2550 δόξαν
1172 2483 1360 2549 αὐτοῦ,
1393 2486 1422 2537 ό
1451 2484 1620 2537 ποιῶν
1653 2485 1708 2537 ἐν
1736 2487 1802 2557 τῇ

217 2572 419 2642 ἐρήμῳ
486 2571 579 2625 καὶ
630 2573 772 2645 ξηρᾷ
830 2575 1030 2646 καρδία
1096 2574 1215 2628 eam
1272 2573 1655 2639 ταπεινώσεως
1708 2576 1805 2629 καὶ

217 2666 563 2733 πραότητος,
599 2667 655 2718 ἒν
682 2666 739 2717 δὲ
789 2669 854 2735 τῇ
900 2666 1117 2736 ἀνίκμῳ
1143 2708 1155 2727 ,
1190 2668 1282 2719 καὶ
1322 2666 1535 2737 ἀνύδρῳ
1575 2666 1802 2739 διανοίᾳ,

216 2755 509 2823 ποταμοὺς
540 2755 733 2823 σοφίας
765 2756 1006 2826 ἀρρήτου
1032 2798 1046 2820 ,
1083 2756 1165 2820 είς
1205 2756 1267 2809 τὸ
1299 2757 1515 2810 ποτίσαι
1549 2757 1613 2810 τὸ
1648 2757 1803 2825 γένος

216 2845 388 2899 αὐτοῦ
428 2847 487 2898 τὸ
534 2847 823 2911 ἐκλεκτὸν,
872 2849 999 2901 λαὸν
1055 2849 1114 2901 δν
1191 2850 1651 2920 περιεποιήσατο,
1706 2848 1805 2912 τὰς

216 2939 252 2990 ἀ
262 2937 424 3004 ρετάς
450 2938 613 2991 αύτοῦ
645 2939 983 3007 διηγεῖσθαι;
1020 2940 1371 3012 Ἐμπροσθεν
1397 2941 1505 3011 γὰρ
1538 2941 1643 2993 τῶν
1669 2942 1804 3007 ἀγα-

218 3027 453 3082 πώντων
484 3030 578 3082 καὶ
617 3031 969 3100 φοϐουμένων
998 3033 1163 3085 αὐτὸν
1213 3032 1529 3102 πορεύεται,
1561 3035 1655 3087 καὶ
1701 3033 1801 3105 ὅρη

218 3119 414 3173 παθῶν
454 3120 735 3189 ὀμαλίζει,
774 3123 869 3174 καὶ
905 3121 1072 3192 θύρας
1112 3124 1323 3193 χαλκᾶς
1362 3125 1637 3193 ἀγνωσίας
1677 3143 1805 3177 συν-

1889 635 2111 691 dicendi
2157 638 2329 693 Deum
2379 641 2697 713 dispergere
2766 648 2979 701 animas
3046 648 3359 704 esurientes
3422 663 3477 706 et

1888 731 2103 785 animas
2162 734 2414 789 sitientes
2444 735 2722 791 dimittere
2782 738 2995 794 inanes.
3029 740 3242 795 Idcirco
3306 745 3471 797 verba

1889 820 2035 876 illius
2096 825 2321 878 stabunt
2376 826 2443 879 ad
2508 829 2803 883 utilitatem
2864 831 3187 896 multorum,
3220 834 3482 903 quamvis

1888 927 1995 967 non
2019 915 2269 985 placeant
2307 918 2755 988 malignantibus.

1963 1185 2054 1241 60.
2099 1185 2179 1240 Illi
2225 1189 2317 1256 qui
2348 1188 2401 1243 in
2437 1189 2656 1244 excelsa
2690 1198 2855 1259 pett-te
2884 1190 3075 1246 solida:
3115 1206 3344 1245 caverna
3389 1191 3479 1245 ln-

1888 1279 2121 1341 habitat.
2153 1280 2375 1334 dabitur
2438 1282 2595 1350 panis
2641 1284 2883 1336 scienti:c
2932 1286 2996 1337 ad
3040 1284 3372 1343 satietatem,
3420 1293 3476 1336 ct

1887 1375 2027 1428 calix
2084 1374 2369 1443 sapientia:
2420 1374 2486 1427 ad
2538 1376 2860 1430 ebrietatem
2915 1392 2929 1430 :
2978 1387 3029 1432 et
3084 1378 3165 1430 sie
3217 1377 3479 1445 potabilis

1887 1471 1991 1523 erit
2032 1483 2173 1536 aqua
2209 1466 2389 1532 illius;
2430 1482 2611 1535 regem
2643 1468 2694 1521 in
2757 1484 2853 1523 sua
2905 1469 3193 1535 majestate
3225 1468 3471 1533 videbit,

1886 1570 1939 1617 et
1962 1564 2085 1630 ejus
2106 1563 2252 1616 oeuli
2299 1570 2501 1615 terram
2543 1562 2612 1617 de
2667 1563 2824 1631 longe
2874 1564 3237 1633 pro'spicient,
3293 1566 3474 1617 anima

1886 1655 2006 1725 ejus
2044 1655 2399 1710 meditabitur
2446 1655 2797 1725 sapientiam,
2832 1663 2885 1708 et
2946 1654 3205 1710 Omnibus
3254 1671 3473 1709 annun-

1886 1749 2042 1804 tiabit
2073 1749 2249 1803 locum
2277 1747 2621 1812 aeternitatis,
2646 1755 2801 1801 extra
2825 1747 2987 1816 cujus
3027 1746 3165 1801 lines
3201 1746 3336 1801 nihil
3366 1754 3475 1802 est.

1959 1838 2050 1893 61.
2119 1836 2178 1893 Si
2241 1839 2408 1908 igitur
2470 1838 2761 1909 disciplina
2820 1836 3033 1891 Domini
3092 1840 3261 1908 aperit
3315 1852 3475 1892 aures

1886 1932 2133 1988 omnium
2168 1932 2261 2001 qui
2297 1933 2488 1985 timent
2519 1947 2667 1996 eum,
2711 1932 2907 1998 eisque
2952 1944 3114 1983 aures
3162 1929 3474 1999 suppeditat

1887 2026 1952 2078 ad
1985 2024 2347 2087 audiendum,
2386 2032 2440 2077 et
2465 2023 2707 2093 linguam
2740 2022 3046 2091 disciplinae
3088 2022 3153 2074 ad
3189 2022 3470 2076 sciendum

1886 2117 2109 2187 quando
2148 2125 2401 2186 oporteat
2450 2117 2596 2187 loqui
2641 2118 2905 2179 verbum;
2943 2116 3068 2186 quis
3122 2114 3265 2170 alius
3324 2123 3473 2168 retro

1887 2210 2077 2279 dejicit
2126 2211 2422 2280 prudentes
2464 2219 2518 2266 et
2564 2212 2842 2281 sapientes
2895 2208 3107 2273 mundi,
3136 2208 3474 2277 stultamque

1891 2299 2019 2355 facit
2044 2316 2234 2355 eorum
2268 2303 2618 2371 sapientiam,
2644 2300 2931 2354 continuat
2956 2314 3180 2355 suorum
3206 2299 3474 2352 duntaxat

1890 2394 2051 2445 verba
2088 2391 2443 2455 famulorum,
2470 2391 2573 2446 nisi
2606 2392 2694 2445 ille
2718 2392 2809 2460 qui
2849 2390 2979 2444 facit
3026 2405 3164 2444 nova
3189 2397 3243 2443 et
3295 2389 3474 2443 incre-

1888 2485 2077 2538 dibilia
2116 2485 2181 2537 ad
2230 2499 2384 2538 Suam
2433 2483 2687 2554 gloriam,
2732 2485 2822 2553 qui
2855 2484 2986 2538 facit
3054 2484 3108 2536 in
3167 2482 3389 2537 deserto
3418 2487 3474 2535 ul

1888 2576 2046 2632 arido
2076 2580 2241 2633 corde
2274 2578 2416 2631 viam
2446 2578 2775 2631 humilitatis
2806 2587 2858 2631 et
2891 2575 3357 2635 mansuetudinis,
3418 2575 3471 2628 in

1890 2673 2035 2725 sicca
2074 2678 2255 2724 autem
2286 2678 2338 2724 et
2376 2670 2637 2740 iuaquosa
2697 2678 2878 2732 tuente
2935 2668 3134 2723 ﬂuvios
3185 2666 3472 2737 sapientia:

1891 2762 2213 2827 ineffabiles,
2244 2764 2308 2818 ad
2344 2763 2641 2835 potandum
2666 2779 2838 2834 genus
2879 2778 3038 2818 suum
3080 2763 3337 2820 electum.
3372 2774 3473 2827 po-

1892 2855 2077 2924 pulum
2106 2855 2192 2908 cui
2219 2870 2406 2908 curam
2436 2854 2669 2909 credidit
2692 2870 2820 2909 suas
2848 2853 3178 2924 praedicandi
3205 2850 3476 2907 virtutes?

1890 2946 2136 3016 Namque
2177 2958 2428 3002 amantes
2459 2962 2522 3000 ac
2570 2947 2830 3002 timentes
2879 2962 2937 3001 se
2986 2944 3269 3015 praecedit,
3310 2959 3469 2998 mon-

1891 3049 1970 3094 tes
1996 3039 2351 3108 cupiditatum
2381 3038 2657 3109 deprimit,
2704 3053 2874 3092 :ereas
2928 3036 3229 3107 confringit
3279 3044 3468 3107 portas

1893 3134 2235 3203 ignorantiae,
2268 3131 2472 3201 jauuas
2505 3132 2680 3201 aperit
2720 3130 2969 3187 scientia?
2999 3130 3265 3199 suipsius,
3299 3138 3354 3184 et
3390 3126 3473 3182 eis

214 3208 422 3278 τρίϐει,
458 3210 552 3262 καὶ
593 3210 799 3278 ἀνοίγει
837 3211 936 3279 τῆς
971 3210 1138 3265 αὐτοῦ
1176 3211 1432 3280 γνώσεως
1479 3215 1578 3277 τὰς
1611 3214 1798 3283 θύρας,

1895 3228 2095 3281 revelat
2134 3228 2427 3281 thesauros
2467 3225 2587 3294 ejus
2629 3225 2899 3279 obscuros
2955 3223 3379 3289 reconditusque
3415 3229 3470 3274 et

218 3301 321 3353 καλ⁵
350 3300 725 3354 ἀνακαλύπτει
750 3302 1261 3373 αύτοῖςὶθησαυροὺς
1286 3305 1453 3374 αὐτῆς
1476 3306 1801 3369 σκοτεινοὺς,

217 3393 574 3462 ἀποκρύφους
602 3411 659 3447 τε
686 3395 781 3447 καὶ
820 3395 1107 3465 ἀοράτους,
1140 3396 1231 3449 ἵνα
1259 3396 1458 3463 γνῶσιν
1478 3439 1493 3463 ,
1521 3398 1603 3449 ὅτι
1644 3396 1805 3460 αὐτός

218 3488 340 3537 ἐστι
362 3486 564 3556 Κύριος
591 3486 619 3537 ὁ
636 3486 788 3549 Θεὸς,
812 3487 839 3537 ό
861 3486 1041 3539 καλῶν
1065 3488 1124 3539 τὸ
1145 3487 1316 3557 ὄνομα
1345 3488 1525 3542 αὐτῶν
1563 3468 1799 3560 Ἰσραήλ.

294 3586 395 3654 ξβν.
429 3589 523 3649 Τίς
553 3590 581 3640 ό
606 3589 894 3658 ταράσσων
923 3590 1021 3661 τὴν
1040 3590 1313 3643 Θάλασσαν
1338 3592 1445 3645 τῶν
1468 3592 1675 3653 παθῶν,
1709 3593 1805 3645 καὶ

221 3676 390 3731 ἱστῶν
450 3679 517 3730 τά
557 3678 779 3749 κύματα
822 3681 1024 3749 αὐτῆς
1080 3682 1140 3734 '0
1188 3683 1449 3753 ῥυόμενος
1503 3686 1626 3747 τοὺς
1664 3687 1801 3753 ἀγα-

220 3766 446 3830 πῶντας
494 3770 657 3822 αὐτὸν
693 3769 788 3823 τοῦ
824 3772 1069 3825 κινδύνου
1103 3773 1202 3841 τῆς
1236 3774 1511 3843 ἁμαρτίας
1533 3815 1547 3838 ,
1582 3778 1673 3829 καὶ
1707 3776 1805 3847 τὴν

222 3859 397 3929 ζάλην
424 3861 530 3915 τῶν
575 3861 851 3933 λογισμῶν
878 3864 955 3926 είς
985 3865 1228 3935 γαλήνην
1262 3865 1429 3919 ποιῶν
1463 3866 1662 3937 Κύριος
1696 3870 1799 3921 Σα-

220 3950 397 4003 ϐαώθ’
432 3953 460 4003 ὁ
494 3953 618 4014 τοὺς
651 3954 843 4020 λόγους
873 3954 1038 4008 αὐτοῦ
1064 3957 1234 4019 τιθεὶς
1272 3958 1354 4021 εἰς
1382 3958 1444 4009 τὸ
1482 3960 1656 4029 στόμα
1702 3961 1800 4013 αύ-

220 4031 356 4096 τῶν,
389 4034 481 4086 καὶ
508 4034 724 4087 σκέπων
760 4037 956 4098 αὐτοὺς
984 4037 1089 4089 ὑπὸ
1133 4038 1232 4109 τὴν
1273 4040 1435 4094 σκιάν
1466 4042 1574 4095 τῶν
1602 4045 1802 4115 χειρῶν

220 4122 414 4184 αὑτοῦ,
445 4123 503 4174 ὲν
594 4123 787 4191 ἔστησε
817 4124 909 4178 τὸν
938 4126 1187 4195 οὐρανὸν,
1220 4130 1313 4181 καὶ
1344 4129 1441 4199 τὴν
1470 4133 1574 4200 γῆν
1605 4134 1801 4203 ἐθεμε-

221 4214 443 4269 λίωσεν.
480 4215 653 4279 Αύτδς
685 4218 797 4280 τοῖς
832 4217 1190 4288 φοϐουμένοις
1221 4221 1381 4276 αὐτὸν
1412 4223 1594 4278 δίδωσι
1622 4227 1799 4295 γλῶσ-

223 4322 324 4359 σαν
357 4307 630 4369 παιδείας,
666 4310 760 4360 καὶ
786 4304 879 4371 οὖς
913 4310 1182 4374 συνέσεως
1214 4314 1293 4375 είς
1324 4313 1384 4366 τὸ
1424 4316 1640 4369 ἀκούειν
1668 4318 1801 4372 ἄνω-

221 4396 317 4447 θεν
341 4396 442 4465 τῆς
482 4400 669 4468 φωνῆς
697 4399 883 4462 αὐτοῦ,
917 4405 1010 4452 καί¹
1036 4403 1400 4469 ἀπαγγέλλειν
1430 4409 1510 4471 εἰς
1541 4409 1629 4460 τὸν
1652 4405 1801 4464 οἷκον

235 4487 471 4553 Ἰακὼϐ,
502 4490 601 4558 τὴν
641 4489 750 4543 τῶν
802 4492 1009 4544 πιστῶν
1054 4494 1402 4565 Ἐκκλησίαν,
1444 4500 1511 4551 τὰ
1563 4504 1800 4571 προστά-

1891 3317 2219 3381 invisibiles,
2247 3327 2306 3371 ut
2339 3317 2518 3372 sciant
2572 3315 2752 3386 ipsum
2793 3330 2917 3370 esse
2952 3313 3242 3368 Dominum
3279 3311 3472 3377 Deum,

1891 3416 1983 3485 qui
2016 3421 2171 3466 vocat
2203 3425 2397 3464 nomen
2427 3424 2616 3463 eorum
2655 3406 2844 3463 Israel.

1963 3588 2050 3645 62.
2088 3588 2222 3654 Quis
2257 3587 2553 3643 conturbat
2584 3602 2733 3640 mare
2762 3585 3125 3654 cupiditatum
3166 3583 3474 3652 ﬂuctusque

1888 3684 2010 3754 ejus
2044 3682 2363 3753 componit?
2398 3682 2499 3747 Qui
2536 3681 2676 3735 eruit
2721 3678 3012 3748 diligentes
3060 3693 3119 3734 se
3163 3692 3192 3731 a
3223 3678 3471 3747 periculo

1888 3774 2118 3846 peccati,
2162 3784 2215 3828 et
2248 3775 2341 3843 qui
2381 3774 2778 3841 cogitationum
2822 3780 3195 3840 tempestatem
3237 3770 3291 3823 in
3323 3785 3473 3824 sere-

1888 3883 2019 3921 num
2069 3868 2343 3921 convertit
2399 3865 2665 3920 Dominus
2696 3862 2962 3929 Sabaoth,
3006 3863 3098 3933 qui
3150 3864 3311 3916 verba
3369 3877 3468 3916 sua

1888 3960 2044 4031 ponit
2075 3958 2129 4012 in
2167 3973 2264 4011 ore
2313 3971 2528 4021 eorum,
2573 3972 2780 4025 eosque
2830 3954 3065 4024 protegit
3116 3953 3220 4008 sub
3272 3953 3468 4006 umbra

1888 4065 2146 4104 manuum
2173 4063 2396 4103 suarum
2422 4048 2621 4118 quibus
2646 4047 2842 4101 malum
2873 4046 3136 4102 stabilivit
3160 4054 3470 4109 terramque

1889 4141 2160 4198 fundavit.
2196 4143 2314 4211 Ipse
2354 4140 2675 4195 timentibus
2714 4156 2772 4193 se
2817 4139 2961 4192 dedit
3010 4139 3248 4207 linguam
3299 4135 3471 4189 disci-

1887 4237 2050 4307 plinrn
2072 4244 2125 4288 et
2147 4250 2334 4288 aurem
2364 4233 2759 4301 intelligentia,
2785 4233 2850 4285 ad
2875 4231 3199 4284 audiendam
3229 4229 3469 4296 desuper

1885 4342 2070 4381 vocem
2100 4342 2277 4389 suam,
2310 4333 2361 4378 et
2394 4324 2770 4378 aununtianda
2819 4322 2871 4376 in
2921 4325 3084 4376 domo
3127 4318 3317 4383 ,1.ιουι),
3370 4334 3468 4373 seu

1889 4416 2128 4469 lldclium
2166 4415 2434 4479 Ecclesia,
2472 4430 2570 4469 sua
2603 4414 2882 4468 mandata.
2917 4412 3130 4477 Quibus
3177 4425 3305 4464 vero
3358 4424 3465 4462 non

1885 4517 1970 4563 est
2004 4509 2199 4561 0"ulus
2261 4506 2327 4558 ad
2382 4503 2645 4559 videndos
2705 4504 2888 4557 radios
2935 4502 3069 4556 solis
3131 4500 3360 4568 jttstitim
3412 4506 3467 4552 et

219 4583 647 4680 nuta-auset?"
694 4580 775 4649 οἷς
820 4587 875 4639 δὲ
906 4588 978 4658 μὴ
1014 4588 1248 4661 ὑπάρχει
1286 4592 1562 4665 ὀφθαλμὸς
1615 4601 1694 4661 είς
1740 4600 1800 4651 τὸ

1887 4602 2036 4655 auris
2069 4600 2134 4653 ad
2168 4599 2490 4652 audiendam
2524 4596 2753 4664 gloriam
2787 4593 2901 4655 Dei,
2937 4594 3012 4646 illi
3046 4590 3284 4645 tenebris
3312 4591 3468 4659 igno-

218 4675 358 4744 ὁρᾷν
384 4674 485 4738 τὰς
510 4678 737 4739 ἀκτῖνας
762 4678 855 4731 τοῦ
884 4680 1032 4748 ἡλίου
1065 4682 1161 4751 τῆς
1187 4682 1552 4755 δικαιοσύνης,
1586 4691 1679 4741 καὶ
1706 4685 1798 4753 οὖς

1887 4693 2076 4745 rantie
2134 4692 2436 4758 replentur.
2490 4698 2545 4741 et
2611 4701 2734 4752 spes
2781 4688 2924 4740 sicut
2972 4695 3022 4739 et
3056 4685 3220 4737 verba
3273 4697 3461 4737 eorum

218 4770 300 4829 είς
333 4767 394 4821 τὸ
423 4768 641 4822 ἀκούειν
668 4770 736 4824 τὰ
766 4771 955 4836 ἔνδοξα
984 4774 1079 4825 τοῦ
1123 4774 1257 4827 Θεοῦ
1285 4816 1300 4837 ,
1347 4779 1536 4843 σκότος
1574 4782 1722 4835 ἐστὶν
1764 4786 1796 4850 ἠ

218 4861 610 4931 ἀποκλήρωσις
641 4862 731 4933 [ἐν
762 4863 905 4918 ἄλλ.
928 4867 1344 4941 ἀποπλήρωσις]
1372 4873 1470 4940 τῆς
1503 4873 1793 4941 ἀγνωσίας,

219 4953 314 5004 καὶ
349 4953 383 5023 ἡ
415 4954 571 5016 ἐλπὶς
601 4956 737 5024 μετά
766 4956 875 5009 τῶν
918 4957 1089 5025 λόγων
1122 4962 1344 5030 ματαία.
1377 4964 1596 5018 Τούτων
1624 4967 1799 5031 οὐδεὶς

216 5042 373 5095 λαλεῖ
401 5043 583 5097 δίκαια
609 5086 624 5110 ,
660 5046 777 5099 οὐδὲ
808 5046 925 5101 ἔστι
959 5050 1141 5119 κρίσις
1179 5054 1237 5104 ὲν
1281 5054 1465 5118 αὐτοῖς
1505 5057 1756 5125 ἀληθείας
1777 5073 1797 5095 ο

218 5135 513 5188 πεποίθασι
540 5136 649 5206 γὰρ
673 5138 763 5190 ἐπὶ
791 5140 1063 5208 ματαίοις,
1083 5143 1178 5196 καὶ
1198 5143 1415 5199 λαλοῦσι
1434 5149 1584 5202 κενά·
1608 5149 1796 5206 κύουσι

217 5225 437 5293 φθόνον,
470 5229 563 5280 καὶ
590 5230 832 5284 τίκτουσι
865 5234 1186 5301 βασκανίαν,
1210 5237 1289 5289 ὅτι
1314 5239 1661 5309 ἀπερίτμητά
1688 5246 1794 5297 είσι

210 5318 281 5369 τὰ
304 5311 418 5369 ὦτα
447 5318 646 5384 αὐτῶν,
666 5322 759 5373 καὶ
784 5321 843 5374 ού
870 5322 1120 5377 δύνανται
1147 5326 1389 5391 ἀκούειν,
1416 5332 1508 5383 καὶ
1528 5332 1616 5384 διὰ
1640 5333 1796 5389 τοῦτο

212 5409 449 5479 ἐγενηθη
482 5410 668 5475 αὐτοῖς
695 5415 795 5484 τῆς
830 5414 1084 5482 γνώσεως
1119 5417 1212 5470 τοῦ
1277 5419 1413 5473 Θεοῦ
1458 5423 1486 5473 ό
1519 5422 1675 5491 λόγος
1715 5426 1795 5489 είς

210 5499 535 5567 ὀνειδισμὸν,
567 5504 661 5553 καὶ
688 5502 747 5555 ού
782 5503 855 5573 μὴ
882 5503 1216 5574 βουληθῶσιν
1244 5509 1408 5563 αὐτοῦ
1435 5511 1689 5570 ἀκοῦσαι.

285 5594 385 5661 ξγ’.
427 5594 596 5663 Σοφία
631 5593 715 5657 τίς
757 5596 903 5648 ἐστιν
947 5598 1005 5649 ὲν
1037 5601 1149 5660 τοῖς
1187 5599 1276 5653 τὸν
1309 5602 1501 5669 φθόνον
1548 5604 1793 5658 ὠδίνουσι

215 5688 357 5739 κατά
387 5685 480 5739 τοῦ
532 5686 781 5757 πλησίον,
830 5688 953 5751 Πῶς
998 5690 1104 5759 γὰρ
1153 5691 1371 5761 ἐροῦσιν
1410 5695 1458 5746 oi
1500 5694 1790 5765 βάσκανοι.

214 5781 382 5845 φησὶν
425 5777 726 5845 Ἱερεμίας.
760 5779 841 5831 ὅτι
884 5780 1044 5846 Σοφοί
1106 5784 1278 5852 ἐσμεν
1333 5786 1494 5852 ἡμεῖς
1523 5826 1536 5845 ,
1570 5786 1663 5839 καὶ
1704 5787 1791 5839 νόν

276 5919 318 5946 ¹⁸
346 5913 540 5969 Jcrctn.
564 5926 681 5977 vut,
711 5910 763 5967 8.

1883 4800 2021 4837 vana
2052 4793 2155 4837 est.
2188 4781 2389 4834 llurum
2426 4780 2614 4835 nullus
2644 4779 2893 4843 loquitur
2932 4776 3229 4845 justitiam,
3272 4789 3372 4828 nec
3410 4773 3461 4825 in

1881 4878 1961 4933 eis
2005 4885 2089 4931 est
2146 4875 2413 4944 judirium
2475 4870 2859 4926 veritatiszin
2922 4868 3259 4921 vanitatibus
3317 4865 3462 4919 enim

1884 4971 2137 5025 fiduciam
2192 4968 2502 5021 habuerunt
2536 4972 2590 5018 et
2622 4963 2789 5017 locuti
2842 4972 2970 5018 sunt
3002 4961 3226 5025 inania;
3279 4967 3466 5028 partu-

1882 5067 2031 5118 riunt
2068 5061 2351 5125 invidiam,
2385 5070 2438 5113 et
2472 5056 2782 5127 parturiunt
2838 5052 3270 5121 malignitatem,
3332 5049 3461 5118 quia

1883 5153 2283 5212 incircumcisae
2337 5161 2466 5206 sunt
2515 5150 2730 5204 illorum
2765 5161 2928 5200 aures
2954 5160 3055 5199 nec
3097 5148 3325 5213 possunt
3364 5155 3464 5193 auo

1882 5249 2020 5309 dire,
2048 5260 2098 5301 et
2125 5246 2333 5299 ldCll‘t'O
2367 5244 2566 5297 factum
2591 5249 2675 5296 est
2699 5241 2807 5295 illis
2835 5239 3078 5294 scientiae
3111 5237 3203 5290 Dei
3229 5237 3453 5289 verbum

1882 5340 1935 5393 in
1968 5337 2315 5408 oppabrium,
2350 5346 2403 5391 et
2433 5336 2726 5388 noluerunt
2760 5332 2890 5387 illud
2923 5331 3135 5384 audire.

1951 5605 2041 5659 65.
2076 5604 2209 5671 Quae
2240 5602 2504 5670 sapientia
2543 5610 2627 5654 est
2658 5599 2713 5653 in
2741 5598 2808 5653 iis
2838 5597 2929 5667 qui
2969 5595 3171 5649 invidia
3205 5594 3456 5648 laborant

1877 5696 2142 5749 adversus
2175 5691 2524 5762 proximum?
2560 5711 2577 5741 ι
2612 5690 2899 5757 Quomodo
2937 5688 3085 5743 enim
3116 5689 3305 5742 dicunt
3336 5701 3454 5741 ma-

1879 5790 2175 5859 lignantes.
2214 5787 2288 5840 ait
2319 5785 2586 5841 Jeremias
2626 5803 2637 5837 :
2677 5783 2966 5853 Sapientes
3005 5799 3101 5837 nos
3151 5795 3363 5845 sumus,
3397 5791 3453 5835 et.
