4190 6458
750 379 850 444 991

1938 377 1984 436 Ν
1997 374 2236 434 ICET/E
2270 371 2554 431 PECTUB
2568 372 2687 431 AT!

3864 381 3963 450 ιιι

745 489 1020 562 spirituali
1051 490 1372 560 operatione
1416 489 1720 554 studiosus,
1768 497 1821 545 et
1852 490 1946 558 qui
1991 503 2056 542 es
2097 502 2231 554 pum
2264 493 2320 538 et

2422 481 2708 545 τπουδαῖος,
2736 480 2832 534 καὶ
2858 483 2886 534 ό
2916 484 2978 534 ἐκ
3006 482 3253 554 καθαρᾶς
3282 486 3374 538 καὶ
3403 486 3609 558 ἀγαθῆς
3641 493 3860 563 καρδίας
3887 501 3972 554 δά

746 583 953 652 optimo
972 581 1138 637 corde
1167 582 1411 650 loquitur
1437 597 1535 652 per
1568 581 1948 651 Spiritumjllei
1969 595 2066 634 nec
2099 596 2192 647 per
2228 579 2318 630 lit-

748 683 1049 730 teraturam
1063 677 1281 744 sapiens
1303 678 1353 729 in
1379 676 1548 730 scient
1560 675 2014 745 ialperfectusqne
2029 684 2134 737 est,
2157 673 2243 740 cnj
2255 686 2320 725 us

753 763 875 820 laus
907 779 1014 819 non
1063 781 1127 821 ea
1190 765 1526 825 hominibus.
1570 766 1663 820 sed
1704 780 1769 819 ex
1816 765 1923 819 Deo
1964 774 2068 829 est,
2119 765 2328 843 quipr

757 858 844 925 qui
875 857 1094 926 ignotus
1117 868 1200 913 est
1231 859 1640 930 invidiosusque
1661 859 1997 928 hominibus,
2024 859 2115 912 uni
2142 864 2321 910 autem

760 949 865 1003 lleo
892 949 1127 1005 dilectus
1148 960 1204 1005 et
1230 960 1434 1005 notus-

826 1127 915 1185 70.
967 1126 1025 1184 Si
1078 1144 1187 1185 nou
1235 1144 1300 1185 ex
1335 1131 1595 1201 operibus
1621 1130 1752 1202 legis
1787 1134 2118 1202 ju~tificatur
2145 1133 2327 1188 omnis

757 1222 947 1278 caro“
963 1237 1147 1278 coram
1165 1223 1297 1286 Deo.
1323 1225 1448 1294 quis
1466 1239 1497 1279 e
1521 1226 1651 1279 solis
1673 1227 1940 1296 agonibus
1964 1239 2011 1281 et
2047 1228 2329 1282 laboribus

758 1314 967 1370 ascesis
985 1316 1301 1384 perﬁciatur
1318 1334 1504 1375 coram
1527 1317 1660 1374 Deo?
1672 1318 1877 1375 Revera
1893 1337 1984 1388 pra
1997 1322 2044 1373 xi
2065 1321 2128 1374 ad
2148 1321 2326 1374 virtu-

759 1412 871 1458 tum
893 1405 1132 1462 habitum
1165 1425 1552 1480 promovemur
1582 1413 1948 1481 impetumque
1967 1413 2324 1481 cupiditatum

759 1496 1132 1566 reprlmimus,
1181 1518 1289 1556 non
1324 1515 1500 1559 tamen
1538 1519 1600 1558 ea
1636 1504 1753 1557 sola
1787 1503 2100 1584 perficiuntur
2124 1505 2177 1558 in
2210 1503 2327 1574 ple-

759 1587 1013 1644 nitudine
1041 1591 1270 1648 Christi.
1301 1592 1441 1658 Quid
1462 1609 1593 1664 ergo
1625 1609 1727 1649 nos
1759 1594 1912 1648 ducit
1936 1595 2000 1648 ad
2033 1592 2330 1663 perfectio-

2405 571 2725 642 Πνεύματος
2754 573 2890 626 Θεοῦ
2921 573 3114 642 λέγων,
3139 577 3232 629 καὶ
3269 577 3332 630 οὑ
3371 576 3459 630 διὰ
3495 583 3853 651 γραμμάτων.
3889 605 3975 642 σοι

2402 665 2501 736 φὺς
2530 668 2588 719 ἐν
2629 665 2828 734 γνώσει
2859 667 2953 720 καὶ
2981 667 3186 731 τέλειος
3211 712 3224 734 ,
3255 663 3318 725 οῦ
3347 672 3440 724 καὶ
3468 674 3496 726 ό
3536 673 3752 738 ἔπαινος
3785 680 3882 732 οὑκ
3920 679 3974 749 ιε

2401 757 2737 830 ἀνθρώπιον,
2765 758 2882 813 ἀλλ’
2918 761 2984 813 εκ
3016 760 3108 814 τοῦ
3140 761 3299 825 Θεοῦ,
3332 763 3409 834 ὡς
3433 766 3804 837 ¹ἀγνοουμένου
3859 771 3970 842 μὲν,

2402 853 2436 924 ἢ
2473 851 2840 921 φθονουμένου
2884 854 2996 916 τοῖς
3023 852 3368 923 ἀνθρώποις,
3422 857 3567 928 μόνῳ
3605 858 3660 912 δι
3689 861 3841 930 Θεῷ,
3887 872 3970 920 ω

2401 948 2516 1008 τοῖς
2548 943 2627 1014 τῷ
2655 943 2824 999 αὑτοῦ
2860 945 3140 1014 Πνεύματι
3163 948 3539 1017 κινουμένοις,
3563 950 3884 1022 φιλουμένου
3920 968 3971 1011 τι

2403 1038 2499 1092 καὶ
2531 1035 2958 1106 γινωσκομένου.

2474 1130 2539 1185 ο⁹.
2575 1131 2638 1184 Εἰ
2666 1129 2724 1197 ιε
2752 1130 2929 1201 ἔργων
2952 1130 3118 1202 νόμου
3145 1131 3206 1186 οὑ
3229 1131 3652 1202 δικαιωθήσεται
3673 1138 3822 1190 πᾶσα
3849 1137 3979 1211 σάρε

2407 1222 2638 1277 ὶνώπιον
2665 1222 2762 1276 τοῦ
2792 1223 2953 1289 Θεοῦ,
2990 1225 3131 1297 κατά
3161 1225 3256 1278 τὸν
3286 1225 3508 1279 εἰπόντα
3529 1269 3542 1290 ,
3567 1226 3651 1289 τίς
3678 1227 3737 1294 ἐξ
3761 1229 3981 1297 ἀγὼνωι

2408 1319 2503 1371 καὶ
2547 1316 2728 1370 πόνων
2767 1316 3056 1385 ἀσκήσεως
3091 1317 3269 1386 μόνων
3303 1317 3718 1388 τελειωθήσεται
3761 1320 3985 1376 ἐνώπια

2406 1409 2504 1463 τοῦ
2543 1407 2716 1476 Θεοῦ;
2751 1408 2838 1463 διά
2873 1409 2982 1480 γὰρ
3011 1409 3300 1481 πράξεως,
3333 1411 3413 1475 εἰς
3453 1410 3566 1477 ἕξιν
3612 1414 3812 1482 ἀρετῆς
3847 1412 3984 1468 στοι-

2409 1501 2732 1574 χειούμεθα.
2763 1508 2858 1557 καὶ
2891 1504 3128 1575 ἰστῶμεν
3166 1505 3266 1574 τὴν
3299 1505 3582 1574 ἐνέργειαν
3619 1505 3724 1558 τῶν
3764 1507 3979 1574 παθῶν,

2408 1595 2469 1647 οὑ
2500 1595 2684 1664 μέντοι
2708 1594 2765 1648 δι
2790 1595 3148 1666 τελειούμεθα
3176 1597 3262 1650 διὰ
3293 1596 3457 1667 μόνης
3480 1597 3647 1666 αὑτῆς
3675 1599 3730 1650 ὲν
3750 1597 3826 1668 τῷ
3856 1599 3984 1661 πλη-

757 1681 919 1735 nem?
949 1680 1181 1739 Sincera
1216 1688 1269 1739 iu
1305 1685 1472 1740 Deum
1505 1687 1658 1749 ﬁdes,
1687 1702 1806 1756 quae
1823 1696 1906 1741 est
1936 1689 2327 1755 sperandarnm

2422 1687 2626 1757 ρώματι
2654 1687 2753 1741 τοῦ
2779 1687 3034 1758 Χριστοῦ.
3071 1688 3136 1741 Τί
3166 1688 3259 1742 06v
3285 1690 3408 1741 ἐστι·
3426 1689 3484 1741 τδ
3515 1689 3712 1756 ἀνάγον
3739 1692 3887 1761 ἡμᾶς
3911 1698 3985 1759 εις

758 1771 1070 1827 substantia
1097 1789 1281 1830 rerum
1301 1778 1386 1841 ";
1430 1793 1537 1847 qua
1571 1778 1867 1848 plurimam
1919 1777 2153 1832 hostiam
2196 1778 2330 1832 Abel

2422 1781 2762 1851 τελειότητας
2800 1781 2864 1834 Ἦ
2887 1778 3185 1844 ἐνδιάθετος
3212 1783 3292 1842 εἰς
3314 1779 3447 1833 Θεὸν
3477 1781 3816 1852 πίστις,ἢτις
3845 1784 3987 1840 ἐστὶν

756 1871 922 1952 quam
957 1826 1112 1915 cn.
1135 1826 1386 1919 .33.";
1417 1826 2331 1938 agg,',;.“.;;..";.;;....;;;.;

2422 1826 2783 1941 ιλπιζομὲνων
2817 1871 3134 1935 ὑπόστασις,
3161 1826 3231 1925 δι’
3260 1826 3326 1944 ής
3356 1871 3522 1925 Ἀῦελ
3554 1826 3776 1926 πλείοῆ
3792 1826 3986 1929 θυσίαθ

757 1963 1084 2008 consecutus
1106 1965 1192 2010 est
1215 1971 1289 2012 es:
1307 1972 1340 2014 ε
1358 1957 1572 2026 justus,
1591 1967 1645 2014 et
1673 1961 1765 2030 qui
1804 1969 2033 2015 vocatur
2055 1959 2331 2015 Abraham

2422 1965 2566 2036 παρὰ
2618 1965 2759 2018 Κάῖν
2795 1966 3137 2036 προσήνεγκε
3177 1965 3284 2037 τῷ)
3309 1963 3463 2039 Θεῷ,
3500 1965 3594 2018 καὶ
3635 1966 3987 2040 ἐμαρτυρήθη

760 2043 1002 2100 obedivit
1023 2047 1175 2100 exire
1199 2057 1255 2102 et
1279 2049 1554 2104 demorari
1589 2050 1645 2103 in
1688 2059 1832 2106 terra
1865 2053 2334 2122 repromissionis.

2422 2051 2556 2111 εἶναι
2590 2057 2832 2121 δίκαιος,
2889 2057 2984 2110 καὶ
3036 2057 3288 2129 Ἀϐραὰμ
3319 2057 3650 2128 καλούμενος
3690 2059 3989 2128 ὑπήκουσεν

761 2133 890 2190 liae
919 2139 1164 2194 veritatis
1194 2141 1475 2198 studiosos
1505 2141 1655 2196 ducit
1677 2143 1736 2196 in
1770 2158 1923 2213 spem
1960 2158 2212 2214 magnam
2239 2159 2335 2200 su-

2422 2149 2678 2217 ἰξελθεῖν.
2704 2154 2796 2204 καὶ
2814 2138 3150 2221 παροικῆσαι
3178 2153 3257 2213 εἰς
3285 2151 3381 2220 τὴν
3401 2151 3506 2220 γῆν
3525 2152 3621 2221 τῆς
3645 2153 3986 2221 ἐπαγγελίας.

761 2225 1009 2282 bli'miutu
1047 2227 1139 2284 Dei
1159 2231 1432 2286 donorum
1461 2233 1698 2303 indeque
1721 2233 1776 2288 in
1810 2221 2094 2290 scientiam
2126 2251 2335 2304 rerum,

761 2328 818 2373 et
864 2319 919 2372 in
951 2333 1142 2375 eorum
1191 2323 1454 2379 cordibus
1509 2325 1753 2381 infundit
1799 2327 2155 2382 inexhaustus
2210 2327 2336 2398 Spi-

762 2410 903 2467 ritus
931 2412 1246 2480 thesauros,
1303 2417 1370 2470 ad
1417 2416 1805 2486 eﬂ'undendum
1849 2421 2049 2476 exinde
2112 2437 2250 2477 nova
2282 2432 2338 2477 et

763 2511 949 2558 vetera
999 2504 1091 2560 Dei
1123 2508 1381 2578 mysteria
1430 2519 1486 2563 et
1539 2511 1909 2581 indigentibus
1967 2510 2335 2583 largiendum.

763 2594 867 2660 Qui
901 2611 1030 2668 ergo
1058 2597 1203 2653 illam
1232 2601 1460 2656 sortitus
1503 2611 1605 2666 est.
1653 2605 1903 2659 ascendit
1953 2616 2006 2660 et
2060 2608 2339 2674 perlectus

763 2695 960 2758 estper
989 2689 1314 2747 cbaritatem
1345 2694 1398 2748 in
1446 2696 1678 2751 scientia
1707 2696 1821 2760 Del,
1853 2707 1908 2752 et
1939 2699 2133 2752 introit
2172 2699 2226 2754 in
2252 2714 2340 2754 re-

2421 2242 2564 2313 Αῦτη
2607 2242 2799 2311 ἀνάγει
2824 2245 2953 2306 τοὺς
2980 2244 3037 2294 εν
3069 2241 3297 2312 ἀληθείᾳ
3330 2242 3729 2308 σπουδάζοντας
3754 2287 3769 2308 ,
3804 2246 3883 2308 είς
3909 2247 3990 2298 ὲλο

2420 2334 2582 2398 πίδας
2599 2333 2842 2405 μεγάλας
2858 2353 2967 2388 των
2987 2334 3208 2406 ὑψηλῶν
3224 2335 3316 2389 τοῦ
3329 2335 3465 2389 Θεοῦ
3482 2335 3720 2406 δωρεῶν.
3745 2338 3992 2392 κακείθιν

2418 2429 2498 2492 εἰς
2538 2429 2638 2496 τὴν
2674 2427 2876 2498 γνῶσιν
2918 2429 3026 2482 τῶν
3059 2428 3228 2482 θντων
3250 2471 3263 2492 ,
3307 2429 3398 2481 καὶ
3440 2414 3657 2481 δίδωσιν
3691 2428 3874 2490 αὑτοῖς
3905 2430 3990 2500 θη·

2421 2521 2658 2591 σαυροὺς
2690 2519 2996 2586 ἀκενώτοὺς
3024 2519 3082 2573 δν
3109 2517 3309 2591 καρδίᾳ
3337 2516 3429 2572 τοῦ
3463 2518 3776 2587 πνεύματος
3797 2561 3810 2582 ,
3838 2521 3914 2583 εις
3935 2520 3990 2576 re

2421 2613 2709 2668 ικσάλλειν
2743 2613 2957 2667 ἐκεῖθεν
3004 2613 3168 2688 καινά
3213 2613 3306 2665 καὶ
3346 2612 3550 2666 παλαιά
3602 2612 3876 2681 μυστήρια
3906 2610 3991 2665 τοῦ

2419 2706 2579 2774 Θεοῦ,
2611 2708 2706 2760 καὶ
2729 2705 2927 2760 διδόναι
2961 2708 3075 2770 τοῖς
3100 2706 3415 2777 χρῄζουσιν.
3457 2705 3518 2758 ’0
3556 2700 3649 2758 οὖν
3685 2705 3886 2774 ταύτης
3910 2705 3990 2757 εὐ-

766 2779 948 2848 quiem
975 2779 1069 2835 Dei
1085 2782 1153 2846 ",
1183 2784 1534 2853 requiescens
1555 2796 1609 2840 et
1657 2787 1772 2856 ipse
1803 2790 1872 2844 ab
1900 2789 2159 2847 omnibus
2209 2806 2339 2860 ope-

2426 2799 2719 2868 μοιρήσας,
2743 2797 2963 2867 ἀνῆλθε,
2993 2788 3090 2851 καὶ
3118 2798 3408 2864 ιτελειὼθη
3432 2797 3499 2850 δι’
3525 2797 3745 2865 ἀγάπης
3767 2799 3846 2860 εἰς
3871 2796 3994 2865 γνῶ-

767 2870 920 2928 ribtla
948 2872 1090 2939 suis.
1119 2873 1263 2930 sicut
1287 2889 1318 2929 a
1345 2877 1463 2932 suis
1497 2875 1664 2933 Deus.
2417 2907 2504 2944 σιν
2529 2888 2690 2952 Θεοῦ,
2736 2889 2831 2942 καὶ
2871 2888 3123 2958 εἰσῆλθεν
3171 2889 3249 2951 εἰς
3291 2890 3390 2960 τὴν
3438 2888 3782 2941 κατάπαυσιν
3815 2886 3989 2949 αὑτοῦ.

2416 2979 2776 3044 καταπαύσας
2804 2981 2896 3034 καὶ
2915 2982 3078 3044 αὑτὸς
3105 2981 3212 3036 ἀπὺ
3245 2985 3462 3036 πάντων
3478 2982 3586 3035 τῶν
3618 2982 3796 3052 ἔργων
3817 2981 3991 3045 αὑτοῦ,

2418 3073 2610 3148 ὥσπερ
2639 3076 2747 3129 ἀπὸ
2776 3074 2885 3128 τῶν
2923 3075 3070 3130 ἰδίων
3098 3075 3125 3128 ὁ
3153 3067 3305 3139 Θεός.

836 3167 926 3222 7|.
961 3167 1016 3222 Si
1046 3165 1357 3222 lncreduloa
1383 3164 1591 3237 iuravit
1621 3165 1752 3220 olim
1787 3163 1927 3218 Deus
1969 3180 2075 3217 non
2133 3163 2331 3216 introi-

2490 3165 2592 3222 oa'.
2617 3167 2678 3221 Εἰ
2704 3168 2832 3229 τοὺς
2852 3166 3257 3238 ἀπειθήσαντας
3285 3169 3498 3238 ὤμοσεν
3523 3168 3551 3220 ὁ
3579 3168 3712 3231 Θεδς
3733 3169 3898 3221 πάλαι
3929 3168 3996 3240 μή

765 3270 922 3315 turos
985 3260 1037 3314 in
1093 3259 1340 3328 requiem
1396 3270 1592 3321 suam,
1656 3257 1802 3310 unde
1868 3271 1977 3310 non
2037 3264 2335 3325 potuerunt

2423 3260 2830 3315 εἰσελεύσεσθαι
2876 3262 2956 3324 εἰς
2983 3258 3082 3331 τὴν
3126 3262 3468 3320 κατάπαυσιν
3496 3260 3690 3326 αὑτοῦ,
3731 3256 3855 3314 ὅθεν
3886 3260 3996 3316 οὐδ

767 3359 990 3421 propter
1035 3349 1473 3406 incredulitatem
1527 3347 1796 3408 introire,
1839 3346 2118 3415 quomodo
2167 3347 2334 3409 aliqui

2422 3349 2769 3420 ἠδυνήθησαν
2798 3349 2866 3402 δι’
2902 3351 3164 3402 ἀπιστίαν
3193 3350 3476 3414 εἰσελθεῖν,
3511 3350 3628 3413 πῶς
3662 3352 3727 3404 ἀν
3753 3368 3894 3413 τινες
3921 3351 3996 3404 διά

772 3458 867 3514 per
919 3441 1094 3496 solam
1150 3439 1602 3497 exercitationem
1662 3438 2012 3507 corporalem
2065 3438 2187 3492 sine
2236 3436 2340 3492 [ide

2429 3442 2596 3511 μόνης
2621 3437 2930 3510 γυμνασίας
2954 3441 3294 3510 σωματικῆς,
3321 3442 3459 3493 ἀνευ.
3480 3442 3736 3507 πίστεως,
3765 3442 3995 3509 δυνηθῶ-

764 3544 994 3609 possent
1051 3534 1283 3589 introire
1332 3533 1386 3587 in
1451 3531 1918 3602 impassibilitatis
1985 3531 2231 3602 requiem
2286 3539 2342 3610 et

2428 3550 2514 3586 σιν
2550 3533 2814 3586 εἰσελθεῖν
2847 3535 2928 3596 εἰς
2961 3533 3058 3604 τὴν
3091 3534 3190 3603 τῆς
3222 3534 3492 3597 ἀπαθείας
3523 3536 3884 3598 κατάπαυσιν,
3914 3535 4001 3588 καὶ

775 3631 1025 3687 scientias
1055 3627 1468 3699 perfectionem,
1495 3641 1620 3682 cum
1670 3626 1873 3680 multos
1905 3624 2190 3679 videamus
2232 3636 2340 3677 non

2426 3623 2527 3696 τήν
2565 3625 2663 3696 τῆς
2692 3623 2947 3693 γνώσεως
2977 3625 3311 3696 τελειότητα,
3346 3627 3506 3678 ὁπότε
3536 3627 3764 3690 πολλοὺς
3796 3627 4002 3697 ὁρῶμεν

769 3726 1016 3795 potuisse
1043 3723 1124 3778 sic
1155 3720 1365 3776 intrare
1393 3729 1448 3776 et
1488 3721 1840 3789 requiescere
1869 3719 1939 3773 ab
1973 3719 2232 3772 omnibus
2257 3718 2344 3771 la-

770 3822 998 3877 boribus
1043 3819 1202 3874 suis?
1231 3816 1442 3874 Cavere
1479 3818 1648 3889 igitur
1672 3815 1913 3886 quisque
1941 3813 2103 3869 debet
2132 3828 2202 3869 ne
2239 3828 2345 3866 un-

773 3930 935 3983 quam
967 3912 1163 3967 habeat
1198 3925 1294 3966 cor
1340 3925 1578 3980 nequam
1620 3903 2050 3968 incredulitatis.
2104 3907 2345 3977 ideoque

771 4007 1008 4060 multum
1037 4003 1296 4057 laborans
1339 4000 1642 4057 frustretur
1671 3996 1862 4070 requie
1907 4006 1965 4054 et
2009 3997 2348 4070 perfectione

776 4110 872 4149 sua
891 4134 905 4157 ,
933 4094 999 4149 ad
1032 4108 1171 4163 quas
1196 4090 1614 4160 eonsequendas
1642 4092 1905 4161 operibns
1940 4091 2148 4145 laborat
2186 4105 2350 4161 prac-

2434 3717 2508 3787 μὴ
2543 3715 2874 3786 δυνηθέντας
2904 3716 3078 3779 οὕτως
3122 3716 3386 3769 εἰσελθεῖν
3406 3759 3420 3783 ,
3451 3718 3548 3769 καὶ
3593 3715 4002 3783 ἐγκαταπαῦσαι

2431 3809 2539 3862 ἀπὸ
2564 3809 2784 3863 πάντων
2814 3810 2921 3862 τῶν
2952 3811 3130 3863 πόνων
3163 3810 3374 3874 αὑτῶν;
3408 3811 3639 3863 Σκοπεῖν
3669 3806 3760 3863 οὖν
3784 3811 4002 3862 ἕκαστον

2433 3901 2560 3971 χρὴ,
2587 3901 2798 3971 μήποτε
2831 3903 2979 3954 ἔστιν
3010 3903 3069 3955 εν
3097 3901 3246 3973 αύτῷ
3271 3902 3466 3971 καρδία
3500 3903 3710 3972 πον-ιτρά
3734 3902 4002 3962 ἀπιστίας,

2435 3993 2531 4045 xui.
2563 3991 2654 4045 διὰ
2684 3989 2841 4044 τοῦτο
2868 3983 3176 4062 ὑστερεῖται
3202 4033 3216 4057 ,
3251 3993 3308 4044 ἐν
3335 3994 3514 4054 πόνοις
3548 3994 3759 4054 πολλοῖς
3789 3990 3882 4054 ὢν,
3916 3991 4006 4059 τῆς

2442 4084 2844 4146 καταπαύσεως
2877 4083 2979 4136 καὶ
2999 4074 3334 4145 τελειώσεως
3361 4083 3546 4148 αὑτοῦ,
3581 4078 3640 4137 οὑ
3668 4085 3892 4145 εἵνεκεν,
3922 4083 4010 4134 καὶ

775 4180 915 4243 iiccs
939 4197 993 4242 et
1028 4202 1224 4256 panem
1253 4185 1459 4240 doloris
1490 4185 1818 4251 manducat;
1847 4197 1897 4241 et
1934 4185 1979 4240 si
2009 4185 2343 4254 relinquitur

2441 4178 2527 4230 ἀεὶ
2560 4178 2674 4239 τοῖς
2698 4174 2884 4242 ἔργοις
2918 4174 3252 4227 διαπονεῖται
3289 4175 3385 4241 τῆς
3417 4176 3746 4244 πρακτικῆς,
3793 4174 3886 4232 καὶ
3925 4170 4012 4223 τδν

780 4283 828 4335 ei
879 4280 1277 4342 sabbatismns,
1323 4276 1581 4332 festinare
1614 4278 1821 4348 ingredi
1857 4294 1952 4346 per
1980 4278 2139 4333 fidem
2165 4279 2216 4332 in
2249 4279 2343 4333 im-

2439 4271 2603 4340 ᾶρτον
2632 4269 2730 4338 τῆς
2762 4267 2955 4337 όδύνης
2987 4267 3178 4332 ἐσθίει,
3216 4269 3309 4320 καὶ
3355 4270 3401 4319 εἰ
3434 4268 3784 4319 ἀπολείπεται
3820 4262 4012 4319 6166-:-

781 4372 1162 4441 passibilitatis
1192 4372 1433 4440 requiem
1465 4380 1519 4424 et
1555 4371 1801 4425 scientia:
1833 4370 2249 4440 perfectionem,
2282 4386 2343 4426 ne

2437 4361 2631 4428 τισμδς
2678 4358 2848 4425 αὐτῷ,
2903 4356 3204 4410 σπουδάσαι
3259 4356 3520 4408 εἰσελθεῖν
3557 4356 3642 4407 διὰ
3685 4356 3913 4410 πίστεως
3942 4350 4013 4407 εἰς

783 4466 836 4518 in
886 4464 1124 4532 ldipsum
1183 4464 1386 4516 incidat
1467 4462 1871 4518 incredulitatis
1930 4465 2238 4533 exemplum
2299 4471 2343 4518 et

2436 4453 2535 4514 την
2568 4442 2668 4510 τῆς
2694 4440 2967 4518 ἀπαθείας
3003 4439 3371 4503 κατάπαυσιν,
3405 4438 3498 4488 καὶ
3529 4436 3608 4497 εἰς
3637 4437 3733 4503 τὴν
3765 4435 3860 4502 τῆς
3888 4435 4017 4498 γνὼι

785 4529 980 4613 eadem
1017 4572 1136 4626 qua:
1168 4564 1386 4611 veteres
1412 4555 1680 4611 increduli
1716 4559 1975 4627 patiatur.
2093 4529 2105 4533 -

2422 4553 2580 4600 .uswc
2606 4534 2946 4602 τελειότητα,
2989 4535 3076 4585 ῖνα
3111 4531 3186 4603 μή
3220 4534 3276 4583 ὲν
3308 4531 3382 4601 τῷ
3416 4530 3627 4598 παλαιῴ
3663 4529 4017 4594 ὑποδείγματι

852 4825 938 4880 '72.
970 4823 1105 4880 Cum
1128 4826 1300 4880 simus
1326 4824 1637 4889 sensibiles,
1683 4825 1978 4879 rationales
2014 4833 2068 4879 et
2108 4824 2352 4880 intellec—

784 4917 988 4984 tnnles,
1050 4918 1316 4990 decimam
1371 4921 1664 4988 quamdam
1706 4929 1757 4973 et
1812 4935 1912 4973 nos
1959 4935 2023 4973 ex
2051 4921 2353 4974 nobismet-

780 5010 914 5080 ipsis
944 5009 1208 5065 debemus
1259 5009 1455 5065 offerre
1481 5009 1610 5065 Deo.
1651 5010 1715 5064 Et
1751 5013 1925 5076 primo
1958 5020 2014 5063 nt
2042 5013 2353 5072 sensibiles,

780 5101 922 5156 bene
950 5101 1157 5156 sentire
1192 5117 1278 5157 res
1306 5103 1621 5166 sensibiles,
1666 5118 1852 5157 earum
1889 5104 2356 5172 pulchritudinem

781 5193 1119 5263 perlustrare
1155 5208 1218 5248 ac
1261 5210 1356 5262 per
1389 5206 1596 5248 certam
1634 5211 1825 5249 earum
1860 5197 2113 5249 notitiam
2167 5210 2359 5250 ascen-

784 5286 916 5340 dere
968 5285 1035 5340 atl
1093 5284 1450 5352 Creatorem;
1493 5294 1550 5338 nt
1602 5286 1898 5339 rationales
1946 5298 2153 5347 autem,
2213 5294 2362 5340 recte

781 5379 930 5449 inqui
967 5379 1034 5432 de
1069 5377 1273 5432 divinis
1308 5378 1671 5444 humanisque
1710 5377 1877 5430 rebus
1906 5393 1920 5443 ;
1965 5386 2133 5445 atque
2166 5388 2225 5428 ut
2267 5379 2354 5429 in-

783 5466 1152 5535 tellectuales.
1190 5481 1324 5520 sane
1355 5466 1602 5535 cogitare
1633 5466 1699 5519 de
1734 5464 1861 5525 Deo.
1890 5464 1957 5542 de
1988 5465 2099 5516 vita
2127 5476 2353 5527 :eterna,

785 5562 854 5616 de
881 5574 1052 5631 regno
1080 5561 1372 5619 ctelornm.
1399 5567 1454 5612 et
1488 5559 1556 5612 de
1593 5557 1934 5613 absconditis
1961 5559 2013 5609 in
2039 5573 2106 5610 en
2153 5565 2358 5624 mystc-

785 5653 885 5709 riis
946 5652 1187 5724 Spiritus
1243 5651 1461 5715 sancti,’
1501 5658 1560 5703 ut
1625 5649 1946 5710 sentientes,
2006 5649 2251 5700 dicentes
2305 5658 2359 5699 et

837 5843 880 5875 ³³
922 5840 1072 5895 Rom.
1108 5855 1186 5902 ιιι,
1244 5839 1333 5893 20.
1449 5838 1494 5868 ³⁸
1529 5835 1692 5892 llebr.
1725 5853 1798 5898 at,
1837 5837 1885 5894 ί.

1965 5838 2005 5865 ’⁸
2039 5837 2198 5890 llcbr.
2234 5852 2303 5898 tv,
2338 5836 2386 5890 3.

2441 4632 2584 4703 πέσῃ
2610 4630 2707 4699 τῆς
2731 4626 3039 4688 ἀπειθείας,
3073 4624 3170 4678 καὶ
3198 4624 3266 4677 τὰ
3300 4625 3440 4676 αὑτὰ
3462 4625 3574 4684 τοῖς
3603 4622 3769 4674 πάλαι
3793 4617 4016 4682 ἀπειθή-

2441 4741 2567 4778 σασι
2588 4721 2857 4776 πείσεται.

2520 4819 2619 4887 οβ’.
2649 4816 2907 4886 Αἰσθητολ
2933 4814 3108 4873 ὄντες,
3141 4809 3352 4876 λογικοί
3372 4826 3428 4860 τε
3450 4808 3543 4860 καὶ
3561 4807 3763 4874 νοητοὶ,
3797 4803 4017 4868 δεκάτην

2439 4911 2562 4963 τινὰ
2583 4911 2675 4961 καὶ
2703 4910 2865 4978 ἡμεῖς
2890 4907 2947 4973 ἐξ
2977 4904 3186 4959 ἑαυτῶν
3206 4903 3492 4972 ὀφείλομεν
3519 4902 3852 4970 προσφέρειν
3883 4895 4013 4963 Θεῷ.

2441 4999 2539 5054 xui.
2565 5000 2640 5062 ὡς
2671 5001 2768 5068 μὲν
2794 4997 3045 5068 αἰσθητοί
3069 5037 3083 5058 ,
3113 4993 3295 5055 καλῶς
3327 4991 3683 5044 αἰσθάνεσθαι
3708 4990 3814 5042 τῶν
3842 4987 4017 5053 αἰσθη-

2442 5092 2552 5144 ⁶ιτῶν
2581 5093 2942 5160 πραγμάτων,
2972 5091 3062 5142 καὶ
3082 5088 3169 5142 διὰ
3197 5087 3296 5156 τῆς
3325 5085 3586 5154 καλλονῆς
3617 5085 3727 5136 τῶν
3750 5084 4016 5142 τοιούτων,

2443 5185 2765 5253 ἀνατρέχειν
2793 5186 2882 5234 καὶ
2906 5181 3129 5247 ἀνάγειν
3156 5182 3362 5232 τούτων
3388 5177 3481 5246 τὴν
3505 5177 3807 5230 ἄπταιστον
3831 5174 4017 5241 γνῶσιν

2446 5277 2581 5343 πρὸς
2602 5275 2692 5328 τὸν
2717 5275 3091 5344 Δημιουργόν·
3117 5273 3191 5335 ὡς
3212 5272 3266 5324 δὲ
3291 5272 3518 5335 λογικοὶ,
3545 5270 3604 5323 τὸ
3625 5269 3682 5321 s6
3701 5271 3880 5336 λέγειν
3903 5267 4016 5334 περὶ

2446 5368 2605 5421 θείων
2635 5371 2727 5419 καὶ
2760 5366 3115 5437 ἀνθρωπίνων
3149 5364 3521 5434 πραγμάτων
3544 5363 3617 5424 ὡς
3651 5361 3704 5413 δὲ
3739 5361 3939 5430 νοητοὶ,
3967 5357 4017 5408 τὺ

2447 5459 2762 5521 ἀπταίστως
2789 5462 2927 5511 νοεῖν
2953 5457 3080 5528 περί
3101 5457 3258 5519 Θεοῦ,
3291 5459 3416 5528 περὶ
3447 5455 3592 5524 ζωῆς
3619 5452 3866 5513 αἰωνίου,
3904 5448 4016 5515 περί

2447 5553 2690 5622 οὐρανῶν
2725 5551 3022 5622 βασιλείας,
3077 5552 3170 5602 καί
3201 5551 3331 5620 περὶ
3367 5550 3473 5601 τῶν
3514 5550 3570 5600 ἐν
3603 5549 3738 5616 αὐτῇ
3778 5560 4014 5613 κεκρυμ-

2451 5645 2629 5712 μένων
2660 5645 2973 5715 μυστηρίων
3005 5643 3096 5696 τοῦ
3135 5644 3477 5713 Πνεύματος,
3510 5643 3598 5696 ἵνα
3633 5644 3720 5694 καὶ
3751 5642 3808 5691 τὸ
3841 5637 4015 5690 alaba-
