4190 6458
221 417 347 490 Ml

1056 425 1607 487 GNUSTICORUM
1638 427 1973 494 CAPITUM
2010 435 2398 501 CENTURIA
2440 443 2560 505 ΙΙῘ.

209 535 354 594 κατὰ
379 538 468 591 τὸν
511 536 762 608 Ἁϐραάμ
784 554 796 567 ·
831 539 863 612 ἢ
894 538 1357 625 τοῦμχιιρίσμάτος
1384 540 1492 595 τῶν
1541 543 1784 611 ἰαμάτων
1801 553 1845 611 Α

1760 553 1845 611 νΑ
1874 546 2047 603 instar
2083 551 2389 619 Abraham;
2429 558 2512 608 vel
2561 556 2789 625 gratiam
2854 560 3150 617 sanitatum
3201 565 3253 619 iu
3307 583 3415 622 uno

208 633 273 684 δν
300 631 377 700 τῷ
404 629 554 699 αὐτῷ
585 630 888 699 Πνεύματι,
931 616 1012 692 cf;
1041 632 1102 682 τὸ
1133 630 1317 686 ἰᾶσθαι
1348 634 1447 696 τὰς
1491 636 1724 704 νόσους(
1750 633 1782 703 ἢ

1759 633 1782 703 ἢ
1875 638 2104 706 spiritu,
2155 641 2221 696 ad
2269 616 2854 714 sanandos'morbos;
2917 651 3000 704 vel
3049 616 3414 721 operationem

207 721 309 792 τῆς
339 722 622 790 ἐνεργείας
668 722 779 773 τῶν
808 721 1113 792 δυνάμεων,
1145 725 1227 786 εἰς
1275 724 1343 777 τδ
1371 725 1631 794 δαίμονας
1679 727 1782 778 ἀπ-

204 811 453 870 ελαύνειν
474 814 568 866 καὶ
593 816 795 882 σημεῖα
824 816 1019 867 ποιεῖν’
1049 814 1081 883 ἢ
1109 815 1208 883 τῆς
1237 818 1589 887 προφητείας,
1618 819 1693 880 ei;
1720 817 1781 870 τὸ

203 904 452 976 προορᾷν
480 904 574 964 καὶ
613 905 901 974 προλέγειν
931 907 998 959 τά
1033 905 1293 976 μέλλοντα
1314 922 1326 933 °
1360 908 1392 976 ἢ
1437 909 1535 978 τῆς
1567 909 1777 980 διακρί-

201 1009 344 1057 σεως
371 993 481 1046 τῶν
514 979 862 1064 πνευμάτων,
892 997 971 1058 είς
999 995 1062 1048 τὸ
1089 997 1386 1066 διακρίνειν
1414 997 1495 1060 τίς
1523 999 1580 1050 ὲν
1613 999 1778 1052 Ilvati-

201 1102 336 1156 ματι
353 1083 495 1137 Θεοῦ
522 1083 694 1152 λέγει,
728 1087 823 1138 καὶ
851 1086 935 1144 τίς
967 1085 1058 1139 οὗ·
1090 1088 1123 1159 ἢ
1153 1091 1252 1157 τῆς
1276 1089 1569 1158 ἑρμηνείας
1591 1089 1776 1156 διαφό-

198 1193 312 1248 ρων
341 1175 633 1243 γλωσσῶν
665 1175 698 1248 ἢ
733 1177 833 1245 τῆς
860 1176 1198 1248 ἀντιλήψεως
1227 1179 1338 1231 τῶν
1368 1170 1776 1249 καταπονουμέ-

195 1284 335 1322 νων-ο
371 1268 404 1339 ἢ
438 1268 536 1336 τῆς
585 1268 968 1338 κυϐερνήσεως
998 1270 1262 1341 ποιμνίων
1291 1271 1426 1324 Θεοῦ
1446 1313 1460 1338 ,
1498 1275 1589 1325 καὶ
1622 1273 1772 1326 λαοῦο

190 1360 228 1430 ἢ
273 1360 372 1426 τῆς
411 1359 794 1427 πρὸςπάντας
831 1361 1052 1430 ἀγάπης
1077 1403 1092 1428 ,
1129 1364 1224 1416 καὶ
1269 1364 1377 1417 τῶν
1423 1366 1774 1435 χαρισμάτων

191 1449 383 1516 αὐτῆς,
413 1445 512 1514 τῆς
565 1448 970 1518 μακροθυμίας,
1003 1451 1098 1520 τῆς
1132 1453 1521 1522 χρηστότητος,
1553 1456 1774 1508 καὶτῶν

191 1540 371 1597 ἄλλων
397 1541 552 1609 ὁμοῦ.
590 1542 651 1593 Εἰ
672 1543 729 1595 δὲ
756 1544 819 1594 ἑκ
840 1544 1058 1596 πάντων
1083 1545 1290 1596 τούτων
1315 1547 1544 1614 ἄμοιρος
1575 1547 1771 1618 εὑρεθῇ

192 1649 296 1695 τις,
325 1633 425 1683 οὐκ
471 1631 598 1700 ἔχω,
647 1633 762 1693 πῶς
791 1632 929 1683 εῐπω
958 1632 1048 1684 τὸν
1080 1633 1318 1687 τοιοῦτον
1348 1636 1558 1696 πιστὸν,
1604 1637 1636 1706 ἢ
1678 1637 1772 1689 τοῦ

192 1723 495 1789 καταλόγου
525 1724 636 1774 τῶν
665 1724 1030 1784 ἐνδεδυμένων
1065 1726 1300 1792 Χριστδν
1339 1726 1447 1779 ἀπὸ
1488 1725 1581 1780 τοῦ
1627 1727 1771 1780 θείου

193 1814 587 1886 βαπτίσματος.

1875 731 2158 796 virtutum;
2186 735 2251 788 ad
2277 735 2858 805 daemones‘pellendos
2879 749 2930 795 et
2957 742 3110 812 signa
3137 743 3413 811 facienda;

1873 822 1953 874 vel
1987 824 2352 892 prophetiam,
2383 829 2448 880 ad
2485 829 2899 896 providendum,
2929 847 2990 887 ac
3015 834 3414 903 praedicendum

1871 909 2098 975 futura;
2142 912 2225 966 vel
2295 914 2680 969 discretionem
2739 919 3049 988 spirituum,
3101 924 3166 978 ..ἀ
3213 924 3418 980 discer-

1873 999 2112 1052 nendum
2149 1003 2272 1069 quis
2304 1004 2357 1056 in
2396 1003 2599 1073 Spiritu
2635 1005 2729 1061 Dei
2771 1006 3045 1076 loquatur,
3094 1015 3218 1082 quis
3267 1029 3416 1080 non;

1873 1091 1955 1144 vel
2020 1091 2527 1159 interpretationem
2583 1096 2858 1152 variarum
2917 1100 3267 1172 linguarum;
3308 1111 3416 1162 'vel

1869 1179 2280 1248 epitulationem
2303 1182 2652 1252 amietorum;
2677 1188 2760 1243 vel
2778 1190 3217 1258 gubernationem
3235 1199 3415 1252 ovium

1867 1277 1922 1323 et
1969 1271 2141 1340 plebis
2164 1271 2256 1328 Dei
2285 1289 2300 1338 ;
2329 1276 2410 1328 vel
2446 1276 2762 1333 charitatem
2798 1295 2924 1350 erga
2970 1297 3159 1340 omnes
3192 1287 3419 1357 ejusque

1868 1362 2217 1428 charismata,
2247 1364 2736 1435 longanimitatem,
2783 1371 3170 1442 benignitatem
3214 1386 3268 1432 et
3318 1394 3420 1434 ca-

1871 1462 2009 1508 tera.
2063 1455 2118 1509 Si
2169 1459 2293 1524 quis
2342 1468 2524 1513 autem
2581 1461 2664 1515 his
2711 1463 2966 1518 omnibus
3016 1478 3222 1533 careat,
3279 1472 3424 1526 hunc

1869 1544 2050 1599 dicere
2100 1562 2312 1615 nequeo
2363 1549 2561 1605 habere
2611 1551 2772 1607 tidem
2808 1555 2891 1607 vel
2947 1569 3070 1612 esse
3116 1574 3182 1612 ex
3227 1577 3416 1616 eorum

1870 1649 2096 1690 numero
2123 1637 2215 1704 qui
2250 1636 2523 1695 Christum
2560 1643 2861 1699 induerunt
2906 1657 3002 1712 per
3043 1646 3289 1705 divinum
3331 1655 3422 1707 ba-

1869 1736 2084 1790 pttsma.

262 1902 371 1970 πεῖ.
403 1880 474 1958 -Ὁ
498 1909 595 1976 τήν
616 1906 838 1974 ἀγάπην
863 1906 1021 1976 ἔχων,
1065 1909 1165 1960 οὐκ
1193 1903 1299 1960 οἶδε
1329 1907 1416 1961 διὰ
1447 1909 1611 1979 ζῆλον
1642 1910 1773 1978 φθο·
1797 1880 1834 1932 Β

1762 1880 1834 1952 ,θ
1937 1903 2025 1959 87.
2083 1905 2184 1972 Qui
2221 1909 2547 1968 charitatem
2592 1915 2777 1983 habet,
2826 1924 2998 1977 nescit
3038 1924 3218 1982 invide
3253 1944 3417 1985 aemu-

191 2001 321 2062 νεῐν,
356 1999 415 2052 ού
447 1999 852 2068 περπερεύεται
884 2001 960 2062 ὡς
1000 2002 1310 2068 ἐπηρμένος
1341 2002 1435 2053 καὶ
1465 2005 1764 2071 προπέτης,

189 2091 251 2145 οὐ
283 2091 575 2158 φυσιοῦται
612 2091 751 2143 κατά
778 2107 944 2154 τινος,
979 2091 1080 2143 οὑκ
1110 2092 1412 2159 ἀσχημονεῖ
1450 2092 1518 2144 τά
1543 2093 1769 2163 ἀπρεπῆ

189 2183 327 2254 πρὸς
358 2183 451 2235 τὸν
493 2181 724 2253 πλησίον
755 2181 925 2234 ποιῶν
945 2223 958 2246 ,
988 2182 1052 2235 οὐ
1097 2181 1252 2250 ζητεῖ
1295 2181 1364 2234 τὰ
1392 2183 1584 2236 ἑαυτοῦ
1626 2186 1764 2252 συμ-

191 2277 425 2346 φέροντα
459 2273 617 2344 μόνα,
655 2273 791 2327 άλλά
836 2273 932 2327 καὶ
961 2274 1030 2327 τά
1073 2274 1168 2326 τοῦ
1234 2275 1496 2344 πλησίον,
1530 2277 1592 2329 οὐ
1629 2293 1770 2346 παρο

189 2366 438 2432 οξύνετσι
475 2367 615 2419 κατὰ
646 2366 755 2420 τῶν
792 2366 1106 2419 λυπούντων
1136 2368 1364 2435 ταχέως,
1391 2369 1452 2420 οὐ
1475 2367 1766 2435 λογίζεται,

187 2461 238 2511 εἰ
279 2457 426 2529 πάθῃ
458 2458 587 2510 ποτέ
618 2475 670 2510 τι
706 2459 896 2522 κακὸν,
927 2459 986 2509 οὐ
1016 2459 1196 2527 χαίρει
1230 2460 1321 2510 ὲπί
1351 2462 1418 2528 τῇ
1445 2459 1629 2528 ἀδικίᾳ
1662 2459 1767 2511 τῶν

189 2551 377 2619 φῡων,
413 2550 697 2618 συγχαίρει
731 2549 786 2600 δὲ
813 2551 878 2618 τῇ
907 2549 1135 2620 ἀληθείᾳ
1164 2550 1262 2617 τῆς
1298 2549 1643 2620 δικαιοσύνης
1673 2550 1767 2602 αύ-

188 2641 332 2697 τῶν⁶
377 2641 556 2694 πάντα
601 2641 785 2708 στέγει
826 2641 894 2692 τά
933 2641 1280 2711 ἐπερχόμενα
1332 2641 1482 2712 αὑτῷ
1525 2641 1763 2711 λυπηρά·

189 2737 364 2789 πάντα
389 2733 448 2800 ἐξ
481 2735 784 2803 ἁπλότητος
817 2736 908 2786 καὶ
936 2734 1171 2796 ἀκακίας
1199 2734 1467 2798 πιστεύει,
1493 2735 1670 2788 πάντα
1702 2735 1768 2785 τὰ

186 2824 573 2894 ἀπηγγελμένα
628 2825 769 2894 ἡμῖν
828 2823 938 2876 ἀπὸ
983 2821 1121 2874 Θεοῦ
1180 2823 1389 2887 ἐλπίζει
1440 2822 1763 2886 ἀπολαδεῖν,

188 2917 364 2968 πάντα
399 2916 665 2985 ὑπομένει
708 2915 777 2968 es
807 2914 916 2966 τῶν
950 2913 1308 2984 πειρασμῶν,
1361 2913 1433 2983 μὴ
1485 2915 1767 2976 ἀποδιδοὺς

187 3008 355 3063 κακὸν
376 3010 496 3061 ἀντὶ
523 3008 719 3070 κακοῦ,
741 3009 835 3059 καὶ
853 3007 1118 3060 οὐδέποτε
1138 3009 1235 3075 τῆς
1266 3004 1358 3058 τοῦ
1382 3005 1608 3075 πλησίον
1633 3004 1767 3072 ἀγά-

186 3105 292 3168 πης
316 3102 572 3153 ἐκπίπτει
602 3100 630 3152 ὁ
650 3097 749 3165 τῆς
778 3097 1000 3165 ἀγάπης
1029 3097 1290 3166 ἐργάτης,

1863 1993 1996 2059 lari;
2025 2010 2132 2052 non
2159 2001 2270 2068 agit
2298 2017 2598 2071 perperam,
2630 2016 2883 2078 tanquam
2917 2020 3131 2071 tumens
3157 2032 3222 2072 ac
3245 2027 3416 2076 teme-

1865 2086 2079 2152 rarius;
2109 2104 2213 2143 non
2246 2091 2462 2147 inﬂatur
2485 2106 2673 2151 contra
2700 2115 3060 2171 quemquam;
3087 2122 3196 2163 non
3227 2111 3420 2166 incon-

1864 2190 1999 2245 grua
2023 2187 2117 2233 aut
2147 2180 2450 2238 indeecntia
2483 2187 2612 2241 facit
2642 2190 2903 2249 adversus
2938 2199 3240 2263 proximum
3269 2220 3282 2268 ;
3310 2219 3420 2259 non

1864 2272 2059 2339 quaerit
2087 2289 2207 2343 qua:
2236 2290 2332 2330 sua
2359 2287 2506 2349 sunt,
2537 2280 2630 2334 sed
2668 2297 2788 2350 qua:
2823 2296 2951 2339 sunt
2996 2290 3272 2358 proximi;
3312 2310 3421 2350 non

1866 2360 2112 2414 irritatur
2151 2366 2455 2432 promptius
2497 2379 2687 2421 contra
2729 2371 3025 2438 molestos;
3078 2393 3184 2452 non
3224 2383 3424 2452 cogitat

1865 2450 2087 2512 malum,
2112 2452 2156 2504 si
2188 2453 2315 2520 quid
2348 2458 2473 2509 mali
2508 2459 2744 2526 patiatur
2771 2477 3053 2531 unquam;
3086 2446 3192 2524 non
3222 2446 3424 2541 gaudet

1862 2554 2024 2607 super
2049 2543 2337 2611 iniquitate
2365 2548 2686 2613 amicorum,
2725 2554 3028 2621 congaudet
3059 2568 3237 2614 autem
3278 2565 3423 2617 veri-

1863 2634 1958 2685 tati
1991 2632 2218 2702 justitiz
2244 2635 2523 2704 ipsorum;
2555 2642 2740 2695 omnia
2768 2643 2961 2699 suﬂert
2993 2649 3292 2708 accidentia
3317 2655 3422 2710 sibi

1864 2723 2439 2790 ineommoda;omuia
2472 2731 2665 2796 credit,
2699 2743 2884 2802 utpote
2921 2739 3149 2808 simplex
3180 2752 3234 2798 et
3262 2746 3425 2802 inno-

1862 2826 2028 2878 cens;
2070 2815 2250 2868 omnia
2299 2831 2332 2869 a
2381 2817 2492 2888 Deo
2539 2823 2808 2887 promissa
2850 2808 3036 2893 sperat
3083 2830 3186 2884 sibi
3225 2847 3421 2890 conse-

1862 2901 2115 2969 quenda;
2145 2904 2325 2958 omnia
2364 2907 2604 2962 sustinet
2640 2919 2990 2980 tentamenta,
3036 2934 3142 2974 non
3188 2923 3421 2980 reddens

1864 2991 2062 3043 malum
2094 3006 2190 3061 pro
2218 2993 2396 3060 malo;
2438 3011 2540 3050 nec
2569 3012 2808 3064 unquam
2849 3005 2916 3057 ab
2955 3017 3147 3064 amore
3184 3013 3418 3078 proximi

1862 3080 2061 3135 decidit
2083 3083 2366 3138 charitatis
2385 3088 2669 3148 operarius
2695 3089 2761 3142 ".

253 3188 365 3256 :rq'.
428 3188 547 3242 Τῶν
603 3187 927 3256 ἠξιωμένων
975 3189 1075 3255 τῆς
1135 3185 1342 3240 ἀνωθεν
1396 3187 1614 3256 χάριτος
1673 3185 1827 3284 τοὖο

1757 3185 1764 3235 i
1785 3228 1827 3284 ϐ
2044 3188 2200 3284 inter
2225 3204 2318 3284 eos
2351 3191 2453 3284 qui
2475 3167 2710 3261 desuper
2728 3197 2950 3264 gratiam
2973 3196 3205 3268 Spiritus
3240 3207 3412 3258 sancti

181 3281 338 3347 ἀγίου
388 3279 708 3346 Πνεύματος
755 3280 813 3329 ὲν
848 3279 1129 3347 διαφόροις
1173 3279 1542 3346 χαρίσμασιν,
1587 3277 1636 3328 oi
1666 3279 1766 3347 μὲν
1793 3277 1827 3284 ⁷

1752 3295 1766 3328 δ
1793 3277 1827 3284 ⁷
1859 3277 2022 3330 variis
2043 3280 2094 3330 in
2121 3279 2547 3336 charismatibus
2569 3285 2868 3353 accipiendi
2909 3287 3057 3354 digni
3078 3290 3240 3345 habiti
3255 3308 3407 3354 sum,

183 3373 320 3426 εἰσὶν
351 3372 429 3424 ἔτι
465 3371 652 3440 νήπιοι
687 3371 779 3423 καὶ
822 3367 1034 3429 ἀτελεῖς
1068 3369 1146 3428 είς
1177 3367 1244 3419 τά
1279 3367 1396 3419 θεία
1430 3367 1761 3438 χαρίσματα,

180 3463 231 3515 oi
261 3464 319 3516 δὲ
365 3463 558 3531 ἀνδρες
593 3461 687 3514 καὶ
728 3459 921 3511 τέλειοι
966 3461 1022 3510 ἐν
1051 3458 1128 3527 τῷ
1165 3458 1370 3529 τούτων
1414 3458 1760 3528 πληρώματι·

181 3555 278 3607 καὶ
307 3555 354 3605 οί
399 3554 501 3624 μὶν
535 3552 673 3623 πρὸς
707 3551 972 3634 ἐργασίαν
1002 3551 1109 3602 τῶν
1141 3548 1302 3601 θείων
1327 3549 1763 3618 ὲπεκτεινόμενοι

181 3645 414 3698 ιντολῶν
439 3683 454 3705 ,
495 3643 788 3707 αὑξάνουσί
831 3657 892 3692 τε
921 3642 979 3693 ἐν
1027 3639 1239 3701 τούτοις
1270 3640 1361 3691 καὶ
1396 3637 1763 3708 πληρούμενοι

177 3736 286 3787 τῶν
335 3725 597 3805 μειζόνων
641 3730 738 3785 τοῦ
775 3730 1094 3792 Πνεύματος
1134 3729 1391 3799 δωρεῶν,
1426 3729 1762 3797 καταργοῦσι

180 3827 246 3880 τά
268 3825 493 3879 ὄπισθεν
539 3826 636 3894 τῆς
670 3823 1002 3894 νηπιότητος
1036 3822 1384 3890 χαρίσματα·
1411 3821 1460 3872 oi
1493 3821 1550 3872 δὲ
1596 3823 1675 3884 είς
1703 3821 1764 3872 τὸ

179 3917 346 3988 ἀκρον
373 3916 666 3976 ἐλάσαντες
692 3915 792 3982 τῆς
819 3912 914 3964 τοῦ
945 3911 1080 3963 Θεοῦ
1112 3911 1333 3980 ἀγάπης
1365 3913 1457 3963 καὶ
1487 3909 1759 3978 γνώσεως,

182 4009 444 4062 παύονται
473 4005 659 4058 λοιπὸν
702 4005 811 4057 τῶν
868 4007 934 4056 ἐκ
987 4004 1187 4073 μέρους
1223 4004 1614 4071 χαρισμάτων⁴
1652 4001 1762 4054 εῐτε

183 4098 508 4166 προφητεῖαι
530 4098 690 4158 εἰσιν,
715 4094 790 4156 ὡς
811 4095 874 4147 τὸ
895 4094 1097 4160 λόγιον,
1140 4092 1251 4145 εἴτε
1275 4092 1577 4161 διακρίσεις
1601 4109 1762 4145 πνευ-

184 4191 388 4258 μάτων,
438 4187 548 4240 εῐτε
595 4186 940 4255 ἀντιλήψεις,
983 4186 1092 4238 εῐτε
1145 4185 1521 4254 κυϐερνήσεις,
1563 4188 1656 4238 καὶ
1692 4187 1760 4238 τὰ

181 4282 325 4350 ἑξῆς.
365 4282 423 4334 Ὀ
446 4279 664 4350 γάρέῑς
690 4279 759 4332 τά
788 4280 1067 4348 ἀνάκτορα
1096 4278 1196 4347 τῆς
1223 4277 1443 4346 ἀγάπης
1481 4277 1758 4343 είσελθὼν,

181 4373 276 4425 οὐκ
304 4373 384 4424 ἐτι
428 4375 492 4425 ὲκ
535 4372 739 4439 μέρους
775 4369 1035 4438 γινώσκει
1064 4368 1196 4420 Θεὸν
1222 4369 1321 4437 τὴν
1352 4368 1592 4437 ἀγάπην,
1626 4369 1760 4421 άλλά

182 4463 469 4530 πρόσωπον
494 4465 628 4534 πρὸς
660 4464 954 4532 πρόσωπον
973 4460 1180 4529 ὁμιλῶν
1209 4459 1378 4528 αύτῷ,
1407 4458 1758 4526 ἐπιγινώσκει

180 4554 359 4619 αὑτὸν,
395 4554 579 4622 καθὼς
610 4554 705 4607 καὶ
732 4552 895 4614 αὐτὸς
925 4552 1018 4604 ὑπ’
1052 4551 1216 4604 αὐτοῦ
1254 4550 1597 4621 ἐπεγνώσθη.

248 4645 357 4698 πθθ.
407 4647 464 4699 ’0
499 4648 563 4698 ἑκ
597 4645 763 4712 ζήλου
803 4643 910 4694 τῶν
963 4641 1351 4710 πνευματικῶν
1403 4643 1756 4711 χαρισμάτων

176 4735 270 4807 τὴν
301 4738 524 4809 ἀγάπην
561 4737 780 4800 διώξας,
837 4735 930 4787 καὶ
970 4732 1315 4795 καταλαϐὼν,
1353 4733 1451 4785 οὐκ
1507 4733 1758 4802 ἀνέχεται

182 4830 325 4898 μόνῳ
352 4829 532 4898 ἑαυτῷ
569 4828 750 4881 λαλεῖν
778 4827 869 4880 διὰ
905 4824 1217 4896 προσευχῆς
1253 4826 1346 4877 καὶ
1395 4825 1756 4892 ἀναγνώσεως

179 4921 252 4981 είς
279 4920 576 4990 οἰκοδομήν
606 4938 616 4951 ·
649 4922 678 4972 ὁ
734 4921 842 4987 γὰρ
879 4916 1056 4970 λαλῶν
1089 4915 1309 4985 γλώσσῃ
1342 4916 1478 4984 μόνῃ
1519 4915 1638 4984 Θεῷ
1671 4916 1756 4968 διὰ

178 5013 484 5082 προσευχῆς
504 5014 597 5066 καὶ
621 5010 966 5081 ψαλμῳδίας,
992 5009 1181 5060 ἑαυτὸν
1209 5004 1592 5074 οἰκοδομεϊ,ῶς
1624 5023 1756 5074 φησι

181 5102 406 5168 Παῦλοςο
446 5105 581 5162 ἀλλὰ
618 5103 714 5156 καὶ
746 5099 1134 5171 προφητεύειν,
1169 5099 1287 5151 κατ’
1317 5098 1502 5161 αὑτὸν,
1542 5097 1754 5176 ιπείγε-

179 5210 286 5260 ται,
310 5198 390 5260 εἰς
416 5195 709 5265 οἰκοδομὴν
737 5194 839 5260 τῆς
867 5193 963 5245 τοῦ
1007 5190 1144 5244 Θεοῦ
1193 5189 1538 5260 Ἐκκλησίας,
1589 5190 1756 5258 ἥγουν

181 5284 446 5341 διδάσκειν
475 5289 602 5349 τοῦς
638 5285 868 5352 πλησίον
907 5283 1005 5353 τὴν
1041 5281 1303 5352 ἐργασίαν
1350 5281 1460 5333 τῶν
1489 5281 1582 5333 τοῦ
1621 5281 1757 5334 Θεοῦ

182 5378 428 5444 ἐντολῶν,
461 5381 556 5433 καὶ
583 5381 727 5440 ὅπως
756 5377 863 5446 χρὴ
897 5376 1149 5427 σπεύδειν
1182 5376 1261 5436 εἰς
1302 5374 1362 5426 τὸ
1395 5375 1757 5442 εὐαρεστῆσαι

183 5466 318 5536 Θεῷ.
369 5469 583 5540 Τί’γὰρ
629 5472 721 5523 καὶ
754 5468 1036 5537 ὠφελῆσαί
1095 5485 1246 5523 τινας
1311 5467 1560 5536 δυνηθείη
1624 5467 1689 5520 ἂν
1731 5471 1761 5520 ὁ

185 5555 360 5629 ιαυτῷ
376 5561 470 5613 καὶ
489 5560 610 5629 Θεῷ
637 5561 782 5628 μόνῳ
804 5557 1002 5617 λαλῶν,
1040 5574 1171 5626 προε
1184 5556 1319 5618 στὼς
1339 5557 1424 5609 διὰ
1448 5557 1761 5628 ’προσευχῆς

186 5649 276 5700 καὶ
303 5648 616 5720 ψαλμῳδίας
639 5649 747 5709 ἀεὶ,
771 5648 867 5699 ἐὰν
902 5649 975 5717 μὴ
1009 5647 1219 5717 λαλήσῃ
1249 5648 1341 5698 καὶ
1376 5650 1486 5710 τοίς
1537 5648 1628 5697 ὑπ’
1668 5649 1763 5699 αὖ.

1859 3369 1949 3423 alii
1975 3379 2100 3424 sunt
2124 3370 2302 3425 adhuc
2328 3371 2563 3428 infantes
2589 3382 2645 3428 et
2667 3375 2966 3444 imper-lecti
2993 3380 3042 3432 in
3069 3382 3264 3436 divinis
3285 3384 3409 3437 cha-

1859 3460 2198 3526 rismatibus,
2233 3462 2325 3515 alii
2356 3472 2487 3517 sunt
2516 3463 2616 3517 viri
2641 3472 2692 3518 et
2732 3465 2952 3533 perfecti
2986 3469 3039 3521 in
3078 3470 3266 3524 horum
3300 3476 3414 3542 ple-

1857 3550 2122 3604 nitudine.
2158 3549 2376 3606 Priores
2406 3553 2773 3608 observationi
2806 3557 3108 3613 divinorum
3138 3563 3415 3618 mandato-

1856 3655 1976 3692 rum
2012 3640 2412 3705 incumbentes,
2442 3643 2495 3696 in
2514 3645 2598 3696 eis
2627 3655 2903 3711 crescunt,
2935 3659 2988 3702 et
3023 3652 3210 3719 repleti
3244 3655 3415 3723 majo~

1856 3731 2008 3785 ribus
2036 3731 2194 3785 donis
2225 3730 2484 3798 Spiritus,
2515 3743 2715 3788 exuttnt
2757 3737 3082 3793 charismata
3111 3757 3231 3810 qua:
3259 3754 3413 3798 erant

1855 3822 2226 3891 parvulorum.
2283 3823 2619 3878 Posteriores
2675 3841 2823 3891 vero,
2865 3829 2932 3881 ad
2991 3831 3195 3899 apicem
3241 3840 3411 3890 evecti

1856 3914 2139 3968 charitatis
2162 3923 2216 3968 et
2247 3915 2491 3969 scientiae
2519 3915 2634 3976 Dei,
2668 3917 2992 3973 charismata
3025 3937 3089 3976 ex
3117 3933 3267 3990 parte
3290 3937 3414 3980 tan—

1855 4013 1966 4058 tum
1992 4004 2190 4059 habere
2211 4007 2322 4068 jam
2355 4005 2632 4069 desinunt,
2655 4007 2766 4062 sive
2787 4011 3082 4078 prophetiae
3110 4014 3240 4078 sint,
3261 4017 3411 4084 juxta

1855 4093 2078 4148 verbum
2112 4093 2259 4147 Pauli
2285 4094 2346 4159 ³⁷,
2380 4096 2496 4149 sive
2532 4097 2895 4154 discretiones
2939 4102 3253 4169 spirituum,
3299 4109 3414 4161 sive

1853 4182 2261 4251 opitulationes,
2293 4186 2406 4240 sive
2428 4188 2854 4255 gubernationes
2897 4199 2950 4244 et
2981 4193 3084 4246 alia
3112 4194 3364 4265 deinceps
3397 4217 3410 4252 :

1854 4273 1946 4341 qui
1977 4274 2123 4326 enim
2158 4274 2213 4327 in
2251 4277 2441 4328 turrim
2477 4278 2762 4333 charitatis
2797 4280 3040 4345 intravit,
3068 4284 3176 4352 jam
3217 4302 3320 4341 non
3343 4305 3406 4342 ex

1853 4377 2007 4433 parte
2034 4365 2313 4433 cognoscit
2347 4366 2510 4420 Deum
2538 4370 2635 4436 qui
2675 4369 2911 4425 charitas
2941 4381 3024 4425 est
3044 4373 3108 4437 ³⁸,
3142 4377 3236 4428 sed
3277 4379 3412 4432 facit:

1854 4456 1920 4509 ad
1952 4455 2142 4510 faciem
2181 4470 2305 4536 eum
2343 4472 2406 4511 eo
2437 4472 2789 4527 conversans,
2815 4462 3090 4529 cognoscit
3123 4465 3271 4519 illum
3300 4470 3409 4522 sic-

1781 4541 1826 4596 D
1859 4553 1916 4600 ut
1948 4554 2002 4599 et
2032 4546 2281 4614 cognitus
2309 4547 2377 4601 ab
2413 4563 2477 4602 eo
2498 4557 2604 4603 est.

1921 4637 2006 4691 89.
2050 4637 2152 4702 Qui
2181 4639 2544 4708 spiritualium
2573 4642 2963 4698 charismatum
2987 4649 3262 4704 studiosus
3283 4654 3407 4703 cha-

1857 4730 2071 4784 ritatem
2105 4731 2355 4799 quaesivit
2387 4739 2441 4785 et
2495 4733 2724 4800 adeptus
2767 4745 2871 4797 est,
2915 4753 3022 4791 non
3071 4740 3201 4792 satis
3250 4743 3412 4794 habet

1858 4819 1962 4874 sibi
1997 4821 2099 4874 soli
2131 4821 2274 4891 loqui
2308 4837 2402 4891 per
2426 4822 2727 4877 orationem
2762 4834 2816 4879 et
2853 4828 3140 4882 lectionem
3173 4831 3239 4883 ad
3272 4846 3410 4899 pro-

1857 4909 2031 4978 priam
2062 4909 2476 4964 aediﬁcationem
2515 4912 2631 4979 (qui
2666 4914 2810 4966 enim
2846 4915 2959 4968 sola
2989 4917 3170 4987 lingua
3203 4920 3310 4973 Deo
3339 4923 3412 4975 lo-

1853 5000 2040 5068 quitur
2074 5000 2494 5066 perorationem
2539 5010 2592 5052 et
2634 5003 3011 5068 psalmodiam,
3059 5008 3408 5076 semetipsum

1852 5091 2102 5152 acdilicat,
2151 5097 2207 5143 ut
2257 5090 2334 5142 ait
2389 5088 2589 5145 Paulus
2615 5091 2701 5160 ”),
2754 5092 2845 5145 sed
2878 5095 3038 5145 etiam
3093 5098 3410 5163 prophetare

1851 5183 2023 5250 (juxta
2055 5182 2326 5249 eumdem)
2359 5181 2598 5246 festinat,
2623 5182 2686 5234 ad
2711 5182 3121 5238 aediﬁcationem
3155 5185 3410 5241 Ecclesiae

1852 5274 1968 5339 Dei,
2028 5274 2226 5329 docere
2287 5273 2536 5326 videlicet
2613 5273 2916 5339 proximum
2975 5275 3407 5329 observationem

1856 5366 2238 5420 mandatorum
2280 5365 2372 5418 Dei
2407 5375 2460 5418 et
2491 5364 2763 5432 quomodo
2797 5365 3012 5418 studere
3067 5374 3313 5433 oporteat
3342 5369 3408 5417 ad

1857 5456 2171 5524 placendum
2218 5456 2344 5508 Deo.
2392 5453 2529 5518 Quid
2572 5454 2716 5505 enim
2758 5451 2877 5506 aliis
2922 5455 3174 5521 prodesse
3236 5464 3410 5522 pctcst

1857 5547 2231 5615 supcrior,qui
2252 5545 2352 5599 sibi
2378 5544 2593 5612 Deoque
2615 5546 2714 5598 soli
2742 5545 2976 5612 loquitur
3002 5559 3095 5612 per
3113 5545 3406 5598 orationem

1857 5649 1910 5693 et
1955 5638 2333 5707 psalmodiam,
2377 5637 2480 5690 nisi
2515 5638 2770 5705 loquatur
2800 5636 2960 5689 etiam
2997 5636 3111 5691 suis
3152 5635 3410 5702 subditis,

260 5827 304 5859 ⁸⁸
341 5825 518 5884 lCOr.
564 5842 682 5893 ιιιι,
735 5827 766 5880 4
801 5827 854 5881 8.
939 5825 1180 5880 "lCor.
1232 5842 1323 5891 ιιι,
1381 5826 1530 5878 ά-ΙΙ.
1611 5825 1814 5880 "ibid.
1896 5827 1912 5856 ³

801 5827 854 5881 8.
939 5825 1180 5880 "lCor.
1232 5842 1323 5891 ιιι,
1381 5826 1530 5878 ά-ΙΙ.
1611 5825 1814 5880 "ibid.
1896 5826 1939 5856 "
1986 5821 2189 5877 lJoan.
2249 5836 2323 5884 tv,
2371 5819 2449 5872 16.

523 5925 789 5985 Panos.
835 5925 950 5985 GR.
991 5922 1170 5983 CXX.

2983 5909 3054 5970 32

3287 451 3427 520 1002
3520 456 3523 459 ’
