4190 6458
715 392 848 454 1033

1970 388 2267 447 NlL‘E'l‘IE
2304 387 2731 451 PECTORATI

3817 393 3956 457 1034

712 510 825 562 sive
856 509 907 558 itt
944 503 1275 556 revelatinne
1304 501 1540 568 Spiritus
1580 503 1779 564 «aucti,
1822 505 1936 556 sive
1974 505 2288 560 inscientia

2387 498 2486 562 τὸν,
2523 500 2557 570 ἢ
2590 500 2646 552 ἐν
2663 497 3003 567 ἀποκαλύψει
3034 497 3349 569 Πνεῦματος
3383 501 3560 570 ἁγίου,
3594 502 3626 574 ἢ
3661 506 3718 557 ἐν
3749 507 3952 574 γνώσει

710 595 1093 668 mysteriorum
1134 594 1247 658 Dei,
1282 593 1396 646 sive
1433 593 1484 644 in
1517 593 1760 662 provida:
1789 595 1936 650 dono
1963 596 2286 664 prophetiae,

709 691 824 744 sive
853 688 908 742 in
931 687 1185 741 doctrina
1215 685 1490 740 sermonis
1513 685 1796 756 sapientiai
1820 686 1952 741 Dei?
1977 685 2112 750 Quis
2139 689 2284 741 enim

709 778 1031 832 inferiorum
1066 791 1125 830 se
1166 776 1421 844 accinget
1452 776 1519 830 ad
1567 776 1920 846 pugnandum
1958 777 2288 846 cupiditates

709 882 771 921 ac
800 869 1098 928 datmnnes,
1135 865 1241 919 nisi
1292 866 1500 920 clarum
1538 865 1804 920 doctrina:
1843 881 2154 921 sermonem
2189 867 2286 922 deo

708 960 850 1012 derit
899 961 1014 1013 sive
1047 959 1257 1024 scripto
1308 957 1424 1012 sive
1468 959 1634 1011 etiam
1684 959 1806 1012 viva
1855 960 2026 1015 voce?
2074 959 2286 1014 Revera

710 1053 814 1106 nisi
871 1051 939 1106 ad
991 1052 1410 1106 aediﬁcationem
1460 1053 1544 1106 sui
1603 1054 1785 1123 gregis
1843 1062 2055 1125 quaerat
2099 1062 2287 1123 pastor

711 1145 988 1200 abundare
1034 1148 1202 1198 verbo
1233 1143 1503 1198 doctrina:
1551 1152 1606 1198 et
1629 1145 1865 1200 scientia
1897 1147 2143 1215 spiritus,
2176 1160 2284 1200 non

708 1244 793 1291 est
826 1237 1114 1291 aemulator
1145 1235 1236 1290 Dei
1270 1235 1687 1290 charismatum.
1725 1236 1861 1290 Nam
1908 1239 2109 1291 multas
2161 1252 2288 1306 pre-

709 1340 800 1379 ces
834 1336 881 1380 et
911 1326 1152 1395 psalmos
1186 1325 1370 1393 lingua
1407 1334 1620 1380 tantum
1657 1328 1960 1390 recitando,
1997 1338 2050 1380 et
2083 1329 2282 1397 spiritu

708 1431 804 1470 seu
837 1417 1017 1469 anima
1069 1417 1300 1481 orando,
1337 1417 1582 1486 seipsum
1628 1417 1885 1482 aediﬁcat,
1925 1417 2020 1472 sed
2055 1418 2285 1485 spiritus

707 1508 827 1576 ejus
864 1507 986 1563 sine
1011 1507 1190 1562 fructu
1240 1517 1442 1572 manet,
1497 1523 1605 1563 non
1658 1509 1992 1580 prophetans
2023 1511 2286 1565 doctrinae

708 1601 896 1665 verbo,
929 1616 1033 1654 nec
1059 1601 1333 1655 azdilicans
1363 1597 1672 1656 Ecclesiam
1700 1604 1822 1658 Dei.-
1847 1602 1903 1657 Si
1934 1614 2115 1659 autent
2143 1603 2289 1658 Pau-

711 1691 821 1754 ltts,
846 1693 1082 1745 maxime
1113 1692 1360 1745 omnium
1400 1692 1684 1747 hominum
1715 1709 1814 1763 per
1843 1700 2149 1748 orationem
2177 1693 2288 1749 Deo

711 1782 1064 1849 coniunctus,
1088 1783 1141 1835 in
1179 1783 1417 1836 Ecclesia
1445 1783 1616 1838 voluit
1651 1785 1895 1853 quinque
1921 1785 2087 1839 verba
2119 1801 2284 1839 sensu

2374 591 2482 643 τῶν
2503 591 2815 661 μυστηρίων
2844 590 3001 658 Θεοῦ,
3057 591 3189 663 ἢέν
3250 595 3596 666 προορατικῷ
3649 597 3952 667 χαρίσματι

2378 683 2735 752 προφητείας,
2771 682 2804 749 ἢ
2861 683 2919 734 ὲν
2969 683 3156 754 διδαχῇ
3215 683 3374 750 λόγου
3413 686 3604 754 σοφίας
3642 686 3821 750 Θεοῦ;
3856 689 3954 751 Τίς

2376 775 2485 842 γὰρ
2522 773 2630 827 τῶν
2705 772 2959 844 ὑπηκόων
3020 772 3502 842 παρασκευάσεται
3572 777 3651 837 είς
3714 777 3951 845 πόλεμον

2377 864 2583 928 παθών,
2616 865 2711 918 καὶ
2743 865 3046 934 δαιμόνων,
3084 865 3180 916 ἐὰν
3223 864 3298 936 μὴ
3329 863 3572 934 εὔσημον
3601 867 3951 931 διδασκαλίας

2377 958 2532 1025 λόγον
2551 956 2628 1026 δῷ
2653 957 3018 1027 ὲγγράφω;,ἢ
3051 958 3143 1010 καὶ
3172 957 3260 1010 διὰ
3289 958 3465 1028 ζώσης
3498 960 3713 1027 φωνῆςς
3745 962 3955 1019 Ὄντως

2379 1051 2473 1104 ιάν
2510 1049 2584 1121 μὴ
2613 1051 2747 1119 πρὸς
2768 1051 2867 1120 τὴν
2887 1050 3174 1121 οἰκοδομὴν
3198 1050 3292 1102 τοῦ
3326 1052 3577 1119 ποιμνίου
3611 1054 3778 1104 αὑτοῦ
3811 1053 3949 1124 ζητῇ

2377 1142 2405 1194 ό
2434 1139 2656 1209 ποιμὴν,
2689 1139 2776 1193 ἵνα
2810 1139 3110 1210 περισσεύῃ
3149 1140 3226 1209 τῷ
3277 1139 3421 1208 λόγῳ
3458 1141 3557 1210 τῆς
3600 1141 3954 1205 διδασκαλίας

2378 1233 2471 1285 καὶ
2499 1235 2564 1302 τῇ
2592 1229 2791 1299 γνώσει
2819 1230 2910 1284 τοῦ
2937 1231 3270 1300 Πνεῦματος,
3302 1232 3398 1284 οὐκ
3430 1232 3543 1284 ἔστι
3575 1233 3820 1302 ζηλωτὴς
3847 1235 3955 1285 τῶν

2377 1322 2469 1375 τοῦ
2500 1322 2633 1375 Θεοῦ
2667 1323 3047 1392 χαρισμάτων.
3094 1324 3186 1376 Ἐκ
3223 1327 3331 1394 γὰρ
3366 1323 3460 1376 τοῦ
3500 1326 3659 1394 μόνον
3716 1326 3953 1394 προσεύ-

2376 1414 2564 1483 χεσθαι
2589 1414 2683 1466 καὶ
2708 1413 2928 1482 ψάλλειν
2968 1415 3034 1483 τῇ
3063 1412 3283 1484 γλώσσῃ
3323 1416 3491 1468 πολλὰ
3522 1416 3598 1484 τῷ
3655 1419 3951 1484 πνεύματι,

2377 1506 2543 1574 ἡγουν
2573 1508 2638 1574 τῇ
2664 1505 2809 1574 ψυχῇ
2845 1507 3300 1576 προσευχόμενος,
3328 1507 3516 1558 ἐαυτζν
3552 1509 3832 1576 οἰκοδομεί
3857 1549 3871 1573 ,
3929 1512 3956 1561 ό

2377 1598 2430 1651 δὲ
2458 1597 2581 1661 νοῦς
2615 1598 2779 1650 αὑτοῦ
2807 1599 3055 1668 ἄκαρπός
3083 1601 3220 1663 ἐστι,
3251 1600 3324 1670 μὴ
3353 1600 3711 1670 προφητεύων
3736 1605 3837 1670 τῆς
3880 1603 3957 1654 δι-

2377 1690 2672 1753 δασκαλίας
2707 1689 2786 1760 τῷ
2822 1689 2990 1758 λόγῳ,
3032 1691 3127 1742 καὶ
3162 1691 3460 1761 οίκοδομών
3486 1693 3584 1762 την
3628 1693 3955 1762 Ἐκκλησίαν

2377 1784 2473 1835 τοῦ
2498 1783 2654 1836 Θεοῦ.
2689 1783 2751 1835 Εἰ
2776 1783 2831 1834 δὲ
2851 1782 3081 1846 Παῦλος,
3112 1784 3140 1835 ό
3164 1785 3382 1837 πάντων
3407 1784 3709 1851 ἀνθρώπων
3735 1785 3955 1854 μᾶλλον,

711 1888 812 1926 suo
844 1873 1238 1927 fecundissimo
1267 1874 1414 1940 loqui
1441 1881 1502 1926 ut
1533 1883 1586 1929 et
1607 1850 1746 1943 alios
1775 1850 2094 1938 instrueret,
2124 1891 2285 1945 quam

2387 1875 2465 1928 διὰ
2489 1875 2820 1944 προσευχῆς,
2848 1876 3253 1946 συναπτόμενος
3289 1877 3369 1946 τῷ
3397 1877 3537 1944 Θεῷ,
3576 1878 3735 1929 πέντε
3768 1878 3958 1944 λόγους

710 1966 898 2020 decem
935 1964 1103 2017 millia
1141 1965 1432 2020 verborum
1469 1967 1791 2036 psalmodice
1823 1969 1877 2022 in
1919 1968 2126 2038 lingua,
2159 1981 2288 2037 ergo

710 2072 738 2110 a
780 2057 1048 2112 charitate
1087 2056 1349 2111 aberrant
1380 2060 1612 2113 aliorum
1649 2061 1985 2128 superiores,
2034 2060 2126 2128 qui
2167 2060 2293 2113 viris

708 2148 888 2202 solius
920 2149 1240 2216 psalmodia:
1288 2151 1670 2218 orationisque
1713 2150 1906 2218 peritis
1966 2150 2284 2219 dignitatem

709 2241 951 2309 pastoris
974 2242 1348 2295 committunt.

783 2520 872 2576 90.
919 2520 1022 2586 Qui
1058 2535 1158 2575 nos
1190 2534 1258 2573 ex
1295 2521 1565 2573 materiali
1597 2530 1648 2573 et
1675 2519 1950 2588 spirituali
1982 2520 2289 2573 substantia

711 2617 1015 2679 constituit,
1051 2615 1302 2682 duasque
1338 2624 1565 2668 naturas
1597 2615 1733 2666 adeo
1764 2613 1909 2666 inter
1948 2627 2006 2666 se
2042 2612 2290 2667 dissimi-

711 2710 794 2764 les
847 2709 902 2763 in
959 2721 1124 2762 unam
1170 2707 1468 2763 essentiam
1509 2715 1564 2760 et
1624 2719 1917 2776 personam
1979 2705 2291 2760 incredibili

712 2799 880 2856 modo
912 2800 1218 2869 conjunxit,
1256 2799 1346 2854 ille
1373 2799 1535 2854 etiam
1582 2799 1656 2852 ita
1686 2812 1788 2851 nos
1819 2797 1960 2851 bene
2003 2796 2294 2850 constituit

713 2908 812 2963 per
838 2907 1145 2948 sermonem
1179 2891 1465 2960 sapientia:
1491 2898 1546 2945 et
1579 2904 1678 2958 per
1702 2903 2014 2943 sermonem
2047 2887 2292 2942 scientiae

715 3001 851 3052 suas,
888 2996 946 3039 ut
978 2995 1091 3038 tum
1125 3000 1222 3055 per
1255 2985 1542 3040 scientiam
1574 2981 1812 3050 Spiritus
1845 2982 2020 3037 sancti
2053 2982 2293 3035 sciamus

716 3077 1066 3132 absconditos
1097 3079 1250 3147 regni
1281 3077 1546 3132 cmlorum
1575 3075 1870 3130 thesauros
1900 3074 2103 3144 quibus
2135 3073 2202 3126 ab
2229 3087 2294 3126 ('0

718 3170 1012 3232 donamttr,
1048 3177 1162 3222 tum
1203 3183 1298 3232 per
1352 3182 1664 3224 sermonem
1715 3167 2000 3238 sapientia:
2041 3166 2292 3236 proximo

718 3259 1022 3316 revolemus
1065 3259 1326 3316 bonitatis
1364 3262 1486 3329 ejus
1531 3259 1754 3312 divitias
1800 3272 1865 3313 ac
1905 3257 2130 3314 delicias
2170 3257 2293 3311 vitae

719 3362 936 3407 :t-tcrnac
977 3368 1118 3422 quas
1147 3351 1470 3424 preparavit
1510 3349 1862 3422 diligentibus
1890 3365 1972 3408 se.

793 3622 881 3676 9|.
923 3620 1025 3686 Qui
1071 3621 1232 3674 minis
1273 3621 1670 3690 promissisque
1702 3621 1865 3675 trium
1894 3622 2074 3693 legum
2113 3637 2298 3693 super-

718 3713 945 3774 eminet,
980 3710 1067 3763 Itic
1129 3710 1297 3763 vitam
1341 3710 1627 3777 ingressus
1662 3718 1748 3764 est
1799 3710 1898 3779 legi
1947 3725 2056 3765 non
2108 3711 2298 3780 subje-

720 3817 888 3864 ctam,
917 3804 1032 3872 ipse
1062 3802 1147 3856 lex
1199 3800 1458 3856 Ecclesiae
1486 3800 1693 3866 lactus,
1731 3817 1832 3858 nec
1857 3804 1958 3870 legi
2000 3805 2295 3860 obnoxius.

723 3896 915 3948 Libera
970 3902 1152 3946 autem
1207 3902 1290 3947 cst
1341 3891 1451 3945 vita
1507 3893 1610 3961 legi
1661 3907 1771 3946 non
1812 3895 2108 3960 subjacens
2162 3909 2176 3946 :
2235 3911 2298 3950 ac

725 3984 953 4054 proinde
996 3986 1147 4037 omni
1195 3982 1433 4036 naturali
1470 3983 1803 4037 necessitate
1846 3992 1901 4037 et
1947 3984 2300 4040 abcrratione

723 4074 978 4142 superior
1000 4081 1118 4136 est;
1155 4078 1206 4124 ct
1238 4072 1327 4140 qui
1361 4071 1504 4123 hanc
1537 4072 1818 4140 ingressus
1853 4074 2043 4137 vitam,
2073 4088 2104 4126 a
2135 4087 2301 4128 carne

725 4167 984 4219 liberatus
1010 4175 1063 4221 et
1088 4166 1244 4235 quasi
1281 4173 1503 4227 exutus,
1543 4171 1598 4217 et
1637 4162 1876 4233 Spiritus
1910 4167 2087 4220 sancti
2126 4168 2303 4237 parti-

724 4273 853 4328 ceps
877 4257 1074 4318 lactus,
1115 4266 1260 4309 totus
1285 4265 1339 4310 et
1375 4257 1490 4325 ipse
1520 4256 1742 4310 Christo
1773 4257 1866 4326 qui
1890 4273 2108 4312 omnem
2137 4274 2302 4314 exsu-

725 4359 878 4418 perat
909 4359 1184 4410 natttram.
1216 4350 1418 4414 unitur,
1445 4363 1571 4404 cum
1596 4352 2126 4408 evacuaveritomne
2155 4354 2300 4422 quod

724 4457 790 4496 ex
817 4452 968 4513 parte
999 4450 1082 4495 est
1100 4442 1167 4494 “.

797 4621 887 4677 92.
931 4621 988 4676 Si
1022 4622 1146 4691 quis
1176 4637 1346 4692 capax
1378 4632 1461 4678 est
1486 4625 1731 4679 scientiae
1763 4625 1921 4693 primi
1956 4624 2292 4692 Intellectus,

727 4714 818 4783 qui
861 4722 947 4768 est
978 4713 1223 4766 omnium
1266 4714 1596 4784 principium
1645 4725 1696 4769 et
1729 4714 1873 4781 ﬂuis,
1905 4726 1961 4773 et
1994 4719 2048 4772 in
2085 4733 2142 4772 se
2179 4719 2300 4772 inii.

728 4809 900 4870 nitus,
924 4812 977 4858 et
1017 4805 1159 4859 intra
1191 4815 1456 4875 extraque
1479 4806 1664 4860 omnia
1701 4815 1972 4872 versatur,
2005 4809 2095 4863 ille
2120 4812 2222 4863 scit
2248 4819 2300 4864 et

729 4899 879 4953 solus
921 4911 1044 4951 cum
1094 4911 1154 4950 se
1195 4897 1336 4963 solo,
1381 4907 1436 4952 et
1471 4897 1623 4953 solus
1672 4897 1816 4954 inter
1864 4901 2012 4955 solos
2065 4901 2247 4955 vivere
2285 4921 2299 4955 :

729 4989 803 5041 ita
853 4995 912 5041 ut
953 5002 1132 5057 neque
1166 4988 1335 5041 ullum
1375 5005 1439 5043 ex
1473 4988 1768 5045 solitudine
1825 4991 2065 5059 patiatur
2117 4991 2299 5062 perfe-

732 5082 931 5136 Ctionis
956 5081 1368 5143 detrimentum,
1394 5097 1566 5151 neque
1593 5096 1715 5137 cum
1736 5084 1926 5139 multis
1960 5085 2145 5139 vivens
2169 5085 2301 5139 soli-

731 5174 905 5226 tarius
944 5185 1065 5226 esse
1096 5171 1333 5236 desinat,
1368 5177 1462 5227 sed
1497 5174 1569 5227 sit
1607 5175 1809 5242 ubique
1839 5173 1979 5227 idem
2011 5187 2066 5228 et
2099 5177 2150 5228 in
2177 5190 2298 5229 om-

735 5266 893 5320 nibus
924 5265 1098 5328 solus,
1133 5274 1392 5336 tanquam
1428 5268 1758 5337 principium
1794 5282 1906 5336 quo
1937 5268 2025 5320 alii
2053 5282 2309 5322 movean-

738 5367 827 5410 tur
865 5356 931 5410 ad
968 5356 1344 5424 solitudinem,
1370 5369 1424 5413 et
1472 5357 1596 5414 linis
1640 5361 1953 5430 propositus
1994 5370 2052 5414 ut
2097 5377 2305 5415 summa

734 5447 958 5502 virtutis
990 5447 1276 5517 perfectio.

809 5537 900 5592 93.
941 5539 1075 5590 (lum
1111 5541 1384 5596 animuset
1402 5555 1601 5609 corpus
1649 5543 1922 5599 inconfusi
1958 5545 2218 5599 uitiantur
2252 5558 2304 5600 rt

737 5630 1168 5698 coniungantur,
1203 5632 1247 5685 si
1277 5633 1436 5688 ambo
1467 5633 1830 5701 concordant,
1865 5652 2034 5691 unum
2061 5638 2302 5694 elliriunt

811 5807 855 5840 ‘°
886 5807 903 5860 l
931 5809 1051 5860 Cor.
1089 5823 1200 5870 χιιι,
1234 5808 1318 5861 Ιθ.

2378 1966 2466 2018 διὰ
2520 1965 2612 2017 τοῦ
2671 1967 2955 2035 ἑγκάρπου
3011 1969 3129 2029 νοὸς
3209 1968 3376 2021 αὑτοῦ
3447 1969 3644 2036 μᾶλλον
3693 1969 3960 2039 ἠθέλησεν

2378 2059 2552 2109 εἰπεῖν
2579 2059 2637 2110 ὲν
2668 2057 2983 2127 Ίιὶκκλησία,
3025 2059 3112 2112 ἶνα
3165 2060 3258 2111 καὶ
3309 2059 3504 2121 ἀλλους
3552 2063 3870 2132 κατηχήση,

2381 2149 2606 2218 μυρίους
2648 2149 2837 2216 λόγους
2886 2150 3207 2220 ψαλμῳδίας
3267 2154 3325 2204 ἐν
3375 2152 3636 2221 γλώσσῃο
3695 2156 3808 2224 ἄρα
3865 2156 3960 2222 τῆς

2377 2243 2596 2308 ἀγάπης
2623 2243 3090 2313 ἀπεπλανήθησαν
3119 2247 3167 2295 oi
3200 2244 3372 2296 ἄλλων
3400 2246 3742 2315 ἐξάρχοντες,
3773 2251 3869 2298 καὶ
3894 2250 3959 2317 τῇ

2377 2333 2634 2404 ψαμῳδία
2672 2335 2807 2406 μόνῃ
2845 2337 2982 2403 μετά
3029 2339 3127 2405 τῆς
3182 2338 3541 2406 ἀναγνώσεως
3600 2340 3962 2403 ὲκδεδωκότες

2379 2426 2438 2476 τὸ
2465 2426 2556 2478 τοῦ
2592 2428 2847 2496 ποιμένος
2880 2427 3118 2498 ἀξίωμα.

2449 2521 2520 2582 [τ’.
2562 2515 2620 2569 Ὀ
2647 2517 2707 2570 τὸ
2727 2513 2869 2571 εἶναι
2899 2518 3169 2589 δοὺςήμῖν
3199 2519 3257 2586 ἐξ
3285 2521 3652 2592 ὑποκειμένης
3685 2523 3820 2592 ὕλης
3867 2523 3960 2575 καὶ

2380 2609 2570 2677 νοερᾶς
2605 2608 2813 2672 οὐσίας,
2874 2611 2968 2663 καὶ
3003 2613 3081 2674 είς
3133 2611 3190 2664 ἐν
3211 2614 3279 2666 τὰ
3331 2615 3548 2666 ὲναντία
3602 2615 3703 2682 τῆς
3742 2616 3960 2681 ψῦσεως

2380 2704 2503 2756 καθ’
2526 2702 2693 2758 ἑαυτὰ
2723 2705 3040 2772 παραδόξως
3081 2708 3448 2772 συνουσιώσας
3486 2711 3580 2762 καὶ
3615 2710 3960 2777 ὑποστήσας,

2382 2800 2474 2851 καί
2507 2798 2568 2851 τὸ
2597 2794 2656 2851 εὖ
2706 2793 2844 2852 εἶναι
2892 2799 3090 2852 δέδωκε
3144 2801 3233 2854 διὰ
3264 2801 3358 2854 τοῦ
3407 2803 3567 2869 λόγου
3626 2804 3726 2872 τῆς
3776 2806 3966 2871 σοςίας

2381 2890 2569 2954 αὑτοῦ,
2598 2892 2692 2944 καὶ
2717 2891 2812 2943 τοῦ
2830 2892 2988 2960 λόγου
3029 2892 3126 2962 τῆς
3153 2893 3428 2960 γνώσεως,
3461 2895 3538 2958 ὡς
3571 2896 3635 2948 ἂν
3667 2894 3832 2947 τοῦτο
3873 2897 3966 2965 μὲν

2383 2984 2585 3052 ίδωμεν
2633 2983 2721 3036 διὰ
2747 2984 2847 3053 τῆς
2874 2985 2968 3037 τοῦ
3004 2985 3326 3054 Πνεῦμα-τος
3381 2986 3656 3052 γνώσεως,
3712 2991 3840 3050 τοὺς
3877 3006 3965 3039 κε-

2384 3076 2746 3146 χαρισμένους
2770 3077 2899 3145 ἡμῖν
2930 3076 3278 3146 ἀποκρύφους
3312 3079 3442 3148 παρ’
3472 3079 3638 3131 αὑτοῦ
3663 3081 3968 3150 θησαυροὺς

2384 3169 2482 3234 τῆς
2541 3167 2818 3236 βασιλείας
2866 3168 2974 3220 τῶν
3036 3169 3302 3238 οὐρανῶν,
3367 3169 3525 3221 τοῦτο
3589 3171 3642 3222 δὲ
3693 3171 3791 3222 καὶ
3835 3189 3969 3237 γελιν.-

2388 3260 2627 3328 ρίσωμεν
2649 3260 2761 3320 τοῖς
2787 3258 3013 3327 πλησίον
3040 3259 3128 3311 δια
3176 3260 3275 3327 τῆς
3317 3260 3410 3312 τοῦ
3463 3261 3619 3326 λόγου
3653 3264 3846 3327 σοφίας
3877 3265 3970 3326 τῆς

2386 3351 2752 3420 χρηστότητος
2787 3348 2952 3403 αὑτοῦ
2987 3351 3077 3402 τὸν
3108 3349 3356 3413 πλοῦτον,
3402 3351 3496 3401 καὶ
3537 3351 3604 3402 τὰ
3636 3353 3820 3418 ἀγαθὰ
3877 3353 3968 3420 τῆς

2387 3442 2606 3494 αίωνίου
2637 3442 2804 3511 ζωῆς,
2836 3441 2870 3495 ἃ
2915 3442 3208 3511 ἡτοίμασεν
3233 3444 3312 3506 είς
3343 3445 3563 3513 τρυφὴν
3597 3448 3714 3506 τοῖς
3749 3445 3971 3510 ἀγαπῶ.

2390 3547 2474 3583 σιν
2522 3531 2708 3584 αὑτόν.

2463 3627 2535 3688 11:
2557 3662 2568 3674 .
2608 3624 2667 3675 ὐ
2707 3623 2845 3691 ὑπὲρ
2872 3623 2970 3680 1'1;
2993 3622 3217 3684 ἀπειλὰς
3247 3626 3343 3674 καὶ
3379 3623 3474 3685 τὰς
3508 3625 3847 3691 ὲπαγγείίας
3871 3623 3972 3673 τῶν

2391 3711 2557 3780 τριῶν
2595 3711 2884 3779 γενόμενος
2913 3712 3132 3779 νόμων,
3186 3714 3267 3774 είς
3314 3713 3415 3781 τὴν
3463 3715 3538 3782 μὴ
3605 3716 3972 3781 ὑποκειμένη-δ

2393 3802 2542 3870 νόμῳ
2577 3801 2720 3870 ζωὴν
2769 3801 3041 3868 εἰσῆλθεν,
3093 3802 3254 3869 νόμος
3307 3803 3548 3868 γεγονὼς
3617 3803 3972 3872 Ἐκκλησίας,

2393 3893 2486 3944 καὶ
2522 3892 2596 3961 μὴ
2629 3891 2932 3960 ἀρχόμενος
2974 3893 3081 3944 ὑπὸ
3107 3893 3295 3960 νόμου.
3336 3893 3398 3945 'H
3430 3893 3486 3945 δὲ
3516 3894 3778 3962 ἐλευθέρα
3810 3898 3973 3953 ἐστ-ν,

2394 3985 2427 4051 ἡ
2458 3983 2532 4052 μὴ
2569 3984 2902 4054 ὑποκειμένη
2947 3985 3096 4054 νόμῳ
3135 3985 3249 4054 ζωή
3283 4000 3298 4016 '
3337 3985 3444 4053 ἄρα
3509 3984 3690 4054 πάσης
3745 3987 3978 4054 φυσικῆς

2395 4075 2641 4144 ἀνάγκης
2677 4077 2771 4127 καὶ
2796 4077 3155 4146 παρατροπῆς
3188 4078 3443 4146 ὑπεράνω
3474 4077 3587 4129 ἐστί
3621 4097 3632 4106 -
3677 4079 3775 4130 καὶ
3805 4082 3832 4130 ὁ
3868 4083 3980 4129 εἰσ·

2396 4166 2566 4220 ελθών
2595 4170 2673 4230 εἰς
2717 4168 2901 4237 αὐτὴν]
2931 4167 3320 4238 ἐλευθερωθεὶς
3353 4167 3427 4230 ώς
3453 4166 3558 4231 ἔξω
3592 4167 3795 4235 σαρκὸς
3820 4209 3833 4230 ,
3891 4166 3983 4216 καὶ

2397 4261 2508 4332 πῦρ
2538 4261 2885 4330 χρηματίσας
2933 4261 2992 4311 ὲν
3020 4260 3278 4330 μετουσία
3310 4259 3403 4311 τοῦ
3441 4260 3760 4325 Ιινευματος
3783 4299 3798 4323 ,
3849 4259 3983 4318 ὅλως

2398 4356 2494 4409 καὶ
2567 4356 2726 4417 αὐτὸς
2782 4353 2860 4424 τῷ
2918 4353 3175 4424 ὑπεράνω
3255 4352 3437 4419 πάσης
3510 4350 3726 4416 φύσεως
3799 4349 3982 4419 ηνώθη

2398 4447 2661 4518 Χριστῷ,
2728 4445 3172 4516 καταργηθέντος
3247 4445 3305 4496 ὲν
3376 4441 3524 4512 αὑτῴ
3595 4441 3689 4492 τοῦ
3753 4442 3819 4492 ὲκ
3891 4441 3985 4509 μέο

2334 4547 2376 4600 ι)
2403 4561 2551 4615 ρους.

2469 4633 2574 4703 ιιβκ
2621 4633 2680 4684 Ὅ
2714 4631 2804 4685 τοῦ
2837 4632 3054 4700 πρώτου
3086 4629 3204 4691 νοὸς
3230 4628 3326 4697 τὴν
3353 4628 3554 4695 γνῶσιν
3595 4627 3878 4694 χωρήσας,
3931 4624 3987 4683 ὃς

2402 4731 2518 4781 ἑστι
2551 4725 2658 4779 τῶν
2690 4725 2826 4777 ὅλων
2850 4723 3110 4793 ἀρχὴκαὶ
3163 4721 3316 4774 τέλος
3345 4761 3358 4781 ,
3416 4719 3508 4771 καὶ
3559 4719 3813 4787 ἀόριστος
3868 4713 3990 4767 καθ’

2405 4821 2616 4884 ἑαυτὸν,
2646 4817 2866 4870 καὶτῶν
2895 4816 3070 4868 ἄλλων
3111 4814 3364 4865 ἁπάντων
3398 4811 3633 4880 ὑπάρχει
3685 4809 3840 4868 ἐντος
3894 4809 3988 4860 καὶ

2413 4911 2588 4970 ἐκτὸς,
2621 4907 2727 4960 οἶδε
2771 4907 2865 4959 καὶ⁸
2902 4905 3058 4974 μόνος
3111 4903 3388 4972 μονάζειν,
3430 4903 3524 4953 καὶ
3585 4902 3754 4970 μέσον
3815 4901 3992 4968 μόνων

2761 4998 2844 5063 ζώς
2898 4999 3036 5066 μήτε
3090 4996 3166 5064 τῷ
3217 4995 3377 5063 μόνον
3412 4989 3552 5045 εἷναι
3581 5033 3594 5053 ,
3638 4990 3733 5041 τοῦ
3784 4990 3991 5041 τελείου

3108 5088 3246 5157 μήτε
3297 5084 3374 5152 τῷ
3411 5085 3548 5151 μετὰ
3602 5082 3854 5143 πολλῶν,
3899 5082 3993 5150 τῆς

2417 5003 2584 5072 μονὰς
2590 5017 2666 5053 ειν
2705 5017 2719 5031 ’

2415 5094 2619 5163 ζημίαν
2677 5089 3002 5160 ὑφίστασθαι
3033 5127 3047 5150 ,

2419 5187 2724 5256 μονώσεως,
2766 5183 2880 5236 ἀλλ’
2943 5177 3081 5233 εἶναι
3127 5179 3218 5231 τὸν
3263 5179 3428 5231 αὑτὸν
3481 5176 3760 5242 πανταχοῦ
3794 5178 3890 5227 καὶ
3943 5177 3996 5224 ὲν

2417 5271 2552 5321 πᾶσι
2604 5268 2762 5338 μόνιν
2791 5285 2803 5297 ·
2838 5267 2913 5328 ώς
2961 5266 3136 5336 ἀρχὴν
3169 5265 3268 5334 μὲν
3323 5265 3459 5332 πρὸς
3489 5263 3549 5315 τὺ
3588 5261 3846 5331 μονὰζειν
3892 5266 3997 5324 τοίς

2417 5360 2596 5422 ἄλλοις
2626 5360 2749 5411 ὄντα
2780 5360 3064 5425 κινήσεως.
3089 5357 3238 5418 τέλος
3274 5355 3328 5408 δὲ
3353 5354 3716 5424 προκείμενον
3746 5355 3844 5421 τῆς
3873 5358 3998 5423 αρε·

2420 5455 2520 5521 τῆς
2553 5450 2908 5503 τελειότατον.

2486 5539 2590 5609 κγ’.
2666 5539 2726 5592 ἸΙ
2782 5538 3085 5604 ἀσύγχυτος
3145 5538 3367 5597 ἕνωσις,
3431 5535 3526 5586 καὶ
3593 5534 3868 5601 συνάφεια
3907 5533 4000 5599 τῆς

2416 5635 2618 5705 ψυχῆς,
2642 5633 2735 5686 καὶ
2761 5631 2851 5684 τοῦ
2881 5632 3132 5700 σώματος
3153 5666 3167 5690 ,
3210 5627 3577 5696 συμφωνοῦσα
3630 5626 3755 5678 καθ’
3784 5628 4001 5691 ἑαυτὴν,
