4190 6458
250 382 385 449 1005

239 514 298 565 ἓν
330 513 488 583 ἔργον
519 513 788 576 ἀποτελεῖ,
818 517 924 567 εἴτε
961 515 1052 584 τῆς
1085 517 1238 587 ὕλης,

240 603 320 672 μὴ
349 603 721 672 συμφωνοῦσα
747 605 824 670 δὲ,
867 611 962 676 τὴν
983 608 1280 678 ἐπιθυμίαν
1315 612 1414 680 τῆς
1437 614 1592 684 νίκης
1621 617 1825 685 ἐγείρει

236 695 525 765 ἐμφύλιον.
576 697 715 750 Ἀλλ’
745 700 772 750 ὁ
807 698 960 766 λόγος
995 700 1164 753 ἐλθὼν
1199 704 1289 756 καὶ
1320 704 1380 757 τὸ
1427 706 1587 776 κῦρος
1620 709 1822 776 λαϐὼν,

234 787 354 841 λύει
391 789 491 858 μὲν
514 789 714 843 αὐτίκα
742 790 833 843 τὸν
873 791 1058 860 ζῆλον,
1097 794 1438 864 πρεσϐεύσας
1486 799 1542 852 δὲ
1571 800 1669 869 τὴν
1693 801 1824 872 ὀμό-

235 896 417 942 νοιαν,
445 880 507 932 τὸ
541 884 648 935 πᾶν
683 881 792 934 τῶν
809 881 986 953 ἔργων
1021 886 1086 955 τῇ
1117 885 1276 954 φύσει
1305 887 1399 940 καὶ
1441 889 1516 959 τῷ
1553 892 1823 964 πνεύματι

229 971 471 1024 δίδωσιν.

309 1062 413 1127 ιβ.
451 1062 572 1116 Τῶν
595 1064 654 1116 ὲν
685 1065 818 1135 ἡμῖν
850 1066 1014 1136 τριῶν
1038 1067 1208 1123 ὅντων
1236 1073 1610 1141 κυριωτάτων,
1636 1076 1694 1130 τὺ
1725 1078 1824 1148 μὲν

227 1153 417 1206 αὐτῶν
448 1154 627 1224 ἄρχει,
657 1156 758 1210 οὐκ
808 1156 1034 1227 ἄρχεται
1056 1159 1112 1212 δέ
1138 1176 1152 1191 ·
1189 1160 1251 1213 τδ
1279 1163 1335 1216 δὲ
1378 1165 1469 1216 καὶ
1524 1165 1681 1238 ἄρχει
1729 1171 1823 1223 καὶ

227 1242 460 1312 ἄρχεται
487 1260 500 1274 ο
532 1246 594 1297 τὸ
640 1245 694 1298 δὲ
722 1246 823 1301 ούκ
854 1248 1034 1318 ἀρχει,
1069 1251 1297 1322 ἄρχεται
1340 1255 1418 1309 δέ.
1449 1256 1618 1311 Ὅταν
1644 1256 1738 1313 οῦν
1763 1262 1824 1316 τὸ

225 1330 402 1400 ἄρχον
451 1333 555 1384 ὑπὸ
588 1334 781 1404 ἑτέραν
829 1336 1058 1405 γένηται
1101 1340 1208 1392 τῶν
1261 1342 1582 1414 ἀρχομένων
1621 1350 1819 1420 ἀρχὴν,

222 1421 417 1475 δοῦλον
442 1422 502 1475 τό
527 1424 685 1492 φύσει
716 1426 998 1498 ἐλεύθερον
1029 1433 1142 1494 τοῖς
1174 1432 1331 1500 φύσει
1354 1435 1560 1508 δούλοις
1593 1442 1817 1508 ὁρᾶταιο

224 1514 324 1565 καὶ
350 1514 454 1580 τῆς
483 1516 619 1578 ἰδίας
666 1518 944 1582 ἐξίσταται
977 1521 1154 1592 ἀρχῆς
1199 1541 1254 1575 τε
1288 1502 1383 1578 κτῦ⁵
1430 1502 1666 1596 φύσεως,
1723 1534 1818 1586 καὶ

224 1604 421 1668 στάσις
454 1607 511 1657 ὲν
540 1605 749 1670 τούτοις
793 1610 1005 1681 μεγάλη
1036 1613 1175 1666 ἐστί.
1209 1615 1456 1680 Στάσεως
1485 1619 1541 1671 δὲ
1565 1621 1818 1694 τοιαύτης

220 1696 291 1747 ὲν
317 1693 524 1759 τούτοις
579 1696 787 1768 οὔσης,
836 1700 990 1754 οῦπω
1049 1706 1118 1756 τά
1180 1706 1358 1760 πάντα
1405 1709 1819 1782 ὑποτεταγμένα

219 1783 445 1853 ὁρῶμεν
472 1785 550 1853 τῷ
589 1786 753 1857 λόγῳ.
804 1789 1072 1859 Ὀπηνίκα
1101 1794 1156 1847 δὲ
1197 1796 1256 1848 τὸ
1291 1798 1459 1868 ἄρχον
1506 1801 1612 1855 τῶν
1643 1804 1817 1860 ἄλλων

220 1878 551 1948 κρατήσειε,
584 1879 678 1932 καὶ
704 1880 809 1934 ὑπὸ
838 1883 935 1953 τὴν
958 1887 1166 1940 οἰκείαν
1189 1890 1362 1961 ἀρχὴν
1380 1893 1472 1946 καὶ¹
1501 1865 1864 1952 δεσποτείανΒ

216 1969 344 2034 ἄξει
366 1970 523 2033 αὐτὰ,
542 1974 846 2041 τηνικαῦτα
869 1977 947 2038 είς
979 1976 1037 2029 ἓν
1063 1981 1434 2051 συνδραμόντα
1449 1986 1514 2037 τά
1530 1986 1811 2055 διεστῶτα,

218 2059 324 2110 καὶ
351 2061 811 2132 όμοφωνήσαντα,
846 2067 1073 2137 είρήνην
1097 2069 1220 2136 ἄγει
1257 2073 1325 2125 τὰ
1361 2074 1498 2144 πρὸς
1519 2077 1610 2130 τὸν
1639 2079 1773 2135 Θεόν
1795 2100 1810 2115 ο

217 2147 322 2198 καὶ
379 2150 597 2223 πάντων
665 2152 1048 2222 ὑποταγέντων
1099 2158 1178 2228 τῷ
1227 2160 1408 2229 λόγῳ,
1456 2167 1812 2236 παραδίδοται

217 2241 255 2308 ἡ
297 2239 543 2309 βασιλεία
583 2244 717 2312 παρ’
738 2246 917 2300 αὑτοῦ
945 2248 1022 2315 τῷ
1045 2250 1162 2321 θεῷ
1196 2252 1288 2304 καὶ
1320 2255 1512 2325 Πατρί.

291 2334 400 2397 ιιε’.
433 2333 563 2397 Ταῖς
603 2335 894 2407 τέσσαρσιν
924 2341 1118 2409 ἀρχαῖς
1150 2343 1259 2396 τῶν
1312 2347 1544 2413 γενικῶν
1573 2350 1805 2418 ἀρετῶν,

215 2423 252 2493 ἡ
286 2424 487 2487 πεντάς
532 2426 639 2478 τῶν
668 2427 974 2499 αἰσθήσεων
1017 2433 1479 2504 καθυποταγείσα,
1528 2441 1624 2494 καὶ
1667 2443 1806 2514 αὐτὴ

215 2512 508 2582 φυλάξασα
528 2517 626 2586 τὴν
652 2517 985 2587 εὐπείθειαν,
1015 2522 1113 2594 τὴν
1143 2525 1205 2578 ὲκ
1223 2528 1504 2599 τεσσάρων
1525 2535 1806 2604 στοιχεῖων

213 2609 553 2665 πλασθεῖσαν
573 2613 738 2680 φύσιν
770 2614 865 2668 τοῦ
905 2614 1176 2685 σώματος,
1212 2618 1503 2689 ἀταράχως
1539 2625 1807 2678 κινεῖσθαι

215 2703 352 2771 περὶ
397 2702 488 2754 τὸν
533 2704 729 2774 τροχὸν
774 2705 870 2758 τοῦ
923 2708 1038 2775 βίου
1070 2713 1505 2778 παρασκευάζει.
1566 2714 1722 2768 Οῦτω
1753 2717 1808 2769 δὲ

214 2792 551 2862 κινουμένης
583 2795 775 2865 αὐτῆς,
801 2797 856 2849 αί
893 2797 1150 2865 δυνάμεις
1183 2801 1319 2871 πρὸς
1351 2803 1550 2868 ἑαυτάς
1579 2806 1640 2857 ού
1686 2823 1807 2859 στα-

215 2881 505 2944 σιάζουσιν
537 2900 550 2913 ·
582 2884 719 2937 ἀλλά
744 2885 838 2939 τοῦ
880 2887 1184 2953 παθητικοῦ
1220 2892 1416 2961 μέρους
1469 2893 1570 2962 τῆς
1618 2895 1806 2948 ἐπιθυ-

221 2974 354 3042 μίας
411 2976 506 3028 καὶ
555 2975 650 3029 τοῦ
688 2977 885 3045 θυμοῦ,
926 2980 1006 3049 τῷ
1063 2980 1358 3054 λογιστικῷ
1418 2987 1802 3055 συναφθέντος,

215 3068 508 3124 ἀναλαϐὼν
577 3073 637 3125 τὸ
703 3074 934 3142 φυσικὸν
959 3109 979 3118 ν-
1000 3077 1199 3145 κράτος
1255 3080 1282 3130 ὁ
1329 3078 1473 3143 νοῦς,
1507 3079 1660 3149 ἅρμα
1704 3083 1803 3152 μὲν

1125 403 1674 470 GNOSTICORUM
1712 414 2052 478 CAPITUM
2083 423 2476 487 CENTURIA
2515 432 2630 493 III.

3345 443 3482 511 1006

1273 521 1382 572 εἴτε
1420 522 1518 590 τῆς
1560 523 1772 590 φύσεως

1911 548 2068 604 opus,
2107 540 2221 595 sive
2259 545 2519 608 materia,
2567 548 2681 602 sive
2722 557 2963 619 natura;
2997 554 3041 610 si
3089 572 3218 614 vero
3267 562 3477 618 discor-

1909 627 2060 692 dant,
2090 633 2265 686 oritur
2294 637 2452 703 quasi
2502 638 2701 693 bellum
2741 643 2901 700 civile
2954 646 3044 700 ubi
3093 657 3321 720 utraque
3353 671 3477 725 pars

1909 719 2198 776 victoriam
2233 727 2459 794 appetit.
2495 729 2600 783 Sed
2631 731 2773 785 ratio
2802 738 3198 805 superveniens
3225 719 3277 795 et
3305 719 3476 814 impe-

1909 815 2049 868 rium
2108 830 2427 886 occupans,
2479 821 2813 879 simultatem
2869 827 3112 895 dirimit,
3169 837 3476 892 concordia:

1904 922 2062 962 suum
2097 910 2278 964 reddit
2308 912 2592 982 honorem,
2625 923 2679 973 et
2711 929 2912 974 cuncta
2944 936 3110 992 opera
3141 926 3233 980 dat
3267 939 3477 985 natura!

1902 1008 1958 1053 et
1987 1002 2229 1069 spiritui.

1972 1091 2059 1147 94.
2106 1091 2181 1148 Ex
2211 1093 2388 1151 tribus
2431 1111 2553 1165 quae
2604 1100 2763 1156 nobis
2811 1101 3002 1158 insunt
3055 1106 3328 1173 partibus.
3368 1124 3476 1163 una

1899 1184 2134 1253 imperat
2166 1201 2267 1242 nec
2293 1187 2513 1243 subdita
2551 1197 2656 1257 est,
2692 1193 2864 1249 altera
2894 1193 3127 1264 imperat
3166 1206 3218 1251 et
3247 1199 3474 1254 subdita

1900 1283 2008 1338 est,
2041 1278 2202 1333 tertia
2241 1295 2350 1335 non
2389 1280 2644 1352 imperat,
2680 1284 2776 1340 sed
2813 1287 3031 1342 subdita
3077 1298 3178 1343 est.
3211 1288 3346 1344 Cum
3375 1292 3475 1362 igi-

1908 1372 1999 1418 tur
2049 1381 2172 1434 pars
2209 1367 2486 1436 imperans
2525 1372 2867 1430 subditarum
2919 1376 3152 1446 imperio
3203 1381 3471 1449 subjacet.

1897 1461 2026 1510 tunc
2052 1472 2180 1527 pars
2217 1469 2411 1516 natura
2445 1463 2615 1518 libera
2640 1466 2891 1535 partibus
2927 1471 3127 1524 natura
3151 1473 3328 1527 servis
3357 1489 3475 1527 ser-

1894 1547 2011 1602 vire
2035 1549 2274 1612 videtur,
2309 1565 2371 1607 ac
2399 1553 2466 1609 de
2499 1557 2721 1626 propria
2753 1557 2960 1613 decidit
2985 1560 3253 1630 dignitate
3282 1572 3336 1618 et
3370 1580 3471 1618 na-

1893 1644 2042 1704 tura,
2070 1647 2125 1694 et
2159 1656 2354 1712 magna
2390 1644 2443 1697 in
2489 1645 2578 1701 his
2621 1648 2840 1705 rebellio
2891 1657 2995 1706 est.
3040 1649 3157 1706 Tali
3199 1663 3379 1708 autem
3415 1656 3468 1710 in

1894 1727 1982 1785 bis
2011 1739 2199 1786 exorta
2244 1734 2565 1802 rebellione,
2594 1738 2839 1795 nondum
2872 1741 3057 1796 omnia
3100 1742 3300 1797 rationi
3335 1744 3468 1798 obe-

1890 1820 2090 1875 dientia
2120 1824 2386 1880 videmus.
2419 1825 2554 1880 Cum
2587 1835 2809 1884 econtra
2852 1845 2978 1900 pars
3017 1830 3296 1901 imperans
3329 1833 3466 1888 alias

1897 1912 2212 1969 dominatur
2242 1924 2295 1970 et
2330 1918 2434 1972 sub
2481 1921 2759 1989 propriam
2807 1921 3006 1992 redigit
3034 1931 3355 1992 potestatem
3402 1939 3466 1977 ac

1895 2000 2182 2070 ditionem,
2220 2013 2353 2061 tunc
2405 2020 2589 2076 partes
2633 2009 2870 2066 diversa:
2905 2011 2960 2065 in
3015 2026 3183 2066 unum
3230 2025 3466 2065 concur-

1894 2100 2077 2151 rentes
2122 2106 2175 2149 et
2215 2109 2582 2156 consonantes
2622 2101 2677 2157 in
2711 2117 2847 2173 pace
2881 2103 2948 2159 ad
2989 2105 3158 2159 Deum
3207 2103 3462 2171 tendunt,

1891 2191 1946 2237 et
1993 2187 2249 2243 omnibus
2305 2189 2504 2245 rationi
2555 2191 2849 2263 subjectis,
2911 2194 3027 2250 haec
3078 2210 3310 2267 regnum
3352 2195 3463 2249 Deo

1890 2273 2036 2330 Patri
2068 2279 2254 2334 tradit.

1955 2367 2046 2422 95.
2089 2369 2221 2423 Cum
2250 2380 2487 2442 quatuor
2509 2375 2792 2447 principiis
2811 2377 3074 2434 virtutum
3099 2378 3457 2435 cardinalium

1889 2458 2092 2514 subditi
2138 2469 2266 2515 sunt
2307 2464 2550 2534 quinque
2591 2481 2786 2525 sensus
2850 2470 3203 2540 debitamque
3238 2478 3460 2526 servant

1887 2549 2276 2618 obedientiam,
2311 2561 2424 2608 tum
2475 2572 2504 2612 e
2536 2567 2775 2627 quatuor
2824 2560 3110 2617 elementis
3158 2564 3457 2631 composita

1884 2644 2130 2708 corporis
2171 2652 2366 2700 natura
2415 2649 2708 2718 tranquille
2740 2650 2884 2706 circa
2936 2652 3064 2708 vita:
3112 2653 3453 2708 curriculum

1888 2739 2155 2786 movetur.
2199 2733 2370 2805 Hujus
2400 2747 2583 2793 autem
2613 2741 2797 2796 taliter
2837 2755 2959 2798 sese
2988 2743 3257 2799 moventis
3289 2743 3456 2797 facul-

1883 2825 2024 2872 tates
2060 2834 2169 2875 uon
2211 2835 2240 2874 a
2273 2839 2332 2878 se
2367 2824 2598 2882 invicem
2637 2827 2937 2897 dissident;
2978 2832 3075 2886 sed
3105 2832 3454 2901 passionibus

1885 2913 2347 2982 concupiscentia
2369 2923 2424 2970 et
2468 2917 2560 2971 ira:
2593 2920 2793 2974 rationi
2823 2920 3106 2992 subjectis,
3139 2923 3454 2980 intellectus

1883 3003 2123 3056 nativam
2152 3019 2488 3075 recuperans
2514 3007 2973 3078 dominationem,
3006 3022 3242 3084 quatuor
3270 3015 3452 3071 virtu-

1882 3102 1996 3146 tum
2027 3094 2294 3164 principia
2327 3098 2380 3152 in
2407 3113 2652 3165 currum,
2681 3110 2919 3170 quatuor
2951 3117 3082 3159 vero
3102 3119 3299 3161 sensus
3321 3105 3452 3160 sub-

210 3162 413 3215 ἑαυτοῦ
441 3164 536 3226 τάς
569 3165 840 3237 τέσσαρας
869 3171 1105 3223 ποιεῖται
1135 3171 1310 3240 ἀρχάς
1330 3186 1344 3199 '
1384 3171 1572 3239 θρόνον
1599 3174 1656 3227 δὲ
1704 3175 1801 3246 τὴν

1895 3181 2028 3238 litos
2089 3184 2145 3238 in
2201 3162 2458 3242 thronum
2520 3162 2784 3260 disponit,
2837 3207 2902 3248 ac
2957 3193 3226 3250 debellata
3267 3197 3450 3250 carnis

215 3253 415 3323 δούλην
467 3257 722 3324 πεντάδα,
785 3260 998 3329 καὶτῆς
1063 3261 1437 3333 τυραννούσης
1488 3281 1800 3337 καταστρα-

212 3343 415 3407 τεύσας
452 3347 674 3416 σαρκὸς,
695 3348 1002 3418 τέθριππος
1033 3353 1112 3414 είς
1140 3352 1401 3422 οὐρανοὺς
1423 3355 1801 3426 ἁρπαζόμενος

213 3435 456 3505 αἴρεται,
487 3438 580 3489 καὶ
604 3437 681 3507 τῷ
707 3438 918 3508 βασιλεί
947 3444 1231 3513 παραστὰς
1259 3444 1368 3497 τῶν
1394 3443 1605 3498 αἰώνων
1631 3487 1645 3511 ,
1680 3448 1800 3500 στέ-

213 3542 378 3594 φεται
403 3528 499 3597 τῆς
525 3528 679 3597 νίκης
708 3531 768 3582 τὸ
802 3533 995 3599 στέφος
1038 3549 1050 3561 ·
1090 3536 1184 3586 καὶ
1232 3537 1286 3587 ἐν
1315 3536 1460 3605 αὐτῷ
1493 3538 1798 3592 καταπαύει

211 3619 396 3673 πάντα
420 3621 511 3672 τὸν
533 3621 733 3692 δρόμον
765 3625 950 3677 αὐτοῦ.

285 3717 406 3778 ιις-’.
437 3713 562 3775 Τοῖς
593 3718 648 3766 ἐν
669 3716 743 3783 τῷ
773 3717 950 3788 χρόνῳ
983 3717 1373 3789 τελειουμένας
1407 3722 1502 3789 τῆς
1542 3722 1794 3794 θεωρίας,

211 3801 310 3854 καὶ
335 3804 414 3864 είς
441 3805 568 3866 τοὺς
599 3805 1289 3877 στύλους-ὲπερειδομένοις
1322 3810 1415 3862 τοῦ
1446 3812 1788 3881 Πνεύματος,

211 3897 427 3965 κρατὴρ
457 3897 730 3966 κιρνᾶται,
765 3901 857 3950 καὶ
886 3900 1048 3969 ἄρτος
1074 3903 1139 3954 ὲκ
1175 3901 1457 3972 βασιλικῆς
1475 3905 1790 3973 προτίθεται

209 3984 552 4048 πανδαισίας,
593 3987 779 4057 θρόνος
811 3989 890 4052 εἰς
918 3991 1246 4057 ἀνάπαυσιν,
1302 3995 1395 4046 καὶ
1445 3997 1524 4058 εξς
1559 3996 1788 4053 πλοῦτον

207 4073 494 4145 ἀργύριον,
520 4078 613 4129 καὶ
640 4079 911 4150 θησαυρὸς
940 4085 1259 4154 μαργάρων,
1281 4087 1374 4139 καὶ
1405 4087 1566 4140 λίθων
1591 4091 1788 4160 τιμίων

206 4167 302 4218 ἐπὶ
327 4167 521 4238 θύραις
547 4172 886 4238 εὑρίσκεται,
945 4178 1038 4228 καὶ
1100 4177 1329 4243 πλοῦτος
1377 4181 1560 4244 αὐτοῖς
1600 4185 1789 4254 ἀναρί-

205 4259 418 4329 θμητος
457 4262 514 4314 ὲν
538 4266 694 4331 χερσὶ
720 4265 942 4320 δίδοται.
962 4267 1197 4331 Τούτους
1220 4270 1564 4340 διορατικοὺς
1587 4277 1787 4344 ἄνδρας

205 4353 238 4420 ὴ
292 4353 493 4421 πρᾶξις
539 4357 954 4422 ἀποτελέσασα,
1003 4362 1068 4414 ὲκ
1126 4366 1438 4432 ταχυτάτων
1481 4369 1560 4429 εἰς
1621 4369 1781 4440 ἔργα,

203 4440 437 4510 βασιλεῖ,
474 4447 564 4496 καὶ
595 4449 696 4500 οὐκ
737 4450 962 4520 ἀνδράσι
1003 4451 1229 4523 νωθροῖς
1286 4460 1621 4526 παρεστάναι
1678 4478 1785 4514 πα-

201 4535 552 4602 ρασκευάζει.
1796 4532 1839 4585 D

274 4625 380 4691 Ιιιξ⁸
425 4629 660 4696 Πότερον
704 4635 736 4700 ὴ
793 4631 1042 4700 βασιλεία
1099 4636 1206 4688 τῶν
1254 4638 1498 4707 οὐρανῶν
1533 4642 1781 4696 ἐντεῦθεν

199 4717 302 4787 ἥδη
327 4723 463 4773 πᾶσι
496 4723 696 4777 δίδοται
728 4728 840 4789 τοῖς
877 4727 1208 4791 σπουδαίοις,
1246 4730 1277 4798 ἢ
1311 4733 1451 4799 μετά
1498 4734 1596 4803 τὴν
1628 4737 1780 4791 λύσιν

200 4816 296 4867 τοῦ
339 4816 626 4886 σώματος;
656 4822 716 4873 El
753 4822 852 4891 μὲν
880 4819 973 4875 οὖν
1002 4825 1272 4887 ἐντεῦθεν,
1298 4825 1360 4877 τὸ
1397 4830 1543 4889 νῖκος
1573 4834 1778 4883 ἀκατα-

201 4908 468 4977 μάχητον,
495 4913 526 4980 ἡ
549 4913 692 4982 χαρά
715 4914 1100 4986 ἀνεκλάλητος,
1135 4918 1228 4970 καὶ
1254 4921 1285 4989 ἡ
1315 4920 1451 4990 πρὸς
1480 4921 1572 4973 τὸν
1599 4926 1777 4991 παράο

195 5000 374 5053 δεισον
405 5004 559 5071 ἡμῶν
593 5006 778 5070 ἄνοδος
812 5009 1097 5080 -ὲλευθέρα
1121 5029 1134 5042 ·
1172 5012 1389 5065 ἵσταται
1449 5014 1557 5082 γάρ
1619 5009 1775 5080 οὗτος

196 5090 339 5142 κατά
369 5091 518 5153 θείας
551 5095 769 5164 ἀμέσως
800 5098 1082 5160 ἀνατολάς.
1111 5101 1170 5152 Εἰ
1199 5102 1253 5154 δὲ
1284 5102 1419 5172 μετά
1452 5106 1658 5175 πότμον
1680 5110 1774 5162 καὶ

194 5179 368 5244 λύσιν,
419 5181 699 5252 ζητητέον,
734 5189 782 5239 εί
821 5189 989 5256 φόϐου
1027 5193 1258 5263 χωρὶςή
1318 5192 1496 5256 ἔξοδος
1534 5197 1766 5263 γίνεται,

194 5272 290 5323 καὶ
311 5272 365 5324 τί
385 5275 512 5324 ποτέ
536 5276 650 5326 ἐστι
676 5277 922 5343 βασιλεία
945 5281 1325 5347 οὗρανῶν,ῗκα“ι
1347 5283 1592 5351 βασιλεία
1611 5286 1768 5353 Θεοῦ,

192 5365 286 5417 καὶ
312 5367 637 5434 παράδεισος
667 5371 926 5440 μάθωμεν
952 5389 966 5403 ο
988 5376 1078 5426 καὶ
1109 5374 1162 5426 τί
1183 5375 1277 5428 τοῦ
1309 5378 1493 5446 ἐτέρου
1523 5378 1764 5448 διαφέρει

186 5447 246 5496 τὸ
270 5447 480 5515 ἕτερον.
511 5454 605 5504 καὶ
627 5453 708 5515 τίς
731 5456 758 5506 ό
788 5458 978 5524 χρόνος
1003 5458 1209 5528 τούτων
1233 5463 1487 5530 ἑκάστου,
1519 5469 1608 5520 καὶ
1640 5472 1687 5522 εί
1719 5473 1777 5524 ὲν

1879 3279 2190 3345 tyrannide,
2233 3280 2516 3351 quadrigis
2545 3293 2738 3353 raptus
2767 3285 2821 3339 in
2848 3285 3047 3341 calum
3080 3286 3351 3352 evehitur,
3392 3295 3450 3343 et

1876 3375 2065 3422 astans
2094 3371 2207 3438 regi
2245 3372 2592 3437 saeculorum,
2623 3385 2923 3430 coronatur
2945 3391 3149 3433 corona
3170 3378 3442 3444 victoria,

1876 3463 1927 3516 in
1961 3479 2136 3533 eoque
2167 3482 2194 3518 a
2229 3482 2395 3520 cursu
2427 3468 2706 3525 laborioso
2739 3471 3060 3540 requiescit.

1945 3723 2036 3778 96.
2109 3725 2174 3780 lis
2195 3725 2287 3792 qui
2316 3733 2559 3795 ternpnre
2578 3730 3063 3800 contemplationis
3082 3732 3442 3801 perficiuntur

1874 3825 1928 3870 et
1961 3816 2272 3870 innituntur
2302 3820 2576 3875 columnis
2619 3823 2858 3892 Spiritus
2885 3824 3087 3887 sancti,
3138 3824 3278 3878 calix
3341 3826 3443 3878 ηιμ

1872 3917 2075 3969 scetur,
2119 3919 2172 3962 et
2209 3911 2366 3976 panis
2396 3911 2626 3966 on‘ertur
2654 3913 2720 3966 de
2751 3915 2921 3982 regali
2968 3929 3180 3974 mensa.
3209 3915 3440 3970 thronus

1876 4001 1944 4054 ad
1978 4003 2430 4070 requiescendum
2459 4005 2827 4074 apponitur.et
2855 4006 2920 4060 ad
2952 4005 3326 4062 ditesccndum
3355 4022 3441 4062 ar-

1872 4091 2018 4158 genti
2043 4094 2570 4161 margaritarumque
2593 4105 2646 4149 et
2666 4095 2904 4165 lapidum
2930 4097 3216 4150 thesaurus
3237 4098 3289 4150 in
3314 4111 3439 4166 por-

1875 4183 1942 4236 tis
1971 4185 2239 4252 reperitur
2274 4187 2680 4256 innumera-que
2714 4188 2918 4243 divitiae
2962 4187 3018 4242 in
3049 4187 3298 4242 manibus
3324 4198 3437 4242 tra-

1873 4275 2095 4329 duntur.
2136 4274 2244 4332 Hos
2272 4286 2430 4334 antea
2481 4278 2547 4332 ad
2579 4279 2845 4345 agendum
2891 4280 3199 4350 praecipites
3252 4279 3432 4349 praxis

1871 4366 2245 4422 consideratos
2291 4369 2551 4433 eﬂiciens,
2587 4371 2666 4425 eis
2707 4373 2908 4441 regiam
2958 4375 3301 4442 gravitatem,
3326 4389 3430 4428 non

1870 4470 1998 4510 vero
2030 4458 2314 4525 pignorum
2339 4460 2640 4513 tarditatem
2669 4461 2779 4515 dat.

1940 4636 2024 4689 97.
2069 4638 2412 4692 leorttmne.
2438 4656 2660 4708 regnum
2682 4643 2794 4710 jam
2823 4660 2965 4698 nunc
2985 4647 3037 4698 in
3075 4654 3218 4699 terra
3251 4648 3430 4699 omni-

1867 4725 1968 4780 bus
1991 4728 2091 4794 piis
2112 4729 2294 4791 datur,
2322 4745 2388 4783 an
2412 4739 2620 4786 tantum
2648 4746 2768 4801 post
2792 4735 3120 4790 solutionem
3145 4738 3432 4805 corporis?

1868 4815 1924 4869 Si
1957 4818 2023 4868 ab
2056 4817 2138 4870 liis
2185 4820 2366 4884 terris,
2403 4836 2533 4888 ergo
2566 4823 2676 4892 jam
2723 4840 2866 4878 nunc
2901 4825 3128 4880 victoria
3161 4835 3246 4880 est
3278 4828 3427 4879 incxo

1868 4908 2191 4976 pugnabilis,
2244 4918 2296 4964 et
2363 4911 2621 4979 gaudium
2683 4915 3070 4980 inenarrabile,
3129 4926 3184 4972 et
3253 4919 3426 4972 libera

1865 4999 2114 5052 ascensio
2144 4999 2210 5052 ad
2249 5002 2558 5069 paradisum
2585 5016 2858 5069 nostrum,
2890 5006 2977 5060 hic
3008 5009 3153 5060 enim
3184 5010 3427 5076 aperitur

1862 5090 2043 5142 statim
2080 5104 2142 5144 ac
2171 5091 2388 5145 divinus
2438 5096 2518 5148 sol
2553 5097 2728 5149 oritur
2758 5099 2808 5150 iu
2845 5098 3024 5152 nobis.
3055 5098 3110 5152 Si
3144 5115 3273 5152 vero
3305 5112 3427 5169 post

1861 5186 2090 5232 mortem
2124 5187 2178 5233 et
2207 5183 2450 5250 corporis
2480 5184 2805 5239 solutionem
2831 5203 2846 5251 ;
2878 5188 3230 5251 quaerendum
3266 5191 3422 5244 nobis

1861 5277 1944 5323 est
1972 5283 2039 5322 an
2073 5271 2192 5323 sine
2226 5281 2370 5326 metu
2400 5274 2470 5327 sit
2499 5275 2678 5330 exitus
2703 5276 2825 5329 vita:
2855 5291 2918 5329 ac
2945 5277 3262 5331 discendmn
3291 5279 3420 5346 quid

1861 5359 1932 5412 sit
1961 5374 2181 5428 regnum
2209 5362 2465 5432 Dei,quid
2490 5380 2714 5433 regnum
2740 5366 3004 5421 cmlorum
3035 5377 3086 5421 et
3111 5369 3419 5437 paradisus.

1859 5448 1913 5503 in
1941 5465 2047 5518 quo
2069 5450 2280 5506 differat
2305 5470 2469 5508 unum
2498 5456 2566 5510 ab
2595 5459 2787 5522 altero,
2817 5461 3088 5526 quodnam
3119 5461 3188 5514 sit
3217 5461 3421 5512 utrius-

188 5540 299 5599 τοῖς
334 5540 669 5608 ἀμφοτέροις
713 5546 998 5614 γινόμεθα,
1030 5551 1291 5615 καὶπῶς,
1333 5555 1427 5607 καὶ
1477 5557 1627 5621 πότε,
1679 5563 1776 5614 καὶ

1897 5556 1961 5595 ue
1985 5551 2219 5612 tempus,
2239 5560 2306 5599 an
2333 5547 2383 5599 in
2411 5549 2675 5603 ambobus
2697 5550 3177 5620 situus,quomodo,
3200 5553 3416 5617 quando

191 5627 332 5695 μετὰ
358 5631 522 5681 πόσον
539 5633 748 5699 χρόνον.
787 5638 842 5685 '0
865 5638 972 5706 γάρ
994 5641 1125 5693 εἴσω
1147 5643 1244 5711 τῆς
1275 5646 1496 5718 πρώτης
1513 5651 1772 5719 γεγονὼς,

1895 5642 1906 5686 ι
1938 5644 2142 5702 quanto
2170 5645 2435 5706 tempore.
2475 5639 2577 5705 Qui
2613 5643 2756 5695 enim
2801 5644 2952 5708 prius
2983 5644 3202 5697 intravit
3235 5645 3413 5697 adhuc

190 5717 271 5772 ἔτι
305 5721 510 5790 περιὼν
561 5727 650 5777 καὶ
691 5730 786 5797 τὴν
815 5730 990 5799 σάρκα
1053 5734 1254 5803 φορῶν,
1297 5738 1405 5791 τῶν
1461 5741 1664 5812 ἑτέρων
1707 5748 1767 5800 οὐ

1895 5725 2042 5782 ivcns
2074 5739 2125 5782 et
2162 5744 2322 5785 carne
2347 5733 2592 5799 indutus,
2627 5734 2794 5791 altero
2820 5750 2925 5792 non
2967 5736 3342 5794 frnstrabitur.

188 5808 506 5884 διήμαρτεν.
