4190 6458
726 386 852 455 lOli
2037 385 2340 448 NICE’I‘IE

2331 388 2340 446 ἰ
2381 387 2727 450 PECTORA
2740 389 2816 450 TI
3840 399 3986 469 illi?

726 504 807 557 sis
837 516 932 555 eos
960 498 1275 554 absolvunt.
1330 495 1424 551 llis
1456 494 1714 550 omnibus
1774 504 1957 551 autem
2013 498 2296 567 proprium
2326 503 2374 563 Α

2328 503 2374 563 Δ
2402 516 2497 563 τος
2526 501 2793 568 γίγνεται.
2837 501 2990 556 Ἐκεῖ
3035 502 3144 570 γὰρ
3177 503 3254 558 ἔτι
3310 506 3419 558 τῶν
3463 507 3843 575 εἰσαγωγικῶν
3898 516 3983 573 εἰς

724 604 807 646 est
844 594 1046 657 dicere,
1078 591 1160 646 his
1191 590 1409 659 quidem
1448 607 1462 643 :
1494 587 1747 655 Benedic,
1773 604 2000 659 qumso;
2061 591 2169 646 illis
2196 607 2296 646 au—

2402 594 2627 661 ἀγῶνας
2681 592 2981 663 τελοῦντες,
3073 600 3166 651 καὶ
3222 597 3319 669 τὴν
3383 602 3570 653 στάσιν
3627 602 3862 671 ἔχοντες,
3914 606 3982 656 οὗ

723 695 830 738 tem
871 702 883 737 :
913 685 1093 739 Salvet
1121 693 1169 737 te
1201 682 1341 737 Deus
1370 683 1413 749 ιι

2402 687 2541 755 πρὸς
2575 687 2745 755 μόνας
2788 690 2883 752 τὰς
2914 690 3023 743 τῶν
3080 691 3269 744 παθῶν
3329 693 3631 761 ἐνεργείας,
3698 697 3835 749 ἀλλὰ
3886 700 3983 750 καὶ

723 779 859 848 πρὸς
905 778 1003 838 τὰς
1031 774 1128 830 τοῦ
1180 776 1271 829 νοῦ
1333 776 1659 848 φαντασίας,
1703 775 1801 831 καὶ
1861 777 1996 850 πρὸς
2053 778 2120 830 τὰ
2174 777 2285 830 τῶν
2354 780 2615 848 πονηρῶν
2679 781 2980 851 ἰνδάλματα
3028 782 3312 854 λογισμῶν
3367 787 3806 858 ἀπερικά).υπτοι
3878 792 3981 854 τὰς

723 873 970 939 κεφαλὰς
1045 872 1329 942 ὲρχὸμενοι
1408 870 1650 924 κ).ινοῦσι
1733 875 1939 934 ταύτας
2006 871 2117 925 τῶν
2170 872 2481 942 εἰρημένων
2572 874 2835 945 Πατέρων
2908 876 3163 929 ἐνώπιον·
3240 875 3401 932 τοῦτο
3458 878 3577 947 μὲν,

717 968 915 1028 αὐτους
980 964 1240 1017 δούλωσιν
1305 966 1401 1019 καὶ
1461 965 1791 1019 ταπείνωσιν
1843 965 2278 1035 ἐνδεικνύμενοι,
2353 967 2513 1021 τοῦτο
2540 967 2597 1021 δὲ
2644 969 2739 1022 καὶ
2790 969 2888 1041 τὴν
2954 970 3086 1040 παρ’
3117 972 3346 1025 ἐκείνων
3392 974 3650 1041 εὐλογίαν
3692 977 3973 1043 τυπούμε-

717 1075 796 1111 νοι
867 1056 960 1111 καὶ
992 1056 1326 1125 αἰτούμενοι.
1382 1058 1443 1108 Οἱ
1479 1056 1534 1110 δὲ
1600 1056 1788 1127 πρῶτα
1856 1057 1957 1127 μὲν
2000 1056 2218 1127 σταυρῷ
2245 1058 2349 1120 τὰς
2378 1059 2587 1112 τούτων
2640 1060 3105 1131 ἑπισφριγίζουσι
3156 1065 3424 1134 κεφαλὰςο
3457 1063 3575 1121 εἷται
3625 1069 3725 1130 13¢;
3786 1069 3967 1133 δεξιὰς

718 1156 909 1223 χεῖρας
964 1154 1082 1215 ταῖς
1113 1153 1312 1220 κὰραες
1364 1152 1701 1215 ἐπιτιθέντες
1730 1152 1933 1223 αὐτῶν,
1970 1155 2060 1206 καὶ
2089 1152 2208 1222 ἅμα
2232 1154 2330 1217 τὰς
2361 1154 2707 1219 ὲπιτεθεὶσας
2754 1158 2804 1209 οἱ
2842 1156 3024 1221 θέντες
3086 1159 3440 1230 ἀπωσάμενοι
3493 1166 3683 1235 χεῖρας
3734 1167 3971 1235 Exeo/ﬁ-

722 1267 872 1315 μενοι
924 1248 1120 1309 αὐτοὺς
1152 1246 1501 1299 ἀπολύουσιν.
1554 1246 1716 1299 Ἰδιον
1737 1247 1791 1300 δὲ
1826 1250 2037 1310 τούτοις
2077 1249 2246 1301 πᾶσίν
2278 1250 2397 1301 ἐστι
2427 1250 2487 1301 τὸ
2514 1250 2629 1313 τοῖς
2662 1250 2785 1319 μὲν,
2848 1252 3158 1325 Εὐλόγητον
3205 1253 3456 1328 εὔχομαι,
3488 1258 3692 1329 λέγειν,
3748 1268 3860 1325 τοῖς
3888 1266 3970 1329 δὲ.

3652 882 3752 950 τὴν
3836 882 3974 950 πρὸς

721 1346 899 1400 litbus:
933 1363 990 1399 σε
1018 1349 1045 1399 ὁ
1073 1345 1225 1407 Θεὸς.

753 1582 3377 1611 mm

2199 1819 2486 1881 INCIPIT

1468 1997 2417 2115 CUJ‘USDAH
2488 1987 3196 2113 πιπτει

1590 2226 1970 2270 PRESBYTERI
2010 2228 2087 2269 ΒΤ
2121 2227 2404 2271 ΠΟΝΔΩΗΙ
2448 2226 2830 2273 ἊΟΝΔΕΤΕᾺΠ
2876 2225 3085 2269 ετυυιι

1007 2389 1667 2507 LIBELLUS
1750 2390 2319 2507 CONTRA
2426 2388 3029 2509 LATINOS
3109 2388 3625 2509 EDITUS

1240 2612 1320 2673 Et
1352 2611 1427 2673 ab
1454 2613 1893 2690 apocrisiartis
1927 2608 2285 2689 apostolica
2313 2612 2474 2676 sedis
2504 2610 3055 2688 Constantinopoli
3079 2622 3359 2689 repertus

792 3014 827 3066 l.
860 3010 1041 3066 Nieeta
1074 3009 1355 3079 presbyter
1384 3016 1438 3063 et
1472 3008 1766 3062 monachus
1804 3006 2111 3060 monasterii
2146 3003 2274 3060 Stu-
2306 3010 2348 3067 lt
2378 3003 2528 3057 nobis
2572 3012 2656 3056 est
2690 3000 3196 3057 consubstantialis?
3236 3001 3386 3056 Alter
3423 3010 3602 3056 autem
3639 3002 3818 3057 nullus
3850 3015 3928 3060 est

721 3102 948 3165 diorum,
984 3099 1071 3167 qui
1104 3097 1461 3167 prmnomiuor
1490 3095 1803 3150 Pectoratus
1842 3111 1853 3144 :
1899 3093 2177 3157 Romanis,
2214 3094 2280 3148 de

719 3191 922 3261 azymis
963 3197 1018 3242 et
1043 3188 1387 3243 sabbatorum
1429 3186 1671 3258 jejuniis,
1714 3196 1767 3239 et
1799 3186 1995 3253 nuptiis
2031 3185 2281 3239 sacerdo-

720 3291 848 3335 tum.
876 3281 1017 3334 Bona
1042 3289 1125 3334 est
1153 3280 1369 3334 dilectio
1395 3278 1459 3332 ad
1484 3279 1804 3348 proximum,
1832 3293 1863 3331 ο
1884 3277 2121 3331 omnium
2152 3290 2278 3347 gen-

718 3371 847 3424 tium
876 3369 1252 3439 sapientissimi
1288 3378 1342 3421 et
1384 3368 1697 3422 nobilissimi
1741 3366 1988 3420 Romani.
2020 3366 2099 3420 Ex
2128 3366 2278 3420 habi-

718 3461 899 3514 tudine
929 3460 1071 3513 enim
1111 3458 1411 3511 dilectionis
1439 3458 1502 3510 ad
1536 3458 1860 3527 proximum,
1903 3466 1957 3511 et
2006 3458 2278 3511 humilitas

714 3548 948 3603 abundat
974 3548 1040 3601 ad
1067 3562 1186 3602 eum
1218 3548 1306 3615 qui
1340 3548 1498 3600 habet
1526 3547 1688 3599 illam.
1724 3546 1837 3616 Ipsa
1877 3554 2057 3601 autem
2101 3546 2270 3599 abun-

715 3637 845 3690 dans
891 3634 1050 3689 ellicit
1098 3636 1410 3704 participem
1456 3633 1535 3687 sui
1574 3635 1753 3687 omnia
1802 3634 2043 3702 diligere.
2096 3634 2272 3685 omnia

712 3724 998 3787 sustinere,
1044 3732 1102 3776 ut
1142 3723 1217 3776 ait
1259 3722 1473 3776 divinus
1506 3721 1809 3791 Apostolus,
1855 3733 1909 3775 et
1956 3737 2059 3773 non
2103 3720 2273 3773 inflari

714 3816 971 3869 adversus
1001 3815 1304 3883 proximum
1338 3830 1492 3868 suum
1533 3814 1838 3882 aliquando,
1868 3828 2039 3881 neque
2065 3828 2125 3866 ea
2156 3828 2274 3881 qua:

711 3905 879 3974 ipsius
906 3904 1072 3959 solius
1103 3913 1226 3957 sunt
1256 3919 1516 3972 qumrere,
1546 3911 1635 3955 aut
1660 3903 1831 3956 zelum
1860 3902 2059 3955 habere
2082 3902 2271 3953 adver-

711 4008 803 4047 sus
838 4007 959 4045 eum
1002 4001 1056 4045 et
1100 3991 1499 4044 altercationem
1546 4000 1599 4043 et
1631 3989 2042 4043 tetnulationem.
2082 3988 2269 4041 Omnia

710 4083 851 4135 enim
881 4082 993 4134 hzec
1020 4080 1355 4135 dilectionem
1380 4087 1775 4148 persequuntur
1807 4088 1859 4132 et
1887 4078 2267 4140 humilitatem,

709 4180 765 4225 et
802 4170 1002 4224 faciunt
1032 4169 1300 4223 hominem
1328 4184 1430 4222 non
1460 4168 1748 4222 secundum
1779 4167 1939 4221 Deum
1976 4168 2266 4231 ambulare,

710 4259 801 4312 sed
841 4256 1132 4312 secundum
1179 4257 1451 4311 hominum
1507 4256 1736 4310 libitum.
1784 4256 1936 4322 Quod
1981 4266 2037 4309 et
2076 4256 2271 4311 Paulus

2379 3093 3195 3164 nobisconsubstantialispanis,
3215 3094 3307 3147 sed
3331 3109 3525 3163 corpus
3546 3095 3767 3161 Christi,
3793 3099 3929 3166 quad

2378 3188 2660 3243 consimile
2699 3188 2852 3243 nobis
2887 3197 2970 3242 est
3002 3189 3293 3243 secundum
3324 3203 3539 3242 carnem
3585 3190 3935 3245 humanitatis

2377 3278 2563 3347 ipsius.
2595 3277 2650 3331 Si
2681 3287 2857 3332 autem
2888 3278 3121 3331 animata
3144 3286 3225 3332 est
3249 3287 3445 3332 nostra:
3471 3293 3659 3331 massa:
3686 3282 3933 3333 substan-

2379 3369 2450 3421 tia
2484 3383 2587 3436 qua
2623 3368 2855 3422 Verbum
2891 3369 3059 3421 induit
3100 3384 3177 3433 se,
3212 3383 3338 3435 ergo
3376 3384 3480 3421 non
3518 3370 3932 3423 substantialem

2377 3456 2530 3509 nobis
2570 3471 2760 3525 panem
2799 3457 3100 3519 comeditis,
3134 3458 3256 3524 quia
3294 3472 3599 3527 azymorum
3641 3461 3930 3528 participa-

2376 3546 2523 3598 mini.
2552 3545 2752 3614 Azynta
2784 3546 2923 3599 enim
2956 3545 3243 3598 inauimala
3270 3554 3410 3609 sunt,
3444 3547 3579 3599 sicut
3603 3548 3718 3614 ipsa
3754 3564 3930 3602 rerum

2375 3644 2565 3688 natura
2594 3634 2830 3688 declarat
2864 3644 3024 3702 atque
3049 3634 3297 3703 liquidius
3324 3635 3533 3687 edocet.
3566 3636 3931 3688 Intermistnm

2372 3725 2511 3777 enim
2559 3724 2823 3777 modicum
2870 3724 3185 3777 fermentum
3229 3725 3280 3776 in
3332 3724 3504 3776 farina
3552 3735 3605 3777 et
3646 3728 3930 3779 ςοιιιιιιίμιτι

2374 3814 2496 3875 sibi,
2526 3811 2637 3881 ipsa
2668 3827 2828 3865 unam
2864 3810 3022 3865 cllieit
3058 3813 3286 3880 seipsam
3326 3822 3543 3880 propter
3580 3813 3927 3879 fermentum,

2373 3902 2578 3954 viviliea
2617 3900 2846 3969 quadam
2892 3903 3109 3965 virtute,
3149 3910 3203 3954 et
3244 3901 3493 3955 calefacit
3537 3918 3680 3965 eam,
3722 3915 3773 3956 et
3823 3918 3927 3957 tam

2374 3992 2621 4046 mobilem
2658 4008 2817 4060 quam
2850 3992 3023 4045 vivam
3045 4000 3317 4060 operatur.
3352 3992 3503 4059 Quod
3526 3994 3575 4046 in
3603 4010 3795 4063 azymo
3824 3998 3926 4049 fer-

2372 4093 2550 4138 mento
2589 4082 3004 4147 Pharisaeorum,
3036 4083 3177 4151 quod
3226 4083 3461 4152 effugere
3496 4100 3593 4139 nos
3626 4100 3808 4140 sermo
3836 4089 3926 4138 atl-

2372 4182 2571 4234 monet,
2616 4186 2790 4241 neque
2835 4173 3079 4225 elfectum
3136 4181 3219 4226 est
3261 4173 3567 4241 aliquando,
3615 4191 3791 4243 neque
3839 4178 3924 4229 lict

2370 4263 2606 4316 omnino.
2652 4260 2853 4315 Divinte
2895 4264 3037 4316 enim
3078 4262 3251 4316 effecti
3291 4279 3475 4316 sumus
3510 4266 3801 4333 participes
3833 4286 3924 4321 na-

709 4348 903 4417 arguit,
928 4349 1109 4401 dicens
1135 4360 1149 4399 :
1187 4364 1204 4396 ι
1238 4347 1369 4401 Cum
1400 4347 1469 4399 sit
1500 4348 1639 4399 inter
1664 4361 1756 4400 vos
1786 4346 1931 4399 zelus
1961 4356 2012 4399 et
2039 4354 2264 4399 coutcn-
2292 4336 2336 4397 C
2370 4360 2519 4412 tum,
2548 4350 2697 4418 cujus
2718 4360 2771 4403 et
2801 4350 3187 4418 participamnr
3212 4352 3471 4419 quotidie,
3500 4353 3590 4419 qui
3620 4358 3919 4407 communi-

711 4439 783 4490 lio
809 4447 862 4489 et
890 4436 1177 4499 discordia,
1222 4450 1398 4489 nonne
1425 4437 1667 4488 carnales
1710 4435 1864 4498 estis,
1895 4444 1948 4488 et
1974 4436 2265 4489 secundum

712 4527 978 4580 hominem
1030 4525 1372 4581 ambulatis?
1422 4544 1440 4577 ι
1510 4525 1559 4593 (1
1615 4524 1736 4578 Cor.
1794 4541 1874 4587 ιιι,
1937 4525 2266 4595 3)Propter

709 4616 847 4685 quod
871 4631 997 4684 rogo
1023 4625 1253 4669 vestram
1279 4616 1615 4680 eharitatcm,
1640 4616 1903 4669 humiliari
1930 4631 2021 4671 vos
2050 4629 2265 4685 propter

712 4703 801 4756 Dei
836 4713 1178 4773 prmceptum,
1220 4713 1275 4757 et
1313 4704 1499 4758 audire
1539 4720 1568 4758 a
1614 4704 1767 4758 nobis
1810 4705 2043 4774 indignis
2077 4714 2131 4759 et
2166 4707 2264 4759 nti-

708 4794 886 4849 nimis.

778 4884 836 4936 Il.
877 4882 1227 4952 Reqmrentes
1253 4886 1393 4938 enim
1424 4886 1490 4938 ab
1521 4885 1623 4938 illis
1658 4885 1748 4953 qui
1779 4900 1844 4939 ex
1881 4886 2107 4939 diversis
2147 4900 2263 4954 pro-

707 4974 893 5026 vinciis
934 4973 1295 5028 Romanorum
1337 4975 1744 5042 peregrinantur
1792 4975 1879 5028 hic
1922 4977 1987 5028 de
2034 4976 2259 5044 azymis,

2371 4446 2533 4491 tatem
2565 4438 2824 4492 habemus
2862 4454 2981 4492 cum
3019 4439 3254 4503 Christo,
3294 4441 3428 4493 sicut
3470 4442 3597 4495 dicit
3635 4454 3690 4496 et
3731 4444 3920 4499 Petrus

2366 4538 2550 4582 vertex
2602 4546 2619 4581 :
2675 4547 2694 4580 ‹
2746 4528 2927 4583 Gratia
2977 4531 3127 4583 vobis
3178 4540 3231 4584 et
3273 4546 3376 4597 pax
3432 4532 3818 4598 multiplicetur
3868 4538 3919 4588 in

2364 4617 2663 4685 enguilione
2694 4618 2806 4679 Dei,
2827 4616 3025 4671 etJesu
3056 4619 3261 4673 Domini
3286 4622 3451 4673 nostri
3481 4621 3532 4688 (Ι
3560 4620 3705 4675 Petr.
3732 4639 3767 4686 I,
3790 4626 3866 4691 2).
3898 4644 3913 4674 ›

2366 4706 2428 4759 Et
2459 4716 2577 4775 post
2612 4722 2778 4775 pauca
2816 4724 2829 4760 :
2885 4724 2904 4757 ι
2957 4706 3026 4760 Ut
3075 4723 3170 4775 per
3211 4721 3329 4761 eam
3374 4708 3682 4763 eﬂiciamini
3727 4714 3919 4769 divina:

2362 4796 2649 4864 participes
2675 4804 2877 4848 naturae
2906 4794 2987 4863 (II
3027 4793 3165 4847 l’etr.
3199 4810 3237 4859 ι,
3269 4796 3348 4863 4),
3394 4816 3412 4849 ι
3446 4812 3551 4850 non
3588 4810 3770 4853 autem
3812 4803 3921 4855 fer-

2363 4896 2542 4939 mento
2593 4887 2763 4955 azymi
2817 4886 3217 4939 interfectorum
3277 4887 3388 4940 Dei.
3446 4887 3686 4941 Divinam
3740 4904 3916 4945 autem

2362 4986 2631 5041 naturam,
2673 4976 2914 5043 quisquis
2955 4974 3177 5027 rationis
3214 4982 3297 5027 est
3327 4975 3597 5040 dotniuus,
3635 4979 3779 5032 dicet
3818 4983 3916 5034 ali-

2360 5067 2573 5136 quando
2636 5080 2878 5135 azymum
2928 5072 2981 5118 et
3026 5074 3290 5118 mortuum
3335 5066 3656 5121 fermentum
3710 5068 3917 5122 Iud-.m-

2360 5172 2499 5218 rum,
2535 5155 2675 5223 quod
2716 5156 2769 5206 in
2820 5152 3083 5207 sacrificio
3131 5168 3228 5207 vos
3270 5153 3379 5207 Deo
3419 5154 3644 5219 offertis,
3680 5160 3823 5226 quod
3863 5162 3913 5212 in

2359 5244 2526 5313 ﬁgura
2556 5258 2692 5296 verae
2720 5251 2772 5296 et
2802 5243 2932 5295 viva:
2963 5243 3142 5295 carnis
3178 5242 3387 5296 Domini
3422 5244 3736 5299 comeditis?
3765 5246 3909 5311 Quo-

2358 5333 2515 5387 modo
2539 5333 2792 5384 unitatem
2819 5330 3081 5384 habebitis
3108 5344 3229 5383 cum
3260 5329 3497 5391 Christo,
3529 5332 3741 5384 vivente
3786 5335 3909 5392 Deo,

2358 5430 2643 5485 mortuum,
2676 5429 2748 5473 ut'
2766 5422 2963 5473 dictum
2998 5430 3097 5482 est,
3129 5430 3181 5474 et
3216 5421 3647 5475 infermeutatum
3678 5422 3911 5476 fermen-

2358 5521 2467 5565 tum
2515 5514 2873 5576 comedentes,
2921 5513 3318 5581 Iegis,umbr:e,
3371 5527 3475 5565 non
3534 5510 3666 5566 Novi
3724 5511 3911 5563 Testa-

2358 5607 2557 5661 menti?
2581 5606 2636 5660 Si
2666 5607 2805 5661 enim
2836 5615 2885 5659 et
2924 5607 3025 5660 hoc
3058 5604 3321 5669 dixeritis,
3353 5604 3445 5658 sed
3477 5620 3581 5657 non
3619 5605 3698 5659 sic
3726 5619 3785 5659 se
3816 5605 3906 5657 ha-

706 5062 832 5129 quid
861 5062 1095 5117 dicemus
1138 5064 1203 5117 de
1242 5064 1323 5117 his
1364 5064 1416 5115 in
1464 5063 1746 5117 dilectione
1787 5061 1985 5117 Christi
2028 5064 2094 5117 ad
2136 5064 2261 5117 vos?

705 5151 803 5215 Qui
839 5165 1148 5220 azymorum
1185 5154 1358 5207 adhuc
1391 5154 1733 5222 participant,
1774 5155 1873 5207 sub
1906 5155 2093 5207 umbra
2128 5154 2259 5223 legis

704 5250 848 5305 sunt,
886 5252 938 5296 et
967 5242 1307 5296 Hebraeorum
1336 5258 1572 5296 thensam
1608 5243 1916 5307 comedunt,
1947 5258 2050 5296 non
2080 5251 2255 5297 autem

707 5333 1017 5385 rationalem
1059 5343 1113 5387 et
1160 5334 1331 5386 vivam
1388 5334 1479 5388 Dei
1534 5350 1794 5398 mensam,
1848 5346 1902 5388 et
1963 5336 2118 5388 nobis
2164 5334 2256 5401 qui

705 5426 1023 5477 credidimus
1067 5425 1649 5494 supersubstantialem,
1679 5426 2127 5493 quemadmodum
2162 5438 2256 5477 su-

705 5516 881 5583 perius
911 5517 1120 5584 exigere
1158 5516 1719 5584 supersubstantialem
1759 5515 1898 5569 docti
1937 5530 2120 5567 sumus
2159 5530 2254 5582 pa-

708 5620 845 5660 nem.
894 5607 1030 5673 Quid
1071 5608 1210 5659 enim
1257 5616 1338 5663 est
1379 5606 1926 5675 supersubstautialis,
1979 5606 2079 5661 nisi
2128 5606 2250 5673 quia
