4190 6458
257 434 392 500 1013

261 562 373 615 bet.
417 553 593 624 lnqnit
637 552 776 605 enim
817 548 1040 603 dilectus
1073 546 1271 602 Christi
1306 545 1599 613 discipulus
1642 561 1652 597 :

283 647 563 703 lixerimus
586 642 708 710 quia
739 638 1178 693 communitatem
1210 635 1470 689 habemus
1511 649 1630 687 cum
1664 648 1745 693 eo.
1780 642 1832 686 et

287 756 319 792 ιι
353 735 589 793 tenebris
623 730 978 791 ambulamus,
1020 726 1328 785 mentimur,
1369 734 1423 778 et
1462 738 1565 778 non
1608 723 1833 777 facimus

273 830 570 881 veritatem.
605 822 662 876 Si
684 830 862 875 autem
891 819 941 872 in
970 818 1168 871 lumine
1193 815 1531 869 ambulamus
1556 814 1692 868 sicut
1719 814 1833 881 ipse

264 928 350 972 est
384 918 435 970 in
466 913 685 975 lumine,
714 908 1155 965 communitatem
1185 907 1446 961 habemus
1477 907 1542 960 ad
1582 905 1831 969 invicem,

263 1019 319 1063 et
356 1007 571 1073 sanguis
602 1002 728 1057 Jesu
764 998 963 1054 Christi
1001 998 1251 1065 purilicat
1283 1012 1378 1050 nos
1416 997 1482 1049 ab
1520 996 1665 1049 omni
1708 1010 1834 1064 pec-

263 1106 388 1151 cato
418 1095 464 1161 (1
487 1093 646 1145 Joan.
678 1108 712 1155 ι,
747 1090 798 1152 6,
831 1088 904 1155 7).
938 1105 957 1138 ι
997 1087 1095 1153 Qui
1126 1101 1254 1156 ergo
1284 1100 1470 1157 azyma
1501 1086 1753 1147 comedit,
1783 1086 1832 1137 in

265 1187 504 1241 tenebris
546 1183 676 1251 legis
716 1178 968 1232 ambulat.
1009 1178 1075 1230 Et
1116 1176 1384 1244 quomodo
1414 1174 1567 1246 [non]
1616 1173 1833 1227 habebit

264 1280 577 1333 societatem
609 1288 727 1326 cum
764 1270 1001 1331 Christo,
1031 1270 1120 1337 qui
1148 1277 1231 1321 est
1263 1268 1315 1321 in
1350 1267 1549 1319 lumine
1580 1266 1711 1318 Novi
1750 1265 1831 1318 sui

264 1365 597 1423 Testamenti
627 1372 679 1417 et
710 1362 932 1432 gratiae?
961 1360 1092 1413 Nam
1131 1359 1219 1428 qui
1246 1359 1297 1411 in
1329 1358 1529 1411 lumine
1555 1356 1834 1410 ambulant

266 1460 475 1529 gratim,
510 1469 700 1523 panem
744 1451 1025 1505 comedunt
1054 1451 1143 1517 qui
1178 1457 1259 1502 est
1285 1462 1479 1515 corpus
1510 1446 1707 1499 Christi
1734 1485 1749 1508 ,
1780 1452 1835 1499 et

266 1547 457 1600 bibunt
486 1542 794 1609 sanguinem
828 1537 1227 1591 immaculatum
1264 1536 1398 1604 ejus,
1430 1544 1484 1588 et
1520 1535 1591 1587 ita
1633 1534 1834 1587 habent

267 1636 332 1688 ad
374 1633 623 1693 invicem,
671 1640 723 1684 et
768 1644 887 1681 ctnn
927 1626 1144 1680 Christo
1174 1626 1506 1687 societatem,
1541 1623 1833 1692 purificati,

266 1726 407 1779 sicut
443 1723 641 1776 dictum
678 1728 779 1779 cst,
823 1718 886 1771 ab
924 1717 1067 1769 onmi
1111 1716 1544 1784 inquinamento.
1571 1717 1832 1786 Azymum

268 1824 449 1868 autem
481 1827 583 1865 non
611 1819 691 1863 est
716 1809 886 1877 panis.
913 1807 1093 1874 Neque
1116 1808 1256 1858 enim
1284 1806 1631 1873 compositus,
1663 1819 1833 1872 neque

1538 429 1834 490 CONTRA
1879 424 2216 492 LATINOS.

3364 425 3499 490 1014

1704 564 1724 597 ι
1768 542 1825 597 Si
1859 547 1899 603 Α
1930 560 2027 599 nos
2055 556 2107 601 et
2145 546 2420 601 immolato
2449 546 2665 600 Christo
2703 544 3047 614 incorporati,
3083 554 3138 599 et
3180 548 3328 599 velut
3369 561 3500 599 caro

1934 635 2068 703 ejus,
2110 636 2248 689 sicut
2277 636 2534 705 scriptum
2567 643 2665 688 est.
2700 632 2755 687 Si
2797 643 2974 686 autem
3008 632 3074 685 ad
3112 633 3405 687 increatam
3448 641 3503 685 et

1934 727 2307 795 incorpoream
2356 738 2601 780 naturam
2642 735 2839 779 sanctm
2881 724 3163 779 Trinitatis
3207 726 3500 791 assumitis,

1934 817 2127 870 erratis
2178 817 2430 870 cadentes
2483 817 2534 869 in
2583 815 2831 868 ineresim
2881 828 3065 868 eorum
3111 815 3201 884 qui
3255 825 3503 870 asserunt

1936 904 2101 977 Deum
2128 920 2364 971 passum.
2396 904 2482 971 qui
2508 903 2688 955 dicunt
2710 916 3048 970 compassum
3076 902 3304 956 Verbum
3328 905 3499 967 carni,

1935 1004 1988 1048 et
2022 999 2263 1049 eamdem
2303 996 2470 1063 ipsam
2519 994 2771 1047 deitatem
2813 992 3130 1047 sustinuisse
3171 995 3498 1062 passionem.

1933 1081 2049 1136 Non
2090 1085 2229 1137 enim
2263 1084 2467 1152 pariter
2508 1082 2742 1136 Trinitas
2784 1082 3063 1137 incarnata
3103 1090 3206 1146 est,
3248 1082 3409 1135 Pater
3451 1090 3505 1135 et

1936 1171 2101 1225 Filius
2147 1180 2201 1223 et
2247 1171 2482 1239 Spiritus
2530 1181 2766 1236 sanctus,
2807 1179 2862 1224 ut
2903 1169 3303 1237 conspiciantur
3347 1172 3398 1223 in
3439 1184 3504 1223 ea

1936 1263 2050 1314 haec
2082 1261 2202 1323 tria,
2236 1275 2372 1325 aqua
2403 1270 2461 1314 ut
2496 1260 2714 1322 dicitur,
2754 1260 2923 1314 farina
2959 1268 3013 1313 et
3055 1260 3211 1328 ignis,
3260 1268 3309 1312 et
3352 1271 3409 1313 ut
3450 1262 3503 1315 in

1936 1350 2101 1419 figura
2132 1351 2297 1418 ipsius
2329 1348 2541 1403 faciatis
2567 1364 2813 1419 azymum
2851 1358 2904 1403 et
2940 1350 3265 1403 sacrificium
3309 1349 3503 1404 offera-

1937 1439 2003 1493 tis
2030 1457 2041 1489 :
2074 1439 2167 1492 sed
2196 1454 2331 1492 unus
2358 1453 2421 1492 ex
2451 1439 2717 1492 Trinitate
2738 1439 2928 1501 Filius,
2955 1450 3008 1493 et
3038 1441 3269 1494 Verbum
3302 1442 3392 1495 Dei
3426 1444 3505 1496 in-

1934 1538 2211 1582 carnatum
2227 1536 2329 1592 est,
2349 1541 2415 1580 ex
2437 1528 2972 1583 castissimissanctaa
2995 1529 3227 1599 Virginis
3243 1533 3500 1586 carnibus

1934 1618 2095 1671 homo
2117 1617 2363 1677 effectus;
2395 1626 2448 1671 et
2471 1619 2647 1672 omnia
2674 1618 3032 1673 ordinatiOnis
3061 1634 3170 1672 sum
3199 1622 3503 1689 perliciens,

1934 1707 2226 1762 cruciﬁxus
2269 1715 2352 1759 est
2396 1720 2581 1769 carne,
2630 1722 2734 1760 non
2787 1722 2940 1777 passa
2994 1708 3272 1763 divinitate
3316 1710 3505 1778 ipsius.

1934 1798 2109 1854 Carne
2156 1799 2323 1868 igitur
2363 1800 2680 1863 crucifixus,
2732 1800 2953 1855 tradidit
2998 1801 3152 1853 nobis
3204 1802 3363 1856 edere
3412 1817 3508 1871 per

269 1915 365 1968 per
393 1896 929 1966 seipsumperfectns
947 1897 1159 1958 est,sed
1191 1894 1430 1962 indigens
1459 1894 1834 1963 semiquepcr-
1866 1882 1908 1939 Β
1936 1904 2127 1958 panem
2166 1904 2384 1942 carnem
2434 1904 2604 1952 suam.
2652 1904 2813 1957 quam
2858 1888 2911 1943 in
2958 1889 3161 1959 Spil'ilu
3200 1902 3388 1947 sancto
3436 1894 3506 1947 ila

269 1988 461 2050 fectus,
501 1987 744 2055 indigens
778 1985 1105 2054 plenitudine
1143 1982 1410 2036 fermenti.
1459 1983 1620 2036 Panis
1654 1994 1831 2037 autem

270 2078 617 2148 compositus,
654 2092 749 2145 per
789 2076 1021 2142 seipsum
1054 2072 1325 2143 perfectus
1370 2083 1452 2125 est
1489 2084 1544 2126 et
1580 2073 1830 2142 plenissi-

270 2183 413 2231 mas,
450 2167 589 2220 sicut
624 2164 714 2219 ille
748 2164 839 2233 qui
882 2172 1051 2216 totum
1102 2162 1262 2216 habet
1300 2161 1353 2214 in
1391 2161 1567 2231 seipse
1597 2160 1833 2231 plenitu-

268 2257 433 2308 diuis.

339 2345 422 2398 lll.
465 2342 887 2397 Animadvertite
934 2348 988 2395 et
1042 2340 1302 2394 attendite
1345 2340 1469 2409 quia
1520 2340 1572 2394 in
1626 2340 1834 2410 azymis

269 2437 413 2490 nulla
450 2446 531 2489 est
557 2435 740 2487 vivens
768 2433 956 2496 virtus,
985 2441 1192 2486 mortua
1227 2432 1369 2486 enim
1411 2441 1565 2497 sunt;
1605 2431 1658 2485 in
1697 2445 1835 2501 pane

271 2537 475 2588 autem,
502 2525 603 2577 hoc
639 2531 742 2584 est,
773 2534 999 2590 corpore
1054 2518 1279 2586 Christi,
1314 2521 1416 2573 tria
1450 2530 1575 2576 sunt
1602 2520 1833 2577 viventia

271 2626 321 2668 et
372 2617 537 2666 vitam
579 2613 871 2682 praebentia
922 2612 1001 2665 eis
1042 2611 1132 2680 qui
1183 2625 1245 2677 ea
1291 2612 1449 2681 digne
1489 2612 1777 2666 comedunt
1816 2628 1830 2666 :

273 2705 528 2773 Spiritus,
578 2717 715 2771 aqua
766 2710 819 2756 et
853 2702 1093 2771 sanguis,
1133 2714 1230 2754 ceu
1267 2710 1321 2754 et
1360 2702 1491 2769 ipse,
1535 2701 1627 2770 qui
1674 2716 1835 2770 super

272 2804 460 2864 pectus
488 2793 686 2846 Christi
721 2792 772 2845 in
800 2805 953 2845 coena
990 2791 1256 2853 recubuit,
1285 2788 1520 2845 Joannes
1542 2792 1836 2845 contestifi-

270 2894 428 2934 catur
471 2881 521 2934 in
568 2895 633 2934 eo
677 2881 886 2933 verbo:
940 2896 957 2929 ι
996 2875 1130 2932 Tres
1174 2888 1298 2932 sunt
1337 2879 1428 2948 qui
1471 2880 1834 2933 testimonium

272 2973 421 3035 dant,
457 2968 705 3038 Spiritus,
746 2981 883 3034 aqua
924 2976 977 3020 et
1012 2966 1250 3035 sanguis,
1298 2974 1352 3019 et
1389 2966 1440 3019 hi
1486 2976 1596 3021 tres
1630 2968 1684 3020 in
1729 2981 1836 3021 uno

270 3067 397 3113 sunt
425 3056 477 3128 (1
507 3056 666 3110 Joan.
696 3071 751 3120 v,
787 3057 865 3125 8),
915 3074 933 3107 ι
978 3055 1226 3109 videlicet
1266 3054 1318 3109 in
1352 3070 1578 3124 corpore
1612 3055 1831 3110 Christi.

272 3149 424 3214 Quod
468 3158 521 3201 et
565 3147 855 3201 secundum
901 3155 1108 3212 tempus
1144 3144 1436 3199 Dominicae
1470 3145 1836 3202 cruciﬁxionis

1938 1982 2110 2034 vivam
2156 1981 2384 2035 dicimus
2428 1995 2442 2032 :
2493 1997 2513 2030 «
2560 1979 2799 2048 Accipite
2847 1989 2901 2033 et
2948 1982 3232 2045 comedite,
3280 1983 3379 2036 hoc
3422 1992 3507 2036 est

1935 2084 2133 2139 corpus
2162 2084 2362 2132 meum,
2403 2068 2544 2137 quod
2590 2083 2687 2137 pro
2731 2070 2882 2123 vobis
2926 2067 3155 2123 fractum
3194 2082 3298 2137 est,
3336 2074 3388 2126 in
3424 2089 3508 2129 re-

1937 2162 2247 2215 missionem
2277 2172 2625 2231 peccatorum
2653 2162 2869 2234 (Mauh.
2900 2180 3047 2231 xxvi,
3072 2166 3284 2237 26-28).
3323 2188 3341 2221 ι

2005 2250 2068 2306 γ.
2110 2251 2246 2317 Quid
2272 2267 2401 2323 ergo
2433 2254 2607 2320 vobis,
2646 2255 2699 2309 in
2732 2254 2951 2311 Christo
2982 2256 3243 2313 fratribus
3285 2262 3504 2320 nostris.

1934 2350 1989 2395 et
2008 2339 2110 2413 legi
2139 2357 2258 2411 quae
2282 2342 2563 2398 maledicta
2589 2352 2672 2398 est
2694 2345 2746 2399 in
2762 2343 3016 2400 Christo?
3042 2348 3295 2416 quoniam
3327 2350 3506 2406 adhuc

1935 2446 2180 2502 azymum
2210 2430 2532 2487 fermentum
2560 2434 2676 2504 ejus
2706 2434 3020 2490 comeditis?
3062 2435 3208 2492 Nova
3249 2448 3505 2493 creatura

1934 2536 2119 2578 sumus
2143 2521 2197 2577 in
2220 2521 2474 2579 Christo:
2500 2532 2681 2578 vetera
2708 2525 3057 2581 transierunt.
3084 2527 3304 2581 Paulum
3329 2532 3507 2585 audite

1935 2612 2204 2668 dicentem
2249 2629 2261 2663 :
2297 2630 2316 2663 ‹
2358 2612 2496 2667 Ecce
2526 2612 2667 2667 facta
2706 2625 2830 2668 sunt
2868 2617 3048 2669 omnia
3087 2632 3224 2671 nova
3257 2618 3341 2687 (Il
3381 2619 3503 2673 Cor.

1933 2718 1986 2768 v,
2016 2701 2126 2772 17).
2163 2720 2183 2755 ι
2212 2700 2267 2756 Si
2294 2710 2475 2767 autem
2502 2704 2613 2757 haec
2645 2704 2928 2760 comedere
2954 2706 3242 2761 decernitis
3256 2709 3457 2775 justmn
3488 2729 3499 2761 :

1934 2807 2031 2848 cur
2068 2807 2173 2846 non
2210 2799 2266 2845 et
2312 2792 2799 2846 circumcidimini?
2847 2794 3097 2849 Christus
3147 2797 3506 2852 circumcisus

1933 2896 2036 2937 eat.
2068 2882 2177 2937 Cur
2205 2897 2311 2937 non
2348 2891 2405 2937 et
2443 2882 2841 2952 puriﬁcamim?
2880 2885 3076 2939 Paulus
3111 2887 3272 2941 etiam
3308 2898 3362 2942 et
3401 2890 3506 2943 hoc

1934 2968 2063 3025 fecit
2095 2990 2107 3025 :
2144 2980 2198 3026 et
2236 2972 2337 3025 alia
2382 2974 2546 3026 etiam
2584 2972 2763 3025 omnia
2812 2974 3063 3029 similiter
3103 2991 3323 3030 servare
3355 2986 3508 3031 vete-

1936 3072 2076 3124 rum,
2105 3059 2247 3113 sicut
2276 3067 2330 3113 et
2353 3059 2404 3112 hi
2436 3075 2497 3113 ea
2526 3076 2646 3128 qua:
2676 3061 2809 3130 legis
2833 3072 2957 3115 sunt
2990 3063 3217 3128 faciunt,
3249 3078 3345 3132 per
3371 3080 3510 3133 quos

1934 3162 2131 3203 nomen
2172 3147 2263 3201 Dei
2303 3148 2355 3201 in
2378 3150 2627 3219 gentibus
2647 3151 3063 3221 blasphematur,
3096 3153 3238 3208 sicut
3262 3164 3345 3209 est
3370 3156 3509 3210 scri-

274 3242 600 3297 declaratum
624 3248 726 3305 est,
748 3255 869 3294 cum
899 3254 1035 3307 aqua
1064 3247 1118 3291 et
1152 3239 1367 3309 sanguis
1391 3253 1456 3293 ex
1488 3239 1832 3294 immaculata
1860 3239 1905 3301 C
1935 3246 2081 3307 ptum
2114 3254 2129 3293 :
2167 3256 2185 3290 ‹
2218 3238 2333 3295 Non
2367 3242 2504 3295 bona
2536 3252 2617 3297 est
2646 3243 2893 3313 gloriatio
2925 3254 3098 3299 vestra
3132 3246 3179 3317 (Ι
3208 3245 3330 3301 Cor.
3357 3264 3405 3309 v,
3431 3248 3508 3318 6),

274 3342 422 3385 costa
455 3332 619 3400 ipsius
643 3327 843 3384 efﬂuxit
880 3346 892 3381 :
932 3329 1115 3383 lancea
1159 3343 1416 3398 percussa
1453 3343 1617 3384 carne
1646 3328 1834 3399 ipsius,

269 3434 493 3478 sanctus
522 3421 754 3491 Spiritus
779 3420 1129 3489 viviﬂcusque
1156 3421 1208 3474 in
1242 3421 1486 3476 deificata
1523 3434 1684 3475 carne
1722 3420 1837 3486 eius

271 3514 584 3585 permansit.
612 3512 781 3578 Quam
804 3512 1143 3566 comedentes
1167 3512 1219 3565 in
1244 3513 1507 3581 pane,qui
1526 3514 1836 3567 immutatus

269 3614 355 3661 est
381 3620 475 3675 per
499 3603 756 3673 Spiritum
784 3611 838 3656 et
861 3601 1080 3657 effectus
1110 3612 1191 3656 est
1230 3618 1423 3669 corpus
1447 3602 1667 3668 Christi,
1700 3605 1835 3657 vivi-

271 3711 392 3749 mus
423 3696 475 3749 in
517 3694 654 3763 ipso,
699 3701 953 3760 tanquam
989 3692 1165 3745 vivam
1196 3701 1251 3747 et
1279 3692 1578 3746 dedicatam
1619 3708 1835 3747 carnem

271 3790 510 3843 edentes.
544 3785 633 3839 Sic
663 3794 840 3837 autem
867 3792 921 3838 et
948 3784 1259 3853 sanguinem
1285 3785 1460 3838 vivum
1496 3799 1549 3840 et
1570 3786 1836 3841 calidissi-

270 3894 419 3932 mum
446 3877 561 3946 ejus
596 3876 836 3929 bibentes
871 3890 989 3928 cum
1021 3873 1266 3928 elliuente
1297 3890 1432 3945 aqua
1466 3891 1533 3929 ex
1574 3875 1836 3930 immacu-

271 3969 377 4021 lata
401 3978 548 4020 costa
576 3965 711 4035 ejus,
742 3966 1062 4019 mundamur
1088 3965 1155 4018 ab
1188 3966 1331 4018 omni
1362 3965 1577 4031 delicto,
1613 3964 1839 4019 ferventi

272 4060 548 4129 replemur
578 4058 799 4127 Spiritu.
825 4057 1067 4111 Calidum
1091 4057 1255 4121 enim,
1279 4065 1336 4110 ut
1363 4057 1576 4123 videtis,
1604 4055 1750 4112 velut
1772 4073 1838 4111 ex

272 4152 444 4205 latere
481 4150 710 4214 Domini,
738 4150 958 4203 calicem
994 4148 1246 4211 hihimus,
1271 4148 1398 4218 quia
1431 4162 1498 4203 ex
1521 4148 1639 4202 viva
1675 4163 1839 4204 carne

269 4252 324 4293 et
352 4240 523 4293 calida
547 4238 736 4307 spiritu
762 4237 961 4292 Christi
983 4236 1339 4291 calidissimus
1364 4237 1518 4291 nobis
1547 4236 1767 4307 sanguis
1787 4245 1841 4292 et

270 4345 412 4399 aqua
444 4328 731 4381 emanavit.
779 4326 928 4393 Quod
968 4326 1020 4379 in
1055 4327 1133 4381 eis
1171 4327 1260 4396 qui
1302 4341 1492 4396 azyma
1528 4327 1837 4393 comedunt,

271 4425 461 4491 nequit
485 4421 621 4475 fieri.

340 4511 430 4566 iV.
473 4510 530 4563 Si
568 4518 745 4563 autem
789 4516 1057 4559 mortuum
1101 4503 1422 4561 fermentum
1462 4508 1766 4573 comeditis,
1803 4523 1837 4563 ο

1939 3337 1997 3382 ut
2021 3337 2075 3383 et
2092 3342 2191 3399 ego
2218 3345 2336 3400 qua:
2356 3330 2504 3384 Pauli
2535 3342 2659 3386 sunt
2686 3334 2876 3402 loquar
2901 3336 2967 3388 ad
2990 3349 3084 3389 vos
3113 3352 3125 3388 :
3157 3354 3174 3386 ι
3202 3337 3452 3402 Nescitis,
3486 3357 3503 3389 ι

1938 3419 2130 3490 inquit,
2182 3438 2201 3471 ι
2239 3422 2362 3490 quia
2411 3423 2678 3477 modicum
2708 3424 3033 3479 fermentum
3072 3435 3236 3481 totam
3278 3444 3509 3483 massam

1937 3513 2291 3583 corrumpit?
2355 3533 2373 3565 ι
2439 3512 2694 3583 (lbid.,)
2760 3515 2825 3568 Et
2884 3516 3038 3586 panis
3094 3518 3333 3582 tandem,
3404 3535 3510 3572 non

1937 3618 2183 3673 azymum
2232 3601 2480 3656 edicitur.
2532 3602 2637 3657 Sed
2687 3604 2814 3671 quid
2864 3604 2951 3659 hic
3000 3605 3174 3659 dictus
3223 3607 3513 3675 Apostolus

1938 3690 2128 3745 scribit
2168 3691 2233 3744 ad
2271 3689 2622 3745 Corinthios?
2658 3691 2933 3759 Nunquid,
2970 3702 3028 3745 ttt
3063 3708 3156 3747 vos
3204 3696 3507 3758 mstimatis,

1938 3784 2005 3835 de
2027 3779 2389 3835 celebratione
2418 3796 2582 3849 quam
2622 3796 2714 3834 vos
2746 3783 2797 3835 in
2830 3783 3033 3853 azymis
3059 3785 3377 3839 celebratis?
3408 3785 3510 3840 Ne-

1937 3883 2224 3938 quaquam.
2264 3867 2364 3922 Sed
2395 3869 2650 3937 quoniam
2686 3868 2760 3922 illi
2800 3871 2901 3925 hoc
2953 3871 3324 3941 despiciebant
3365 3875 3509 3942 quod

1940 3958 2131 4026 aliquis
2171 3973 2457 4011 novercam
2486 3968 2790 4027 acceperat,
2828 3969 2881 4013 et
2920 3962 2971 4013 in
3009 3963 3245 4030 antiquis
3276 3979 3507 4018 consue-

1939 4049 2212 4103 tudinibus
2254 4048 2399 4102 falsee
2443 4049 2682 4103 scientia:
2718 4065 2828 4104 sua:
2875 4051 3273 4120 gloriabantur;
3323 4055 3509 4110 volens

1939 4152 2117 4195 autem
2162 4156 2255 4195 cos
2293 4143 2533 4196 converti
2572 4142 2768 4197 Paulus
2811 4152 2865 4197 et
2902 4160 2969 4197 ex
3013 4156 3193 4200 vetere
3230 4164 3508 4204 removere

1942 4230 2165 4297 malitia,
2189 4232 2334 4285 venit
2366 4246 2460 4301 per
2488 4232 2893 4286 similitudinem
2925 4236 3084 4298 hanc,
3113 4236 3363 4291 fet-nitenti
3389 4240 3508 4291 dico

1941 4328 1994 4375 et
2024 4334 2233 4381 massae,
2258 4320 2495 4373 ostendit
2523 4320 2603 4374 eis
2639 4322 2895 4389 quoniam
2930 4338 3091 4377 unum
3126 4320 3359 4389 malum,
3392 4338 3512 4380 tan-

1944 4421 2104 4474 quam
2121 4407 2387 4461 modicum
2402 4416 2790 4478 contemptum,
2809 4426 3058 4479 magnam
3076 4412 3129 4467 in
3145 4421 3256 4469 toto
3278 4431 3508 4485 corpore

1942 4495 2195 4551 Ecclesia:
2218 4495 2377 4551 faciet
2404 4497 2691 4553 lmsionem.
2714 4499 3004 4569 Propterea
3027 4502 3199 4570 inquit
3215 4504 3501 4572 adjiciens:

270 4598 681 4669 sapientissimi,
720 4607 778 4651 ut
809 4611 987 4650 sermo
1020 4596 1336 4660 declaravit,
1369 4596 1519 4664 cujus
1558 4599 1632 4653 rei
1664 4599 1834 4668 gratia

1945 4605 1962 4637 ι
2000 4586 2065 4639 Et
2099 4602 2203 4640 non
2242 4585 2444 4641 luctum
2476 4588 2758 4652 habuistis,
2792 4601 2850 4643 ut
2889 4591 3170 4646 auferatur
3214 4595 3280 4648 de
3329 4599 3502 4649 medic

271 4687 597 4758 gloriamini,
632 4686 871 4739 dicentes
904 4701 917 4736 :
960 4700 981 4734 α
1029 4682 1163 4749 Quia
1200 4699 1303 4736 non
1338 4685 1478 4738 sicut
1514 4700 1607 4738 vos
1644 4686 1755 4741 sale
1784 4696 1839 4741 et

275 4782 538 4836 fermento
579 4788 739 4848 atque
780 4791 918 4845 aqua
966 4775 1193 4828 farinam
1239 4784 1621 4844 temperamus,
1662 4786 1717 4831 et
1759 4778 1837 4833 sic

274 4873 502 4929 facimus
526 4869 849 4924 oblationem
878 4882 1186 4937 azymorum
1221 4875 1546 4930 nostrorum,
1578 4867 1669 4920 sed
1700 4884 1836 4937 aqua

272 4962 387 5019 sola
416 4972 469 5015 et
494 4960 665 5013 farina
688 4969 741 5012 et
764 4957 871 5026 igni
893 4971 1135 5025 azytnum
1160 4955 1493 5020 conficimus,
1520 4964 1574 5008 et
1597 4956 1645 5009 in
1665 4956 1837 5011 tribus

271 5053 361 5107 his
389 5064 576 5120 puram
607 5047 833 5101 facimus
859 5055 1095 5099 nostram
1123 5044 1474 5109 oblationem;
1513 5065 1529 5096 ι
1557 5056 1839 5114 perconta-

272 5160 398 5198 mur
428 5143 585 5211 igitur
601 5155 717 5206 vos,
743 5138 995 5201 hzectria,
1020 5151 1214 5204 aquam
1236 5144 1287 5189 et
1313 5134 1540 5188 farinam
1561 5144 1614 5189 ct
1638 5136 1835 5205 ignem,

274 5233 344 5287 ad
371 5232 500 5300 quid
534 5230 807 5297 accipitis;
843 5236 896 5280 et
925 5227 1007 5279 cui
1052 5223 1279 5295 elligiem
1316 5238 1434 5276 esse
1465 5225 1576 5277 haec
1607 5226 1838 5277 :cslima-

276 5323 380 5377 tis?
410 5319 599 5375 Carnis
632 5317 875 5372 Domini?
907 5315 1013 5367 Sed
1043 5329 1147 5366 non
1178 5312 1349 5381 inquit
1374 5311 1594 5365 dilectus
1624 5312 1838 5366 Christo

272 5413 508 5468 Joannes
548 5428 561 5463 :
605 5428 622 5461 ι
660 5409 792 5463 Tres
834 5417 957 5461 sunt
998 5406 1087 5476 qui
1141 5405 1506 5459 testimonium
1554 5405 1836 5473 perhibent

274 5502 325 5572 (ι
360 5503 519 5555 Joan.
558 5517 609 5562 ν,
636 5501 711 5569 8),
748 5518 764 5550 ι
801 5514 938 5568 aqua
967 5506 1020 5552 et
1056 5495 1231 5549 farina
1259 5504 1312 5549 et
1350 5495 1509 5565 ignis.
1541 5494 1643 5548 Sed
1676 5495 1841 5563 quid?

280 5613 300 5645 ‹
337 5594 569 5661 Spiritus
604 5602 657 5647 et
680 5608 815 5659 aqua
839 5602 892 5643 et
921 5589 1161 5658 sanguis,
1184 5596 1238 5643 et
1270 5587 1321 5641 hi
1353 5596 1461 5641 tres
1488 5587 1541 5640 in
1578 5602 1680 5639 uno
1709 5596 1834 5640 sunt

276 5684 482 5753 (Ibid.,
507 5685 547 5751 ),
572 5700 588 5732 ι
619 5680 862 5735 videlicet
906 5681 959 5733 in
1005 5693 1229 5747 corpore
1279 5676 1497 5740 Christi,
1534 5686 1590 5728 ut
1635 5677 1833 5729 dictant

278 5781 380 5832 est.
408 5772 545 5830 quod
579 5786 673 5825 nos
700 5770 1039 5824 comedentes
1069 5768 1285 5821 unimur
1310 5767 1585 5820 incarnato
1617 5776 1838 5834 prepter

1941 4674 2103 4728 vestri
2150 4676 2241 4744 qui
2294 4676 2396 4729 hoc
2441 4692 2576 4745 opus
2614 4688 2870 4746 operatus
2905 4681 3026 4735 est?
3062 4700 3080 4732 ι
3136 4680 3323 4752 (lCor.
3351 4689 3505 4750 v.2.)

1938 4762 2121 4818 Potest
2148 4764 2314 4828 enim,
2344 4766 2536 4832 inquit,
2572 4766 2824 4834 iniquitas
2850 4768 2951 4821 ista
2983 4770 3049 4821 ad
3078 4786 3267 4826 omnes
3296 4784 3505 4828 vestras

1940 4858 2100 4909 urbes
2146 4854 2394 4919 transire,
2438 4867 2513 4916 et,
2563 4866 2814 4925 tanquam
2861 4860 3127 4914 modicum
3178 4860 3504 4918 fermentum

1940 4956 2103 5000 totam
2146 4961 2377 5000 massam
2406 4946 2712 5012 fermentat,
2746 4951 2825 5004 sic
2862 4968 3047 5007 euntes
3080 4957 3414 5024 apprehendi
3451 4968 3507 5012 et

1934 5038 2266 5102 fermentari,
2288 5047 2343 5092 et
2368 5054 2531 5093 unam
2558 5057 2788 5096 massam
2815 5044 3035 5112 majoris
3061 5046 3363 5117 iniquitatis
3379 5066 3504 5118 ope-

1936 5128 2044 5181 rari
2091 5145 2102 5180 :
2167 5144 2186 5178 ‹
2244 5126 2569 5196 Expurgate,
2609 5147 2628 5180 ι
2678 5130 2875 5201 inquit,
2922 5149 2942 5184 ι
2986 5144 3138 5188 vetus
3176 5135 3503 5193 fermentum

1935 5215 2120 5283 (Ibid.,
2140 5216 2217 5283 7),
2247 5234 2266 5268 ›
2298 5218 2525 5284 peccati.
2557 5218 2747 5274 Tollite
2772 5221 2914 5276 lntnc
2941 5238 2971 5275 a
2999 5226 3193 5290 medio,
3224 5237 3282 5280 ut
3302 5228 3501 5282 cilicia-

1935 5309 2062 5360 mini
2108 5308 2321 5361 Christo
2350 5324 2483 5361 nova
2514 5312 2845 5378 conspersio,
2877 5314 3014 5367 sicut
3048 5317 3176 5371 estis
3222 5319 3323 5387 bap
3350 5318 3500 5384 izati,

1940 5397 1992 5449 id
2021 5404 2102 5448 est
2132 5395 2210 5448 vel
2239 5397 2409 5465 azymi
2440 5395 2519 5449 vel
2549 5397 2688 5465 puri,
2718 5402 3021 5456 tnortilicati
3052 5407 3249 5459 mundo
3279 5416 3332 5460 et
3362 5409 3503 5462 desi~

1941 5486 2101 5539 det-iis
2129 5487 2329 5539 carnis.
2363 5486 2572 5540 Etenim
2602 5491 2796 5557 pascha
2828 5502 3069 5547 nostrum
3097 5496 3197 5551 hoc
3227 5508 3326 5562 est,
3362 5517 3500 5569 quo-

1939 5575 2105 5638 niam,
2139 5584 2194 5627 ut
2220 5575 2451 5642 eriperet
2480 5591 2577 5630 nos
2602 5592 2668 5630 ex
2692 5578 2974 5647 iniquitate
3003 5599 3065 5639 ac
3094 5597 3282 5650 morte,
3314 5588 3504 5644 immo-

1937 5664 2077 5717 latus
2113 5674 2190 5717 cst
2234 5664 2497 5720 Christus.
2532 5664 2645 5730 Qua
2676 5667 2742 5721 de
2780 5684 2837 5722 re
2874 5670 2952 5726 sic
2989 5673 3064 5726 ait
3102 5692 3114 5727 :
3157 5693 3173 5725 ι
3216 5675 3501 5745 Epulemttr

1939 5772 2042 5810 non
2080 5758 2129 5809 in
2162 5754 2424 5810 fermento
2460 5760 2647 5822 veteri,
2683 5775 2853 5829 neque
2892 5764 2944 5816 in
2985 5764 3247 5822 fermento
3285 5768 3501 5824 malitis-:2
