4190 6458
776 404 912 469 1015

769 608 929 678 (Ibid.
961 608 1036 674 8),
1072 624 1088 654 ι
1116 606 1216 658 hoc
1243 614 1322 656 est
1351 616 1495 670 pura:
1522 600 1637 651 vita:
1669 606 1720 649 et
1762 596 1903 657 fidei,
1936 611 2037 662 qua
2073 596 2121 646 in
2154 595 2313 647 Deum

768 696 1054 754 credimus,
1100 705 1152 746 et
1195 706 1409 742 veraces
1457 696 1699 740 oratores
1745 683 1859 751 ejus
1906 682 2184 738 etlicimur.
2228 679 2319 733 Sic

772 785 985 853 Magnus
1010 782 1298 851 Gregorius
1331 780 1604 849 theologus
1626 779 1724 831 hoc
1760 775 1980 829 verbum
2023 773 2247 840 accepit.
2276 771 2320 826 Ο

769 872 1169 941 sapientissimi,
1202 886 1263 924 ea
1293 886 1409 937 quae
1443 867 1636 922 mentis
1674 865 1977 934 apostolica:
2017 873 2141 917 sunt
2171 861 2320 914 intel-

771 964 938 1029 tigite,
969 970 1021 1013 et
1049 974 1175 1021 non,
1206 956 1647 1026 quemadmodum
1682 956 1780 1008 hoc
1813 967 1904 1006 vos
1931 951 2232 1020 accepistis,
2259 949 2322 1003 de

771 1063 1078 1119 azymorum
1120 1046 1408 1099 festivitate
1437 1051 1490 1097 et
1521 1042 1948 1111 participatione.
1994 1040 2048 1091 Si
2086 1039 2223 1090 enim
2259 1040 2323 1090 de

773 1139 973 1206 azymis
1013 1147 1066 1209 et_
1102 1136 1167 1188 de
1194 1133 1549 1187 celebratione
1587 1145 1771 1181 eorum
1809 1126 2096 1180 Corinthiis
2133 1124 2325 1178 Paulus

773 1224 1129 1292 przeepisset,
1164 1229 1217 1274 et
1245 1234 1337 1273 eos
1371 1218 1421 1271 in
1457 1217 1658 1285 azymis
1695 1215 1894 1283 epulari
1921 1213 2189 1279 jussisset,
2221 1227 2325 1265 non

774 1312 1164 1379 promulgasset
1213 1323 1332 1361 cum
1382 1304 1647 1367 undecim,
1699 1312 1751 1357 et
1807 1318 2017 1356 onmem
2070 1302 2329 1355 reducens

776 1401 1064 1454 Ecclesiam
1099 1399 1326 1452 fidelium
1358 1398 1409 1449 in
1441 1396 1710 1457 ordinem,
1732 1394 1785 1446 iu
1821 1392 2212 1461 septuagesimo
2242 1405 2324 1444 ca-

776 1506 931 1569 none,
958 1505 1079 1543 cum
1106 1486 1659 1541 excommunicatione
1684 1483 2023 1551 prmcepisset
2060 1480 2326 1542 omnibus,

773 1568 1072 1649 hujusmodi
1103 1594 1319 1634 causam
1349 1594 1378 1631 a
1407 1576 1603 1630 Judreis
1630 1573 1930 1627 nullatenus
1974 1570 2143 1637 accipi
2179 1583 2191 1619 :
2222 1585 2240 1617 ι
2272 1568 2327 1620 Si

773 1670 892 1737 quis
937 1670 1238 1736 cpiscOpus,
1292 1674 1385 1718 aut
1429 1664 1726 1732 presbyter,
1777 1668 1868 1713 aut
1912 1660 2189 1721 diaconus,
2240 1665 2332 1708 aut

776 1758 989 1809 omnino
1018 1771 1083 1808 ex
1116 1768 1335 1807 numero
1368 1752 1684 1806 clericorum
1708 1747 2033 1817 jejunaverit
2065 1760 2183 1799 cum
2223 1744 2327 1797 lle-

1969 396 2013 456 N
2028 396 2039 451 i
2055 393 2258 453 GETA".
2306 388 2717 453 πειθιιλίι

770 533 823 577 α
865 519 1128 588 nequitim,
1170 518 1262 571 sed
1299 516 1348 568 in
1391 514 1591 583 azymis
1633 509 1957 561 sinceritatis
1993 518 2044 561 et
2073 507 2314 561 veritatis
2345 512 2387 567 Α
2419 509 2467 560 in
2508 522 2614 575 quo
2640 507 2901 576 contingit
2933 521 3151 561 evenire
3190 506 3317 559 l53i
3350 521 3517 558 annos

3843 392 3975 454 ιοιε

3559 521 3570 555 :
3610 507 3788 575 cyclus
3820 509 3967 561 enim

2418 596 2540 649 stilis
2564 605 2679 649 erat
2714 595 2773 649 18
2805 595 2941 658 ct'5,
2966 604 3022 647 ut
3052 611 3153 647 non
3177 597 3347 647 adhuc
3380 594 3602 646 traditus
3624 598 3972 662 praevenisset

2417 687 2687 755 proprium
2731 688 2924 755 pascha
2971 684 3245 753 discipulis
3288 684 3517 745 tradere,
3559 685 3872 738 recumbens
3912 688 3968 739 in

2418 792 2569 831 cmna
2609 778 2898 831 sccundum
2949 790 3226 845 vesperum
3278 777 3445 843 quinti
3493 776 3628 839 diei;
3687 787 3970 844 postquam

2419 868 2672 927 rmuavit,
2722 867 2927 933 accepit
2973 880 3185 932 panem,
3234 864 3406 935 fregit,
3463 865 3679 918 tradidit
3718 866 3975 933 apostolis

2422 957 2730 1029 mysterium
2766 955 2897 1009 Novi
2931 954 3254 1007 Testamenti
3294 954 3345 1005 in
3386 962 3539 1007 nocte
3571 954 3757 1022 quinti
3788 954 3837 1005 in
3869 969 3973 1020 qua

2425 1047 2650 1099 traditus
2681 1052 2765 1098 est
2802 1059 2831 1096 a
2871 1041 3004 1096 luda
3042 1062 3052 1094 :
3096 1042 3232 1095 sicut
3272 1042 3526 1109 scriptum
3562 1050 3661 1092 est.
3696 1040 3801 1093 Sed
3847 1042 3976 1107 quid

2421 1136 2552 1189 dicit
2585 1134 2756 1187 Lucas
2786 1132 3090 1202 apostolus?
3120 1151 3136 1181 ι
3172 1132 3391 1198 Accepit
3418 1146 3631 1199 panem,
3665 1142 3718 1184 et
3756 1131 3974 1183 benedi-

2424 1239 2548 1277 cens
2579 1222 2735 1291 fregit
2758 1220 2907 1288 (Lm.
2942 1236 3087 1281 xnv,
3111 1220 3225 1288 30).
3259 1239 3275 1270 ι
3309 1220 3445 1273 Ecce
3465 1229 3519 1271 et
3542 1218 3713 1272 Lucas
3733 1221 3979 1286 accipere

2423 1328 2613 1381 panem
2647 1311 2915 1365 Christum
2954 1310 3106 1374 dixit,
3137 1320 3191 1364 et
3227 1325 3331 1363 non
3373 1325 3638 1379 azymum.
3684 1308 3796 1362 Non
3836 1311 3976 1361 enim

2426 1405 2597 1455 adhuc
2621 1410 2735 1455 erat
2756 1410 2918 1453 serue
2942 1399 3088 1452 ferim
3118 1401 3251 1453 dies.
3285 1399 3463 1453 Tertia
3489 1398 3693 1452 decima
3716 1410 3831 1451 erat
3858 1399 3979 1451 luna

2428 1492 2477 1544 in
2522 1491 2606 1544 illa
2650 1490 2834 1557 quinta
2880 1488 3034 1550 feria,
3082 1497 3135 1541 et
3189 1503 3293 1541 non
3343 1496 3457 1541 erat
3495 1502 3760 1556 azymum,
3814 1502 3981 1554 neque

2429 1580 2597 1633 adhuc
2622 1579 2822 1632 oblatio
2851 1577 3176 1632 fermentati.

2500 1666 2624 1720 V'lll.
2662 1666 2861 1736 Azyma
2892 1667 3033 1719 enim
3070 1667 3121 1717 in
3146 1665 3537 1734 quintadecima
3576 1664 3699 1717 luna
3746 1665 3981 1732 promul-

2430 1768 2547 1828 gata
2582 1766 2731 1812 erant
2756 1757 2806 1811 in
2835 1756 2967 1822 lege,
3022 1763 3078 1807 ut
3115 1755 3165 1807 in
3215 1754 3613 1823 quartadecima
3650 1754 3733 1806 die
3780 1755 3845 1805 ad
3891 1738 3982 1806 ve-

776 1847 953 1911 lineis,
978 1855 1068 1898 aut
1088 1845 1332 1913 epulatus
1362 1841 1519 1895 fuerit
1539 1856 1658 1893 cum
1684 1839 1782 1901 eis,
1810 1847 1863 1891 et
1892 1836 2157 1904 acceperit
2185 1834 2331 1887 festi-
2363 1838 2403 1896 Β
2432 1863 2641 1918 spemm
2669 1860 2835 1916 agnus
2862 1843 3244 1907 immolaretur,
3276 1852 3329 1897 ει
3371 1843 3420 1896 in
3452 1843 3851 1910 quamdecinm
3908 1844 3987 1895 die

776 1940 996 1989 vitatum
1032 1951 1214 1989 eorum
1246 1948 1486 1995 munera,
1518 1940 1575 1984 ut
1613 1940 1735 1984 sunt
1790 1943 1972 1999 azyma
2014 1936 2104 1980 aut
2135 1923 2331 1994 aliquid

778 2026 1101 2094 lmjusmodi,
1135 2025 1429 2093 deponatur
1460 2040 1473 2074 :
1515 2022 1556 2074 si
1592 2029 1766 2072 autem
1812 2018 1999 2081 laicus,
2029 2023 2332 2083 sequestre-

778 2129 881 2171 tur.
932 2137 948 2168 ι

847 2204 930 2259 γι.
973 2204 1028 2259 Si
1064 2217 1239 2258 autem
1271 2203 1448 2256 dicitis
1474 2221 1485 2254 :
1514 2202 1648 2267 Quia
1687 2200 1753 2253 ab
1789 2198 2026 2251 llebrmis
2063 2212 2164 2248 non
2197 2194 2335 2247 acci-

777 2296 970 2365 pimus,
1001 2294 1092 2347 sed
1127 2292 1266 2345 domi
1296 2289 1469 2343 facere
1494 2288 1898 2348 consuevimus;
1936 2300 2030 2336 cur
2059 2284 2194 2336 hoc?
2226 2282 2335 2335 sive

779 2386 846 2438 ab
877 2385 982 2438 illis
1008 2381 1303 2451 accipiatis,
1332 2380 1442 2433 sive
1463 2379 1603 2432 domi
1630 2376 1859 2431 faciatis.
1889 2390 2073 2443 azyma
2099 2379 2242 2425 sunt.
2270 2368 2335 2422 Et

772 2475 924 2545 juxta
978 2474 1078 2528 hoc
1127 2471 1423 2541 graxiorem
1478 2482 1691 2536 pmnam
1744 2465 2028 2526 habebitis,
2082 2460 2334 2530 quoniam

780 2563 1080 2631 relinquitis
1118 2575 1275 2629 agere
1305 2574 1420 2627 qua:
1450 2556 1597 2624 jussa
1636 2565 1760 2609 sunt
1796 2554 1947 2605 vobis
1986 2567 2014 2604 a
2046 2550 2256 2603 Christo
2284 2556 2338 2602 et

726 2662 731 2669 ‘
780 2651 1047 2721 Apostolis
1072 2649 1256 2718 ipsius,
1295 2647 1549 2701 facientes
1577 2646 1718 2699 velut
1746 2643 1815 2695 illi
1841 2643 1931 2711 qui
1957 2640 2055 2694 sub
2082 2639 2337 2694 servitute

783 2742 911 2809 legis
929 2748 1071 2800 sunt,
1096 2738 1271 2806 qualia
1300 2734 1463 2789 Jula-i
1489 2733 1709 2795 faciunt,
1737 2733 1788 2784 in
1815 2732 2002 2783 umbra
2030 2737 2084 2781 et
2107 2727 2339 2781 tenebris

782 2830 912 2898 legis
945 2828 1212 2889 sedentes,
1245 2826 1544 2877 nullatenus
1574 2822 1769 2875 dicenti
1814 2819 1974 2873 Paulo
2012 2818 2292 2871 credentes
2323 2833 2335 2870 :

787 2938 803 2968 ‹
830 2917 1062 2978 Fratres,
1095 2915 1459 2981 unusquisque
1490 2913 1538 2964 in
1555 2926 1617 2964 eo
1643 2911 1831 2962 ordine
1851 2923 1957 2977 quo
1988 2914 2208 2959 vocatus
2235 2912 2335 2967 est,

784 3009 835 3059 in
862 3006 975 3075 ipso
1002 3012 1315 3075 permaneat
1343 3003 1392 3069 (Ι
1424 3001 1542 3052 Cor.
1584 3015 1681 3061 vii,
1702 2999 1771 3051 ‘20
1799 3008 1844 3050 ct
1870 2994 1982 3065 24).
2008 3013 2026 3045 ι
2052 2994 2167 3047 Non
2194 2992 2336 3046 enim

784 3096 1067 3149 invenietis
1096 3094 1314 3147 omnino
1343 3093 1391 3143 in
1420 3090 1593 3142 divina
1625 3087 1901 3155 Scriptura
1932 3084 2183 3153 quoniam
2214 3095 2339 3149 azy-

2434 1937 2570 1990 lunae
2597 1936 2750 2004 primi
2783 1935 2979 1989 mensis
3004 1932 3207 1988 Pascha
3235 1932 3525 2001 appellaret
3562 1931 3664 1991 lex,
3721 1932 3988 1998 quintam-

2432 2028 2841 2081 decimamdiem
2864 2025 3087 2094 primum
3108 2037 3415 2094 azymorum
3431 2030 3484 2075 et
3508 2022 3799 2075 Sabbatum
3818 2023 3986 2073 numi-

2432 2127 2603 2171 naret.
2635 2116 2772 2170 Proh
2798 2116 2947 2168 dolor
2972 2113 3327 2183 insipientiam
3359 2111 3757 2164 illiteratormn!
3800 2110 3859 2162 [it
3892 2127 3987 2162 non

2430 2220 2546 2262 erat
2578 2222 2761 2278 azyma
2794 2208 2845 2260 in
2877 2207 3060 2275 quinta
3090 2205 3240 2267 feria,
3285 2220 3403 2258 cum
3454 2214 3595 2257 esset
3634 2203 3757 2256 luna
3816 2204 3991 2256 tertia-

2433 2300 2662 2365 dceima,
2695 2309 2748 2375 et
2782 2313 2884 2351 non
2929 2296 3347 2366 quartadecima.
3382 2294 3684 2350 Secundum
3734 2294 3994 2362 quintam-

2433 2390 2690 2443 decimam
2727 2387 2904 2440 lttnam
2938 2384 3114 2441 fuerat
3156 2385 3457 2440 institutum
3480 2400 3663 2454 azyma
3692 2383 3831 2446 fieri,
3861 2384 3993 2435 sicut

2434 2492 2488 2534 et
2522 2496 2689 2548 agnus
2717 2480 2783 2533 ad
2828 2492 3103 2547 vesperam
3161 2476 3587 2545 quartzedecinue
3643 2475 3747 2528 diei
3788 2472 3994 2540 jussum

2434 2586 2550 2623 esse
2579 2569 2864 2630 immolari,
2894 2567 3183 2621 secundum
3213 2581 3369 2634 quam
3405 2564 3709 2619 immolatus
3738 2574 3823 2616 est
3846 2563 3997 2616 Chri-

2436 2667 2570 2721 stus,
2601 2658 2777 2725 Agnus
2805 2657 2920 2718 Dei,
2948 2654 3038 2723 qui
3072 2655 3203 2707 tollit
3234 2664 3448 2722 peccata
3474 2653 3677 2706 tnundi.
3714 2652 3770 2705 Si
3822 2662 3996 2704 autem

2436 2748 2679 2802 Christus
2746 2747 3046 2799 immolatus
3104 2754 3185 2797 est
3247 2754 3301 2797 ct
3342 2742 3630 2797 cruciﬁxus
3685 2742 3736 2794 in
3795 2741 3996 2793 decima

2436 2846 2626 2905 quarta
2680 2835 2765 2887 die
2812 2834 2969 2897 laute,
3022 2833 3169 2886 feria:
3221 2842 3402 2893 sexta‘,
3453 2831 3505 2884 in
3553 2829 3787 2883 Sabbato
3824 2837 3994 2880 autem

2438 2934 2552 2978 erat
2605 2923 2796 2976 festum
2844 2937 3176 2991 azymorum.
3230 2920 3443 2989 quando
3495 2932 3681 2985 azyma
3736 2916 3999 2969 comedit?

2438 3018 2601 3068 etiam
2630 3012 2883 3081 apostolis
2914 3014 2992 3066 sic
3038 3013 3214 3065 facere
3242 3012 3293 3063 iu
3326 3008 3472 3063 Novo
3506 3007 3851 3062 Testamento
3895 3018 4003 3060 tra-

2441 3104 2615 3159 didit?
2650 3101 2924 3168 Quomodo
2968 3102 3143 3155 dicitis
3167 3102 3232 3154 ab
3282 3099 3537 3168 apostolis
3582 3098 3857 3165 accepisse
3910 3112 3998 3149 rus

785 3202 927 3238 mtnu
961 3185 1159 3237 dictum
1194 3182 1263 3235 sit
1293 3196 1321 3233 a
1357 3179 1571 3232 Christo
1614 3186 1704 3228 aut
1747 3173 2001 3262 apostolis
2042 3169 2177 3237 ejus,
2219 3182 2337 3222 cum
2367 3169 2410 3230 C
2444 3197 2617 3249 facere
2655 3208 2837 3262 azyma
2860 3194 2968 3260 iam
3002 3202 3121 3261 post
3170 3192 3617 3244 resurrectionem
3664 3203 3693 3240 3
3747 3187 4000 3240 mortuis?

783 3274 1248 3327 administraretur
1280 3268 1345 3321 ab
1369 3267 1458 3319 illo
1489 3264 1615 3318 Novi
1641 3261 1971 3317 Testamenti
2003 3258 2337 3329 mysterium.

787 3367 978 3420 Paulus
1005 3366 1145 3420 enim
1181 3362 1474 3416 Corinthiis
1505 3359 1744 3412 scribens
1767 3357 1897 3410 dicit
1934 3374 1946 3408 :
1980 3373 1995 3404 ι
2025 3354 2342 3407 Discernere

785 3474 880 3512 vos
897 3472 1014 3525 0pm
1032 3466 1103 3508 tet
1124 3455 1344 3508 calicem
1365 3450 1752 3507 benedictionis
1773 3463 1927 3516 quem
1950 3445 2339 3505 benedicimus;

789 3565 964 3603 nonne
1001 3545 1414 3601 communicatio
1452 3542 1727 3610 sanguinis
1755 3539 1954 3594 Christi
1991 3538 2102 3591 est?
2144 3536 2341 3588 Panem

788 3653 944 3706 quem
964 3636 1276 3705 frangimus,
1304 3649 1477 3687 nonne
1498 3628 1910 3686 communicatio
1933 3625 2171 3693 corporis
2191 3623 2344 3677 Chri-

789 3733 853 3784 .-ti
884 3731 1000 3783 est?
1040 3728 1301 3795 Quoniam
1346 3740 1481 3778 unus
1520 3722 1695 3791 panis,
1734 3735 1895 3773 unmu
1942 3732 2153 3785 corpus,
2195 3713 2343 3766 multi

790 3838 992 3876 sumus.
1040 3819 1248 3874 Etenim
1290 3832 1475 3871 omnes
1512 3830 1577 3868 ex
1625 3828 1729 3867 uno
1778 3825 1913 3879 pane
1962 3806 2346 3875 partieipamus

792 3913 839 3979 (1
867 3912 987 3965 Cor.
1018 3928 1069 3963 x.
1102 3909 1206 3977 t6).
1240 3909 1347 3977 Ego
1378 3906 1517 3959 enim
1556 3902 1732 3968 accepi
1766 3916 1792 3952 a
1830 3899 2077 3957 Domino,
2116 3894 2257 3962 quod
2294 3900 2349 3943 ct

794 4002 983 4055 tradidi
1016 4000 1165 4054 vobis
1200 4020 1210 4049 :
1245 3998 1495 4066 quoniam
1529 3994 1780 4047 Dominus
1808 3989 1962 4043 Jesus
1985 3988 2035 4039 in
2063 4001 2165 4052 qua
2194 3991 2350 4036 nocte

797 4093 1125 4151 tradebatur,
1157 4088 1360 4154 accepit
1390 4100 1603 4152 panem,
1639 4101 1657 4132 ι
1697 4091 1749 4133 et
1789 4096 1890 4131 non
1920 4091 2188 4146 azymuni,
2233 4090 2250 4121 ι
2297 4076 2352 4123 et

795 4180 1112 4235 benedicens
1156 4175 1333 4242 fregit,
1368 4182 1421 4225 et
1458 4172 1591 4223 dixit
1628 4184 1641 4221 :
1673 4167 1911 4235 Accipite
1948 4174 2000 4217 et
2031 4160 2292 4216 comedite
2334 4175 2345 4207 :

795 4276 895 4325 huc
918 4277 999 4322 est
1021 4280 1213 4336 corpus
1242 4278 1441 4326 memn,
1468 4262 1606 4329 quod
1631 4274 1725 4328 pro
1748 4259 1896 4310 vobis
1920 4254 2211 4322 frangetur.
2240 4248 2348 4301 lloc

797 4364 956 4415 facile
1004 4360 1056 4412 in
1099 4371 1269 4409 meam
1300 4350 1859 4407 comtnemoratioucm
1905 4345 1950 4412 (I
1983 4343 2104 4397 Cor.
2149 4357 2221 4403 xI,
2259 4340 2346 4400 ‘25,

792 4455 904 4504 “lii.
947 4470 963 4500 ι
1006 4450 1069 4502 Ει
1102 4462 1204 4499 non
1245 4444 1406 4498 semel
1443 4443 1572 4495 dixit
1615 4454 1826 4509 panem,
1867 4436 1955 4489 sed
1991 4434 2151 4487 etiam
2192 4444 2348 4497 sarpe.

798 4543 911 4596 Non
949 4542 1035 4593 hic
1076 4538 1221 4591 solus
1258 4535 1407 4595 dixit,
1453 4531 1542 4585 sed
1582 4540 1635 4584 et
1671 4530 1846 4583 cmteri
1890 4523 2267 4592 apostolorum,
2300 4530 2351 4571 et
2378 4520 2428 4577 D

798 4632 1078 4685 Mattba'us
1124 4626 1336 4694 quidem
1383 4625 1456 4675 ait
1496 4637 1509 4673 :
1564 4640 1580 4670 ι
1633 4617 1977 4671 Crenautibus
2026 4623 2199 4665 autem
2251 4611 2353 4663 illis

800 4732 959 4791 atque
985 4714 1387 4771 comedentihus
1417 4712 1683 4778 accipiens
1710 4708 1865 4761 .lesus
1900 4719 2088 4772 panem
2136 4700 2350 4766 (Matth.

802 4790 947 4876 xxvi,
983 4807 1072 4875 2(5)
1107 4822 1120 4858 :
1161 4827 1177 4857 ι
1214 4804 1439 4872 ASpieis,
1474 4816 1659 4851 nauem
1688 4808 1742 4850 et
1776 4798 1861 4849 hic
1890 4794 2082 4862 inquit.
2127 4812 2140 4840 ι
2181 4801 2235 4842 et
2266 4790 2354 4842 be-

806 4903 1057 4954 nedicens
1089 4895 1264 4962 fregit,
1303 4905 1353 4945 et
1395 4891 1541 4945 dedit
1587 4888 1861 4956 discipuiis
1909 4900 2019 4937 suis
2067 4891 2121 4935 et
2171 4881 2303 4933 dixit
2340 4898 2350 4930 :

804 4989 1011 5044 Sumite
1075 4996 1129 5039 et
1196 4984 1499 5043 comedite,
1571 4980 1669 5031 hoc
1754 4987 1835 5029 est
1911 4986 2104 5039 corpus
2182 4983 2354 5021 meum

807 5078 1013 5144 (Ibid.).
1053 5095 1070 5125 ι
1098 5072 1357 5126 Similiter
1386 5080 1561 5121 autem
1604 5077 1658 5119 ct
1695 5067 1793 5118 hoc
1840 5063 2048 5114 Marcus
2086 5059 2274 5125 inquit,
2306 5068 2359 5108 et

811 5165 998 5234 reliqui
1034 5181 1045 5216 :
1079 5170 1133 5216 et
1166 5173 1499 5229 nequaquam
1534 5169 1777 5224 azymum
1813 5154 1880 5203 ab
1917 5153 1994 5204 eis
2032 5159 2357 5202 commemo-

812 5269 976 5311 ratur.

886 5367 987 5422 V'll.
1039 5365 1302 5432 Quoniam
1351 5360 1564 5431 quidem
1610 5356 1889 5423 oportebat
1931 5351 2038 5419 pati
2092 5349 2360 5402 Christum

813 5457 1104 5510 secundum
1136 5455 1274 5506 diem
1309 5451 1491 5518 legalis
1526 5448 1753 5515 pasclue,
1791 5445 1841 5496 iu
1874 5458 1974 5509 qua
2014 5450 2068 5492 ct
2097 5449 2265 5505 agnus
2300 5436 2364 5487 ab

820 5544 1053 5596 Hebr-mis
1097 5540 1487 5592 immolabatur.
1541 5534 1787 5603 tlportttit
1829 5532 1968 5583 enim
2014 5528 2127 5579 fieri
2171 5526 2365 5591 pascha

818 5637 884 5686 ab
912 5630 1345 5684 interfectoribus
1378 5627 1465 5679 Dei
1500 5626 1548 5676 in
1577 5632 1725 5676 sexta
1762 5619 1914 5679 feria,
1946 5619 1995 5668 in
2028 5631 2129 5682 qua
2157 5613 2363 5664 tandem

820 5737 872 5779 et
895 5736 1079 5793 quarta
1110 5724 1314 5776 decima
1355 5721 1475 5770 luna
1503 5728 1616 5768 erat
1650 5713 1798 5781 juxta
1839 5712 2062 5771 primum
2102 5716 2362 5762 mensem,

2443 3287 2556 3340 Non
2582 3287 2771 3341 videtis
2792 3287 2913 3356 quia
2947 3282 3227 3338 manifeste
3256 3297 3321 3335 ex
3350 3281 3506 3334 rebus
3528 3280 3842 3349 arguimini,
3870 3295 3998 3347 quo—

2444 3383 2587 3435 niam
2613 3396 2715 3435 non
2743 3389 2865 3434 tunc
2891 3392 3104 3447 azyma,
3132 3390 3251 3428 cum
3269 3375 3519 3441 mysteria
3540 3368 4000 3423 NoviTestamcuti

2446 3471 2675 3524 traderet
2695 3468 2944 3537 apostolis
2968 3463 3244 3520 Christus?

2514 3558 2600 3611 lX.
2644 3558 2930 3612 Ostendam
2976 3554 3124 3607 vobis
3172 3552 3272 3605 boc
3327 3565 3389 3602 ex
3437 3548 3769 3616 legislatione
3821 3545 3995 3613 Moysi.

2446 3648 2704 3716 Loquitur
2750 3646 2892 3699 enim
2930 3659 2943 3695 :
2981 3662 2997 3694 ‹
3038 3642 3126 3695 lla:
3171 3648 3293 3693 sunt
3344 3637 3657 3692 festivitates
3694 3635 3900 3688 Domini
3954 3643 4004 3682 et

2447 3740 2574 3806 ipsae
2620 3745 2842 3797 sancte,
2875 3749 3003 3802 quas
3045 3730 3301 3783 \‘OCultitiS
3332 3729 3381 3779 in
3427 3724 3751 3793 temporibus
3792 3724 3919 3775 suis.
3949 3721 4004 3773 lu

2448 3830 2620 3899 primo
2644 3841 2822 3880 mense
2853 3826 2903 3877 in
2929 3820 3324 3891 quintadecima
3350 3817 3435 3869 die
3477 3815 3678 3869 mensis
3738 3811 3893 3877 hujus
3931 3814 4002 3861 fc-

2447 3930 2585 3974 stum
2622 3928 2927 3984 azymorum
2974 3908 3217 3971 Domini;
3272 3917 3323 3960 et
3381 3905 3431 3957 in
3474 3901 3873 3972 quartadecima
3927 3899 4006 3949 die

2450 4007 2647 4062 mensis
2672 4007 2807 4056 intra
2838 4001 3066 4054 medium
3114 3999 3177 4049 ad
3227 4009 3501 4065 vesperum
3550 3992 3651 4045 erit
3675 3990 3878 4042 Pascha
3913 3988 4006 4041 Do—

2450 4095 2621 4156 rnino;
2653 4086 3193 4157 ctiuquintadeeima
3242 4084 3326 4136 die
3374 4082 3525 4150 hujus
3575 4077 3770 4132 mensis
3822 4077 4005 4129 festum

2452 4196 2757 4253 azymorum
2791 4178 3034 4231 Domino.
3069 4175 3283 4242 Septem
3311 4171 3451 4239 enim
3483 4169 3666 4223 diebus
3688 4180 3879 4235 azyma
3926 4180 4008 4218 co-

2454 4272 2647 4327 medite
2684 4268 2862 4339 (Leuit.
2911 4280 3061 4328 XXIII,
3089 4262 3222 4332 4-6).
3258 4280 3273 4311 ι
3332 4258 3464 4312 Ecce
3507 4258 3648 4311 enim
3697 4271 3763 4308 es
3808 4253 4009 4323 legisla-

2455 4366 2596 4416 tione
2639 4358 2801 4427 Moysi
2845 4354 3128 4415 didicistis,
3182 4352 3432 4420 quoniatn
3482 4362 3584 4400 non
3636 4356 3759 4398 tunc
3807 4358 4007 4412 azyma,

2454 4450 2662 4521 quando
2694 4456 2811 4519 post
2848 4459 3056 4499 caenam
3098 4441 3388 4496 secundum
3435 4438 3573 4489 diem
3628 4434 3832 4501 quinte
3874 4432 4011 4484 feria:

2454 4518 2705 4593 Christus
2725 4534 2942 4590 tradidit
2968 4546 3064 4601 per
3086 4530 3397 4581 fractiouem
3445 4524 3598 4593 panis
3645 4520 3776 4575 Novi
3831 4518 4012 4572 Testa-

2457 4630 2617 4681 menti
2669 4624 3000 4694 mysterium.
3049 4620 3186 4672 Ante
3232 4617 3425 4668 festum
3475 4622 3649 4665 autem
3706 4624 4010 4677 azymorum

2456 4722 2556 4773 hoc
2571 4718 2709 4777 fecit,
2731 4731 2850 4768 cum
2880 4720 3019 4767 esset
3046 4708 3405 4763 lertiadecima
3422 4705 3535 4757 dies
3552 4702 3750 4755 mensis
3796 4700 4003 4765 Quinta-

2458 4809 2659 4863 decima
2689 4804 2829 4858 enim
2858 4802 2943 4855 die
2985 4798 3205 4861 mensis,
3254 4803 3312 4848 ut
3343 4793 3604 4862 legislatio
3634 4790 3852 4857 Moysis,
3905 4796 4011 4840 erat

2459 4897 2650 4951 festum
2678 4905 3006 4963 azymorum.
3068 4888 3132 4940 Et
3161 4886 3405 4940 Christus
3453 4883 3504 4934 in
3537 4881 3665 4934 feria
3697 4889 3849 4932 sexta
3900 4892 4012 4929 cru-

2459 4990 2667 5049 citixus,
2718 4982 3008 5037 secundum
3053 4974 3557 5047 quartamdecimam
3608 4971 3747 5024 diem
3796 4969 4007 5028 mensis,

2461 5076 2672 5145 quando
2693 5066 3145 5125 debebantludzei
3188 5064 3460 5118 immolare
3498 5076 3726 5130 agnum;
3784 5058 4009 5111 Sabbato

2465 5176 2639 5219 autem
2666 5162 2956 5216 secundum
2968 5154 3470 5226 quintamdecimam
3498 5152 3636 5204 diem
3651 5151 3874 5209 mensis,
3899 5159 4008 5198 cum

2463 5263 2606 5311 esset
2635 5252 2824 5306 festum
2848 5261 3174 5316 azymorum,
3210 5244 3260 5295 in
3287 5240 3527 5309 sepulcro
3542 5238 3709 5307 jacuit
3757 5236 3991 5302 sepultus

2465 5347 2664 5411 Azyma
2689 5355 2817 5407 ergo
2853 5339 2975 5389 dum
3003 5350 3104 5389 non
3141 5343 3323 5388 essent
3342 5341 3463 5383 ante
3489 5329 3681 5382 festum
3711 5338 4009 5395 azymorum

2468 5437 2519 5487 iu
2551 5443 2661 5486 toto
2688 5444 2827 5483 anno
2856 5429 2967 5496 ipso
2996 5444 3007 5477 :
3041 5432 3240 5491 septem
3267 5421 3409 5474 enim
3433 5418 3617 5471 diebus
3668 5413 4010 5468 coniectabant

2467 5536 2650 5590 azyma
2674 5517 2861 5578 Judaei,
2885 5530 2981 5567 ceu
3014 5510 3242 5564 instituit
3271 5508 3511 5576 Moyses:
3545 5504 3595 5555 iu
3627 5500 4008 5571 quintadecima

2468 5614 2552 5665 die
2576 5608 2729 5677 primi
2766 5604 2964 5659 mensis
2988 5600 3298 5669 incipientes
3317 5596 3507 5650 festutn
3541 5594 3754 5652 borum,
3803 5590 3892 5643 ubi
3932 5602 4006 5641 ro-

2470 5709 2615 5768 perta
2645 5703 2759 5749 sunt
2800 5706 3006 5761 azyma,
3042 5687 3253 5757 quando
3282 5699 3400 5738 cmn
3433 5681 3707 5743 discipulis
3760 5678 3868 5732 suis
3912 5688 4006 5725 ra:-
