  <div class='ocr_page' id='page_1' title='image "/cluster/home/n/w/nwhite01/storage/ocr_20150623/120/nnc1.0046979972/504.png"; bbox 0 0 4190 6458; ppageno 0'>
   <div class='ocr_carea' id='block_1_1' title="bbox 265 390 400 456">
    <p class='ocr_par' dir='ltr' id='par_1_1' title="bbox 265 390 400 456">
     <span class='ocr_line' id='line_1_1' title="bbox 265 390 400 456; baseline -0.044 0"><span class='ocrx_word' id='word_1_1' title='bbox 265 390 400 456; x_wconf 74' lang='lat'><strong>1017</strong></span> 
     </span>
    </p>
   </div>
   <div class='ocr_carea' id='block_1_2' title="bbox 1515 393 2190 454">
    <p class='ocr_par' dir='ltr' id='par_1_2' title="bbox 1515 393 2190 454">
     <span class='ocr_line' id='line_1_2' title="bbox 1515 393 2190 454; baseline -0.001 0"><span class='ocrx_word' id='word_1_2' title='bbox 1515 395 1813 454; x_wconf 63' lang='lat' dir='ltr'><strong>CUNTHA</strong></span> <span class='ocrx_word' id='word_1_3' title='bbox 1850 393 2190 454; x_wconf 61' lang='lat' dir='ltr'><strong>LATINUS.</strong></span> 
     </span>
    </p>
   </div>
   <div class='ocr_carea' id='block_1_3' title="bbox 3366 394 3500 459">
    <p class='ocr_par' dir='ltr' id='par_1_3' title="bbox 3366 394 3500 459">
     <span class='ocr_line' id='line_1_3' title="bbox 3366 394 3500 459; baseline 0.015 -2"><span class='ocrx_word' id='word_1_4' title='bbox 3366 394 3500 459; x_wconf 82' lang='lat' dir='ltr'><strong>lOl8</strong></span> 
     </span>
    </p>
   </div>
   <div class='ocr_carea' id='block_1_4' title="bbox 260 510 3490 583">
    <p class='ocr_par' dir='ltr' id='par_1_4' title="bbox 260 510 3490 583">
     <span class='ocr_line' id='line_1_4' title="bbox 260 510 3490 583; baseline 0.002 -19"><span class='ocrx_word' id='word_1_5' title='bbox 260 526 382 564; x_wconf 89' lang='lat' dir='ltr'><strong>nam</strong></span> <span class='ocrx_word' id='word_1_6' title='bbox 404 511 708 567; x_wconf 73' lang='lat' dir='ltr'><strong>comedere:</strong></span> <span class='ocrx_word' id='word_1_7' title='bbox 751 510 1028 565; x_wconf 77' lang='lat' dir='ltr'><strong>Christus?</strong></span> <span class='ocrx_word' id='word_1_8' title='bbox 1084 510 1137 562; x_wconf 82' lang='lat' dir='ltr'><strong>Si</strong></span> <span class='ocrx_word' id='word_1_9' title='bbox 1191 526 1332 564; x_wconf 81' lang='lat' dir='ltr'><strong>enim</strong></span> <span class='ocrx_word' id='word_1_10' title='bbox 1384 512 1521 564; x_wconf 84' lang='lat' dir='ltr'><strong>sicut</strong></span> <span class='ocrx_word' id='word_1_11' title='bbox 1564 512 1756 575; x_wconf 76' lang='lat' dir='ltr'><strong>dicitis,</strong></span> <span class='ocrx_word' id='word_1_12' title='bbox 1788 527 1817 564; x_wconf 91' lang='lat' dir='ltr'><strong>a</strong></span> <span class='ocrx_word' id='word_1_13' title='bbox 1846 516 1893 575; x_wconf 76' lang='grc' dir='ltr'><strong>Α</strong></span> <span class='ocrx_word' id='word_1_14' title='bbox 1924 526 2034 565; x_wconf 89' lang='lat' dir='ltr'><strong>rem</strong></span> <span class='ocrx_word' id='word_1_15' title='bbox 2060 512 2201 567; x_wconf 86' lang='lat' dir='ltr'><strong>circa</strong></span> <span class='ocrx_word' id='word_1_16' title='bbox 2253 526 2373 565; x_wconf 90' lang='lat' dir='ltr'><strong>cum</strong></span> <span class='ocrx_word' id='word_1_17' title='bbox 2410 512 2592 565; x_wconf 84' lang='lat' dir='ltr'><strong>fictum</strong></span> <span class='ocrx_word' id='word_1_18' title='bbox 2646 513 2917 567; x_wconf 77' lang='lat' dir='ltr'><strong>habebant</strong></span> <span class='ocrx_word' id='word_1_19' title='bbox 2950 527 3111 582; x_wconf 87' lang='lat' dir='ltr'><strong>quam</strong></span> <span class='ocrx_word' id='word_1_20' title='bbox 3144 514 3390 583; x_wconf 76' lang='lat' dir='ltr'><strong>gaudium</strong></span> <span class='ocrx_word' id='word_1_21' title='bbox 3428 531 3490 569; x_wconf 80' lang='lat' dir='ltr'><strong>ex</strong></span> 
     </span>
    </p>
   </div>
   <div class='ocr_carea' id='block_1_5' title="bbox 260 599 1824 671">
    <p class='ocr_par' dir='ltr' id='par_1_5' title="bbox 260 599 1824 671">
     <span class='ocr_line' id='line_1_5' title="bbox 260 599 1824 671; baseline 0 -19"><span class='ocrx_word' id='word_1_22' title='bbox 260 599 492 653; x_wconf 89' lang='lat' dir='ltr'><strong>Domino</strong></span> <span class='ocrx_word' id='word_1_23' title='bbox 516 600 736 666; x_wconf 80' lang='lat' dir='ltr'><strong>apostoli</strong></span> <span class='ocrx_word' id='word_1_24' title='bbox 768 610 1089 671; x_wconf 78' lang='lat' dir='ltr'><strong>acceperunt</strong></span> <span class='ocrx_word' id='word_1_25' title='bbox 1137 615 1343 670; x_wconf 81' lang='lat' dir='ltr'><strong>azyma,</strong></span> <span class='ocrx_word' id='word_1_26' title='bbox 1402 610 1456 653; x_wconf 88' lang='lat' dir='ltr'><strong>et</strong></span> <span class='ocrx_word' id='word_1_27' title='bbox 1506 600 1579 653; x_wconf 83' lang='lat' dir='ltr'><strong>illi</strong></span> <span class='ocrx_word' id='word_1_28' title='bbox 1633 602 1824 653; x_wconf 88' lang='lat' dir='ltr'><strong>iterum</strong></span> 
     </span>
    </p>
   </div>
   <div class='ocr_carea' id='block_1_6' title="bbox 258 689 1824 759">
    <p class='ocr_par' dir='ltr' id='par_1_6' title="bbox 258 689 1824 759">
     <span class='ocr_line' id='line_1_6' title="bbox 258 689 1824 759; baseline 0.004 -20"><span class='ocrx_word' id='word_1_29' title='bbox 258 689 597 758; x_wconf 86' lang='lat' dir='ltr'><strong>tradiderunt</strong></span> <span class='ocrx_word' id='word_1_30' title='bbox 629 690 780 742; x_wconf 87' lang='lat' dir='ltr'><strong>vobis</strong></span> <span class='ocrx_word' id='word_1_31' title='bbox 815 691 926 743; x_wconf 75' lang='lat' dir='ltr'><strong>hzx-c</strong></span> <span class='ocrx_word' id='word_1_32' title='bbox 952 692 1002 743; x_wconf 91' lang='lat' dir='ltr'><strong>in</strong></span> <span class='ocrx_word' id='word_1_33' title='bbox 1042 691 1208 759; x_wconf 85' lang='lat' dir='ltr'><strong>figura</strong></span> <span class='ocrx_word' id='word_1_34' title='bbox 1263 692 1502 759; x_wconf 83' lang='lat' dir='ltr'><strong>corporis</strong></span> <span class='ocrx_word' id='word_1_35' title='bbox 1545 690 1739 745; x_wconf 76' lang='lat' dir='ltr'><strong>Clit-isti</strong></span> <span class='ocrx_word' id='word_1_36' title='bbox 1773 692 1824 745; x_wconf 93' lang='lat' dir='ltr'><strong>in</strong></span> 
     </span>
    </p>
   </div>
   <div class='ocr_carea' id='block_1_7' title="bbox 256 778 1826 849">
    <p class='ocr_par' dir='ltr' id='par_1_7' title="bbox 256 778 1826 849">
     <span class='ocr_line' id='line_1_7' title="bbox 256 778 1826 849; baseline 0.003 -20"><span class='ocrx_word' id='word_1_37' title='bbox 256 780 514 847; x_wconf 90' lang='lat' dir='ltr'><strong>mysterio</strong></span> <span class='ocrx_word' id='word_1_38' title='bbox 549 778 675 831; x_wconf 75' lang='lat' dir='ltr'><strong>Novi</strong></span> <span class='ocrx_word' id='word_1_39' title='bbox 709 779 1056 842; x_wconf 82' lang='lat' dir='ltr'><strong>&#39;l&#39;estamenti,</strong></span> <span class='ocrx_word' id='word_1_40' title='bbox 1109 780 1232 833; x_wconf 91' lang='lat' dir='ltr'><strong>dum</strong></span> <span class='ocrx_word' id='word_1_41' title='bbox 1278 795 1377 834; x_wconf 89' lang='lat' dir='ltr'><strong>nec</strong></span> <span class='ocrx_word' id='word_1_42' title='bbox 1422 780 1618 834; x_wconf 87' lang='lat' dir='ltr'><strong>ablatio</strong></span> <span class='ocrx_word' id='word_1_43' title='bbox 1673 782 1826 849; x_wconf 87' lang='lat' dir='ltr'><strong>panis</strong></span> 
     </span>
    </p>
   </div>
   <div class='ocr_carea' id='block_1_8' title="bbox 255 866 1824 939">
    <p class='ocr_par' dir='ltr' id='par_1_8' title="bbox 255 866 1824 939">
     <span class='ocr_line' id='line_1_8' title="bbox 255 866 1824 939; baseline 0.003 -21"><span class='ocrx_word' id='word_1_44' title='bbox 255 866 410 920; x_wconf 89' lang='lat' dir='ltr'><strong>fieret</strong></span> <span class='ocrx_word' id='word_1_45' title='bbox 430 869 720 920; x_wconf 67' lang='lat' dir='ltr'><strong>secundum</strong></span> <span class='ocrx_word' id='word_1_46' title='bbox 751 870 1187 922; x_wconf 85' lang='lat' dir='ltr'><strong>constitutionem</strong></span> <span class='ocrx_word' id='word_1_47' title='bbox 1214 869 1400 939; x_wconf 79' lang='lat' dir='ltr'><strong>Moysi,</strong></span> <span class='ocrx_word' id='word_1_48' title='bbox 1446 886 1619 939; x_wconf 84' lang='lat' dir='ltr'><strong>neque</strong></span> <span class='ocrx_word' id='word_1_49' title='bbox 1670 880 1824 924; x_wconf 87' lang='lat' dir='ltr'><strong>erant</strong></span> 
     </span>
    </p>
   </div>
   <div class='ocr_carea' id='block_1_9' title="bbox 256 960 1825 1027">
    <p class='ocr_par' dir='ltr' id='par_1_9' title="bbox 256 960 1825 1027">
     <span class='ocr_line' id='line_1_9' title="bbox 256 960 1825 1027; baseline 0.005 -19"><span class='ocrx_word' id='word_1_50' title='bbox 256 968 384 1009; x_wconf 89' lang='lat' dir='ltr'><strong>tunc</strong></span> <span class='ocrx_word' id='word_1_51' title='bbox 414 972 621 1027; x_wconf 82' lang='lat' dir='ltr'><strong>azyma,</strong></span> <span class='ocrx_word' id='word_1_52' title='bbox 652 960 741 1011; x_wconf 91' lang='lat' dir='ltr'><strong>ubi</strong></span> <span class='ocrx_word' id='word_1_53' title='bbox 767 971 975 1027; x_wconf 88' lang='lat' dir='ltr'><strong>reperta</strong></span> <span class='ocrx_word' id='word_1_54' title='bbox 1019 962 1178 1014; x_wconf 89' lang='lat' dir='ltr'><strong>sunt?</strong></span> <span class='ocrx_word' id='word_1_55' title='bbox 1227 960 1504 1026; x_wconf 79' lang='lat' dir='ltr'><strong>Quomodo</strong></span> <span class='ocrx_word' id='word_1_56' title='bbox 1555 964 1825 1018; x_wconf 83' lang='lat' dir='ltr'><strong>oblivisci-</strong></span> 
     </span>
    </p>
   </div>
   <div class='ocr_carea' id='block_1_10' title="bbox 254 1048 1825 1120">
    <p class='ocr_par' dir='ltr' id='par_1_10' title="bbox 254 1048 1825 1120">
     <span class='ocr_line' id='line_1_10' title="bbox 254 1048 1825 1120; baseline 0.006 -23"><span class='ocrx_word' id='word_1_57' title='bbox 254 1062 376 1099; x_wconf 78' lang='lat' dir='ltr'><strong>niur</strong></span> <span class='ocrx_word' id='word_1_58' title='bbox 419 1048 813 1115; x_wconf 83' lang='lat' dir='ltr'><strong>lcgislationum</strong></span> <span class='ocrx_word' id='word_1_59' title='bbox 867 1049 1097 1119; x_wconf 79' lang='lat' dir='ltr'><strong>Moysis?</strong></span> <span class='ocrx_word' id='word_1_60' title='bbox 1155 1049 1370 1119; x_wconf 86' lang='lat' dir='ltr'><strong>Septem</strong></span> <span class='ocrx_word' id='word_1_61' title='bbox 1425 1066 1653 1120; x_wconf 81' lang='lat' dir='ltr'><strong>namque</strong></span> <span class='ocrx_word' id='word_1_62' title='bbox 1699 1052 1825 1107; x_wconf 90' lang='lat' dir='ltr'><strong>solis</strong></span> 
     </span>
    </p>
   </div>
   <div class='ocr_carea' id='block_1_11' title="bbox 253 1136 1825 1196">
    <p class='ocr_par' dir='ltr' id='par_1_11' title="bbox 253 1136 1825 1196">
     <span class='ocr_line' id='line_1_11' title="bbox 253 1136 1825 1196; baseline 0.006 -10"><span class='ocrx_word' id='word_1_63' title='bbox 253 1136 444 1188; x_wconf 87' lang='lat' dir='ltr'><strong>diebus</strong></span> <span class='ocrx_word' id='word_1_64' title='bbox 472 1136 649 1189; x_wconf 88' lang='lat' dir='ltr'><strong>facere</strong></span> <span class='ocrx_word' id='word_1_65' title='bbox 674 1137 893 1190; x_wconf 90' lang='lat' dir='ltr'><strong>tradidit</strong></span> <span class='ocrx_word' id='word_1_66' title='bbox 938 1140 1110 1191; x_wconf 87' lang='lat' dir='ltr'><strong>vobis.</strong></span> <span class='ocrx_word' id='word_1_67' title='bbox 1168 1139 1272 1193; x_wconf 97' lang='lat' dir='ltr'><strong>Sed</strong></span> <span class='ocrx_word' id='word_1_68' title='bbox 1306 1155 1399 1194; x_wconf 88' lang='lat' dir='ltr'><strong>vos</strong></span> <span class='ocrx_word' id='word_1_69' title='bbox 1436 1140 1487 1193; x_wconf 93' lang='lat' dir='ltr'><strong>in</strong></span> <span class='ocrx_word' id='word_1_70' title='bbox 1539 1150 1649 1195; x_wconf 91' lang='lat' dir='ltr'><strong>toto</strong></span> <span class='ocrx_word' id='word_1_71' title='bbox 1685 1157 1825 1196; x_wconf 89' lang='lat' dir='ltr'><strong>anno</strong></span> 
     </span>
    </p>
   </div>
   <div class='ocr_carea' id='block_1_12' title="bbox 251 1227 1825 1299">
    <p class='ocr_par' dir='ltr' id='par_1_12' title="bbox 251 1227 1825 1299">
     <span class='ocr_line' id='line_1_12' title="bbox 251 1227 1825 1299; baseline 0.007 -22"><span class='ocrx_word' id='word_1_72' title='bbox 251 1227 585 1281; x_wconf 76' lang='lat' dir='ltr'><strong>conculcatis</strong></span> <span class='ocrx_word' id='word_1_73' title='bbox 613 1230 856 1282; x_wconf 89' lang='lat' dir='ltr'><strong>instituta</strong></span> <span class='ocrx_word' id='word_1_74' title='bbox 888 1229 1099 1299; x_wconf 77' lang='lat' dir='ltr'><strong>Moysis.</strong></span> <span class='ocrx_word' id='word_1_75' title='bbox 1138 1232 1199 1284; x_wconf 84' lang='lat' dir='ltr'><strong>Et</strong></span> <span class='ocrx_word' id='word_1_76' title='bbox 1229 1232 1474 1287; x_wconf 85' lang='lat' dir='ltr'><strong>Christus</strong></span> <span class='ocrx_word' id='word_1_77' title='bbox 1520 1248 1623 1287; x_wconf 90' lang='lat' dir='ltr'><strong>non</strong></span> <span class='ocrx_word' id='word_1_78' title='bbox 1666 1250 1825 1289; x_wconf 88' lang='lat' dir='ltr'><strong>vene-</strong></span> 
     </span>
    </p>
   </div>
   <div class='ocr_carea' id='block_1_13' title="bbox 252 1302 1680 1391">
    <p class='ocr_par' dir='ltr' id='par_1_13' title="bbox 252 1302 1680 1391">
     <span class='ocr_line' id='line_1_13' title="bbox 252 1302 1680 1391; baseline 0.006 -24"><span class='ocrx_word' id='word_1_79' title='bbox 252 1325 337 1368; x_wconf 87' lang='lat' dir='ltr'><strong>rat</strong></span> <span class='ocrx_word' id='word_1_80' title='bbox 361 1302 567 1371; x_wconf 57' lang='lat' dir='ltr'><strong>so’lvere</strong></span> <span class='ocrx_word' id='word_1_81' title='bbox 594 1318 784 1387; x_wconf 93' lang='lat' dir='ltr'><strong>legem,</strong></span> <span class='ocrx_word' id='word_1_82' title='bbox 815 1321 907 1373; x_wconf 89' lang='lat' dir='ltr'><strong>sed</strong></span> <span class='ocrx_word' id='word_1_83' title='bbox 939 1322 1228 1388; x_wconf 88' lang='lat' dir='ltr'><strong>adimplere</strong></span> <span class='ocrx_word' id='word_1_84' title='bbox 1259 1322 1467 1384; x_wconf 76' lang='lat' dir='ltr'><strong>(Manli.</strong></span> <span class='ocrx_word' id='word_1_85' title='bbox 1495 1325 1680 1391; x_wconf 78' lang='lat' dir='ltr'><strong>v.17}.</strong></span> 
     </span>
    </p>
   </div>
   <div class='ocr_carea' id='block_1_14' title="bbox 325 1404 1821 1474">
    <p class='ocr_par' dir='ltr' id='par_1_14' title="bbox 325 1404 1821 1474">
     <span class='ocr_line' id='line_1_14' title="bbox 325 1404 1821 1474; baseline 0.005 -16"><span class='ocrx_word' id='word_1_86' title='bbox 325 1404 391 1458; x_wconf 78' lang='grc' dir='ltr'>Χ.</span> <span class='ocrx_word' id='word_1_87' title='bbox 434 1407 596 1460; x_wconf 72' lang='lat' dir='ltr'><strong>Valde</strong></span> <span class='ocrx_word' id='word_1_88' title='bbox 640 1410 782 1461; x_wconf 89' lang='lat' dir='ltr'><strong>enim</strong></span> <span class='ocrx_word' id='word_1_89' title='bbox 834 1410 1111 1464; x_wconf 77' lang='lat' dir='ltr'><strong>veritatem</strong></span> <span class='ocrx_word' id='word_1_90' title='bbox 1161 1412 1442 1474; x_wconf 80' lang='lat' dir='ltr'><strong>obsistitis,</strong></span> <span class='ocrx_word' id='word_1_91' title='bbox 1498 1413 1710 1468; x_wconf 90' lang='lat' dir='ltr'><strong>fratres.</strong></span> <span class='ocrx_word' id='word_1_92' title='bbox 1765 1414 1821 1468; x_wconf 88' lang='lat' dir='ltr'><strong>Si</strong></span> 
     </span>
    </p>
   </div>
   <div class='ocr_carea' id='block_1_15' title="bbox 252 1496 1824 1569">
    <p class='ocr_par' dir='ltr' id='par_1_15' title="bbox 252 1496 1824 1569">
     <span class='ocr_line' id='line_1_15' title="bbox 252 1496 1824 1569; baseline 0.007 -22"><span class='ocrx_word' id='word_1_93' title='bbox 252 1496 395 1548; x_wconf 85' lang='lat' dir='ltr'><strong>enim</strong></span> <span class='ocrx_word' id='word_1_94' title='bbox 452 1498 704 1550; x_wconf 88' lang='lat' dir='ltr'><strong>traditum</strong></span> <span class='ocrx_word' id='word_1_95' title='bbox 767 1499 918 1553; x_wconf 82' lang='lat' dir='ltr'><strong>vobis</strong></span> <span class='ocrx_word' id='word_1_96' title='bbox 971 1498 1073 1552; x_wconf 74' lang='lat' dir='ltr'><strong>fuit</strong></span> <span class='ocrx_word' id='word_1_97' title='bbox 1123 1502 1190 1553; x_wconf 93' lang='lat' dir='ltr'><strong>ab</strong></span> <span class='ocrx_word' id='word_1_98' title='bbox 1232 1502 1487 1569; x_wconf 80' lang='lat' dir='ltr'><strong>apostolis</strong></span> <span class='ocrx_word' id='word_1_99' title='bbox 1545 1505 1824 1559; x_wconf 88' lang='lat' dir='ltr'><strong>comedere</strong></span> 
     </span>
    </p>
   </div>
   <div class='ocr_carea' id='block_1_16' title="bbox 253 1592 1821 1664">
    <p class='ocr_par' dir='ltr' id='par_1_16' title="bbox 253 1592 1821 1664">
     <span class='ocr_line' id='line_1_16' title="bbox 253 1592 1821 1664; baseline 0.007 -27"><span class='ocrx_word' id='word_1_100' title='bbox 253 1602 465 1656; x_wconf 82' lang='lat' dir='ltr'><strong>azyma,</strong></span> <span class='ocrx_word' id='word_1_101' title='bbox 493 1592 762 1656; x_wconf 89' lang='lat' dir='ltr'><strong>quomodo</strong></span> <span class='ocrx_word' id='word_1_102' title='bbox 790 1592 1035 1660; x_wconf 84' lang='lat' dir='ltr'><strong>Agatlton</strong></span> <span class='ocrx_word' id='word_1_103' title='bbox 1068 1595 1440 1649; x_wconf 87' lang='lat' dir='ltr'><strong>sanctissimus</strong></span> <span class='ocrx_word' id='word_1_104' title='bbox 1464 1612 1598 1664; x_wconf 86' lang='lat' dir='ltr'><strong>papa</strong></span> <span class='ocrx_word' id='word_1_105' title='bbox 1625 1609 1821 1656; x_wconf 84' lang='lat' dir='ltr'><strong>vester,</strong></span> 
     </span>
    </p>
   </div>
   <div class='ocr_carea' id='block_1_17' title="bbox 253 1684 1824 1752">
    <p class='ocr_par' dir='ltr' id='par_1_17' title="bbox 253 1684 1824 1752">
     <span class='ocr_line' id='line_1_17' title="bbox 253 1684 1824 1752; baseline 0.007 -24"><span class='ocrx_word' id='word_1_106' title='bbox 253 1691 548 1745; x_wconf 71' lang='lat' dir='ltr'><strong>pmsessor</strong></span> <span class='ocrx_word' id='word_1_107' title='bbox 571 1694 692 1732; x_wconf 89' lang='lat' dir='ltr'><strong>cum</strong></span> <span class='ocrx_word' id='word_1_108' title='bbox 728 1689 873 1733; x_wconf 88' lang='lat' dir='ltr'><strong>esset</strong></span> <span class='ocrx_word' id='word_1_109' title='bbox 902 1691 1065 1734; x_wconf 80' lang='lat' dir='ltr'><strong>sexta:</strong></span> <span class='ocrx_word' id='word_1_110' title='bbox 1109 1684 1296 1752; x_wconf 82' lang='lat' dir='ltr'><strong>synodi</strong></span> <span class='ocrx_word' id='word_1_111' title='bbox 1328 1685 1428 1737; x_wconf 88' lang='lat' dir='ltr'><strong>sub</strong></span> <span class='ocrx_word' id='word_1_112' title='bbox 1467 1685 1824 1739; x_wconf 86' lang='lat' dir='ltr'><strong>Constantino</strong></span> 
     </span>
    </p>
   </div>
   <div class='ocr_carea' id='block_1_18' title="bbox 253 1768 1818 1845">
    <p class='ocr_par' dir='ltr' id='par_1_18' title="bbox 253 1768 1818 1845">
     <span class='ocr_line' id='line_1_18' title="bbox 253 1768 1818 1845; baseline 0.006 -26"><span class='ocrx_word' id='word_1_113' title='bbox 253 1768 598 1835; x_wconf 84' lang='lat' dir='ltr'><strong>imperatore,</strong></span> <span class='ocrx_word' id='word_1_114' title='bbox 627 1780 684 1825; x_wconf 90' lang='lat' dir='ltr'><strong>et</strong></span> <span class='ocrx_word' id='word_1_115' title='bbox 728 1772 940 1827; x_wconf 88' lang='lat' dir='ltr'><strong>divinus</strong></span> <span class='ocrx_word' id='word_1_116' title='bbox 996 1774 1285 1843; x_wconf 75' lang='lat' dir='ltr'><strong>Gregorius</strong></span> <span class='ocrx_word' id='word_1_117' title='bbox 1330 1776 1818 1845; x_wconf 79' lang='lat' dir='ltr'><strong>Acragantinorum</strong></span> 
     </span>
    </p>
   </div>
   <div class='ocr_carea' id='block_1_19' title="bbox 1934 601 3496 671">
    <p class='ocr_par' dir='ltr' id='par_1_19' title="bbox 1934 601 3496 671">
     <span class='ocr_line' id='line_1_19' title="bbox 1934 601 3496 671; baseline 0.006 -18"><span class='ocrx_word' id='word_1_118' title='bbox 1934 601 2189 655; x_wconf 87' lang='lat' dir='ltr'><strong>memoria</strong></span> <span class='ocrx_word' id='word_1_119' title='bbox 2243 601 2435 655; x_wconf 68' lang='lat' dir='ltr'><strong>divina:</strong></span> <span class='ocrx_word' id='word_1_120' title='bbox 2482 603 2830 671; x_wconf 82' lang='lat' dir='ltr'><strong>operationis.</strong></span> <span class='ocrx_word' id='word_1_121' title='bbox 2884 623 2900 655; x_wconf 71' lang='grc' dir='ltr'>ι</span> <span class='ocrx_word' id='word_1_122' title='bbox 2958 605 3335 660; x_wconf 79' lang='lat' dir='ltr'><strong>Verumtamen</strong></span> <span class='ocrx_word' id='word_1_123' title='bbox 3384 608 3496 661; x_wconf 72' lang='lat' dir='ltr'><strong>lure</strong></span> 
     </span>
    </p>
   </div>
   <div class='ocr_carea' id='block_1_20' title="bbox 1930 688 3495 758">
    <p class='ocr_par' dir='ltr' id='par_1_20' title="bbox 1930 688 3495 758">
     <span class='ocr_line' id='line_1_20' title="bbox 1930 688 3495 758; baseline 0.005 -18"><span class='ocrx_word' id='word_1_124' title='bbox 1930 690 2157 758; x_wconf 82' lang='lat' dir='ltr'><strong>mystice</strong></span> <span class='ocrx_word' id='word_1_125' title='bbox 2185 703 2279 757; x_wconf 86' lang='lat' dir='ltr'><strong>per</strong></span> <span class='ocrx_word' id='word_1_126' title='bbox 2309 688 2637 742; x_wconf 82' lang='lat' dir='ltr'><strong>Clementem</strong></span> <span class='ocrx_word' id='word_1_127' title='bbox 2676 704 2868 758; x_wconf 86' lang='lat' dir='ltr'><strong>papam</strong></span> <span class='ocrx_word' id='word_1_128' title='bbox 2922 692 3338 746; x_wconf 87' lang='lat' dir='ltr'><strong>constituentem</strong></span> <span class='ocrx_word' id='word_1_129' title='bbox 3391 711 3495 749; x_wconf 90' lang='lat' dir='ltr'><strong>non</strong></span> 
     </span>
    </p>
   </div>
   <div class='ocr_carea' id='block_1_21' title="bbox 1926 780 3494 851">
    <p class='ocr_par' dir='ltr' id='par_1_21' title="bbox 1926 780 3494 851">
     <span class='ocr_line' id='line_1_21' title="bbox 1926 780 3494 851; baseline 0.004 -19"><span class='ocrx_word' id='word_1_130' title='bbox 1926 788 2189 834; x_wconf 88' lang='lat' dir='ltr'><strong>steterunt</strong></span> <span class='ocrx_word' id='word_1_131' title='bbox 2244 780 2354 843; x_wconf 88' lang='lat' dir='ltr'><strong>hic,</strong></span> <span class='ocrx_word' id='word_1_132' title='bbox 2404 781 2494 833; x_wconf 88' lang='lat' dir='ltr'><strong>sed</strong></span> <span class='ocrx_word' id='word_1_133' title='bbox 2527 782 2761 834; x_wconf 85' lang='lat' dir='ltr'><strong>scientes</strong></span> <span class='ocrx_word' id='word_1_134' title='bbox 2799 798 3047 851; x_wconf 86' lang='lat' dir='ltr'><strong>magnam</strong></span> <span class='ocrx_word' id='word_1_135' title='bbox 3097 785 3494 839; x_wconf 85' lang='lat' dir='ltr'><strong>damnationem</strong></span> 
     </span>
    </p>
   </div>
   <div class='ocr_carea' id='block_1_22' title="bbox 1925 869 3495 938">
    <p class='ocr_par' dir='ltr' id='par_1_22' title="bbox 1925 869 3495 938">
     <span class='ocr_line' id='line_1_22' title="bbox 1925 869 3495 938; baseline 0.003 -16"><span class='ocrx_word' id='word_1_136' title='bbox 1925 883 2044 922; x_wconf 90' lang='lat' dir='ltr'><strong>esse</strong></span> <span class='ocrx_word' id='word_1_137' title='bbox 2096 870 2344 938; x_wconf 84' lang='lat' dir='ltr'><strong>jejunarc</strong></span> <span class='ocrx_word' id='word_1_138' title='bbox 2394 869 2628 925; x_wconf 88' lang='lat' dir='ltr'><strong>Sabbata</strong></span> <span class='ocrx_word' id='word_1_139' title='bbox 2660 911 2674 931; x_wconf 89' lang='lat'><strong>,</strong></span> <span class='ocrx_word' id='word_1_140' title='bbox 2725 873 3277 928; x_wconf 81' lang='lat' dir='ltr'><strong>excommunicatione</strong></span> <span class='ocrx_word' id='word_1_141' title='bbox 3321 874 3495 929; x_wconf 86' lang='lat' dir='ltr'><strong>valida</strong></span> 
     </span>
    </p>
   </div>
   <div class='ocr_carea' id='block_1_23' title="bbox 1926 957 3497 1033">
    <p class='ocr_par' dir='ltr' id='par_1_23' title="bbox 1926 957 3497 1033">
     <span class='ocr_line' id='line_1_23' title="bbox 1926 957 3497 1033; baseline 0.006 -24"><span class='ocrx_word' id='word_1_142' title='bbox 1926 957 2296 1023; x_wconf 81' lang='lat' dir='ltr'><strong>ligantcxhoc</strong></span> <span class='ocrx_word' id='word_1_143' title='bbox 2329 959 2643 1013; x_wconf 78' lang='lat' dir='ltr'><strong>Ecclesiam.</strong></span> <span class='ocrx_word' id='word_1_144' title='bbox 2692 960 2833 1015; x_wconf 88' lang='lat' dir='ltr'><strong>Dicit</strong></span> <span class='ocrx_word' id='word_1_145' title='bbox 2881 962 3023 1015; x_wconf 87' lang='lat' dir='ltr'><strong>cnim</strong></span> <span class='ocrx_word' id='word_1_146' title='bbox 3060 964 3111 1015; x_wconf 91' lang='lat' dir='ltr'><strong>in</strong></span> <span class='ocrx_word' id='word_1_147' title='bbox 3164 965 3497 1033; x_wconf 86' lang='lat' dir='ltr'><strong>sexagesimo</strong></span> 
     </span>
    </p>
   </div>
   <div class='ocr_carea' id='block_1_24' title="bbox 1924 1048 3500 1119">
    <p class='ocr_par' dir='ltr' id='par_1_24' title="bbox 1924 1048 3500 1119">
     <span class='ocr_line' id='line_1_24' title="bbox 1924 1048 3500 1119; baseline 0.003 -16"><span class='ocrx_word' id='word_1_148' title='bbox 1924 1059 2120 1119; x_wconf 89' lang='lat' dir='ltr'><strong>quarto</strong></span> <span class='ocrx_word' id='word_1_149' title='bbox 2146 1066 2350 1105; x_wconf 84' lang='lat' dir='ltr'><strong>canone</strong></span> <span class='ocrx_word' id='word_1_150' title='bbox 2385 1092 2396 1102; x_wconf 92' lang='lat'><strong>.</strong></span> <span class='ocrx_word' id='word_1_151' title='bbox 2434 1068 2451 1100; x_wconf 86' lang='grc'><strong>‹</strong></span> <span class='ocrx_word' id='word_1_152' title='bbox 2486 1048 2539 1103; x_wconf 89' lang='lat' dir='ltr'><strong>Si</strong></span> <span class='ocrx_word' id='word_1_153' title='bbox 2575 1051 2695 1118; x_wconf 91' lang='lat' dir='ltr'><strong>quis</strong></span> <span class='ocrx_word' id='word_1_154' title='bbox 2744 1052 2995 1105; x_wconf 89' lang='lat' dir='ltr'><strong>inventus</strong></span> <span class='ocrx_word' id='word_1_155' title='bbox 3049 1052 3207 1107; x_wconf 88' lang='lat' dir='ltr'><strong>fuerit</strong></span> <span class='ocrx_word' id='word_1_156' title='bbox 3259 1053 3500 1107; x_wconf 91' lang='lat' dir='ltr'><strong>Domini-</strong></span> 
     </span>
    </p>
   </div>
   <div class='ocr_carea' id='block_1_25' title="bbox 1923 1138 3497 1209">
    <p class='ocr_par' dir='ltr' id='par_1_25' title="bbox 1923 1138 3497 1209">
     <span class='ocr_line' id='line_1_25' title="bbox 1923 1138 3497 1209; baseline 0.001 -16"><span class='ocrx_word' id='word_1_157' title='bbox 1923 1154 2044 1193; x_wconf 90' lang='lat' dir='ltr'><strong>cum</strong></span> <span class='ocrx_word' id='word_1_158' title='bbox 2077 1139 2218 1193; x_wconf 89' lang='lat' dir='ltr'><strong>diem</strong></span> <span class='ocrx_word' id='word_1_159' title='bbox 2262 1140 2529 1209; x_wconf 90' lang='lat' dir='ltr'><strong>jejunare,</strong></span> <span class='ocrx_word' id='word_1_160' title='bbox 2584 1148 2675 1192; x_wconf 90' lang='lat' dir='ltr'><strong>aut</strong></span> <span class='ocrx_word' id='word_1_161' title='bbox 2721 1138 3040 1204; x_wconf 88' lang='lat' dir='ltr'><strong>Sabbatum,</strong></span> <span class='ocrx_word' id='word_1_162' title='bbox 3098 1150 3291 1209; x_wconf 71' lang='lat' dir='ltr'><strong>praeter</strong></span> <span class='ocrx_word' id='word_1_163' title='bbox 3334 1158 3497 1195; x_wconf 88' lang='lat' dir='ltr'><strong>unum</strong></span> 
     </span>
    </p>
   </div>
   <div class='ocr_carea' id='block_1_26' title="bbox 1925 1232 3494 1301">
    <p class='ocr_par' dir='ltr' id='par_1_26' title="bbox 1925 1232 3494 1301">
     <span class='ocr_line' id='line_1_26' title="bbox 1925 1232 3494 1301; baseline 0.001 -16"><span class='ocrx_word' id='word_1_164' title='bbox 1925 1232 2119 1295; x_wconf 91' lang='lat' dir='ltr'><strong>solum,</strong></span> <span class='ocrx_word' id='word_1_165' title='bbox 2148 1232 2477 1300; x_wconf 88' lang='lat' dir='ltr'><strong>deponatur;</strong></span> <span class='ocrx_word' id='word_1_166' title='bbox 2504 1233 2546 1285; x_wconf 87' lang='lat' dir='ltr'><strong>si</strong></span> <span class='ocrx_word' id='word_1_167' title='bbox 2581 1240 2759 1285; x_wconf 90' lang='lat' dir='ltr'><strong>autem</strong></span> <span class='ocrx_word' id='word_1_168' title='bbox 2799 1233 2987 1298; x_wconf 83' lang='lat' dir='ltr'><strong>laicus,</strong></span> <span class='ocrx_word' id='word_1_169' title='bbox 3047 1242 3433 1301; x_wconf 87' lang='lat' dir='ltr'><strong>sequestrctur.</strong></span> <span class='ocrx_word' id='word_1_170' title='bbox 3475 1253 3494 1286; x_wconf 72' lang='grc' dir='ltr'><strong><em>ι</em></strong></span> 
     </span>
    </p>
   </div>
   <div class='ocr_carea' id='block_1_27' title="bbox 1996 1321 3500 1395">
    <p class='ocr_par' dir='ltr' id='par_1_27' title="bbox 1996 1321 3500 1395">
     <span class='ocr_line' id='line_1_27' title="bbox 1996 1321 3500 1395; baseline 0.002 -20"><span class='ocrx_word' id='word_1_171' title='bbox 1996 1322 2107 1375; x_wconf 78' lang='grc' dir='ltr'><strong>ΧΙΙ.</strong></span> <span class='ocrx_word' id='word_1_172' title='bbox 2151 1321 2259 1375; x_wconf 90' lang='lat' dir='ltr'><strong>lloc</strong></span> <span class='ocrx_word' id='word_1_173' title='bbox 2288 1330 2464 1374; x_wconf 88' lang='lat' dir='ltr'><strong>autem</strong></span> <span class='ocrx_word' id='word_1_174' title='bbox 2488 1332 2850 1390; x_wconf 67' lang='lat' dir='ltr'><strong>exsequentes</strong></span> <span class='ocrx_word' id='word_1_175' title='bbox 2881 1332 2936 1376; x_wconf 90' lang='lat' dir='ltr'><strong>et</strong></span> <span class='ocrx_word' id='word_1_176' title='bbox 2964 1324 3056 1393; x_wconf 85' lang='lat' dir='ltr'><strong>qui</strong></span> <span class='ocrx_word' id='word_1_177' title='bbox 3110 1324 3162 1376; x_wconf 92' lang='lat' dir='ltr'><strong>in</strong></span> <span class='ocrx_word' id='word_1_178' title='bbox 3218 1332 3370 1378; x_wconf 84' lang='lat' dir='ltr'><strong>sexta</strong></span> <span class='ocrx_word' id='word_1_179' title='bbox 3412 1339 3500 1395; x_wconf 88' lang='lat' dir='ltr'><strong>sy-</strong></span> 
     </span>
    </p>
   </div>
   <div class='ocr_carea' id='block_1_28' title="bbox 1927 1410 3500 1479">
    <p class='ocr_par' dir='ltr' id='par_1_28' title="bbox 1927 1410 3500 1479">
     <span class='ocr_line' id='line_1_28' title="bbox 1927 1410 3500 1479; baseline 0 -16"><span class='ocrx_word' id='word_1_180' title='bbox 1927 1412 2066 1463; x_wconf 92' lang='lat' dir='ltr'><strong>nodo</strong></span> <span class='ocrx_word' id='word_1_181' title='bbox 2090 1410 2300 1473; x_wconf 90' lang='lat' dir='ltr'><strong>Palres,</strong></span> <span class='ocrx_word' id='word_1_182' title='bbox 2336 1412 2722 1464; x_wconf 85' lang='lat' dir='ltr'><strong>convenienter</strong></span> <span class='ocrx_word' id='word_1_183' title='bbox 2748 1410 2873 1464; x_wconf 87' lang='lat' dir='ltr'><strong>huic</strong></span> <span class='ocrx_word' id='word_1_184' title='bbox 2902 1412 2979 1465; x_wconf 91' lang='lat' dir='ltr'><strong>sic</strong></span> <span class='ocrx_word' id='word_1_185' title='bbox 3003 1412 3343 1479; x_wconf 89' lang='lat' dir='ltr'><strong>promulgant</strong></span> <span class='ocrx_word' id='word_1_186' title='bbox 3375 1427 3500 1465; x_wconf 90' lang='lat' dir='ltr'><strong>san-</strong></span> 
     </span>
    </p>
   </div>
   <div class='ocr_carea' id='block_1_29' title="bbox 1924 1498 3500 1569">
    <p class='ocr_par' dir='ltr' id='par_1_29' title="bbox 1924 1498 3500 1569">
     <span class='ocr_line' id='line_1_29' title="bbox 1924 1498 3500 1569; baseline 0.003 -20"><span class='ocrx_word' id='word_1_187' title='bbox 1924 1507 2031 1563; x_wconf 88' lang='lat' dir='ltr'><strong>cte,</strong></span> <span class='ocrx_word' id='word_1_188' title='bbox 2070 1499 2389 1566; x_wconf 51' lang='lat' dir='ltr'><strong>praesidente</strong></span> <span class='ocrx_word' id='word_1_189' title='bbox 2427 1499 2631 1568; x_wconf 87' lang='lat' dir='ltr'><strong>synodo</strong></span> <span class='ocrx_word' id='word_1_190' title='bbox 2665 1498 2948 1567; x_wconf 81' lang='lat' dir='ltr'><strong>Agathone</strong></span> <span class='ocrx_word' id='word_1_191' title='bbox 2998 1516 3130 1569; x_wconf 84' lang='lat' dir='ltr'><strong>papa</strong></span> <span class='ocrx_word' id='word_1_192' title='bbox 3191 1501 3395 1563; x_wconf 65' lang='lat' dir='ltr'><strong>Romae,</strong></span> <span class='ocrx_word' id='word_1_193' title='bbox 3446 1509 3500 1553; x_wconf 86' lang='lat' dir='ltr'><strong>et</strong></span> 
     </span>
    </p>
   </div>
   <div class='ocr_carea' id='block_1_30' title="bbox 1923 1588 3494 1660">
    <p class='ocr_par' dir='ltr' id='par_1_30' title="bbox 1923 1588 3494 1660">
     <span class='ocr_line' id='line_1_30' title="bbox 1923 1588 3494 1660; baseline 0.002 -17"><span class='ocrx_word' id='word_1_194' title='bbox 1923 1588 2180 1659; x_wconf 79' lang='lat' dir='ltr'><strong>Gregorio</strong></span> <span class='ocrx_word' id='word_1_195' title='bbox 2200 1605 2320 1643; x_wconf 91' lang='lat' dir='ltr'><strong>cum</strong></span> <span class='ocrx_word' id='word_1_196' title='bbox 2345 1589 2920 1659; x_wconf 81' lang='lat' dir='ltr'><strong>eisAgrigeatinorum&#39;</strong></span> <span class='ocrx_word' id='word_1_197' title='bbox 2935 1592 3187 1660; x_wconf 81' lang='lat' dir='ltr'><strong>episcopo</strong></span> <span class='ocrx_word' id='word_1_198' title='bbox 3201 1604 3462 1660; x_wconf 65' lang='lat' dir='ltr'><strong>prmsente</strong></span> <span class='ocrx_word' id='word_1_199' title='bbox 3483 1613 3494 1646; x_wconf 91' lang='lat'><strong>:</strong></span> 
     </span>
    </p>
   </div>
   <div class='ocr_carea' id='block_1_31' title="bbox 1931 1680 3495 1751">
    <p class='ocr_par' dir='ltr' id='par_1_31' title="bbox 1931 1680 3495 1751">
     <span class='ocr_line' id='line_1_31' title="bbox 1931 1680 3495 1751; baseline 0.005 -19"><span class='ocrx_word' id='word_1_200' title='bbox 1931 1699 1946 1732; x_wconf 79' lang='grc' dir='ltr'>ι</span> <span class='ocrx_word' id='word_1_201' title='bbox 1976 1680 2240 1746; x_wconf 77' lang='lat' dir='ltr'><strong>Quoniam</strong></span> <span class='ocrx_word' id='word_1_202' title='bbox 2268 1682 2481 1749; x_wconf 88' lang='lat' dir='ltr'><strong>quidem</strong></span> <span class='ocrx_word' id='word_1_203' title='bbox 2512 1681 2769 1735; x_wconf 89' lang='lat' dir='ltr'><strong>discimus</strong></span> <span class='ocrx_word' id='word_1_204' title='bbox 2793 1698 2886 1737; x_wconf 90' lang='lat' dir='ltr'><strong>eos</strong></span> <span class='ocrx_word' id='word_1_205' title='bbox 2913 1684 3003 1751; x_wconf 87' lang='lat' dir='ltr'><strong>qui</strong></span> <span class='ocrx_word' id='word_1_206' title='bbox 3047 1685 3098 1737; x_wconf 94' lang='lat' dir='ltr'><strong>in</strong></span> <span class='ocrx_word' id='word_1_207' title='bbox 3132 1684 3495 1740; x_wconf 80' lang='lat' dir='ltr'><strong>Romanorum</strong></span> 
     </span>
    </p>
   </div>
   <div class='ocr_carea' id='block_1_32' title="bbox 1924 1771 3500 1843">
    <p class='ocr_par' dir='ltr' id='par_1_32' title="bbox 1924 1771 3500 1843">
     <span class='ocr_line' id='line_1_32' title="bbox 1924 1771 3500 1843; baseline 0.004 -20"><span class='ocrx_word' id='word_1_208' title='bbox 1924 1772 2055 1824; x_wconf 69' lang='lat' dir='ltr'><strong>urbe</strong></span> <span class='ocrx_word' id='word_1_209' title='bbox 2081 1782 2225 1835; x_wconf 90' lang='lat' dir='ltr'><strong>sunt,</strong></span> <span class='ocrx_word' id='word_1_210' title='bbox 2252 1771 2303 1824; x_wconf 92' lang='lat' dir='ltr'><strong>in</strong></span> <span class='ocrx_word' id='word_1_211' title='bbox 2332 1781 2529 1825; x_wconf 75' lang='lat' dir='ltr'><strong>sancta:</strong></span> <span class='ocrx_word' id='word_1_212' title='bbox 2587 1772 3024 1843; x_wconf 74' lang='lat' dir='ltr'><strong>Quadragesimte</strong></span> <span class='ocrx_word' id='word_1_213' title='bbox 3048 1773 3270 1842; x_wconf 74' lang='lat' dir='ltr'><strong>jejuniis</strong></span> <span class='ocrx_word' id='word_1_214' title='bbox 3311 1778 3500 1832; x_wconf 89' lang='lat' dir='ltr'><strong>eadem</strong></span> 
     </span>
    </p>
   </div>
   <div class='ocr_carea' id='block_1_33' title="bbox 250 1855 3499 1939">
    <p class='ocr_par' dir='ltr' id='par_1_33' title="bbox 250 1855 3499 1939">
     <span class='ocr_line' id='line_1_33' title="bbox 250 1855 3499 1939; baseline 0.008 -43"><span class='ocrx_word' id='word_1_215' title='bbox 250 1858 536 1927; x_wconf 59' lang='lat' dir='ltr'><strong>episcopus</strong></span> <span class='ocrx_word' id='word_1_216' title='bbox 564 1877 668 1915; x_wconf 83' lang='grc' dir='ltr'><strong>ηοη</strong></span> <span class='ocrx_word' id='word_1_217' title='bbox 696 1862 1040 1929; x_wconf 49' lang='lat' dir='ltr'><strong>abstinuere;</strong></span> <span class='ocrx_word' id='word_1_218' title='bbox 1080 1880 1224 1927; x_wconf 52' lang='lat' dir='ltr'><strong>cum,</strong></span> <span class='ocrx_word' id='word_1_219' title='bbox 1258 1867 1397 1922; x_wconf 51' lang='lat' dir='ltr'><strong>sic&quot;;</strong></span> <span class='ocrx_word' id='word_1_220' title='bbox 1448 1867 1606 1934; x_wconf 70' lang='lat' dir='ltr'><strong>hujus</strong></span> <span class='ocrx_word' id='word_1_221' title='bbox 1638 1870 1823 1939; x_wconf 70' lang='lat' dir='ltr'><strong>synodi</strong></span> <span class='ocrx_word' id='word_1_222' title='bbox 1861 1855 1899 1910; x_wconf 85' lang='grc' dir='ltr'><strong>Β</strong></span> <span class='ocrx_word' id='word_1_223' title='bbox 1930 1860 2164 1915; x_wconf 84' lang='lat' dir='ltr'><strong>Sabbata</strong></span> <span class='ocrx_word' id='word_1_224' title='bbox 2188 1859 2434 1928; x_wconf 89' lang='lat' dir='ltr'><strong>jejunare</strong></span> <span class='ocrx_word' id='word_1_225' title='bbox 2462 1873 2618 1916; x_wconf 77' lang='lat' dir='ltr'><strong>extra</strong></span> <span class='ocrx_word' id='word_1_226' title='bbox 2651 1864 2902 1917; x_wconf 86' lang='lat' dir='ltr'><strong>traditam</strong></span> <span class='ocrx_word' id='word_1_227' title='bbox 2930 1866 3031 1919; x_wconf 91' lang='lat' dir='ltr'><strong>sibi</strong></span> <span class='ocrx_word' id='word_1_228' title='bbox 3076 1866 3499 1922; x_wconf 85' lang='lat' dir='ltr'><strong>ecclesiasticam</strong></span> 
     </span>
    </p>
   </div>
   <div class='ocr_carea' id='block_1_34' title="bbox 250 1947 1825 2026">
    <p class='ocr_par' dir='ltr' id='par_1_34' title="bbox 250 1947 1825 2026">
     <span class='ocr_line' id='line_1_34' title="bbox 250 1947 1825 2026; baseline 0.009 -27"><span class='ocrx_word' id='word_1_229' title='bbox 250 1947 417 2001; x_wconf 87' lang='lat' dir='ltr'><strong>divini</strong></span> <span class='ocrx_word' id='word_1_230' title='bbox 442 1948 650 2016; x_wconf 83' lang='lat' dir='ltr'><strong>Patres,</strong></span> <span class='ocrx_word' id='word_1_231' title='bbox 679 1953 967 2008; x_wconf 87' lang='lat' dir='ltr'><strong>adversum</strong></span> <span class='ocrx_word' id='word_1_232' title='bbox 998 1971 1183 2026; x_wconf 85' lang='lat' dir='ltr'><strong>azyma</strong></span> <span class='ocrx_word' id='word_1_233' title='bbox 1218 1956 1386 2026; x_wconf 88' lang='lat' dir='ltr'><strong>legem</strong></span> <span class='ocrx_word' id='word_1_234' title='bbox 1421 1960 1825 2015; x_wconf 88' lang='lat' dir='ltr'><strong>constituissent</strong></span> 
     </span>
    </p>
   </div>
   <div class='ocr_carea' id='block_1_35' title="bbox 249 2039 1826 2110">
    <p class='ocr_par' dir='ltr' id='par_1_35' title="bbox 249 2039 1826 2110">
     <span class='ocr_line' id='line_1_35' title="bbox 249 2039 1826 2110; baseline 0.01 -23"><span class='ocrx_word' id='word_1_235' title='bbox 249 2050 280 2087; x_wconf 92' lang='lat' dir='ltr'><strong>a</strong></span> <span class='ocrx_word' id='word_1_236' title='bbox 313 2039 525 2092; x_wconf 88' lang='lat' dir='ltr'><strong>nemine</strong></span> <span class='ocrx_word' id='word_1_237' title='bbox 555 2039 791 2095; x_wconf 88' lang='lat' dir='ltr'><strong>fidelium</strong></span> <span class='ocrx_word' id='word_1_238' title='bbox 824 2042 923 2098; x_wconf 86' lang='lat' dir='ltr'><strong>hoc</strong></span> <span class='ocrx_word' id='word_1_239' title='bbox 950 2043 1102 2098; x_wconf 84' lang='lat' dir='ltr'><strong>ﬁeri?</strong></span> <span class='ocrx_word' id='word_1_240' title='bbox 1129 2045 1214 2110; x_wconf 88' lang='lat' dir='ltr'><strong>Et,</strong></span> <span class='ocrx_word' id='word_1_241' title='bbox 1247 2055 1303 2099; x_wconf 93' lang='lat' dir='ltr'><strong>ut</strong></span> <span class='ocrx_word' id='word_1_242' title='bbox 1344 2048 1623 2102; x_wconf 84' lang='lat' dir='ltr'><strong>ostendam</strong></span> <span class='ocrx_word' id='word_1_243' title='bbox 1674 2050 1826 2102; x_wconf 84' lang='lat' dir='ltr'><strong>vobis</strong></span> 
     </span>
    </p>
   </div>
   <div class='ocr_carea' id='block_1_36' title="bbox 249 2124 1823 2205">
    <p class='ocr_par' dir='ltr' id='par_1_36' title="bbox 249 2124 1823 2205">
     <span class='ocr_line' id='line_1_36' title="bbox 249 2124 1823 2205; baseline 0.009 -26"><span class='ocrx_word' id='word_1_244' title='bbox 249 2124 444 2180; x_wconf 85' lang='lat' dir='ltr'><strong>horum</strong></span> <span class='ocrx_word' id='word_1_245' title='bbox 476 2127 866 2197; x_wconf 82' lang='lat' dir='ltr'><strong>legislationem</strong></span> <span class='ocrx_word' id='word_1_246' title='bbox 897 2143 1087 2188; x_wconf 92' lang='lat' dir='ltr'><strong>contra</strong></span> <span class='ocrx_word' id='word_1_247' title='bbox 1148 2150 1359 2205; x_wconf 79' lang='lat' dir='ltr'><strong>azyma,</strong></span> <span class='ocrx_word' id='word_1_248' title='bbox 1393 2137 1589 2203; x_wconf 88' lang='lat' dir='ltr'><strong>adjicio</strong></span> <span class='ocrx_word' id='word_1_249' title='bbox 1629 2139 1823 2193; x_wconf 88' lang='lat' dir='ltr'><strong>rationi</strong></span> 
     </span>
    </p>
   </div>
   <div class='ocr_carea' id='block_1_37' title="bbox 247 2220 1823 2301">
    <p class='ocr_par' dir='ltr' id='par_1_37' title="bbox 247 2220 1823 2301">
     <span class='ocr_line' id='line_1_37' title="bbox 247 2220 1823 2301; baseline 0.01 -32"><span class='ocrx_word' id='word_1_250' title='bbox 247 2224 304 2269; x_wconf 83' lang='lat' dir='ltr'><strong>et</strong></span> <span class='ocrx_word' id='word_1_251' title='bbox 332 2231 589 2272; x_wconf 79' lang='lat' dir='ltr'><strong>canonem</strong></span> <span class='ocrx_word' id='word_1_252' title='bbox 611 2220 847 2288; x_wconf 90' lang='lat' dir='ltr'><strong>ipsorum</strong></span> <span class='ocrx_word' id='word_1_253' title='bbox 874 2223 952 2278; x_wconf 86' lang='lat' dir='ltr'><strong>sic</strong></span> <span class='ocrx_word' id='word_1_254' title='bbox 980 2225 1263 2279; x_wconf 86' lang='lat' dir='ltr'><strong>habentem</strong></span> <span class='ocrx_word' id='word_1_255' title='bbox 1290 2227 1343 2281; x_wconf 91' lang='lat' dir='ltr'><strong>in</strong></span> <span class='ocrx_word' id='word_1_256' title='bbox 1368 2229 1653 2283; x_wconf 83' lang='lat' dir='ltr'><strong>undecimo</strong></span> <span class='ocrx_word' id='word_1_257' title='bbox 1672 2231 1823 2301; x_wconf 88' lang='lat' dir='ltr'><strong>capi-</strong></span> 
     </span>
    </p>
   </div>
   <div class='ocr_carea' id='block_1_38' title="bbox 251 2308 1825 2388">
    <p class='ocr_par' dir='ltr' id='par_1_38' title="bbox 251 2308 1825 2388">
     <span class='ocr_line' id='line_1_38' title="bbox 251 2308 1825 2388; baseline 0.012 -29"><span class='ocrx_word' id='word_1_258' title='bbox 251 2308 367 2362; x_wconf 87' lang='lat' dir='ltr'><strong>tulo</strong></span> <span class='ocrx_word' id='word_1_259' title='bbox 399 2327 412 2362; x_wconf 88' lang='lat'><strong>:</strong></span> <span class='ocrx_word' id='word_1_260' title='bbox 441 2328 460 2359; x_wconf 79' lang='lat' dir='ltr'><strong>r</strong></span> <span class='ocrx_word' id='word_1_261' title='bbox 496 2310 668 2367; x_wconf 84' lang='lat' dir='ltr'><strong>Nemo</strong></span> <span class='ocrx_word' id='word_1_262' title='bbox 694 2314 749 2367; x_wconf 91' lang='lat' dir='ltr'><strong>in</strong></span> <span class='ocrx_word' id='word_1_263' title='bbox 781 2317 1107 2370; x_wconf 85' lang='lat' dir='ltr'><strong>sacerdotali</strong></span> <span class='ocrx_word' id='word_1_264' title='bbox 1140 2320 1466 2376; x_wconf 87' lang='lat' dir='ltr'><strong>constitutus</strong></span> <span class='ocrx_word' id='word_1_265' title='bbox 1494 2321 1707 2388; x_wconf 89' lang='lat' dir='ltr'><strong>ordine,</strong></span> <span class='ocrx_word' id='word_1_266' title='bbox 1732 2332 1825 2378; x_wconf 89' lang='lat' dir='ltr'><strong>aut</strong></span> 
     </span>
    </p>
   </div>
   <div class='ocr_carea' id='block_1_39' title="bbox 252 2399 1823 2481">
    <p class='ocr_par' dir='ltr' id='par_1_39' title="bbox 252 2399 1823 2481">
     <span class='ocr_line' id='line_1_39' title="bbox 252 2399 1823 2481; baseline 0.01 -31"><span class='ocrx_word' id='word_1_267' title='bbox 252 2399 437 2463; x_wconf 87' lang='lat' dir='ltr'><strong>laicus,</strong></span> <span class='ocrx_word' id='word_1_268' title='bbox 464 2415 528 2455; x_wconf 88' lang='lat' dir='ltr'><strong>ea</strong></span> <span class='ocrx_word' id='word_1_269' title='bbox 572 2417 692 2470; x_wconf 75' lang='lat' dir='ltr'><strong>qua:</strong></span> <span class='ocrx_word' id='word_1_270' title='bbox 734 2406 874 2473; x_wconf 89' lang='lat' dir='ltr'><strong>apud</strong></span> <span class='ocrx_word' id='word_1_271' title='bbox 912 2404 1126 2463; x_wconf 71' lang='lat' dir='ltr'><strong>Judteos</strong></span> <span class='ocrx_word' id='word_1_272' title='bbox 1170 2412 1502 2481; x_wconf 85' lang='lat' dir='ltr'><strong>suntazyma</strong></span> <span class='ocrx_word' id='word_1_273' title='bbox 1552 2414 1823 2478; x_wconf 87' lang='lat' dir='ltr'><strong>comedat,</strong></span> 
     </span>
    </p>
   </div>
   <div class='ocr_carea' id='block_1_40' title="bbox 251 2494 1820 2568">
    <p class='ocr_par' dir='ltr' id='par_1_40' title="bbox 251 2494 1820 2568">
     <span class='ocr_line' id='line_1_40' title="bbox 251 2494 1820 2568; baseline 0.011 -27"><span class='ocrx_word' id='word_1_274' title='bbox 251 2498 347 2543; x_wconf 83' lang='lat' dir='ltr'><strong>aut</strong></span> <span class='ocrx_word' id='word_1_275' title='bbox 368 2506 487 2544; x_wconf 90' lang='lat' dir='ltr'><strong>cum</strong></span> <span class='ocrx_word' id='word_1_276' title='bbox 522 2494 601 2546; x_wconf 88' lang='lat' dir='ltr'><strong>eis</strong></span> <span class='ocrx_word' id='word_1_277' title='bbox 623 2496 915 2559; x_wconf 83' lang='lat' dir='ltr'><strong>coliahitct,</strong></span> <span class='ocrx_word' id='word_1_278' title='bbox 946 2500 1113 2552; x_wconf 87' lang='lat' dir='ltr'><strong>autin</strong></span> <span class='ocrx_word' id='word_1_279' title='bbox 1164 2500 1570 2556; x_wconf 89' lang='lat' dir='ltr'><strong>infirmitatibus</strong></span> <span class='ocrx_word' id='word_1_280' title='bbox 1611 2503 1820 2568; x_wconf 86' lang='lat' dir='ltr'><strong>invitet,</strong></span> 
     </span>
    </p>
   </div>
   <div class='ocr_carea' id='block_1_41' title="bbox 247 2582 1821 2655">
    <p class='ocr_par' dir='ltr' id='par_1_41' title="bbox 247 2582 1821 2655">
     <span class='ocr_line' id='line_1_41' title="bbox 247 2582 1821 2655; baseline 0.011 -26"><span class='ocrx_word' id='word_1_281' title='bbox 247 2589 342 2633; x_wconf 82' lang='lat' dir='ltr'><strong>aut</strong></span> <span class='ocrx_word' id='word_1_282' title='bbox 364 2582 680 2636; x_wconf 87' lang='lat' dir='ltr'><strong>medicinam</strong></span> <span class='ocrx_word' id='word_1_283' title='bbox 710 2587 777 2637; x_wconf 89' lang='lat' dir='ltr'><strong>ah</strong></span> <span class='ocrx_word' id='word_1_284' title='bbox 809 2588 887 2639; x_wconf 88' lang='lat' dir='ltr'><strong>eis</strong></span> <span class='ocrx_word' id='word_1_285' title='bbox 916 2588 1167 2655; x_wconf 87' lang='lat' dir='ltr'><strong>accipiat,</strong></span> <span class='ocrx_word' id='word_1_286' title='bbox 1200 2588 1280 2642; x_wconf 86' lang='lat' dir='ltr'><strong>vel</strong></span> <span class='ocrx_word' id='word_1_287' title='bbox 1333 2589 1384 2642; x_wconf 93' lang='lat' dir='ltr'><strong>in</strong></span> <span class='ocrx_word' id='word_1_288' title='bbox 1438 2589 1645 2645; x_wconf 90' lang='lat' dir='ltr'><strong>balneis</strong></span> <span class='ocrx_word' id='word_1_289' title='bbox 1701 2607 1821 2646; x_wconf 89' lang='lat' dir='ltr'><strong>eum</strong></span> 
     </span>
    </p>
   </div>
   <div class='ocr_carea' id='block_1_42' title="bbox 246 2669 1822 2750">
    <p class='ocr_par' dir='ltr' id='par_1_42' title="bbox 246 2669 1822 2750">
     <span class='ocr_line' id='line_1_42' title="bbox 246 2669 1822 2750; baseline 0.009 -29"><span class='ocrx_word' id='word_1_290' title='bbox 246 2669 329 2722; x_wconf 69' lang='lat' dir='ltr'><strong>eis</strong></span> <span class='ocrx_word' id='word_1_291' title='bbox 354 2671 579 2724; x_wconf 78' lang='lat' dir='ltr'><strong>lavetur.</strong></span> <span class='ocrx_word' id='word_1_292' title='bbox 620 2672 674 2726; x_wconf 89' lang='lat' dir='ltr'><strong>Si</strong></span> <span class='ocrx_word' id='word_1_293' title='bbox 701 2676 821 2742; x_wconf 88' lang='lat' dir='ltr'><strong>quis</strong></span> <span class='ocrx_word' id='word_1_294' title='bbox 849 2676 948 2730; x_wconf 89' lang='lat' dir='ltr'><strong>hoc</strong></span> <span class='ocrx_word' id='word_1_295' title='bbox 979 2691 1141 2746; x_wconf 83' lang='lat' dir='ltr'><strong>agere</strong></span> <span class='ocrx_word' id='word_1_296' title='bbox 1198 2679 1508 2744; x_wconf 88' lang='lat' dir='ltr'><strong>initiaverit,</strong></span> <span class='ocrx_word' id='word_1_297' title='bbox 1557 2681 1822 2750; x_wconf 89' lang='lat' dir='ltr'><strong>siquidem</strong></span> 
     </span>
    </p>
   </div>
   <div class='ocr_carea' id='block_1_43' title="bbox 246 2760 1824 2839">
    <p class='ocr_par' dir='ltr' id='par_1_43' title="bbox 246 2760 1824 2839">
     <span class='ocr_line' id='line_1_43' title="bbox 246 2760 1824 2839; baseline 0.008 -28"><span class='ocrx_word' id='word_1_298' title='bbox 246 2760 477 2814; x_wconf 82' lang='lat' dir='ltr'><strong>clericus</strong></span> <span class='ocrx_word' id='word_1_299' title='bbox 504 2760 686 2826; x_wconf 89' lang='lat' dir='ltr'><strong>fuerit,</strong></span> <span class='ocrx_word' id='word_1_300' title='bbox 718 2764 1058 2832; x_wconf 84' lang='lat' dir='ltr'><strong>deponatur;</strong></span> <span class='ocrx_word' id='word_1_301' title='bbox 1095 2768 1137 2820; x_wconf 92' lang='lat' dir='ltr'><strong>si</strong></span> <span class='ocrx_word' id='word_1_302' title='bbox 1166 2777 1345 2821; x_wconf 89' lang='lat' dir='ltr'><strong>autem</strong></span> <span class='ocrx_word' id='word_1_303' title='bbox 1394 2771 1582 2835; x_wconf 89' lang='lat' dir='ltr'><strong>laicus,</strong></span> <span class='ocrx_word' id='word_1_304' title='bbox 1634 2786 1824 2839; x_wconf 88' lang='lat' dir='ltr'><strong>seque-</strong></span> 
     </span>
    </p>
   </div>
   <div class='ocr_carea' id='block_1_44' title="bbox 248 2849 1821 2920">
    <p class='ocr_par' dir='ltr' id='par_1_44' title="bbox 248 2849 1821 2920">
     <span class='ocr_line' id='line_1_44' title="bbox 248 2849 1821 2920; baseline 0.008 -22"><span class='ocrx_word' id='word_1_305' title='bbox 248 2856 472 2900; x_wconf 85' lang='lat' dir='ltr'><strong>stretur.</strong></span> <span class='ocrx_word' id='word_1_306' title='bbox 507 2867 525 2900; x_wconf 75' lang='grc' dir='ltr'>ι</span> <span class='ocrx_word' id='word_1_307' title='bbox 559 2849 659 2915; x_wconf 87' lang='lat' dir='ltr'><strong>Qui</strong></span> <span class='ocrx_word' id='word_1_308' title='bbox 692 2866 940 2920; x_wconf 86' lang='lat' dir='ltr'><strong>azymum</strong></span> <span class='ocrx_word' id='word_1_309' title='bbox 965 2853 1182 2909; x_wconf 86' lang='lat' dir='ltr'><strong>conficit</strong></span> <span class='ocrx_word' id='word_1_310' title='bbox 1205 2865 1260 2909; x_wconf 87' lang='lat' dir='ltr'><strong>et</strong></span> <span class='ocrx_word' id='word_1_311' title='bbox 1281 2857 1532 2918; x_wconf 91' lang='lat' dir='ltr'><strong>comedit,</strong></span> <span class='ocrx_word' id='word_1_312' title='bbox 1573 2858 1671 2911; x_wconf 88' lang='lat' dir='ltr'><strong>etsi</strong></span> <span class='ocrx_word' id='word_1_313' title='bbox 1718 2873 1821 2911; x_wconf 92' lang='lat' dir='ltr'><strong>non</strong></span> 
     </span>
    </p>
   </div>
   <div class='ocr_carea' id='block_1_45' title="bbox 244 2940 1821 3011">
    <p class='ocr_par' dir='ltr' id='par_1_45' title="bbox 244 2940 1821 3011">
     <span class='ocr_line' id='line_1_45' title="bbox 244 2940 1821 3011; baseline 0.008 -22"><span class='ocrx_word' id='word_1_314' title='bbox 244 2940 515 3006; x_wconf 83' lang='lat' dir='ltr'><strong>acceperit</strong></span> <span class='ocrx_word' id='word_1_315' title='bbox 538 2940 636 2994; x_wconf 90' lang='lat' dir='ltr'><strong>hoc</strong></span> <span class='ocrx_word' id='word_1_316' title='bbox 665 2956 693 2993; x_wconf 91' lang='lat' dir='ltr'><strong>a</strong></span> <span class='ocrx_word' id='word_1_317' title='bbox 713 2940 931 3009; x_wconf 62' lang='lat' dir='ltr'><strong>ludatis,</strong></span> <span class='ocrx_word' id='word_1_318' title='bbox 956 2945 1047 2998; x_wconf 85' lang='lat' dir='ltr'><strong>sed</strong></span> <span class='ocrx_word' id='word_1_319' title='bbox 1101 2946 1339 2999; x_wconf 89' lang='lat' dir='ltr'><strong>imitator</strong></span> <span class='ocrx_word' id='word_1_320' title='bbox 1396 2946 1556 3001; x_wconf 88' lang='lat' dir='ltr'><strong>fuerit</strong></span> <span class='ocrx_word' id='word_1_321' title='bbox 1597 2949 1649 3001; x_wconf 90' lang='lat' dir='ltr'><strong>in</strong></span> <span class='ocrx_word' id='word_1_322' title='bbox 1677 2949 1779 3002; x_wconf 84' lang='lat' dir='ltr'><strong>hoc</strong></span> <span class='ocrx_word' id='word_1_323' title='bbox 1804 2986 1821 3011; x_wconf 87' lang='lat'><strong>,</strong></span> 
     </span>
    </p>
   </div>
   <div class='ocr_carea' id='block_1_46' title="bbox 246 3027 1821 3108">
    <p class='ocr_par' dir='ltr' id='par_1_46' title="bbox 246 3027 1821 3108">
     <span class='ocr_line' id='line_1_46' title="bbox 246 3027 1821 3108; baseline 0.01 -32"><span class='ocrx_word' id='word_1_324' title='bbox 246 3027 539 3084; x_wconf 72' lang='lat' dir='ltr'><strong>utJudaaus</strong></span> <span class='ocrx_word' id='word_1_325' title='bbox 567 3032 833 3102; x_wconf 77' lang='lat' dir='ltr'><strong>intelligit,</strong></span> <span class='ocrx_word' id='word_1_326' title='bbox 854 3045 906 3088; x_wconf 88' lang='lat' dir='ltr'><strong>et</strong></span> <span class='ocrx_word' id='word_1_327' title='bbox 932 3046 1093 3089; x_wconf 81' lang='lat' dir='ltr'><strong>extra</strong></span> <span class='ocrx_word' id='word_1_328' title='bbox 1124 3037 1292 3105; x_wconf 83' lang='lat' dir='ltr'><strong>legem</strong></span> <span class='ocrx_word' id='word_1_329' title='bbox 1320 3047 1425 3102; x_wconf 81' lang='lat' dir='ltr'><strong>est,</strong></span> <span class='ocrx_word' id='word_1_330' title='bbox 1472 3039 1821 3108; x_wconf 88' lang='lat' dir='ltr'><strong>quemadmo-</strong></span> 
     </span>
    </p>
   </div>
   <div class='ocr_carea' id='block_1_47' title="bbox 246 3119 1821 3196">
    <p class='ocr_par' dir='ltr' id='par_1_47' title="bbox 246 3119 1821 3196">
     <span class='ocr_line' id='line_1_47' title="bbox 246 3119 1821 3196; baseline 0.008 -27"><span class='ocrx_word' id='word_1_331' title='bbox 246 3119 372 3171; x_wconf 88' lang='lat' dir='ltr'><strong>dum</strong></span> <span class='ocrx_word' id='word_1_332' title='bbox 395 3120 515 3173; x_wconf 90' lang='lat' dir='ltr'><strong>etsi</strong></span> <span class='ocrx_word' id='word_1_333' title='bbox 544 3120 943 3177; x_wconf 90' lang='lat' dir='ltr'><strong>circumciderit</strong></span> <span class='ocrx_word' id='word_1_334' title='bbox 970 3125 1091 3194; x_wconf 91' lang='lat' dir='ltr'><strong>quis</strong></span> <span class='ocrx_word' id='word_1_335' title='bbox 1144 3127 1401 3196; x_wconf 89' lang='lat' dir='ltr'><strong>seipsum.</strong></span> <span class='ocrx_word' id='word_1_336' title='bbox 1453 3137 1595 3183; x_wconf 90' lang='lat' dir='ltr'><strong>auta</strong></span> <span class='ocrx_word' id='word_1_337' title='bbox 1627 3128 1821 3182; x_wconf 63' lang='lat' dir='ltr'><strong>Iudicis</strong></span> 
     </span>
    </p>
   </div>
   <div class='ocr_carea' id='block_1_48' title="bbox 249 3300 1819 3377">
    <p class='ocr_par' dir='ltr' id='par_1_48' title="bbox 249 3300 1819 3377">
     <span class='ocr_line' id='line_1_48' title="bbox 249 3300 1819 3377; baseline 0.009 -30"><span class='ocrx_word' id='word_1_338' title='bbox 249 3313 355 3366; x_wconf 87' lang='lat' dir='ltr'><strong>quc</strong></span> <span class='ocrx_word' id='word_1_339' title='bbox 383 3308 437 3352; x_wconf 86' lang='lat' dir='ltr'><strong>et</strong></span> <span class='ocrx_word' id='word_1_340' title='bbox 471 3300 717 3355; x_wconf 90' lang='lat' dir='ltr'><strong>instituta</strong></span> <span class='ocrx_word' id='word_1_341' title='bbox 756 3305 1120 3373; x_wconf 88' lang='lat' dir='ltr'><strong>apostolorum</strong></span> <span class='ocrx_word' id='word_1_342' title='bbox 1153 3316 1572 3377; x_wconf 87' lang='lat' dir='ltr'><strong>sanctorumque</strong></span> <span class='ocrx_word' id='word_1_343' title='bbox 1599 3308 1819 3365; x_wconf 74' lang='lat' dir='ltr'><strong>Patrum</strong></span> 
     </span>
    </p>
   </div>
   <div class='ocr_carea' id='block_1_49' title="bbox 246 3392 1820 3460">
    <p class='ocr_par' dir='ltr' id='par_1_49' title="bbox 246 3392 1820 3460">
     <span class='ocr_line' id='line_1_49' title="bbox 246 3392 1820 3460; baseline 0.008 -20"><span class='ocrx_word' id='word_1_344' title='bbox 246 3392 671 3458; x_wconf 82' lang='lat' dir='ltr'><strong>transgrediens,</strong></span> <span class='ocrx_word' id='word_1_345' title='bbox 697 3400 752 3445; x_wconf 92' lang='lat' dir='ltr'><strong>et</strong></span> <span class='ocrx_word' id='word_1_346' title='bbox 785 3394 935 3447; x_wconf 90' lang='lat' dir='ltr'><strong>irrita</strong></span> <span class='ocrx_word' id='word_1_347' title='bbox 968 3397 1146 3450; x_wconf 87' lang='lat' dir='ltr'><strong>omnia</strong></span> <span class='ocrx_word' id='word_1_348' title='bbox 1179 3396 1328 3460; x_wconf 84' lang='lat' dir='ltr'><strong>facit,</strong></span> <span class='ocrx_word' id='word_1_349' title='bbox 1374 3406 1435 3449; x_wconf 91' lang='lat' dir='ltr'><strong>ut</strong></span> <span class='ocrx_word' id='word_1_350' title='bbox 1467 3398 1605 3451; x_wconf 91' lang='lat' dir='ltr'><strong>ratio</strong></span> <span class='ocrx_word' id='word_1_351' title='bbox 1637 3410 1820 3453; x_wconf 87' lang='lat' dir='ltr'><strong>nostra</strong></span> 
     </span>
    </p>
   </div>
   <div class='ocr_carea' id='block_1_50' title="bbox 242 3478 1818 3555">
    <p class='ocr_par' dir='ltr' id='par_1_50' title="bbox 242 3478 1818 3555">
     <span class='ocr_line' id='line_1_50' title="bbox 242 3478 1818 3555; baseline 0.008 -26"><span class='ocrx_word' id='word_1_352' title='bbox 242 3478 650 3534; x_wconf 81' lang='lat' dir='ltr'><strong>detuonstravit.</strong></span> <span class='ocrx_word' id='word_1_353' title='bbox 695 3483 799 3536; x_wconf 88' lang='lat' dir='ltr'><strong>Sed</strong></span> <span class='ocrx_word' id='word_1_354' title='bbox 822 3483 889 3537; x_wconf 90' lang='lat' dir='ltr'><strong>de</strong></span> <span class='ocrx_word' id='word_1_355' title='bbox 914 3499 1105 3555; x_wconf 86' lang='lat' dir='ltr'><strong>azymo</strong></span> <span class='ocrx_word' id='word_1_356' title='bbox 1137 3486 1467 3540; x_wconf 78' lang='lat' dir='ltr'><strong>sufficienter</strong></span> <span class='ocrx_word' id='word_1_357' title='bbox 1494 3487 1647 3541; x_wconf 83' lang='lat' dir='ltr'><strong>vobis</strong></span> <span class='ocrx_word' id='word_1_358' title='bbox 1677 3490 1818 3555; x_wconf 87' lang='lat' dir='ltr'><strong>quod</strong></span> 
     </span>
    </p>
   </div>
   <div class='ocr_carea' id='block_1_51' title="bbox 245 3571 1819 3646">
    <p class='ocr_par' dir='ltr' id='par_1_51' title="bbox 245 3571 1819 3646">
     <span class='ocr_line' id='line_1_51' title="bbox 245 3571 1819 3646; baseline 0.01 -27"><span class='ocrx_word' id='word_1_359' title='bbox 245 3571 574 3635; x_wconf 87' lang='lat' dir='ltr'><strong>prohibitum</strong></span> <span class='ocrx_word' id='word_1_360' title='bbox 627 3573 697 3626; x_wconf 88' lang='lat' dir='ltr'><strong>sit</strong></span> <span class='ocrx_word' id='word_1_361' title='bbox 734 3574 799 3627; x_wconf 91' lang='lat' dir='ltr'><strong>ab</strong></span> <span class='ocrx_word' id='word_1_362' title='bbox 850 3576 996 3629; x_wconf 90' lang='lat' dir='ltr'><strong>omni</strong></span> <span class='ocrx_word' id='word_1_363' title='bbox 1057 3578 1337 3646; x_wconf 85' lang='lat' dir='ltr'><strong>Scriptura</strong></span> <span class='ocrx_word' id='word_1_364' title='bbox 1378 3578 1555 3631; x_wconf 89' lang='lat' dir='ltr'><strong>divina</strong></span> <span class='ocrx_word' id='word_1_365' title='bbox 1599 3580 1819 3633; x_wconf 88' lang='lat' dir='ltr'><strong>demon-</strong></span> 
     </span>
    </p>
   </div>
   <div class='ocr_carea' id='block_1_52' title="bbox 242 3660 553 3713">
    <p class='ocr_par' dir='ltr' id='par_1_52' title="bbox 242 3660 553 3713">
     <span class='ocr_line' id='line_1_52' title="bbox 242 3660 553 3713; baseline 0 -2"><span class='ocrx_word' id='word_1_366' title='bbox 242 3660 553 3713; x_wconf 78' lang='lat' dir='ltr'><strong>stravimus.</strong></span> 
     </span>
    </p>
   </div>
   <div class='ocr_carea' id='block_1_53' title="bbox 320 3746 1814 3824">
    <p class='ocr_par' dir='ltr' id='par_1_53' title="bbox 320 3746 1814 3824">
     <span class='ocr_line' id='line_1_53' title="bbox 320 3746 1814 3824; baseline 0.01 -26"><span class='ocrx_word' id='word_1_367' title='bbox 320 3746 403 3799; x_wconf 76' lang='lat' dir='ltr'><strong>Xl.</strong></span> <span class='ocrx_word' id='word_1_368' title='bbox 446 3751 558 3816; x_wconf 78' lang='lat' dir='ltr'><strong>Age</strong></span> <span class='ocrx_word' id='word_1_369' title='bbox 584 3754 839 3821; x_wconf 89' lang='lat' dir='ltr'><strong>nuncqui</strong></span> <span class='ocrx_word' id='word_1_370' title='bbox 870 3764 1065 3809; x_wconf 65' lang='lat' dir='ltr'><strong>cetera</strong></span> <span class='ocrx_word' id='word_1_371' title='bbox 1121 3757 1607 3813; x_wconf 86' lang='lat' dir='ltr'><strong>demonstravimus</strong></span> <span class='ocrx_word' id='word_1_372' title='bbox 1648 3761 1814 3824; x_wconf 82' lang='lat' dir='ltr'><strong>vobis,</strong></span> 
     </span>
    </p>
   </div>
   <div class='ocr_carea' id='block_1_54' title="bbox 242 3840 1817 3920">
    <p class='ocr_par' dir='ltr' id='par_1_54' title="bbox 242 3840 1817 3920">
     <span class='ocr_line' id='line_1_54' title="bbox 242 3840 1817 3920; baseline 0.009 -29"><span class='ocrx_word' id='word_1_373' title='bbox 242 3850 297 3891; x_wconf 83' lang='lat' dir='ltr'><strong>et</strong></span> <span class='ocrx_word' id='word_1_374' title='bbox 327 3840 506 3894; x_wconf 88' lang='lat' dir='ltr'><strong>subito</strong></span> <span class='ocrx_word' id='word_1_375' title='bbox 539 3845 810 3897; x_wconf 66' lang='lat' dir='ltr'><strong>memoria:</strong></span> <span class='ocrx_word' id='word_1_376' title='bbox 859 3854 1164 3915; x_wconf 76' lang='lat' dir='ltr'><strong>suggestum</strong></span> <span class='ocrx_word' id='word_1_377' title='bbox 1209 3855 1291 3901; x_wconf 90' lang='lat' dir='ltr'><strong>est</strong></span> <span class='ocrx_word' id='word_1_378' title='bbox 1322 3850 1472 3902; x_wconf 88' lang='lat' dir='ltr'><strong>vobis</strong></span> <span class='ocrx_word' id='word_1_379' title='bbox 1510 3850 1576 3920; x_wconf 77' lang='lat' dir='ltr'><strong>de</strong></span> <span class='ocrx_word' id='word_1_380' title='bbox 1615 3850 1817 3919; x_wconf 86' lang='lat' dir='ltr'><strong>jejunio</strong></span> 
     </span>
    </p>
   </div>
   <div class='ocr_carea' id='block_1_55' title="bbox 243 3930 1813 4010">
    <p class='ocr_par' dir='ltr' id='par_1_55' title="bbox 243 3930 1813 4010">
     <span class='ocr_line' id='line_1_55' title="bbox 243 3930 1813 4010; baseline 0.008 -27"><span class='ocrx_word' id='word_1_381' title='bbox 243 3930 606 3986; x_wconf 79' lang='lat' dir='ltr'><strong>Sabbatorum</strong></span> <span class='ocrx_word' id='word_1_382' title='bbox 636 3975 651 3999; x_wconf 95' lang='lat'><strong>,</strong></span> <span class='ocrx_word' id='word_1_383' title='bbox 674 3936 925 4003; x_wconf 89' lang='lat' dir='ltr'><strong>quoniam</strong></span> <span class='ocrx_word' id='word_1_384' title='bbox 980 3938 1249 3993; x_wconf 89' lang='lat' dir='ltr'><strong>insultatis</strong></span> <span class='ocrx_word' id='word_1_385' title='bbox 1293 3939 1483 3993; x_wconf 88' lang='lat' dir='ltr'><strong>nobis:</strong></span> <span class='ocrx_word' id='word_1_386' title='bbox 1511 3941 1650 3995; x_wconf 74' lang='lat' dir='ltr'><strong>unde</strong></span> <span class='ocrx_word' id='word_1_387' title='bbox 1683 3940 1813 4010; x_wconf 82' lang='lat' dir='ltr'><strong>jeju-</strong></span> 
     </span>
    </p>
   </div>
   <div class='ocr_carea' id='block_1_56' title="bbox 242 4024 1817 4104">
    <p class='ocr_par' dir='ltr' id='par_1_56' title="bbox 242 4024 1817 4104">
     <span class='ocr_line' id='line_1_56' title="bbox 242 4024 1817 4104; baseline 0.009 -28"><span class='ocrx_word' id='word_1_388' title='bbox 242 4038 378 4077; x_wconf 85' lang='lat' dir='ltr'><strong>nare</strong></span> <span class='ocrx_word' id='word_1_389' title='bbox 417 4024 672 4091; x_wconf 88' lang='lat' dir='ltr'><strong>Sabbata,</strong></span> <span class='ocrx_word' id='word_1_390' title='bbox 701 4043 766 4081; x_wconf 77' lang='lat' dir='ltr'><strong>ex</strong></span> <span class='ocrx_word' id='word_1_391' title='bbox 796 4044 897 4096; x_wconf 86' lang='lat' dir='ltr'><strong>qua</strong></span> <span class='ocrx_word' id='word_1_392' title='bbox 950 4040 1135 4084; x_wconf 90' lang='lat' dir='ltr'><strong>sancta</strong></span> <span class='ocrx_word' id='word_1_393' title='bbox 1168 4031 1442 4102; x_wconf 88' lang='lat' dir='ltr'><strong>Scriptura</strong></span> <span class='ocrx_word' id='word_1_394' title='bbox 1497 4037 1817 4104; x_wconf 87' lang='lat' dir='ltr'><strong>accepistis?</strong></span> 
     </span>
    </p>
   </div>
   <div class='ocr_carea' id='block_1_57' title="bbox 241 4107 1814 4188">
    <p class='ocr_par' dir='ltr' id='par_1_57' title="bbox 241 4107 1814 4188">
     <span class='ocr_line' id='line_1_57' title="bbox 241 4107 1814 4188; baseline 0.008 -22"><span class='ocrx_word' id='word_1_395' title='bbox 241 4114 327 4166; x_wconf 78' lang='lat' dir='ltr'><strong>Ab</strong></span> <span class='ocrx_word' id='word_1_396' title='bbox 358 4116 643 4183; x_wconf 87' lang='lat' dir='ltr'><strong>apostolis?</strong></span> <span class='ocrx_word' id='word_1_397' title='bbox 665 4107 1029 4186; x_wconf 80' lang='lat' dir='ltr'><strong>Nequaquam.</strong></span> <span class='ocrx_word' id='word_1_398' title='bbox 1078 4121 1452 4188; x_wconf 82' lang='lat' dir='ltr'><strong>Apostolorum</strong></span> <span class='ocrx_word' id='word_1_399' title='bbox 1504 4126 1732 4179; x_wconf 83' lang='lat' dir='ltr'><strong>vertices</strong></span> <span class='ocrx_word' id='word_1_400' title='bbox 1763 4126 1814 4179; x_wconf 89' lang='lat' dir='ltr'><strong>in</strong></span> 
     </span>
    </p>
   </div>
   <div class='ocr_carea' id='block_1_58' title="bbox 242 4205 1814 4285">
    <p class='ocr_par' dir='ltr' id='par_1_58' title="bbox 242 4205 1814 4285">
     <span class='ocr_line' id='line_1_58' title="bbox 242 4205 1814 4285; baseline 0.009 -30"><span class='ocrx_word' id='word_1_401' title='bbox 242 4205 435 4271; x_wconf 87' lang='lat' dir='ltr'><strong>quinto</strong></span> <span class='ocrx_word' id='word_1_402' title='bbox 468 4206 681 4272; x_wconf 84' lang='lat' dir='ltr'><strong>quidem</strong></span> <span class='ocrx_word' id='word_1_403' title='bbox 716 4207 851 4260; x_wconf 88' lang='lat' dir='ltr'><strong>libro</strong></span> <span class='ocrx_word' id='word_1_404' title='bbox 880 4210 1299 4275; x_wconf 59' lang='lat' dir='ltr'><strong>ortinationum,</strong></span> <span class='ocrx_word' id='word_1_405' title='bbox 1349 4214 1439 4281; x_wconf 91' lang='lat' dir='ltr'><strong>qui</strong></span> <span class='ocrx_word' id='word_1_406' title='bbox 1492 4215 1558 4267; x_wconf 89' lang='lat' dir='ltr'><strong>de</strong></span> <span class='ocrx_word' id='word_1_407' title='bbox 1616 4225 1814 4285; x_wconf 86' lang='lat' dir='ltr'><strong>marty—</strong></span> 
     </span>
    </p>
   </div>
   <div class='ocr_carea' id='block_1_59' title="bbox 244 4291 1813 4368">
    <p class='ocr_par' dir='ltr' id='par_1_59' title="bbox 244 4291 1813 4368">
     <span class='ocr_line' id='line_1_59' title="bbox 244 4291 1813 4368; baseline 0.008 -23"><span class='ocrx_word' id='word_1_408' title='bbox 244 4291 395 4346; x_wconf 87' lang='lat' dir='ltr'><strong>ribus</strong></span> <span class='ocrx_word' id='word_1_409' title='bbox 423 4295 753 4358; x_wconf 83' lang='lat' dir='ltr'><strong>inscribitur,</strong></span> <span class='ocrx_word' id='word_1_410' title='bbox 787 4297 935 4364; x_wconf 75' lang='lat' dir='ltr'><strong>jnxta</strong></span> <span class='ocrx_word' id='word_1_411' title='bbox 973 4298 1302 4353; x_wconf 76' lang='lat' dir='ltr'><strong>Clementem</strong></span> <span class='ocrx_word' id='word_1_412' title='bbox 1335 4320 1345 4353; x_wconf 90' lang='lat'><strong>:</strong></span> <span class='ocrx_word' id='word_1_413' title='bbox 1388 4321 1404 4351; x_wconf 74' lang='grc' dir='ltr'>ι</span> <span class='ocrx_word' id='word_1_414' title='bbox 1444 4302 1701 4368; x_wconf 84' lang='lat' dir='ltr'><strong>Quartam</strong></span> <span class='ocrx_word' id='word_1_415' title='bbox 1740 4305 1813 4358; x_wconf 87' lang='lat' dir='ltr'><strong>fc-</strong></span> 
     </span>
    </p>
   </div>
   <div class='ocr_carea' id='block_1_60' title="bbox 242 4383 1813 4457">
    <p class='ocr_par' dir='ltr' id='par_1_60' title="bbox 242 4383 1813 4457">
     <span class='ocr_line' id='line_1_60' title="bbox 242 4383 1813 4457; baseline 0.007 -22"><span class='ocrx_word' id='word_1_416' title='bbox 242 4383 379 4435; x_wconf 86' lang='lat' dir='ltr'><strong>riam</strong></span> <span class='ocrx_word' id='word_1_417' title='bbox 409 4391 464 4435; x_wconf 87' lang='lat' dir='ltr'><strong>et</strong></span> <span class='ocrx_word' id='word_1_418' title='bbox 492 4393 699 4436; x_wconf 85' lang='lat' dir='ltr'><strong>sextam</strong></span> <span class='ocrx_word' id='word_1_419' title='bbox 730 4385 982 4452; x_wconf 67' lang='lat' dir='ltr'><strong>praecepit</strong></span> <span class='ocrx_word' id='word_1_420' title='bbox 1038 4388 1189 4441; x_wconf 87' lang='lat' dir='ltr'><strong>nobis</strong></span> <span class='ocrx_word' id='word_1_421' title='bbox 1244 4387 1487 4457; x_wconf 78' lang='lat' dir='ltr'><strong>jejunare</strong></span> <span class='ocrx_word' id='word_1_422' title='bbox 1534 4391 1813 4446; x_wconf 88' lang='lat' dir='ltr'><strong>Dominus.</strong></span> 
     </span>
    </p>
   </div>
   <div class='ocr_carea' id='block_1_61' title="bbox 243 4472 1805 4551">
    <p class='ocr_par' dir='ltr' id='par_1_61' title="bbox 243 4472 1805 4551">
     <span class='ocr_line' id='line_1_61' title="bbox 243 4472 1805 4551; baseline 0.006 -26"><span class='ocrx_word' id='word_1_423' title='bbox 243 4472 418 4525; x_wconf 64' lang='lat' dir='ltr'><strong>Unam</strong></span> <span class='ocrx_word' id='word_1_424' title='bbox 459 4473 673 4540; x_wconf 86' lang='lat' dir='ltr'><strong>quidem</strong></span> <span class='ocrx_word' id='word_1_425' title='bbox 712 4485 930 4541; x_wconf 69' lang='lat' dir='ltr'><strong>propter</strong></span> <span class='ocrx_word' id='word_1_426' title='bbox 990 4476 1359 4542; x_wconf 87' lang='lat' dir='ltr'><strong>traditionem,</strong></span> <span class='ocrx_word' id='word_1_427' title='bbox 1416 4480 1641 4534; x_wconf 80' lang='lat' dir='ltr'><strong>alteram</strong></span> <span class='ocrx_word' id='word_1_428' title='bbox 1691 4498 1805 4551; x_wconf 87' lang='lat' dir='ltr'><strong>pro-</strong></span> 
     </span>
    </p>
   </div>
   <div class='ocr_carea' id='block_1_62' title="bbox 1925 1953 3502 2028">
    <p class='ocr_par' dir='ltr' id='par_1_62' title="bbox 1925 1953 3502 2028">
     <span class='ocr_line' id='line_1_62' title="bbox 1925 1953 3502 2028; baseline 0.007 -23"><span class='ocrx_word' id='word_1_429' title='bbox 1925 1953 2363 2023; x_wconf 86' lang='lat' dir='ltr'><strong>consequentiam</strong></span> <span class='ocrx_word' id='word_1_430' title='bbox 2416 1971 2430 2005; x_wconf 90' lang='lat'><strong>:</strong></span> <span class='ocrx_word' id='word_1_431' title='bbox 2475 1954 2678 2022; x_wconf 87' lang='lat' dir='ltr'><strong>placuit</strong></span> <span class='ocrx_word' id='word_1_432' title='bbox 2725 1966 2927 2012; x_wconf 65' lang='lat' dir='ltr'><strong>sancta:</strong></span> <span class='ocrx_word' id='word_1_433' title='bbox 2975 1960 3177 2028; x_wconf 81' lang='lat' dir='ltr'><strong>synodo</strong></span> <span class='ocrx_word' id='word_1_434' title='bbox 3210 1961 3502 2015; x_wconf 83' lang='lat' dir='ltr'><strong>observare</strong></span> 
     </span>
    </p>
   </div>
   <div class='ocr_carea' id='block_1_63' title="bbox 1926 2041 3497 2107">
    <p class='ocr_par' dir='ltr' id='par_1_63' title="bbox 1926 2041 3497 2107">
     <span class='ocr_line' id='line_1_63' title="bbox 1926 2041 3497 2107; baseline 0.006 -12"><span class='ocrx_word' id='word_1_435' title='bbox 1926 2041 2292 2097; x_wconf 82' lang='lat' dir='ltr'><strong>Romanorum</strong></span> <span class='ocrx_word' id='word_1_436' title='bbox 2325 2044 2622 2099; x_wconf 83' lang='lat' dir='ltr'><strong>Ecclesium</strong></span> <span class='ocrx_word' id='word_1_437' title='bbox 2654 2047 2979 2103; x_wconf 87' lang='lat' dir='ltr'><strong>innnobilem</strong></span> <span class='ocrx_word' id='word_1_438' title='bbox 3015 2065 3279 2106; x_wconf 89' lang='lat' dir='ltr'><strong>canonem</strong></span> <span class='ocrx_word' id='word_1_439' title='bbox 3318 2053 3497 2107; x_wconf 82' lang='lat' dir='ltr'><strong>dicen-</strong></span> 
     </span>
    </p>
   </div>
   <div class='ocr_carea' id='block_1_64' title="bbox 1926 2136 3501 2207">
    <p class='ocr_par' dir='ltr' id='par_1_64' title="bbox 1926 2136 3501 2207">
     <span class='ocr_line' id='line_1_64' title="bbox 1926 2136 3501 2207; baseline 0.006 -18"><span class='ocrx_word' id='word_1_440' title='bbox 1926 2144 2071 2191; x_wconf 85' lang='lat' dir='ltr'><strong>tem:</strong></span> <span class='ocrx_word' id='word_1_441' title='bbox 2102 2136 2306 2205; x_wconf 91' lang='lat' dir='ltr'><strong>Siquis</strong></span> <span class='ocrx_word' id='word_1_442' title='bbox 2326 2139 2558 2193; x_wconf 91' lang='lat' dir='ltr'><strong>clericus</strong></span> <span class='ocrx_word' id='word_1_443' title='bbox 2611 2138 2770 2193; x_wconf 90' lang='lat' dir='ltr'><strong>fuerit</strong></span> <span class='ocrx_word' id='word_1_444' title='bbox 2820 2141 3093 2207; x_wconf 81' lang='lat' dir='ltr'><strong>inventus,</strong></span> <span class='ocrx_word' id='word_1_445' title='bbox 3123 2163 3141 2196; x_wconf 77' lang='grc' dir='ltr'><strong>ι</strong></span> <span class='ocrx_word' id='word_1_446' title='bbox 3196 2158 3251 2199; x_wconf 92' lang='lat' dir='ltr'><strong>ct</strong></span> <span class='ocrx_word' id='word_1_447' title='bbox 3305 2156 3501 2199; x_wconf 59' lang='lat' dir='ltr'><strong>caetera</strong></span> 
     </span>
    </p>
   </div>
   <div class='ocr_carea' id='block_1_65' title="bbox 1923 2227 3498 2305">
    <p class='ocr_par' dir='ltr' id='par_1_65' title="bbox 1923 2227 3498 2305">
     <span class='ocr_line' id='line_1_65' title="bbox 1923 2227 3498 2305; baseline 0.006 -26"><span class='ocrx_word' id='word_1_448' title='bbox 1923 2241 2042 2295; x_wconf 75' lang='lat' dir='ltr'><strong>qua:</strong></span> <span class='ocrx_word' id='word_1_449' title='bbox 2068 2227 2257 2282; x_wconf 91' lang='lat' dir='ltr'><strong>deinde</strong></span> <span class='ocrx_word' id='word_1_450' title='bbox 2286 2227 2650 2293; x_wconf 81' lang='lat' dir='ltr'><strong>scribit.H:ec</strong></span> <span class='ocrx_word' id='word_1_451' title='bbox 2675 2229 2863 2300; x_wconf 78' lang='lat' dir='ltr'><strong>igitur,</strong></span> <span class='ocrx_word' id='word_1_452' title='bbox 2892 2231 3034 2285; x_wconf 87' lang='lat' dir='ltr'><strong>sicut</strong></span> <span class='ocrx_word' id='word_1_453' title='bbox 3065 2234 3312 2298; x_wconf 82' lang='lat' dir='ltr'><strong>cernitis,</strong></span> <span class='ocrx_word' id='word_1_454' title='bbox 3366 2250 3498 2305; x_wconf 87' lang='lat' dir='ltr'><strong>apo-</strong></span> 
     </span>
    </p>
   </div>
   <div class='ocr_carea' id='block_1_66' title="bbox 1924 2312 3502 2379">
    <p class='ocr_par' dir='ltr' id='par_1_66' title="bbox 1924 2312 3502 2379">
     <span class='ocr_line' id='line_1_66' title="bbox 1924 2312 3502 2379; baseline 0.004 -8"><span class='ocrx_word' id='word_1_455' title='bbox 1924 2317 2130 2371; x_wconf 80' lang='lat' dir='ltr'><strong>stolicis</strong></span> <span class='ocrx_word' id='word_1_456' title='bbox 2151 2318 2628 2372; x_wconf 87' lang='lat' dir='ltr'><strong>constitutionibus</strong></span> <span class='ocrx_word' id='word_1_457' title='bbox 2658 2329 2712 2373; x_wconf 91' lang='lat' dir='ltr'><strong>et</strong></span> <span class='ocrx_word' id='word_1_458' title='bbox 2738 2312 3018 2379; x_wconf 84' lang='lat' dir='ltr'><strong>canonicis</strong></span> <span class='ocrx_word' id='word_1_459' title='bbox 3039 2321 3275 2376; x_wconf 87' lang='lat' dir='ltr'><strong>fidelium</strong></span> <span class='ocrx_word' id='word_1_460' title='bbox 3316 2323 3502 2379; x_wconf 74' lang='lat' dir='ltr'><strong>Eccle-</strong></span> 
     </span>
    </p>
   </div>
   <div class='ocr_carea' id='block_1_67' title="bbox 1923 2378 3501 2480">
    <p class='ocr_par' dir='ltr' id='par_1_67' title="bbox 1923 2378 3501 2480">
     <span class='ocr_line' id='line_1_67' title="bbox 1923 2378 3501 2480; baseline 0.004 -19"><span class='ocrx_word' id='word_1_461' title='bbox 1923 2407 2058 2461; x_wconf 84' lang='lat' dir='ltr'><strong>siam</strong></span> <span class='ocrx_word' id='word_1_462' title='bbox 2086 2406 2215 2474; x_wconf 78' lang='lat' dir='ltr'><strong>ligat</strong></span> <span class='ocrx_word' id='word_1_463' title='bbox 2243 2421 2363 2460; x_wconf 92' lang='lat' dir='ltr'><strong>cum</strong></span> <span class='ocrx_word' id='word_1_464' title='bbox 2391 2422 2521 2476; x_wconf 88' lang='lat' dir='ltr'><strong>papa</strong></span> <span class='ocrx_word' id='word_1_465' title='bbox 2548 2407 2731 2462; x_wconf 75' lang='lat' dir='ltr'><strong>Romze</strong></span> <span class='ocrx_word' id='word_1_466' title='bbox 2761 2378 3061 2480; x_wconf 38' lang='lat' dir='ltr'><strong>Agathone.</strong></span> <span class='ocrx_word' id='word_1_467' title='bbox 3111 2413 3218 2466; x_wconf 85' lang='lat' dir='ltr'><strong>Vos</strong></span> <span class='ocrx_word' id='word_1_468' title='bbox 3243 2414 3383 2467; x_wconf 87' lang='lat' dir='ltr'><strong>unde</strong></span> <span class='ocrx_word' id='word_1_469' title='bbox 3409 2414 3501 2469; x_wconf 89' lang='lat' dir='ltr'><strong>ali-</strong></span> 
     </span>
    </p>
   </div>
   <div class='ocr_carea' id='block_1_68' title="bbox 1927 2497 3498 2571">
    <p class='ocr_par' dir='ltr' id='par_1_68' title="bbox 1927 2497 3498 2571">
     <span class='ocr_line' id='line_1_68' title="bbox 1927 2497 3498 2571; baseline 0.008 -23"><span class='ocrx_word' id='word_1_470' title='bbox 1927 2503 2008 2549; x_wconf 89' lang='lat' dir='ltr'><strong>ter</strong></span> <span class='ocrx_word' id='word_1_471' title='bbox 2032 2504 2087 2549; x_wconf 93' lang='lat' dir='ltr'><strong>et</strong></span> <span class='ocrx_word' id='word_1_472' title='bbox 2107 2511 2169 2549; x_wconf 86' lang='lat' dir='ltr'><strong>ex</strong></span> <span class='ocrx_word' id='word_1_473' title='bbox 2196 2512 2304 2566; x_wconf 92' lang='lat' dir='ltr'><strong>quo</strong></span> <span class='ocrx_word' id='word_1_474' title='bbox 2322 2497 2570 2567; x_wconf 85' lang='lat' dir='ltr'><strong>jejuuare</strong></span> <span class='ocrx_word' id='word_1_475' title='bbox 2588 2497 2824 2553; x_wconf 90' lang='lat' dir='ltr'><strong>Sabbata</strong></span> <span class='ocrx_word' id='word_1_476' title='bbox 2851 2503 3171 2571; x_wconf 88' lang='lat' dir='ltr'><strong>accepistis?</strong></span> <span class='ocrx_word' id='word_1_477' title='bbox 3190 2503 3498 2570; x_wconf 85' lang='lat' dir='ltr'><strong>Quinetiam</strong></span> 
     </span>
    </p>
   </div>
   <div class='ocr_carea' id='block_1_69' title="bbox 1922 2585 3502 2659">
    <p class='ocr_par' dir='ltr' id='par_1_69' title="bbox 1922 2585 3502 2659">
     <span class='ocr_line' id='line_1_69' title="bbox 1922 2585 3502 2659; baseline 0.009 -20"><span class='ocrx_word' id='word_1_478' title='bbox 1922 2585 2246 2640; x_wconf 88' lang='lat' dir='ltr'><strong>oblationem</strong></span> <span class='ocrx_word' id='word_1_479' title='bbox 2280 2587 2529 2655; x_wconf 74' lang='lat' dir='ltr'><strong>perfectae</strong></span> <span class='ocrx_word' id='word_1_480' title='bbox 2561 2590 2738 2644; x_wconf 70' lang='lat' dir='ltr'><strong>missa:</strong></span> <span class='ocrx_word' id='word_1_481' title='bbox 2766 2605 2861 2659; x_wconf 89' lang='lat' dir='ltr'><strong>per</strong></span> <span class='ocrx_word' id='word_1_482' title='bbox 2888 2607 3103 2647; x_wconf 89' lang='lat' dir='ltr'><strong>omnem</strong></span> <span class='ocrx_word' id='word_1_483' title='bbox 3145 2595 3286 2649; x_wconf 86' lang='lat' dir='ltr'><strong>diem</strong></span> <span class='ocrx_word' id='word_1_484' title='bbox 3323 2596 3502 2654; x_wconf 88' lang='lat' dir='ltr'><strong>facere</strong></span> 
     </span>
    </p>
   </div>
   <div class='ocr_carea' id='block_1_70' title="bbox 1925 2676 3498 2747">
    <p class='ocr_par' dir='ltr' id='par_1_70' title="bbox 1925 2676 3498 2747">
     <span class='ocr_line' id='line_1_70' title="bbox 1925 2676 3498 2747; baseline 0.01 -19"><span class='ocrx_word' id='word_1_485' title='bbox 1925 2676 1975 2729; x_wconf 93' lang='lat' dir='ltr'><strong>in</strong></span> <span class='ocrx_word' id='word_1_486' title='bbox 2007 2677 2181 2731; x_wconf 85' lang='lat' dir='ltr'><strong>sae-ris</strong></span> <span class='ocrx_word' id='word_1_487' title='bbox 2212 2678 2401 2730; x_wconf 88' lang='lat' dir='ltr'><strong>diebus</strong></span> <span class='ocrx_word' id='word_1_488' title='bbox 2418 2679 2764 2747; x_wconf 82' lang='lat' dir='ltr'><strong>jejuniorum,</strong></span> <span class='ocrx_word' id='word_1_489' title='bbox 2789 2682 2904 2736; x_wconf 84' lang='lat' dir='ltr'><strong>sive</strong></span> <span class='ocrx_word' id='word_1_490' title='bbox 2929 2682 3165 2739; x_wconf 88' lang='lat' dir='ltr'><strong>Sabbalo</strong></span> <span class='ocrx_word' id='word_1_491' title='bbox 3188 2686 3302 2740; x_wconf 88' lang='lat' dir='ltr'><strong>sive</strong></span> <span class='ocrx_word' id='word_1_492' title='bbox 3317 2687 3498 2743; x_wconf 69' lang='lat' dir='ltr'><strong>Domi-</strong></span> 
     </span>
    </p>
   </div>
   <div class='ocr_carea' id='block_1_71' title="bbox 1925 2766 3501 2848">
    <p class='ocr_par' dir='ltr' id='par_1_71' title="bbox 1925 2766 3501 2848">
     <span class='ocr_line' id='line_1_71' title="bbox 1925 2766 3501 2848; baseline 0.011 -29"><span class='ocrx_word' id='word_1_493' title='bbox 1925 2766 2047 2821; x_wconf 90' lang='lat' dir='ltr'><strong>nico</strong></span> <span class='ocrx_word' id='word_1_494' title='bbox 2071 2767 2191 2821; x_wconf 86' lang='lat' dir='ltr'><strong>die:</strong></span> <span class='ocrx_word' id='word_1_495' title='bbox 2218 2768 2358 2822; x_wconf 90' lang='lat' dir='ltr'><strong>unde</strong></span> <span class='ocrx_word' id='word_1_496' title='bbox 2388 2771 2737 2825; x_wconf 82' lang='lat' dir='ltr'><strong>assuevistis?</strong></span> <span class='ocrx_word' id='word_1_497' title='bbox 2762 2787 2792 2825; x_wconf 89' lang='lat' dir='ltr'><strong>a</strong></span> <span class='ocrx_word' id='word_1_498' title='bbox 2817 2788 2924 2842; x_wconf 91' lang='lat' dir='ltr'><strong>quo</strong></span> <span class='ocrx_word' id='word_1_499' title='bbox 2947 2774 3167 2830; x_wconf 90' lang='lat' dir='ltr'><strong>doctore</strong></span> <span class='ocrx_word' id='word_1_500' title='bbox 3194 2781 3501 2848; x_wconf 81' lang='lat' dir='ltr'><strong>accepistis!</strong></span> 
     </span>
    </p>
   </div>
   <div class='ocr_carea' id='block_1_72' title="bbox 1925 2857 3502 2932">
    <p class='ocr_par' dir='ltr' id='par_1_72' title="bbox 1925 2857 3502 2932">
     <span class='ocr_line' id='line_1_72' title="bbox 1925 2857 3502 2932; baseline 0.011 -22"><span class='ocrx_word' id='word_1_501' title='bbox 1925 2857 2002 2911; x_wconf 82' lang='lat' dir='ltr'><strong>Ex</strong></span> <span class='ocrx_word' id='word_1_502' title='bbox 2050 2858 2349 2928; x_wconf 83' lang='lat' dir='ltr'><strong>apostolis?</strong></span> <span class='ocrx_word' id='word_1_503' title='bbox 2400 2860 2727 2916; x_wconf 83' lang='lat' dir='ltr'><strong>nullatenus.</strong></span> <span class='ocrx_word' id='word_1_504' title='bbox 2796 2862 3037 2932; x_wconf 81' lang='lat' dir='ltr'><strong>Apostoli</strong></span> <span class='ocrx_word' id='word_1_505' title='bbox 3088 2867 3231 2921; x_wconf 89' lang='lat' dir='ltr'><strong>enim</strong></span> <span class='ocrx_word' id='word_1_506' title='bbox 3277 2884 3343 2924; x_wconf 86' lang='lat' dir='ltr'><strong>ex</strong></span> <span class='ocrx_word' id='word_1_507' title='bbox 3399 2872 3502 2928; x_wconf 69' lang='lat' dir='ltr'><strong>hoc.</strong></span> 
     </span>
    </p>
   </div>
   <div class='ocr_carea' id='block_1_73' title="bbox 1921 2951 3502 3032">
    <p class='ocr_par' dir='ltr' id='par_1_73' title="bbox 1921 2951 3502 3032">
     <span class='ocr_line' id='line_1_73' title="bbox 1921 2951 3502 3032; baseline 0.009 -30"><span class='ocrx_word' id='word_1_508' title='bbox 1921 2964 2150 3021; x_wconf 85' lang='lat' dir='ltr'><strong>posuere.</strong></span> <span class='ocrx_word' id='word_1_509' title='bbox 2172 2964 2433 3005; x_wconf 91' lang='lat' dir='ltr'><strong>canonem</strong></span> <span class='ocrx_word' id='word_1_510' title='bbox 2473 2953 2549 3005; x_wconf 90' lang='lat' dir='ltr'><strong>sic</strong></span> <span class='ocrx_word' id='word_1_511' title='bbox 2572 2951 2879 3021; x_wconf 90' lang='lat' dir='ltr'><strong>loquentem</strong></span> <span class='ocrx_word' id='word_1_512' title='bbox 2911 2972 2925 3009; x_wconf 88' lang='lat'><strong>:</strong></span> <span class='ocrx_word' id='word_1_513' title='bbox 2959 2974 2977 3007; x_wconf 70' lang='grc' dir='ltr'><strong>ε</strong></span> <span class='ocrx_word' id='word_1_514' title='bbox 3001 2955 3056 3010; x_wconf 90' lang='lat' dir='ltr'><strong>Si</strong></span> <span class='ocrx_word' id='word_1_515' title='bbox 3078 2959 3200 3026; x_wconf 89' lang='lat' dir='ltr'><strong>quis</strong></span> <span class='ocrx_word' id='word_1_516' title='bbox 3218 2960 3502 3032; x_wconf 81' lang='lat' dir='ltr'><strong>cpiscOpus</strong></span> 
     </span>
    </p>
   </div>
   <div class='ocr_carea' id='block_1_74' title="bbox 1925 3040 3498 3116">
    <p class='ocr_par' dir='ltr' id='par_1_74' title="bbox 1925 3040 3498 3116">
     <span class='ocr_line' id='line_1_74' title="bbox 1925 3040 3498 3116; baseline 0.008 -22"><span class='ocrx_word' id='word_1_517' title='bbox 1925 3049 2017 3094; x_wconf 93' lang='lat' dir='ltr'><strong>aut</strong></span> <span class='ocrx_word' id='word_1_518' title='bbox 2040 3040 2343 3111; x_wconf 84' lang='lat' dir='ltr'><strong>presbyter,</strong></span> <span class='ocrx_word' id='word_1_519' title='bbox 2375 3050 2457 3095; x_wconf 85' lang='lat' dir='ltr'><strong>vel</strong></span> <span class='ocrx_word' id='word_1_520' title='bbox 2485 3042 2744 3096; x_wconf 88' lang='lat' dir='ltr'><strong>diaconus</strong></span> <span class='ocrx_word' id='word_1_521' title='bbox 2793 3054 2886 3098; x_wconf 89' lang='lat' dir='ltr'><strong>aut</strong></span> <span class='ocrx_word' id='word_1_522' title='bbox 2936 3044 3109 3101; x_wconf 90' lang='lat' dir='ltr'><strong>lector</strong></span> <span class='ocrx_word' id='word_1_523' title='bbox 3146 3061 3237 3102; x_wconf 91' lang='lat' dir='ltr'><strong>aut</strong></span> <span class='ocrx_word' id='word_1_524' title='bbox 3283 3062 3498 3116; x_wconf 88' lang='lat' dir='ltr'><strong>cantor,</strong></span> 
     </span>
    </p>
   </div>
   <div class='ocr_carea' id='block_1_75' title="bbox 1871 3133 3500 3213">
    <p class='ocr_par' dir='ltr' id='par_1_75' title="bbox 1871 3133 3500 3213">
     <span class='ocr_line' id='line_1_75' title="bbox 1871 3133 3500 3213; baseline 0.009 -27"><span class='ocrx_word' id='word_1_525' title='bbox 1871 3188 1892 3209; x_wconf 32' lang='grc' dir='ltr'><strong>ε</strong></span> <span class='ocrx_word' id='word_1_526' title='bbox 1925 3141 2165 3187; x_wconf 89' lang='lat' dir='ltr'><strong>sanctam</strong></span> <span class='ocrx_word' id='word_1_527' title='bbox 2194 3147 2302 3187; x_wconf 92' lang='lat' dir='ltr'><strong>non</strong></span> <span class='ocrx_word' id='word_1_528' title='bbox 2341 3133 2664 3202; x_wconf 84' lang='lat' dir='ltr'><strong>jejunaverit</strong></span> <span class='ocrx_word' id='word_1_529' title='bbox 2701 3136 3177 3207; x_wconf 86' lang='lat' dir='ltr'><strong>Quadragesimam</strong></span> <span class='ocrx_word' id='word_1_530' title='bbox 3226 3154 3500 3213; x_wconf 84' lang='lat' dir='ltr'><strong>quartam-</strong></span> 
     </span>
    </p>
   </div>
   <div class='ocr_carea' id='block_1_76' title="bbox 244 3194 1894 3281">
    <p class='ocr_par' dir='ltr' id='par_1_76' title="bbox 244 3194 1894 3281">
     <span class='ocr_line' id='line_1_76' title="bbox 244 3194 1894 3281; baseline 0.009 -22"><span class='ocrx_word' id='word_1_531' title='bbox 244 3208 672 3276; x_wconf 79' lang='lat' dir='ltr'><strong>circmnciditur,</strong></span> <span class='ocrx_word' id='word_1_532' title='bbox 704 3213 859 3267; x_wconf 91' lang='lat' dir='ltr'><strong>simul</strong></span> <span class='ocrx_word' id='word_1_533' title='bbox 888 3224 936 3267; x_wconf 91' lang='lat' dir='ltr'><strong>et</strong></span> <span class='ocrx_word' id='word_1_534' title='bbox 970 3217 1023 3267; x_wconf 91' lang='lat' dir='ltr'><strong>in</strong></span> <span class='ocrx_word' id='word_1_535' title='bbox 1048 3216 1269 3270; x_wconf 89' lang='lat' dir='ltr'><strong>scicntia</strong></span> <span class='ocrx_word' id='word_1_536' title='bbox 1303 3226 1385 3271; x_wconf 90' lang='lat' dir='ltr'><strong>est</strong></span> <span class='ocrx_word' id='word_1_537' title='bbox 1408 3218 1533 3281; x_wconf 90' lang='lat' dir='ltr'><strong>illis,</strong></span> <span class='ocrx_word' id='word_1_538' title='bbox 1563 3234 1823 3274; x_wconf 87' lang='lat' dir='ltr'><strong>canoncs-</strong></span> <span class='ocrx_word' id='word_1_539' title='bbox 1851 3194 1894 3248; x_wconf 71' lang='lat' dir='ltr'><strong>C</strong></span> 
     </span>
    </p>
   </div>
   <div class='ocr_carea' id='block_1_77' title="bbox 1926 3222 3500 3293">
    <p class='ocr_par' dir='ltr' id='par_1_77' title="bbox 1926 3222 3500 3293">
     <span class='ocr_line' id='line_1_77' title="bbox 1926 3222 3500 3293; baseline 0.013 -24"><span class='ocrx_word' id='word_1_540' title='bbox 1926 3233 2030 3286; x_wconf 90' lang='lat' dir='ltr'><strong>que</strong></span> <span class='ocrx_word' id='word_1_541' title='bbox 2052 3229 2104 3273; x_wconf 92' lang='lat' dir='ltr'><strong>et</strong></span> <span class='ocrx_word' id='word_1_542' title='bbox 2127 3229 2338 3273; x_wconf 85' lang='lat' dir='ltr'><strong>sextam</strong></span> <span class='ocrx_word' id='word_1_543' title='bbox 2386 3222 2598 3287; x_wconf 84' lang='lat' dir='ltr'><strong>feriant,</strong></span> <span class='ocrx_word' id='word_1_544' title='bbox 2659 3225 2979 3293; x_wconf 84' lang='lat' dir='ltr'><strong>deponatur,</strong></span> <span class='ocrx_word' id='word_1_545' title='bbox 3036 3230 3137 3283; x_wconf 91' lang='lat' dir='ltr'><strong>nisi</strong></span> <span class='ocrx_word' id='word_1_546' title='bbox 3189 3232 3500 3291; x_wconf 87' lang='lat' dir='ltr'><strong>infirmitate</strong></span> 
     </span>
    </p>
   </div>
   <div class='ocr_carea' id='block_1_78' title="bbox 1924 3311 3498 3389">
    <p class='ocr_par' dir='ltr' id='par_1_78' title="bbox 1924 3311 3498 3389">
     <span class='ocr_line' id='line_1_78' title="bbox 1924 3311 3498 3389; baseline 0.01 -26"><span class='ocrx_word' id='word_1_547' title='bbox 1924 3311 2169 3377; x_wconf 88' lang='lat' dir='ltr'><strong>corporis</strong></span> <span class='ocrx_word' id='word_1_548' title='bbox 2197 3311 2542 3379; x_wconf 90' lang='lat' dir='ltr'><strong>impediatur.</strong></span> <span class='ocrx_word' id='word_1_549' title='bbox 2575 3332 2592 3364; x_wconf 72' lang='grc' dir='ltr'><strong>ι</strong></span> <span class='ocrx_word' id='word_1_550' title='bbox 2626 3312 2994 3371; x_wconf 83' lang='lat' dir='ltr'><strong>Miuistrantes</strong></span> <span class='ocrx_word' id='word_1_551' title='bbox 3018 3333 3147 3387; x_wconf 86' lang='lat' dir='ltr'><strong>ergo</strong></span> <span class='ocrx_word' id='word_1_552' title='bbox 3170 3331 3331 3389; x_wconf 84' lang='lat' dir='ltr'><strong>atque</strong></span> <span class='ocrx_word' id='word_1_553' title='bbox 3354 3339 3498 3378; x_wconf 90' lang='lat' dir='ltr'><strong>eom-</strong></span> 
     </span>
    </p>
   </div>
   <div class='ocr_carea' id='block_1_79' title="bbox 1924 3401 3497 3470">
    <p class='ocr_par' dir='ltr' id='par_1_79' title="bbox 1924 3401 3497 3470">
     <span class='ocr_line' id='line_1_79' title="bbox 1924 3401 3497 3470; baseline 0.01 -17"><span class='ocrx_word' id='word_1_554' title='bbox 1924 3401 2130 3468; x_wconf 88' lang='lat' dir='ltr'><strong>plentes</strong></span> <span class='ocrx_word' id='word_1_555' title='bbox 2157 3404 2607 3459; x_wconf 88' lang='lat' dir='ltr'><strong>ministrationem</strong></span> <span class='ocrx_word' id='word_1_556' title='bbox 2639 3416 2838 3461; x_wconf 66' lang='lat' dir='ltr'><strong>sanctre</strong></span> <span class='ocrx_word' id='word_1_557' title='bbox 2880 3410 3057 3464; x_wconf 69' lang='lat' dir='ltr'><strong>missm</strong></span> <span class='ocrx_word' id='word_1_558' title='bbox 3086 3430 3241 3468; x_wconf 86' lang='lat' dir='ltr'><strong>secus</strong></span> <span class='ocrx_word' id='word_1_559' title='bbox 3285 3416 3497 3470; x_wconf 81' lang='lat' dir='ltr'><strong>tertiam</strong></span> 
     </span>
    </p>
   </div>
   <div class='ocr_carea' id='block_1_80' title="bbox 1924 3492 3497 3570">
    <p class='ocr_par' dir='ltr' id='par_1_80' title="bbox 1924 3492 3497 3570">
     <span class='ocr_line' id='line_1_80' title="bbox 1924 3492 3497 3570; baseline 0.013 -26"><span class='ocrx_word' id='word_1_560' title='bbox 1924 3492 2108 3546; x_wconf 88' lang='lat' dir='ltr'><strong>horam</strong></span> <span class='ocrx_word' id='word_1_561' title='bbox 2137 3494 2268 3559; x_wconf 91' lang='lat' dir='ltr'><strong>diei,</strong></span> <span class='ocrx_word' id='word_1_562' title='bbox 2306 3497 2357 3548; x_wconf 89' lang='lat' dir='ltr'><strong>in</strong></span> <span class='ocrx_word' id='word_1_563' title='bbox 2389 3511 2495 3566; x_wconf 91' lang='lat' dir='ltr'><strong>qua</strong></span> <span class='ocrx_word' id='word_1_564' title='bbox 2535 3506 2589 3550; x_wconf 89' lang='lat' dir='ltr'><strong>et</strong></span> <span class='ocrx_word' id='word_1_565' title='bbox 2639 3500 3035 3570; x_wconf 88' lang='lat' dir='ltr'><strong>pronmlgatum</strong></span> <span class='ocrx_word' id='word_1_566' title='bbox 3083 3516 3166 3559; x_wconf 89' lang='lat' dir='ltr'><strong>est</strong></span> <span class='ocrx_word' id='word_1_567' title='bbox 3195 3505 3373 3562; x_wconf 78' lang='lat' dir='ltr'><strong>offerri</strong></span> <span class='ocrx_word' id='word_1_568' title='bbox 3408 3526 3497 3563; x_wconf 78' lang='lat' dir='ltr'><strong>sa-</strong></span> 
     </span>
    </p>
   </div>
   <div class='ocr_carea' id='block_1_81' title="bbox 1921 3583 3495 3661">
    <p class='ocr_par' dir='ltr' id='par_1_81' title="bbox 1921 3583 3495 3661">
     <span class='ocr_line' id='line_1_81' title="bbox 1921 3583 3495 3661; baseline 0.013 -28"><span class='ocrx_word' id='word_1_569' title='bbox 1921 3583 2204 3646; x_wconf 85' lang='lat' dir='ltr'><strong>crificium,</strong></span> <span class='ocrx_word' id='word_1_570' title='bbox 2232 3586 2497 3651; x_wconf 90' lang='lat' dir='ltr'><strong>quomodo</strong></span> <span class='ocrx_word' id='word_1_571' title='bbox 2521 3586 2781 3655; x_wconf 84' lang='lat' dir='ltr'><strong>jejunium</strong></span> <span class='ocrx_word' id='word_1_572' title='bbox 2826 3607 2995 3661; x_wconf 87' lang='lat' dir='ltr'><strong>usque</strong></span> <span class='ocrx_word' id='word_1_573' title='bbox 3043 3595 3106 3647; x_wconf 91' lang='lat' dir='ltr'><strong>ad</strong></span> <span class='ocrx_word' id='word_1_574' title='bbox 3156 3596 3343 3651; x_wconf 87' lang='lat' dir='ltr'><strong>horam</strong></span> <span class='ocrx_word' id='word_1_575' title='bbox 3393 3600 3495 3653; x_wconf 77' lang='lat' dir='ltr'><strong>diei</strong></span> 
     </span>
    </p>
   </div>
   <div class='ocr_carea' id='block_1_82' title="bbox 1922 3675 3497 3754">
    <p class='ocr_par' dir='ltr' id='par_1_82' title="bbox 1922 3675 3497 3754">
     <span class='ocr_line' id='line_1_82' title="bbox 1922 3675 3497 3754; baseline 0.01 -27"><span class='ocrx_word' id='word_1_576' title='bbox 1922 3688 2115 3727; x_wconf 84' lang='lat' dir='ltr'><strong>nonam</strong></span> <span class='ocrx_word' id='word_1_577' title='bbox 2139 3675 2896 3736; x_wconf 75' lang='lat' dir='ltr'><strong>observatis?solvcntes[rrec</strong></span> <span class='ocrx_word' id='word_1_578' title='bbox 2945 3683 2998 3738; x_wconf 93' lang='lat' dir='ltr'><strong>in</strong></span> <span class='ocrx_word' id='word_1_579' title='bbox 3053 3694 3292 3754; x_wconf 82' lang='lat' dir='ltr'><strong>tempore</strong></span> <span class='ocrx_word' id='word_1_580' title='bbox 3340 3691 3497 3742; x_wconf 88' lang='lat' dir='ltr'><strong>mini-</strong></span> 
     </span>
    </p>
   </div>
   <div class='ocr_carea' id='block_1_83' title="bbox 1921 3766 3496 3851">
    <p class='ocr_par' dir='ltr' id='par_1_83' title="bbox 1921 3766 3496 3851">
     <span class='ocr_line' id='line_1_83' title="bbox 1921 3766 3496 3851; baseline 0.013 -34"><span class='ocrx_word' id='word_1_581' title='bbox 1921 3766 2195 3819; x_wconf 88' lang='lat' dir='ltr'><strong>stratiouis</strong></span> <span class='ocrx_word' id='word_1_582' title='bbox 2227 3767 2437 3822; x_wconf 65' lang='lat' dir='ltr'><strong>missm?</strong></span> <span class='ocrx_word' id='word_1_583' title='bbox 2463 3768 2830 3841; x_wconf 81' lang='lat' dir='ltr'><strong>Nequaquam.</strong></span> <span class='ocrx_word' id='word_1_584' title='bbox 2858 3774 2916 3829; x_wconf 91' lang='lat' dir='ltr'><strong>Si</strong></span> <span class='ocrx_word' id='word_1_585' title='bbox 2945 3785 3123 3832; x_wconf 89' lang='lat' dir='ltr'><strong>autem</strong></span> <span class='ocrx_word' id='word_1_586' title='bbox 3150 3779 3250 3835; x_wconf 92' lang='lat' dir='ltr'><strong>hoc</strong></span> <span class='ocrx_word' id='word_1_587' title='bbox 3293 3780 3496 3851; x_wconf 91' lang='lat' dir='ltr'><strong>impos-</strong></span> 
     </span>
    </p>
   </div>
   <div class='ocr_carea' id='block_1_84' title="bbox 1919 3841 2948 3931">
    <p class='ocr_par' dir='ltr' id='par_1_84' title="bbox 1919 3841 2948 3931">
     <span class='ocr_line' id='line_1_84' title="bbox 1919 3841 2948 3931; baseline 0.01 -22"><span class='ocrx_word' id='word_1_588' title='bbox 1919 3841 2071 3911; x_wconf 82' lang='lat' dir='ltr'><strong>sibile</strong></span> <span class='ocrx_word' id='word_1_589' title='bbox 2092 3866 2192 3919; x_wconf 92' lang='lat' dir='ltr'><strong>est,</strong></span> <span class='ocrx_word' id='word_1_590' title='bbox 2219 3859 2597 3915; x_wconf 91' lang='lat' dir='ltr'><strong>malcdictione</strong></span> <span class='ocrx_word' id='word_1_591' title='bbox 2621 3863 2948 3931; x_wconf 87' lang='lat' dir='ltr'><strong>plectemini.</strong></span> 
     </span>
    </p>
   </div>
   <div class='ocr_carea' id='block_1_85' title="bbox 1989 3946 3491 4031">
    <p class='ocr_par' dir='ltr' id='par_1_85' title="bbox 1989 3946 3491 4031">
     <span class='ocr_line' id='line_1_85' title="bbox 1989 3946 3491 4031; baseline 0.01 -31"><span class='ocrx_word' id='word_1_592' title='bbox 1989 3946 2122 4000; x_wconf 82' lang='lat' dir='ltr'><strong>Xlll.</strong></span> <span class='ocrx_word' id='word_1_593' title='bbox 2163 3947 2262 4015; x_wconf 86' lang='lat' dir='ltr'><strong>Qui</strong></span> <span class='ocrx_word' id='word_1_594' title='bbox 2294 3949 2345 4001; x_wconf 88' lang='lat' dir='ltr'><strong>in</strong></span> <span class='ocrx_word' id='word_1_595' title='bbox 2374 3948 2661 4020; x_wconf 88' lang='lat' dir='ltr'><strong>Gangreno</strong></span> <span class='ocrx_word' id='word_1_596' title='bbox 2694 3951 2844 4007; x_wconf 87' lang='lat' dir='ltr'><strong>fuere</strong></span> <span class='ocrx_word' id='word_1_597' title='bbox 2888 3954 3075 4011; x_wconf 87' lang='lat' dir='ltr'><strong>Patres</strong></span> <span class='ocrx_word' id='word_1_598' title='bbox 3101 3959 3328 4013; x_wconf 90' lang='lat' dir='ltr'><strong>concilio</strong></span> <span class='ocrx_word' id='word_1_599' title='bbox 3372 3975 3491 4031; x_wconf 80' lang='lat' dir='ltr'><strong>cap.</strong></span> 
     </span>
    </p>
   </div>
   <div class='ocr_carea' id='block_1_86' title="bbox 1920 4035 3496 4118">
    <p class='ocr_par' dir='ltr' id='par_1_86' title="bbox 1920 4035 3496 4118">
     <span class='ocr_line' id='line_1_86' title="bbox 1920 4035 3496 4118; baseline 0.009 -29"><span class='ocrx_word' id='word_1_600' title='bbox 1920 4036 1986 4089; x_wconf 74' lang='lat' dir='ltr'><strong>f9</strong></span> <span class='ocrx_word' id='word_1_601' title='bbox 2012 4036 2138 4090; x_wconf 87' lang='lat' dir='ltr'><strong>talia</strong></span> <span class='ocrx_word' id='word_1_602' title='bbox 2170 4035 2401 4091; x_wconf 80' lang='lat' dir='ltr'><strong>etl‘antur</strong></span> <span class='ocrx_word' id='word_1_603' title='bbox 2434 4056 2447 4092; x_wconf 91' lang='lat'><strong>:</strong></span> <span class='ocrx_word' id='word_1_604' title='bbox 2478 4057 2495 4089; x_wconf 70' lang='grc' dir='ltr'><em>ς</em></span> <span class='ocrx_word' id='word_1_605' title='bbox 2528 4038 2583 4093; x_wconf 90' lang='lat' dir='ltr'><strong>Si</strong></span> <span class='ocrx_word' id='word_1_606' title='bbox 2607 4042 2727 4109; x_wconf 90' lang='lat' dir='ltr'><strong>quis</strong></span> <span class='ocrx_word' id='word_1_607' title='bbox 2768 4044 3097 4099; x_wconf 90' lang='lat' dir='ltr'><strong>continentia</strong></span> <span class='ocrx_word' id='word_1_608' title='bbox 3147 4048 3262 4102; x_wconf 89' lang='lat' dir='ltr'><strong>sine</strong></span> <span class='ocrx_word' id='word_1_609' title='bbox 3306 4064 3496 4118; x_wconf 80' lang='lat' dir='ltr'><strong>corpo-</strong></span> 
     </span>
    </p>
   </div>
   <div class='ocr_carea' id='block_1_87' title="bbox 1918 4128 3494 4209">
    <p class='ocr_par' dir='ltr' id='par_1_87' title="bbox 1918 4128 3494 4209">
     <span class='ocr_line' id='line_1_87' title="bbox 1918 4128 3494 4209; baseline 0.011 -29"><span class='ocrx_word' id='word_1_610' title='bbox 1918 4128 2017 4182; x_wconf 85' lang='lat' dir='ltr'><strong>rali</strong></span> <span class='ocrx_word' id='word_1_611' title='bbox 2046 4130 2370 4185; x_wconf 90' lang='lat' dir='ltr'><strong>necessitate</strong></span> <span class='ocrx_word' id='word_1_612' title='bbox 2395 4130 2569 4187; x_wconf 89' lang='lat' dir='ltr'><strong>elatus</strong></span> <span class='ocrx_word' id='word_1_613' title='bbox 2596 4132 2779 4199; x_wconf 90' lang='lat' dir='ltr'><strong>fuerit,</strong></span> <span class='ocrx_word' id='word_1_614' title='bbox 2810 4145 2863 4190; x_wconf 89' lang='lat' dir='ltr'><strong>et</strong></span> <span class='ocrx_word' id='word_1_615' title='bbox 2891 4138 3180 4192; x_wconf 90' lang='lat' dir='ltr'><strong>constituta</strong></span> <span class='ocrx_word' id='word_1_616' title='bbox 3212 4138 3415 4209; x_wconf 87' lang='lat' dir='ltr'><strong>jejunia</strong></span> <span class='ocrx_word' id='word_1_617' title='bbox 3438 4143 3494 4198; x_wconf 91' lang='lat' dir='ltr'><strong>in</strong></span> 
     </span>
    </p>
   </div>
   <div class='ocr_carea' id='block_1_88' title="bbox 1918 4219 3491 4301">
    <p class='ocr_par' dir='ltr' id='par_1_88' title="bbox 1918 4219 3491 4301">
     <span class='ocr_line' id='line_1_88' title="bbox 1918 4219 3491 4301; baseline 0.01 -30"><span class='ocrx_word' id='word_1_618' title='bbox 1918 4232 2203 4272; x_wconf 90' lang='lat' dir='ltr'><strong>commune</strong></span> <span class='ocrx_word' id='word_1_619' title='bbox 2226 4226 2280 4272; x_wconf 89' lang='lat' dir='ltr'><strong>et</strong></span> <span class='ocrx_word' id='word_1_620' title='bbox 2302 4219 2584 4275; x_wconf 87' lang='lat' dir='ltr'><strong>observata</strong></span> <span class='ocrx_word' id='word_1_621' title='bbox 2612 4223 2680 4276; x_wconf 90' lang='lat' dir='ltr'><strong>ab</strong></span> <span class='ocrx_word' id='word_1_622' title='bbox 2710 4224 2950 4280; x_wconf 85' lang='lat' dir='ltr'><strong>Ecclesia</strong></span> <span class='ocrx_word' id='word_1_623' title='bbox 2980 4227 3307 4301; x_wconf 83' lang='lat' dir='ltr'><strong>dissolverit,</strong></span> <span class='ocrx_word' id='word_1_624' title='bbox 3350 4247 3491 4301; x_wconf 71' lang='lat' dir='ltr'><strong>prae-</strong></span> 
     </span>
    </p>
   </div>
   <div class='ocr_carea' id='block_1_89' title="bbox 1916 4311 3485 4381">
    <p class='ocr_par' dir='ltr' id='par_1_89' title="bbox 1916 4311 3485 4381">
     <span class='ocr_line' id='line_1_89' title="bbox 1916 4311 3485 4381; baseline 0.007 -18"><span class='ocrx_word' id='word_1_625' title='bbox 1916 4313 2175 4364; x_wconf 90' lang='lat' dir='ltr'><strong>sumendo</strong></span> <span class='ocrx_word' id='word_1_626' title='bbox 2207 4312 2304 4365; x_wconf 90' lang='lat' dir='ltr'><strong>sibi</strong></span> <span class='ocrx_word' id='word_1_627' title='bbox 2329 4311 2620 4380; x_wconf 89' lang='lat' dir='ltr'><strong>perfectam</strong></span> <span class='ocrx_word' id='word_1_628' title='bbox 2653 4316 2939 4381; x_wconf 88' lang='lat' dir='ltr'><strong>rationem,</strong></span> <span class='ocrx_word' id='word_1_629' title='bbox 2986 4319 3272 4372; x_wconf 87' lang='lat' dir='ltr'><strong>anathema</strong></span> <span class='ocrx_word' id='word_1_630' title='bbox 3318 4321 3410 4374; x_wconf 91' lang='lat' dir='ltr'><strong>sit.</strong></span> <span class='ocrx_word' id='word_1_631' title='bbox 3465 4339 3485 4374; x_wconf 70' lang='grc' dir='ltr'><strong><em>ι</em></strong></span> 
     </span>
    </p>
   </div>
   <div class='ocr_carea' id='block_1_90' title="bbox 1918 4399 3488 4481">
    <p class='ocr_par' dir='ltr' id='par_1_90' title="bbox 1918 4399 3488 4481">
     <span class='ocr_line' id='line_1_90' title="bbox 1918 4399 3488 4481; baseline 0.009 -28"><span class='ocrx_word' id='word_1_632' title='bbox 1918 4399 2177 4455; x_wconf 76' lang='lat' dir='ltr'><strong>Similiter</strong></span> <span class='ocrx_word' id='word_1_633' title='bbox 2227 4402 2411 4458; x_wconf 88' lang='lat' dir='ltr'><strong>Patres</strong></span> <span class='ocrx_word' id='word_1_634' title='bbox 2438 4405 2528 4473; x_wconf 91' lang='lat' dir='ltr'><strong>qui</strong></span> <span class='ocrx_word' id='word_1_635' title='bbox 2574 4405 2627 4459; x_wconf 92' lang='lat' dir='ltr'><strong>in</strong></span> <span class='ocrx_word' id='word_1_636' title='bbox 2675 4404 2989 4462; x_wconf 89' lang='lat' dir='ltr'><strong>Laodicensi</strong></span> <span class='ocrx_word' id='word_1_637' title='bbox 3035 4408 3183 4464; x_wconf 89' lang='lat' dir='ltr'><strong>fuere</strong></span> <span class='ocrx_word' id='word_1_638' title='bbox 3237 4412 3488 4481; x_wconf 91' lang='lat' dir='ltr'><strong>concilio,</strong></span> 
     </span>
    </p>
   </div>
   <div class='ocr_carea' id='block_1_91' title="bbox 1917 4490 3486 4560">
    <p class='ocr_par' dir='ltr' id='par_1_91' title="bbox 1917 4490 3486 4560">
     <span class='ocr_line' id='line_1_91' title="bbox 1917 4490 3486 4560; baseline 0.01 -19"><span class='ocrx_word' id='word_1_639' title='bbox 1917 4490 2210 4543; x_wconf 83' lang='lat' dir='ltr'><strong>secundum</strong></span> <span class='ocrx_word' id='word_1_640' title='bbox 2242 4492 2744 4560; x_wconf 77' lang='lat' dir='ltr'><strong>quinquagesimum</strong></span> <span class='ocrx_word' id='word_1_641' title='bbox 2771 4510 3034 4550; x_wconf 89' lang='lat' dir='ltr'><strong>canonem</strong></span> <span class='ocrx_word' id='word_1_642' title='bbox 3063 4498 3142 4553; x_wconf 91' lang='lat' dir='ltr'><strong>sic</strong></span> <span class='ocrx_word' id='word_1_643' title='bbox 3163 4498 3311 4555; x_wconf 83' lang='lat' dir='ltr'><strong>eﬂ&#39;ati</strong></span> <span class='ocrx_word' id='word_1_644' title='bbox 3336 4512 3486 4557; x_wconf 88' lang='lat' dir='ltr'><strong>sunt:</strong></span> 
     </span>
    </p>
   </div>
   <div class='ocr_carea' id='block_1_92' title="bbox 158 4547 3489 4659">
    <p class='ocr_par' dir='ltr' id='par_1_92' title="bbox 158 4547 3489 4659">
     <span class='ocr_line' id='line_1_92' title="bbox 158 4547 3489 4659; baseline 0.011 -48"><span class='ocrx_word' id='word_1_645' title='bbox 158 4632 169 4639; x_wconf 19' lang='grc' dir='ltr'>ᾗ</span> <span class='ocrx_word' id='word_1_646' title='bbox 238 4568 363 4628; x_wconf 86' lang='lat' dir='ltr'><strong>pter</strong></span> <span class='ocrx_word' id='word_1_647' title='bbox 414 4562 738 4629; x_wconf 85' lang='lat' dir='ltr'><strong>passionem.</strong></span> <span class='ocrx_word' id='word_1_648' title='bbox 782 4562 954 4630; x_wconf 86' lang='lat' dir='ltr'><strong>Ipsum</strong></span> <span class='ocrx_word' id='word_1_649' title='bbox 997 4574 1173 4619; x_wconf 76' lang='lat' dir='ltr'><strong>autem</strong></span> <span class='ocrx_word' id='word_1_650' title='bbox 1206 4566 1497 4621; x_wconf 86' lang='lat' dir='ltr'><strong>Sabbatum</strong></span> <span class='ocrx_word' id='word_1_651' title='bbox 1554 4587 1656 4625; x_wconf 91' lang='lat' dir='ltr'><strong>non</strong></span> <span class='ocrx_word' id='word_1_652' title='bbox 1698 4580 1807 4624; x_wconf 62' lang='lat' dir='ltr'><strong>trao</strong></span> <span class='ocrx_word' id='word_1_653' title='bbox 1845 4547 1891 4605; x_wconf 73' lang='grc' dir='ltr'><strong>θ</strong></span> <span class='ocrx_word' id='word_1_654' title='bbox 1923 4595 1940 4626; x_wconf 84' lang='grc'><strong>‹</strong></span> <span class='ocrx_word' id='word_1_655' title='bbox 1976 4577 2110 4643; x_wconf 87' lang='lat' dir='ltr'><strong>Quia</strong></span> <span class='ocrx_word' id='word_1_656' title='bbox 2138 4593 2241 4632; x_wconf 92' lang='lat' dir='ltr'><strong>non</strong></span> <span class='ocrx_word' id='word_1_657' title='bbox 2261 4547 2476 4649; x_wconf 73' lang='lat' dir='ltr'><strong>oportet</strong></span> <span class='ocrx_word' id='word_1_658' title='bbox 2505 4582 2557 4635; x_wconf 91' lang='lat' dir='ltr'><strong>in</strong></span> <span class='ocrx_word' id='word_1_659' title='bbox 2595 4581 3017 4653; x_wconf 89' lang='lat' dir='ltr'><strong>Quadragesima</strong></span> <span class='ocrx_word' id='word_1_660' title='bbox 3045 4597 3339 4659; x_wconf 88' lang='lat' dir='ltr'><strong>martyrum</strong></span> <span class='ocrx_word' id='word_1_661' title='bbox 3385 4606 3489 4645; x_wconf 83' lang='lat' dir='ltr'><strong>na-</strong></span> 
     </span>
    </p>
   </div>
   <div class='ocr_carea' id='block_1_93' title="bbox 240 4648 1813 4731">
    <p class='ocr_par' dir='ltr' id='par_1_93' title="bbox 240 4648 1813 4731">
     <span class='ocr_line' id='line_1_93' title="bbox 240 4648 1813 4731; baseline 0.009 -29"><span class='ocrx_word' id='word_1_662' title='bbox 240 4650 379 4702; x_wconf 77' lang='lat' dir='ltr'><strong>didit</strong></span> <span class='ocrx_word' id='word_1_663' title='bbox 434 4650 589 4703; x_wconf 88' lang='lat' dir='ltr'><strong>nobis</strong></span> <span class='ocrx_word' id='word_1_664' title='bbox 634 4648 899 4717; x_wconf 80' lang='lat' dir='ltr'><strong>jejunare,</strong></span> <span class='ocrx_word' id='word_1_665' title='bbox 940 4656 1192 4720; x_wconf 88' lang='lat' dir='ltr'><strong>quoniam</strong></span> <span class='ocrx_word' id='word_1_666' title='bbox 1249 4673 1353 4710; x_wconf 91' lang='lat' dir='ltr'><strong>non</strong></span> <span class='ocrx_word' id='word_1_667' title='bbox 1403 4670 1634 4728; x_wconf 86' lang='lat' dir='ltr'><strong>oportet,</strong></span> <span class='ocrx_word' id='word_1_668' title='bbox 1690 4677 1813 4731; x_wconf 81' lang='lat' dir='ltr'><strong>pro-</strong></span> 
     </span>
    </p>
   </div>
   <div class='ocr_carea' id='block_1_94' title="bbox 240 4739 1808 4812">
    <p class='ocr_par' dir='ltr' id='par_1_94' title="bbox 240 4739 1808 4812">
     <span class='ocr_line' id='line_1_94' title="bbox 240 4739 1808 4812; baseline 0.009 -20"><span class='ocrx_word' id='word_1_669' title='bbox 240 4750 358 4806; x_wconf 88' lang='lat' dir='ltr'><strong>ptcr</strong></span> <span class='ocrx_word' id='word_1_670' title='bbox 393 4739 520 4793; x_wconf 89' lang='lat' dir='ltr'><strong>illud</strong></span> <span class='ocrx_word' id='word_1_671' title='bbox 544 4741 734 4806; x_wconf 88' lang='lat' dir='ltr'><strong>solum,</strong></span> <span class='ocrx_word' id='word_1_672' title='bbox 772 4743 821 4795; x_wconf 91' lang='lat' dir='ltr'><strong>in</strong></span> <span class='ocrx_word' id='word_1_673' title='bbox 850 4758 956 4812; x_wconf 91' lang='lat' dir='ltr'><strong>quo</strong></span> <span class='ocrx_word' id='word_1_674' title='bbox 994 4746 1223 4799; x_wconf 74' lang='lat' dir='ltr'><strong>(Zreator</strong></span> <span class='ocrx_word' id='word_1_675' title='bbox 1269 4750 1507 4802; x_wconf 88' lang='lat' dir='ltr'><strong>onmium</strong></span> <span class='ocrx_word' id='word_1_676' title='bbox 1535 4753 1633 4803; x_wconf 90' lang='lat' dir='ltr'><strong>suh</strong></span> <span class='ocrx_word' id='word_1_677' title='bbox 1666 4762 1808 4806; x_wconf 85' lang='lat' dir='ltr'><strong>terra</strong></span> 
     </span>
    </p>
   </div>
   <div class='ocr_carea' id='block_1_95' title="bbox 240 4830 1811 4904">
    <p class='ocr_par' dir='ltr' id='par_1_95' title="bbox 240 4830 1811 4904">
     <span class='ocr_line' id='line_1_95' title="bbox 240 4830 1811 4904; baseline 0.011 -24"><span class='ocrx_word' id='word_1_678' title='bbox 240 4830 360 4882; x_wconf 89' lang='lat' dir='ltr'><strong>fuit.</strong></span> <span class='ocrx_word' id='word_1_679' title='bbox 399 4848 417 4879; x_wconf 74' lang='grc' dir='ltr'>ι</span> <span class='ocrx_word' id='word_1_680' title='bbox 462 4830 633 4895; x_wconf 82' lang='lat' dir='ltr'><strong>Unde,</strong></span> <span class='ocrx_word' id='word_1_681' title='bbox 653 4830 805 4897; x_wconf 81' lang='lat' dir='ltr'><strong>juxta</strong></span> <span class='ocrx_word' id='word_1_682' title='bbox 836 4834 1036 4887; x_wconf 80' lang='lat' dir='ltr'><strong>calcem</strong></span> <span class='ocrx_word' id='word_1_683' title='bbox 1072 4836 1310 4904; x_wconf 87' lang='lat' dir='ltr'><strong>ejusdem</strong></span> <span class='ocrx_word' id='word_1_684' title='bbox 1340 4839 1482 4900; x_wconf 83' lang='lat' dir='ltr'><strong>libri,</strong></span> <span class='ocrx_word' id='word_1_685' title='bbox 1513 4842 1704 4894; x_wconf 87' lang='lat' dir='ltr'><strong>iterum</strong></span> <span class='ocrx_word' id='word_1_686' title='bbox 1734 4846 1811 4898; x_wconf 87' lang='lat' dir='ltr'><strong>sic</strong></span> 
     </span>
    </p>
   </div>
   <div class='ocr_carea' id='block_1_96' title="bbox 237 4916 1806 4989">
    <p class='ocr_par' dir='ltr' id='par_1_96' title="bbox 237 4916 1806 4989">
     <span class='ocr_line' id='line_1_96' title="bbox 237 4916 1806 4989; baseline 0.01 -20"><span class='ocrx_word' id='word_1_687' title='bbox 237 4916 515 4985; x_wconf 82' lang='lat' dir='ltr'><strong>loquitur:</strong></span> <span class='ocrx_word' id='word_1_688' title='bbox 554 4939 571 4970; x_wconf 71' lang='grc' dir='ltr'>ι</span> <span class='ocrx_word' id='word_1_689' title='bbox 603 4919 772 4974; x_wconf 85' lang='lat' dir='ltr'><strong>Omne</strong></span> <span class='ocrx_word' id='word_1_690' title='bbox 802 4922 1015 4989; x_wconf 86' lang='lat' dir='ltr'><strong>quidem</strong></span> <span class='ocrx_word' id='word_1_691' title='bbox 1055 4923 1347 4979; x_wconf 85' lang='lat' dir='ltr'><strong>Sabbalum</strong></span> <span class='ocrx_word' id='word_1_692' title='bbox 1376 4936 1429 4981; x_wconf 91' lang='lat' dir='ltr'><strong>et</strong></span> <span class='ocrx_word' id='word_1_693' title='bbox 1456 4943 1669 4983; x_wconf 84' lang='lat' dir='ltr'><strong>omnem</strong></span> <span class='ocrx_word' id='word_1_694' title='bbox 1702 4932 1806 4984; x_wconf 90' lang='lat' dir='ltr'><strong>Do-</strong></span> 
     </span>
    </p>
   </div>
   <div class='ocr_carea' id='block_1_97' title="bbox 240 5004 1812 5074">
    <p class='ocr_par' dir='ltr' id='par_1_97' title="bbox 240 5004 1812 5074">
     <span class='ocr_line' id='line_1_97' title="bbox 240 5004 1812 5074; baseline 0.012 -19"><span class='ocrx_word' id='word_1_695' title='bbox 240 5004 495 5059; x_wconf 89' lang='lat' dir='ltr'><strong>minicum</strong></span> <span class='ocrx_word' id='word_1_696' title='bbox 527 5007 903 5064; x_wconf 89' lang='lat' dir='ltr'><strong>celebrandum</strong></span> <span class='ocrx_word' id='word_1_697' title='bbox 928 5026 1046 5065; x_wconf 88' lang='lat' dir='ltr'><strong>esse</strong></span> <span class='ocrx_word' id='word_1_698' title='bbox 1076 5014 1324 5068; x_wconf 90' lang='lat' dir='ltr'><strong>dicimus.</strong></span> <span class='ocrx_word' id='word_1_699' title='bbox 1366 5015 1614 5071; x_wconf 87' lang='lat' dir='ltr'><strong>Gaudere</strong></span> <span class='ocrx_word' id='word_1_700' title='bbox 1663 5021 1812 5074; x_wconf 90' lang='lat' dir='ltr'><strong>enim</strong></span> 
     </span>
    </p>
   </div>
   <div class='ocr_carea' id='block_1_98' title="bbox 236 5098 1806 5178">
    <p class='ocr_par' dir='ltr' id='par_1_98' title="bbox 236 5098 1806 5178">
     <span class='ocr_line' id='line_1_98' title="bbox 236 5098 1806 5178; baseline 0.011 -30"><span class='ocrx_word' id='word_1_701' title='bbox 236 5106 455 5165; x_wconf 81' lang='lat' dir='ltr'><strong>oportet</strong></span> <span class='ocrx_word' id='word_1_702' title='bbox 483 5098 533 5150; x_wconf 95' lang='lat' dir='ltr'><strong>in</strong></span> <span class='ocrx_word' id='word_1_703' title='bbox 554 5099 636 5153; x_wconf 87' lang='lat' dir='ltr'><strong>bis</strong></span> <span class='ocrx_word' id='word_1_704' title='bbox 661 5108 717 5153; x_wconf 92' lang='lat' dir='ltr'><strong>et</strong></span> <span class='ocrx_word' id='word_1_705' title='bbox 751 5116 855 5155; x_wconf 89' lang='lat' dir='ltr'><strong>non</strong></span> <span class='ocrx_word' id='word_1_706' title='bbox 887 5102 1089 5173; x_wconf 88' lang='lat' dir='ltr'><strong>lugere.</strong></span> <span class='ocrx_word' id='word_1_707' title='bbox 1130 5124 1146 5155; x_wconf 76' lang='grc' dir='ltr'><strong><em>ι</em></strong></span> <span class='ocrx_word' id='word_1_708' title='bbox 1199 5105 1440 5175; x_wconf 90' lang='lat' dir='ltr'><strong>Septimo</strong></span> <span class='ocrx_word' id='word_1_709' title='bbox 1472 5111 1686 5178; x_wconf 89' lang='lat' dir='ltr'><strong>quidem</strong></span> <span class='ocrx_word' id='word_1_710' title='bbox 1740 5113 1806 5166; x_wconf 85' lang='lat' dir='ltr'><strong>li-</strong></span> 
     </span>
    </p>
   </div>
   <div class='ocr_carea' id='block_1_99' title="bbox 236 5187 1804 5271">
    <p class='ocr_par' dir='ltr' id='par_1_99' title="bbox 236 5187 1804 5271">
     <span class='ocr_line' id='line_1_99' title="bbox 236 5187 1804 5271; baseline 0.011 -32"><span class='ocrx_word' id='word_1_711' title='bbox 236 5187 337 5240; x_wconf 89' lang='lat' dir='ltr'><strong>bro</strong></span> <span class='ocrx_word' id='word_1_712' title='bbox 374 5201 558 5241; x_wconf 87' lang='lat' dir='ltr'><strong>earum</strong></span> <span class='ocrx_word' id='word_1_713' title='bbox 582 5192 1185 5261; x_wconf 79' lang='lat' dir='ltr'><strong>constitutionumjuxta</strong></span> <span class='ocrx_word' id='word_1_714' title='bbox 1218 5198 1527 5253; x_wconf 79' lang='lat' dir='ltr'><strong>vicesinzum</strong></span> <span class='ocrx_word' id='word_1_715' title='bbox 1555 5213 1804 5271; x_wconf 87' lang='lat' dir='ltr'><strong>quarttun</strong></span> 
     </span>
    </p>
   </div>
   <div class='ocr_carea' id='block_1_100' title="bbox 234 5278 1801 5356">
    <p class='ocr_par' dir='ltr' id='par_1_100' title="bbox 234 5278 1801 5356">
     <span class='ocr_line' id='line_1_100' title="bbox 234 5278 1801 5356; baseline 0.011 -27"><span class='ocrx_word' id='word_1_716' title='bbox 234 5286 399 5344; x_wconf 84' lang='lat' dir='ltr'><strong>caput</strong></span> <span class='ocrx_word' id='word_1_717' title='bbox 435 5278 535 5331; x_wconf 81' lang='lat' dir='ltr'><strong>hoc</strong></span> <span class='ocrx_word' id='word_1_718' title='bbox 565 5278 848 5347; x_wconf 87' lang='lat' dir='ltr'><strong>inquiunt:</strong></span> <span class='ocrx_word' id='word_1_719' title='bbox 880 5301 898 5333; x_wconf 72' lang='grc' dir='ltr'><strong>ε</strong></span> <span class='ocrx_word' id='word_1_720' title='bbox 926 5282 1219 5338; x_wconf 87' lang='lat' dir='ltr'><strong>Sabbatum</strong></span> <span class='ocrx_word' id='word_1_721' title='bbox 1243 5302 1474 5356; x_wconf 86' lang='lat' dir='ltr'><strong>namque</strong></span> <span class='ocrx_word' id='word_1_722' title='bbox 1522 5300 1576 5344; x_wconf 90' lang='lat' dir='ltr'><strong>et</strong></span> <span class='ocrx_word' id='word_1_723' title='bbox 1627 5292 1801 5345; x_wconf 56' lang='lat' dir='ltr'><strong>Domi.</strong></span> 
     </span>
    </p>
   </div>
   <div class='ocr_carea' id='block_1_101' title="bbox 236 5365 1805 5451">
    <p class='ocr_par' dir='ltr' id='par_1_101' title="bbox 236 5365 1805 5451">
     <span class='ocr_line' id='line_1_101' title="bbox 236 5365 1805 5451; baseline 0.011 -32"><span class='ocrx_word' id='word_1_724' title='bbox 236 5365 417 5419; x_wconf 73' lang='lat' dir='ltr'><strong>nicum</strong></span> <span class='ocrx_word' id='word_1_725' title='bbox 442 5367 799 5435; x_wconf 85' lang='lat' dir='ltr'><strong>celebramus,</strong></span> <span class='ocrx_word' id='word_1_726' title='bbox 828 5372 951 5441; x_wconf 87' lang='lat' dir='ltr'><strong>quia</strong></span> <span class='ocrx_word' id='word_1_727' title='bbox 982 5373 1108 5429; x_wconf 90' lang='lat' dir='ltr'><strong>illud</strong></span> <span class='ocrx_word' id='word_1_728' title='bbox 1141 5377 1352 5443; x_wconf 90' lang='lat' dir='ltr'><strong>quidem</strong></span> <span class='ocrx_word' id='word_1_729' title='bbox 1373 5379 1569 5433; x_wconf 85' lang='lat' dir='ltr'><strong>divinae</strong></span> <span class='ocrx_word' id='word_1_730' title='bbox 1616 5397 1805 5451; x_wconf 89' lang='lat' dir='ltr'><strong>opera-</strong></span> 
     </span>
    </p>
   </div>
   <div class='ocr_carea' id='block_1_102' title="bbox 234 5454 1801 5524">
    <p class='ocr_par' dir='ltr' id='par_1_102' title="bbox 234 5454 1801 5524">
     <span class='ocr_line' id='line_1_102' title="bbox 234 5454 1801 5524; baseline 0.01 -16"><span class='ocrx_word' id='word_1_731' title='bbox 234 5454 401 5509; x_wconf 82' lang='lat' dir='ltr'><strong>tionis</strong></span> <span class='ocrx_word' id='word_1_732' title='bbox 426 5466 508 5510; x_wconf 90' lang='lat' dir='ltr'><strong>est</strong></span> <span class='ocrx_word' id='word_1_733' title='bbox 529 5459 816 5524; x_wconf 88' lang='lat' dir='ltr'><strong>memoria;</strong></span> <span class='ocrx_word' id='word_1_734' title='bbox 847 5459 937 5514; x_wconf 83' lang='lat' dir='ltr'><strong>hic</strong></span> <span class='ocrx_word' id='word_1_735' title='bbox 983 5478 1111 5518; x_wconf 89' lang='lat' dir='ltr'><strong>vero</strong></span> <span class='ocrx_word' id='word_1_736' title='bbox 1140 5468 1569 5522; x_wconf 83' lang='lat' dir='ltr'><strong>resurrectionis.</strong></span> <span class='ocrx_word' id='word_1_737' title='bbox 1629 5470 1801 5524; x_wconf 82' lang='lat' dir='ltr'><strong>Unum</strong></span> 
     </span>
    </p>
   </div>
   <div class='ocr_carea' id='block_1_103' title="bbox 235 5547 1804 5613">
    <p class='ocr_par' dir='ltr' id='par_1_103' title="bbox 235 5547 1804 5613">
     <span class='ocr_line' id='line_1_103' title="bbox 235 5547 1804 5613; baseline 0.01 -16"><span class='ocrx_word' id='word_1_738' title='bbox 235 5558 367 5599; x_wconf 78' lang='lat' dir='ltr'><strong>vero</strong></span> <span class='ocrx_word' id='word_1_739' title='bbox 412 5553 620 5600; x_wconf 88' lang='lat' dir='ltr'><strong>tantum</strong></span> <span class='ocrx_word' id='word_1_740' title='bbox 666 5547 958 5603; x_wconf 83' lang='lat' dir='ltr'><strong>Sabbatum</strong></span> <span class='ocrx_word' id='word_1_741' title='bbox 1005 5554 1412 5609; x_wconf 86' lang='lat' dir='ltr'><strong>custodiendum</strong></span> <span class='ocrx_word' id='word_1_742' title='bbox 1458 5568 1539 5611; x_wconf 89' lang='lat' dir='ltr'><strong>est</strong></span> <span class='ocrx_word' id='word_1_743' title='bbox 1588 5559 1637 5612; x_wconf 94' lang='lat' dir='ltr'><strong>in</strong></span> <span class='ocrx_word' id='word_1_744' title='bbox 1692 5569 1804 5613; x_wconf 92' lang='lat' dir='ltr'><strong>toto</strong></span> 
     </span>
    </p>
   </div>
   <div class='ocr_carea' id='block_1_104' title="bbox 232 5641 1803 5722">
    <p class='ocr_par' dir='ltr' id='par_1_104' title="bbox 232 5641 1803 5722">
     <span class='ocr_line' id='line_1_104' title="bbox 232 5641 1803 5722; baseline 0.009 -30"><span class='ocrx_word' id='word_1_745' title='bbox 232 5654 378 5693; x_wconf 86' lang='lat' dir='ltr'><strong>anno</strong></span> <span class='ocrx_word' id='word_1_746' title='bbox 397 5641 678 5711; x_wconf 74' lang='lat' dir='ltr'><strong>sepultura:</strong></span> <span class='ocrx_word' id='word_1_747' title='bbox 694 5644 924 5710; x_wconf 87' lang='lat' dir='ltr'><strong>Domini,</strong></span> <span class='ocrx_word' id='word_1_748' title='bbox 945 5648 1306 5719; x_wconf 88' lang='lat' dir='ltr'><strong>quojejunare</strong></span> <span class='ocrx_word' id='word_1_749' title='bbox 1320 5662 1551 5722; x_wconf 88' lang='lat' dir='ltr'><strong>oportet.</strong></span> <span class='ocrx_word' id='word_1_750' title='bbox 1577 5653 1803 5720; x_wconf 88' lang='lat' dir='ltr'><strong>Quando</strong></span> 
     </span>
    </p>
   </div>
   <div class='ocr_carea' id='block_1_105' title="bbox 235 5729 1802 5812">
    <p class='ocr_par' dir='ltr' id='par_1_105' title="bbox 235 5729 1802 5812">
     <span class='ocr_line' id='line_1_105' title="bbox 235 5729 1802 5812; baseline 0.013 -31"><span class='ocrx_word' id='word_1_751' title='bbox 235 5729 381 5781; x_wconf 76' lang='lat' dir='ltr'><strong>enim</strong></span> <span class='ocrx_word' id='word_1_752' title='bbox 412 5730 658 5787; x_wconf 77' lang='lat' dir='ltr'><strong>Christus</strong></span> <span class='ocrx_word' id='word_1_753' title='bbox 691 5734 742 5787; x_wconf 84' lang='lat' dir='ltr'><strong>in</strong></span> <span class='ocrx_word' id='word_1_754' title='bbox 783 5738 1028 5804; x_wconf 75' lang='lat' dir='ltr'><strong>sepulcro</strong></span> <span class='ocrx_word' id='word_1_755' title='bbox 1054 5738 1241 5807; x_wconf 70' lang='lat' dir='ltr'><strong>jacuit,</strong></span> <span class='ocrx_word' id='word_1_756' title='bbox 1272 5742 1514 5812; x_wconf 76' lang='lat' dir='ltr'><strong>discipuli</strong></span> <span class='ocrx_word' id='word_1_757' title='bbox 1543 5745 1802 5812; x_wconf 83' lang='lat' dir='ltr'><strong>potentio—</strong></span> 
     </span>
    </p>
   </div>
   <div class='ocr_carea' id='block_1_106' title="bbox 1918 4667 3486 4737">
    <p class='ocr_par' dir='ltr' id='par_1_106' title="bbox 1918 4667 3486 4737">
     <span class='ocr_line' id='line_1_106' title="bbox 1918 4667 3486 4737; baseline 0.011 -18"><span class='ocrx_word' id='word_1_758' title='bbox 1918 4667 2085 4720; x_wconf 86' lang='lat' dir='ltr'><strong>talitia</strong></span> <span class='ocrx_word' id='word_1_759' title='bbox 2112 4669 2410 4734; x_wconf 82' lang='lat' dir='ltr'><strong>celebrare,</strong></span> <span class='ocrx_word' id='word_1_760' title='bbox 2434 4672 2526 4725; x_wconf 92' lang='lat' dir='ltr'><strong>sed</strong></span> <span class='ocrx_word' id='word_1_761' title='bbox 2557 4682 2868 4729; x_wconf 89' lang='lat' dir='ltr'><strong>sanctorum</strong></span> <span class='ocrx_word' id='word_1_762' title='bbox 2918 4681 3486 4737; x_wconf 86' lang='lat' dir='ltr'><strong>commemorationem</strong></span> 
     </span>
    </p>
   </div>
   <div class='ocr_carea' id='block_1_107' title="bbox 1915 4754 3485 4839">
    <p class='ocr_par' dir='ltr' id='par_1_107' title="bbox 1915 4754 3485 4839">
     <span class='ocr_line' id='line_1_107' title="bbox 1915 4754 3485 4839; baseline 0.011 -31"><span class='ocrx_word' id='word_1_763' title='bbox 1915 4754 2091 4809; x_wconf 85' lang='lat' dir='ltr'><strong>facere</strong></span> <span class='ocrx_word' id='word_1_764' title='bbox 2121 4757 2171 4809; x_wconf 89' lang='lat' dir='ltr'><strong>in</strong></span> <span class='ocrx_word' id='word_1_765' title='bbox 2206 4757 2453 4812; x_wconf 70' lang='lat' dir='ltr'><strong>Saliliatis</strong></span> <span class='ocrx_word' id='word_1_766' title='bbox 2481 4770 2534 4813; x_wconf 87' lang='lat' dir='ltr'><strong>et</strong></span> <span class='ocrx_word' id='word_1_767' title='bbox 2575 4761 2867 4817; x_wconf 85' lang='lat' dir='ltr'><strong>Dominicis</strong></span> <span class='ocrx_word' id='word_1_768' title='bbox 2918 4765 3125 4820; x_wconf 88' lang='lat' dir='ltr'><strong>diebus.</strong></span> <span class='ocrx_word' id='word_1_769' title='bbox 3156 4786 3172 4817; x_wconf 73' lang='grc' dir='ltr'>ι</span> <span class='ocrx_word' id='word_1_770' title='bbox 3236 4770 3298 4822; x_wconf 86' lang='lat' dir='ltr'><strong>Et</strong></span> <span class='ocrx_word' id='word_1_771' title='bbox 3332 4771 3485 4839; x_wconf 80' lang='lat' dir='ltr'><strong>juxta</strong></span> 
     </span>
    </p>
   </div>
   <div class='ocr_carea' id='block_1_108' title="bbox 1913 4847 3482 4927">
    <p class='ocr_par' dir='ltr' id='par_1_108' title="bbox 1913 4847 3482 4927">
     <span class='ocr_line' id='line_1_108' title="bbox 1913 4847 3482 4927; baseline 0.011 -30"><span class='ocrx_word' id='word_1_772' title='bbox 1913 4847 2379 4916; x_wconf 83' lang='lat' dir='ltr'><strong>quadragesimum</strong></span> <span class='ocrx_word' id='word_1_773' title='bbox 2408 4859 2658 4903; x_wconf 88' lang='lat' dir='ltr'><strong>octavum</strong></span> <span class='ocrx_word' id='word_1_774' title='bbox 2693 4867 2953 4906; x_wconf 81' lang='lat' dir='ltr'><strong>canonem</strong></span> <span class='ocrx_word' id='word_1_775' title='bbox 2985 4854 3111 4907; x_wconf 88' lang='lat' dir='ltr'><strong>item</strong></span> <span class='ocrx_word' id='word_1_776' title='bbox 3141 4857 3292 4911; x_wconf 89' lang='lat' dir='ltr'><strong>aiunt</strong></span> <span class='ocrx_word' id='word_1_777' title='bbox 3341 4860 3438 4927; x_wconf 90' lang='lat' dir='ltr'><strong>ipsi</strong></span> <span class='ocrx_word' id='word_1_778' title='bbox 3467 4878 3482 4915; x_wconf 89' lang='lat'><strong>:</strong></span> 
     </span>
    </p>
   </div>
   <div class='ocr_carea' id='block_1_109' title="bbox 1917 4938 3480 5017">
    <p class='ocr_par' dir='ltr' id='par_1_109' title="bbox 1917 4938 3480 5017">
     <span class='ocr_line' id='line_1_109' title="bbox 1917 4938 3480 5017; baseline 0.012 -30"><span class='ocrx_word' id='word_1_779' title='bbox 1917 4955 1934 4987; x_wconf 85' lang='grc'><strong>‹</strong></span> <span class='ocrx_word' id='word_1_780' title='bbox 1968 4938 2118 5003; x_wconf 87' lang='lat' dir='ltr'><strong>Quod</strong></span> <span class='ocrx_word' id='word_1_781' title='bbox 2151 4954 2252 4991; x_wconf 84' lang='lat' dir='ltr'><strong>non</strong></span> <span class='ocrx_word' id='word_1_782' title='bbox 2285 4939 2435 4993; x_wconf 83' lang='lat' dir='ltr'><strong>decet</strong></span> <span class='ocrx_word' id='word_1_783' title='bbox 2469 4941 2521 4993; x_wconf 92' lang='lat' dir='ltr'><strong>in</strong></span> <span class='ocrx_word' id='word_1_784' title='bbox 2552 4942 2974 5013; x_wconf 81' lang='lat' dir='ltr'><strong>Quadragesima</strong></span> <span class='ocrx_word' id='word_1_785' title='bbox 3014 4962 3206 5015; x_wconf 88' lang='lat' dir='ltr'><strong>panem</strong></span> <span class='ocrx_word' id='word_1_786' title='bbox 3264 4950 3480 5017; x_wconf 76' lang='lat' dir='ltr'><strong>offerre,</strong></span> 
     </span>
    </p>
   </div>
   <div class='ocr_carea' id='block_1_110' title="bbox 1916 5028 2958 5099">
    <p class='ocr_par' dir='ltr' id='par_1_110' title="bbox 1916 5028 2958 5099">
     <span class='ocr_line' id='line_1_110' title="bbox 1916 5028 2958 5099; baseline 0.006 -19"><span class='ocrx_word' id='word_1_787' title='bbox 1916 5029 2016 5082; x_wconf 79' lang='lat' dir='ltr'><strong>nisi</strong></span> <span class='ocrx_word' id='word_1_788' title='bbox 2044 5029 2094 5082; x_wconf 90' lang='lat' dir='ltr'><strong>in</strong></span> <span class='ocrx_word' id='word_1_789' title='bbox 2128 5028 2364 5083; x_wconf 90' lang='lat' dir='ltr'><strong>Sabbato</strong></span> <span class='ocrx_word' id='word_1_790' title='bbox 2393 5040 2448 5083; x_wconf 91' lang='lat' dir='ltr'><strong>et</strong></span> <span class='ocrx_word' id='word_1_791' title='bbox 2472 5032 2746 5099; x_wconf 76' lang='lat' dir='ltr'><strong>Dominico</strong></span> <span class='ocrx_word' id='word_1_792' title='bbox 2771 5035 2905 5088; x_wconf 89' lang='lat' dir='ltr'><strong>solo.</strong></span> <span class='ocrx_word' id='word_1_793' title='bbox 2942 5054 2958 5086; x_wconf 76' lang='grc' dir='ltr'><strong><em>ι</em></strong></span> 
     </span>
    </p>
   </div>
   <div class='ocr_carea' id='block_1_111' title="bbox 1983 5116 3479 5188">
    <p class='ocr_par' dir='ltr' id='par_1_111' title="bbox 1983 5116 3479 5188">
     <span class='ocr_line' id='line_1_111' title="bbox 1983 5116 3479 5188; baseline 0.011 -17"><span class='ocrx_word' id='word_1_794' title='bbox 1983 5116 2116 5171; x_wconf 75' lang='lat' dir='ltr'><strong>XIV.</strong></span> <span class='ocrx_word' id='word_1_795' title='bbox 2157 5119 2224 5172; x_wconf 84' lang='lat' dir='ltr'><strong>Et</strong></span> <span class='ocrx_word' id='word_1_796' title='bbox 2247 5120 2333 5188; x_wconf 93' lang='lat' dir='ltr'><strong>qui</strong></span> <span class='ocrx_word' id='word_1_797' title='bbox 2367 5120 2418 5173; x_wconf 91' lang='lat' dir='ltr'><strong>in</strong></span> <span class='ocrx_word' id='word_1_798' title='bbox 2446 5133 2598 5175; x_wconf 81' lang='lat' dir='ltr'><strong>sexto</strong></span> <span class='ocrx_word' id='word_1_799' title='bbox 2622 5124 2908 5179; x_wconf 90' lang='lat' dir='ltr'><strong>universali</strong></span> <span class='ocrx_word' id='word_1_800' title='bbox 2939 5129 3166 5182; x_wconf 86' lang='lat' dir='ltr'><strong>concilio</strong></span> <span class='ocrx_word' id='word_1_801' title='bbox 3216 5146 3479 5187; x_wconf 80' lang='lat' dir='ltr'><strong>converre-</strong></span> 
     </span>
    </p>
   </div>
   <div class='ocr_carea' id='block_1_112' title="bbox 1912 5207 3480 5287">
    <p class='ocr_par' dir='ltr' id='par_1_112' title="bbox 1912 5207 3480 5287">
     <span class='ocr_line' id='line_1_112' title="bbox 1912 5207 3480 5287; baseline 0.011 -28"><span class='ocrx_word' id='word_1_802' title='bbox 1912 5219 2034 5260; x_wconf 91' lang='lat' dir='ltr'><strong>runt</strong></span> <span class='ocrx_word' id='word_1_803' title='bbox 2064 5207 2249 5262; x_wconf 87' lang='lat' dir='ltr'><strong>Patres</strong></span> <span class='ocrx_word' id='word_1_804' title='bbox 2274 5210 2685 5278; x_wconf 67' lang='lat' dir='ltr'><strong>similiter-juxta</strong></span> <span class='ocrx_word' id='word_1_805' title='bbox 2738 5216 3236 5287; x_wconf 86' lang='lat' dir='ltr'><strong>quinquagesimum</strong></span> <span class='ocrx_word' id='word_1_806' title='bbox 3290 5236 3480 5276; x_wconf 83' lang='lat' dir='ltr'><strong>secun-</strong></span> 
     </span>
    </p>
   </div>
   <div class='ocr_carea' id='block_1_113' title="bbox 1908 5299 3479 5381">
    <p class='ocr_par' dir='ltr' id='par_1_113' title="bbox 1908 5299 3479 5381">
     <span class='ocr_line' id='line_1_113' title="bbox 1908 5299 3479 5381; baseline 0.011 -29"><span class='ocrx_word' id='word_1_807' title='bbox 1908 5299 2317 5355; x_wconf 89' lang='lat' dir='ltr'><strong>dumcanonem</strong></span> <span class='ocrx_word' id='word_1_808' title='bbox 2348 5302 2593 5355; x_wconf 89' lang='lat' dir='ltr'><strong>sanciunt</strong></span> <span class='ocrx_word' id='word_1_809' title='bbox 2645 5319 2766 5357; x_wconf 90' lang='lat' dir='ltr'><strong>cum</strong></span> <span class='ocrx_word' id='word_1_810' title='bbox 2812 5309 3153 5363; x_wconf 87' lang='lat' dir='ltr'><strong>sanctissimo</strong></span> <span class='ocrx_word' id='word_1_811' title='bbox 3203 5310 3479 5381; x_wconf 80' lang='lat' dir='ltr'><strong>Agathone</strong></span> 
     </span>
    </p>
   </div>
   <div class='ocr_carea' id='block_1_114' title="bbox 1906 5390 3475 5474">
    <p class='ocr_par' dir='ltr' id='par_1_114' title="bbox 1906 5390 3475 5474">
     <span class='ocr_line' id='line_1_114' title="bbox 1906 5390 3475 5474; baseline 0.014 -35"><span class='ocrx_word' id='word_1_812' title='bbox 1906 5405 2041 5457; x_wconf 83' lang='lat' dir='ltr'><strong>papa</strong></span> <span class='ocrx_word' id='word_1_813' title='bbox 2076 5390 2289 5445; x_wconf 88' lang='lat' dir='ltr'><strong>dicente</strong></span> <span class='ocrx_word' id='word_1_814' title='bbox 2318 5392 2436 5446; x_wconf 90' lang='lat' dir='ltr'><strong>sic:</strong></span> <span class='ocrx_word' id='word_1_815' title='bbox 2480 5412 2496 5442; x_wconf 73' lang='grc' dir='ltr'>ι</span> <span class='ocrx_word' id='word_1_816' title='bbox 2526 5392 2580 5444; x_wconf 92' lang='lat' dir='ltr'><strong>ln</strong></span> <span class='ocrx_word' id='word_1_817' title='bbox 2631 5396 2880 5451; x_wconf 90' lang='lat' dir='ltr'><strong>omnibus</strong></span> <span class='ocrx_word' id='word_1_818' title='bbox 2924 5400 3123 5454; x_wconf 85' lang='lat' dir='ltr'><strong>sanctis</strong></span> <span class='ocrx_word' id='word_1_819' title='bbox 3172 5399 3475 5474; x_wconf 76' lang='lat' dir='ltr'><strong>Quadrage-</strong></span> 
     </span>
    </p>
   </div>
   <div class='ocr_carea' id='block_1_115' title="bbox 1906 5480 3476 5550">
    <p class='ocr_par' dir='ltr' id='par_1_115' title="bbox 1906 5480 3476 5550">
     <span class='ocr_line' id='line_1_115' title="bbox 1906 5480 3476 5550; baseline 0.01 -17"><span class='ocrx_word' id='word_1_820' title='bbox 1906 5480 2053 5533; x_wconf 75' lang='lat' dir='ltr'><strong>simm</strong></span> <span class='ocrx_word' id='word_1_821' title='bbox 2083 5481 2405 5550; x_wconf 75' lang='lat' dir='ltr'><strong>jejuniorum</strong></span> <span class='ocrx_word' id='word_1_822' title='bbox 2439 5484 2645 5550; x_wconf 90' lang='lat' dir='ltr'><strong>diebus,</strong></span> <span class='ocrx_word' id='word_1_823' title='bbox 2678 5487 2792 5540; x_wconf 89' lang='lat' dir='ltr'><strong>sine</strong></span> <span class='ocrx_word' id='word_1_824' title='bbox 2820 5487 3058 5544; x_wconf 88' lang='lat' dir='ltr'><strong>Sabbalo</strong></span> <span class='ocrx_word' id='word_1_825' title='bbox 3087 5501 3141 5546; x_wconf 84' lang='lat' dir='ltr'><strong>et</strong></span> <span class='ocrx_word' id='word_1_826' title='bbox 3198 5494 3476 5550; x_wconf 87' lang='lat' dir='ltr'><strong>Dominico</strong></span> 
     </span>
    </p>
   </div>
   <div class='ocr_carea' id='block_1_116' title="bbox 1905 5570 3473 5644">
    <p class='ocr_par' dir='ltr' id='par_1_116' title="bbox 1905 5570 3473 5644">
     <span class='ocr_line' id='line_1_116' title="bbox 1905 5570 3473 5644; baseline 0.012 -24"><span class='ocrx_word' id='word_1_827' title='bbox 1905 5570 2009 5632; x_wconf 90' lang='lat' dir='ltr'><strong>die,</strong></span> <span class='ocrx_word' id='word_1_828' title='bbox 2043 5579 2097 5623; x_wconf 88' lang='lat' dir='ltr'><strong>et</strong></span> <span class='ocrx_word' id='word_1_829' title='bbox 2118 5572 2235 5625; x_wconf 88' lang='lat' dir='ltr'><strong>sine</strong></span> <span class='ocrx_word' id='word_1_830' title='bbox 2263 5583 2452 5627; x_wconf 87' lang='lat' dir='ltr'><strong>sancto</strong></span> <span class='ocrx_word' id='word_1_831' title='bbox 2472 5577 2912 5632; x_wconf 80' lang='lat' dir='ltr'><strong>Annnntiationis</strong></span> <span class='ocrx_word' id='word_1_832' title='bbox 2935 5581 3044 5644; x_wconf 87' lang='lat' dir='ltr'><strong>die,</strong></span> <span class='ocrx_word' id='word_1_833' title='bbox 3088 5584 3179 5633; x_wconf 82' lang='lat' dir='ltr'><strong>fiat</strong></span> <span class='ocrx_word' id='word_1_834' title='bbox 3206 5582 3367 5638; x_wconf 83' lang='lat' dir='ltr'><strong>missa</strong></span> <span class='ocrx_word' id='word_1_835' title='bbox 3405 5598 3473 5639; x_wconf 80' lang='lat' dir='ltr'><strong>ex</strong></span> 
     </span>
    </p>
   </div>
   <div class='ocr_carea' id='block_1_117' title="bbox 1905 5660 3476 5741">
    <p class='ocr_par' dir='ltr' id='par_1_117' title="bbox 1905 5660 3476 5741">
     <span class='ocr_line' id='line_1_117' title="bbox 1905 5660 3476 5741; baseline 0.013 -33"><span class='ocrx_word' id='word_1_836' title='bbox 1905 5660 2379 5717; x_wconf 88' lang='lat' dir='ltr'><strong>antesanctificatis</strong></span> <span class='ocrx_word' id='word_1_837' title='bbox 2402 5664 2783 5719; x_wconf 88' lang='lat' dir='ltr'><strong>oblationibus.</strong></span> <span class='ocrx_word' id='word_1_838' title='bbox 2825 5686 2843 5719; x_wconf 71' lang='grc' dir='ltr'>ι</span> <span class='ocrx_word' id='word_1_839' title='bbox 2879 5666 2969 5721; x_wconf 88' lang='lat' dir='ltr'><strong>Sic</strong></span> <span class='ocrx_word' id='word_1_840' title='bbox 2999 5685 3127 5739; x_wconf 78' lang='lat' dir='ltr'><strong>ergo</strong></span> <span class='ocrx_word' id='word_1_841' title='bbox 3148 5671 3476 5741; x_wconf 78' lang='lat' dir='ltr'><strong>accipientes</strong></span> 
     </span>
    </p>
   </div>
   <div class='ocr_carea' id='block_1_118' title="bbox 1907 5748 3475 5820">
    <p class='ocr_par' dir='ltr' id='par_1_118' title="bbox 1907 5748 3475 5820">
     <span class='ocr_line' id='line_1_118' title="bbox 1907 5748 3475 5820; baseline 0.013 -20"><span class='ocrx_word' id='word_1_842' title='bbox 1907 5763 2003 5802; x_wconf 80' lang='lat' dir='ltr'><strong>nos</strong></span> <span class='ocrx_word' id='word_1_843' title='bbox 2057 5748 2294 5804; x_wconf 78' lang='lat' dir='ltr'><strong>Sabbata</strong></span> <span class='ocrx_word' id='word_1_844' title='bbox 2326 5761 2378 5804; x_wconf 88' lang='lat' dir='ltr'><strong>et</strong></span> <span class='ocrx_word' id='word_1_845' title='bbox 2417 5752 2686 5807; x_wconf 81' lang='lat' dir='ltr'><strong>Dominica</strong></span> <span class='ocrx_word' id='word_1_846' title='bbox 2739 5757 2846 5819; x_wconf 86' lang='lat' dir='ltr'><strong>die,</strong></span> <span class='ocrx_word' id='word_1_847' title='bbox 2896 5773 3052 5814; x_wconf 78' lang='lat' dir='ltr'><strong>secus</strong></span> <span class='ocrx_word' id='word_1_848' title='bbox 3104 5761 3319 5815; x_wconf 85' lang='lat' dir='ltr'><strong>tertiam</strong></span> <span class='ocrx_word' id='word_1_849' title='bbox 3365 5762 3475 5820; x_wconf 64' lang='lat' dir='ltr'><strong>diei</strong></span> 
     </span>
    </p>
   </div>
  </div>
