4190 6458
778 372 916 439 1019

1616 341 1909 448 meare
1948 389 2376 453 marcum
2415 394 2712 457 CONTRA
2750 402 3085 471 LATINOS.

3847 425 3984 491 1020

778 503 993 606 horam,‘
1018 501 1068 556 in
1097 519 1198 573 qua
1222 517 1274 560 ct
1306 508 1533 577 Spiritus
1571 525 1789 568 sanctus
1835 517 2108 573 descendit
2155 536 2314 589 super
2342 527 2387 583 Α
2415 522 2513 576 bus
2539 524 2793 591 ipsorum,
2821 531 2918 594 qui
2938 544 2965 579 a
2996 529 3148 582 nobis
3174 532 3408 599 prmdicti
3439 547 3582 600 sunt,
3616 551 3716 591 non
3742 539 3981 606 abjicere

774 589 1081 656 discipulos,
1111 593 1464 659 immolantes,
1519 600 1568 651 in
1601 603 1724 668 ipsis
1753 604 2147 661 sanctificamus
2198 625 2316 659 qu-

774 692 923 743 nera,
952 682 1230 749 exquibus
1262 684 1574 742 sufﬁcientia
1603 691 1655 743 iu
1681 701 1787 744 tota
1818 693 2143 749 hebdomada
2190 710 2316 750 con-

771 782 1064 854 servamus.
1094 772 1149 825 In
1180 774 1297 829 aliis
1325 785 1499 831 autem
1547 781 1730 835 diebus
1781 785 2122 839 hebdomadis
2164 786 2317 854 juxta

773 867 979 925 tempus
1000 850 1144 914 hora:
1173 878 1323 916 nona:
1344 865 1449 920 diei
1480 869 1857 927 concludentes
1904 889 2113 927 onmem
2158 875 2315 929 mini-

771 948 1081 1002 strationem
1114 952 1164 1003 in
1197 960 1708 1013 consummationem
1730 964 2077 1031 completorii,
2112 966 2318 1032 agimus

771 1048 867 1085 nos
892 1037 1195 1092 sacerdotes
1215 1056 1333 1093 cum
1364 1046 1672 1100 diaconibus
1703 1051 2020 1116 ingressum,
2074 1054 2315 1108 thuribu-

771 1118 876 1173 lum
904 1121 1070 1175 solum
1097 1124 1349 1182 ferentes.
1380 1132 1442 1183 Et
1463 1141 1583 1199 post
1612 1136 1892 1189 lectionem
1940 1139 2315 1207 prophetarum

770 1209 1095 1291 constitutas-
1125 1217 1396 1269 orationes
1427 1233 1454 1269 a
1483 1235 1675 1289 magno
1719 1224 1913 1277 Basilio
1962 1225 2234 1291 facientes,
2265 1236 2317 1281 et

770 1310 986 1349 munera
1013 1302 1399 1359 transferentes
1425 1311 1771 1376 appositionis
1805 1312 1997 1368 altario
2025 1325 2078 1369 et
2101 1328 2319 1373 orantes

768 1396 888 1434 cum
926 1385 1071 1452 ipsis.
1110 1390 1329 1459 Insuper
1375 1405 1551 1449 autem
1592 1407 1645 1449 et
1687 1401 1934 1455 traditam
1984 1400 2136 1458 nobis
2160 1421 2190 1458 a
2217 1406 2321 1459 Do-

768 1470 913 1524 mino
948 1477 1243 1531 orationem
1295 1482 1553 1548 dicentes,
1584 1486 1877 1544 exaltamus
1915 1493 2320 1559 prresanctilica-

767 1566 1113 1629 tumpanem,
1142 1576 1197 1621 et
1226 1571 1411 1626 damus
1456 1578 1891 1639 praesanctificata
1950 1592 2133 1636 sancta
2185 1600 2315 1638 san-

766 1649 889 1714 ctis,
919 1661 971 1703 et
1003 1655 1131 1709 uniti
1163 1662 1534 1717 communione
1565 1681 1701 1733 pane
1725 1677 1776 1721 et
1820 1669 1988 1723 calice
2033 1675 2318 1742 mysterio-

766 1755 884 1793 rum
908 1743 1127 1801 Christi.
1164 1750 1323 1804 Etita
1372 1767 1586 1823 agentes
1614 1760 1814 1826 gratias
1859 1763 1984 1826 Deo,
2034 1765 2320 1834 linquimus

2416 613 2693 683 episcopos
2713 624 2766 668 et
2791 616 3129 685 presbyteros
3159 622 3442 676 occasione
3491 625 3784 694 religionis,
3846 644 3979 682 uxo-

2416 719 2499 758 res
2526 715 2839 769 sanxerunt,
2868 714 2922 761 et
2962 717 3019 760 ut
3049 709 3302 762 caderent
3352 727 3436 766 res
3489 715 3863 783 episcoporum
3912 731 3981 771 ex

2414 792 2768 860 potestatibus
2802 808 2984 847 eorum
3012 805 3230 864 propter
3258 796 3394 852 ﬁlios
3447 811 3500 853 et
3527 802 3780 858 mulieres
3838 806 3980 873 ipso-

2414 896 2554 936 rum.

2486 967 2621 1023 XVI.
2664 969 2720 1023 Si
2748 978 2924 1025 autem
2962 972 3158 1041 aliquis
3188 974 3385 1030 dixerit
3412 978 3477 1031 de
3502 988 3687 1034 sancta
3740 989 3797 1035 et
3858 983 3981 1036 uni-

2415 1055 2607 1111 versali
2638 1061 2865 1129 synodo,
2922 1063 3062 1130 quod
3114 1076 3303 1133 papam
3348 1064 3532 1119 Romae
3581 1069 3979 1124 sanctissimum

2416 1144 2768 1215 Agathonem,
2800 1156 2857 1201 ut
2877 1150 3168 1218 saepissime
3193 1153 3446 1217 diximus,
3476 1171 3856 1222 pmsessorem
3882 1161 3979 1213 ba-

2417 1236 2554 1300 buit,
2584 1236 2698 1305 ipsa
2722 1245 2934 1291 centum
2963 1242 3296 1312 septuaginta
3320 1242 3558 1309 Patrum,
3591 1249 3691 1300 sub
3713 1247 3980 1326 Copstan-

2420 1324 2530 1376 tino
2554 1324 2895 1391 imperatore,
2911 1336 3104 1394 nepote
3132 1327 3359 1382 Heraclii
3389 1340 3445 1384 et
3474 1341 3626 1401 patre
3646 1324 3934 1389 Iustiniani
3958 1354 3975 1389 :

2417 1417 2683 1481 quomodo
2718 1431 2823 1469 non
2852 1418 3060 1471 obstitit
3087 1420 3299 1473 divinus
3345 1422 3589 1491 Agathon
3644 1436 3844 1480 sanctae
3893 1442 3981 1498 sy-

2419 1502 2556 1555 nodo
2580 1503 2840 1556 sancienti
2868 1504 3123 1560 adversus
3148 1507 3244 1561 hos
3267 1509 3457 1577 impios
3479 1526 3614 1579 quos
3645 1528 3813 1580 usque
3842 1530 3983 1569 nunc

2419 1592 2659 1645 habetis?
2684 1592 2738 1646 Si
2770 1609 2896 1648 vero
2913 1595 2980 1649 ab
3007 1598 3261 1663 apostolis
3292 1599 3563 1653 haberetis
3590 1602 3685 1654 has
3727 1604 3971 1655 traditio-

2420 1695 2534 1744 nes,
2588 1682 2874 1736 obsisteret
2924 1683 3171 1748 forsitan,
3229 1694 3284 1739 et
3328 1701 3431 1739 non
3488 1690 3811 1756 suscepisset
3867 1692 3980 1745 haec

2421 1783 2539 1839 qum
2562 1770 2700 1837 apud
2738 1786 2835 1825 nos
2866 1773 2931 1825 ab
2980 1788 3042 1826 ea
3091 1774 3422 1843 promulgata
3475 1787 3620 1830 sunt.
3673 1779 3814 1847 Papa
3861 1795 3980 1833 cum

765 1844 858 1883 eos
885 1845 1043 1903 atque
1087 1838 1403 1898 dimittimus
1454 1862 1519 1901 ex
1566 1855 1993 1919 congregatione,
2048 1868 2317 1912 sumentes
2346 1844 2392 1905 Β
2419 1868 2565 1912 esset
2590 1869 2788 1923 vester,
2822 1863 3074 1929 quoniam
3100 1864 3371 1918 adulteras
3414 1868 3768 1933 cognoscebat
3815 1870 3975 1922 tradi-

768 1937 864 1975 nos
890 1940 1226 1982 communem
1254 1948 1489 1988 mensam
1516 1953 1611 2005 per
1659 1938 1782 1993 folia
1832 1951 1885 1997 et
1931 1943 2216 2014 legumina,
2267 1955 2321 2001 et

764 2011 985 2066 calidam
1015 2031 1206 2084 aquam
1242 2022 1329 2088 qui
1386 2024 1667 2081 voluerint.
1724 2028 1859 2083 Sunt
1902 2011 2079 2087 autem
2131 2046 2187 2088 et
2231 2035 2318 2089 alii

766 2103 851 2169 qui
879 2105 987 2157 sola
1013 2112 1384 2165 communione
1410 2123 1461 2166 et
1490 2116 1855 2176 benedictione
1885 2139 1981 2192 per
2007 2133 2170 2179 totam
2199 2141 2319 2195 per-

763 2204 1010 2249 severant
1042 2197 1446 2255 hebdomadam.
1501 2206 1607 2260 Vos
1656 2221 1833 2263 autem
1892 2212 2183 2269 referentes
2227 2232 2321 2284 per

764 2296 1199 2354 unumquemque
1249 2289 1389 2343 diem
1447 2294 1741 2361 perfectam
1799 2299 1852 2352 in
1902 2301 2318 2373 Quadragesima

762 2372 1231 2444 ministrationem,
1264 2398 1381 2449 qua:
1411 2399 1643 2454 congrua
1668 2399 1751 2443 est
1768 2391 1917 2458 juxta
1960 2372 2170 2450 tertiam
2219 2400 2318 2453 ho-

765 2475 878 2514 ram
930 2463 1031 2517 diei
1084 2466 1262 2521 oﬂerri
1297 2510 1311 2534 ,
1367 2474 1567 2541 positos
1617 2482 2045 2548 transgredimini
2092 2501 2321 2543 canones

761 2548 1031 2607 Ecclesiae.
1058 2555 1123 2608 Et
1146 2558 1196 2610 in
1230 2559 1330 2614 hoc
1356 2564 1717 2622 maledictioni
1751 2569 1964 2626 Patrum
2010 2578 2318 2646 subjacetis,

761 2642 904 2695 sicut
931 2644 1131 2699 dictum
1158 2657 1260 2703 est.

831 2729 1114 2824 X_V.‘Quis
1165 2738 1253 2792 ille
1285 2748 1368 2794 est
1413 2743 1504 2811 qui
1556 2748 1773 2803 tradidit
1817 2752 1968 2807 vobis
2038 2756 2319 2824 prohibere

758 2826 813 2873 et
841 2820 1153 2879 abscindere
1182 2828 1391 2895 nuptias
1438 2835 1812 2892 sacerdotum?
1840 2838 1971 2906 Quis
2019 2820 2082 2897 ex
2138 2847 2322 2900 docto-

760 2911 908 2965 ribus
935 2913 1338 2973 Ecclesiaehanc
1367 2924 1517 2977 vobis
1566 2928 1784 2983 tradidit
1836 2934 2189 2999 pravitatem?
2235 2938 2319 2991 Si-

758 3001 969 3068 quidem
993 3004 1092 3058 nisi
1121 3009 1382 3075 nupserit,
1416 3028 1603 3069 manus
1654 3018 2016 3087 impositionis
2068 3028 2312 3095 accipiet.

760 3089 827 3143 Ει
856 3090 927 3143 ita
959 3094 1024 3145 ad
1056 3097 1268 3163 nuptias
1309 3101 1434 3163 ruit,
1484 3104 1573 3170 qui
1613 3106 1892 3164 ordinatus
1930 3123 2010 3167 est
2042 3089 2316 3184 innuptus,

760 3176 1012 3224 legitime-
1044 3181 1150 3224 "ne
1198 3195 1246 3224 nl
1282 3189 1569 3224 cpmmdnm
1619 3207 1847 3224 Num"..-
1885 3198 2056 3224 r...:.:-
2140 3202 2290 3224 n___:__-
2345 3162 2392 3224 C

760 3176 1012 3247 legitime.
1044 3181 1152 3237 Iloc
1198 3195 1251 3238 et
1281 3189 1570 3243 secundum
1618 3207 1849 3250 canones
1884 3198 2078 3264 facitis,
2140 3176 2320 3269 hujus;

757 3270 899 3322 modi
930 3272 1143 3337 nuptias
1170 3277 1545 3353 prohibentes?
1573 3280 1627 3335 Si
1654 3296 1837 3339 autem
1886 3298 2013 3343 ante
2071 3291 2320 3346 habuerit

761 3373 979 3413 uxorem
1012 3361 1099 3415 ille
1125 3365 1215 3431 qui
1253 3368 1529 3423 ordinatus
1550 3381 1632 3425 est
1681 3378 1953 3442 sacerdos,
2004 3396 2317 3449 persevera-

766 3451 1008 3517 veritque
1064 3454 1115 3506 in
1170 3459 1416 3513 castitate
1462 3476 1759 3531 magnaque
1781 3468 1908 3533 vita,
1958 3472 2169 3540 nuptias
2206 3474 2320 3540 ejus

761 3539 986 3602 solvatis,
1044 3549 1501 3613 transgredimini,
1552 3563 1610 3605 ut
1645 3570 1706 3607 ex
1744 3572 2009 3628 prazcepto
2035 3539 2317 3629 iapostoli-

764 3644 948 3682 corum
980 3646 1243 3686 canonum
1276 3639 1553 3692 ostendam
1592 3644 1761 3697 vobis.
1794 3646 1848 3699 In
1880 3658 2032 3703 sexto
2084 3652 2226 3704 enim
2261 3652 2320 3704 li-

762 3718 858 3770 hro
883 3717 1169 3776 Clementis
1199 3724 1597 3782 ordinationum
1636 3748 1753 3800 quae
1781 3736 1849 3790 ab
1892 3752 1956 3791 eo
2006 3741 2321 3809 conscripta:

762 3817 910 3872 sunt,
934 3808 1086 3876 juxta
1120 3815 1404 3881 septimum
1432 3818 1697 3875 decimum
1724 3835 1885 3894 caput
1914 3828 2154 3897 Apostoli
2208 3808 2320 3885 hzec

764 3896 987 3950 dicunt:
1018 3916 1035 3949 ι
1069 3900 1385 3971 Episcopum
1431 3914 1485 3959 et
1532 3911 1899 3981 presbyterum
1929 3896 1983 3970 et
2036 3920 2320 3974 diaconum

764 3989 1009 4055 dicimus,
1041 3992 1128 4059 qui
1171 4010 1327 4048 unam
1354 3998 1549 4052 habent
1574 4017 1813 4062 uxorem.
1852 4007 2108 4073 ordinari,
2135 4025 2324 4078 quam-

763 4077 842 4130 vis
872 4079 1050 4133 vivant
1075 4096 1255 4135 eorum
1287 4085 1555 4155 eunjuges,
1609 4092 1851 4157 quamvis
1899 4077 2184 4160 defunctas,
2217 4113 2321 4150 non

764 4164 889 4219 licet
909 4183 1002 4221 eos
1029 4179 1148 4237 post
1194 4186 1382 4226 manus
1436 4174 1823 4243 impositionem
1881 4180 2132 4249 llllltlplOS
2182 4198 2320 4249 esse,

764 4268 863 4309 nec
889 4257 1104 4325 insuper
1130 4259 1194 4311 ad
1220 4262 1431 4329 nuptias
1462 4262 1559 4326 ire,
1585 4276 1677 4316 aut
1716 4268 1759 4319 si
1800 4271 2096 4334 nupserint,
2128 4272 2325 4326 alteras

765 4346 1030 4417 amplecti,
1061 4351 1151 4402 sed
1178 4351 1417 4405 sullicere
1439 4369 1571 4421 quas
1606 4355 1802 4409 habent
1828 4374 1947 4412 cum
1992 4360 2056 4414 ad
2103 4364 2321 4416 ordina-

767 4438 964 4492 tionem
986 4452 1265 4494 venerunt.
1296 4460 1314 4492 ι
1371 4443 1425 4496 In
1466 4446 1653 4512 quinto
1709 4457 2013 4502 sanctorum
2059 4468 2321 4506 canonum

768 4527 841 4579 ita
897 4527 1039 4582 fatur
1094 4530 1145 4583 in
1172 4529 1205 4583 2
1231 4544 1345 4598 cap.
1388 4545 1401 4582 :
1438 4550 1455 4582 ι
1487 4532 1780 4602 Episcopus
1810 4545 1900 4587 aut
1936 4540 2211 4608 presbyter
2237 4548 2327 4593 aut

765 4614 1021 4669 diaconus
1042 4632 1259 4670 uxorem
1289 4632 1439 4671 suam
1476 4635 1578 4672 non
1610 4618 1824 4686 abjiciat
1867 4623 2086 4677 obtentu
2118 4624 2328 4695 religio-

769 4705 880 4765 nis;
910 4704 1158 4757 siautem
1210 4706 1484 4773 abjecerit,
1528 4719 1911 4775 sequestretur.
1971 4709 2328 4767 Perseveraus

767 4803 945 4847 autem
966 4795 1280 4863 deponatur.
1313 4816 1331 4847 ι
1375 4798 1429 4849 lu
1461 4802 1868 4869 quadragesimo
1915 4818 2046 4856 vero
2095 4820 2321 4868 canone,

771 4881 1015 4948 inquiunt
1041 4882 1211 4950 palam
1239 4902 1251 4935 :
1287 4903 1305 4934 ι
1339 4884 1572 4954 Proprias
1616 4889 1851 4957 cpiscOpi
1902 4904 2005 4943 res.
2036 4906 2058 4944 ι
2113 4892 2178 4945 Et
2208 4903 2326 4961 post

773 4984 940 5036 pauca
973 4986 985 5020 :
1015 4986 1033 5017 ι
1063 4968 1136 5022 Ne
1164 4972 1443 5024 occasione
1488 4974 1971 5028 ecclesiasticarum
2011 4991 2189 5031 rerum
2231 4996 2324 5032 ca-

773 5058 900 5110 dere
928 5057 1231 5125 episc0pum
1280 5060 1345 5110 ab
1375 5060 1451 5112 eis
1503 5077 1621 5129 qua:
1650 5073 1772 5116 sunt
1823 5064 2081 5133 episcopi,
2129 5066 2182 5118 in
2214 5082 2327 5118 ιιιιι-

774 5145 956 5198 lierem
988 5152 1042 5198 et
1081 5160 1272 5213 pueros
1299 5158 1351 5201 et
1380 5150 1731 5218 propinquos,
1757 5170 1819 5205 ne
1844 5168 1937 5219 per
1989 5157 2327 5207 occasionem

772 5249 981 5299 eorum,
1014 5249 1073 5289 ea
1102 5250 1220 5303 qua:
1247 5236 1491 5291 Ecclesia
1513 5251 1633 5292 sunt
1661 5242 1955 5294 subtrahat.
1990 5262 2006 5293 ι
2041 5243 2103 5295 Et
2119 5243 2327 5298 deinde:

780 5341 797 5374 ι
837 5324 1109 5392 Siquidem
1138 5334 1262 5377 sunt
1287 5326 1374 5393 qui
1405 5329 1720 5394 prohibeant
1746 5332 2049 5384 sacerdotes
2076 5331 2328 5397 legitimis

774 5412 1103 5483 coniugibus.
1139 5434 1157 5466 ι
1212 5413 1325 5467 Non
1378 5416 1447 5467 ita
1494 5418 1719 5470 vertices
1767 5420 2123 5485 apostolorum
2169 5434 2328 5487 expo-

776 5512 996 5558 suerunt
1020 5505 1407 5559 ecclesiasticos
1430 5521 1682 5562 canones.
1746 5508 1799 5561 Si
1831 5520 2007 5563 autem
2040 5510 2173 5563 dicis
2214 5525 2326 5562 mu-

782 5592 965 5644 lierem
1006 5591 1298 5645 Ecclesiam
1328 5594 1528 5647 dixisse
1574 5596 1860 5663 apostolos,
1925 5607 2049 5649 tunc
2103 5597 2327 5650 inﬁdelis

783 5681 1050 5752 apparebit
1078 5697 1254 5737 sermo
1281 5692 1399 5738 tuus
1434 5694 1487 5738 et
1521 5700 1736 5750 vacuus,
1769 5702 1887 5741 cum
1918 5688 2080 5741 sacris
2112 5688 2325 5739 canoni-

2423 1946 2594 2000 tiones
2621 1949 2761 2015 ipsas
2787 1958 2842 2002 et
2862 1959 3148 2004 extraneas
3173 1952 3241 2005 ab
3268 1954 3630 2021 apostolorum
3680 1957 3929 2009 doctrina
3963 1976 3975 2010 :

2420 2046 2699 2104 propterea
2723 2038 2923 2106 pariter
2945 2052 3065 2091 cum
3092 2038 3341 2093 Patribus
3369 2057 3534 2095 sacrae
3578 2053 3744 2096 sextae
3772 2047 3977 2114 synodi,

2419 2125 2558 2178 sicut
2584 2127 2650 2179 de
2678 2128 2881 2195 azymis
2925 2135 2980 2181 et
3015 2127 3233 2196 jejuniis
3289 2129 3642 2184 Sabbatorum
3703 2142 3757 2185 et
3816 2148 3980 2186 sacra:

2421 2214 2597 2269 missa:
2624 2216 2911 2285 mysteriis,
2942 2217 3020 2272 sic
3041 2226 3096 2271 et
3135 2218 3200 2271 de
3249 2220 3448 2288 nuptiis
3477 2221 3814 2274 sacerdotum
3862 2237 3975 2289 pro-

2422 2304 2676 2372 mulgavit
2701 2308 2884 2362 dicens
2915 2308 2968 2361 in
2996 2310 3207 2362 decimo
3237 2310 3398 2363 tertio
3422 2311 3599 2378 capite
3627 2329 3641 2363 :
3675 2329 3695 2362 ι
3729 2312 3869 2377 Quia
3925 2313 3979 2367 in

2420 2390 2782 2448 Bonnanorum
2812 2396 3048 2451 Ecclesia
3078 2398 3130 2452 in
3165 2398 3351 2453 ordine
3379 2401 3598 2453 canonis
3621 2402 3756 2453 tradi
3780 2416 3979 2469 cegnoo

2420 2482 2615 2547 vimus,
2644 2496 2934 2555 prmsentes
2956 2488 3162 2543 diaconi
3186 2496 3279 2541 aut
3310 2491 3609 2559 presbyteri
3634 2492 3822 2560 dignas
3870 2492 3982 2547 fore

2420 2586 2673 2626 manuum
2706 2574 3071 2642 impositioues
3096 2575 3366 2639 confiteri,
3415 2586 3474 2631 ut
3521 2594 3625 2631 non
3683 2580 3913 2647 amplius
3948 2597 3977 2634 a

2420 2664 2533 2718 suis
2569 2661 2941 2729 disjungantur
2983 2662 3316 2731 coniugibus.
3375 2662 3479 2718 Nos
3513 2666 3790 2732 antiquum
3831 2682 3985 2721 exse-

2420 2764 2643 2822 quentes
2668 2765 2928 2806 canonem
2959 2752 3265 2819 apostolica:
3292 2753 3581 2823 diligentia:
3604 2765 3655 2809 et
3678 2757 3974 2810 ordinatio-

2421 2847 2520 2907 nis,
2555 2854 2860 2900 sanctorum
2883 2845 3119 2898 virorum
3143 2844 3511 2913 copulationes
3558 2844 3852 2899 secundum
3909 2845 3982 2899 Ie—

2420 2946 2536 2999 gem
2570 2940 2624 2986 et
2644 2947 2672 2984 a
2700 2931 2856 2985 modo
2883 2930 3063 2986 valere
3086 2932 3349 2995 volumus,
3389 2932 3691 2985 nullatenus
3738 2948 3767 2984 a
3795 2931 3969 2999 conju—

2420 3038 2543 3093 gum
2575 3021 2911 3091 copulatione
2941 3020 3291 3076 dissolventes
3317 3031 3408 3074 aut
3456 3022 3730 3090 privantes
3776 3036 3871 3076 eos
3913 3024 3978 3074 ab

2423 3114 2686 3175 invicem,
2738 3110 3030 3165 secundum
3083 3120 3293 3180 tempus
3336 3127 3626 3180 congruum
3684 3112 3983 3166 locationis.

2420 3204 2553 3267 Quia
2589 3192 2716 3255 vero
2742 3200 2787 3254 si
2816 3201 2938 3269 quis
2956 3201 3148 3268 dignus
3170 3202 3416 3253 inventus
3458 3200 3638 3265 fuerit,
3669 3216 3862 3253 manus
3888 3202 3983 3254 im-

2418 3291 2689 3358 positione
2715 3288 2974 3342 diaconus
3004 3286 3088 3340 vel
3137 3287 3494 3343 subdiaconus
3539 3298 3632 3342 aut
3680 3292 3979 3359 presbyter,

2417 3380 2504 3433 hic
2548 3378 2849 3431 nullatenus
2900 3377 3250 3445 prohibeatur
3296 3377 3360 3429 ad
3414 3376 3716 3444 hujusmodi
3759 3379 3980 3447 gradum

2418 3467 2726 3530 ascendere,
2763 3465 2977 3535 conjugi
3010 3467 3421 3521 cohabitaturus
3470 3467 3743 3535 legitime;
3802 3482 3975 3536 neque

2417 3559 2469 3612 in
2496 3568 2732 3625 tempore
2754 3558 3111 3610 ordinationis
3136 3559 3386 3623 exigatur
3440 3558 3691 3612 confiteri
3723 3559 3791 3612 ad
3820 3560 3982 3629 legem

2418 3645 2647 3713 proprias
2678 3644 2961 3697 locationis
3006 3653 3226 3713 propter
3262 3647 3532 3713 propriam
3581 3662 3829 3699 uxorem.
3871 3666 3889 3696 ι
3924 3646 3985 3699 Et

2415 3743 2537 3801 post
2573 3746 2738 3800 pauca
2771 3750 2783 3785 :
2817 3751 2834 3783 ι
2860 3731 2914 3784 Si
2938 3734 3058 3800 quis
3094 3748 3221 3801 ergo
3255 3736 3650 3801 praesumpserit
3676 3744 3833 3787 extra
3861 3750 3986 3802 apo-

2418 3821 2633 3874 stolicos
2659 3820 2877 3874 ordines
2907 3829 3081 3874 motus
3105 3822 3389 3889 quemdam
3440 3836 3714 3874 sacrorum
3768 3822 3986 3892 presby-

2422 3920 2652 3963 terorum
2684 3919 2737 3964 et
2766 3911 3115 3965 diaconorum
3164 3912 3378 3979 privare
3411 3928 3439 3963 a
3467 3912 3808 3979 copulatione
3863 3914 3985 3983 legi-

2422 3999 2673 4054 timarum
2730 3998 3039 4061 mulierum,
3101 4015 3129 4052 a
3175 4001 3552 4053 communione
3596 4012 3982 4068 sequestretur.

2422 4084 2682 4139 Similiter
2703 4086 2747 4139 si
2770 4087 2890 4153 quis
2912 4088 3194 4157 presbyter
3219 4097 3311 4140 aut
3329 4089 3584 4141 diaconus
3601 4089 3982 4143 collactaneam

2421 4190 2569 4228 suam
2620 4176 2904 4230 occasione
2960 4177 3236 4243 religionis
3287 4178 3613 4245 projecerit,
3671 4190 3981 4247 separetur;

2421 4280 2766 4332 perseverans
2799 4273 2975 4319 autem
3007 4266 3321 4334 deponatur.
3357 4284 3378 4319 ι

2494 4353 2648 4406 XVII.
2695 4353 2843 4408 Unde
2867 4355 3028 4422 igitur
3050 4356 3200 4409 vobis
3225 4366 3278 4408 et
3298 4370 3361 4409 ex
3390 4356 3583 4423 quibus
3628 4356 3709 4408 hae
3732 4356 3988 4412 boribiles

2429 4443 2762 4495 inﬁrmitates
2798 4452 3246 4510 supervenerunt,
3271 4457 3303 4494 ο
3342 4442 3439 4493 viri
3490 4441 3855 4495 Romanorum
3907 4459 3988 4495 sa-

2429 4531 2743 4598 pientissimi
2772 4540 2824 4584 et
2850 4532 3086 4585 onmium
3120 4530 3346 4583 aliarum
3369 4532 3605 4597 gentium
3632 4531 3989 4584 nobilissimi?

2428 4620 2655 4674 Estimo
2681 4622 2819 4689 quod
2846 4622 3058 4689 quidam
3086 4637 3151 4674 ex
3181 4620 3376 4674 Iudaeis
3398 4623 3450 4674 in
3482 4632 3721 4689 tempore
3774 4634 3993 4689 aposto-
4018 4628 4033 4637 '

2427 4708 2598 4760 lorum
2620 4708 2919 4773 credentes,
2946 4723 3075 4759 vana
3127 4708 3271 4759 lucra
3324 4710 3597 4777 cupientes
3645 4718 3699 4760 et
3742 4712 3991 4777 pecunia-

2426 4812 2543 4849 rum
2576 4805 2836 4849 amatores
2860 4797 3070 4864 reperti,
3110 4795 3348 4849 voIeutes
3387 4798 3580 4848 multos
3604 4797 3841 4849 fidelium
3869 4802 3988 4850 abs-

2428 4888 2641 4939 trahere
2670 4902 2733 4938 ει
2775 4886 3078 4955 Evangelia,
3106 4888 3206 4939 hoc
3232 4896 3331 4948 est,
3356 4901 3417 4939 ex
3443 4890 3559 4940 fidei
3584 4891 3989 4955 przL-dieatione,

2427 4978 2692 5044 corruptis
2719 4978 2841 5029 dum
2874 4978 3245 5045 prazdixissent
3267 4978 3363 5039 eis,
3391 4978 3439 5029 in
3464 4977 3565 5029 hoc
3588 4989 3642 5030 et
3669 4977 3991 5030 Christiani-

2429 5072 2511 5117 tas
2534 5074 2588 5117 et
2612 5064 2916 5118 Judaismus
2943 5074 3192 5131 corrupta
3218 5075 3359 5117 sunt.
3392 5064 3464 5117 De
3515 5066 3709 5132 quibus
3753 5065 3990 5119 Joannes

2431 5152 2569 5206 fatus
2594 5163 2675 5207 est
2700 5172 2711 5207 :
2745 5173 2763 5205 ι
2795 5155 2869 5207 Ex
2896 5154 3046 5206 nobis
3070 5155 3334 5216 exierunt,
3359 5154 3449 5206 sed
3478 5170 3581 5207 non
3607 5165 3765 5207 erant
3794 5173 3858 5208 ex
3890 5173 3988 5209 no-

2431 5244 2530 5297 bis.
2573 5241 2627 5296 Si
2656 5243 2798 5297 enim
2838 5243 3062 5295 fuissent
3092 5256 3156 5295 ex
3206 5243 3379 5305 nobis,
3425 5244 3853 5310 permansissent
3888 5246 3989 5298 uti-

2432 5348 2533 5401 que
2561 5331 2906 5395 nobiscum”
2931 5331 3088 5383 Joan.
3139 5346 3194 5389 ιι.
3250 5331 3354 5398 19),
3387 5350 3405 5381 ι
3463 5331 3527 5384 de
3576 5332 3660 5384 his
3708 5334 3801 5399 qui
3850 5335 3989 5387 circa

2431 5419 2700 5473 Simonem
2750 5428 2804 5471 et
2863 5417 3097 5479 Deman,
3160 5416 3536 5485 Nicolaumque
3599 5426 3653 5470 et
3708 5418 3985 5473 Cleobium

2429 5507 2778 5561 subtexcndo.
2809 5504 3016 5572 Reliqui
3063 5512 3238 5556 autem
3271 5505 3530 5557 verticum
3569 5505 3622 5557 in
3654 5508 3887 5572 septimo
3931 5507 3986 5561 li-

2430 5598 2526 5650 bro
2554 5593 3121 5659 lustitutiouumjuxta
3167 5603 3375 5645 sextum
3406 5596 3672 5648 decimum
3716 5607 3880 5664 caput
3923 5597 3985 5651 li-

2430 5685 2640 5752 quidius
2670 5682 2917 5734 dixerunt
2951 5700 2963 5732 :
3002 5701 3017 5727 ι
3050 5680 3259 5734 Scimus
3299 5682 3463 5745 enim,
3509 5682 3702 5749 inquit.
3754 5686 3875 5751 quia
3932 5682 3981 5736 hi
