4190 6458
209 428 344 492 1021
853 424 1258 485 IiUMUEIlTl
1299 423 1365 482 S.
1399 422 1471 483 ll.
1508 421 1574 482 Ε.
1609 420 1864 481 CARDII

1765 420 2078 482 DINALIS
2108 418 2404 482 CONTRA
2449 418 2808 484 NICETAII.
3038 417 3046 429 ’
3282 417 3412 480 1022

205 548 323 617 qui,
354 548 499 602 circa
528 546 797 599 Simonem
820 556 873 599 et
904 546 1177 599 Cleobium
1211 553 1265 598 et
1283 541 1496 607 Judam,
1532 543 1767 597 conscri-
1792 545 1839 605 Α
1866 559 2029 610 nunc,
2056 545 2197 615 quod
2223 545 2455 614 primum
2476 552 2558 598 est
2579 555 2868 606 eorum,ex
2898 540 3041 594 onmi
3066 553 3094 591 a
3120 538 3226 592 Deo
3252 538 3415 607 ἰιιερι-

204 649 431 707 pset-unt
461 640 622 694 libros
673 640 721 690 in
782 638 994 691 nomine
1044 635 1243 689 Christi
1284 644 1340 687 et
1388 633 1765 701 discipulorum
1864 642 1979 689 rata
2007 632 2311 701 Scriptura;
2338 631 2502 699 fugite
2529 626 2965 698 qutebujusmodi
3012 635 3134 680 sunt
3168 628 3413 689 actitare,

204 730 347 795 t‘jth,
378 728 758 783 circumierunt
788 728 853 780 ad
881 726 1242 779 seductioncm
1275 738 1527 787 vestram,
1573 732 1627 778 et
1674 739 1765 778 eo-
1860 738 1982 777 cum
2010 722 2129 776 sitis
2155 721 2392 775 Ecclesia
2418 720 2511 774 Dei
2534 727 2588 773 et
2613 718 2771 770 totius
2803 715 2949 771 orbis
2992 727 3202 782 semper
3242 714 3411 781 splen-

206 835 330 872 rum
363 820 452 887 qui
482 820 704 887 diligunt
732 818 1039 879 Christum,
1094 826 1148 869 et
1177 829 1276 868 nos
1305 828 1489 868 servos
1520 814 1700 882 ipsius.
1737 831 1757 865 ι

207 910 271 961 l-Zt
304 906 356 960 in
394 911 663 962 veteribus
692 908 906 976 quidam
951 906 1382 973 conscripserunt
1441 903 1604 958 libros
1642 917 1763 972 apo.

203 1001 438 1067 cryphos
469 998 632 1068 Moysi
661 1007 713 1050 et
736 996 911 1050 Enocb
947 1006 1001 1049 et
1022 996 1211 1057 Adam,
1240 995 1387 1048 Isaia:
1413 1003 1465 1047 et
1492 993 1678 1057 David,
1709 1002 1764 1047 et

206 1090 358 1150 Elim,
404 1098 460 1140 et
490 1091 649 1141 trium
688 1087 1132 1156 patriarcharum,
1161 1085 1535 1152 corruptiones
1560 1082 1760 1135 facien-

205 1187 285 1229 tes
322 1187 483 1244 atque
513 1177 754 1229 veritatis
776 1174 1017 1227 inimicos
1038 1173 1224 1227 libros.
1290 1171 1395 1225 Sed
1449 1181 1503 1225 et
1537 1170 1760 1224 Paulum

207 1269 415 1320 Domini
445 1267 739 1334 apostolum
766 1265 875 1317 haec
903 1264 1290 1332 pmscientem,
1332 1271 1389 1314 ut
1413 1261 1640 1324 aestimo,
1683 1260 1763 1313 sic

205 1357 271 1406 ad
298 1370 392 1407 vos
424 1354 727 1407 ascendisse
748 1351 1045 1420 huiusmodi
1069 1350 1395 1408 seductores,
1455 1348 1634 1401 dolum
1686 1355 1763 1401 te-

202 1453 394 1495 xeutes
422 1443 594 1503 vobis,
624 1440 1049 1508 Pbilippensibns
1069 1438 1255 1493 scribit
1287 1455 1300 1490 :
1331 1454 1350 1487 ι
1374 1436 1558 1490 Videte
1581 1450 1760 1499 canes,

204 1532 383 1585 videte
401 1532 568 1584 malos
594 1531 883 1597 operarios,
915 1528 1089 1582 videte
1106 1527 1485 1581 abscissionem
1508 1525 1760 1595 (Philipp.

202 1636 287 1682 ιιι,
318 1620 393 1672 Ξὲ.
427 1640 445 1670 ι
476 1620 539 1672 Ει
571 1619 849 1672 Timotheo
876 1618 1069 1671 iterum
1105 1633 1117 1668 :
1150 1634 1170 1667 ι
1204 1615 1260 1668 In
1288 1614 1488 1668 ultimis
1514 1616 1763 1682 tempori-

203 1711 303 1761 hus
322 1709 599 1760 discedent
627 1708 841 1775 quidam
865 1722 894 1758 a
926 1706 1052 1768 fide,
1105 1706 1442 1757 attendentes
1486 1703 1763 1771 spiritibus

197 1814 253 1855 et
309 1802 568 1856 doctrinis
625 1802 962 1862 dmmonum,
1024 1801 1075 1854 in
1132 1799 1398 1868 hypocrisi
1436 1798 1761 1867 loquentium

1862 815 2018 870 didus
2067 813 2274 877 oculus,
2302 821 2361 866 ut
2406 812 2540 867 uniti
2590 809 2744 865 nobis
2771 808 2965 863 vestris
3004 806 3409 862 confratribus:

1861 920 1994 972 quos
2021 918 2114 973 per
2129 901 2241 970 jam
2263 901 2408 955 dicta
2434 900 2690 963 scidistis,
2730 912 2852 951 cum
2881 896 2996 951 sitis
3037 909 3229 963 corpus
3252 892 3410 946 Chri-

1859 995 1963 1055 sti;
1995 991 2226 1046 revelata
2271 990 2407 1045 facie
2444 989 2667 1058 gloriam
2708 985 2916 1042 Domini
2962 985 3013 1037 in
3062 990 3323 1039 concentu
3357 988 3413 1036 et

1863 1080 2066 1134 unitate
2088 1094 2208 1133 cum
2229 1079 2526 1132 orthodoxa
2574 1076 2675 1130 fide
2705 1072 3167 1141 conspeculemur,
3195 1080 3249 1124 et
3274 1070 3408 1124 ima-

1860 1171 2040 1239 ginem
2066 1169 2182 1236 ejus
2207 1167 2654 1223 transformemus
2678 1166 2729 1219 in
2752 1163 3058 1227 nobis,viva
3081 1165 3411 1215 demonstra-

1861 1260 2027 1321 tione,
2080 1267 2137 1311 et
2182 1257 2347 1323 ipsius
2406 1255 2473 1309 ad
2523 1253 2744 1321 gloriam
2774 1250 3173 1319 sempiternam,
3216 1247 3409 1301 sicula

1858 1346 2067 1400 Domini
2098 1344 2307 1412 spiritu,
2341 1342 2589 1410 quoniam
2627 1341 2739 1408 ipse
2763 1349 2844 1392 est
2887 1346 3046 1406 caput
3090 1344 3284 1389 nostra:
3312 1334 3411 1387 Ec-

1860 1436 2036 1489 clesia:
2057 1434 2328 1503 corporis;
2353 1441 2408 1486 et
2428 1432 2481 1484 in
2510 1446 2575 1486 eo
2605 1430 2748 1485 sicut
2794 1428 2845 1481 in
2886 1443 2992 1481 uno
3022 1440 3268 1496 corpore,
3294 1438 3409 1477 om-

1860 1538 1955 1579 nes
1984 1540 2082 1579 nos
2102 1523 2495 1592 conjungimur.

1932 1612 2068 1667 XIX.
2110 1612 2233 1666 Haec
2265 1611 2414 1665 vobis
2440 1609 2710 1663 Romanis.
2746 1606 2802 1662 Si
2827 1621 2955 1675 ergo
2999 1604 3267 1674 possimus
3292 1618 3405 1663 vos,

1860 1719 1979 1757 cum
2005 1703 2123 1757 sitis
2148 1700 2411 1761 homines,
2445 1699 2510 1753 ad
2543 1698 2913 1753 credulitatem
2951 1695 3226 1749 nobiscum
3257 1693 3408 1746 redu-

1861 1807 1981 1846 cere
2011 1807 2106 1861 per
2131 1806 2193 1845 ca
2221 1806 2339 1860 quae
2363 1789 2616 1853 diximus,
2644 1797 2698 1841 et
2729 1786 2965 1841 docendo
2992 1799 3088 1839 vos
3123 1798 3190 1839 ex
3230 1782 3408 1837 divina

201 1890 505 1949 mendacia,
539 1899 592 1942 et
630 1888 987 1941 incedentium
1010 1888 1224 1956 propria
1254 1887 1606 1950 conscientia,
1656 1887 1754 1940 im-
1785 1869 1829 1927 Β
1860 1881 2139 1950 Scriptura
2168 1880 2472 1949 arguimus;
2505 1877 2677 1947 gratia
2716 1876 2835 1941 Dei,
2858 1883 2912 1929 et
2937 1873 3090 1928 vobis
3119 1870 3411 1927 scientibus

200 1995 233 2046 p
256 1978 529 2028 ιιιὶιιιιιίιιιιι
566 1976 785 2037 nubere,
816 1985 869 2028 et
901 1976 1172 2027 abstinere
1193 1990 1221 2027 a
1249 1974 1384 2027 cibis
1430 1990 1565 2042 quos
1617 1974 1759 2028 Deus

198 2069 407 2123 crearit
430 2067 478 2137 (l
512 2068 643 2121 Tim.
674 2083 745 2132 tv,
778 2068 929 2133 1-5).
966 2086 984 2117 ι
1024 2067 1169 2119 Elea
1200 2082 1315 2134 qua:
1366 2067 1578 2120 eximie.
1629 2064 1760 2118 Pro—

200 2168 321 2225 ptcr
343 2159 483 2225 quod
535 2166 588 2209 et
616 2156 734 2210 Tito
790 2158 1041 2224 praecepit
1072 2173 1085 2208 :
1118 2176 1135 2206 ι
1161 2158 1333 2223 Argue
1384 2171 1509 2219 eos,
1563 2155 1755 2222 inquit,

196 2246 426 2309 duriter,
458 2256 510 2298 ιιι
535 2247 649 2300 sani
682 2248 787 2300 sint
824 2248 875 2299 in
898 2245 1020 2309 fide,
1062 2260 1163 2297 non
1195 2246 1531 2299 attendentes
1569 2242 1753 2298 Iudai-

198 2337 283 2393 cis
328 2336 545 2400 fabulis,
590 2346 643 2392 et
678 2338 956 2407 praeceptis
1009 2337 1284 2391 hominum
1332 2337 1753 2392 subvertentium

198 2428 481 2479 \eritnlem
505 2426 629 2495 (Tit.
654 2442 692 2489 ι,
728 2427 835 2493 Η).
873 2445 890 2478 ι

271 2514 453 2569 XVIII.
498 2517 855 2578 Quamobrem
909 2517 1314 2587 diligentissime
1370 2515 1750 2585 inquisivimus

198 2605 267 2657 de
288 2615 486 2659 caetero
507 2605 648 2659 circa
684 2606 815 2669 bzec,
861 2620 894 2659 ο
917 2605 1132 2669 fratres,
1166 2620 1231 2658 ne
1259 2603 1544 2672 aliquando
1569 2617 1634 2659 ex
1668 2603 1750 2658 his

199 2709 319 2761 qua:
362 2696 499 2749 dicta
547 2706 671 2748 sunt
711 2705 766 2749 et
809 2697 1088 2764 redarguta
1118 2695 1267 2750 vobis
1303 2696 1597 2758 mendacia,
1631 2695 1750 2750 dico

199 2796 344 2836 nunc
368 2796 576 2851 azyma,
611 2783 965 2837 Sabbatorum
983 2783 1208 2851 jejunis,
1253 2784 1466 2852 nuptias
1493 2784 1744 2838 sacerdo~

202 2879 315 2922 tum
342 2877 397 2924 et
422 2872 475 2923 in
500 2871 716 2940 jejuniis
737 2870 1033 2925 oblationes
1071 2872 1376 2939 accipiatis;
1401 2872 1495 2926 sed
1517 2871 1750 2925 scientes

1858 1973 1995 2026 bene
2027 1969 2252 2039 Spiritui
2282 1976 2467 2021 sancto
2495 1966 2735 2036 credere,
2780 1971 2835 2018 et
2867 1960 3118 2032 prosequi
3149 1960 3410 2013 rationem

1852 2063 1962 2132 jam
1990 2062 2185 2115 dictam
2213 2075 2274 2115 ex
2301 2057 2612 2127 Scripturis.
2644 2055 2699 2109 Si
2724 2068 2848 2108 vero
2870 2052 3024 2106 aliter
3050 2049 3261 2114 tenetis,
3290 2048 3412 2102 date

1859 2154 2014 2209 nobis
2046 2151 2352 2206 testimonia
2377 2166 2444 2204 ex
2467 2148 2642 2203 divina
2689 2144 2967 2215 Scriptura
3009 2139 3357 2198 consistentia
3393 2155 3407 2192 :

1856 2245 1911 2298 in
1938 2243 2132 2312 quibus
2174 2241 2296 2295 volo
2335 2237 2626 2301 benevolos
2663 2249 2759 2289 vos
2812 2250 2952 2298 esse,
2983 2242 3040 2288 ut
3069 2247 3230 2301 super
3256 2229 3411 2283 sedes

1859 2333 2225 2403 intelligentia:
2263 2328 2635 2400 requiescatis,
2661 2333 2719 2382 et
2771 2338 2893 2390 nos,
2939 2323 3171 2378 scientes
3194 2318 3409 2374 obedire

1856 2422 2203 2480 inenarrabili
2256 2421 2449 2476 rationi
2498 2418 2739 2488 spiritus,
2776 2415 2970 2472 docere
2989 2413 3166 2468 omnia
3194 2425 3311 2479 qua:
3340 2409 3405 2463 ad

1856 2530 1952 2569 vos
1992 2512 2323 2583 scripsimus.
2354 2509 2659 2565 Salutamus
2703 2523 2799 2563 vos
2828 2508 2882 2562 in
2907 2504 3122 2559 Christo
3146 2499 3272 2554 .Iesu
3301 2499 3401 2552 Dc-

1858 2607 2005 2661 mino
2030 2613 2236 2668 nostro,
2262 2602 2349 2658 cui
2377 2609 2461 2656 est
2482 2599 2647 2671 gloria
2670 2608 2724 2653 et
2744 2596 3005 2668 potentia,
3035 2608 3155 2648 cum
3178 2591 3333 2645 Patre
3354 2596 3406 2643 et

1859 2696 2061 2766 Spiritu
2092 2701 2299 2757 sancto,
2330 2703 2470 2746 nunc
2493 2696 2548 2745 et
2572 2702 2799 2759 semper,
2832 2685 2962 2741 etin
3003 2682 3195 2739 srecula
3241 2693 3403 2733 excu-

1854 2785 2046 2840 lorum.
2071 2784 2260 2838 Amen.

654 2979 800 3034 Finis
826 2979 985 3034 libelli
1016 2981 1064 3033 Ν
1072 2982 1233 3046 icetre,
1262 2982 1539 3050 presbyteri
1566 2990 1614 3035 et
1636 2980 1879 3034 monachi
1903 2979 2202 3034 monasterii
2233 2977 2433 3043 Studii,
2451 2985 2634 3031 contra
2659 2972 2893 3028 Latinos.

202 3150 3391 3194 Μ

1584 3318 2037 3410 INCIPIT

635 3533 1384 3651 RESPONSIO
1499 3532 1816 3647 SlVE
1926 3522 2982 3643 CONTRADICTIO

1330 3749 1412 3811 ΙΝ
1474 3747 1815 3809 EUMDEM
1858 3743 2257 3808 LIBELLUM

788 3926 922 4038 Δ
994 3920 1742 4035 PBATBE
1813 3908 2831 4029 HUMBEBTO

1307 4128 1633 4187 EPISCOPO
1671 4123 1893 4183 SILVrﬁ
1956 4121 2294 4179 CANDIDAS.

252 4407 297 4463 l.
356 4407 412 4461 Si
466 4405 746 4475 diligenter
801 4410 1001 4456 sancte
1051 4396 1503 4455 Chalcedonensis
1553 4393 1739 4464 synodi
1769 4396 1813 4456 c
1844 4390 2032 4453 leonis,
2060 4398 2113 4443 et
2142 4401 2352 4441 murum
2382 4384 2782 4439 adamantinum
2804 4382 3050 4453 frangere
3075 4382 3400 4449 tentastilln

182 4511 436 4570 quartum
485 4496 884 4551 considerasses
925 4500 1105 4560 caput,
1146 4490 1325 4558 quiete
1374 4485 1666 4540 menastica
1694 4490 1747 4536 et

177 4590 403 4663 ieiuniis
434 4600 595 4657 atque
617 4587 951 4641 orationibus
986 4587 1036 4638 in
1062 4582 1385 4637 monasterio
1412 4589 1501 4632 tuo
1528 4586 1744 4632 conten-

181 4692 289 4742 tus,
325 4692 662 4746 nequaquam
688 4673 1067 4729 ecclesiasticis
1095 4675 1251 4725 rebus
1272 4667 1744 4727 communicasses,

182 4786 278 4824 nec
309 4767 765 4837 importunitatem
806 4764 1097 4817 inlulisses.
1144 4761 1477 4828 Quapropter
1518 4770 1741 4810 sexcen-

182 4871 359 4912 torum
398 4860 616 4926 triginta
650 4858 868 4910 Patrum
919 4853 1169 4908 concordi
1200 4852 1413 4905 decreto
1436 4863 1465 4902 a
1508 4861 1745 4900 commn-

184 4949 349 5002 nioue
402 4963 459 5001 es
521 4962 845 5015 suspensus,
903 4960 968 4998 ne
1022 4959 1118 5011 per
1172 4950 1221 4995 te
1279 4954 1472 4995 nomen
1539 4935 1745 4991 Domini

185 5038 610 5106 bIaSpbemetnr.
646 5038 808 5090 Decet
830 5036 969 5087 enim
1006 5045 1434 5099 unamquamque
1460 5028 1746 5098 professio-

188 5142 311 5179 nem
336 5141 394 5178 se
419 5126 516 5175 sub
548 5140 797 5178 mensura
828 5122 906 5173 sui
941 5122 1152 5174 habitus
1173 5128 1227 5172 et
1252 5120 1448 5188 gradus
1471 5116 1742 5180 cohibere,

189 5230 257 5269 ne
283 5215 572 5268 conturbet
612 5212 958 5267 ecclesiastici
987 5212 1249 5278 dogmatis
1285 5209 1526 5262 ordinem
1553 5215 1743 5267 totum,

185 5307 333 5365 dum,
382 5322 485 5357 non
515 5320 612 5358 suo
654 5312 942 5357 contentus
981 5300 1173 5364 ofﬁcio,
1221 5299 1510 5368 prteripere
1554 5296 1746 5365 quatrit

182 5396 443 5450 alienum.
476 5394 579 5449 Sed
608 5410 687 5447 we
731 5395 845 5459 tibi,
870 5393 1170 5455 Sarabaita,
1209 5392 1300 5461 qui
1334 5389 1474 5443 nulla
1504 5386 1743 5442 cmnobi-

179 5485 271 5540 tali
298 5485 640 5537 examinatus
662 5482 958 5551 disciplina,
990 5480 1263 5533 voluntate
1289 5489 1449 5546 atque
1478 5476 1746 5544 voluptate

181 5574 383 5628 ductus
434 5573 670 5641 propria,
726 5580 910 5625 contra
956 5578 1195 5624 sanctam
1245 5577 1298 5621 et
1349 5566 1643 5619 Romanam
1693 5572 1745 5617 et

179 5661 530 5735 apostolicam
556 5660 852 5715 Ecclesiam
868 5672 921 5715 et
935 5660 1173 5713 omnium
1193 5667 1497 5711 sanctorum
1521 5655 1740 5709 Patrum

187 5751 421 5808 concilia
452 5750 782 5805 borribilitcr
812 5750 1037 5814 latrasti,
1081 5748 1294 5801 stultior
1321 5747 1489 5807 asino,
1517 5745 1740 5799 frontem

1846 4496 1951 4551 quo
1980 4480 2163 4549 utique
2190 4485 2407 4540 conatu,
2439 4491 2541 4529 non
2575 4490 2633 4529 es
2656 4475 2827 4528 victor
2868 4474 3088 4537 erroris,
3115 4475 3207 4526 sed
3230 4473 3402 4527 rictus

1845 4584 2057 4635 errore;
2089 4583 2186 4623 nec
2211 4568 2512 4638 presbyter,
2554 4565 2645 4619 sed
2694 4564 3019 4617 inveteratus
3061 4562 3266 4615 dierum
3291 4578 3402 4614 ma-

1845 4661 2040 4725 lorum,
2085 4668 2138 4714 et
2161 4673 2293 4727 puer
2317 4664 2530 4710 centum
2555 4668 2813 4707 annorum
2843 4650 3154 4705 maledictns
3180 4667 3192 4714 ;
3225 4650 3403 4719 potius

1846 4750 2099 4808 dicendus
2127 4748 2411 4817 Epicurus,
2434 4759 2593 4813 quam
2621 4741 2933 4796 monachus.
2976 4740 3083 4793 Nec
3106 4739 3403 4793 credendus

1847 4856 1906 4895 es
1935 4842 2130 4909 degere
2158 4837 2210 4890 in
2239 4833 2562 4890 monasterio
2603 4830 2785 4894 studii,
2815 4830 2905 4883 sed
2932 4830 2981 4882 in
3007 4828 3401 4897 amphitheatro

1846 4940 1939 4986 aut
1966 4927 2231 4998 lupanari.
2261 4924 2359 4992 Qui
2385 4924 2548 4978 etiam
2590 4937 2717 4977 vere
2745 4920 3148 4990 praenominaris
3171 4930 3402 4985 pectora-

1845 5033 1951 5083 tus,
2001 5018 2249 5087 quoniam
2308 5028 2428 5067 cum
2478 5019 2724 5080 serpente
2772 5009 2992 5077 antiquo
3039 5021 3196 5075 super
3219 5016 3403 5073 pectus

1847 5121 1993 5166 tuum
2018 5107 2279 5180 graderis.
2310 5104 2483 5170 Quod,
2509 5103 2645 5156 sicut
2682 5102 2895 5170 quidam
2951 5099 3169 5153 Patrum
3202 5097 3337 5149 dixit
3384 5116 3396 5148 :

1852 5218 1868 5251 ι
1904 5198 2217 5264 Quicunque
2270 5193 2414 5256 vult,
2465 5191 2629 5242 intrat
2676 5197 2731 5241 et
2782 5186 2940 5241 solvit
2982 5185 3186 5237 asinum
3226 5200 3238 5235 :
3281 5201 3300 5233 ι
3333 5197 3400 5235 ex

1846 5284 2174 5340 abundantia
2200 5282 2343 5336 enim
2369 5278 2547 5333 cordis
2568 5291 2628 5330 os
2656 5275 2893 5346 loquitur
2920 5272 3134 5343 (Matth.
3164 5286 3260 5333 ιιι,
3287 5269 3396 5338 3i).

1848 5377 2046 5431 Deinde
2074 5370 2437 5427 detestabilior
2475 5367 2619 5422 omni
2668 5365 2948 5427 veneficio,
2973 5362 3115 5417 labia
3140 5359 3398 5415 mortiferi

1847 5462 2223 5537 poculi‘melle
2261 5460 2541 5516 charitatis
2584 5469 2638 5513 et
2686 5457 2827 5511 bono
2866 5455 3029 5509 odore
3079 5450 3399 5506 humilitatis

1849 5555 2110 5616 imbuens,
2155 5565 2218 5604 ex
2269 5548 2536 5618 praedictis
2574 5545 2860 5599 virtutibus
2906 5540 3217 5597 delectabile
3246 5538 3399 5593 exhi-

1847 5644 2007 5699 buisti
2063 5641 2402 5712 prooemium,
2459 5648 2519 5691 ut
2568 5642 2887 5705 prmgustata
2935 5631 3157 5687 dulcedo
3203 5629 3403 5683 faceret

1850 5740 2222 5793 incunctanter
2267 5728 2534 5786 absorberi
2586 5726 2651 5781 fel
2704 5726 2989 5780 draconum
3044 5732 3099 5776 et
3141 5720 3403 5789 reliquum
