4190 6458
790 400 807 465 l
819 402 921 472 023

1759 400 2162 465 IIUMBERTI
2200 401 2261 462 S.
2310 402 2377 459 Β.
2421 400 2489 459 Ε.
2537 400 2998 463 CARDINALIS

3870 400 4007 463 ιοει

782 524 1113 579 veneficium.
1145 522 1249 575 Sed
1297 536 1369 569 tte.
1418 522 1463 571 ei
1495 521 1579 586 qu?
1618 530 1760 587 gotat
1794 520 2021 571 amicum
2050 534 2203 572 suum
2238 532 2333 585 po-
2364 518 2410 577 Α
2443 520 2675 573 tenebris
2702 522 2939 575 ambulat
2962 522 3010 591 (I
3039 519 3197 575 Joan.
3237 538 3295 585 ιι,
3322 523 3395 591 9).
3434 541 3451 571 ι
3488 521 3581 574 llic
3626 520 3781 587 plane
3841 521 4009 588 liquet

779 619 922 672 tione
947 615 1281 669 turbulenta!
1322 610 1491 676 Quam
1542 612 1661 664 ideo
1702 611 2061 664 necessariam
2090 610 2341 662 duximus

775 706 1037 762 subtiliori
1067 704 1228 756 linteo
1258 702 1489 755 colatum
1524 701 1623 763 ire,
1652 708 1709 752 ut
1759 702 1945 753 modus
1972 698 2337 752 concinnatic-

775 796 859 849 nis
887 794 1019 862 ejus,
1048 801 1101 845 et
1136 790 1371 861 potentia
1423 790 1763 858 aliquatenus
1796 789 1964 857 possit
1991 787 2335 855 deprehendi,

773 897 827 939 e'.
870 885 1122 951 deinceps
1168 881 1368 943 caveri,
1401 882 1524 949 quia
1576 881 1872 947 ingreditur
1901 879 2111 941 blande,
2152 880 2244 932 sed
2285 878 2336 931 in

772 970 1064 1023 noviSsimo
1113 968 1381 1020 mordebit
1432 977 1486 1019 ut
1537 966 1776 1031 coluber,
1835 976 1889 1019 ct
1935 966 2075 1019 sicut
2126 965 2338 1035 regulus

771 1078 973 1118 venena
1004 1060 1278 1114 dilfundet.

841 1153 900 1205 ll.
944 1152 1083 1203 Ecce
1114 1149 1168 1202 in
1220 1149 1336 1217 ipso
1383 1148 1642 1201 livoratus
1668 1149 1740 1201 tui
1791 1148 2053 1202 vestibulo
2087 1148 2183 1200 tria
2215 1162 2336 1215 pro-

776 1242 1004 1311 posuisti
1032 1260 1053 1301 νς
1082 1243 1146 1293 de
1176 1255 1363 1308 azymo
1393 1240 1621 1303 scilicet,
1640 1241 1703 1293 dc
1729 1240 1963 1291 Sabbato
1989 1250 2040 1291 et
2067 1243 2130 1291 de.
2160 1254 2337 1291 sarcr-

772 1333 957 1384 dotum
988 1331 1201 1398 nuptiis.
1238 1330 1309 1381 Ex
1344 1331 1538 1398 quibus
1581 1340 1653 1381 tot
1682 1338 1735 1381 ct
1777 1338 1919 1381 tanta
1947 1330 2246 1387 evonmisti,
2281 1338 2336 1381 ut

771 1421 823 1475 in
855 1421 1206 1489 perverteudo
1232 1420 1440 1472 divinas
1460 1420 1751 1472 sententias
1776 1435 1879 1471 non
1909 1419 2130 1470 inferior
2158 1418 2334 1471 videa-

771 1512 845 1564 ris
872 1513 1138 1579 perversis
1168 1519 1220 1561 et
1250 1509 1476 1562 rabiosis
1505 1510 1728 1561 canibus
1755 1509 1969 1563 .luliano
1995 1520 2042 1561 et
2093 1509 2334 1577 Porphy-

772 1588 884 1651 riof
906 1599 1142 1666 Denique
1166 1598 1330 1651 divini
1361 1597 1557 1665 eloquii
1609 1597 1808 1649 scalam
1839 1598 1903 1649 ad
1954 1596 2119 1649 caelos
2145 1597 2330 1650 subre-

771 1697 934 1751 ctam,
965 1670 1222 1755 quantum
1257 1689 1308 1740 in
1341 1698 1390 1740 te
1440 1688 1562 1752 fuit,
1595 1690 1856 1742 retorsisti
1903 1689 1967 1741 ad
2016 1689 2238 1754 inferos,
2269 1707 2336 1745 ne

770 1794 891 1830 cum
956 1779 1164 1845 angelis
1216 1778 1504 1831 srandercs
1558 1779 1622 1831 ad
1676 1779 2005 1843 catholicos,
2067 1781 2158 1833 sed
2212 1796 2332 1835 cum

770 1867 1030 1934 apostatis
1079 1865 1434 1919 descenderes
1477 1867 1541 1919 ad
1574 1867 1871 1920 hcerctieOs.
1901 1867 2023 1919 bule
2057 1878 2137 1920 est
2172 1871 2330 1936 quod,

770 1968 970 2011 sancta:
1003 1959 1259 2012 Romana:
1312 1968 1363 2011 et
1392 1959 1697 2026 apostolica:
1757 1960 1898 2013 sedis
1944 1960 2207 2013 sacriﬁcio
2245 1960 2335 2013 de-

771 2048 1009 2110 trahens,
1054 2048 1340 2101 falsissime
1378 2048 1663 2101 dctinivisti
1708 2066 1803 2102 nos
1848 2066 2084 2104 mensam
2129 2050 2335 2104 Juda‘o-

770 2152 885 2190 rum
918 2140 1218 2192 come-lere.
1252 2139 1401 2204 Quod
1444 2140 1575 2193 satis
1622 2141 1922 2193 ostenditur
1970 2142 2020 2195 in
2070 2142 2331 2210 superiori

768 2235 947 2278 nostra
978 2228 1305 2290 narratione,
1340 2227 1428 2280 ubi
1484 2230 1801 2281 commentis
1856 2231 2171 2297 complicum
2221 2242 2334 2282 tuo-

770 2332 909 2380 rum,
942 2316 1222 2373 Michaelis
1264 2318 1473 2371 scilicet
1516 2318 2091 2387 ConstantinOpolitani
2119 2331 2170 2374 et
2197 2321 2330 2375 Leo-

769 2404 851 2457 nis
898 2405 1153 2458 Acridani
1212 2406 1477 2460 voluimus
1533 2409 1772 2462 obviare.
1822 2409 1929 2463 Nec
1976 2420 2058 2462 est
2116 2426 2333 2465 necesse

766 2498 953 2552 eadem
1004 2516 1102 2554 nos
1154 2502 1311 2556 toties
1358 2512 1621 2571 repetere.
1666 2504 1797 2570 Quia
1856 2513 2057 2574 stuppae
2101 2506 2333 2562 collecta:

767 2598 820 2641 et
851 2590 1014 2658 paleae
1062 2593 1317 2660 conjectze
1367 2594 1695 2663 zizaniisque
1735 2597 1971 2650 collectis
2013 2615 2116 2651 una
2160 2609 2334 2667 potest

767 2678 981 2731 flamma
1007 2680 1270 2735 sufﬁcere.
1308 2683 1455 2737 Unde
1484 2699 1543 2737 ea
1598 2694 1800 2739 tantum
1845 2688 2183 2743 decrevimus
2206 2693 2333 2744 levi-

768 2778 851 2821 ter
886 2772 1246 2833 succendere,
1285 2788 1403 2841 qure
1456 2775 1602 2828 solus
1659 2777 1857 2829 videris
1899 2779 2015 2847 plus
2066 2780 2167 2834 illis
2202 2798 2329 2835 con-

766 2862 1015 2927 gessiSse.

838 2948 920 3001 Ill.
963 2949 1147 3016 Itaque
1190 2952 1331 3017 quod
1378 2953 1557 3005 dixisti
1600 2957 2114 3010 consubstantialem
2150 2968 2202 3011 et
2246 2976 2333 3012 su-

766 3039 1272 3106 persubstantialem
1308 3041 1446 3094 idem
1480 3058 1619 3104 esse,
1648 3046 1868 3098 omnino
1890 3056 1965 3099 est
2000 3046 2167 3100 futile.
2201 3049 2331 3114 Quia

767 3127 1027 3180 Dominus
1066 3127 1241 3193 Jesus,
1272 3132 1518 3195 quamvis
1550 3134 1704 3187 nobis
1733 3136 2064 3189 humanitate
2109 3138 2176 3189 sit
2204 3153 2331 3190 cou-

766 3219 1168 3282 substantialis;
1218 3221 1295 3272 sic
1343 3230 1398 3273 et
1442 3222 1691 3275 bumame
1742 3240 1937 3277 menste
1980 3242 2164 3292 panes,
2214 3228 2336 3281 licet

762 3310 870 3360 sint
889 3309 1374 3363 consubstantiales
1397 3312 1519 3373 sibi,
1539 3328 1735 3367 mensa:
1760 3324 1936 3368 tamen
1961 3316 2151 3369 divinae
2177 3320 2330 3386 panis

762 3400 1296 3464 supersubstantialis
1319 3410 1399 3454 est
1420 3401 1515 3453 eis.
1538 3402 1617 3463 Et,
1636 3418 1668 3455 ο
1689 3407 1908 3458 mentite
1925 3407 2049 3469 Deo,
2075 3418 2126 3461 et
2153 3421 2334 3477 aperte

768 3488 1111 3555 impugnator
1159 3490 1329 3541 sancti
1383 3490 1683 3559 Evangelii!
1721 3494 1806 3545 ubi
1848 3502 1899 3546 et
1951 3497 2166 3561 quando
2199 3498 2334 3550 dixit

766 3577 1003 3638 Veritas,
1055 3578 1264 3631 veracis
1304 3578 1481 3632 Patris
1516 3580 1725 3635 Filius:
1769 3600 1786 3631 ι
1824 3583 2019 3637 Cmete
2058 3586 2123 3637 ab
2148 3602 2333 3656 azymo

764 3668 1028 3719 fermento
1050 3667 1480 3721 Phariszeorum?
1509 3688 1528 3721 ι
1563 3668 1753 3738 (Marc.
1790 3687 1903 3734 viti,
1948 3673 2057 3743 l5.)
2085 3675 2332 3744 Nunquid

760 3773 1001 3825 usymum
1067 3759 1307 3826 quolibet
1368 3759 1526 3813 modo
1592 3770 1763 3828 potest
1819 3764 1922 3816 dici
2004 3764 2329 3831 (erittantum,

760 3849 975 3915 quando
1004 3865 1252 3918 azymum
1305 3849 1537 3915 dicatur,
1564 3865 1630 3905 e0
1657 3853 1798 3919 quod
1842 3854 2045 3922 absque
2073 3854 2333 3913 fermento

760 3938 863 3990 sit?
891 3946 947 3989 et
986 3938 1290 4006 ubicunque
1344 3937 1664 3993 fermentum
1698 3940 1882 4005 fuerit,
1926 3959 2144 3999 necesse
2169 3958 2250 4000 est
2276 3957 2332 4000 ιιι

759 4039 851 4081 aut
882 4029 1203 4083 fermentum
1235 4028 1448 4095 elliciat,
1500 4041 1589 4084 aut
1618 4032 1937 4087 fermentum
1986 4040 2332 4102 permaneat?

757 4122 889 4173 Cum
934 4136 1061 4190 ergo
1103 4121 1482 4175 fermentatum
1512 4138 1615 4175 non
1664 4124 1871 4176 sitsine
1904 4124 2187 4190 fermento,
2233 4144 2331 4182 nec

760 4212 1082 4261 fermentum
1103 4210 1393 4279 aliquando
1415 4212 1584 4278 possit
1614 4226 1733 4265 esse
1758 4213 1875 4266 sine
1900 4215 2036 4282 ipso,
2062 4218 2331 4283 quomodo

757 4298 945 4351 saltem
1001 4300 1270 4352 somniare
1311 4315 1474 4355 ausus
1522 4316 1581 4354 es
1636 4316 1885 4370 azymum
1918 4303 2331 4359 fermentatum?

760 4389 865 4441 Sed
894 4390 1138 4456 quamvis
1190 4391 1315 4443 talia
1366 4392 1596 4445 dicendo
1647 4393 1777 4446 telas
1824 4409 2034 4447 aranea:
2072 4396 2327 4460 texueris,

2440 610 2579 676 quod
2611 624 2712 664 non
2740 609 2805 663 ab
2834 614 3075 681 apostolo
3095 622 3300 672 sancto.
3327 613 3419 666 sed
3451 615 3517 664 ab
3540 620 3779 680 apostata
3811 612 4008 684 angelo

2440 702 2719 769 accepisti,
2751 710 2809 755 ut
2840 702 3047 757 diceres
3079 722 3092 755 :
3128 703 3229 767 Qui
3272 719 3392 770 ergo
3442 719 3623 770 azyma
3676 704 3922 759 comedit,
3953 705 4008 753 in

2438 791 2653 843 tenebris
2694 790 2819 860 legis
2864 792 3116 854 ambulat,
3154 792 3278 860 quia
3320 801 3425 844 tota
3467 791 3693 858 epistola
3744 790 3857 851 illa,
3908 805 4009 843 nec

2438 880 2819 933 fermentatum
2865 896 2965 934 nec
2997 896 3243 951 azymum
3273 887 3678 943 commemorat,
3708 880 3800 932 sed
3830 878 4008 933 solum

2437 967 2786 1022 charitatem.-

2511 1059 2569 1112 V.
2613 1058 2740 1112 Post
2796 1060 2909 1113 hare
2938 1074 3042 1113 non
3079 1060 3270 1112 minori
3320 1060 3599 1129 sacrilegio
3652 1061 3852 1114 alutsus
3902 1057 4008 1112 alio

2438 1148 2749 1201 testimonio
2775 1148 3011 1216 ejusdem
3055 1149 3281 1217 apostoli
3322 1150 3551 1203 dicentis
3596 1167 3608 1199 τ
3647 1168 3665 1199 ι
3717 1150 3852 1202 Tres
3882 1158 4009 1201 sunt

2436 1238 2524 1307 qui
2556 1240 2924 1292 testimonium
2952 1240 3236 1309 perhibent
3268 1241 3319 1291 in
3368 1250 3528 1301 terra,
3579 1239 3834 1307 Spiritus,
3866 1253 4007 1305 aqua

2436 1338 2487 1381 et
2532 1331 2767 1397 sanguis,
2797 1339 2851 1383 et
2882 1330 2935 1383 hi
2969 1338 3075 1383 tres
3126 1346 3288 1392 unum
3335 1340 3458 1383 sunt
3508 1329 3558 1390 (1
3598 1331 3755 1382 Joau.
3787 1346 3836 1390 v,
3867 1329 3944 1395 7};
3985 1347 4002 1377 ι

2437 1434 2685 1485 perverse
2705 1419 2919 1473 conaris
2939 1420 3005 1472 ad
3034 1436 3224 1489 panem
3250 1436 3445 1473 mensae
3463 1421 3657 1473 Christi
3688 1419 4005 1479 transferre,

2435 1509 2573 1576 quod
2595 1509 2679 1563 ille
2703 1508 2768 1562 de
2786 1509 3053 1577 baptismo
3071 1507 3186 1575 ejus
3203 1510 3369 1562 voluit
3391 1511 3654 1562 intimare.
3670 1509 3721 1560 In
3741 1508 4008 1574 baptismo

2437 1599 2699 1665 siquidem
2734 1599 2846 1652 b:ec
2869 1599 2968 1651 tria
2998 1607 3141 1662 sunt,
3168 1607 3220 1652 et
3252 1614 3415 1651 unum
3444 1599 3707 1667 baptisma
3741 1598 4004 1650 cilicium.

2441 1689 2502 1740 lit
2534 1688 3010 1756 Spiritus-quidem
3047 1688 3366 1753 sanctificat,
3398 1704 3535 1755 aqua
3566 1688 3754 1749 abluit,
3787 1688 4009 1756 sanguis

2440 1779 2671 1830 redimit.
2731 1778 2786 1831 Si
2836 1778 3113 1845 quodlibet
3156 1779 3347 1832 borum
3396 1778 3658 1839 defuerit,
3707 1779 4009 1846 baptismus

2438 1884 2543 1921 non
2590 1870 2711 1928 erit,
2771 1869 2911 1922 sicut
2958 1870 3278 1923 venerabilis
3326 1879 3478 1938 pater
3523 1872 3849 1940 Augustinus
3887 1872 4006 1923 ait:

2443 1979 2458 2010 ι
2499 1960 2649 2013 Tolle
2680 1976 2894 2030 aquam,
2945 1978 3052 2014 non
3088 1972 3169 2016 est
3226 1963 3537 2031 baptismus.
3590 1963 3711 2014 tolle
3763 1962 4006 2024 verbum,

2438 2064 2539 2101 non
2564 2062 2647 2102 est
2672 2050 2990 2117 haptismus.
3018 2050 3123 2103 Sed
3175 2052 3383 2104 accedit
3430 2052 3646 2103 venbum
3680 2051 3743 2102 ad
3778 2050 4011 2103 elemen-

2438 2150 2571 2202 tum,
2602 2150 2657 2193 et
2687 2142 2743 2193 fit
2774 2149 3191 2195 sacramentum.
3218 2161 3233 2191 ι
3261 2141 3338 2194 Tu
3364 2151 3540 2194 autem
3568 2157 3795 2208 nequam
3826 2152 3998 2209 pecto-

2437 2241 2570 2292 ratc,
2605 2233 2856 2298 nequiter
2883 2230 3284 2301 interpretando
3313 2242 3366 2285 et
3400 2232 3741 2301 depravando
3787 2243 4001 2286 senten-

2438 2312 2565 2372 tiam
2597 2320 2958 2374 recumbentis
2986 2336 3146 2390 super
3173 2330 3360 2390 pectus
3386 2321 3531 2384 Jesu,
3584 2322 3766 2375 dixisti
3802 2340 3813 2373 :
3855 2322 3920 2374 Ιξι
3955 2321 4005 2373 hi

2435 2418 2536 2461 tres
2567 2425 2621 2461 ιη
2670 2426 2772 2462 uua
2800 2421 2939 2471 sunt,
2985 2396 3191 2465 scilicet
3234 2412 3285 2464 itt
3329 2427 3554 2480 corpore
3605 2410 3826 2476 Christi,
3864 2411 4008 2477 quod

2437 2498 2665 2553 dilectus
2696 2500 2831 2569 ejus,
2862 2516 2960 2555 nec
2983 2501 3175 2563 sensit,
3206 2515 3304 2554 nec
3335 2502 3566 2571 scripsit,
3607 2502 3719 2564 sed,
3757 2521 3774 2551 ι
3815 2502 3868 2555 hi
3899 2511 4007 2555 tres

2437 2606 2599 2644 unum
2631 2601 2753 2643 sunt
2787 2591 2837 2660 (Ι
2862 2591 3024 2645 Joau.
3058 2608 3150 2656 vn,
3182 2590 3259 2661 8),
3294 2611 3310 2642 ι
3347 2593 3635 2646 secundum
3673 2595 4010 2660 superiorem

2436 2679 2501 2731 de
2531 2679 2793 2747 baptismo
2821 2693 3054 2733 sensum.

2509 2768 2592 2821 Vl.
2632 2768 2803 2823 Parva
2852 2780 2977 2823 sunt
3023 2772 3135 2825 haec
3180 2781 3233 2825 et
3281 2788 3415 2842 pene
3467 2773 3607 2825 nulla
3631 2774 3696 2825 ad
3720 2785 4006 2841 compara-

2440 2859 2637 2910 tionem
2664 2860 2937 2926 sequentis
2968 2861 3329 2929 blasphemia},
3359 2878 3462 2930 qua
3493 2878 3735 2916 asserere
3767 2862 4005 2923 laboras,

2437 2946 2579 3014 quod
2609 2955 2848 3015 tempore
2891 2948 3177 3001 Dominich
3207 2950 3472 3017 passionis
3515 2960 3569 3003 et
3609 2950 4001 3009 CI‘tIClﬁKlOIIlS,

2438 3039 2654 3105 quando
2686 3039 2904 3107 sanguis
2927 3048 2982 3093 et
3003 3055 3137 3107 aqua
3164 3042 3227 3093 de
3249 3041 3411 3095 latere
3436 3041 3552 3106 ejus
3573 3042 3754 3104 exivit,
3785 3053 4007 3095 sanctus

2438 3138 2487 3181 et
2522 3130 2769 3182 vivilieus
2796 3131 3015 3198 spiritus
3045 3133 3094 3184 in
3124 3132 3365 3185 deificata
3397 3134 3511 3201 ejus
3536 3148 3696 3186 carne
3722 3136 4002 3187 remansit.

2439 3219 2589 3283 Quod
2626 3220 2669 3272 si
2720 3221 3046 3282 constiterit,
3095 3232 3338 3275 mortuus
3384 3239 3486 3274 non
3520 3224 3633 3275 fuit.
3671 3224 3725 3275 Si
3762 3234 4005 3276 mortuus

2438 3324 2540 3361 non
2566 3308 2680 3370 fuit,
2715 3326 2885 3378 neque
2922 3314 3231 3363 resurrexit.
3268 3312 3321 3364 Si
3358 3330 3459 3365 non
3486 3314 3804 3377 resurrexit,
3836 3314 4003 3365 inanis

2435 3407 2517 3452 est
2546 3398 2676 3452 fides
2704 3409 2754 3452 et
2787 3401 3098 3467 przedicatio
3142 3413 3343 3463 nostra,
3375 3403 3496 3469 quia
3550 3420 3646 3455 nec
3696 3418 3795 3455 nos
3834 3418 4005 3455 resur-

2434 3502 2640 3555 gcmus.
2698 3489 2763 3542 Et
2814 3490 2951 3542 sicut
3011 3490 3297 3557 Apostolus
3338 3492 3414 3543 ait
3457 3509 3469 3543 :
3519 3509 3536 3540 ι
3586 3490 3641 3544 Si
3692 3490 4005 3544 ad‘bestias

2435 3577 2659 3646 pugnavi
2710 3578 2926 3646 Ephesi,
2977 3579 3103 3646 quid
3159 3579 3285 3631 mihi
3316 3581 3554 3647 prodest,
3585 3582 3626 3633 si
3677 3581 3878 3633 mortui
3905 3596 4001 3632 non

2437 3669 2758 3738 resurgunt?
2793 3689 2809 3721 ι
2846 3670 2895 3738 (1
2924 3670 3044 3723 Cor.
3091 3686 3177 3735 xv,
3210 3670 3322 3737 3'2.)
3349 3672 3414 3725 L’t
3441 3672 3565 3739 quid
3592 3671 3732 3724 enim
3767 3673 4003 3741 quotidie

2439 3768 2587 3810 tanta
2615 3760 2880 3827 patimur?
2907 3761 3260 3814 Comedamus
3290 3771 3342 3814 et
3373 3761 3617 3814 bibamus
3642 3776 3655 3813 :
3676 3761 3785 3815 imo
3809 3763 4002 3815 bestia-

2433 3848 2558 3901 liter
2584 3848 2844 3911 vivamus,
2874 3863 2993 3903 cras
3022 3851 3164 3902 enim
3193 3859 3248 3903 ut
3292 3849 3476 3903 bestia:
3517 3852 3834 3903 moriemur.
3871 3852 3924 3903 Si
3954 3853 4001 3903 iu

2433 3941 2533 3994 hac
2565 3940 2669 3993 vita
2704 3949 2908 3993 tantum
2956 3942 3006 3993 in
3034 3943 3249 3995 Christo
3295 3953 3577 4011 sperantes
3608 3958 3818 4005 sumus,
3852 3944 3999 3994 mise-

2434 4028 2713 4081 rabiliores
2738 4029 2985 4080 omnibus
3013 4044 3201 4081 sumus
3242 4028 3575 4093 hominibus;
3606 4032 3700 4083 sed
3744 4031 3884 4083 absit
3908 4031 4003 4082 hoc

2431 4118 2497 4169 ab
2517 4119 2661 4170 oumi
2687 4132 2883 4187 genere
2909 4119 3179 4171 lmmano!
3208 4117 3337 4171 Nam
3370 4120 3508 4171 idem
3536 4120 3831 4187 prmelarus
3854 4136 4005 4173 eiau-

2430 4209 2637 4278 gelista,
2673 4210 2762 4275 qui
2822 4210 2921 4262 hoc
2978 4210 3148 4275 ipsum
3196 4225 3434 4278 praesens
3490 4210 3643 4272 vidit,
3718 4219 4003 4263 attestatur

2430 4313 2643 4349 carnem
2677 4298 2877 4350 Christi
2930 4313 3051 4349 rete
3099 4292 3461 4351 exanimatam
3512 4300 3563 4351 in
3612 4312 3777 4351 cruce
3818 4300 4000 4359 fuisse,

2430 4384 2616 4437 dicens
2643 4400 2654 4435 :
2689 4403 2705 4435 ι
2741 4384 2803 4437 lit
2832 4384 3090 4439 inclinato
3120 4386 3298 4454 capite
3334 4386 3513 4439 emisit
3546 4386 3795 4453 spiritum
3826 4386 4000 4452 (Joau.

758 4491 972 4529 muscas
993 4486 1044 4529 et
1067 4476 1269 4532 culices
1293 4492 1385 4531 seu
1412 4480 1736 4533 vermiculos
1756 4482 2327 4537 aberranteshisirre-
2359 4507 2403 4564 ο
2432 4489 2542 4537 XIX.
2593 4474 2702 4543 30)-
2764 4494 2781 4524 ι
2844 4473 3012 4527 PONO
3049 4474 3260 4527 Μπουε
3307 4483 3361 4527 ει
3410 4474 3583 4527 Lucas
3641 4475 3830 4527 diem“
3886 4489 4002 4526 θυπι

760 4567 862 4619 tire
884 4566 1123 4635 poteris;
1155 4582 1261 4620 non
1312 4578 1490 4623 autem
1522 4570 1797 4625 columnas
1830 4572 2098 4641 simplices
2126 4582 2179 4626 et
2202 4589 2327 4628 oves

761 4664 1207 4723 recognoscentes
1230 4671 1415 4710 vocem
1446 4658 1524 4710 sui
1553 4660 1807 4712 auctoris.

832 4744 915 4797 IV.
958 4746 1191 4811 Deinde,
1245 4762 1276 4800 ο
1334 4748 1589 4802 subverse
1638 4750 1959 4811 subversor,
2016 4753 2327 4807 subvertere

757 4842 985 4886 conatus
1030 4836 1350 4888 sententiam
1393 4839 1616 4906 apostoli
1656 4838 1880 4893 Joannis
1905 4841 2130 4896 dicentis
2166 4861 2178 4894 :
2219 4862 2235 4892 ι
2270 4845 2324 4896 Si

759 4920 1061 4974 dixerimus
1091 4922 1215 4989 quia
1252 4923 1565 4978 societatem
1616 4928 1875 4981 habemus
1920 4945 2039 4982 cum
2068 4945 2150 4993 eo,
2185 4940 2238 4984 et
2275 4932 2324 4984 in

762 5011 1001 5063 tenebris
1046 5012 1402 5074 ambulamus,
1437 5018 1725 5070 mentimur
1748 5028 1802 5071 et
1832 5036 1934 5073 non
1987 5021 2215 5075 facimus
2237 5038 2329 5075 ve-

760 5102 972 5155 ritatem
1000 5101 1052 5171 (1
1079 5102 1237 5155 Joan.
1267 5120 1304 5161 ι.
1335 5104 1413 5170 6),
1455 5124 1472 5155 ι
1504 5114 1557 5158 et
1582 5109 1793 5161 czeteris
1836 5111 2061 5177 nequius
2092 5127 2220 5164 usus
2268 5126 2327 5165 es

760 5192 863 5245 hoc
906 5191 1020 5259 ejus
1064 5193 1391 5257 testimonio,
1447 5210 1607 5263 quam
1655 5198 1862 5250 adulter
1900 5200 2055 5252 oculo
2083 5208 2137 5254 et
2184 5200 2323 5253 latro

759 5278 925 5343 ferro,
971 5295 1089 5347 qua:
1137 5281 1322 5349 utique
1369 5283 1506 5336 bona
1534 5291 1674 5337 sunt.
1705 5284 1781 5338 illi
1820 5286 1962 5339 enim
1994 5285 2185 5340 lmdere
2210 5296 2323 5341 ten-

760 5379 876 5421 taut
905 5369 1133 5438 aliquos,
1168 5380 1220 5423 tu
1252 5371 1476 5439 perdere
1502 5385 1743 5427 cunctos.
1804 5373 1956 5429 Unde
2004 5386 2054 5428 et
2084 5378 2162 5459 sic
2192 5392 2319 5430 cou-

756 5461 929 5513 cludis
964 5478 975 5513 :
1006 5462 1254 5532 Quierg)
1299 5480 1484 5533 azyma
1532 5467 1770 5528 comedit,
1825 5468 1876 5518 in
1924 5466 2142 5520 tenebris
2196 5467 2323 5536 legis

757 5551 1005 5604 ambulat.
1043 5552 1147 5606 Sed
1177 5554 1312 5605 idem
1344 5552 1578 5607 Joannes
1609 5554 1955 5607 intentionem
1989 5565 2132 5609 tuam
2165 5572 2321 5609 enar-

760 5654 905 5699 ητις,
935 5641 1052 5694 lucc
1078 5642 1276 5695 clarius
1320 5644 1673 5705 demonstrat,
1704 5644 1793 5710 qui
1849 5644 2067 5703 dixerit,
2107 5644 2323 5710 subjun-

759 5744 889 5793 μηδ
915 5746 926 5781 :
958 5755 970 5778 ι
1006 5733 1102 5799 Qui
1132 5734 1242 5788 odit
1267 5747 1419 5787 suum
1450 5732 1691 5796 fratrem,
1726 5732 1774 5785 in
1804 5734 2031 5788 tenebris
2060 5745 2157 5799 est,
2186 5744 2235 5788 et
2261 5736 2311 5788 in

2429 4564 2732 4631 exspirasse
2786 4563 2977 4633 (Marc.
3037 4579 3125 4625 xv,
3178 4562 3274 4625 '59;
3327 4562 3454 4615 Luc.
3506 4577 3664 4623 xxm,
3713 4561 3826 4631 46).
3860 4562 4004 4615 Unde

2432 4667 2483 4711 et
2511 4659 2562 4710 in
2585 4658 2826 4726 symbolo
2859 4660 3177 4710 confitentur
3197 4668 3456 4710 mortuum
3488 4669 3532 4709 et
3556 4657 3836 4724 sepultura.
3869 4659 4003 4708 Alio-

2431 4749 2521 4816 qui
2550 4749 2758 4817 sepeliri
2786 4764 2887 4801 non
2914 4750 3120 4813 debuit,
3144 4750 3233 4817 qui
3266 4758 3510 4801 mortuus
3536 4765 3637 4799 non
3667 4748 3787 4800 fuit.
3806 4748 4005 4801 Obtun-

2434 4848 2596 4901 tesce,
2628 4838 2779 4892 canis
2804 4856 2816 4890 :
2844 4839 3099 4905 linguam,
3129 4840 3279 4891 canis
3309 4840 3569 4906 improbe,
3602 4838 3823 4898 morde;
3855 4837 4000 4889 Chrio

2432 4938 2548 4982 stus
2578 4929 2719 4982 enim
2745 4943 2873 4981 vere
2900 4938 3146 4980 mortuus
3180 4937 3265 4980 est
3313 4938 3530 4995 propter
3560 4928 3751 4979 delicta
3800 4936 3997 4986 nostra,

2433 5027 2485 5070 et
2526 5028 2747 5085 propter
2783 5017 3221 5083 justificationem
3271 5027 3512 5070 nostram
3560 5014 3736 5083 (Rom.
3787 5032 3864 5079 Iv,
3914 5016 3999 5081 9.3)

2435 5109 2726 5160 resurrexit
2755 5123 2782 5159 a
2811 5107 3038 5160 mortuis
3068 5106 3319 5175 primitiat
3359 5107 3744 5159 dormientium
3790 5106 3841 5174 (Ι
3883 5106 3996 5159 Cor.

2433 5211 2519 5259 xv,
2556 5196 2665 5263 20).

2510 5288 2609 5341 VII.
2654 5288 2789 5341 Ecce
2838 5287 3095 5356 pestifera
3137 5287 3403 5349 doctrina,
3436 5301 3560 5340 ecce
3589 5286 3856 5339 diabolica
3885 5302 3997 5352 sug-

2431 5378 2621 5445 gestio,
2650 5378 2804 5445 cujus
2837 5386 2891 5429 tu
2937 5376 3160 5445 signifer
3190 5375 3414 5430 eﬂ'cctus
3458 5376 3674 5429 conaris
3722 5376 3997 5443 opiniones

2426 5474 2478 5517 et
2508 5464 2923 5517 adinventiones
2957 5473 3169 5516 tuorum
3204 5472 3390 5516 contra
3418 5465 3761 5515 traditionem
3789 5473 3995 5531 aposto-

2430 5555 2608 5616 licam,
2660 5565 2712 5607 et
2759 5564 2945 5608 contra
2996 5553 3337 5607 manifestam
3382 5554 3660 5606 veritatem
3691 5555 3993 5614 defendere,

2428 5648 2654 5700 dicendo
2685 5665 2696 5698 :
2728 5649 2931 5713 Aquam
2982 5645 3208 5699 calidam
3245 5655 3293 5697 et
3332 5646 3648 5710 sanguinem
3700 5647 3767 5696 de
3800 5647 3919 5698 \ivo
3942 5653 3993 5697 ct

2432 5740 2605 5793 calido
2629 5740 2823 5794 Clu-isti
2860 5755 3083 5808 corpore
3105 5739 3302 5802 exisse,
3334 5748 3386 5791 et
3415 5741 3532 5793 ideo
3562 5739 3780 5793 Gnaeos
3808 5749 3994 5805 aqqu
