4190 6458
783 397 918 461 1027

1815 393 2223 454 ΗΟΜΒΕΙὶΤΙ
2263 393 2320 454 S.
2363 392 2435 453 Il.
2472 393 2536 451 Ε.
2568 393 3026 454 CARDINALIS

3858 397 3990 460 1028

785 527 869 570 est
896 522 1085 584 quarta
1117 514 1319 568 decima
1350 512 1491 575 luna,
1520 510 1892 569 fermentatum
1920 530 2022 569 non
2046 526 2327 583 appareret
2354 519 2402 576 Α
2503 514 2636 568 XVI.
2669 515 2803 570 Hine
2839 517 3110 569 videamus
3128 518 3170 570 si
3196 533 3297 571 non
3328 521 3458 573 estis
3483 520 3819 584 Sabbattani,
3847 540 3989 592 quos

785 605 839 659 in
863 604 1107 659 omnibus
1131 603 1322 656 ﬁnibus
1347 602 1528 656 Israel.
1552 602 1683 656 Nam
1713 612 1767 656 et
1791 618 1961 671 agnus
1989 620 2108 657 cum
2131 604 2331 672 azymis

784 692 1179 747 coniedebatur.
1249 692 1400 758 Quod
1474 693 1519 747 si
1577 694 1729 761 juxta
1782 703 1925 748 tuam
1978 694 2328 748 assertionem

782 783 1029 837 Christus
1073 782 1274 835 Pascha
1308 781 1436 835 fecit
1482 782 1844 837 tcrtiadecima
1888 782 2013 835 luna
2062 796 2183 835 cum
2222 780 2328 834 fer-

782 882 1041 936 meutato,
1080 873 1363 941 dupliciter
1401 887 1521 926 reus
1569 872 1698 935 fuit;
1743 872 1886 939 juste
1915 872 2214 940 puniendus
2242 885 2327 926 se-

782 964 1011 1015 cundum
1043 961 1235 1029 legem,
1284 961 1407 1029 quia
1449 961 1649 1014 Pascha
1698 960 1820 1015 fecit
1859 960 1912 1015 in
1955 968 2189 1029 tempore
2218 973 2326 1013 non

780 1063 897 1109 suo,
919 1058 971 1100 ct
996 1048 1118 1114 quia
1148 1062 1267 1100 cum
1307 1046 1647 1100 Iermentato.
1675 1046 2006 1115 Quapropter
2037 1062 2179 1099 mors
2210 1044 2324 1112 ejus

780 1136 911 1190 nihil
978 1136 1128 1191 nobis
1188 1134 1445 1198 conferet,
1508 1136 1596 1202 qui
1661 1150 1765 1188 non
1838 1149 1935 1203 pro
1986 1134 2183 1189 nostris
2231 1134 2323 1188 sed

777 1241 874 1295 pro
923 1226 1035 1279 suis
1084 1224 1320 1292 peccatis
1363 1224 1586 1287 interiit,
1634 1224 1841 1277 scilicet
1870 1224 1994 1292 quia
2026 1222 2125 1277 fuit
2154 1232 2324 1277 trans—

777 1330 989 1383 gressor
1027 1321 1224 1369 sancta:
1264 1312 1418 1384 legis.
1458 1312 1563 1368 Sed
1594 1314 1659 1367 de
1687 1312 1771 1367 bis
1800 1311 1932 1367 alias
1961 1313 2177 1382 copiose
2208 1313 2322 1366 dis-

777 1407 1059 1459 sernimus.

845 1492 955 1546 XII.
994 1490 1192 1545 Deinde
1221 1490 1265 1545 si
1294 1492 1531 1560 exceptis
1563 1498 1763 1560 septem
1797 1491 1986 1545 diebus
2009 1488 2177 1544 Judaei
2209 1496 2320 1543 toto

772 1595 915 1632 anno
949 1580 1342 1643 fermentatum,
1372 1590 1431 1632 ut
1461 1579 1681 1643 asseris,
1711 1580 2013 1641 comedunt,
2049 1580 2166 1647 quis
2194 1593 2323 1632 con-

772 1671 1070 1724 venientins
1103 1671 1262 1724 debet
1304 1670 1474 1737 argui,
1501 1668 1586 1722 ille
1616 1669 1705 1738 qui
1733 1670 1952 1723 minimo
1975 1678 2210 1738 tempore
2226 1684 2318 1725 eos

772 1759 1015 1812 imitatur
1043 1760 1095 1812 in
1125 1757 1349 1827 azymis,
1381 1773 1447 1810 an
1482 1758 1569 1810 ille
1596 1758 1683 1825 qui
1709 1765 1819 1811 toto
1847 1772 1989 1810 anno
2011 1758 2066 1812 in
2086 1757 2317 1812 fermen-

2430 613 2848 659 commemorant
2890 604 3076 659 Patres
3120 619 3319 661 sanctte
3372 608 3572 676 quintae
3618 612 3826 679 synodi.
3883 612 3987 665 Re-

2428 692 2763 760 prehendens
2785 694 2926 746 enim
2950 709 3047 747 nos
3068 710 3165 748 cur
3181 694 3482 764 jejunemus
3505 696 3754 752 Sabbatis
3776 739 3792 762 ,
3814 698 3986 753 dicis:

2430 800 2449 832 ‹
2491 780 2690 846 Quarta
2730 791 2785 836 et
2826 790 2974 837 sexta
3014 782 3144 837 feria
3193 784 3394 853 jugiter
3440 784 3793 852 jejunandum
3826 806 3839 840 :
3879 804 3985 843 una

2424 876 2641 937 pr0pter
2682 869 3040 933 traditionem,
3088 870 3251 922 altera
3285 882 3502 940 propter
3534 874 3837 941 passionem
3876 876 3960 928 Do

2423 955 2574 1019 mini,
2607 953 2840 1011 Sabbato
2884 965 3064 1010 autem
3106 972 3376 1025 nunquam
3406 959 3507 1012 nisi
3544 975 3668 1014 uno.
3706 980 3725 1012 ι
3777 962 3842 1014 Ει
3882 963 3985 1016 hoc

2422 1057 2665 1099 asserere
2696 1045 2910 1098 conaris
2941 1058 3007 1099 ex
3050 1046 3369 1114 apocryphis
3408 1046 3560 1102 libris
3590 1058 3646 1102 et
3680 1052 3985 1105 canonihus

2420 1135 2535 1203 pari
2572 1135 2846 1205 sententia.
2877 1144 3182 1189 sanctorum
3223 1135 3439 1190 Patrum
3483 1140 3800 1205 repudiatis.
3844 1140 3979 1193 Nam

2420 1220 2710 1277 Clementis
2730 1221 2886 1287 liber,
2919 1222 2970 1275 id
2996 1231 3096 1287 est,
3138 1224 3473 1279 itinerarium
3504 1226 3646 1280 Petri
3672 1230 3899 1297 apostoli
3926 1240 3983 1284 ct

2420 1325 2653 1365 canones
2689 1312 3049 1381 apostolorum
3094 1322 3448 1369 numerantur
3475 1317 3615 1370 inter
3646 1320 3978 1388 apocrypha,

2419 1401 2657 1471 exceptis
2698 1402 2947 1471 capitulis
2995 1404 3403 1475 quinquaginta,
3453 1422 3571 1475 qua:
3622 1408 3980 1463 decreverunt

2420 1491 2617 1559 regulis
2654 1492 2969 1547 orthodoxis
3018 1492 3369 1562 adiungenda.
3412 1494 3563 1551 Unde
3616 1511 3716 1551 nos
3762 1514 3980 1567 quoque

2417 1596 2577 1636 omne
2621 1585 2959 1653 apocryphon
3016 1582 3346 1650 abjicientes,
3394 1586 3747 1654 dedignamur
3792 1589 3979 1643 audite

2417 1687 2600 1727 eorum
2636 1672 2905 1728 fabulosas
2954 1675 3290 1737 traditiones,
3335 1677 3459 1745 quia
3499 1692 3604 1730 non
3640 1686 3766 1732 sunt
3803 1687 3864 1731 ut
3891 1677 3975 1733 lex

2419 1762 2650 1816 Domini.
2681 1762 3016 1833 Quapropter
3039 1764 3122 1819 his
3157 1766 3392 1831 omissis,
3426 1766 3477 1819 in
3510 1766 3678 1829 altera
3724 1767 3975 1835 epistola,

773 1847 931 1900 tatis?
979 1847 1128 1899 Absit
1167 1856 1342 1901 tamen
1392 1855 1450 1899 ut
1497 1861 1682 1899 eorum
1734 1846 2002 1900 carnalem
2056 1847 2216 1899 ritum
2262 1848 2313 1899 in
2349 1843 2390 1900 Β
2419 1853 2537 1907 vide
2579 1855 2705 1922 quid
2754 1854 3036 1907 sentierint
3087 1856 3153 1908 de
3199 1854 3434 1910 Sabbato
3477 1855 3619 1911 beati
3665 1865 3720 1911 ct
3761 1857 3971 1925 antiqui

770 1939 951 2006 aliquo
978 1938 1276 1991 imitemur!

839 2027 969 2081 XIII.
1010 2027 1204 2080 Verum
1243 2026 1496 2094 quoniam
1546 2025 1881 2097 labyrintheo
1930 2040 2115 2080 errore
2154 2026 2315 2081 duce-

764 2119 865 2182 ris,
894 2129 1108 2171 utnuuc
1153 2132 1257 2187 qua
1300 2117 1484 2171 exibas
1530 2117 1719 2179 intres,
1758 2133 1899 2171 nunc
1930 2132 2033 2187 qua
2076 2117 2314 2172 intrabas

767 2222 947 2269 exeas,
980 2208 1170 2260 iterum
1203 2207 1444 2259 eamdem
1473 2207 1611 2259 viam
1642 2206 1790 2269 teris,
1816 2206 1999 2262 dicens
2031 2223 2044 2259 :
2074 2224 2092 2257 ι
2121 2204 2177 2260 Si
2204 2216 2313 2260 tra-

766 2301 936 2353 ditum
992 2299 1143 2352 vobis
1192 2296 1291 2350 fuit
1342 2297 1410 2350 ab
1456 2297 1711 2360 apostolis
1760 2297 2042 2351 comedere
2105 2312 2310 2369 azyma,

761 2390 1031 2460 quomodo
1074 2388 1278 2456 Agatho
1338 2402 1472 2455 papa
1546 2396 1743 2449 vester,
1794 2401 2078 2455 prtesessor
2118 2396 2312 2441 sanctae

763 2491 928 2535 sexta:
966 2479 1172 2550 synodi,
1217 2493 1338 2531 cum
1386 2476 1644 2545 Gregorio
1698 2476 2165 2547 Agrigentinorum
2203 2477 2314 2547 epi-

766 2584 932 2638 scopo
974 2578 1028 2622 et
1076 2568 1196 2621 aliis
1224 2567 1488 2629 Patribus,
1541 2575 1725 2619 contra
1772 2581 1959 2636 azyma
2007 2582 2074 2621 ne
2125 2567 2314 2621 ﬁerent

763 2659 932 2728 legem
962 2657 1183 2712 statuit?
1215 2677 1231 2708 ι
1264 2657 1425 2720 Audi,
1449 2656 1630 2720 stulte,
1662 2671 1798 2710 vane
1824 2674 1835 2707 :
1872 2671 1975 2710 non
2005 2664 2214 2711 tantum
2245 2656 2312 2710 ab

760 2750 1035 2818 apostolis,
1082 2758 1340 2817 quantum
1393 2747 1460 2800 ab
1508 2747 1625 2815 ipso
1674 2746 1899 2800 Domino
1944 2755 2128 2800 nostro
2186 2745 2309 2799 Jesu

759 2837 975 2891 Christo
1026 2835 1275 2887 traditum
1327 2841 1406 2887 est
1460 2832 1631 2893 nobis,
1662 2846 1847 2900 azyma
1884 2846 1986 2885 non
2025 2832 2090 2885 de
2139 2830 2311 2885 Phase

761 2923 984 2979 .lndaico
1025 2922 1328 2987 comedere,
1371 2921 1465 2976 scd
1511 2920 1577 2975 de
1602 2918 1806 2974 Pascha
1847 2919 2155 2975 Christiano
2192 2935 2311 2989 per-

761 3017 958 3085 cipere.

830 3106 969 3162 XIV.
1001 3104 1109 3161 Nec
1144 3105 1221 3159 rei
1254 3112 1498 3158 tenemur
1527 3102 1616 3156 illo
1650 3101 1789 3170 quod
1812 3101 2055 3170 objecisti
2094 3116 2213 3169 cap.
2248 3101 2304 3154 II

2411 1941 2693 2011 pontiﬁces
2728 1940 2989 2005 Romani,
3026 1941 3284 1996 Silvestcr
3333 1952 3387 1996 et
3429 1943 3799 2005 Innocentius,
3839 1961 3977 2013 quo-

2412 2045 2530 2086 rum
2552 2033 2826 2087 sententia:
2853 2033 3117 2086 sententia
3143 2034 3434 2102 Agathonis
3458 2035 3705 2103 quamvis
3744 2037 3973 2089 sanctis-

2412 2122 2533 2178 simi
2584 2122 2887 2176 nullatenus
2928 2121 3227 2192 prtel‘ertur.
3263 2121 3371 2177 Sed
3406 2124 3547 2177 absit
3583 2132 3643 2177 ut
3684 2124 3975 2194 aliquando

2412 2211 2683 2265 contraria
2727 2210 2807 2264 eis
2859 2209 3067 2279 Agatho
3117 2210 3410 2266 sensisset!
3449 2213 3515 2266 Et
3545 2221 3724 2267 tamen
3768 2214 3823 2267 in
3847 2215 3968 2275 hoc,

2411 2299 2551 2354 sicut
2597 2307 2653 2354 et
2703 2299 2756 2354 in
2801 2299 2920 2354 aliis
2957 2298 3177 2364 falleris,
3226 2300 3366 2369 quod
3415 2316 3538 2356 eum
3590 2317 3972 2372 praesessorem

2413 2389 2556 2444 illius
2600 2389 2787 2460 synodi
2842 2386 3008 2445 fuisse
3046 2391 3205 2456 dicis,
3234 2405 3357 2445 cum
3398 2400 3605 2446 tantum
3648 2392 3811 2461 legati
3853 2394 3973 2463 ejus

2410 2475 2580 2530 eidem
2604 2476 2806 2546 synodo
2831 2477 3200 2546 praesederint.
3243 2476 3409 2547 Cujus
3433 2491 3583 2550 gesta
3614 2480 3702 2535 hic
3725 2497 3970 2536 summa-

2412 2564 2506 2618 tim
2535 2564 2737 2633 placuit
2762 2565 2949 2619 inseri.

2479 2653 2636 2709 XVII.
2705 2654 2969 2723 Tempore
3026 2654 3389 2723 Constantini,
3468 2658 3559 2714 ﬁlii
3629 2660 3966 2715 Constantini

2411 2744 2779 2813 imperatoris,
2821 2759 2964 2798 anno
3021 2745 3231 2815 imperii
3288 2747 3404 2818 ejus
3443 2749 3672 2818 septimo
3724 2753 3971 2813 decimo,

2407 2833 2617 2901 Agatho
2654 2848 2808 2902 papa,
2847 2848 2913 2888 ex
2956 2845 3144 2905 rogatu
3196 2836 3572 2906 Constantini,
3636 2841 3871 2896 Herac‘lii
3919 2855 3972 2897 et

2408 2919 2609 2975 Tiberii
2637 2922 2940 2992 principum
2970 2925 3355 2993 piissimorum,
3382 2929 3526 2983 misit
3557 2931 3611 2983 in
3647 2933 3851 3001 regiam
3884 2948 3972 2985 ur-

2406 3011 2526 3066 bem
2559 3010 2765 3080 legatos
2794 3027 2940 3068 suos.
2982 3013 3038 3067 In
3075 3014 3271 3083 quibus
3296 3025 3415 3071 erat
3445 3016 3681 3074 Joannes
3714 3022 3970 3077 Romana:

2408 3096 2661 3154 Ecclesiae
2700 3107 2827 3155 tunc
2865 3100 3145 3165 diaconus,
3185 3101 3341 3173 longe
3373 3112 3491 3173 post
3536 3106 3847 3176 episcopus,
3874 3126 3972 3178 pro

761 3204 926 3249 sextae
949 3193 1356 3263 synodi,dicens
1382 3210 1393 3243 :
1416 3190 1611 3244 «Nemo
1633 3192 1683 3245 in
1708 3190 2022 3245 sacerdotali
2051 3190 2301 3244 constitu-
2334 3182 2375 3241 C
2406 3188 2729 3244 adunatione
2774 3187 3011 3243 facienda
3062 3200 3370 3245 sanctarum
3414 3192 3509 3246 Dei
3580 3195 3970 3252 Ecclesiarum.

763 3293 849 3341 tus
888 3286 1098 3348 ordine,
1144 3292 1235 3338 aut
1277 3282 1444 3337 laicus
1486 3296 1547 3336 ea
1602 3295 1720 3350 qua:
1762 3282 1904 3350 apud
1937 3279 2149 3335 Iudaeos
2187 3288 2309 3334 sunt

762 3392 948 3447 azyma
980 3374 1244 3439 comedat,
1283 3382 1373 3426 aut
1410 3387 1529 3426 cmn
1561 3371 1640 3425 eis
1676 3371 1898 3432 habitet,
1948 3379 2038 3423 aut
2084 3368 2134 3421 iu
2167 3368 2311 3421 inﬁr-

762 3468 1037 3523 mitatibus
1059 3479 1151 3518 eos
1176 3463 1384 3523 invitet,
1410 3470 1502 3513 aut
1534 3460 1848 3515 medicinam
1874 3458 1941 3511 ab
1961 3460 2039 3512 eis
2061 3458 2307 3528 accipiat,

763 3554 844 3609 vel
887 3555 939 3606 iu
979 3552 1182 3605 balneis
1217 3565 1337 3604 cum
1368 3550 1446 3603 eis
1471 3548 1696 3601 lavetur.
1730 3546 1784 3599 Si
1822 3548 1942 3616 quis
1976 3547 2088 3601 bmc
2117 3546 2309 3617 egerit,

762 3642 1023 3711 siquidem
1053 3639 1281 3693 clericus
1327 3636 1509 3699 fuerit,
1540 3636 1832 3704 deponatur
1866 3652 1878 3688 :
1913 3634 1957 3688 si
1998 3647 2176 3688 autem
2213 3634 2310 3688 lai-

762 3748 876 3793 cus,
899 3738 1284 3800 sequestretur.
1320 3747 1337 3780 ι
1366 3728 1496 3794 Quis
1525 3737 1783 3788 nostrum,
1809 3741 1956 3794 rogo,
1983 3740 2166 3796 azyma
2194 3740 2312 3794 qua:

764 3823 901 3890 apud
931 3821 1143 3877 Iudaeos
1198 3810 1320 3874 sunt
1358 3818 1621 3872 comedit?
1652 3817 1905 3882 Quamvis
1932 3816 2074 3871 enim
2106 3814 2310 3883 reliqua

763 3911 977 3981 capituli
1009 3909 1165 3977 hujus
1185 3908 1551 3969 observemus,
1583 3906 1710 3960 illud
1743 3915 1920 3959 tamen
1949 3919 2109 3973 super
2131 3903 2310 3958 omnia

762 4003 828 4056 de
861 4001 1062 4072 azymis
1084 3999 1454 4053 observamus.

834 4092 947 4147 XV.
987 4092 1089 4145 Sed
1118 4091 1243 4161 quid
1286 4088 1473 4144 dices?
1515 4085 1699 4141 Nonne
1747 4102 1968 4156 magnus
2009 4084 2236 4139 Basilius
2279 4099 2307 4137 a

761 4182 957 4251 Joscpb
989 4181 1169 4235 Judreo
1202 4180 1516 4233 medicinam
1555 4177 1823 4231 niultoties
1866 4176 2109 4244 accepit?
2136 4185 2187 4227 ιιι
2219 4190 2309 4227 au-

766 4283 872 4326 tem
910 4272 1047 4325 sicut
1072 4269 1311 4323 diabolus
1339 4270 1624 4336 psalmum,
1656 4268 1724 4319 ita
1756 4264 2067 4332 exponendo
2106 4264 2311 4331 capitu-

765 4361 874 4415 lum
918 4359 1237 4428 sulijunxisti
1285 4374 1298 4409 :
1354 4375 1372 4408 ι
1426 4356 1527 4422 Qui
1563 4368 1690 4423 ergo
1728 4368 1975 4422 azymum
2015 4354 2231 4406 coniicit
2257 4360 2312 4403 et

763 4449 1014 4510 comedit,
1044 4446 1292 4517 quamvis
1315 4445 1417 4499 hoc
1446 4460 1548 4497 non
1577 4444 1842 4510 aeecperit
1875 4457 1905 4494 a
1938 4440 2158 4503 Judatis,
2192 4442 2309 4493 imi-

2410 3276 2508 3340 Qui
2558 3275 2938 3347 benignissime
2984 3278 3220 3348 suscepti
3272 3294 3303 3333 a
3347 3283 3798 3339 reverendissimo
3849 3286 3969 3339 ﬁdei

2410 3364 2688 3419 catholica;
2712 3364 2993 3421 defensore
3011 3366 3388 3434 Constantino,
3408 3367 3543 3436 jussi
3571 3380 3698 3425 sunt
3730 3374 3969 3428 remissis

2409 3454 2856 3523 disputationibus
2889 3455 3271 3525 philosophicis
3291 3495 3307 3521 ,
3347 3458 3573 3527 pacitico
3605 3458 3878 3528 colloquio
3909 3462 3970 3514 de

2411 3542 2512 3595 ﬁde
2541 3556 2666 3595 vera
2707 3544 3041 3611 perquirere,
3082 3543 3223 3597 datis
3250 3545 3329 3598 eis
3361 3545 3425 3599 de
3465 3544 3791 3601 bibliotheca
3834 3546 3965 3603 Con-

2408 3631 2876 3699 stantinopolitana
2915 3633 3124 3686 cunctis
3157 3634 3500 3702 antiquorum
3547 3633 3796 3701 Patrum,
3837 3652 3970 3706 quos

2409 3720 2682 3787 petebant,
2716 3719 2929 3774 libellis.
2958 3720 3258 3776 Adfuerunt
3286 3730 3466 3775 autem
3496 3732 3549 3776 et
3576 3724 3816 3794 episcOpi
3854 3725 3968 3787 I50,

2409 3809 2731 3879 praesidente
2759 3810 3018 3880 Gregorio
3047 3812 3210 3881 regite
3248 3813 3399 3867 urbis
3425 3814 3651 3883 praesule
3686 3825 3743 3868 et
3774 3814 3963 3870 Antio-

2408 3902 2544 3955 chiae
2577 3898 2862 3953 Machario.
2899 3900 2966 3953 Et
2996 3901 3226 3955 convicti
3264 3912 3389 3955 sunt
3415 3903 3504 3971 qui
3532 3918 3694 3955 unam
3726 3903 3971 3957 volunta-

2408 3996 2514 4041 tem
2552 3996 2607 4042 et
2642 3988 3004 4056 operationem
3057 3989 3369 4043 astruebant
3404 3988 3455 4042 in
3480 3988 3715 4054 Christo,
3746 3989 3971 4046 falsasse

2408 4076 2626 4131 Patrum
2668 4076 3053 4130 catholicorum
3075 4075 3217 4129 dicta
3256 4091 3351 4145 per
3390 4076 3642 4145 plurima.
3662 4076 3846 4131 Finito
3873 4094 3969 4132 au-

2410 4175 2516 4220 tem
2573 4164 2839 4228 conﬂictu,
2894 4179 2955 4218 ea
2995 4154 3337 4219 hora'tantae
3378 4179 3695 4219 aranearum
3751 4167 3873 4221 tela:
3919 4169 3968 4221 in

2411 4255 2641 4308 medium
2668 4254 2843 4323 populi
2870 4253 3203 4316 ceciderunt,
3231 4261 3287 4306 ut
3306 4266 3493 4309 omnes
3514 4254 3865 4309 mirarentur.
3894 4256 3967 4307 Ac

2409 4361 2504 4415 per
2550 4346 2648 4399 hoc
2699 4344 3053 4413 signiﬁcatum
3110 4352 3192 4397 est
3251 4343 3393 4411 quod
3453 4346 3639 4398 sordes
3702 4345 3970 4399 haeretica:

2411 4434 2691 4503 pravitatis
2749 4434 2984 4501 depulsae
3031 4442 3228 4488 essent.
3284 4432 3351 4486 Et
3407 4432 3696 4503 Gregorius
3752 4435 3969 4503 quidem

768 4546 911 4591 tator
934 4505 1108 4589 tamen
1143 4535 1441 4589 Judazorum
1471 4542 1575 4597 est,
1600 4505 1738 4585 sicut
1762 4541 1814 4585 et
1841 4532 1882 4585 is
1912 4532 1997 4599 qui
2032 4530 2306 4583 εἰνςιιιιιρίσ
2341 4505 2387 4563 D
2415 4530 2686 4575 COPI‘CCWS
2706 4530 2809 4583 εει.
2834 4520 3135 4574 Mamurius
3159 4528 3336 4574 allch!
3361 4534 3481 4575 cum
3502 4522 3615 4575 SUiS
3648 4523 3971 4588 sequaciLus

767 4629 930 4681 ditur.
993 4645 1010 4678 ι
1058 4624 1284 4688 Perdes,
1336 4623 1588 4683 Domine,
1646 4636 1831 4675 omnes
1887 4621 1975 4688 qui
2026 4621 2315 4686 loquuntur

768 4714 1135 4778 mendacium!
1165 4710 1333 4778 (Psal.
1363 4728 1416 4773 ν,
1444 4711 1522 4778 3.)
1549 4710 1796 4777 Nunquid
1827 4708 2074 4763 onmibus
2096 4706 2316 4760 omnino

767 4806 1084 4863 Christianis
1115 4803 1451 4858 interdicitur
1474 4817 1538 4854 ne
1587 4800 1873 4868 aliquando
1901 4798 2092 4850 alicubi
2128 4810 2313 4864 azyma

768 4895 1074 4955 comedam,
1112 4892 1253 4944 sicut
1296 4888 1635 4942 interdicitur
1687 4902 1751 4939 ne
1789 4901 1845 4938 se
1892 4883 2173 4951 aliquando
2213 4881 2316 4934 cir-

770 4981 1109 5039 cumcidant?
1138 4979 1314 5044 Quare
1350 4977 1489 5031 hoc?
1527 4977 1650 5045 quia
1693 4975 1745 5027 in
1795 4973 1875 5027 his
1913 4973 2189 5025 imitantur
2215 4968 2310 5023 ,ιιι-

772 5073 948 5129 daeos‘.’
1000 5068 1355 5123 Concedimus
1406 5075 1580 5118 tamen
1638 5061 2095 5115 circumcisioncm
2144 5058 2312 5112 solum

772 5162 940 5218 fuisse
981 5157 1283 5210 Judatorum
1326 5168 1341 5205 :
1396 5161 1780 5205 verumtamem
1841 5163 2024 5217 azyma
2078 5146 2313 5199 omnium

773 5251 1035 5322 gentium,
1064 5261 1181 5314 qua:
1210 5255 1262 5297 tu
1293 5243 1553 5296 malitiose
1587 5256 1689 5293 non
1724 5239 1892 5292 solum
1931 5252 1960 5289 a
1989 5238 2188 5297 divina,
2222 5234 2317 5287 scd

773 5342 841 5395 ab
872 5340 1097 5392 humana
1129 5348 1311 5388 mensa
1343 5331 1561 5385 omnino
1593 5329 1823 5399 repellis.
1854 5328 1957 5381 Sed
1979 5327 2104 5395 quid
2132 5324 2316 5385 facies,

773 5446 807 5485 o
830 5424 1183 5483 I'ermentate?
1208 5422 1395 5484 Judaei,
1436 5436 1531 5475 ceu
1559 5420 1804 5487 superius
1832 5416 2132 5477 asseruisti,
2161 5429 2317 5467 exce-

776 5522 880 5591 ptis
913 5528 1111 5584 scptem
1148 5516 1331 5566 diebus
1368 5520 1474 5565 toto
1504 5526 1642 5563 anno
1671 5509 2046 5562 fermentatum
2077 5507 2323 5560 comede-

777 5610 925 5667 bant,
965 5615 1016 5657 et
1041 5602 1322 5669 aliquando
1352 5598 1668 5655 oﬂ'erebaut.
1693 5597 1937 5666 Nunquid
1967 5604 2020 5648 ct
2041 5596 2139 5649 hoc
2172 5596 2322 5649 tolles

782 5691 1121 5748 hominibus?

2391 4610 2574 4666 .siinul
2614 4618 2667 4663 et
2705 4608 3209 4677 prazdecessoribus,
3251 4609 3412 4680 Cyro,
3459 4609 3668 4680 Sergio,
3711 4611 3968 4672 Honorio,

2415 4700 2644 4770 Pyrrho,
2669 4699 2834 4753 Paulo
2866 4708 2919 4753 et
2957 4698 3117 4753 Petro
3157 4699 3614 4765 anathematizati,
3667 4711 3723 4754 et
3768 4702 3820 4754 in
3858 4703 3971 4756 loco

2413 4788 2527 4856 ejus
2555 4787 2930 4855 Theophanius
2957 4788 3121 4841 abbas
3153 4787 3217 4842 de
3245 4787 3427 4841 Cilicia
3459 4788 3744 4856 episcopus
3777 4787 3969 4843 factus.

2416 4880 2693 4947 Tantaque
2715 4878 2881 4946 gratia
2903 4877 3104 4946 legatos
3124 4876 3398 4930 catholica
3412 4876 3560 4945 pacis
3588 4877 3845 4930 comitata
3869 4887 3968 4938 est,

2418 4978 2475 5021 ut
2505 4967 2738 5021 Joannes
2776 4965 3085 5019 Portuensis
3121 4965 3421 5033 episcopus,
3460 4965 3549 5034 qui
3581 4974 3699 5019 erat
3739 4980 3881 5018 unus
3906 4978 3971 5018 ex

2419 5060 2571 5127 ipsis,
2602 5057 2874 5110 Dominica
2914 5057 3117 5107 octavis
3153 5053 3370 5107 Pascha:
3411 5054 3601 5108 missas
3637 5054 3881 5123 publicas
3919 5055 3969 5107 in

2417 5146 2640 5199 ecclesia
2672 5144 2881 5196 Sancta:
2912 5143 3121 5211 Sophia:
3149 5158 3330 5194 coram
3369 5142 3604 5210 principe
3640 5152 3693 5195 et
3720 5144 3972 5210 episcopo

2420 5233 2587 5302 ipsius
2607 5233 2754 5285 urbis
2768 5231 2954 5283 Latine
2981 5230 3293 5283 celebraret.
3312 5229 3386 5282 Eo
3416 5242 3652 5296 tempore
3676 5228 3969 5282 Damianus

2420 5323 2721 5378 Ticinensis
2745 5320 2995 5377 Ecclesia:
3022 5322 3302 5388 episcOpus
3337 5321 3435 5371 sub
3467 5319 3681 5373 nomine
3711 5319 3971 5373 Mansueti

2420 5413 2655 5483 episcopi
2717 5411 2969 5464 Ecclesia:
3020 5410 3202 5463 Sancti
3265 5409 3561 5471 Michaelis,
3611 5411 3745 5463 satis
3788 5411 3969 5463 utilem

2422 5512 2686 5571 rectaeque
2723 5500 2845 5555 ﬁdei
2870 5499 3148 5569 epistolam
3172 5500 3490 5567 composuit,
3523 5514 3642 5567 qua:
3673 5500 3725 5552 in
3758 5516 3854 5556 pra
3872 5498 3969 5550 fata

2422 5594 2626 5663 synodo
2648 5606 2752 5644 non
2785 5591 3055 5643 mediocre
3078 5588 3387 5658 suﬁragium
3419 5589 3553 5640 tulit.

2492 5680 2671 5733 XVIII.
2702 5679 2865 5732 Recta
2894 5691 3067 5732 autem
3097 5690 3151 5733 et
3187 5694 3308 5731 vera
3349 5677 3479 5728 ﬁdes
3510 5678 3623 5729 lucc
3657 5687 3741 5729 est
3776 5694 3787 5727 :
3828 5674 3892 5731 Ct
3922 5674 3967 5727 ξιι
