4190 6458
215 411 352 474 Ιο29

1518 405 1816 466 CONTRA
1860 403 2218 464 NiCE'I‘AM.

3284 407 3420 472 1030

208 548 436 603 liomiuo
464 557 647 597 thsll't)
671 542 794 596 Jcsu
824 543 1039 595 Christo
1070 541 1208 594 sicut
1247 541 1360 597 dua:
1389 549 1514 592 sunt
1543 546 1768 598 naturze,
1800 542 1841 596 Α
1873 536 2174 593 liramenta.
2216 548 2265 588 ct
2308 553 2422 604 qure
2454 547 2543 590 aut
2571 536 2801 592 ﬁnxistis
2824 538 3077 607 capitula,
3109 553 3229 590 cum
3265 542 3426 593 etiam

207 640 314 692 hoc
365 648 468 697 est,
514 635 604 688 Dei
644 645 697 687 et
735 633 984 694 hominis,
1015 632 1090 684 sic
1128 632 1287 683 etiam
1327 632 1444 682 dua:
1485 627 1774 680 credantur

205 745 332 785 esse
374 730 675 780 voluntates
721 725 834 776 sive
873 724 1226 792 operationes.
1274 721 1364 771 Vis
1405 717 1592 771 audire
1633 717 1774 785 quod

205 823 424 876 deitatis
457 819 573 871 cst?
607 837 624 867 ι
665 818 794 885 Ego,
837 817 1025 882 inquit,
1071 823 1124 866 et
1171 813 1330 865 Pater
1382 826 1542 862 unum
1592 825 1774 863 sumus

207 911 392 981 (Joun.
427 926 490 967 Χ,
521 908 631 975 ⁸50).
671 927 688 957 ι
728 909 816 959 \‘is
838 906 1020 958 audire
1055 903 1195 970 quod
1224 901 1607 954 humanitatis?
1642 919 1657 949 ι
1685 899 1775 950 Pa-

208 1011 296 1051 ter
330 998 497 1064 major
538 1011 620 1047 me
665 1005 747 1047 est
779 994 954 1059 (Joan.
987 1006 1075 1042 xw
1107 1030 1121 1051 ,
1152 989 1264 1058 28).
1308 1008 1326 1040 ι
1362 988 1532 1041 Cerne
1585 1002 1775 1038 secuno

209 1088 339 1142 dum
374 1085 758 1138 humanitatem
790 1095 908 1133 eum
951 1080 1000 1131 in
1035 1078 1153 1130 navi
1189 1079 1569 1130 dormientem.
1604 1075 1774 1127 Cerne

207 1175 327 1240 ejus
380 1176 711 1228 divinitatem
767 1186 885 1223 cum
933 1170 1259 1238 evangelista
1313 1169 1493 1220 dicit:
1543 1186 1561 1219 ι
1625 1166 1774 1221 Tunc

207 1279 438 1332 surgens
473 1261 752 1331 imperavit
787 1260 959 1314 ventis
1001 1267 1055 1312 et
1096 1257 1248 1320 mari,
1273 1265 1326 1310 et
1357 1256 1493 1311 facta
1519 1266 1601 1311 est
1630 1268 1774 1310 tran-

207 1357 450 1423 quillitas
474 1367 660 1421 magna
693 1351 880 1420 (Matii.
908 1365 1027 1412 vm,
1057 1347 1168 1415 26).
1199 1366 1216 1397 ι

283 1443 423 1497 XIX.
459 1444 580 1495 Haec
619 1452 700 1495 est
726 1451 877 1494 sexta
902 1440 1138 1509 synodus
1167 1438 1490 1493 universalis
1517 1439 1774 1493 Constan-

208 1532 434 1601 tinopoli
484 1532 750 1584 celebrata
793 1537 845 1581 et
901 1527 1088 1582 Graeco
1144 1542 1392 1581 sermone
1448 1527 1773 1596 conscripta,

209 1625 544 1693 temporibus
567 1635 715 1690 papae
735 1619 1046 1687 Agathonis,
1067 1627 1394 1686 exsequente
1418 1632 1480 1670 ac
1509 1617 1774 1670 residente

207 1714 456 1784 piissimo
484 1708 724 1776 principe
751 1706 1102 1761 Constantino
1136 1705 1274 1757 intra
1317 1703 1574 1772 palatium
1597 1718 1771 1766 suum,

206 1801 477 1867 simulque
517 1798 705 1867 legatis
749 1797 1054 1866 apostolica:
1092 1795 1235 1849 sedis
1261 1803 1314 1847 et
1350 1793 1616 1863 episcopis
1673 1794 1773 1847 150

210 1891 592 1950 residentibus,
637 1888 726 1956 qui
763 1902 950 1940 omnes
1003 1885 1215 1952 quidem
1261 1884 1508 1937 hmresim
1548 1884 1770 1936 danma-
1803 1869 1846 1928 Β

207 1987 423 2031 verunt.
471 1977 620 2029 Tunc
659 1975 936 2044 piissimus
983 1973 1228 2042 princeps
1273 1971 1660 2026 Constantinus
1690 1972 1774 2024 in-

209 2065 506 2134 terrogavit
529 2079 622 2117 eos
665 2062 892 2130 qualiter
909 2063 1143 2115 Romana
1172 2061 1408 2114 Ecclesia
1424 2061 1489 2112 de
1512 2059 1778 2112 sacriﬁcio

211 2153 464 2222 corporis
516 2161 570 2205 et
608 2151 882 2219 sanguinis
927 2148 1136 2203 Domini
1173 2147 1340 2201 nostri
1401 2146 1526 2201 Jesu
1577 2145 1774 2200 Christi

208 2245 456 2299 ordinem
476 2241 791 2296 teneret?llli
810 2241 1200 2308 responderunt
1221 2256 1232 2290 :
1257 2258 1272 2289 ι
1298 2238 1352 2291 ln
1380 2237 1546 2291 calice
1570 2236 1774 2290 Domini

210 2350 321 2388 non
353 2333 512 2387 debet
542 2331 712 2385 solum
768 2328 947 2384 oﬂ‘erri
990 2329 1197 2393 vinum,
1231 2328 1322 2382 sed
1360 2341 1498 2396 aqua
1534 2326 1771 2380 mistum.

212 2423 351 2477 Nam
377 2425 421 2476 si
448 2422 615 2475 solum
646 2420 825 2474 vinum
851 2418 1094 2483 oﬂ'ertur,
1119 2419 1336 2488 sanguis
1365 2417 1561 2472 Christi
1592 2417 1778 2485 incipit

210 2530 333 2567 esse
363 2513 476 2566 sine
504 2514 673 2565 nobis.
707 2513 772 2566 Et
803 2512 847 2565 si
875 2526 1009 2579 aqua
1038 2525 1168 2578 pura
1197 2508 1440 2573 oﬂ'ertur,
1471 2508 1583 2563 sola
1627 2508 1778 2578 plebs

213 2603 403 2672 incipit
439 2617 557 2656 esse
586 2603 698 2656 sine
729 2600 962 2655 Christo.
1005 2598 1230 2664 Quando
1273 2606 1557 2664 utrumque
1610 2596 1780 2649 admi-

214 2701 421 2755 scetur,
469 2690 519 2742 id
566 2699 676 2752 est,
710 2689 892 2741 vinum
927 2694 981 2739 et
1018 2701 1176 2754 aqua,
1219 2692 1344 2738 tunc
1383 2691 1777 2737 sacramentum

212 2780 496 2852 spirituale
550 2780 844 2848 perficitur.
896 2777 1112 2833 Oblatio
1162 2791 1290 2829 vero
1318 2791 1438 2843 qua:
1485 2775 1536 2826 in
1578 2773 1781 2827 sacriﬁ-

213 2870 361 2923 cium
417 2868 606 2921 altaris
654 2867 900 2932 oﬂ‘ertur,
949 2867 1151 2919 nullam
1207 2864 1635 2917 commistionem
1689 2872 1779 2915 aut

212 2957 614 3023 corruptionem
663 2955 908 3008 fermenti
957 2955 1114 3008 debet
1163 2953 1380 3013 habere.
1432 2953 1570 3006 sicut
1622 2953 1778 3006 beata

215 3050 368 3114 virgo
399 3046 561 3098 Maria
584 3047 785 3114 absque
807 3047 952 3100 omni
980 3046 1322 3113 corruptione
1355 3045 1628 3098 Christum
1656 3059 1780 3097 con-

213 3137 360 3204 cepit
385 3145 440 3189 et
483 3136 706 3204 peperit.
748 3137 880 3191 Hinc
923 3139 973 3189 in
1010 3135 1249 3190 Ecclesia
1299 3151 1415 3188 mos
1445 3136 1676 3187 obtinuit
1724 3144 1780 3186 ut

217 3224 548 3278 sacriﬁcium
571 3226 752 3277 altaris
779 3241 882 3278 non
919 3226 968 3277 in
995 3225 1168 3278 serico
1196 3232 1288 3276 aut
1311 3223 1360 3274 in
1391 3237 1565 3290 panno
1591 3223 1780 3282 tincto,
1812 3205 1853 3261 ε

214 3317 311 3370 sed
341 3316 391 3369 in
419 3316 526 3369 lino
557 3325 770 3369 terreno
796 3316 1122 3380 celebretur,
1158 3317 1295 3371 sicut
1334 3330 1531 3382 corpus
1571 3314 1779 3367 Domini

215 3403 321 3458 fuit
381 3405 432 3458 in
482 3405 705 3459 sindone
760 3405 953 3457 munda
1003 3406 1288 3474 sepultum.
1342 3405 1431 3459 Sic
1477 3414 1530 3457 et
1585 3403 1783 3457 oblatio

215 3491 414 3544 munda
457 3493 615 3545 debet
654 3507 771 3545 esse
802 3509 829 3544 a
855 3493 1141 3555 fermento,
1164 3493 1314 3560 juxta
1352 3496 1492 3562 quod
1529 3495 1580 3547 in
1619 3495 1784 3562 gestis

217 3580 617 3648 pontiﬁcalibus
656 3597 684 3633 a
723 3583 876 3634 beato
908 3582 1166 3636 Silvestro
1207 3583 1432 3650 legimus
1469 3598 1587 3636 esse
1615 3591 1781 3635 statu-

216 3681 350 3723 tum.
407 3689 424 3720 ι
475 3669 623 3724 Tunc
651 3671 846 3739 placuit
885 3672 1126 3740 piissimo
1162 3673 1384 3740 principi
1426 3672 1781 3725 Constantino

223 3762 339 3813 haec
392 3762 605 3814 traditio
651 3764 960 3830 apostolica:
1000 3764 1162 3816 sedis.
1213 3763 1348 3816 Ecce
1397 3763 1550 3816 istius
1590 3772 1643 3816 et
1689 3778 1781 3816 sex

217 3859 538 3901 exterarum
568 3851 892 3918 synodorum
925 3851 1170 3904 omnibus
1208 3851 1410 3903 sanctis
1452 3849 1701 3904 Patribus
1728 3859 1780 3902 et

218 3940 534 3992 orthodoxis
586 3941 1012 4007 imperatoribus,
1071 3956 1166 4008 per
1213 3941 1388 3992 omnia
1420 3940 1618 4008 placuit
1655 3941 1784 3994 ﬁdes

218 4036 274 4081 et
296 4029 518 4082 traditio
539 4030 843 4096 apostolica:
881 4029 1042 4082 sedis.
1072 4029 1134 4081 Et
1167 4039 1218 4081 ιιι
1252 4030 1341 4096 qui
1371 4044 1450 4091 es,
1475 4029 1557 4082 cui
1595 4029 1782 4096 displi-

221 4117 349 4170 cet?
389 4116 492 4169 Sed
535 4117 776 4170 volumus
823 4118 1006 4171 dicas:
1039 4119 1329 4171 Videturne
1373 4118 1460 4170 tibi
1491 4133 1784 4186 congruum

220 4217 282 4258 ut
305 4206 451 4259 onmi
486 4216 676 4274 quarta
700 4216 754 4259 et
786 4217 934 4260 sexta
967 4205 1099 4258 feria
1121 4204 1332 4274 jejunes
1369 4217 1586 4275 prepter
1615 4208 1782 4258 tradi-

219 4299 424 4353 tionem
453 4310 506 4351 et
535 4301 838 4366 passionem
869 4299 1090 4362 Christi,
1122 4310 1174 4352 et
1205 4309 1420 4368 propter
1458 4301 1784 4367 sepulturam

219 4388 373 4440 nullo
397 4387 650 4451 Sabbato,
693 4389 796 4441 nisi
833 4389 979 4441 uno?
1009 4389 1142 4441 Cum
1184 4405 1312 4456 ergo
1336 4389 1482 4442 omni
1514 4389 1784 4442 Dominica

215 4478 461 4533 cciebres
511 4480 974 4542 resurrectionem,
1026 4479 1277 4547 omnique
1302 4489 1493 4548 quarta
1540 4493 1594 4534 et
1633 4491 1782 4533 sexta

1877 626 1972 691 ipsi
2000 625 2220 678 Domino
2243 626 2364 678 Jesn
2390 638 2440 678 ct
2462 628 2716 694 apostolis
2737 629 2850 697 ejus
2873 629 3424 697 imputetistigmeuta.

1878 715 2029 770 Unde
2055 717 2416 775 nos.scicntcs
2441 726 2645 768 sextam
2676 718 2933 786 synodum
2956 719 3020 770 ad
3049 718 3427 771 destruendam

1874 809 2118 862 ilD‘l‘PSim
2176 809 2482 861 Grzccorum
2530 808 3027 872 Monothelitarum,
3083 825 3187 863 non
3252 820 3428 862 autem

1873 898 1938 948 ad
1971 898 2283 950 tradendum
2315 898 2570 950 Romanis
2606 913 2769 951 novas
2805 897 3164 953 institutiones
3207 915 3427 969 congre-

1874 995 2085 1053 gatam,
2139 989 2368 1053 capitula
2419 1003 2537 1056 quae
2585 989 2739 1042 nobis
2796 989 2894 1041 sub
2951 987 3064 1055 ejus
3112 992 3429 1044 auctoritate

1873 1075 2157 1142 opponitis,
2212 1077 2428 1128 omnino
2484 1077 2797 1140 reiutamus,
2847 1078 2971 1145 quia
3008 1079 3175 1142 prima
3214 1088 3266 1132 et
3297 1095 3426 1149 apo-

1873 1165 2057 1218 stolica
2090 1166 2265 1226 sedes,
2291 1181 2387 1217 nec
2418 1167 2699 1234 aliquando
2722 1181 2782 1219 ca
2808 1168 3032 1234 accepit,
3061 1184 3154 1221 nec
3183 1169 3431 1223 observat

1875 1254 2165 1314 hactenus;
2212 1265 2265 1307 et
2313 1255 2436 1321 quia
2485 1265 2576 1306 aut
2618 1266 2738 1307 sunt
2789 1257 2970 1318 nulla,
3024 1266 3133 1318 aut,
3169 1269 3225 1308 ut
3279 1263 3431 1312 vobis

1874 1341 2049 1402 libuit.
2100 1344 2387 1411 depravata
2439 1353 2580 1396 sunt.
2627 1344 2963 1412 Depravaslis
3003 1346 3227 1399 Joannis
3265 1350 3434 1417 Chry-

1873 1432 2096 1486 sostomi
2136 1445 2293 1499 atque
2321 1432 2562 1501 Gregorii
2603 1433 2829 1501 theologi
2872 1435 3202 1504 aliorumque
3250 1438 3437 1489 ortho-

1873 1524 2130 1576 doxorum
2164 1521 2380 1574 Patrum
2412 1524 2576 1585 dicta,
2619 1532 2673 1576 et
2700 1523 3014 1577 exhibuistis
3042 1525 3092 1578 in
3119 1529 3302 1579 eadem
3338 1542 3433 1596 sy-

1875 1613 2014 1666 nodo
2051 1621 2220 1665 sexta.
2268 1609 2465 1680 Nempe
2503 1628 2532 1664 a
2576 1612 2750 1681 prima
2787 1613 2989 1682 synodo
3027 1613 3233 1667 Nicrcna
3265 1631 3433 1684 usque

1876 1701 1940 1754 ad
1981 1702 2116 1754 hanc
2158 1711 2360 1754 sextam
2403 1703 2619 1754 trecenti
2669 1710 2722 1754 et
2762 1701 2989 1768 amplius
3027 1703 3149 1755 anni
3190 1705 3437 1758 dicuntur

1873 1791 2089 1844 evoluti.
2128 1791 2190 1843 Et
2227 1790 2494 1857 quomodo
2533 1791 2582 1843 in
2617 1789 2826 1843 Nicmna
2867 1799 2919 1844 et
2957 1790 3438 1860 reliquis-quatuor

1875 1884 2091 1954 synodis
2143 1882 2530 1935 universalibus
2581 1881 2719 1934 nulla
2766 1882 2962 1934 mentio
2999 1881 3056 1933 ﬁt
3094 1882 3158 1935 de
3197 1892 3302 1933 tam
3344 1898 3435 1935 ne-

1875 1974 2124 2027 cessariis
2153 1971 2344 2025 rebus?
2372 1969 2618 2036 Nunquid
2648 1984 2815 2036 usque
2850 1971 2915 2022 ad
2943 1979 3146 2023 sextam
3178 1974 3435 2039 synodum

1874 2063 2047 2117 erci
2078 2072 2130 2114 et
2157 2061 2331 2113 Latini
2363 2059 2622 2112 rationem
2654 2059 2827 2112 missa:
2859 2074 2920 2112 ac
2941 2057 3260 2125 jejuniorutn
3292 2059 3436 2127 igno.

1879 2161 2149 2216 raverunt,
2187 2160 2240 2205 et
2273 2165 2368 2219 per
2403 2161 2681 2204 sexcentos
2717 2159 2771 2203 et
2809 2150 3036 2218 amplius
3060 2165 3230 2204 annos
3261 2166 3288 2203 a
3319 2165 3439 2218 pas-

1875 2245 2024 2298 sione
2054 2241 2251 2297 Christi
2294 2241 2346 2294 in
2387 2239 2580 2292 talibus
2618 2240 2900 2291 errarunt?
2938 2239 3015 2290 An
3056 2238 3232 2292 forsan
3268 2238 3437 2292 Graeci

1876 2335 1988 2388 hac
2039 2340 2332 2395 novenmt,
2380 2341 2434 2383 et
2484 2329 2705 2382 Romani
2761 2329 3174 2398 ignoravcruut?
3224 2327 3327 2381 Sed
3373 2344 3440 2382 ex

1878 2425 2176 2478 Missalibus
2218 2423 2576 2474 Romanorum
2615 2418 2782 2481 libris,
2816 2419 2881 2471 ab
2905 2420 3048 2471 omni
3077 2418 3310 2471 Ecclesia
3341 2417 3442 2473 0c-

1879 2514 2123 2570 cidentali
2166 2513 2458 2580 antiquitus
2497 2511 2752 2574 receptis,
2794 2509 3068 2563 evidenter
3103 2509 3443 2578 cognoscitur

1878 2619 2036 2673 quam
2076 2603 2339 2656 rationem
2376 2597 2562 2667 jejunii
2603 2609 2652 2652 et
2694 2599 2870 2651 missa:
2908 2598 3192 2651 habuerint
3229 2598 3328 2650 sub
3362 2612 3444 2649 re-

1879 2693 2276 2748 verendissimis
2303 2690 2667 2757 pontiﬁcibus,
2709 2686 2968 2741 Silvestre
2999 2687 3200 2739 scilicet
3225 2695 3444 2738 auctore

1879 2784 2105 2838 Nicena:
2152 2781 2362 2851 synodi,
2409 2777 2620 2832 Gelasio
2669 2778 2982 2829 damuatore
3027 2777 3188 2828 vestri
3241 2776 3441 2835 Acacii,

1881 2873 2216 2939 maximeque
2243 2868 2502 2936 Gregorio
2532 2866 2760 2934 dialogo,
2798 2875 3071 2931 compatre
3109 2866 3445 2933 imperatoris

1882 2962 2131 3015 Mauritii.
2172 2961 2226 3013 In
2262 2959 2414 3026 cujus
2449 2959 2596 3011 libris
2629 2957 2926 3010 Missalibus
2956 2957 3128 3009 onmis
3160 2957 3273 3009 dies
3302 2956 3444 3019 Qua-

1881 3057 2193 3124 dragesimze
2222 3054 2382 3106 habet
2407 3052 2647 3120 specialis
2671 3053 2842 3104 missa:
2873 3052 3164 3120 plenarium
3191 3052 3444 3113 oﬁicium,

1882 3154 1958 3206 et,
1999 3154 2218 3209 excepta
2249 3142 2544 3204 Dominica,
2580 3141 2757 3194 nullus
2786 3142 2898 3195 dies
2924 3141 3039 3210 ejus
3069 3141 3224 3193 solvit
3261 3156 3443 3194 susce-

1888 3245 2031 3302 ptum
2067 3235 2344 3299 jejunium,
2376 3247 2533 3299 quam
2580 3232 2915 3284 traditionem
2947 3233 2989 3284 si
3026 3240 3282 3284 tentasset
3310 3246 3444 3299 papa.

1886 3324 2088 3392 Agatho
2125 3324 2458 3390 aliquatenus
2500 3337 2771 3374 removere
2801 3321 3070 3383 Romanis,
3100 3338 3205 3373 non
3234 3321 3444 3373 audire-

1886 3423 1972 3468 tur
1997 3415 2062 3466 ab
2083 3413 2179 3466 eis.
2209 3412 2361 3477 Quia,
2385 3413 2505 3464 licet
2524 3413 2633 3478 ipse
2658 3427 2880 3480 magnus
2908 3411 3190 3471 exstiterit,
3213 3410 3450 3479 praifatis

1887 3514 2060 3556 tamen
2093 3503 2460 3555 decessoribus
2491 3502 2601 3553 suis
2638 3501 2776 3554 sicut
2818 3510 3078 3566 tempore,
3121 3501 3189 3552 ita
3227 3501 3448 3553 scientia

1885 3599 1934 3643 et
1968 3592 2281 3644 auctoritate
2310 3592 2482 3642 minor
2512 3589 2628 3641 fuit.
2665 3589 3018 3654 Quamobrem
3046 3598 3203 3656 caput
3228 3604 3333 3656 quo
3360 3603 3448 3640 as-

1886 3681 2065 3733 seritis
2094 3695 2214 3732 eum
2244 3677 2608 3747 promulgasse
2637 3689 2691 3731 ut
2722 3679 2765 3731 si
2795 3680 2914 3745 quis
2937 3678 3162 3730 clericus
3187 3676 3454 3746 jejunaret

1888 3769 2178 3821 Sabbatum
2209 3777 2403 3833 praeter
2441 3784 2625 3828 unum,
2660 3767 3034 3835 deponeretur,
3065 3768 3232 3835 magis
3266 3767 3449 3818 dicen-

1886 3861 2008 3910 dtnn
2040 3867 2120 3910 est
2156 3856 2549 3909 Nazarenorum
2577 3871 2692 3909 esse
2717 3871 2873 3924 quam
2906 3855 3287 3922 apostolorum,
3311 3853 3450 3907 Che—

1887 3948 2009 4000 rinti
2039 3956 2092 4000 et
2129 3947 2378 3998 llebionis
2415 3961 2570 4013 quam
2613 3957 2775 4000 sextre
2815 3944 3001 4013 synodi
3041 3952 3095 3997 et
3131 3959 3279 4012 papa:
3309 3944 3450 4009 Aga-

1888 4036 2085 4088 thonis.
2127 4035 2222 4088 Cui
2262 4050 2389 4087 sane
2429 4035 2658 4101 capitulo
2692 4034 2910 4102 cpistola
2938 4033 3082 4086 Pauli
3114 4043 3294 4100 aperte
3321 4048 3452 4084 con-

1888 4125 2119 4186 tradicit,
2151 4123 2340 4189 ubi.ait
2365 4140 2377 4173 :
2408 4141 2424 4172 ι
2462 4121 2627 4175 Nemo
2651 4138 2742 4174 vos
2764 4123 2964 4190 judicet
2989 4123 3040 4174 in
3065 4123 3184 4174 cibo
3213 4131 3300 4172 aut
3327 4131 3450 4188 potu

1887 4223 1978 4266 aut
2006 4214 2055 4266 in
2093 4221 2244 4280 parte
2275 4213 2375 4265 diei
2406 4212 2543 4272 festi,
2576 4221 2630 4264 ct
2665 4213 2955 4265 neomenite
2995 4220 3049 4264 et
3073 4210 3450 4274 Sabbatornm,

1887 4317 2006 4370 quae
2031 4310 2155 4354 sunt
2177 4302 2362 4353 tnnbra
2395 4300 2713 4351 futurorum.
2751 4318 2769 4348 ι
2808 4299 2956 4352 Unde
2989 4299 3212 4352 Romani
3240 4300 3453 4367 proprio

1889 4389 2090 4443 auctori
2121 4399 2174 4443 et
2210 4390 2464 4455 magistro
2493 4391 2726 4456 gentium
2768 4389 2817 4440 in
2851 4387 2952 4440 ﬁde
2984 4396 3039 4440 et
3068 4389 3292 4440 veritate
3327 4391 3458 4442 obe-

1890 4481 2116 4539 dientes.
2150 4479 2275 4531 nulli
2321 4477 2552 4531 Sabbato
2582 4477 2773 4529 festum
2812 4476 2893 4529 vel
2923 4478 3090 4529 otium
3129 4478 3451 4545 dependunt.

222 4567 358 4620 feria
402 4566 613 4634 jejunes
659 4578 876 4634 propter
927 4568 1266 4621 traditionem
1310 4579 1364 4621 et
1399 4584 1640 4633 crucem;
1687 4585 1784 4623 cur
1815 4552 1863 4610 Ῑ)
1888 4571 2025 4623 sicut
2067 4583 2165 4622 nec
2207 4569 2505 4630 ncomenia,
2546 4567 2671 4635 quia
2711 4564 2956 4633 profecto
2982 4564 3202 4619 Judaica
3232 4575 3372 4624 sunt,
3404 4574 3457 4619 et

221 4671 329 4710 non
363 4664 418 4708 et
453 4656 598 4708 omni
641 4655 878 4709 Sabbato
923 4667 1139 4724 propter
1180 4658 1525 4726 sepulturam,
1559 4675 1678 4711 cum
1717 4660 1782 4711 de

219 4747 544 4801 celebrando
592 4746 825 4800 Sabbato
873 4747 1068 4799 nullam
1123 4748 1384 4800 rationem
1445 4756 1644 4809 teneas,
1682 4747 1784 4800 nisi

222 4852 386 4906 quam
429 4835 622 4898 Judaei,
663 4837 873 4889 SCilitel
913 4836 1036 4902 quia
1089 4837 1141 4888 in
1191 4851 1256 4889 eo
1302 4837 1564 4904 requievit
1614 4836 1786 4889 Deus?

220 4927 322 4993 Qui
349 4928 529 4996 utique
559 4925 809 4995 fatigatus
846 4942 948 4978 non
983 4936 1083 4990 est,
1123 4928 1286 4979 verbo
1310 4941 1500 4980 creans
1530 4926 1783 4995 quidquid

220 5019 414 5083 voluit,
467 5018 558 5071 sed
602 5019 653 5070 in
703 5019 803 5071 hoc
844 5027 1081 5070 nostram
1131 5019 1370 5085 requiem
1408 5017 1788 5087 pneﬁguravit.

224 5107 382 5174 Quod
420 5107 464 5160 si
507 5108 613 5158 uno
638 5106 876 5159 Sahbato
904 5107 953 5158 in
987 5114 1096 5170 toto
1125 5120 1267 5158 anno
1300 5104 1647 5171 jejunandum
1681 5115 1788 5167 est,

223 5206 447 5265 propter
501 5196 832 5263 sepulturam
884 5193 1113 5254 Christi,
1156 5207 1284 5261 ergo
1328 5201 1381 5245 et
1445 5208 1547 5244 una
1599 5201 1788 5259 quarta

223 5287 361 5340 feria
400 5296 615 5356 pr0pter
660 5284 1018 5346 traditionem,
1071 5292 1125 5337 et
1160 5298 1262 5335 una
1311 5290 1457 5334 sexta
1491 5281 1620 5332 feria
1661 5296 1785 5348 pro-

226 5387 348 5446 pter
412 5377 747 5443 passionem,
821 5375 872 5427 in
924 5381 1032 5426 toto
1086 5387 1226 5424 anno
1283 5379 1365 5424 est
1418 5370 1784 5438 jejunaudum.

232 5465 348 5520 lina
375 5479 586 5532 quoque
618 5464 892 5517 Dominica
933 5473 1149 5532 propter
1184 5463 1628 5516 resurrectionem
1651 5459 1791 5514 cclc-

229 5557 452 5608 branda.

304 5651 427 5704 XX.
479 5650 589 5703 Non
649 5660 824 5704 autem
878 5652 1071 5704 mirum
1139 5651 1182 5705 si
1228 5651 1489 5720 Agathoui
1547 5663 1695 5717 papae
1740 5657 1794 5700 et

237 5746 440 5796 sanctis
479 5736 721 5799 l’atribus
769 5748 934 5794 sexta!
966 5742 1151 5809 synodi
1183 5749 1358 5794 vestra
1399 5740 1668 5806 imputatis
1699 5737 1792 5790 de-

1884 4660 2066 4725 utique
2095 4658 2280 4710 umbra
2314 4657 2632 4710 futurorum.

1956 4746 2097 4801 XXI.
2118 4747 2284 4799 Porro
2309 4749 2447 4799 unde
2472 4748 2836 4812 acceperimus
2859 4747 3001 4800 onmi
3028 4748 3110 4798 die
3131 4745 3453 4814 jejuniorum

1887 4838 2175 4908 perfectam
2227 4840 2443 4890 missam
2493 4837 2688 4900 facere,
2735 4854 2894 4906 supra
2935 4840 3238 4890 curavimus
3278 4849 3454 4889 osten-

1889 4931 2054 4983 dere:
2085 4944 2180 4982 nec
2223 4930 2471 4981 timemus
2509 4941 2666 4996 caput
2705 4930 2844 4997 quod
2881 4930 3056 4982 dicitis
3093 4929 3452 4995 apostolorum

1894 5021 1958 5073 de
1983 5021 2063 5072 bis
2090 5019 2178 5086 qui
2212 5032 2317 5070 non
2356 5014 2712 5082 jejunaverint
2744 5019 3230 5086 Quadragcsimatn,
3262 5026 3452 5083 quarta

1894 5123 2105 5176 quoque
2139 5116 2188 5159 et
2230 5116 2380 5158 sexta
2420 5106 2571 5168 feria,
2601 5122 2726 5174 qua,
2766 5117 2984 5175 excepta
3026 5107 3337 5172 gravissima
3377 5105 3454 5155 in-

1895 5204 2169 5263 ﬁrmitate,
2208 5200 2435 5253 sollicite
2465 5202 2637 5252 cuncti
2672 5201 2970 5267 jejunantns
2996 5202 3180 5254 diebus
3214 5201 3454 5266 Quadra-

1893 5289 2126 5357 gesimze,
2149 5289 2281 5339 adeo
2304 5297 2358 5338 ut
2383 5288 2644 5338 interdum
2672 5288 2934 5340 decennes
2956 5303 3144 5354 pueros
3178 5288 3451 5339 nobiscum

1897 5378 2151 5428 faciamus
2183 5375 2455 5442 jejunare,
2494 5389 2591 5426 nec
2634 5375 2890 5428 solvimus
2929 5392 3020 5443 per
3058 5375 3286 5427 Sabbata
3323 5389 3456 5443 qua-

1893 5463 2298 5530 dragesitnaleln
2328 5463 2737 5525 abstinentiam,
2788 5479 2944 5529 quam
2993 5463 3246 5517 Dominus
3275 5474 3456 5517 noster

1894 5571 1997 5610 non
2025 5555 2182 5609 solvit
2215 5555 2265 5605 in
2293 5557 2642 5621 quadraginta
2668 5554 2852 5622 jejunii
2880 5556 2959 5606 sui
2987 5556 3190 5607 diebus.
3222 5554 3326 5607 Nec
3356 5556 3456 5607 solo

1894 5658 2140 5696 vetemus
2161 5643 2324 5695 etiam
2359 5659 2410 5695 In
2443 5644 2527 5695 die
2560 5645 2856 5706 Dominica,
2884 5642 3328 5711 quemadmodum
3358 5659 3455 5696 nec

1898 5734 2029 5800 ipse,
2061 5730 2160 5783 nisi
2191 5745 2300 5799 prze
2337 5732 2528 5800 gaudio
2567 5733 2974 5787 resurrectionis
3003 5730 3114 5797 ejus
3152 5731 3252 5784 hoc
3291 5732 3451 5784 inter-
