4190 6458
1852 389 2262 454 llUMBERTl
2311 387 2373 448 S.
2414 390 2482 451 li.
2510 389 2585 450 E.
2626 386 3088 448 CARDINALIS

3908 387 4035 448 1032

786 523 1012 582 aibat
1034 522 1104 577 ab
1126 515 1282 574 initio
1315 518 1554 571 omnium
1577 514 1965 571 catltoiicorum
1993 510 2214 564 Patrum
2242 521 2364 562 sen-
2395 508 2436 564 Α
2467 502 2632 555 dium.
2676 501 2785 556 Nec
2810 500 3158 554 dubitandum
3207 500 3258 552 iu
3289 501 3758 570 quantulacunque
3803 511 4038 572 portione

787 596 978 673 satis.
1010 597 1178 665 etiam
1219 619 1342 661 cum
1377 605 1743 675 anathemate.
1787 601 1935 669 Quos
1979 599 2148 655 secuti
2189 596 2360 651 sancti

790 700 980 756 Patres
1001 695 1334 766 Cangreusis
1367 694 1580 749 concilii
1617 693 1912 749 dixerunt:
1951 709 1971 742 ι
2005 688 2062 744 Si
2099 689 2221 756 quis
2257 700 2361 740 non

788 789 1090 858 diiudica»
1118 786 1262 858 diem
1285 782 1644 849 Dominicam,
1670 780 1994 852 jejunaverit
2021 789 2274 847 tanquam
2309 776 2362 830 in

790 877 908 946 aias
932 881 1264 944 contemptu,
1291 871 1580 926 anathema
1610 871 1700 926 sit.
1733 889 1752 922 ι
1785 869 1887 936 Ubi
1925 878 2072 925 certe
2107 867 2247 922 sicut
2283 865 2362 919 eis

788 974 1114 1022 attestantur
1135 975 1327 1017 muses
1355 959 1650 1018 autentltici
1682 959 1825 1023 libri,
1858 974 1962 1014 non
1992 955 2364 1012 contradicunt

784 1057 985 1126 jejunio
1011 1052 1254 1117 Sabbati,
1282 1043 1377 1107 sed
1405 1050 1697 1105 Dominicc
1723 1049 1851 1104 diei.

856 1142 1023 1201 XIII.
1061 1139 1189 1207 Sed,
1239 1155 1273 1195 o
1316 1139 1518 1210 perllde
1564 1138 2004 1200 Stercorianista,
2060 1134 2150 1204 qui
2205 1141 2362 1202 putas

789 1237 929 1293 ﬁdeli
983 1231 1394 1304 participatione
1440 1231 1680 1297 corporis
1725 1239 1780 1284 et
1825 1227 2101 1296 sanguinis
2151 1224 2360 1280 Domini

785 1319 1273 1394 quadragesimalia
1304 1329 1466 1395 atque
1494 1319 1859 1373 ecclesiastica
1890 1316 2104 1370 dissolvi
2135 1313 2357 1384 jejunia,

783 1414 1005 1468 omnino
1031 1411 1256 1467 credens
1281 1409 1556 1465 cmicstem
1589 1418 1766 1465 ucam
1797 1415 1942 1461 vetut
1971 1415 2239 1460 terrenam
2267 1417 2362 1470 per

783 1501 1066 1574 aqualiculi
1096 1500 1314 1554 fetidam
1343 1508 1398 1553 ct
1425 1498 1695 1576 sordidam
1722 1497 2052 1566 egestionem
2089 1494 2142 1546 in
2179 1505 2357 1545 seces-

781 1607 902 1648 sum
943 1591 1169 1651 dimitti,
1219 1590 1377 1658 plane
1420 1589 1587 1643 sentis
1616 1602 1736 1641 cum
1770 1587 1919 1640 Ario.
1964 1585 2064 1652 Qui
2111 1599 2232 1638 cum
2264 1598 2360 1650 pro

783 1683 905 1739 aliis
931 1681 1280 1751 blasphemiis
1309 1681 1361 1734 iu
1387 1679 1582 1733 Filium
1611 1677 1734 1738 Dei,
1777 1684 1886 1729 tum
1917 1675 2079 1729 etiam
2107 1688 2207 1741 pro
2233 1673 2356 1734 ista,

782 1773 990 1828 lorcam
1025 1770 1273 1840 delapsus
1314 1770 1368 1822 in
1409 1777 1607 1830 atram,
1649 1767 1943 1822 visceribus
1989 1765 2123 1818 fusis
2159 1779 2359 1817 vacuus

782 1875 994 1933 quoque
1025 1869 1210 1914 ventre
1262 1858 1544 1913 remansit.
1593 1857 1659 1911 Et
1707 1855 1796 1917 ubi
1845 1864 1929 1911 est
1977 1854 2227 1910 Salvator
2267 1854 2357 1922 qui

781 1951 916 2006 dans
951 1950 1233 2020 discipulis
1268 1965 1461 2020 panem
1499 1963 1531 2001 a
1568 1962 1626 2002 se
1661 1947 2001 2001 benedictum
2041 1954 2093 1998 et
2128 1943 2356 1998 fractum

778 2041 918 2096 dixit
949 2055 985 2108 ,ε
1045 2059 1066 2092 t
1118 2041 1358 2109 Accipite
1408 2047 1464 2093 et
1518 2038 1825 2100 comedite,‘
1881 2038 1983 2090 hoc
2033 2047 2116 2089 est
2163 2049 2356 2101 corpus

779 2131 995 2187 meum?
1037 2149 1058 2184 ι
1093 2130 1308 2200 (Matth.
1353 2145 1500 2193 sava,
1529 2128 1643 2197 26.)
1673 2127 1744 2181 ln’
1776 2141 1883 2194 quo
1922 2126 2052 2194 quid
2099 2124 2353 2184 traderet,

778 2221 901 2276 alibi
933 2220 1062 2276 dicit
1089 2236 1108 2274 ξ
1143 2241 1161 2270 ι
1199 2220 1359 2275 Panis
1387 2235 1544 2288 quem
1581 2211 1926 2288 ego'dedero,
1953 2230 2084 2271 caro
2107 2231 2224 2270 mea
2253 2223 2352 2277 est,

778 2299 876 2379 pro
905 2307 1087 2362 mundi
1132 2309 1241 2362 vita
1287 2307 1467 2377 (Joan.
1511 2323 1593 2369 vr,
1636 2306 1770 2373 52):
1814 2324 1832 2357 ι
1873 2313 1955 2368 et;
2000 2322 2018 2354 t
2056 2303 2198 2358 Caro
2236 2310 2353 2359 mea

777 2412 905 2453 vere
938 2405 1024 2451 est
1077 2397 1260 2461 cibus,
1300 2404 1354 2450 et
1421 2395 1639 2463 sanguis
1696 2408 1845 2446 meus
1891 2405 2019 2445 vere
2059 2400 2144 2446 est
2203 2401 2356 2461 potus

777 2487 962 2560 (locis.
999 2505 1080 2552 vn
1119 2487 1232 2558 56).
1271 2507 1293 2541 s
1328 2487 1606 2554 Quomodo
1637 2484 1832 2538 verus?
1857 2483 1990 2549 Quia
2031 2502 2049 2533 ι
2087 2484 2177 2551 qui
2211 2499 2349 2538 utan.

776 2578 938 2632 ducat
967 2591 1187 2633 carnem
1220 2586 1418 2639 meam,
1447 2584 1501 2628 et
1531 2574 1666 2627 bibit
1689 2573 2001 2640 sanguinem
2031 2583 2228 2633 meum,
2263 2575 2356 2624 ba.

773 2665 866 2722 bet
893 2667 1057 2721 vitam
1094 2677 1348 2720 aeternam
1370 2665 1559 2735 (han.
1591 2678 1663 2721 vi.
1694 2662 1803 2730 55).
1840 2683 1857 2712 ι
1893 2661 1958 2715 Et
1989 2659 2112 2730 qua:
2137 2670 2220 2713 est
2248 2662 2352 2712 vita

773 2760 1008 2812 eterna?
1058 2754 1258 2824 Nempe
1303 2754 1549 2810 Christus
1595 2752 1768 2814 Iesus,
1823 2753 1963 2805 sicut
2009 2751 2122 2818 ipse
2169 2747 2302 2803 dicit
2329 2755 2352 2802 δε

779 2861 800 2894 ι
838 2843 947 2913 Ego
982 2859 1099 2898 sum
1129 2845 1236 2904 via,
1273 2843 1473 2897 veritas
1501 2852 1557 2895 et
1596 2841 1702 2894 vita
1729 2839 1909 2909 (Joan.
1939 2853 2050 2902 xlv,
2084 2838 2160 2907 ϐ).
2198 2857 2217 2890 ι
2251 2838 2352 2905 Qui

772 2945 902 3003 ago
930 2946 1124 3002 panem
1152 2933 1244 2984 Dei
1274 2931 1583 2993 manducat,
1612 2941 1828 2984 carnem
1857 2927 1947 2982 Dei
1977 2927 2174 2982 Christi
2205 2943 2356 2982 man-

775 3021 953 3076 ducat.
995 3021 1096 3088 Qui
1124 3029 1304 3076 autem
1340 3034 1556 3073 carnem
1593 3019 1708 3093 ejus
1744 3017 2053 3081 manducat,
2083 3017 2353 3073 Christum

774 3112 1092 3176 manducet;
1141 3110 1232 3179 qui
1284 3109 1558 3170 Christum
1612 3109 1926 3172 manducat,
1973 3108 2354 3176 proculdubio

774 3202 940 3256 vitam
970 3209 1228 3256 aeternam
1270 3200 1578 3254 manducat.
1611 3198 1772 3268 Ergo,
1807 3213 1839 3251 ο
1865 3195 2088 3266 pestifer
2111 3197 2232 3252 leno
2261 3213 2353 3250 an-

775 3292 910 3361 tiq’ui
941 3291 1229 3360 serpentis,
1258 3291 1350 3359 qui
1378 3291 1593 3345 conaris
1633 3289 1830 3343 astutia
1881 3297 1968 3342 tua
2007 3303 2354 3356 corrumpere

773 3398 966 3438 sensus
987 3382 1191 3437 Christi
1220 3396 1452 3450 sponsa,
1483 3395 1603 3450 quae
1627 3390 1710 3434 est
1751 3378 2016 3442 Ecclesia,
2060 3387 2119 3431 ut
2143 3378 2354 3432 excida-

774 3482 863 3526 tur
888 3487 917 3525 a
947 3471 1211 3526 cbaritate
1241 3472 1375 3526 tanti
1417 3479 1474 3524 et
1520 3471 1641 3524 talis
1673 3469 1890 3538 sponsi,
1928 3468 2104 3524 credis
2140 3483 2236 3522 nos
2279 3469 2354 3521 vi-

775 3570 882 3614 tam
923 3560 1384 3634 incorruptibilem
1425 3559 1789 3626 comedentes,
1836 3572 2182 3624 corrumpere
2222 3558 2354 3610 inte-

771 3649 1022 3718 gritatem
1043 3648 1394 3718 jejuniorum,
1424 3647 1571 3702 velut
1612 3647 1795 3716 aliquo
1824 3646 1945 3701 cibo
1975 3645 2354 3714 corruptibili?

718 3726 727 3734 ’
844 3737 1030 3793 XXIII.
1074 3738 1366 3793 Horremus
1389 3737 1606 3806 quidem
1631 3737 1833 3800 dicere,
1864 3736 1957 3790 sed
1985 3735 2355 3804 compellimur

773 3844 804 3884 a
829 3839 920 3884 tua
954 3829 1248 3894 impudenti
1277 3828 1640 3898 improbitate.
1673 3826 1898 3882 Conaris
1927 3826 2219 3889 Christum,
2247 3828 2354 3880 imo

771 3917 945 3989 Ipsam
991 3918 1154 3972 vitam
1197 3933 1293 3988 per
1321 3917 1675 3988 digestionem
1721 3918 1862 3972 sicut
1902 3931 2115 3970 caenum
2154 3917 2352 3970 olidtnn

773 4007 1060 4062 demittere
1079 4007 1131 4059 in
1163 4004 1436 4059 latrinam.
1470 4005 1535 4060 Et
1563 4005 1650 4059 ubi
1681 4014 1782 4067 est,
1819 4007 1958 4074 quod
1985 4004 2119 4058 dixit
2152 4023 2162 4057 :
2196 4023 2213 4055 ε
2250 4005 2350 4070 Qui

775 4097 1067 4150 manducat
1085 4109 1303 4150 carnem
1327 4111 1524 4160 meatu,
1553 4105 1609 4150 et
1641 4097 1772 4150 bibit
1793 4096 2115 4164 sanguinem
2147 4109 2348 4159 meum,

773 4185 831 4242 in
857 4201 942 4242 me
966 4196 1165 4250 manet,
1196 4197 1250 4241 et
1272 4201 1371 4257 ego
1394 4189 1446 4240 in
1469 4188 1612 4241 eoin
1639 4189 1818 4255 (Joan.
1848 4203 1925 4252 vt,
1953 4187 2067 4256 57.)
2089 4187 2220 4242 Siue
2246 4202 2352 4257 qua

774 4276 1072 4334 refectione
1096 4277 1222 4347 quia
1247 4292 1350 4332 non
1383 4277 1614 4331 habetur
1642 4279 1767 4340 vita,
1806 4279 1914 4345 ipsa
1945 4279 2083 4342 Vita,
2115 4292 2237 4347 quas
2269 4289 2352 4333 est

772 4366 1041 4430 Christus,
1080 4366 1232 4436 quasi
1270 4367 1511 4435 quodam
1533 4367 1884 4436 jurejurando
1909 4376 2236 4435 protestatur
2272 4368 2348 4421 di-

2465 589 2582 656 ejus
2631 588 2816 645 fideles
2867 585 3193 643 manducare
3261 589 3361 644 sibi
3412 598 3577 644 totam
3629 593 3816 656 vitam,
3870 595 3921 649 id
3964 611 4040 650 est

2466 680 2738 734 Christum
2757 719 2784 753 ,_>
2805 680 3049 735 infideles
3080 689 3259 734 autem
3288 687 3547 744 mortem,
3580 682 3631 735 id
3657 691 3760 746 est,
3781 684 4041 753 judiciurn

2466 785 2644 834 suum,
2675 751 2858 838 utpote
2885 769 2976 839 qui
3007 771 3081 823 rei
3114 771 3249 822 bunt
3280 769 3526 838 corporis
3555 779 3609 823 et
3634 751 3911 843 sanguine
3946 775 4040 828 Do-

2465 859 2615 912 mini.
2669 857 2867 912 Deinde
2909 859 3150 927 quotidie
3190 859 3304 912 sive
3347 858 3523 921 tertia,
3569 859 3680 913 sive
3724 877 3888 924 nona,
3934 867 4041 918 slve

2465 959 2783 1015 quacunque
2818 947 2946 1000 hora
2977 946 3071 1000 fiat
3103 963 3129 1000 a
3160 947 3312 1000 nobis
3351 948 3534 1010 missa,
3572 964 3674 1000 non
3706 950 3764 1002 fit
3791 952 3896 1005 nisi
3928 970 4040 1021 pcr-

2466 1038 2622 1092 fecta.
2656 1035 2767 1090 Nec
2791 1046 3099 1091 reservatur
3119 1052 3188 1090 ex
3215 1037 3486 1091 oblatione
3526 1036 3642 1104 ejus
3685 1054 3810 1106 pars
3842 1041 4039 1109 al.qu.-,

2465 1136 2520 1180 ut
2554 1142 2650 1196 per
2677 1128 2792 1183 dies
2829 1129 3066 1197 quinque
3093 1137 3286 1197 agatur
3331 1127 3492 1181 missa
3527 1127 3861 1194 itnpetfecta.
3908 1134 4038 1199 Quia

2464 1233 2564 1272 nec
2592 1219 2764 1273 sancti
2798 1217 3020 1287 apostoli
3048 1217 3300 1287 leguntur
3330 1207 3623 1287 quidduam
3653 1235 3716 1273 ex
3752 1221 3844 1275 illo
3874 1228 4036 1290 primu

2463 1308 2706 1376 corporis
2730 1318 2784 1362 et
2812 1309 3090 1378 sanguinis
3110 1309 3307 1362 Christi
3338 1311 3594 1378 mysterio
3621 1310 3718 1363 sub
3745 1312 3856 1379 ipsa
3887 1330 4036 1368 εαξη.

2464 1397 2751 1453 distributo
2777 1411 3113 1459 reservasse,
3158 1413 3253 1450 nec
3285 1407 3436 1451 actus
3465 1415 3651 1451 eorum
3682 1401 3920 1455 indicant
3950 1423 4038 1456 eos

2463 1489 2751 1556 aliquando
2778 1489 2880 1542 tale
2907 1489 3035 1558 quid
3060 1489 3233 1557 egisse
3281 1497 3372 1540 aut
3403 1491 3741 1558 praecepisse.
3769 1491 4032 1556 Quinime.

2462 1577 2600 1631 sicut
2631 1577 2802 1631 Lucas
2831 1585 3016 1630 narrat
3046 1594 3058 1628 :
3099 1594 3115 1624 ι
3152 1576 3316 1628 Erant
3345 1575 3528 1631 fideles
3555 1588 3958 1645 perseverantes
3980 1583 4030 1633 in

2462 1666 2704 1720 doctrina
2738 1665 3102 1734 apostolorum
3133 1673 3188 1718 et
3230 1667 3720 1722 communicatione
3763 1668 4033 1725 fractionit

2463 1755 2616 1822 panis
2641 1753 2779 1823 (Act.
2809 1770 2869 1813 tt.
2897 1754 3010 1824 η).
3046 1773 3064 1805 ι
3108 1753 3237 1820 Qua.-
3273 1755 3694 1811 communicatio
3723 1757 3955 1824 qualiter
3986 1772 4033 1815 et

2396 1825 2435 1882 Β
2459 1849 2655 1916 quibus
2670 1847 2857 1902 diebus
2879 1847 3051 1910 fleret,
3083 1856 3203 1915 post
3229 1862 3397 1914 pauca
3428 1847 3782 1912 demonstrat,
3813 1849 4027 1904 dicens.-

2461 1958 2482 1989 ‹
2520 1939 2770 2005 Quotidie
2815 1948 3224 2006 perseverantes
3263 1933 3590 1991 unanimiter
3627 1940 3679 1992 in
3729 1941 3948 2009 templo,
3986 1953 4034 1995 ct

2459 2025 2770 2096 frangentes
2789 2027 2931 2080 circa
2954 2027 3142 2080 domos
3163 2040 3352 2095 panem
3375 2027 3662 2082 sumebant
3677 2027 3865 2097 (1654.,
3883 2029 3988 2100 46).
4012 2053 4027 2081 ι

2459 2117 2595 2171 Ecce
2626 2132 2784 2177 verax
2813 2117 3140 2186 evangelista
3176 2125 3406 2171 testatur
3445 2119 3546 2172 sub
3571 2120 3829 2188 apostolis
3861 2120 4034 2175 fideles

2447 2207 2697 2276 quotidie
2723 2221 2910 2261 orasse
2940 2217 2993 2261 et
3021 2221 3212 2275 panem
3255 2206 3501 2276 frt'gisse.
3537 2209 3601 2263 Et
3624 2223 3740 2274 vos,
3768 2211 3859 2278 qui
3888 2215 4031 2271 estis,

2458 2297 2548 2364 qui
2585 2295 2764 2350 dicitis
2805 2295 3014 2350 duobus
3051 2305 3257 2350 tantum
3297 2298 3484 2353 diebus
3525 2300 3877 2354 hebdomadis
3918 2303 4035 2354 mis-

2457 2401 2570 2438 sam
2601 2383 2894 2453 perfectam
2944 2385 3060 2439 fieri
3105 2386 3329 2450 debere,
3381 2388 3600 2455 reliquis
3647 2403 3775 2442 vero
3806 2391 4032 2459 quinque

2460 2473 2866 2542 imperfectam?
2900 2473 3102 2543 Nempe
3131 2474 3217 2528 hic
3248 2475 3299 2528 itt
3335 2477 3489 2542 panis
3520 2477 3782 2532 fzactioue
3807 2493 3862 2532 et
3897 2495 4035 2534 com-

2459 2563 2841 2627 municatione,
2892 2579 2999 2616 non
3056 2565 3158 2618 nisi
3203 2563 3493 2632 perfectam
3543 2567 3813 2623 acticnetn
3863 2569 4036 2624 missa:

2457 2650 2715 2705 debemus
2748 2651 3014 2719 accipere,
3051 2653 3501 2719 quemadmodum
3544 2664 3599 2707 et
3638 2656 3814 2723 ipsum
3863 2656 4038 2710 Domi-

2457 2757 2584 2796 num
2613 2741 2861 2811 legimus,
2892 2756 2997 2795 non
3021 2741 3420 2811 imperfectam,
3446 2744 3540 2797 sed
3569 2743 3868 2812 perfectam
3890 2761 4036 2802 cont.

2457 2835 2898 2888 memorationem
2943 2835 3056 2889 suis
3095 2833 3374 2902 discipulis
3404 2837 3711 2899 tradidisse,
3750 2836 3804 2890 in
3842 2852 3982 2906 pane
4007 2856 4034 2892 a

2455 2941 2515 2982 se
2541 2926 2831 2994 benedictq
2852 2935 2907 2980 et
2942 2941 3066 2980 mox
3098 2925 3272 2980 fracto
3311 2937 3365 2979 et
3395 2926 3703 2981 distributo.
3747 2926 3866 2982 Non
3897 2931 4034 2984 enim

2457 3014 2723 3071 benedixit
2756 3024 2962 3070 tantum
2989 3024 3044 3068 et
3083 3015 3704 3086 servavit‘fmngentlum
3755 3017 3808 3070 in
3850 3023 4034 3072 crasti-

2459 3122 2609 3170 nutn,
2637 3121 2737 3160 nec
2764 3105 2922 3175 fregit
2948 3115 3154 3159 tantum
3183 3115 3238 3160 et
3262 3107 3522 3174 reposuit,
3552 3107 3643 3160 sed
3673 3106 3907 3162 fraetum
3935 3119 4038 3163 sta-

2461 3195 2553 3247 tim
2602 3180 2891 3248 distribuit.
2945 3192 3095 3248 Unde
3145 3195 3332 3247 beatus
3374 3193 3682 3248 Alexander
3729 3207 3940 3266 martyr
3987 3209 4035 3250 et

2457 3301 2593 3355 papa
2627 3286 2663 3338 ν
2695 3285 2762 3338 ab
2799 3284 3038 3353 apostolo
3075 3283 3262 3350 Petro,
3296 3286 3598 3354 passionem
3640 3289 3854 3342 Domini
3902 3290 4036 3343 inso-

2459 3380 2583 3427 retrs
2600 3374 2796 3428 canoui
2840 3373 3036 3436 missae,
3071 3389 3174 3427 non
3209 3375 3324 3427 ait:
3358 3375 3470 3429 Hoc
3507 3377 3940 3446 quotiescunque
3969 3378 4034 3432 fe-

2455 3463 2658 3525 ceritis,
2684 3463 2774 3516 sed
2804 3479 2824 3513 t
2857 3461 2978 3517 Haec
3000 3463 3423 3532 quotiescunque
3449 3464 3707 3529 feceritis,
3742 3468 3792 3521 id
3817 3479 3924 3530 est,
3952 3471 4039 3522 be-

2457 3554 2790 3615 nedixeritis,
2822 3553 3093 3623 frcgeritis
3114 3563 3168 3608 et
3192 3555 3598 3619 disttibueritis,
3627 3557 3678 3610 in
3712 3559 3817 3612 mei
3843 3573 4035 3612 memo-

2459 3643 2592 3696 riam
2619 3642 2846 3707 facietis,
2878 3660 2897 3693 ›
2933 3643 3054 3711 quia
3085 3643 3360 3712 quodlibet
3395 3645 3585 3698 borum
3627 3646 3810 3710 trium,
3847 3648 3892 3702 si
3931 3649 4035 3701 sine

2455 3736 2676 3804 reliquis
2720 3737 2831 3797 ﬂat,
2881 3736 3088 3790 scilicet
3132 3737 3434 3791 benedictio
3478 3739 3593 3791 sine
3640 3738 4032 3801 distributione,

2457 3834 2548 3878 aut
2591 3826 2784 3879 fractis
2823 3827 2940 3879 sine
2981 3827 3356 3882 benedictione
3398 3837 3454 3880 et
3495 3829 3897 3891 distributione,
3925 3843 4014 3897 per

2453 3915 2649 3967 fectatn
2690 3915 2891 3969 Christi
2940 3917 3255 3969 memoriam
3299 3931 3402 3968 non
3451 3926 3861 3984 repraesentant,
3904 3918 4035 3970 sicut

2455 4007 2762 4061 distributio
2785 4007 2927 4060 nulla
2951 4007 3067 4060 sine
3090 4007 3462 4061 benedictione
3491 4014 3547 4060 et
3575 4005 3864 4059 fractionc.
3889 4006 4031 4072 Quod

2457 4107 2634 4150 autem
2662 4099 2902 4166 quotidie
2928 4106 2982 4152 et
3007 4107 3388 4167 quotacunque
3418 4099 3546 4152 hora
3574 4098 3702 4162 diei,
3728 4113 3835 4152 non
3861 4109 4030 4151 autem

2455 4189 2565 4242 sola
2597 4189 2751 4242 tertia
2792 4187 3084 4257 perfectam
3131 4189 3350 4242 missam
3391 4189 3621 4257 agimus,
3659 4189 4032 4242 auctoritatem

2457 4287 2699 4331 tenemus
2728 4291 2795 4330 ex
2832 4278 3007 4332 verbis
3037 4278 3206 4346 ipsius
3235 4278 3445 4332 Domini
3469 4277 3624 4344 juxta
3656 4278 3874 4332 beatum
3897 4277 4031 4331 Pau-

2454 4368 2561 4420 lum
2592 4368 2854 4421 dicentis:
2887 4386 2905 4417 t
2933 4368 3045 4422 lloc
3077 4367 3233 4420 facite
3263 4369 3687 4435 quotiescunque
3723 4367 3960 4430 sumitis,
3985 4365 4031 4418 in

774 4469 945 4512 ecus:
975 4475 992 4508 ι
1019 4455 1213 4522 Amen,
1246 4470 1402 4509 amen
1427 4456 1548 4510 dico
1571 4447 1736 4515 vobis.
1767 4457 1867 4509 nisi
1891 4457 2342 4511 manducaveritis
2374 4467 2420 4525 ι)
2448 4471 2622 4511 meam
2661 4457 3226 4510 commemorationem
3269 4455 3322 4519 (f
3361 4455 3485 4508 Cor.
3533 4470 3620 4518 xt,
3656 4455 3772 4524 25).
3813 4475 3833 4508 ι
3884 4455 4027 4511 Unde

773 4558 993 4600 carnem
1006 4546 1123 4600 Filii
1139 4545 1460 4608 hominis,et
1481 4545 1723 4599 biberitis
1743 4545 1859 4613 ejus
1879 4547 2219 4616 sanguinem,
2243 4559 2349 4599 non

777 4636 1042 4690 habebitis
1055 4635 1219 4688 vitam
1237 4635 1286 4687 in
1303 4624 1659 4703 vobis(rbid.,
1695 4633 1807 4701 54).
1831 4655 1849 4686 ι
1873 4633 2120 4704 Nunquid
2152 4637 2237 4690 hic
2271 4637 2348 4690 di-

777 4723 896 4779 xit:
938 4724 994 4777 Si
1033 4723 1488 4777 manducaveritis
1526 4737 1743 4776 carnem
1793 4738 1966 4778 meam
2010 4734 2064 4778 et
2108 4725 2350 4780 biberitis

775 4813 1089 4883 sanguinein
1122 4824 1333 4874 meum,
1364 4811 1671 4866 dissolvetis
1700 4811 1999 4878 jejunium?
2041 4814 2106 4868 Et
2144 4809 2358 4868 utinaia-

777 4903 878 4956 hoc
905 4901 1018 4955 solo
1042 4909 1403 4963 sacramento,
1427 4915 1531 4952 non
1555 4901 1618 4954 ad
1631 4900 1897 4969 judicium
1921 4913 2181 4967 nostrum,
2204 4909 2347 4960 omni

777 4991 909 5046 hora
942 4988 1314 5044 reﬂecremurl
1356 4987 1463 5044 Sed
1492 4991 1616 5057 quia
1659 4995 2266 5061 corporecorruptibiii,
2299 5006 2348 5049 et

779 5080 942 5136 uimia
977 5079 1188 5134 miseria
1219 5079 1564 5132 conscientia:
1593 5087 1790 5133 nostrae
1816 5084 2044 5150 gravati,
2069 5084 2230 5137 etiam
2259 5089 2348 5139 bo-

778 5187 906 5226 uum
938 5183 1175 5225 nostrum
1209 5170 1492 5239 nequimus
1527 5167 1768 5235 sufferre,
1807 5186 1835 5224 a
1868 5173 2068 5231 sanctis
2101 5171 2349 5230 Patribus

779 5272 942 5318 certa!
990 5261 1057 5316 ad
1093 5260 1490 5331 percipiendum
1531 5270 1735 5314 tantum
1782 5270 2176 5315 sacramentum
2217 5278 2348 5332 pra:-

781 5353 900 5408 πω
929 5363 1054 5409 sunt
1093 5353 1256 5408 hora.
1292 5352 1444 5419 QuOd
1477 5368 1542 5409 ne
1583 5354 1807 5408 vilescat
1834 5354 2157 5418 carnalibus,
2199 5364 2253 5410 et
2296 5357 2346 5408 in

778 5447 1122 5516 percipiendo
1143 5459 1321 5502 escam
1345 5445 1566 5517 spiritus
1591 5446 1989 5500 submurmuret
2016 5445 2208 5514 aliquis
2232 5461 2349 5499 car-

779 5539 865 5590 nis
890 5537 1174 5605 appetitus,
1209 5551 1333 5590 cum
1376 5549 1583 5589 summa
1627 5535 1888 5603 parcitate
1929 5541 2341 5604 prmgustamus;

781 5627 959 5680 videre
996 5627 1364 5680 tantummodo
1390 5625 1666 5720 cupientes
1703 5641 1862 5695 quam
1909 5630 2090 5679 suavis
2129 5637 2211 5680 est
2249 5627 2346 5680 Do—

782 5720 976 5777 minus,
1004 5717 1154 5779 cujus
1183 5718 1333 5780 panis
1365 5716 1632 5781 nou'vult,
1661 5717 1816 5770 sicuti
1850 5731 1947 5770 nec
1974 5731 2166 5770 manna
2198 5716 2341 5771 fasti-

2454 4564 2576 4600 ntox
2613 4547 2751 4602 idem
2779 4546 3066 4616 Apostolus
3095 4557 3312 4601 secutus
3339 4545 3536 4614 adjecit
3565 4564 3576 4599 :
3619 4564 3638 4595 t
3676 4544 4028 4610 Quotiescun-

2452 4653 2556 4706 que.
2599 4637 2991 4692 manducabitis
3032 4648 3242 4706 panem'
3270 4638 3412 4691 hunc
3453 4647 3508 4691 et
3552 4637 3774 4691 calicem
3821 4637 4029 4695 bibetis,

2455 4736 2679 4779 mortem
2714 4727 2920 4778 Domini
2953 4726 3343 4780 annuutiabitts
3367 4726 3556 4794 (lbid.,
3583 4725 3696 4791 26).
3733 4745 3748 4774 ι
3780 4725 3844 4777 Et
3867 4737 4027 4792 quan-

2452 4816 2580 4869 diu?
2614 4816 2782 4868 Donet:
2813 4817 2980 4868 venint
3011 4815 3198 4885 (fbid.)
3235 4831 3249 4868 :
3291 4815 3501 4868 scilicet
3533 4817 3781 4883 judicare
3809 4816 3958 4866 virm
3987 4823 4034 4862 t-t

2453 4914 2711 4958 mort'tos.
2757 4902 2990 4956 Putasne
3029 4904 3223 4957 alicubi
3256 4905 3454 4958 dixerit
3491 4921 3504 4956 :
3548 4903 3657 4957 Hoc
3697 4903 3862 4956 facite
3909 4903 4030 4954 hora

2454 4994 2608 5044 tertia
2644 4993 2694 5045 in
2729 5006 2900 5044 meam
2933 4994 3535 5047 commemorationem?
3565 4991 3679 5045 Non
3711 4994 3922 5060 utique,
3944 4988 4031 5042 sed

2452 5081 2648 5134 nullam
2679 5081 2865 5134 horam
2899 5093 2990 5134 aut
3021 5093 3260 5150 tempora
3289 5085 3564 5152 excipiens
3590 5083 3724 5136 dixit
3751 5101 3763 5135 :
3791 5081 4030 5145 Quoties-

2451 5190 2670 5241 cunque.
2709 5172 2815 5226 Nec
2845 5175 2955 5240 ipse
2984 5173 3181 5228 Paulus
3225 5175 3420 5243 iejnnia
3463 5176 3642 5244 aliqua
3692 5185 3785 5226 aut
3829 5185 4028 5226 certast

2452 5264 2742 5331 quamlibet
2770 5265 3126 5320 evolutionem
3153 5283 3413 5321 annorum
3442 5268 3726 5322 attendens
3754 5268 3829 5320 ait
3856 5282 3868 5316 :
3891 5265 4027 5329 Quo-

2454 5356 2776 5421 tiescunque
2812 5369 2906 5422 per
2953 5365 3028 5408 t0t
3067 5370 3238 5409 annos
3287 5357 3418 5410 hora
3457 5373 3596 5410 nona
3641 5353 4031 5411 manducabitis

2451 5459 2641 5513 panem
2676 5446 2836 5509 hunc,
2865 5455 2916 5498 et
2945 5447 3168 5500 calicem
3201 5447 3414 5512 bibetis,
3444 5461 3667 5502 mortem
3696 5449 3909 5503 Domini
3937 5462 4025 5498 an-

2452 5534 2796 5597 nuntiabitis;
2841 5535 2930 5590 sed
2977 5535 3345 5592 indifferenter
3385 5557 3396 5589 :
3445 5537 3896 5607 Quodcumque:
3933 5549 4021 5588 ct:

2451 5624 2624 5678 Domi:
2657 5630 2841 5680 ueniat.

2522 5717 2706 5771 XXIV.
2760 5719 2866 5775 Nec
2906 5722 3175 5775 nescimus
3219 5729 3434 5774 sanctos
3480 5721 3661 5774 Patres
3705 5722 3806 5774 dici
3853 5717 4017 5773 Domi-
