4190 6458
185 485 324 548 Ῑῧ33

1463 484 1764 544 CONTRA
1795 486 2149 545 NltlE'i‘AM.

3273 489 3408 552 1034

185 610 320 658 “iege
349 612 401 658 et
428 604 814 671 pracipuarum
849 600 1236 654 solennntatmu
1262 598 1450 652 missas
1480 598 1610 650 hora
1639 606 1744 650 ter-
1777 605 1821 657 Α
1850 608 2008 646 unam
2038 594 2356 647 oblationem
2399 597 2642 649 videmini
2684 597 2764 650 bis
2798 600 3009 653 offerre.
3055 601 3119 656 Et
3161 617 3258 657 cur
3301 621 3405 661 no"

181 699 256 749 tia
289 694 584 748 celebrasse
612 693 816 755 solitos,
848 701 1063 760 propter
1086 690 1314 758 Spiritus
1340 689 1504 742 sancti
1530 687 1747 742 eﬁusio-

181 799 308 836 nem
351 785 478 836 hora
513 781 670 834 tertia
718 780 768 832 in
798 778 1106 846 discipulos,
1146 787 1198 829 et
1248 778 1346 829 hoc
1375 776 1652 829 mandasse
1681 776 1746 829 ad

182 882 427 938 posteros
469 880 730 940 quatenus
793 869 881 922 illa
929 869 1084 922 unius
1128 869 1267 920 actio
1314 866 1490 919 missre
1535 867 1745 934 gemino

181 959 460 1027 privilegio
487 959 861 1025 insigniretur:
885 955 1274 1009 resurrectione
1295 953 1743 1007 videlicetChristi

179 1056 235 1100 et
279 1049 509 1100 adventu
548 1044 830 1106 Paracleti,
871 1051 1031 1112 utque
1077 1052 1295 1110 pr0pter
1334 1041 1583 1108 gaudium
1623 1041 1743 1095 festi

177 1137 508 1204 temporibus
552 1134 918 1187 relaxarentur
959 1132 1162 1185 cunctis
1214 1130 1356 1183 irena
1395 1130 1603 1198 jejunii.
1640 1131 1739 1185 Vc-

177 1234 478 1276 rumtamen
508 1221 608 1274 alia
640 1237 796 1273 causa
830 1229 909 1273 est
943 1220 1225 1273 Dominicm
1251 1219 1373 1281 dici,
1402 1234 1464 1274 ac
1490 1220 1741 1272 solemni-

177 1321 368 1372 tatum,
402 1311 503 1362 alia
528 1309 879 1374 jejuniorum;
926 1309 970 1360 si
1003 1323 1128 1377 ergo
1167 1309 1293 1360 hora
1336 1323 1471 1360 nona
1515 1320 1605 1362 aut
1645 1325 1738 1361 ve-

171 1399 413 1466 spertina
442 1397 630 1450 diebus
670 1395 1017 1463 jejtmiorum,
1064 1394 1298 1462 perfecta
1333 1398 1511 1466 agitur
1557 1399 1735 1460 missa,

177 1489 319 1541 nulla
361 1488 543 1556 procul
575 1485 736 1537 dubio
780 1487 900 1540 inde
941 1486 1277 1538 contrahitur
1317 1501 1484 1549 noxa,
1529 1489 1650 1555 quia
1684 1498 1738 1542 ct

175 1579 436 1631 Dominus
457 1577 506 1628 in
542 1591 691 1629 caena
719 1576 783 1628 ad
811 1589 1087 1642 vesperum
1114 1575 1336 1643 primam
1365 1585 1416 1627 et
1443 1575 1733 1644 perlectam

172 1666 688 1718 administrationem
736 1664 864 1716 tanti
907 1665 1227 1716 sacramenti
1273 1664 1550 1732 discipulis
1583 1667 1731 1718 iusti-

169 1757 303 1817 tuit,
344 1766 396 1809 et
434 1757 561 1809 hora
593 1771 729 1809 nona
772 1756 1016 1823 spiritum
1051 1756 1264 1809 tradens
1294 1756 1610 1809 sacriﬁcium
1641 1773 1725 1812 ve-

166 1847 466 1916 Spertinum
498 1846 744 1913 expansis
783 1845 1028 1899 manibus
1069 1845 1118 1897 in
1151 1859 1338 1903 cruce.
1375 1855 1428 1897 et
1459 1847 1729 1911 prrcmissa

1850 685 2149 738 attendistis
2188 685 2237 737 in
2274 685 2492 753 epistola
2534 702 2678 756 papa:
2713 689 3020 756 Clementis,
3058 695 3208 763 cujus
3248 700 3408 752 tradi-

1851 771 2044 836 tiones,
2090 783 2144 826 ut
2192 777 2408 841 putatis,
2441 787 2622 830 contra
2675 795 2767 832 uos
2814 781 3114 849 defenditis,
3147 789 3286 855 quod
3337 789 3406 844 ibi

1847 863 2208 928 promulgasse
2242 867 2491 928 putatur?
2525 885 2542 915 ι
2580 867 2759 933 Certe,
2789 872 2986 939 inquit,
3026 883 3171 928 tanta
3202 877 3253 929 iu
3284 877 3415 932 aita-

1847 950 1927 1001 rio
1959 950 2263 1004 holocausta
2303 953 2544 1019 oﬁ‘eraut,
2582 968 2776 1024 quanta
2814 963 3006 1029 populo
3045 964 3286 1022 sufﬁcere
3325 970 3411 1021 de.

1845 1039 2024 1091 beant.
2053 1039 2202 1104 Quod
2231 1043 2272 1093 si
2303 1048 2674 1111 remanserint,
2706 1048 2755 1100 in
2785 1053 3073 1107 crastinum
3107 1072 3208 1109 non
3239 1075 3408 1113 reser-

1845 1138 2053 1192 ventur,
2092 1132 2181 1183 sed
2212 1148 2331 1185 cum
2366 1135 2552 1188 timore
2586 1148 2639 1191 et
2675 1149 2907 1194 tremore
2942 1146 3255 1202 clericorum
3287 1167 3404 1203 cau.

1845 1217 1946 1270 tela
1972 1228 2025 1271 et
2049 1220 2320 1289 diligentia
2351 1239 2752 1282 consumantur.
2789 1249 2808 1282 ι
2842 1233 2920 1286 Ad
2951 1233 3064 1289 haic
3095 1243 3233 1305 quod
3265 1257 3407 1296 δεδρ-

1842 1308 1932 1366 ris,
1966 1323 2057 1362 vos
2101 1313 2168 1363 ab
2199 1313 2308 1379 ipsa
2341 1323 2523 1366 sancta
2553 1321 2929 1375 communione
2956 1327 3133 1378 statim
3166 1329 3229 1380 ad
3263 1347 3403 1386 com-

1841 1408 2028 1448 munes
2049 1397 2194 1450 cibos
2220 1401 2466 1463 transire,
2495 1417 2598 1454 non
2631 1406 2709 1458 sic
2731 1408 2962 1463 sensisse
2993 1413 3130 1466 idem
3157 1414 3404 1472 Clemens

1840 1482 2106 1536 invenitur
2137 1486 2184 1537 in
2217 1486 2433 1553 prmiata
2465 1492 2707 1557 epistola,
2738 1497 2823 1550 ubi
2859 1499 2923 1553 de
2955 1501 3036 1554 his
3067 1505 3155 1570 qui
3191 1507 3402 1560 residua

1838 1573 2084 1626 sacriﬁcii
2126 1583 2553 1647 consumpserint
2582 1583 2805 1651 subjecit
2835 1605 2848 1639 :
2885 1607 2902 1638 ι
2942 1591 3041 1656 Qui
3085 1604 3286 1660 autem,
3321 1598 3403 1650 iu-

1836 1662 1969 1726 quit,
1999 1664 2206 1716 residua
2231 1668 2471 1735 corporis
2500 1670 2706 1724 Domini
2730 1689 2848 1740 qua!
2873 1677 2922 1728 in
2955 1684 3191 1734 sacrario
3219 1686 3400 1740 relicta

1835 1761 1955 1803 sunt
1981 1765 2318 1818 consumunt,
2353 1774 2455 1810 non
2486 1762 2668 1814 statim
2705 1765 2770 1816 ad
2798 1781 3107 1824 communes
3135 1775 3398 1843 accipien-

1834 1841 1955 1894 dum
1993 1844 2138 1898 cibos
2184 1848 2523 1912 conveniant,
2572 1867 2636 1906 ne
2686 1863 2874 1920 putent
2919 1870 3116 1915 sancta:
3164 1841 3395 1933 portioni

2686 1913 2699 1920 ,
3098 1913 3111 1915 -
3164 1913 3248 1933 τ-.

163 1913 412 1990 oratione
440 1937 504 1988 ad
537 1935 748 1989 Patrem
781 1934 1184 1987 consummavit.
1225 1932 1511 2002 Propterea
1542 1950 1729 2001 quam-
1766 1913 1806 1969 Β
1833 1948 1949 1987 esse
1977 1938 2393 1993 commiscendos
2420 1942 2565 1996 cibos
2615 1946 2703 2011 qui
2743 1963 2836 2014 per
2867 1952 3152 2017 aqualiculi
3185 1968 3400 2026 egestus

164 2028 249 2079 vis
281 2027 410 2079 hora
443 2027 594 2078 tertia
625 2032 678 2078 et
707 2039 844 2078 nona
876 2033 1093 2094 propter
1127 2025 1459 2092 supradictas
1496 2027 1730 2080 rationes

163 2114 279 2168 sint
321 2115 552 2186 aptiores
587 2115 868 2167 missarum
918 2114 1138 2175 actioni,
1185 2114 1604 2183 quotiescunque
1646 2125 1728 2168 ta-

162 2220 288 2258 men
318 2205 465 2257 horis
493 2204 612 2257 aliis
641 2204 771 2257 ﬁunt
799 2203 1148 2270 occupatione
1175 2202 1404 2263 itineris,
1438 2212 1529 2256 aut
1555 2205 1727 2271 gratia

158 2293 446 2361 cujuslibet
472 2295 788 2346 necessaria:
811 2292 909 2355 rei,
933 2291 983 2344 in
1009 2292 1317 2344 memoriam
1346 2291 1476 2345 ﬁunt
1497 2292 1722 2357 Christi;

159 2396 265 2435 nec
317 2381 546 2434 violatur
590 2382 713 2435 inde
769 2381 1047 2448 integritas
1090 2377 1297 2446 jejunii.
1349 2379 1496 2446 Quod
1544 2383 1725 2449 utique

157 2470 354 2524 beatus
375 2471 767 2540 Thclespborus
793 2485 925 2537 papa
950 2483 978 2522 a
1001 2468 1158 2524 Petro
1183 2470 1440 2538 septimus
1465 2472 1719 2536 sentiens,

155 2559 326 2613 etiam
364 2570 518 2614 nocte
545 2559 847 2614 Nativitatis
883 2558 1091 2612 Domini
1133 2561 1324 2612 missas
1354 2561 1615 2613 celebrari
1651 2562 1723 2613 in-

157 2649 359 2711 stituit,
404 2665 502 2703 nec
547 2649 705 2701 ullam
753 2647 1130 2701 resolutionem
1156 2647 1341 2715 jejunii
1380 2657 1503 2702 ante
1538 2650 1720 2703 horam

156 2740 374 2790 tertiam
405 2746 459 2791 et
487 2739 728 2791 diurnam
759 2737 973 2790 missam
1004 2737 1125 2791 inde
1155 2737 1290 2801 ﬁeri,
1322 2739 1454 2792 sicut
1485 2757 1577 2794 vos
1605 2755 1720 2809 pcr-

159 2842 317 2879 verse
347 2830 560 2896 putatis,
593 2829 789 2882 timuit.
834 2828 998 2881 Dicite
1042 2838 1235 2892 autem,
1261 2830 1303 2882 si
1350 2831 1591 2898 potestis,
1623 2848 1720 2885 cur

159 2918 453 2971 Sabbatum
500 2928 549 2972 et
593 2929 800 2972 exterae
840 2929 989 2972 extra
1026 2919 1353 2974 Dominieam
1401 2921 1545 2985 feriae
1587 2925 1716 2977 hora

155 3007 317 3059 tertia
365 3009 577 3061 missam
611 3008 835 3060 debeant
878 3009 1091 3071 habere,
1137 3025 1256 3062 cum
1289 3010 1340 3062 iu
1376 3012 1454 3065 eis
1489 3010 1718 3081 Spiritus

151 3104 377 3150 sanctus
407 3112 508 3150 non
544 3096 750 3166 legatur
784 3095 1140 3151 descendisse.
1176 3098 1362 3168 Itaque
1419 3116 1533 3164 nos,
1580 3103 1722 3157 sicut

152 3199 318 3254 supra
346 3185 665 3250 ostenditur,
707 3185 885 3239 divina
911 3187 1229 3242 auctoritate
1251 3189 1482 3254 subnixi,
1516 3207 1611 3245 uec
1633 3192 1718 3259 je-

145 3273 299 3342 junia
329 3274 640 3328 resolvimus
679 3274 730 3328 in
755 3275 1112 3332 celebratione
1141 3277 1314 3331 missa:
1342 3288 1716 3350 quotacunque

150 3365 286 3419 hora
328 3364 432 3418 diei
477 3364 562 3428 lit;
596 3379 693 3418 nec
725 3365 774 3417 in
803 3365 981 3433 aliquo
1008 3365 1251 3420 natalitio
1279 3376 1594 3438 martyrum,
1625 3371 1714 3425 sed

149 3467 250 3507 nec
274 3453 325 3506 in
352 3453 766 3507 Annuntiatione
793 3452 971 3507 Mariae
1000 3455 1243 3525 virginis.
1276 3455 1344 3509 Et
1372 3457 1489 3512 ideo
1525 3458 1716 3513 nullius

149 3542 472 3596 universalis
518 3544 702 3611 synodi
740 3543 1078 3610 percellimur
1121 3548 1478 3602 anathemate.
1523 3550 1714 3606 (lateri

147 3641 329 3685 autem
368 3632 607 3697 quamvis
651 3643 954 3686 sanctorum
988 3634 1202 3687 Patrum
1264 3648 1578 3702 conventus,
1612 3642 1712 3694 etsi

148 3732 437 3789 potuerunt
467 3722 530 3774 de
566 3722 787 3776 utilitate
815 3731 869 3776 et
902 3727 1306 3778 conversatione
1355 3726 1710 3782 Ecclesiarum

146 3828 368 3866 suarum
403 3823 653 3878 tractare,
682 3814 853 3867 nullas
879 3814 1053 3868 tamen
1085 3815 1398 3869 traditiones
1427 3817 1708 3872 universali

148 3903 402 3955 Ecclesia:
441 3902 733 3970 pra'ﬁgere.
767 3903 840 3955 De
882 3917 1015 3970 papa
1057 3919 1266 3971 quoque
1298 3906 1572 3974 Agathone
1598 3922 1713 3960 om-

147 3991 276 4042 nino
323 3990 522 4042 scimus
584 3990 706 4057 quia
757 4005 853 4043 ncc
901 4001 1062 4043 sexta:
1100 3992 1300 4059 synodo
1342 4007 1438 4060 per
1477 3996 1708 4061 seipsum

150 4079 420 4146 prmsedit,
467 4093 566 4132 uec
611 4079 876 4146 aliquibus
921 4080 1167 4148 capitulis
1210 4079 1325 4147 ejus
1372 4081 1706 4150 subscripsit,

148 4168 248 4220 nisi
275 4185 396 4234 qum
424 4169 754 4238 promulgata
799 4169 1012 4222 fuerunt
1041 4169 1296 4224 adversus
1343 4171 1711 4228 Monothelita-

147 4275 265 4311 rum
293 4258 563 4312 haeresim.
597 4259 705 4312 Vos
748 4259 922 4312 videte
966 4259 1102 4311 unde
1130 4260 1240 4313 haec
1266 4275 1382 4329 quae
1411 4264 1708 4328 proponitis

147 4349 406 4404 habeatis.
437 4347 556 4414 quia
590 4347 821 4400 Ecclesia
854 4348 1090 4402 Romana
1118 4349 1240 4401 talia
1273 4350 1532 4403 hactenus
1559 4353 1705 4419 igno-

146 4438 304 4490 ravit.
346 4436 454 4489 Nec
490 4437 633 4489 credi
672 4447 846 4505 potest
883 4448 1001 4506 post
1040 4448 1117 4491 tot
1145 4455 1312 4492 annos
1344 4439 1702 4494 Romanorum

145 4525 450 4592 pontiﬁcem
478 4523 677 4577 Grtncis
705 4527 1067 4595 promulgasse
1096 4526 1300 4593 aliquas
1330 4527 1394 4580 de
1421 4529 1582 4583 missa
1611 4530 1704 4582 οι)-
1735 4555 1779 4612 ι)

144 4618 499 4669 servationes.
553 4619 748 4672 Deinde
778 4620 934 4671 ritum
966 4631 1152 4673 vestra!
1183 4623 1388 4675 discere
1420 4638 1522 4674 non
1550 4639 1703 4676 cura-

147 4722 284 4768 mus,
317 4706 440 4772 quia
487 4707 756 4759 minimam
807 4709 1068 4761 cautelam
1115 4719 1168 4761 et
1215 4712 1496 4764 maximam
1543 4713 1703 4781 negli-

143 4795 381 4861 gentiam
425 4796 472 4847 ei
512 4795 682 4848 inesse
724 4797 1113 4864 cognoscimus.
1153 4798 1275 4849 dum
1323 4809 1562 4852 sanctum
1611 4816 1703 4869 pa-

147 4899 266 4936 nem
317 4883 614 4951 frangentes
653 4893 706 4934 ct
749 4895 1034 4944 sumentes,
1080 4887 1199 4938 hinc
1239 4887 1358 4940 inde
1397 4889 1702 4943 decidentes

144 4973 314 5024 micas
360 4987 463 5024 non
512 4973 732 5024 curatis.
783 4972 930 5036 Quod
978 4973 1137 5024 etiam
1193 4975 1324 5026 solet
1371 4976 1696 5044 contingere,

141 5064 266 5115 dum
307 5061 519 5130 patinas
559 5071 772 5115 sanctas
813 5061 950 5115 foliis
989 5064 1281 5130 palmarum
1324 5074 1376 5118 ct
1417 5082 1697 5133 porcorum

141 5151 269 5203 setis
312 5149 516 5203 fricatis
563 5151 861 5203 inhoneste.
904 5150 1047 5204 Multi
1085 5167 1295 5219 quoque
1327 5163 1558 5205 vestrum
1594 5167 1695 5207 tam

141 5239 505 5291 irreverenter
551 5253 743 5304 corpus
787 5236 982 5291 Christi
1034 5249 1324 5304 reponunt.
1376 5250 1432 5292 ut
1479 5242 1697 5308 pyxides

141 5327 261 5380 inde
291 5326 580 5386 cumulent,
622 5335 673 5379 et
715 5343 780 5380 ne
815 5328 1022 5380 decidat
1058 5338 1148 5380 aut
1189 5329 1498 5397 superﬂuat,
1540 5347 1696 5385 manu

140 5414 430 5466 inculcant.
475 5413 748 5483 Reliquias
788 5431 995 5484 quoque
1037 5418 1340 5483 oblationis,
1370 5421 1511 5474 velut
1553 5437 1695 5474 com-

141 5518 332 5555 munes
369 5517 550 5570 partes,
593 5520 969 5572 nonnunquam
1001 5521 1167 5574 usque
1199 5509 1264 5560 ad
1302 5510 1569 5562 fastidium
1609 5527 1695 5566 su-

143 5600 311 5641 munt.
354 5592 418 5642 Et
445 5591 487 5642 si
527 5607 734 5645 sumere
776 5609 878 5646 non
925 5593 1209 5658 suiliciunt,
1241 5597 1568 5660 subterrant,
1606 5608 1695 5651 aut

144 5681 192 5730 in
218 5689 438 5747 puteum
470 5681 765 5748 projiciuut.
800 5681 854 5734 Si
880 5693 1077 5746 autem,
1107 5694 1161 5736 ut
1190 5685 1342 5748 dicis,
1372 5702 1557 5754 panem
1584 5688 1692 5756 jam

143 5771 348 5834 pridem
373 5769 605 5822 oblatum
635 5782 686 5822 et
713 5772 1094 5824 sanctiﬁcatum
1119 5774 1363 5829 exaltatis
1396 5777 1560 5830 altera
1587 5779 1690 5841 die,

447 5859 716 5919 PATltOL.
757 5861 872 5921 Gtt.
923 5859 1096 5922 CXX.

1831 2021 1881 2073 in
1931 2037 2197 2076 secessum
2238 2025 2547 2080 funduntur.
2604 2030 2660 2083 Si
2714 2034 2873 2101 igitur
2919 2053 3075 2094 mane
3119 2021 3395 2102 Dominica

1828 2111 2001 2178 portio
2031 2113 2083 2164 in
2116 2115 2352 2166 sacrario
2380 2117 2590 2181 edatur,
2641 2135 2808 2187 usque
2840 2124 2891 2176 in
2923 2137 3127 2181 sextam
3150 2132 3396 2200 jejuuent

1827 2200 2054 2254 ministri
2108 2202 2196 2270 qui
2247 2205 2356 2257 lucc
2401 2212 2848 2276 consumpserint.
2897 2214 2960 2268 Et
3007 2217 3050 2270 si
3099 2224 3251 2275 tertia
3304 2239 3396 2278 aut

1825 2298 2035 2355 quarta,
2080 2289 2323 2359 jejuucnt
2372 2308 2538 2362 ttsque
2587 2298 2636 2347 in
2685 2314 2984 2368 vesperum.
3036 2326 3050 2354 ι
3105 2308 3157 2360 lu
3203 2313 3395 2378 quibus

1824 2392 1951 2430 sane
1982 2381 2156 2433 verbis
2185 2380 2351 2448 liquet
2402 2385 2543 2451 quod
2577 2401 2679 2439 non
2711 2389 2880 2444 solum
2928 2394 3058 2449 hora
3093 2403 3267 2466 tertia,
3302 2407 3394 2457 sed

1822 2467 1983 2519 etiam
2029 2483 2186 2522 mane
2228 2470 2354 2522 hora
2384 2484 2576 2539 quarta
2609 2476 2801 2532 missas
2828 2482 2939 2536 ﬁeri
2972 2484 3115 2550 licet,
3146 2494 3393 2561 quodque

1822 2572 1885 2609 ex
1918 2558 2179 2611 sacriﬁcio
2199 2559 2458 2629 jejunium
2485 2580 2587 2617 non
2621 2567 2863 2635 solvitur,
2893 2572 3016 2628 dum
3044 2577 3150 2633 illic
3175 2558 3388 2644 dicitur,

1823 2652 1878 2695 ut
1901 2645 1990 2712 qui
2014 2649 2441 2714 consumpserint
2463 2667 2629 2719 usque
2651 2656 2716 2708 ad
2740 2668 2945 2714 sextam
2969 2666 3050 2718 vel
3076 2683 3389 2736 vesperum:

1820 2731 2016 2800 alioqui
2039 2737 2301 2801 quomodo
2317 2736 2649 2805 jejuuabant,
2678 2745 2720 2796 si
2745 2759 2809 2798 ex
2837 2752 3105 2807 sacriﬁcio
3126 2731 3389 2823 jejunium

1818 2823 2125 2879 solverunt?
2159 2826 2359 2882 Deinde
2404 2832 2781 2888 abstinentiam
2813 2843 3256 2906 paucissimorum
3294 2866 3390 2903 no-

1817 2916 1899 2971 bis
1943 2921 2318 2986 praedicantes,
2371 2926 2557 2978 tacetis
2607 2928 2890 2994 ingluviem
2945 2935 3253 3002 multorum,
3297 2941 3389 3008 qui

1817 3016 1910 3058 aut
1962 3022 2149 3075 parum
2199 3021 2289 3063 aut
2333 3013 2464 3065 nihil
2504 3014 2991 3087 Quadragesimalis
3039 3024 3227 3093 jejuuii
3278 3031 3387 3082 Deo

1816 3097 2075 3162 oﬁcrunt,
2111 3101 2234 3152 dum
2281 3116 2308 3153 a
2355 3105 2528 3172 primo
2559 3122 2714 3161 mane
2747 3126 2914 3179 usque
2960 3129 3237 3183 vesperum
3269 3136 3386 3173 cra-

1818 3185 1986 3252 pulari
2028 3203 2131 3240 non
2184 3201 2429 3244 metuunt
2484 3210 2583 3248 nec
2623 3198 2966 3254 erubescunt.
3013 3205 3186 3274 Aliqui
3224 3211 3383 3263 etiam

1815 3275 1882 3327 ad
1926 3274 2217 3331 Ecclesiam
2269 3280 2534 3346 legumina
2571 3294 2624 3336 et
2669 3285 2772 3338 alia
2821 3289 3043 3343 obsonia
3087 3294 3388 3351 deferentcs

1817 3365 1944 3418 inibi
1976 3369 2293 3433 comedunt,
2329 3386 2425 3425 nec
2471 3372 2693 3430 Paulum
2740 3381 3022 3436 attendunt
3066 3384 3334 3444 dicentem
3367 3412 3376 3444 :

1820 3473 1837 3506 ι
1877 3456 1974 3520 Qui
2018 3461 2210 3526 esurit,
2245 3461 2389 3516 domi
2416 3469 2694 3523 manducet
2721 3469 2772 3540 (I
2800 3471 2920 3524 Cor.
2950 3489 3025 3537 χι,
3066 3475 3185 3542 54);
3218 3497 3236 3529 ι
3279 3490 3332 3533 et
3365 3499 3379 3535 :

1821 3567 1836 3599 ι
1878 3547 2125 3620 Nunquid
2160 3553 2347 3608 domos
2380 3569 2482 3609 non
2524 3558 2732 3613 habetis
2767 3562 2833 3615 ad
2867 3566 3295 3620 manducandum
3327 3580 3382 3622 et

1813 3641 2134 3697 bibendum?
2177 3655 2265 3698 aut
2302 3646 2596 3701 Ecclesiam
2642 3650 2732 3704 Dei
2779 3655 3142 3721 contemnitis,
3173 3665 3223 3709 et
3255 3671 3380 3711 cou-

1813 3731 2032 3788 i’unditis
2058 3750 2152 3788 eos
2173 3737 2262 3803 qui
2291 3751 2391 3789 non
2423 3738 2652 3791 habent?
2678 3760 2696 3791 ο
2719 3739 2880 3810 (Ibid.
2903 3744 3098 3811 22.).“
3129 3761 3225 3800 nos
3239 3746 3379 3811 Qua-

1813 3821 2162 3890 dragesimam
2208 3825 2363 3880 unius
2405 3827 2740 3894 septimanzn,
2786 3847 2945 3898 quam
2989 3833 3164 3886 dicitis
3207 3838 3374 3888 sancti

1813 3909 2096 3975 Theodori,
2126 3915 2445 3978 neseientes,
2476 3916 2640 3969 solam
2667 3919 3137 3990 Quadragesimam
3168 3922 3375 3977 Domini

1810 4002 1975 4053 nostri
2005 3999 2127 4055 Jesu
2157 4003 2352 4057 Christi
2380 4008 2731 4076 quadraginta
2759 4009 2948 4064 diebus
2976 4013 3256 4082 diligenter
3279 4014 3380 4068 obo

1809 4103 1919 4140 serv
1933 4102 2025 4141 are
2055 4091 2448 4154 contendimus,
2472 4108 2629 4161 quam
2658 4103 2713 4148 ut
2740 4095 2955 4164 aliquis,
2978 4110 3200 4168 excepta
3229 4103 3372 4170 gravi

1811 4175 2139 4243 inﬁrmitate,
2172 4180 2222 4232 in
2280 4182 2457 4250 aliquo
2503 4184 2754 4253 infringat
2801 4185 3024 4241 suﬁ'erre
3067 4191 3370 4258 nequimus.

1808 4264 1915 4320 Nec
1961 4267 2083 4322 licet
2109 4270 2356 4338 cuiquam
2403 4274 2540 4340 apud
2592 4289 2708 4339 nos,
2755 4276 2893 4330 sicut
2923 4280 3060 4346 apud
3092 4293 3202 4343 vos,
3251 4293 3371 4350 post

1809 4373 1964 4409 unam
2017 4358 2359 4414 refectionem
2399 4363 2687 4430 quidquam
2731 4381 3007 4433 pomorum
3049 4375 3141 4420 aut
3182 4369 3370 4422 herba-

1806 4459 1922 4498 rum
1949 4446 2137 4501 diebus
2155 4449 2476 4516 jejuniorum
2507 4455 2797 4521 percipere.

1880 4534 2036 4588 XXV.
2079 4536 2209 4591 [line
2245 4540 2632 4608 perpendentes
2673 4559 2699 4593 a
2747 4553 2795 4596 te
2841 4553 2944 4598 tam
2988 4561 3238 4615 perverse
3281 4549 3366 4601 de-

1808 4623 1944 4673 fendi
2002 4624 2258 4677 adulteria
2306 4627 2479 4694 potius
2545 4644 2702 4696 quam
2749 4631 2961 4699 nuptias
3009 4637 3363 4694 sacerdotum.

1806 4709 2132 4762 arbitramur
2184 4714 2248 4764 ab
2300 4713 2486 4767 inieris
2531 4718 2814 4770 emersisse
2863 4720 3156 4789 principem
3213 4723 3365 4789 hujus

1806 4796 2024 4850 haeresis
2054 4798 2338 4852 nefandum
2367 4802 2648 4855 diaconum
2681 4803 2975 4860 Nicolaum.
3016 4807 3089 4862 De
3117 4824 3221 4877 quo
3245 4811 3360 4879 Epi-

1803 4886 2027 4952 phanius
2059 4897 2233 4940 vester
2275 4891 2349 4942 sic
2380 4893 2590 4960 scripsit
2632 4914 2642 4946 :
2685 4913 2700 4943 ‹
2747 4895 2942 4961 Quarta
2987 4898 3362 4953 Nicolaltarum

1800 4990 1829 5026 τι
1863 4973 2076 5030 Nicolao
2108 4978 2321 5032 haeresis
2353 4991 2432 5032 cst
2468 4984 2773 5045 adinventa,
2803 5002 2906 5039 uno
2934 5004 2996 5040 cx
3024 4999 3224 5056 septem
3255 4993 3334 5043 dia

1801 5067 2022 5120 conibus
2047 5070 2113 5122 ab
2135 5072 2389 5137 apostolis
2415 5075 2679 5128 ordinato.
2710 5077 2809 5129 lste
2833 5093 2952 5130 cum
2980 5080 3092 5133 zelo
3120 5082 3354 5147 pulcher-

1801 5155 1946 5208 rima:
1970 5157 2211 5225 conjugis
2243 5160 2568 5227 culparetur,
2595 5164 2787 5218 docere
2814 5167 2974 5233 cmpit
3005 5168 3363 5221 indifferenter

1801 5243 1874 5294 uti
1904 5243 2236 5312 conjugibus,
2267 5263 2370 5298 non
2395 5249 2566 5300 solum
2601 5251 2786 5316 laicos,
2831 5255 2922 5307 sed
2964 5257 3125 5310 etiam
3159 5259 3246 5324 qui
3279 5274 3358 5310 sa-

1799 5331 2016 5383 cerdotii
2049 5332 2396 5400 fungerentur
2426 5336 2615 5391 ofﬁcio.
2672 5339 2779 5394 llos
2823 5342 3095 5398 danmavit
3144 5356 3360 5399 sanctus

1798 5421 2120 5488 evangelista
2162 5433 2215 5476 et
2247 5427 2515 5493 apostolus
2544 5429 2796 5494 Joannes,
2829 5442 2882 5484 et
2918 5434 3079 5501 jussit
3129 5447 3182 5488 ut
3236 5440 3356 5506 qui-

1799 5525 2005 5577 cunque
2051 5527 2170 5565 cum
2217 5516 2294 5568 eis
2352 5518 2428 5568 vel
2479 5533 2782 5573 sermonem
2821 5523 3079 5591 coiloquii'
3113 5526 3355 5582 miscuis-

1796 5610 1940 5663 sent,
1986 5617 2049 5654 ει
2094 5603 2192 5657 hoc
2239 5606 2352 5672 ipso
2388 5612 2758 5665 communione
2799 5615 3100 5680 privandos.
3151 5615 3358 5671 Docens

1797 5689 2184 5744 rationabiliter
2228 5710 2252 5744 a
2288 5697 2464 5748 mundi
2495 5700 2700 5766 origine
2725 5701 2831 5753 Deo
2863 5704 3161 5757 castitatem
3191 5706 3353 5774 pluri—

1797 5793 1938 5830 mum
1971 5779 2247 5847 placuisse.
2282 5782 2428 5838 Tunc
2462 5788 2620 5840 etiam
2653 5789 2702 5841 in
2747 5791 2924 5858 seipse
2953 5791 3222 5844 Christum
3261 5795 3351 5848 Dei

2995 5877 3069 5937 33
