4190 6458
831 414 970 476 1035

1813 413 2215 476 nUMoElrri
2260 413 2315 472 s.
2358 415 2428 475 ιι.
2462 414 2530 473 Ε.
2558 413 3030 476 αιιιῡιΝΑιιε
3087 397 3096 406 ’

3926 416 3945 476 f
3959 418 4055 478 036

831 536 1020 590 Filium
1064 533 1328 586 castizatis
1375 534 1593 600 gloriam
1627 533 1925 592 dedicasse,
1959 547 2102 594 cum,
2132 530 2388 594 \lrginem
2419 536 2464 592 Α
2495 529 2760 597 apostolos
2819 531 3041 599 legimus
3097 529 3299 594 egisse,
3367 531 3521 585 beato
3571 530 3730 585 Paulo
3784 532 4046 588 die-eme,-

828 627 1106 696 possidens
1151 636 1370 677 ntalt‘cttt
1415 627 1563 692 virgo
1595 639 1896 685 mansurus,
1933 622 2132 675 nullum
2165 623 2394 688 discipu-

829 725 1000 774 l0rum
1031 734 1246 772 suorum
1274 716 1647 770 commistione
1677 717 1838 769 etiam
1888 715 2118 782 legitima
2163 712 2393 781 coniugii

827 811 901 864 uti
944 808 1210 877 permisit,
1241 806 1424 859 dicens
1456 823 1468 857 :
1508 823 1525 854 ι
1561 805 1616 857 Si
1650 806 1769 872 quis
1800 805 1908 856 \‘ult
1937 813 2054 872 post
2080 818 2164 855 me
2187 803 2393 864 venire,

841 903 1050 965 .bnrget
1081 900 1424 966 semetipsum
1471 917 1488 948 ι
1524 895 1660 960 δίιιίῗ,
1697 915 1714 945 ι
1749 905 1800 948 et
1829 895 1978 948 tollat
2002 909 2214 946 erucem
2243 908 2393 946 suam

823 1001 874 1042 ct
914 1000 1167 1058 sequatur
1207 1004 1290 1041 me
1331 988 1542 1058 (Manli.
1577 1001 1687 1048 xu,
1721 986 1828 1055 2.5).
1861 1005 1877 1035 ι
1928 985 2073 1040 Unde
2114 985 2248 1037 idem
2289 983 2391 1036 llo-

823 1081 999 1132 minus
1059 1077 1215 1132 Jesus
1279 1079 1330 1131 in
1397 1077 1715 1146 Apocalypsi
1779 1077 2094 1144 prmcipiens
2157 1073 2393 1142 apostolo

823 1169 1010 1222 ioanui
1059 1171 1296 1222 set-ibere
1343 1168 1529 1234 angelo
1573 1168 1793 1235 Ephesi,
1842 1169 1980 1220 inter
2025 1166 2126 1220 alia
2179 1167 2387 1233 inquit:

828 1281 842 1310 ι
882 1261 990 1314 lIuc
1019 1260 1204 1323 habes,
1234 1263 1356 1328 quia
1386 1261 1544 1313 odisti
1572 1260 1712 1314 facta
1751 1260 2133 1314 Nicolaitarum
2153 1299 2167 1323 ,
2195 1273 2312 1326 qua:
2341 1268 2393 1311 ct

827 1369 843 1400 ι
879 1367 978 1420 ego
1015 1352 1100 1404 odi
1143 1351 1327 1418 (Apoc.
1372 1367 1442 1412 ιι,
1485 1350 1560 1416 6).
1609 1370 1626 1400 ι
1671 1349 1805 1406 Ilinc
1840 1351 2003 1402 etiam
2043 1348 2232 1418 angelo
2272 1347 2394 1400 Per-

820 1443 960 1509 gami
992 1443 1116 1495 dicit
1149 1457 1161 1493 :
1198 1459 1215 1491 ι
1251 1441 1434 1494 Ilabeo
1461 1441 1745 1496 adversum
1778 1453 1829 1496 te
1854 1457 2044 1510 pauca,
2072 1442 2196 1510 quia
2227 1441 2391 1494 habes

825 1551 842 1582 ι
883 1531 1005 1585 illnc
1037 1542 1276 1586 tenentes
1300 1533 1598 1586 doctrinam
1630 1533 1868 1595 Baalam,
1901 1532 1993 1601 qui
2028 1533 2252 1586 docebat
2294 1531 2392 1584 Ba-

825 1641 844 1673 ι
879 1624 993 1677 alae
1024 1623 1236 1678 mittere
1277 1624 1586 1678 scandalum
1623 1640 1802 1678 coram
1837 1624 1958 1678 filiis
1993 1623 2186 1687 Israel,
2233 1625 2392 1677 edere

826 1733 841 1761 ι
879 1727 930 1765 et
960 1715 1210 1766 fornicari
1256 1728 1269 1766 :
1311 1715 1380 1766 ita
1423 1715 1587 1767 habes
1627 1723 1680 1766 et
1716 1723 1770 1766 tu
1815 1722 2053 1766 tenentes
2093 1713 2389 1766 doctrinam

823 1820 841 1851 ι
877 1800 1254 1855 Nicolaitarum
1285 1802 1470 1868 (lbid.,
1505 1803 1587 1864 Η,
1623 1803 1726 1870 lii).
1769 1822 1786 1852 ι

2503 638 2521 669 ι
2556 617 2806 688 Nunquid
2841 635 2951 669 non
2988 618 3246 672 habemus
3293 628 3642 686 potestatein,
3675 636 3914 676 sororem
3948 640 4050 677 mu-

2496 709 2680 764 lierem
2733 709 3208 771 circruntluCendi,
3271 710 3408 762 sicut
3477 709 3671 765 fratres
3727 714 3938 770 Domini
4007 727 4054 771 et

2494 800 2732 868 Ceplias?
2758 816 2777 850 ι
2803 798 2868 871 _(l
2905 799 3024 851 Cor.
3061 816 3134 862 ix,
3167 799 3249 867 5.)
3280 798 3411 853 Vide
3461 801 3732 870 insipiens,
3775 805 3901 872 quia
3956 823 4050 858 non

2495 891 2666 945 dixit:
2726 891 2972 960 Nunquid
3011 907 3111 944 non
3155 892 3410 945 habemus
3441 903 3760 961 potestatem
3812 911 4050 950 sororem

2495 982 2772 1035 mulierem
2805 981 3210 1050 amplectendi,
3237 982 3330 1036 sed
3365 983 3822 1046 Circumdueendi,
3855 985 4053 1037 scil.eet

2495 1081 2553 1128 ut
2600 1074 2664 1127 de
2699 1075 2944 1127 mercede
2985 1057 3382 1141 pradicaiionis
3413 1082 3807 1127 sustentaretur
3857 1076 3924 1129 ab
3959 1077 4049 1134 eis,

2495 1178 2592 1216 nec
2643 1172 2816 1216 tamen
2848 1161 2987 1217 foret
3014 1151 3266 1230 deinceps
3305 1163 3444 1216 inter
3485 1178 3576 1216 eos
3624 1164 3838 1219 carnale
3878 1166 4050 1233 conju-

2494 1254 2658 1323 gium.
2707 1253 2972 1307 Prrelerea
3022 1269 3118 1308 cur
3149 1251 3340 1320 aliquis
3386 1253 3552 1307 laicus
3594 1265 3851 1308 uxoratus
3907 1257 4052 1308 dubi-

2495 1345 2630 1397 tabit
2679 1345 2742 1396 ad
2795 1344 3188 1398 ecclesiasticos
3234 1345 3428 1414 gradus
3475 1346 3786 1408 ascendere,
3846 1363 3966 1398 cum
4007 1349 4051 1398 ei

2493 1449 2624 1494 una;
2664 1435 2780 1486 sine
2809 1449 2910 1502 qua
2957 1447 3075 1486 esse
3131 1449 3235 1486 non
3287 1431 3460 1495 debet,
3496 1437 3662 1501 possit
3695 1433 3759 1485 ad
3808 1437 4051 1486 carnales

2492 1523 2764 1590 amplexus
2809 1521 3088 1577 sufficere?
3118 1522 3182 1574 Et
3210 1539 3377 1590 quare
3407 1534 3480 1584 tu,
3511 1524 3600 1590 qui
3637 1534 3918 1590 tantopere
3940 1524 4051 1576 (Je-

2493 1613 2686 1667 tnentis
2734 1613 2959 1680 capitula
3008 1613 3274 1682 preponis,
3328 1613 3608 1680 epistolam
3670 1613 3785 1679 ejus
3844 1618 3909 1665 de
3951 1630 4048 1682 qua

2494 1703 2738 1771 superius
2761 1702 3016 1764 diximus,
3047 1717 3149 1754 non
3180 1701 3446 1755 attendis?
3470 1701 3543 1753 lbi
3576 1704 3716 1755 enim
3742 1704 3812 1755 ita
3830 1704 4047 1756 dicitur:

2501 1813 2517 1842 ι
2557 1794 2748 1848 Tribus
2779 1793 3029 1863 gradibus
3071 1794 3370 1846 divinorum
3409 1796 3694 1848 commissa
3727 1806 4048 1849 secretorum

887 1889 1071 1943 XXVI.
1121 1888 1449 1944 St|ﬂcccram
1487 1891 1701 1959 quidem
1737 1893 1872 1954 hmo,
1918 1907 1951 1945 ο
1998 1891 2258 1945 Νίςοιεὶια
2291 1891 2384 1944 Ni-
2418 1875 2460 1932 Β
2489 1894 2615 1937 sunt
2657 1892 3015 1944 sacramenta,
3047 1882 3096 1934 id
3127 1892 3232 1944 ρει,
3265 1885 3609 1952 preslyteris,
3666 1886 3977 1937 diacmtibus
4001 1898 4049 1938 et

815 1989 953 2042 cela,
979 1979 1044 2032 ad
1075 1980 1496 2035 convincendum
1525 1997 1785 2045 errorem,
1823 1983 1916 2036 sed
1945 1984 2068 2050 quia
2095 1982 2386 2035 canonibus

812 2072 912 2125 sub
937 2071 1151 2126 nomine
1186 2074 1550 2140 apostolorum
1597 2074 1755 2126 editis
1797 2089 1894 2126 nos
1925 2087 2116 2142 urgere
2145 2072 2382 2125 videris:

812 2173 1077 2227 exponere
1124 2161 1215 2213 tibi
1251 2169 1336 2213 tua
1373 2159 1610 2230 capitula
1643 2161 2001 2225 decrevimus,
2046 2162 2289 2229 quamvis
2323 2175 2384 2213 ea

813 2249 953 2303 inter
981 2251 1282 2319 apocrypha
1324 2265 1493 2318 usque
1541 2266 1680 2303 nunc
1715 2266 1906 2318 magna
1946 2263 2010 2303 ex
2052 2259 2204 2319 parte
2238 2266 2382 2302 com-

812 2341 1209 2408 putaverimus,
1239 2350 1295 2393 ut
1319 2352 1503 2408 aperte
1535 2352 1893 2409 cognoscatur
1935 2356 2033 2393 nec
2065 2339 2383 2408 apocryphis

811 2445 909 2484 nec
943 2433 1262 2484 authentieis
1285 2446 1376 2484 vos
1409 2439 1612 2483 vestras
1639 2430 1866 2497 ineptias
1896 2445 2050 2498 posse
2067 2429 2378 2482 defendere.

810 2521 948 2575 Ante
977 2521 1156 2576 omnia
1207 2531 1382 2574 autem
1413 2519 1829 2588 comprobauius
1861 2530 1910 2573 te
1944 2533 2063 2572 esse
2100 2519 2382 2570 mentitum

815 2613 914 2682 Ipsi
943 2613 1175 2674 veritati,
1216 2615 1267 2666 in
1297 2629 1358 2666 ce
1403 2613 1542 2680 quod
1572 2612 1752 2665 dixisti
1789 2621 2003 2664 nostros
2049 2610 2196 2679 prius
2232 2609 2382 2661 ordi-

813 2706 950 2766 nari,
989 2707 1179 2759 deinde
1211 2721 1406 2759 uxores
1438 2704 1638 2758 sortiti.
1684 2703 1817 2767 Quia
1869 2704 2006 2770 apud
2041 2717 2136 2755 nos
2182 2716 2278 2753 nec
2314 2701 2381 2753 ad

812 2795 1229 2849 sulnliaconatus
1275 2797 1497 2864 gradum
1543 2794 1829 2861 quisquam
1887 2791 2208 2850 admittitur,
2277 2791 2379 2843 nisi

810 2893 1122 2952 perpetuam
1171 2881 1564 2938 eontiuentiam’
1607 2882 1768 2935 etiam
1817 2900 1845 2935 a
1897 2881 2109 2950 propria
2157 2879 2380 2948 conjuge

811 2975 1142 3043 proliteatur.
1184 2975 1288 3029 Nec
1325 2985 1443 3044 post
1471 2977 1694 3044 gradum
1737 2975 1984 3041 cuiquam
2014 2988 2236 3026 uxorem
2276 2976 2377 3025 du-

811 3079 935 3117 cere
991 3081 1223 3134 unquam
1274 3066 1603 3119 conceditur.
1661 3063 1764 3118 Sed
1820 3072 1874 3115 tu
1931 3061 2227 3115 Eeclesiam
2283 3061 2377 3117 Dei

811 3153 994 3209 volens
1042 3154 1258 3208 efficere
1305 3170 1626 3224 synagogam
1669 3152 1882 3207 Salana:
1924 3161 1978 3205 et
2026 3153 2375 3222 prostibulum

814 3242 1029 3296 Balaam
1058 3252 1110 3296 et
1131 3241 1367 3304 Iezabel,
1399 3257 1518 3295 cum
1550 3242 1770 3296 Nieolao
1792 3243 1924 3295 dicis
1961 3259 1973 3292 :
2009 3258 2028 3291 ι
2064 3241 2379 3309 Episcopum

811 3341 866 3385 et
911 3333 1278 3402 presbyterum
1332 3341 1387 3386 et
1436 3333 1718 3386 diaconum
1773 3333 2034 3394 dicimus,
2079 3330 2170 3398 qui
2217 3344 2378 3382 unam

812 3424 974 3478 habet
1002 3440 1247 3487 uxorem,
1271 3424 1533 3488 ordinari,
1563 3424 1808 3492 quamvis
1835 3423 2012 3476 vivant
2042 3435 2228 3473 eorum
2252 3436 2379 3473 con-

810 3513 981 3582 iuges,
1018 3515 1262 3581 quamvis
1301 3513 1582 3566 defuncte.
1620 3511 1729 3565 Nec
1754 3511 1877 3564 licet
1904 3525 1997 3564 eos
2028 3519 2148 3578 post
2189 3525 2379 3562 manus

812 3602 1206 3670 impositionem
1235 3604 1486 3671 innuptos
1514 3618 1650 3666 esse,
1683 3616 1781 3654 nec
1814 3601 2029 3667 insuper
2061 3598 2127 3651 ad
2167 3599 2378 3666 nuptias

812 3693 909 3755 ire,
946 3703 1052 3755 aut,
1085 3694 1126 3746 si
1157 3693 1458 3762 nupserint,
1488 3693 1687 3745 alteras
1714 3690 1986 3759 amplecti,
2018 3689 2108 3740 sed
2140 3688 2378 3742 sufficere

813 3783 892 3835 eis
932 3797 1066 3850 quas
1099 3782 1296 3835 habent
1345 3799 1465 3835 cum
1502 3783 1567 3834 ad
1600 3780 1997 3834 ordinationem
2033 3787 2309 3831 venerunt.
2353 3796 2370 3827 ι

812 3872 856 3926 0
925 3873 1298 3925 aboniinabilis
1353 3872 1581 3941 Cyniee,
1633 3871 1901 3939 quomodo
1954 3883 2057 3920 non
2118 3867 2375 3919 crubuisti

812 3971 1021 4015 tantum
1056 3961 1206 4015 nefas
1233 3963 1515 4014 evomere?
1545 3961 1686 4030 I'lrgo
1719 3975 1822 4012 non
1850 3958 1974 4012 licet
1999 3958 2228 4024 aliquem
2259 3966 2377 4024 post

813 4067 1001 4105 manus
1051 4052 1443 4119 itnpositionem
1496 4052 1612 4104 sine
1650 4065 1816 4103 uxore
1862 4049 2018 4102 esse?
2069 4049 2123 4101 Si
2160 4049 2227 4100 ita
2268 4057 2370 4109 est,

814 4143 927 4211 ipse
972 4140 1204 4195 Joannes
1250 4139 1524 4209 apostolus
1583 4148 1634 4192 et
1677 4138 1871 4192 Paulus
1919 4147 1972 4189 ct
2023 4136 2299 4188 Barnabas
2325 4144 2377 4187 et

813 4234 986 4287 omnis
1013 4231 1294 4286 continens
1331 4231 1381 4283 in
1429 4230 1592 4299 gradu
1627 4228 1995 4283 ecclesiastico
2026 4227 2076 4277 in
2113 4229 2263 4294 ruipa
2297 4234 2376 4278 est

813 4323 997 4392 procul
1031 4324 1210 4376 dubio.
1255 4321 1404 4375 Unde
1453 4335 1670 4373 necesse
1712 4329 1882 4373 estut
1917 4319 2126 4369 futurus
2171 4318 2375 4384 episco-

815 4428 944 4481 pus,
991 4413 1304 4481 presbyter,
1364 4412 1618 4464 diaconus
1676 4418 1729 4461 et
1789 4409 2180 4470 subdiaconus,
2233 4407 2378 4476 prius

815 4517 1032 4558 uxorem
1093 4503 1367 4564 sortiatur,
1417 4517 1534 4568 qum
1602 4502 1701 4554 sibi
1761 4500 2006 4553 sufﬁcere
2069 4499 2258 4551 debeat
2314 4496 2374 4547 ad

813 4593 1056 4647 carnales
1083 4592 1389 4662 amplexus?
1421 4591 1664 4658 Nunquid
1699 4592 1847 4644 laicis
1877 4603 1981 4641 non
2006 4588 2205 4640 sufticit
2237 4588 2376 4638 una?

815 4684 916 4736 nisi
940 4683 1076 4735 forte
1117 4683 1394 4749 discipulis
1430 4681 1646 4750 maligni
1685 4679 1988 4739 Muhamed,
2013 4677 2162 4744 cujus
2195 4674 2379 4728 farina:

818 4782 958 4826 totus
1003 4788 1079 4825 es.
1131 4772 1206 4824 Tn
1243 4787 1452 4840 quoque
1477 4774 1597 4839 quia
1631 4773 1910 4840 presbyter
1933 4783 2014 4830 es,
2063 4769 2181 4820 sine
2213 4779 2379 4820 uxore

813 4877 932 4915 esse
961 4876 1063 4914 non
1098 4859 1273 4919 debes,
1309 4860 1595 4913 set-undam
1627 4860 1946 4913 assertiones
1968 4868 2100 4909 tuas.

888 4949 1094 5004 XXVII.
1131 4949 1233 5001 Sed
1274 4949 1382 5016 jam
1415 4951 1686 5001 videamus
1733 4946 1957 5016 capitula
2005 4946 2198 5014 quibus
2225 4955 2380 5012 putas

815 5057 970 5110 posse
1002 5039 1212 5093 defendi
1251 5042 1508 5093 adulteria
1558 5041 1890 5093 sacierdotum
1913 5079 1925 5100 ,
1973 5054 2076 5090 non
2107 5035 2374 5104 ronjugia.

818 5149 842 5180 ‹
887 5132 1192 5198 Episcopus,
1214 5131 1448 5197 inquam,
1479 5130 1861 5197 presbyteraut
1887 5128 2376 5179 dzaconusuxorem

817 5237 969 5276 suam
1029 5235 1132 5273 non
1207 5221 1420 5288 abjiciat
1485 5220 1704 5270 obtentu
1755 5216 2038 5284 religionis.
2093 5215 2151 5266 Si
2199 5225 2376 5266 autent

820 5311 1107 5380 abiecerit,
1165 5317 1556 5377 sequestretur,
1609 5321 1954 5375 perseverans
1989 5313 2166 5357 autem
2213 5304 2375 5371 depo-

819 5410 996 5452 natur.
1035 5421 1051 5450 ι
1089 5399 1318 5452 Omnino
1345 5397 1660 5451 confitemur
1714 5412 1816 5448 non
1858 5395 2018 5446 licere
2047 5394 2376 5461 episcopum,

822 5490 1220 5558 presbyterum,
1277 5490 1549 5542 diaconem
1581 5487 1660 5540 vel
1711 5486 2091 5539 subdiaconem
2157 5500 2376 5538 uxorem

823 5582 1090 5648 pi-Opriam
1129 5597 1285 5633 causa
1335 5579 1609 5647 religionis
1636 5577 1866 5644 abjicere
1894 5591 1922 5627 a
1965 5591 2092 5627 cura
2121 5589 2238 5637 sna,
2268 5574 2377 5628 sci-

823 5669 949 5721 licet
1001 5677 1057 5719 nt
1109 5669 1155 5720 ci
1187 5670 1379 5719 \it'lltIll
1426 5676 1478 5718 et
1537 5665 1784 5716 vestitum
1836 5662 2132 5732 provideat,
2161 5676 2264 5713 non
2320 5672 2378 5715 nt.

826 5772 946 5810 cum
996 5756 1079 5809 illa
1121 5772 1182 5810 ex
1219 5769 1361 5812 more
1409 5755 1696 5809 carnaliter
1716 5754 1910 5822 jaceat.
1944 5752 2033 5804 Sic
2083 5759 2138 5804 et
2164 5761 2378 5804 sanctos

2487 1973 2916 2028 subdiaconibus.
2946 1991 2964 2023 ι
2993 1973 3054 2025 Et
3075 1983 3193 2041 post
3221 1975 3469 2026 nommlla
3506 1993 3518 2026 :
3549 1994 3566 2024 ι
3613 1975 3842 2028 Ministri
3872 1977 4048 2028 altaris

2487 2064 2551 2117 ad
2580 2063 2852 2117 Dominica
2888 2063 3018 2117 tales
3039 2064 3308 2133 eligantur
3331 2065 3527 2128 officia,
3563 2066 3649 2134 qni
3680 2078 3804 2119 ante
3836 2070 4047 2120 ordina-

2489 2159 2686 2213 tionem
2725 2158 2976 2227 conjuges
3023 2168 3310 2222 noverunt,
3343 2161 3553 2214 scilicet
3577 2163 3618 2213 si
3646 2175 3859 2228 semper
3886 2163 4047 2213 (onu-

2486 2265 2614 2304 nere
2643 2249 2931 2303 voluerint.
2951 2249 3100 2314 Quod
3131 2249 3173 2301 si
3199 2259 3316 2317 post
3341 2250 3732 2304 ordinationem
3771 2252 4048 2320 contigerit

2487 2338 2788 2390 ministrum
2817 2337 3316 2405 preprizeinvadcre
3347 2339 3518 2392 cubile
3543 2341 3748 2400 uxoris,
3773 2342 4046 2394 seei-clarii

2486 2443 2588 2480 non
2633 2437 2768 2480 terat
2819 2427 3030 2489 limina,
3081 2443 3178 2481 nec
3235 2430 3478 2482 sacriiicii
3532 2432 3754 2498 portitor
3804 2432 3923 2495 fiat,
3956 2447 4048 2484 nec

2483 2518 2652 2570 altare
2683 2519 2978 2582 contingat,
3013 2531 3109 2570 nec
3148 2518 3214 2570 ab
3243 2517 3594 2574 offerentibus
3630 2521 3942 2574 holocausta
3968 2524 4045 2571 vel

2483 2606 2778 2662 oblationes
2822 2605 3096 2672 suscipiat,
3131 2622 3228 2658 nec
3267 2608 3330 2659 ad
3357 2608 3615 2660 Dominiei
3647 2611 3893 2677 corpmis
3932 2627 4049 2678 por-

2486 2700 2682 2753 tionem
2719 2699 2954 2751 accedat.
2989 2697 3194 2765 Aquam
3229 2700 3569 2751 sacerdotum
3599 2703 3838 2768 porrigat
3880 2705 4045 2754 mani-

2481 2790 2602 2852 bus,
2629 2788 2763 2841 ostia
2812 2785 3108 2838 forinsecus
3140 2788 3386 2850 claudat;
3420 2791 3628 2842 minora
3663 2801 3868 2844 tantum
3903 2806 4047 2861 gerat

2480 2878 2676 2940 offi.~ia,
2709 2891 2927 2929 urceum
2964 2889 3091 2928 sane
3113 2876 3178 2927 ad
3214 2877 3385 2929 altare
3413 2892 3517 2930 non
3550 2891 3820 2947 suggerat.
3863 2901 3880 2931 ›

2550 2971 2777 3025 XXVIII.
2806 2970 2970 3023 Porro
3012 2969 3244 3034 synodus
3298 2966 3510 3021 Nicena
3565 2972 3788 3024 omnino
3826 2988 4048 3026 venera-

2481 3062 2604 3116 bilis
2633 3072 2686 3115 et
2712 3064 3041 3127 authemira,
3081 3066 3158 3118 sic
3189 3066 3254 3118 de
3289 3066 3399 3118 suis
3423 3066 3578 3126 actis,
3629 3063 3680 3115 id
3728 3074 3834 3124 est,
3869 3063 4046 3119 subin-

2487 3154 2745 3206 troductis
2769 3155 2925 3208 habet
2959 3173 2970 3206 :
3011 3174 3026 3205 ι
3063 3155 3398 3209 Ouznimodis
3436 3155 3705 3208 interdicit
3736 3166 3929 3207 sancta
3962 3170 4043 3223 sy-

2484 3244 2677 3307 nodus,
2721 3255 2774 3298 et
2817 3261 2990 3314 neque
3018 3247 3284 3316 episcopo,
3321 3261 3492 3315 neque
3519 3246 3850 3313 presbytero.
3883 3259 4045 3312 neque

2480 3333 2723 3395 diacono,
2791 3349 2963 3403 neque
3028 3335 3117 3388 ulli
3152 3337 3369 3388 omnino
3410 3336 3729 3387 clericorum
3787 3337 4042 3401 permittit

2480 3423 2678 3477 habere
2705 3439 2883 3477 secum
2921 3426 3194 3477 mulierem
3247 3436 3582 3486 extraneam,
3615 3425 3716 3476 nisi
3762 3425 3904 3477 forte
3939 3437 4039 3476 ma-

2482 3524 2562 3568 ter
2582 3515 2908 3576 sit,sororve
2933 3525 3019 3568 aut
3050 3517 3234 3569 amita.
3265 3517 3318 3568 In
3347 3517 3434 3569 Itis
3464 3532 3694 3582 namque
3727 3517 3975 3580 personis
3996 3525 4042 3562 et

2479 3604 2669 3657 borum
2707 3605 2969 3658 similibus
2990 3607 3166 3659 omnis
3187 3607 3421 3674 suspicio
3456 3606 3780 3658 declinatur.
3812 3608 3914 3670 Qui
3951 3622 4038 3655 au-

2481 3702 2586 3746 tem
2615 3697 2939 3763 prmteragit,
2970 3697 3361 3764 periclitabitur
3385 3698 3450 3750 de
3493 3697 3684 3748 ordine.
3710 3713 3832 3748 suo.
3867 3717 3883 3745 ι

2550 3783 2740 3836 XXIX.
2792 3783 2990 3837 Beatus
3039 3799 3254 3852 quoque
3299 3800 3432 3852 papa
3489 3783 3837 3836 Innocentius
3897 3785 4042 3833 lalila's

2481 3873 2602 3926 hinc
2633 3873 2874 3928 scribens
2922 3874 3217 3943 Exsuperio
3251 3877 3502 3942 episeopo
3549 3875 3819 3928 'l‘olOsano
3864 3878 3986 3928 dicit
4026 3894 4035 3925 :

2484 3985 2501 4016 ι
2539 3963 2866 4034 Proposuisti
2907 3967 3034 4033 quid
3089 3968 3153 4018 de
3196 3968 3280 4019 his
3330 3967 3606 4018 observari
3658 3967 3873 4019 debeat.
3917 3979 4036 4034 quos

2479 4056 2709 4108 diaconii
2735 4057 3051 4118 ministerio,
3092 4068 3182 4110 aut
3227 4058 3276 4109 in
3323 4057 3501 4111 oftieio
3553 4059 3756 4123 positos
3814 4061 4006 4109 incocti

2481 4158 2665 4199 nentes
2689 4163 2806 4200 esse
2831 4158 2923 4198 ant
2947 4148 3109 4200 fuisse
3134 4150 3372 4213 generati
3403 4149 3496 4200 tibi
3531 4149 3842 4216 prodidere.
3876 4148 3944 4200 De
3966 4149 4039 4200 bis

2478 4246 2528 4285 et
2561 4235 2856 4287 divinarum
2887 4235 3056 4304 legunt
3097 4245 3179 4289 est
3211 4237 3514 4304 disciplina.
3548 4248 3596 4288 et
3645 4237 3816 4290 beata.
3866 4251 4036 4289 recer-

2479 4326 2712 4378 dationis
2743 4327 2838 4378 Vll‘l
2865 4327 3041 4380 Siricii
3073 4328 3310 4394 epierpi
3363 4327 3558 4379 monita
3589 4328 3864 4378 evidentia
3893 4342 4034 4378 com-

2481 4427 2743 4481 meat-unt,
2796 4426 2850 4468 ut
2907 4418 3302 4469 incontinentes
3335 4418 3385 4469 in
3415 4415 3604 4468 oflieiis
3662 4417 3863 4470 talibus
3891 4419 4034 4484 posui

2411 4527 2452 4582 ε)
2481 4508 2622 4559 omni
2657 4508 2860 4559 honore
2891 4507 3258 4558 ecclesiastico
3289 4507 3647 4572 pi-ivarentur,
3699 4516 3800 4558 nec.
3853 4508 4037 4556 adiun-

2483 4607 2720 4651 terentur
2747 4599 2998 4649 accedere
3045 4596 3110 4648 ad
3159 4597 3511 4648 ministerium
3541 4598 3683 4662 q-io.l
3728 4596 3841 4646 sola
3875 4606 4032 4648 conn-

2483 4687 2660 4739 nentia
2698 4695 2908 4755 Oportet
2959 4686 3185 4753 impleri.
3215 4705 3231 4736 ι
3285 4687 3426 4738 Ideni
3474 4687 3539 4736 ad
3573 4684 3885 4738 Vit-tritinia
3928 4699 4033 4750 epi-

2482 4790 2696 4844 sc0pum
2733 4794 2744 4826 :
2793 4795 2809 4824 ι
2846 4774 3110 4828 Praeterea
3151 4777 3291 4842 quod
3339 4776 3557 4842 dignum
3621 4784 3674 4826 et
3704 4776 3953 4841 pudicum
3987 4783 4036 4822 et

2480 4865 2764 4918 honestum
2799 4871 2978 4916 tenere
3004 4863 3238 4916 Ecclesia
3276 4865 3585 4915 omnimodo
3623 4863 3807 4925 debet,
3854 4875 3909 4914 nt
3960 4877 4036 4913 sa-

2479 4955 2724 5006 cerdotes
2769 4961 2822 5005 et
2873 4954 3044 5005 levita:
3092 4968 3212 5006 cum
3262 4954 3520 5005 uxoribus
3563 4952 3675 5004 suis
3699 4969 3804 5004 non
3831 4963 4033 5011 Coeant,

2479 5045 2602 5112 quia
2637 5044 2918 5098 ministerii
2939 5044 3231 5111 quotidiani
3255 5044 3664 5096 necessitatibus
3689 5055 4030 5111 occupantur.

2483 5133 2752 5200 Scriptum
2775 5133 3010 5184 estenim
3037 5150 3048 5184 :
3079 5153 3094 5181 ι
3123 5133 3782 5199 5ιιιιςιίοειοιε,ιιι;ο;ιίιιιιι
3809 5147 4034 5200 egns-nn-

2485 5239 2502 5270 ι
2541 5233 2655 5274 ctus
2671 5237 2808 5283 sum,
2834 5221 2959 5272 dicit
2977 5221 3231 5273 Dominus
3256 5220 3392 5273 Deus
3408 5221 3786 5288 vester(Lerit.
3809 5223 4029 5277 uti.»

2483 5309 2612 5360 Nam
2630 5309 2821 5377 priscis
2845 5308 3176 5376 temporibus
3196 5309 3261 5361 de
3277 5310 3472 5376 templo
3493 5308 3585 5362 Ι)ιί
3615 5325 3757 5362 anno
3776 5313 3908 5362 tiri;
3933 5327 4030 5363 sua:

2481 5413 2584 5451 non
2613 5398 2974 5461 discedebant,
3029 5398 3166 5450 sicut
3209 5399 3273 5450 de
3326 5398 3587 5450 Zaeliaria
3643 5398 3894 5465 legimus,
3945 5413 4032 5450 ιδιε

2479 5488 2693 5540 domum
2740 5502 2890 5539 suam
2947 5487 3164 5539 omnino
3222 5487 3530 5555 tangeb.:nt,
3602 5490 3796 5553 quibus
3858 5490 4030 5554 tuique

2480 5584 2698 5644 propter
2729 5575 2926 5628 sobolis
2971 5577 3385 5637 successionem,
3439 5578 3662 5630 uxorius
3711 5594 3837 5636 υςιι,
3868 5579 4028 5629 fuerat

2483 5664 2782 5726 relaxatus;
2842 5662 2968 5730 quia
3019 5679 3082 5714 ex
3141 5663 3240 5715 alia
3295 5665 3436 5716 tribu
3479 5674 3532 5716 et
3585 5678 3806 5733 propter
3856 5682 4024 5720 semen

2480 5755 2659 5806 Aaron
2687 5754 2752 5805 ad
2778 5754 3135 5807 sacerdotium
3163 5755 3341 5808 nullus
3372 5755 3545 5808 fuerat
3577 5759 3869 5824 permissus
3891 5773 4024 5812 acce-
