4190 6458
207 401 344 466 103Ἱ

1519 403 1816 466 CONTRA
1854 405 2212 466 NICETAM.

3277 411 3417 476 1038

201 527 350 580 dere.
409 520 620 586 Quanto
679 522 848 588 inagis
881 523 934 574 hi
967 523 1275 578 sacerdotes
1327 521 1407 574 vel
1466 522 1638 575 levita:
1670 537 1762 588 pu-
1795 526 1843 583 Α
1881 519 2249 574 benedictione
2299 523 2613 578 sacerdotali
2650 526 2910 590 permittit
2953 544 2964 578 :
3012 542 3114 582 non
3138 539 3313 584 autem
3343 535 3423 584 vi-

199 613 442 668 dicitiam
467 624 533 664 es
587 611 673 664 die
721 611 1077 665 ordinationis
1140 627 1249 666 sine
1303 624 1521 666 servare
1546 611 1759 673 debent,

197 701 397 770 quibus
417 700 778 755 sacerdotium
792 700 872 751 rel
899 701 1256 754 ministerium
1287 702 1402 755 sine
1425 705 1764 758 successione

197 799 303 852 est,
338 804 437 844 nec
463 791 701 857 praeterit
735 790 850 843 dies
895 803 1000 858 qua
1039 789 1121 843 vel
1173 805 1200 842 a
1245 790 1527 844 sacriﬁciis
1567 791 1761 846 divinis

199 890 291 932 aut
323 880 663 947 baptismatis
683 877 863 934 ofﬁcio
912 881 1137 933 vacent?
1181 879 1316 934 Nam
1360 882 1402 934 si
1444 881 1644 936 Paulus
1697 885 1762 938 ad

197 967 511 1024 Corinthios
531 969 744 1034 scribit,
777 969 962 1025 dicens
993 987 1006 1021 :
1042 989 1060 1020 ι
1099 970 1382 1023 Ahstinete
1411 985 1505 1024 vos
1534 972 1600 1023 ad
1624 979 1760 1024 tem-

201 1073 222 1105 ι
259 1071 374 1123 pus,
408 1067 466 1110 ut
512 1059 714 1114 vacetis
743 1062 973 1114 orationi
1005 1060 1055 1125 (Ι
1081 1061 1202 1115 (.‘or.
1239 1075 1334 1126 vn,
1365 1061 1452 1129 5);
1493 1081 1511 1112 ι
1555 1071 1608 1116 et
1660 1063 1763 1116 hoc

196 1148 382 1214 utique
434 1148 585 1202 laicis
632 1152 914 1220 prazcepit;
982 1152 1148 1207 multo
1198 1152 1369 1222 magis
1429 1154 1759 1216 sacerdotes,

194 1236 392 1304 quibus
416 1245 469 1290 cl
495 1239 682 1298 orandi
721 1248 776 1296 et
809 1237 1149 1298 sacriﬁcandi
1187 1240 1316 1311 iuge
1363 1240 1601 1297 ofﬁcium
1652 1251 1760 1306 est,

195 1341 408 1398 semper
437 1330 702 1385 debebunt
731 1331 800 1384 ab
825 1331 1122 1400 huiusmodi
1148 1334 1419 1390 consortio
1441 1335 1714 1389 abstinere
1745 1350 1758 1385 :

193 1417 285 1484 qui
333 1418 375 1470 si
420 1420 816 1475 contaminatus
864 1419 1025 1476 fuerit
1055 1423 1263 1478 carnali
1317 1425 1758 1492 concupiscentia

192 1509 435 1562 exaudiri
468 1526 625 1579 posse
657 1527 714 1566 se
743 1514 951 1567 credit?
999 1530 1121 1568 cum
1146 1515 1348 1569 dictum
1372 1515 1441 1570 sit
1468 1533 1481 1568 :
1516 1531 1534 1565 ι
1568 1514 1760 1570 Omnia

196 1616 215 1648 ι
254 1599 449 1652 mntida
477 1602 716 1662 mundis;
769 1604 1133 1671 coinquinatis
1159 1613 1338 1658 autem
1371 1615 1423 1658 et
1457 1603 1760 1658 inﬁdelibus

191 1687 323 1740 nihil
353 1689 607 1743 ntundum
641 1689 764 1760 (Tit.
794 1707 834 1756 ι,
884 1691 994 1759 15).
1031 1711 1050 1745 i
1085 1690 1190 1747 Sed
1218 1690 1445 1748 fortasse
1469 1696 1570 1748 hoc
1598 1693 1759 1748 licere

191 1777 384 1838 credit,
444 1779 569 1846 quia
620 1780 878 1848 scriptum
926 1791 1009 1835 est
1063 1798 1074 1832 :
1133 1801 1151 1832 ι
1203 1782 1373 1837 Unius
1435 1784 1618 1838 uxoris
1681 1783 1759 1836 vi-

1867 609 2024 661 duam
2050 620 2096 660 et
2126 613 2479 678 repudiatam;
2517 617 2637 680 quia
2673 628 2890 682 propter
2927 617 3024 684 hoc
3053 617 3222 670 solum
3273 619 3426 674 dein-

1866 710 1993 763 ceps
2049 710 2146 752 nec
2203 700 2268 752 ad
2317 702 2756 755 sulnliaconatum
2782 703 3000 772 provehi
3029 713 3296 772 poterunt,
3325 722 3422 762 nec

1865 789 2030 844 laicus
2060 807 2164 844 non
2199 793 2460 861 Virginem
2495 796 2720 848 sortitus
2746 812 3000 859 uxorem,
3038 806 3129 850 aut
3183 797 3425 868 bigamus

1864 877 1930 930 ad
1961 877 2294 934 clericatum.
2340 881 2489 946 Quod
2535 883 2578 935 si
2626 883 2746 950 quis
2780 884 3117 950 praefatorum
3171 887 3420 941 ordinum

1863 966 2132 1021 desiderat
2151 969 2218 1021 ad
2245 970 2687 1023 subdiaconatum
2712 973 3022 1035 ascendere,
3062 974 3300 1041 nequihit
3323 975 3426 1029 hoc

1863 1055 1979 1107 sine
2002 1069 2264 1110 consensu
2294 1059 2474 1111 littoris
2499 1073 2628 1122 sine,
2655 1070 2712 1115 ut
2731 1061 2800 1115 de
2828 1063 3028 1116 carnali
3054 1063 3308 1133 deinceps
3330 1064 3424 1118 ﬁat

1864 1143 2168 1214 conjugiom
2219 1148 2517 1217 spirituale,
2568 1151 2783 1206 nemine
2809 1166 2903 1206 eos
2942 1152 3008 1205 ad
3049 1154 3151 1208 hoc
3174 1163 3419 1224 cogente.

1861 1233 1970 1303 l‘iec
1999 1235 2324 1303 permittitur
2343 1247 2527 1308 postea
2551 1255 2684 1295 uxor
2710 1242 2865 1311 jungi
2903 1242 3076 1296 eidem
3106 1257 3204 1297 suo
3227 1244 3421 1298 marito

1862 1326 2165 1388 carnaliter,
2225 1341 2324 1380 nec
2370 1330 2617 1399 cuiquam
2657 1331 2860 1385 nubere
2910 1332 2962 1386 in
3015 1333 3124 1386 vita
3176 1342 3268 1386 aut
3301 1345 3421 1402 post

1863 1422 2088 1470 mortem
2116 1415 2273 1481 illius,
2302 1417 2497 1485 alioqui
2516 1420 3029 1475 'auathematizanda
3057 1431 3141 1476 est
3169 1440 3184 1476 :
3213 1423 3350 1476 sicut
3368 1433 3421 1476 et

1861 1501 2136 1567 diaconus,
2161 1512 2216 1557 et
2235 1505 2615 1573 subdiaconus,
2638 1520 2693 1562 et
2712 1511 2995 1580 presbyter
3016 1522 3107 1564 aut
3131 1511 3417 1581 episcopus

1862 1588 2202 1657 deponendus
2233 1606 2382 1645 suam
2414 1603 2681 1662 repetens,
2727 1604 2820 1649 aut
2864 1607 3173 1652 extraneum
3200 1599 3419 1661 ducens,

1853 1677 2007 1746 juxta
2035 1679 2175 1746 quod
2206 1680 2256 1732 in
2288 1680 2703 1737 Neocresariensi
2726 1685 2955 1740 concilio
2979 1687 3264 1742 orthodoxi
3291 1703 3420 1742 san-

1860 1778 1988 1819 xere
2016 1765 2221 1821 Patres.

190 1880 309 1917 mm
343 1864 391 1928 (ι
423 1865 581 1932 Tim”
617 1883 699 1934 ,η’
727 1867 803 1938 2),
845 1889 864 1920 ,
900 1869 1014 1924 Non
1067 1881 1284 1942 propter
1331 1873 1754 1941 permanentia",
1789 1872 1831 1932 Β
1927 1853 2160 1912 XXXIII.
2188 1856 2407 1914 Talibus
2447 1873 2574 1928 ergo
2620 1863 2996 1919 traditionibus
3048 1880 3215 1934 usque
3261 1882 3402 1921 ntmc

189 1956 244 2007 in
272 1957 706 2024 concupiscentia
736 1961 1024 2029 generandi
1075 1962 1173 2016 hoc
1202 1962 1357 2028 dixit,
1412 1963 1504 2018 sed
1541 1972 1759 2032 propter

185 2051 574 2104 continentiam
606 2051 860 2106 litteram.
888 2053 1072 2123 Neque
1091 2055 1234 2109 enim
1267 2056 1504 2126 integros
1531 2071 1758 2125 Corpore

189 2157 295 2194 non
343 2142 577 2207 admisit,
632 2145 722 2212 qui
778 2147 892 2197 ait:
929 2164 947 2195 ι
989 2147 1185 2200 Vellem
1220 2159 1398 2213 autem
1426 2163 1614 2204 onmcs
1639 2163 1758 2204 esse

189 2233 330 2286 sicut
363 2243 417 2285 et
471 2247 571 2303 ego
618 2233 668 2300 (Ι
700 2235 943 2302 Conv",
1004 2238 1079 2301 Ἰ).
1128 2239 1192 2292 Et
1228 2243 1466 2309 apertius
1518 2240 1759 2296 declarat

189 2321 374 2374 dicens
405 2337 420 2373 :
450 2339 466 2370 ι
497 2323 595 2388 Qui
624 2332 802 2378 autem
831 2325 882 2378 iu
907 2341 1067 2382 carne
1096 2338 1242 2392 sunt,
1273 2329 1382 2384 Deo
1405 2329 1621 2400 placere
1649 2346 1755 2385 non

193 2430 210 2460 ι
250 2421 492 2478 possunt.
523 2411 626 2467 Vos
649 2424 828 2469 autem
843 2416 956 2484 jam
983 2433 1087 2472 non
1116 2421 1247 2475 estis
1283 2421 1334 2474 in
1368 2435 1553 2485 carne,
1579 2422 1668 2477 sed
1704 2423 1754 2475 in

189 2517 207 2548 ι
242 2501 431 2566 Spiritu
463 2501 634 2570 (Rom.
670 2519 784 2567 vm,
807 2499 884 2574 8).
917 2525 935 2555 ι
967 2508 1033 2561 fit
1079 2509 1364 2563 habentem
1417 2509 1608 2574 ﬁlium,
1653 2526 1754 2564 non

184 2601 533 2662 generantth
557 2594 709 2648 dixit.
746 2616 764 2647 i

262 2680 429 2736 XXX.
456 2681 520 2736 Et
575 2685 896 2740 venerabilis
950 2703 1086 2756 papa
1133 2689 1402 2744 Siricius:
1444 2708 1460 2739 ι
1505 2689 1754 2745 Femiuas

185 2788 290 2826 non
337 2775 470 2828 alias
518 2790 636 2830 esse
681 2779 916 2846 patimur
967 2780 1018 2833 in
1092 2781 1339 2835 domibus
1398 2781 1749 2844 clericorum,

184 2860 292 2914 nisi
331 2876 422 2915 eas
450 2871 656 2916 tantum
685 2880 820 2932 quas
852 2875 1070 2935 propter
1121 2867 1263 2921 solas
1294 2871 1750 2925 necessitudinum

186 2965 379 3006 causas
436 2953 680 3010 habitare
718 2970 837 3010 cum
868 2957 1056 3012 iisdem
1086 2958 1319 3027 synodus
1366 2958 1576 3015 Nicaeus
1628 2976 1752 3030 per-

187 3040 354 3092 misit.
393 3059 411 3090 ο

261 3128 454 3184 XXXI.
482 3130 712 3188 Sanctus
740 3134 932 3190 deinde
958 3135 1066 3192 Leo
1109 3154 1244 3208 papa
1277 3140 1536 3195 mirabilis
1569 3142 1756 3195 doctor

1859 1953 2044 1999 sancta
2072 1945 2312 2000 Ilomana
2365 1947 2600 2003 Ecclesia
2645 1959 2700 2004 et
2750 1954 3041 2020 apostolica
3078 1955 3235 2010 sedes
3273 1958 3420 2010 omni

1859 2034 2058 2088 mundo
2093 2034 2320 2100 refulsit,
2365 2052 2463 2092 nec
2511 2038 2799 2107 aliquando
2843 2040 3081 2096 Judaicis
3145 2041 3338 2097 fabulis
3371 2057 3424 2097 et

1857 2125 2177 2194 apocryphis
2201 2128 2482 2196 scripturis
2517 2132 2806 2198 acquievit,
2835 2134 2928 2187 sed
2955 2149 3048 2203 per
3077 2136 3278 2203 primos
3298 2150 3425 2204 apo-

1859 2211 2116 2268 stolorum
2141 2215 2193 2268 in
2222 2216 2334 2284 ipso
2361 2232 2572 2272 summo
2599 2220 2844 2290 angulari
2874 2221 3051 2292 lapide
3083 2225 3300 2280 Christo
3333 2225 3422 2280 ,ιε-

1859 2317 1921 2355 su
1952 2301 2195 2366 hindata,
2227 2303 2385 2383 nullis
2416 2307 2710 2364 hairesibus
2735 2312 2931 2377 cessit,
2961 2328 3059 2368 nec
3088 2315 3364 2383 prohibuit
3393 2333 3420 2372 a

1857 2390 2105 2460 coniugio
2133 2381 2340 2445 laicos':
2375 2396 2468 2449 sed
2504 2397 2643 2450 sacri
2695 2397 2883 2454 altaris
2921 2401 3193 2457 ministros
3213 2412 3267 2459 et
3293 2420 3421 2474 apo-

1857 2480 2098 2534 stolicam
2123 2482 2502 2548 perfectionem
2533 2487 2806 2556 professos
2831 2494 3143 2548 monachos.

1933 2571 2163 2636 XXXIV.
2216 2571 2304 2626 Illa
2364 2586 2542 2631 tamen
2596 2579 2858 2646 Ecclesia,
2909 2598 3069 2652 quam
3116 2585 3278 2642 Arius
3306 2603 3423 2644 cor-

1858 2661 2020 2728 rupit,
2077 2660 2416 2717 Macedonius
2467 2668 2757 2733 prostituit,
2809 2685 2924 2739 qua:
2966 2674 3234 2740 genimiua
3280 2677 3426 2744 γῆρυν

1859 2765 2062 2812 rarum,
2111 2750 2294 2813 idest,
2346 2752 2676 2820 Nestorium,
2706 2757 3003 2825 Eutrchen,
3054 2762 3426 2818 Monotbelitas

1855 2849 1909 2893 et
1956 2841 2378 2911 'I‘heupasehilas
2425 2855 2478 2898 et
2535 2846 2771 2917 reliquas
2819 2853 3190 2908 haereticorum
3243 2867 3424 2925 pestes

1856 2932 2085 2998 peperit,
2111 2932 2288 2986 adhuc
2321 2949 2349 2986 a
2397 2933 2600 2990 Nicolai
2651 2939 3022 2998 lueresiarcbaa
3049 2945 3421 3014 complexibus

1856 3017 2095 3074 abstrahi
2124 3036 2228 3073 non
2259 3023 2451 3092 potuit,
2495 3025 2628 3081 adeo
2678 3037 2735 3082 ut
2757 3031 2824 3084 ad
2848 3033 2989 3084 sacri
3027 3034 3218 3090 altaris
3261 3038 3420 3091 ruini-

1855 3109 2077 3164 sterium
2108 3112 2438 3168 ordinandus
2475 3116 2769 3188 interroget
2816 3135 2882 3175 an
2941 3121 3174 3178 habeant
3206 3142 3423 3182 uxores.

185 3225 242 3272 et
269 3229 467 3274 sanctae
487 3220 938 3280 Chalcedonensis
959 3229 1144 3297 synodi
1169 3238 1379 3295 auctor,
1405 3245 1616 3285 onmem
1642 3248 1753 3286 am-
1782 3217 1826 3279 (εἶ

1782 3217 1826 3279 ρ
1857 3200 1956 3266 Qui
1983 3203 2366 3270 respondentes
2393 3220 2450 3260 se
2497 3222 2601 3262 non
2646 3211 2844 3267 habere
2879 3215 3271 3286 compelluntur
3317 3222 3427 3288 pri-

187 3311 504 3379 biguitatem
538 3313 695 3380 hujus
741 3318 818 3370 rei
850 3317 1172 3395 abscindens
1217 3323 1332 3374 ait:
1369 3341 1385 3372 ι
1433 3321 1536 3376 Lex
1587 3326 1756 3378 conti--

189 3402 390 3455 nentiae
433 3404 618 3458 eadem
650 3416 730 3460 est
779 3408 964 3464 altaris
1013 3412 1294 3476 ministris,
1337 3428 1454 3482 qua:
1491 3416 1755 3486 episcopis

198 3500 362 3558 atque
392 3493 740 3564 presbyteris.
787 3496 884 3564 Qui
916 3514 1037 3552 cum
1061 3511 1242 3555 essent
1265 3502 1410 3569 laici,
1442 3504 1555 3558 sive
1587 3504 1753 3560 lecto-

191 3593 304 3642 res,
350 3579 494 3634 licite
536 3591 590 3636 et
635 3600 828 3641 uxores
870 3588 1064 3643 ducere
1094 3600 1148 3644 et
1181 3591 1317 3647 lilios
1347 3609 1630 3662 procreare
1661 3610 1754 3664 po-

188 3679 430 3723 lin-runt.
482 3670 585 3728 Sed
627 3689 748 3729 cum
797 3678 862 3730 ael
901 3681 1183 3746 praedictos
1211 3698 1508 3750 pervenere
1530 3689 1752 3751 gradus,

184 3770 475 3826 coeperunt
508 3763 584 3816 eis
615 3779 720 3817 non
750 3766 910 3823 licere
937 3784 1055 3838 quae
1104 3772 1387 3828 licuerunt.
1426 3775 1576 3836 Unde
1603 3788 1661 3830 ut
1692 3781 1755 3832 de

185 3851 390 3904 carnali
423 3851 516 3909 ﬁat
571 3856 845 3926 spirituale
899 3861 1228 3932 coniugium,
1280 3876 1493 3938 Oportet
1536 3883 1631 3924 eos
1655 3883 1754 3924 nec

187 3942 460 3998 dimittere
498 3961 711 4011 uxores,
735 3957 788 4003 et
813 3955 966 4019 quasi
998 3969 1102 4008 non
1131 3957 1366 4012 habeant
1391 3957 1470 4011 sic
1495 3959 1694 4013 habere
1739 3979 1750 4012 :

184 4050 295 4104 quo
320 4045 376 4089 et
425 4036 569 4091 salva
614 4039 684 4093 sit
735 4043 970 4098 Charitas
1001 4047 1414 4112 eorumbiorum,
1454 4059 1507 4110 et
1545 4062 1756 4105 cessent

191 4141 356 4196 opera
389 4128 716 4196 nuptiarum.
751 4151 769 4183 ι
821 4132 957 4187 Ecce
981 4135 1066 4188 isti
1095 4153 1215 4190 eam
1261 4137 1424 4193 Petro
1450 4150 1504 4194 et
1534 4155 1628 4209 per
1659 4142 1758 4196 Pc-

189 4226 334 4270 trum
380 4217 555 4273 eﬁ‘ecti
605 4221 857 4292 clavigeri
894 4228 1042 4293 regni
1074 4228 1356 4294 cmlorum,
1417 4232 1486 4284 ita
1520 4235 1754 4286 conl'riu-

191 4314 328 4373 gunt
363 4321 554 4362 omnes
606 4308 897 4365 claviculas
951 4313 1293 4370 infernalium
1347 4330 1650 4388 portarum,
1699 4334 1755 4375 ut

192 4395 334 4448 nulla
352 4395 466 4464 jam
491 4399 721 4466 supersit
746 4400 965 4457 haeresis
995 4402 1397 4462 Nicolaitarum.

265 4503 476 4558 XXXII.
508 4505 611 4560 Sel
641 4523 708 4562 ne
741 4511 868 4579 quid
915 4513 1090 4569 ruinas
1137 4496 1334 4613 factum
1385 4522 1555 4584 dicas,
1585 4539 1754 4578 scr.a-
1787 4552 1837 4613 υ

190 4592 287 4645 tim
319 4600 373 4644 et
410 4602 593 4660 aperte
625 4611 1030 4666 prosequemur,
1055 4605 1182 4671 quid
1215 4604 1455 4662 Romana
1517 4611 1756 4669 Ecclesia

189 4683 245 4736 in
270 4684 528 4750 gradibus
564 4685 883 4744 clericorum
911 4703 1052 4764 agat.
1085 4697 1322 4755 Clericos
1361 4711 1570 4758 tantum
1592 4710 1757 4762 ostia-

192 4772 326 4835 rius,
355 4772 603 4841 lectores,
630 4779 947 4846 exorcistas,
988 4787 1354 4858 ttacolythos,
1390 4794 1435 4847 si
1483 4807 1634 4853 extra
1664 4816 1749 4854 ro-

193 4875 307 4918 tum
342 4873 395 4916 et
425 4864 662 4920 habitum
695 4870 941 4927 monachi
985 4876 1330 4934 inveniuntur
1369 4894 1424 4938 et
1465 4889 1752 4944 continen-

191 4954 322 5007 tiam
348 4953 588 5023 proﬁteri
620 4958 826 5027 nolunt,
856 4978 1076 5020 uxorem
1112 4969 1372 5037 virginem
1406 4975 1602 5031 ducere
1628 4997 1748 5034 cuin

1858 3309 2002 3346 mum
2041 3294 2241 3349 ducere
2262 3337 2277 3360 ,
2307 3305 2360 3352 ct
2387 3299 2464 3352 sic
2490 3301 2848 3370 impositionis
2887 3323 3102 3361 manum
3135 3313 3380 3381 accipere
3409 3328 3424 3366 :

1859 3393 1916 3436 ut
1949 3385 2069 3438 novi
2119 3386 2316 3450 mariti,
2347 3397 2401 3442 et
2442 3392 2643 3444 recenti
2694 3396 2877 3450 carnis
2907 3397 3176 3468 voluptate
3216 3402 3311 3454 toti
3341 3418 3426 3454 re-

1858 3472 2015 3526 soluti
2050 3485 2104 3527 et
2137 3476 2380 3539 marcidi,
2438 3487 2490 3531 ct
2547 3481 2685 3536 inter
2723 3494 2907 3538 sancta
2963 3488 3228 3543 sacriﬁcia
3276 3493 3425 3561 c0gi-

1859 3569 2034 3615 tantes
2078 3565 2346 3630 quomodo
2397 3567 2644 3635 placeant
2701 3573 2992 3640 uxoribus,
3023 3577 3422 3633 immaculatum

1856 3651 2056 3705 Christi
2110 3667 2307 3722 corpus
2365 3665 2597 3710 tractent
2647 3668 2808 3729 atque
2857 3665 3051 3732 pepulo
3081 3665 3420 3725 distribuant.

1859 3739 2093 3810 indeque
2121 3742 2493 3797 sanctiﬁcatas
2516 3761 2702 3801 manus
2730 3750 2794 3802 ad
2819 3755 3155 3806 tractandum
3187 3757 3424 3810 membra

1859 3829 2141 3883 muliebria
2174 3845 2293 3884 mox
2343 3833 2596 3898 referant,
2631 3845 2681 3890 et
2717 3838 2784 3891 sit
2812 3840 2946 3893 sicut
2981 3841 3207 3910 populus
3249 3845 3326 3899 sic
3373 3857 3426 3899 et

1857 3920 2131 3983 sacerdos,
2165 3931 2219 3975 et
2252 3923 2464 3976 tandem
2498 3926 2674 3994 populi
2705 3928 2842 3982 sicut
2871 3932 3177 3987 sacerdotes
3205 3935 3350 3989 mali.

1931 4007 2144 4062 XXXV.
2178 4010 2514 4081 Quapropter
2541 4017 2745 4083 parcite
2785 4019 2897 4088 jam
2927 4021 3096 4084 vobis,
3150 4033 3201 4077 et
3264 4026 3426 4079 nolite

1859 4099 2132 4152 attendere
2162 4101 2438 4168 spiritibus
2470 4107 2671 4160 erroris
2707 4116 2760 4160 et
2808 4111 3189 4166 dzrmoniorum
3227 4116 3426 4169 ιῖοειη-

1859 4187 1962 4254 nis,
2005 4197 2057 4239 ut
2088 4189 2363 4244 nobiscum
2409 4192 2474 4247 dc
2505 4208 2629 4247 vera
2679 4211 2831 4265 pace,
2878 4212 2994 4266 quze
3037 4201 3285 4258 Christus
3311 4217 3426 4267 esr,

1859 4277 1946 4331 hic
1977 4287 2028 4331 et
2064 4279 2117 4331 in
2169 4278 2348 4334 futuro
2373 4281 2668 4351 gaudeatis.
2711 4285 2788 4340 Tu
2819 4303 2975 4352 vero,
3003 4291 3299 4347 miserrime
3332 4294 3424 4347 Ni-

1859 4373 2000 4432 ceta,
2025 4368 2194 4422 donec
2219 4372 2521 4439 resipiscas,
2557 4373 2631 4427 sis
2653 4379 2958 4441 anathema,
3000 4383 3066 4433 ab
3089 4385 3232 4436 oniai
3269 4384 3424 4439 Chri-

1859 4457 1925 4509 sti
1958 4457 2217 4524 Ecclesia,
2246 4476 2366 4514 eum
2395 4464 2644 4518 omnibus
2672 4469 2765 4535 qui
2827 4469 2920 4522 tibi
2973 4473 3320 4541 acquiescant
3374 4479 3424 4528 in

1865 4554 1972 4600 tam
1995 4562 2246 4617 perversa
2277 4551 2541 4607 doctrina.
2569 4553 2700 4610 Nam
2733 4559 2917 4614 volens
2945 4577 3062 4616 esse
3113 4563 3246 4634 legis
3293 4567 3426 4620 divi-

1867 4654 1948 4692 na:
1994 4639 2198 4700 doetor,
2253 4657 2358 4696 non
2420 4645 2674 4715 intelligis
2706 4665 2822 4717 qua:
2851 4650 3115 4720 loqueris,
3149 4669 3320 4723 neque
3361 4658 3427 4708 de

1867 4727 2060 4795 quibus
2091 4730 2349 4796 alﬁrmas,
2399 4742 2455 4788 et
2494 4736 2690 4792 stultus
2723 4738 2854 4807 ipse,
2889 4743 3180 4810 sapientior
3205 4745 3299 4800 tibi
3350 4749 3426 4800 vi.

1865 4814 2009 4868 deris
2043 4826 2244 4885 septem
2293 4820 2420 4873 vitis
2457 4821 2790 4891 loquentibus
2833 4829 3132 4895 parabolas.
3189 4833 3293 4887 Sed
3323 4836 3426 4889 sal-

1865 4911 1971 4957 tem
1996 4904 2282 4974 aliquando
2302 4911 2446 4963 disce
2475 4920 2672 4978 tacere,
2698 4916 2784 4982 qui
2817 4932 3088 4988 nunquam
3111 4921 3255 4994 loqui
3288 4925 3424 4980 didi-

1859 5003 1998 5044 CISII.

732 5193 956 5265 Explicit
1004 5204 1264 5270 responsio
1293 5208 1473 5272 fratris
1508 5209 1778 5271 llumbem'
1813 5221 2036 5291 episcopi
2057 5237 2236 5279 contra
2273 5227 2475 5282 Niceti:
2505 5235 2870 5301 blasphemiae.
