4190 6458
218 405 359 474 1041

1690 414 2016 474 ΝΟΤἸἸῚᾹ.

3332 428 3470 495 1049.

215 524 520 589 iambicos,
575 524 795 593 aliaque
855 525 1050 591 multa,
1120 527 1281 595 digna
1344 542 1463 596 qua:
1501 528 1793 583 laudentur
1820 532 1868 587 A
1897 531 2021 584 dem
2052 531 2328 601 Opuscula
2358 535 2625 599 continet,
2660 545 2785 606 puta
2814 538 3060 594 Catiane:
3112 544 3466 609 paracleticos

209 626 485 686 grataque
540 614 850 669 habeantur
919 634 933 669 :
1002 618 1206 672 multos
1266 620 1491 686 insuper
1542 620 1793 674 homines

211 706 308 775 pie
343 706 602 775 erudivit,
644 716 833 776 utpote
867 709 1106 779 repletus
1155 712 1327 780 gratia
1375 712 1614 782 Spiritus
1663 729 1792 767 san-

209 799 312 854 cti.
352 820 371 851 ι

291 890 543 959 Scriptor
567 891 836 961 praemissi
869 892 1079 946 codicis
1114 900 1333 946 notatur
1367 891 1538 945 fuisse
1568 892 1792 961 quidam

210 982 470 1037 Andreas
506 981 796 1037 Damarius
830 984 1206 1053 Epidauriota.
1234 983 1394 1052 cujus
1419 984 1662 1054 ejusdem
1694 1000 1792 1035 no-

212 1092 347 1130 men
382 1076 505 1129 aliis
538 1091 759 1145 quoque
788 1076 1072 1132 codicibus
1105 1077 1160 1130 in
1186 1076 1514 1132 bibliotheca
1544 1077 1792 1132 Cmsarea

210 1167 541 1236 iu~criptum
572 1168 792 1237 legitur,
822 1184 884 1220 ac
922 1169 1221 1236 praesertim
1247 1169 1545 1222 centesimo
1569 1176 1795 1238 septua-

210 1259 430 1327 gesimo
499 1260 743 1313 secundo
814 1262 957 1314 inter
1007 1260 1388 1330 theologicos;
1453 1261 1547 1314 ubi
1602 1261 1793 1316 ieriter

213 1358 437 1405 mutato
473 1351 691 1405 nomine
727 1360 950 1404 vocatur
976 1352 1080 1406 sub
1117 1351 1277 1405 finem
1332 1352 1459 1406 libri
1535 1353 1793 1420 Ἀνδρέας

211 1441 513 1511 Τἀρειαρος
544 1443 573 1494 ὁ
614 1441 1042 1511 Ἐπιδαυριώτης
1071 1458 1084 1494 :
1118 1451 1248 1496 aetas
1277 1458 1495 1512 quoque
1536 1443 1654 1513 ejus
1687 1444 1791 1497 ibi-

211 1539 339 1586 dem
368 1534 664 1598 iudicatur,
695 1550 790 1602 per
812 1535 1143 1604 descriptum
1167 1533 1376 1590 Christi
1403 1551 1607 1590 annum
1636 1536 1790 1592 1560.

214 1627 479 1682 Eamdem
527 1627 799 1682 Darmarii
832 1636 1050 1683 aetatem
1074 1629 1367 1683 conﬁrmat
1415 1628 1684 1699 Gaugius.
1735 1632 1790 1686 in

210 1716 438 1771 Prmfat.
469 1718 535 1771 ad
569 1733 729 1771 suum
774 1718 1145 1783 Paschalium,
1171 1734 1292 1774 cum
1338 1720 1489 1775 illius
1515 1723 1790 1792 ecgrapho

211 1810 477 1862 collatum
511 1824 564 1863 n.
602 1808 691 1873 53,
725 1810 812 1864 ubi
850 1812 1063 1865 inducit
1103 1811 1351 1865 lsaacum
1400 1811 1787 1867 Casaubonum

1897 636 2037 690 quos
2054 621 2281 677 Cantica
2308 626 2677 681 consolatoria
2698 629 3192 700 interpretarilicet
3223 652 3241 684 ί
3263 636 3328 687 ad
3357 634 3464 688 Do-

1897 716 2103 768 minum
2129 727 2183 769 et
2216 715 2385 771 Deum
2416 729 2663 774 nostrum
2688 718 2873 775 Jesum
2896 722 3213 789 Christum;
3256 744 3274 776 ι
3312 736 3468 781 sunt-

1895 820 1999 872 que
2036 807 2222 877 viginti
2254 818 2491 879 quatuor
2516 827 2773 872 numero.
2802 821 2856 867 et
2883 815 3085 883 singuli
3113 832 3269 871 suam
3309 833 3465 871 acro-

1896 896 2188 950 stichidem
2227 899 2452 955 habent.
2505 903 2762 958 Continet
2813 904 3013 961 deinde
3062 909 3198 964 alios
3256 910 3464 964 similes

1895 1002 2137 1043 canones
2172 991 2311 1046 duos
2358 993 2423 1045 ad
2456 996 2706 1047 eumdem
2750 996 3043 1051 Dominutn
3084 1009 3336 1055 nostrum
3366 1019 3379 1065 ;
3411 1012 3465 1055 et

1895 1075 2115 1129 tertium
2149 1077 2214 1130 ad
2263 1080 2517 1149 angelum
2581 1086 2872 1139 custodem
2913 1105 2926 1141 :
2964 1103 3197 1157 quorum
3254 1093 3466 1160 priores

1895 1167 2014 1222 siue
2065 1171 2341 1238 posterior
2365 1187 2488 1225 cum
2523 1176 2891 1233 acrostichide
2920 1189 3070 1234 sunt.
3106 1180 3465 1253 Subscqttun-

1897 1265 1983 1309 tur
2016 1273 2141 1312 mox
2178 1276 2196 1309 ι
2240 1260 2293 1313 in
2323 1263 2732 1319 sanctissimam
2771 1266 3056 1325 Dominam
3082 1281 3326 1327 nostram
3373 1274 3468 1329 Dei

1892 1344 2226 1405 Ceuitricem
2259 1366 2502 1407 canones
2530 1355 2620 1420 67,
2656 1367 2712 1412 et
2746 1356 2801 1412 iu
2836 1358 2892 1413 S.
2917 1361 3181 1418 Joannem
3215 1364 3466 1421 Percur-

1894 1450 2076 1491 sorem
2137 1453 2379 1497 canones
2440 1444 2716 1499 undecim.
2758 1462 2781 1499 ι
2838 1444 3084 1519 Denique
3142 1455 3311 1511 codex
3361 1458 3466 1511 509

1892 1530 2275 1597 complectitur
2300 1532 2505 1602 aliquot
2535 1535 2602 1589 ad
2625 1536 2905 1593 Christum
2935 1555 3194 1608 canones,
3224 1562 3461 1614 quonuu

1892 1619 2071 1687 primo
2107 1620 2231 1676 talis
2287 1625 2591 1693 praeligitur
2633 1628 2986 1692 acrostichis,
3035 1632 3257 1702 Πρῶτον
3316 1637 3465 1708 φέρω

1893 1710 2133 1779 μέλισμά
2168 1730 2270 1776 σοι,
2305 1714 2440 1768 Θεοῦ
2466 1716 2633 1786 Λόγετ
2668 1720 2898 1791 μοναχός
2948 1722 3224 1793 Ἰωάννης.

1960 1799 2135 1868 Atque
2166 1802 2219 1855 iii
2260 1803 2479 1860 codices
2507 1816 2747 1874 quatuor
2775 1825 2922 1866 nunc
2947 1822 3077 1867 sunt
3120 1815 3467 1871 bibliothecas

212 1911 583 1965 asserentem,
612 1871 752 1971 quod
781 1904 847 1957 ab
877 1903 1070 1958 eodem
1104 1904 1387 1958 Darmario
1416 1922 1434 1956 ι
1469 1903 1610 1959 Emit
1640 1904 1789 1959 Afri-

1889 1887 2177 1956 Caesareaz,
2210 1907 2274 1947 eo
2301 1893 2435 1948 illati
2468 1910 2498 1949 a
2522 1871 2739 1954 duobus
2769 1901 2951 1956 studio
2983 1912 3035 1957 et
3057 1905 3303 1959 doctrina
3331 1923 3466 1975 prse-

208 2007 412 2045 eanum
447 1991 523 2045 De
570 1993 756 2047 bellica
790 2006 1074 2063 apparatu,
1114 2004 1167 2049 et
1200 1993 1587 2067 Fragmentum
1644 1996 1789 2052 Petri

206 2080 572 2135 Alexandrini
628 2082 697 2137 de
747 2082 1040 2139 Paschate.
1074 2103 1094 2137 υ
1128 2082 1300 2140 Natus
1359 2085 1505 2140 enim
1561 2087 1786 2141 lsaacus

210 2176 304 2227 ille
334 2176 437 2229 fuit
467 2192 611 2230 anno
644 2177 808 2243 1559,
841 2186 895 2233 et
914 2179 1026 2247 jam
1059 2188 1175 2234 erat
1202 2196 1233 2234 a
1260 2180 1551 2249 juventute
1579 2181 1788 2237 Grrecis

213 2266 544 2335 Latinisque
582 2267 780 2323 litteris
839 2269 1160 2324 excolendis
1211 2280 1378 2340 atque
1423 2273 1784 2329 eruderandis

207 2359 496 2414 veteribus
534 2359 909 2416 monumentis
939 2361 1206 2427 intentus,
1246 2363 1406 2419 facile
1455 2368 1631 2435 potuit
1659 2368 1786 2421 ado-

207 2451 431 2504 lescens
483 2451 599 2519 ipse
640 2451 914 2506 seniorem
963 2451 1307 2508 Darmarium
1365 2457 1687 2512 convenisse
1728 2460 1782 2512 in

205 2542 407 2596 Callia.
441 2540 514 2596 Ut
543 2552 720 2598 autem
752 2545 1015 2613 prrecitati
1054 2547 1263 2601 codicis
1296 2549 1534 2618 scriptor
1559 2550 1785 2605 exstite-

208 2636 283 2685 rit
315 2632 634 2690 Darmarius
676 2651 820 2690 anno
856 2637 1012 2704 1560,
1061 2649 1188 2692 tunc
1228 2639 1369 2695 forte
1407 2641 1593 2693 adhuc
1618 2642 1783 2711 juve-

207 2728 323 2791 nis,
366 2728 439 2781 ita
480 2729 691 2784 videtur
726 2739 921 2785 auctor
968 2731 1425 2801 fuissc.adjuncti
1455 2733 1780 2802 Compendii

208 2816 371 2881 Vita,
407 2827 461 2873 et
484 2820 703 2888 quidem
731 2822 937 2891 primus
966 2839 980 2876 :
1005 2837 1298 2879 recensens
1315 2824 1461 2878 enim
1494 2825 1549 2878 in
1573 2824 1664 2880 illo
1687 2840 1785 2880 an-

209 2925 314 2963 nos
362 2911 453 2977 qui
485 2910 1057 2967 iuterConstantinum
1098 2914 1510 2969 Monomachum
1537 2924 1593 2972 et
1622 2931 1780 2971 suam

202 3011 427 3053 aetatem
491 3003 954 3065 intercessi-runt,
1019 3004 1181 3057 debet
1230 3007 1344 3073 ipse
1393 3006 1782 3074 compendium

209 3086 349 3139 illud
380 3095 473 3140 aut
511 3088 721 3156 ptimus
754 3090 1044 3159 scripsisse
1094 3104 1188 3146 aut
1219 3100 1579 3151 contraxisse.
1624 3096 1781 3163 Quod

208 3189 393 3232 tamen
421 3195 710 3234 numerum
734 3196 1003 3237 annorum
1026 3185 1306 3254 aliquanto
1324 3186 1583 3256 majorem
1617 3199 1783 3258 ponat
1810 3201 1855 3263 ο

207 3269 611 3335 intercessisse,
644 3286 806 3338 quam
843 3282 1059 3342 recepta
1093 3276 1259 3330 modo
1298 3277 1652 3350 chronologia
1684 3296 1780 3350 pa-

210 3362 376 3423 titur,
413 3362 620 3414 factum
650 3378 771 3417 esse
808 3376 985 3434 potest
1015 3366 1234 3422 dt-l'ectu
1269 3381 1541 3426 accuratae
1569 3373 1781 3428 n0titia:

208 3453 492 3520 temporis,
514 3469 625 3522 quo
646 3453 1035 3511 Mouomaehus
1055 3460 1363 3528 imperavit.
1400 3460 1584 3517 Potest
1615 3464 1778 3518 etiam

207 3542 326 3608 ipse
363 3544 631 3611 codicem,
665 3545 731 3597 de
764 3562 876 3615 quo
919 3550 1005 3603 hic
1051 3552 1323 3619 praecipue
1357 3555 1592 3620 agimus,
1643 3558 1779 3611 scri-

207 3632 385 3696 psisse
408 3632 497 3683 ditt
540 3644 665 3700 post
714 3634 888 3699 illum,
921 3638 1008 3691 cui
1047 3642 1427 3697 annum1560
1473 3647 1776 3699 annotavit.

204 3720 367 3775 Certe
399 3722 603 3791 aliquid
639 3735 733 3778 aut
762 3729 960 3792 errori,
987 3739 1083 3784 aut
1113 3732 1452 3799 ignorantite,
1480 3747 1569 3788 aut
1602 3740 1775 3790 ἐπιει-

206 3813 331 3883 κείᾳ
378 3816 787 3871 concedendum
830 3828 934 3873 est.
972 3822 1013 3873 A
1050 3833 1222 3876 morte
1255 3824 1396 3877 enim
1428 3826 1775 3884 Constantini

202 3901 549 3957 Mouomachi
584 3906 649 3958 ad
682 3922 855 3976 usque
879 3925 1079 3963 annum
1108 3912 1244 3967 1560
1276 3914 1623 3971 deﬂuxerunt
1649 3922 1774 3976 anui

203 3994 469 4047 duntaxat
501 3996 627 4057 506,
654 4008 891 4066 ponente
923 4000 1143 4055 interim
1177 4005 1393 4060 Andrca
1436 4023 1612 4063 annos
1646 4011 1769 4066 564.

207 4083 274 4137 L't
308 4096 363 4137 ut
393 4094 477 4141 est
500 4088 569 4141 de
602 4102 764 4143 sensu
795 4093 1084 4158 seriptoris
1107 4096 1372 4162 Andreae;
1410 4098 1460 4150 in
1486 4116 1550 4151 co
1577 4102 1770 4157 saltem

206 4188 312 4226 non
344 4176 570 4237 erravit,
611 4179 754 4246 quod
783 4177 1049 4234 Joannem
1079 4187 1486 4255 metropolitani
1537 4192 1773 4245 Euchai-

202 4275 381 4317 tarum
422 4273 619 4335 (quem
653 4279 709 4322 et
749 4268 1136 4340 Mauropodem
1187 4279 1444 4345 appellari
1482 4281 1635 4351 lego)
1667 4284 1770 4337 sub

198 4357 563 4412 Constantino
586 4360 946 4417 Mouomacho
978 4366 1177 4421 vixisse
1216 4378 1449 4423 asserat.
1513 4370 1567 4424 id
1622 4376 1768 4428 enim

200 4462 266 4500 ex
297 4451 516 4517 scriptis
545 4451 716 4517 ipsius
743 4452 906 4506 etiam
924 4453 1156 4509 Joannis
1176 4459 1390 4512 eruitur
1415 4477 1429 4522 ;
1465 4470 1651 4530 utpote
1675 4465 1767 4532 qui

1890 1983 2170 2037 stantibus
2194 1985 2346 2051 viris,
2379 1989 2598 2045 natione
2634 1990 2834 2063 Belgis,
2878 1994 3115 2065 Augerio
3149 1995 3461 2054 Dusbeckio

1886 2082 1940 2128 et
1979 2072 2309 2130 Sebastiano
2342 2078 2732 2151 Tengnagelio.
2762 2083 2828 2138 Et
2855 2084 3300 2143 ducentesimum
3340 2093 3466 2160 qui-

1890 2168 2010 2220 dem
2074 2169 2426 2224 undecimum
2489 2189 2613 2228 cum
2670 2176 2923 2245 pluribus
2975 2181 3099 2236 aliis
3146 2197 3212 2237 eo
3276 2184 3464 2238 intulit

1887 2257 2292 2331 Tengnagelius
2320 2279 2333 2325 ;
2364 2264 2609 2334 reliquos
2643 2282 2772 2322 vero
2817 2277 2933 2325 tres
2993 2286 3119 2327 cum
3176 2275 3297 2329 aliis
3338 2277 3462 2345 plus

1888 2367 2050 2419 quam
2106 2353 2361 2409 ducentis
2421 2358 2603 2413 intulit
2660 2360 3019 2429 Busbeckius,
3060 2380 3088 2419 a
3124 2382 3182 2422 se
3214 2368 3462 2425 studiose

1889 2444 2236 2512 conquisitos
2294 2455 2347 2500 ct
2397 2460 2747 2519 comparatos
2792 2454 2846 2509 in
2897 2455 3127 2521 Graecia,
3184 2474 3308 2513 cum
3362 2477 3460 2531 pro

1885 2536 2291 2606 Augustissimo
2375 2540 2590 2598 Caesare
2664 2544 3017 2605 Ferdinando
3062 2549 3081 2605 ί
3134 2551 3458 2623 legationem

1886 2626 2061 2680 obiret
2122 2628 2627 2700 Constantinopoli.
2695 2633 2803 2689 Sed
2863 2652 3042 2707 operae
3096 2643 3330 2710 pretium
3383 2645 3460 2699 fe-

1886 2730 2050 2781 cero,
2093 2720 2136 2772 si
2188 2719 2277 2774 his
2328 2736 2641 2790 apposuero
2700 2741 2975 2782 canonum
3027 2730 3081 2784 in
3143 2731 3455 2802 Deiparam,

1885 2808 1951 2862 de
1978 2810 2175 2877 quibus
2197 2812 2401 2869 codice
2430 2814 2554 2877 299,
2584 2816 2801 2872 titulum
2830 2827 3026 2887 totum,
3052 2834 3109 2876 ut
3142 2822 3215 2877 ibi
3241 2825 3461 2894 legitur,

1886 2900 1953 2954 ad
2018 2905 2465 2971 cognoscendum
2530 2906 2850 2965 distinctius
2908 2920 3191 2969 auctorem
3256 2919 3456 2986 ipsum.

1886 2992 2126 3055 Κανόνες
2186 2997 2587 3067 παρακλητικοὶ
2636 3000 2738 3069 τῆς
2798 3001 3108 3073 ὑπεραγεας
3155 3009 3457 3080 Δεσποίνης

1887 3085 2045 3155 ἡμῶν
2079 3086 2367 3143 Θεοτὸκου.
2404 3091 2623 3161 Ποίημα
2663 3094 2914 3149 Ἰωάννου
2950 3099 3208 3168 μοναχοῦ,
3242 3102 3302 3156 τὸ
3332 3104 3423 3156 ἐπί
3444 3133 3457 3145 -

1887 3175 2022 3247 κλην
2047 3180 2428 3251 Μαυρόποδος,
2461 3184 2557 3236 τοῦ
2587 3187 2644 3238 ἐν
2674 3186 2924 3259 ὑστέροις
2969 3191 3186 3261 χρόνοις
3232 3210 3455 3263 χρημα-

1884 3267 2131 3333 τίσαντος
2179 3274 2481 3343 ἀρχιερέως
2538 3276 2839 3346 Εὑχαΐτων,
2871 3273 2934 3334 οὗ
2983 3281 3041 3335 τὸ
3088 3283 3258 3354 ὅνομα
3306 3286 3454 3341 ἐντέα

1883 3375 2081 3413 τακται
2112 3365 2176 3433 τῇ
2211 3364 2545 3435 ἀκροστιχέδι
2584 3369 2823 3440 ἑκάστης
2848 3373 3074 3444 ἐννάτης
3100 3374 3261 3445 ᾠδῆς.
3300 3394 3319 3427 ι
3351 3378 3454 3432 Ca-

1883 3467 2057 3507 nones
2082 3456 2392 3523 paracletici
2423 3459 2795 3516 sanctissimae
2827 3462 3075 3520 Domina:
3112 3476 3317 3523 nostra;
3357 3468 3451 3523 Dei

1882 3541 2197 3599 Geuitricis.
2252 3546 2448 3601 Poema
2485 3548 2713 3605 Joannis
2760 3555 3041 3620 monachi,
3089 3571 3453 3625 cognomento

1883 3632 2229 3706 Mauropodis
2254 3654 2349 3693 seu
2383 3639 2716 3711 Nigripedis,
2740 3646 2833 3713 qui
2866 3646 3075 3703 ultimis
3106 3651 3451 3720 temporibus

1880 3727 2093 3780 exstitit
2121 3729 2571 3802 archiepiscopus
2602 3733 3031 3805 Euchaitarum;
3066 3740 3223 3809 cujus
3260 3752 3314 3797 et
3352 3758 3451 3796 uo-

1888 3831 2025 3870 men
2083 3818 2347 3873 insertum
2413 3833 2496 3876 est
2547 3826 2903 3883 acrostichidi
2973 3844 3129 3884 nona:
3183 3832 3449 3902 cujusque

1879 3912 2014 3964 οδω.
2059 3930 2077 3962 ι

1951 4003 2089 4056 Addi
2125 4004 2308 4059 citatis
2345 4005 2622 4062 Euchaitce
2661 4012 2885 4081 scriptis
2919 4025 3172 4082 possunt,
3209 4032 3327 4086 qua:
3354 4034 3449 4071 n0-

1879 4099 1957 4144 tat
1994 4094 2230 4151 Allatius
2267 4097 2321 4150 in
2356 4098 2599 4154 Diatriba
2642 4103 2711 4155 de
2754 4100 3128 4170 Simeonibus,
3179 4107 3449 4177 producto

1876 4186 2218 4251 singulorum
2285 4191 2558 4260 prim-ipio
2608 4196 2879 4265 tituloquc
2942 4198 3167 4263 Grzecc;
3228 4216 3445 4269 nempe.

1882 4291 1899 4324 ς
1939 4273 2232 4333 Orationes
2264 4282 2315 4333 iu
2353 4280 2551 4336 festum
2581 4293 2900 4341 sanctorum
2955 4290 3333 4357 Angelorum;
3390 4295 3441 4347 in

1875 4376 2116 4420 sanctam
2157 4368 2547 4425 Dormitionem
2582 4376 2945 4430 sanctissima:
2980 4376 3073 4432 Dei
3114 4379 3444 4450 Genitricis;

1876 4453 1929 4507 in
1964 4458 2279 4511 tuetnoriam
2314 4461 2489 4514 sancti
2523 4464 2998 4535 megalomartyris
3045 4466 3349 4531 TheodOri;
3391 4475 3441 4523 in

204 4538 382 4591 tribus
408 4542 755 4602 poematibus
782 4543 919 4608 suis,
951 4544 1201 4600 videlicet
1228 4547 1318 4612 '74,
1338 4548 1406 4602 87
1422 4559 1474 4603 et.
1497 4552 1563 4605 8:;
1592 4554 1643 4605 in
1671 4569 1764 4606 co.
1802 4538 1849 4600 D
1876 4549 2191 4602 memoriam
2221 4553 2393 4605 sancti
2416 4556 2670 4624 martyris
2689 4556 2960 4611 Theodori
2981 4559 3201 4615 Tironis
3220 4563 3337 4619 sive
3364 4567 3441 4627 εἰς

201 4630 322 4683 dire
349 4630 620 4695 Caesareo,
651 4636 714 4687 de
741 4630 1101 4688 Constantino
1122 4644 1379 4707 tanquam
1407 4641 1622 4695 vivente
1650 4642 1771 4696 lau-

201 4718 456 4772 dabiliter
477 4720 608 4790 agit,
634 4719 974 4793 aﬂlrmatque
989 4725 1108 4795 ejus
1134 4726 1422 4798 imaginem
1452 4729 1505 4783 in
1536 4729 1771 4785 Euchai-

202 4810 272 4862 tis
305 4811 601 4866 asservari.

272 4897 547 4955 Hactenus
572 4902 640 4957 de
665 4900 784 4958 viro
813 4904 953 4973 ipso,
988 4922 1180 4975 parum
1209 4909 1416 4965 Latinis
1436 4923 1588 4971 noto.
1613 4914 1767 4969 Nunc

200 4991 265 5044 de
296 4992 515 5060 scriptis
546 4992 687 5061 ejus,
706 4995 900 5050 minus
946 4999 1111 5051 etiam
1156 5000 1322 5065 notis,
1352 5001 1556 5070 jttverit
1586 5005 1767 5058 brevi-

202 5092 283 5137 ter
320 5091 581 5145 tractare,
612 5100 789 5153 eaque
820 5086 1090 5154 imprimis
1121 5089 1389 5156 indicare,
1421 5108 1544 5161 qua:
1573 5094 1769 5149 biblio-

226 5175 358 5228 heca
388 5173 632 5228 Caesarea
668 5177 1052 5233 subministrat
1087 5194 1222 5235 mss.
1258 5180 1443 5236 Exstat
1481 5184 1550 5237 ibi
1577 5186 1765 5239 codice

196 5265 303 5320 θοι
353 5268 497 5319 inter
540 5266 844 5336 theologos,
901 5287 920 5320 ι
975 5268 1204 5325 Joannis
1248 5271 1603 5340 Metropolitae
1656 5274 1765 5329 Eu-

198 5356 507 5410 chaitarum
537 5358 717 5412 oratio
752 5358 809 5412 in
852 5370 965 5415 tres
994 5370 1218 5417 sanctos
1260 5361 1452 5417 Patres
1492 5362 1759 5420 Basilium

201 5445 475 5516 Magnum,
497 5447 819 5518 bregorium
842 5450 1180 5522 Theologum
1213 5467 1308 5507 seu
1336 5452 1760 5522 Naziamcnum,

198 5549 251 5594 et
278 5539 545 5595 Joannem
576 5542 1058 5612 Chrysostomum.
1103 5564 1121 5596 ι
1164 5546 1343 5601 Codex
1393 5547 1519 5610 2H,
1557 5566 1619 5603 ex
1652 5566 1762 5618 quo

199 5632 588 5701 Compendium
643 5635 778 5689 Vitae
830 5636 940 5703 jam
1003 5635 1482 5706 deprompsimus,
1540 5642 1761 5696 exhibet

203 5732 449 5789 poemata
484 5723 595 5778 duo
649 5740 813 5795 supra
846 5737 1093 5792 centum,
1151 5728 1406 5799 pleraque
1451 5734 1757 5813 argumenti

200 5815 363 5878 sacri,
393 5830 553 5871 versu
592 5816 824 5874 iambico
855 5820 1200 5874 conrinnata.
1251 5821 1455 5878 ϐαιάν(
1481 5823 1580 5877 299
1606 5828 1758 5894 ejus-

1872 4640 1966 4693 τὸν
2002 4644 2289 4713 ἁνϋισμόν·
2324 4650 2374 4697 in
2404 4648 2724 4700 memoriam
2757 4650 2930 4702 sancti
2970 4653 3228 4718 martyris
3263 4653 3442 4707 Theo-

1870 4731 1991 4784 dori
2019 4735 2132 4787 sive
2154 4736 2245 4787 τοῦ
2280 4736 2455 4797 Πεζοῦ
2479 4752 2491 4766 ο
2536 4738 2588 4790 in
2627 4746 2739 4793 tres
2779 4751 3000 4795 sanctos
3032 4746 3308 4798 antistites
3336 4746 3440 4797 iia-

1871 4822 2075 4885 silium,
2115 4824 2592 4893 Chrysostomum,
2633 4840 2685 4882 ct
2736 4828 3109 4899 Gregorium:
3150 4852 3167 4885 ι
3210 4834 3338 4887 Item
3384 4837 3437 4887 iu

1869 4913 2086 4971 eosdem
2114 4917 2294 4968 oratio
2325 4916 2455 4981 alia,
2485 4934 2715 4987 quarum
2768 4923 2916 4990 prior
2951 4925 3139 4978 eadem
3182 4936 3266 4979 est
3310 4942 3435 4980 colu

1867 5008 2034 5061 citata
2070 5022 2131 5061 ex
2177 5008 2501 5063 bibliotheca
2549 5012 2824 5077 Cmsarea,
2891 5017 3168 5083 posterior
3213 5019 3281 5070 ab
3340 5018 3432 5071 illa

1867 5098 2102 5155 diversa.
2132 5100 2211 5151 Ad
2247 5101 2358 5155 hmc
2393 5120 2411 5151 ι
2456 5101 2741 5158 Orationes
2793 5107 2843 5158 in
2891 5109 3204 5161 memoriam
3236 5120 3437 5163 sancta:

1867 5192 2123 5261 martyris
2175 5190 2418 5247 Eusebiae
2471 5194 2611 5263 apud
2650 5195 2983 5261 Euchaitas;
3025 5201 3078 5252 in
3111 5201 3431 5255 memoriam

1867 5282 2049 5348 magni
2093 5280 2534 5352 Triumphatoris
2585 5296 2708 5353 post
2763 5289 3101 5351 celebratum
3148 5289 3434 5346 Paschalis

1866 5372 2143 5437 triduum;
2182 5374 2235 5427 in
2271 5375 2411 5428 diem
2449 5376 2721 5430 memoriae
2749 5381 2931 5448 magni
2967 5379 3432 5451 Triumphatoris,

1865 5461 2030 5529 inque
2072 5477 2241 5529 nuper
2283 5464 2486 5517 factum
2522 5465 2664 5534 apud
2716 5464 2986 5525 Barbaros
3028 5472 3372 5527 miraculum.
3410 5492 3425 5519 ι

1866 5549 2106 5617 Denique
2150 5553 2290 5614 \‘itn,
2322 5569 2487 5622 quam
2522 5570 2621 5609 nos
2664 5558 2804 5611 infra
2855 5560 3216 5628 proferimus,
3251 5564 3427 5615 Sallt'll

1862 5640 2037 5697 Patris
2066 5644 2232 5695 nostri
2259 5642 2515 5699 Dorothei
2537 5645 2779 5703 Junioris
2804 5650 2919 5704 sive
2941 5651 3035 5703 τοῦ
3054 5653 3108 5704 ὲν
3127 5652 3199 5718 τῷ
3231 5651 3401 5704 Χιλιω
3417 5683 3429 5691 -

1862 5732 2053 5801 κώμῳ.
2094 5732 2153 5785 Ει
2212 5734 2323 5788 haec
2371 5738 2585 5807 quidem
2638 5741 2842 5809 scripta
2896 5743 3051 5808 ejus.
3110 5744 3178 5796 ab
3227 5742 3427 5796 Allzttio

1864 5825 2134 5891 indicata;
2172 5829 2248 5883 uti
2282 5831 2586 5897 superiora,
2614 5831 2665 5885 in
2694 5834 2974 5887 codicibus
3000 5834 3262 5890 Ctesarris
3292 5849 3425 5888 con-
