4190 6458
722 408 857 479 ton
1854 400 2189 461 JOANNES
2225 399 2377 460 suc

2307 400 2478 460 iCl-IA
2491 396 2804 460 ITENSIS.
3838 392 3962 457 1048

727 531 859 578 stes,
890 516 982 570 sed
1011 517 1173 570 etiam
1212 514 1382 569 ,Μειῑὶ
1414 512 1675 568 (Συιιιιιι-ιιῑ
1719 511 1894 582 attigit
1937 513 2251 580 imperium,
2275 512 2545 580 siquidem
2574 510 2627 564 in
2656 510 2790 563 Jure
2814 508 3005 563 Graeco
3034 506 3304 571 Romano,
3338 508 3432 561 lib.
3463 522 3543 570 ιιι,
3584 521 3637 575 p.
3664 505 3795 563 215.
3832 506 3967 561 ἱιιιει·

726 604 1176 672 metropolitano;
1208 606 1301 673 qui
1346 602 1589 664 Nicolao,
1614 600 1938 669 patriarcha:
1976 598 2083 653 (ΣΡ.
2123 598 2491 653 menseJunio
2526 598 2717 653 indict.
2752 596 2820 649 I5
2849 595 2994 663 (hoc
3027 603 3113 648 est
3169 593 3374 648 Christi
3419 594 3581 655 1092,
3640 594 3815 646 Alcsii
3868 596 3966 647 Co-

723 694 899 746 mncni
921 693 1039 763 (12)
1065 692 1408 754 assederunt,
1439 697 1765 744 memoratur
1784 690 1812 742 ὁ
1850 687 2147 756 eorum;
2176 688 2451 752 Ἰωάννης.

798 778 855 834 1η
915 780 974 835 S.
1040 778 1505 849 Thr-apln'lactum
1584 792 1840 847 quoque,
1916 776 2007 845 qui
2071 784 2124 829 et
2174 775 2287 842 ipse
2332 774 2506 827 Alesii
2574 773 2836 829 Comm-ni
2917 771 3147 840 conligit
3223 778 3510 841 tempora,
3593 777 3775 824 exstat
3853 772 3963 837 epi-

722 883 985 938 gramma,
1046 884 1098 937 ιι.
1128 868 1215 921 47.

807 955 1082 1024 [Auctore
1120 954 1283 1017 Care,
1312 955 1349 1006 I.
1379 968 1427 1006 c.
1465 954 1688 1024 scripsit
1720 952 1804 1007 Jo.
1832 954 2153 1021 MaurOpus.

803 1042 1107 1097 Orationem
1132 1043 1559 1095 encomiasticam
1601 1043 1655 1093 in
1692 1050 1797 1094 tres
1831 1041 1929 1095 SS.
1980 1040 2191 1103 Patres,
2219 1040 2483 1096 Basiliam
2514 1040 2613 1105 51.,
2646 1042 2955 1109 Gregorium
2984 1040 3301 1110 Theolognm
3332 1048 3382 1091 et
3430 1038 3593 1091 Joan.
3649 1034 3965 1105 Chrysalo-

729 1147 889 1182 mum.
918 1130 975 1184 In
1006 1130 1128 1184 cod.
1168 1129 1402 1182 Vitnlob.
1442 1130 1581 1183 Caes.
1611 1129 1737 1191 204,
1770 1147 1825 1184 ιι.
1870 1131 1922 1184 5.
1969 1129 2029 1183 V.
2058 1128 2316 1184 Lambec.
2358 1130 2384 1185 ί

2309 1170 2316 1184 .
2358 1130 2665 1185 Comment.
2716 1128 2781 1192 ι’,
2824 1143 2945 1198 pag.
2982 1130 3041 1181 11
3105 1144 3262 1197 seqq.
3324 1127 3571 1179 Meminit
3622 1128 3790 1179 etiam
3848 1126 3964 1187 ejus

724 1228 865 1271 erat.
903 1216 1009 1269 Leo
1053 1218 1284 1271 Allatius
1311 1217 1364 1271 in
1392 1216 1560 1270 Diatr.
1595 1215 1661 1272 de
1686 1217 2002 1272 Simeonum
2043 1218 2286 1287 scriptis,
2319 1232 2441 1289 pag.
2485 1214 2607 1273 105.
2644 1216 2759 1270 Vid.
2800 1230 3020 1286 quoque
3060 1230 3227 1285 supra
3252 1218 3321 1270 de
3356 1213 3769 1280 Chrysostomo,
3799 1217 3855 1262 et
3890 1212 3966 1261 in-

736 1308 814 1357 tra
848 1306 953 1358 vol.
991 1304 1077 1362 IX,
1106 1321 1160 1373 p.
1187 1304 1275 1359 δὲ.

797 1394 1101 1445 Orationem
1136 1394 1215 1453 ei;
1242 1393 1341 1460 τὴν
1374 1394 1599 1461 μνήμην
1626 1391 1721 1445 τοῦ
1752 1392 1907 1459 ἁγίου
1942 1395 2221 1462 μὰιρτυρσς
2263 1391 2452 1462 Θεοδόη

2311 1391 2566 1464 εοὸὡρηυ,
2616 1394 2734 1463 ἦτοι
2768 1392 2865 1445 τοῦ
2905 1391 3073 1456 πεζοῦ
3110 1410 3124 1422 '
3159 1393 3346 1459 incipit
3382 1389 3520 1457 IIap'
3555 1388 3687 1458 ἡμῖν
3717 1387 3761 1437 δ’
3792 1384 3885 1437 οὖν
3907 1386 3966 1435 οὐ

728 1480 928 1530 σπάνια
966 1482 1041 1531 ’τὰ
1074 1479 1236 1545 καλὰ,
1272 1480 1331 1531 τὸ
1357 1478 1451 1532 τοῦ
1497 1480 1651 1546 λόγου
1681 1497 1693 1508 ’
1728 1496 1889 1549 quant
1934 1481 2217 1535 confundit
2263 1481 2383 1538 Nes:

2310 1483 2539 1539 esselius
2576 1482 2631 1536 in
2662 1483 2779 1536 Cat.
2824 1482 2981 1537 codd.
3033 1482 3237 1535 (ἔπειτ.
3293 1489 3434 1549 part.
3465 1494 3502 1541 ι,
3528 1493 3647 1547 pag.
3686 1474 3813 1533 9.2L
3848 1488 3965 1524 cum

727 1584 775 1635 p'
794 1568 929 1624 iure.

796 1679 1035 1734 Canones
1056 1680 1429 1747 paracteticos,
1460 1680 1573 1734 sive
1597 1680 1838 1733 carmina
1872 1680 2241 1733 consolatoria
2271 1679 2364 1741 21,
2396 1677 2462 1731 ad
2486 1676 2789 1738 Christum,
2841 1685 3044 1731 sotera.
3105 1673 3165 1727 In
3233 1672 3360 1727 cod.
3429 1668 3665 1723 Viudoh.
3716 1667 3974 1722 Casam)

726 1768 897 1821 theol.
932 1767 1024 1831 78,
1060 1766 1362 1822 secundum
1393 1765 1624 1820 Nesselii
1654 1766 1775 1819 Cat.
1805 1781 1865 1819 ιι.
1891 1766 1941 1829 1,
1986 1766 2082 1819 fol.
2118 1768 2169 1819 I.
2208 1766 2385 1820 Unum
2416 1764 2674 1832 quodque
2698 1778 2918 1817 carmen
2949 1761 3285 1829 peculiarem
3328 1772 3484 1812 suam
3517 1756 3684 1809 habet
3731 1755 3963 1807 acrosti-

723 1853 964 1915 cuidem,
1002 1867 1141 1921 quae,
1184 1852 1369 1905 itidem
1416 1860 1473 1904 ut
1514 1852 1766 1919 quaelibet
1790 1853 1917 1916 ode,
1945 1867 2114 1912 nona,
2146 1852 2367 1919 nomine
2398 1849 2627 1905 Joannis
2665 1848 2924 1917 insignita
2949 1859 3057 1904 est.
3114 1845 3240 1901 ﬂare
3292 1855 3348 1901 et
3414 1845 3699 1913 sequentia
3757 1842 3967 1895 cantica

729 1939 845 1993 sive
883 1954 1125 1993 canones
1158 1938 1475 2008 diligentius
1527 1938 1809 2008 fusiusque
1864 1941 2140 1993 recensuit
2194 1937 2445 1993 Lambcc.
2506 1938 2718 1992 Comm.
2754 1936 2820 2003 ν,
2869 1953 2921 2007 ρ.
2966 1936 3073 1992 £250
3130 1950 3285 2005 seqq.
3330 1933 3398 1988 de
3441 1934 3565 1987 cod.
3613 1931 3729 1999 (uti
3782 1943 3967 1983 nume-

726 2035 845 2093 rat)
885 2026 1012 2079 2l9.

797 2113 937 2170 Ibid.
998 2112 1098 2169 fol.
1158 2114 1265 2177 77,
1330 2128 1450 2183 pag.
1498 2114 1555 2176 2,
1617 2112 1717 2166 alia
1748 2125 1878 2169 sunt
1909 2114 2012 2167 duo
2041 2112 2264 2167 Cantica
2298 2112 2363 2169 ad
2394 2112 2701 2175 Christutn,
2759 2122 2960 2178 sotera,
3014 2113 3135 2167 sine
3198 2109 3565 2166 aerostirhide
3622 2116 3677 2162 et
3732 2106 3956 2160 nomine

727 2204 994 2257 auctoris.

800 2319 875 2373 Ib.
906 2319 1003 2375 fol.
1028 2318 1117 2383 85,
1146 2332 1267 2389 pag.
1308 2318 1358 2379 1,
1392 2317 1595 2373 Conon.
1638 2320 1749 2375 sive
1799 2321 2087 2377 Canticum
2120 2322 2185 2374 ad
2219 2331 2469 2376 sanetum
2501 2322 2753 2391 angelum
2784 2318 3090 2375 custodem.
3129 2346 3195 2356 -—-
3219 2315 3335 2369 I-‘ol.
3368 2314 3457 2377 88,
3495 2327 3617 2382 pag.
3649 2312 3700 2372 1.
3727 2310 3967 2363 Canale:

728 2408 844 2460 sive
874 2408 1083 2461 cantica
1122 2405 1211 2467 67,
1246 2405 1312 2459 ad
1344 2406 1567 2460 Mariam
1606 2406 1913 2477 Deiparam,
1941 2425 2174 2478 quorum
2212 2425 2378 2462 unum
2412 2410 2666 2479 quodque
2704 2410 3039 2478 peculiarem
3069 2421 3225 2461 suam
3254 2404 3417 2459 habet
3449 2400 3893 2456 acrostichidcm.
3918 2407 3968 2449 et

728 2493 942 2555 Itidem,
979 2494 1309 2564 utqutelibet
1339 2493 1464 2559 ode,
1492 2510 1660 2558 nona,
1693 2498 1913 2551 nomine
1964 2496 2192 2553 Joannis
2219 2507 2303 2551 est
2342 2498 2627 2568 insignita.
2652 2528 2719 2538 —
2755 2496 2870 2551 Fol.
2905 2497 3034 2560 515,
3072 2511 3123 2564 p.
3155 2496 3207 2558 I,
3241 2493 3483 2548 Canones
3519 2491 3633 2544 sive
3659 2488 3875 2541 cantica
3900 2487 3962 2537 11

731 2583 798 2635 ad
833 2582 893 2636 S.
923 2582 1186 2637 Joannem
1219 2582 1544 2651 Baptistam,
1570 2585 1783 2645 eodem,
1815 2600 1925 2653 quo
1951 2587 2152 2654 priora,
2188 2583 2352 2641 modo
2386 2587 2627 2641 condita.
2661 2616 2728 2625 ——
2762 2586 2989 2655 Aliquot
3022 2599 3249 2636 canones
3290 2580 3597 2649 paracletici
3646 2587 3772 2632 sunt
3803 2578 3973 2632 etiam

730 2671 783 2721 in
816 2670 938 2723 cod.
974 2668 1175 2725 Cmsar.
1205 2669 1327 2732 309,
1364 2670 1454 2723 lin.
1498 2669 1551 2725 V.
1580 2669 1833 2726 Lambec.
1872 2672 1935 2737 V,
1969 2688 2023 2742 p.
2049 2672 2173 2727 575.

804 2784 939 2838 Ibid.
968 2784 1091 2839 cod.
1133 2786 1254 2846 105,
1285 2786 1637 2840 continentur
1660 2787 1904 2855 ejusdem
1941 2788 2042 2842 102
2072 2805 2225 2842 sacra
2255 2790 2500 2851 iambico,
2532 2788 2747 2858 pra-lixa
2808 2788 2979 2857 ipsius
3034 2789 3305 2857 Epitotne.
3365 2788 3626 2842 Curatius
3679 2782 3970 2849 descripsit

732 2872 985 2929 Iambec.
1020 2873 1162 2926 hunc
1202 2873 1325 2927 cod.
1359 2889 1517 2942 quem
1558 2885 1806 2928 numerat
1841 2876 1969 2939 2H,
2000 2880 2053 2929 in
2094 2876 2403 2934 Comment.
2438 2877 2545 2931 vol.
2580 2877 2644 2938 Υ,
2677 2890 2800 2945 pag.
2835 2876 2904 2929 66
2933 2891 3099 2944 sqq.;
3145 2884 3199 2928 ct
3243 2876 3586 2944 singulorum
3653 2885 3967 2941 poet-latum

734 2959 1120 3027 inscriptiones
1145 2969 1307 3027 atque
1334 2958 1599 3027 principia
1628 2960 1826 3028 posuit,
1858 2961 2095 3030 itemque
2146 2965 2386 3017 correxit
2438 2964 2709 3033 Ilippolyti
2761 2963 3013 3016 Maraccii
3060 2961 3354 3026 Lucensis,
3400 2962 3492 3031 qui
3541 2962 3595 3014 in
3642 2959 3971 3013 Bibliotheca

734 3047 983 3099 Mariana
1012 3048 1079 3101 de
1100 3045 1325 3101 Joannis
1367 3045 1539 3100 Maur.
1577 3056 1757 3112 :ctate,
1784 3058 2045 3117 tanquam
2072 3064 2133 3103 re
2169 3049 2380 3105 incerta
2411 3051 2541 3121 agit,
2573 3059 2625 3103 ct
2655 3050 2791 3104 Sim.
2822 3047 3187 3118 Wagnereck,
3234 3049 3329 3118 qui
3379 3050 3434 3104 in
3483 3047 3689 3101 Pietate
3720 3048 3965 3100 Mariana

734 3138 1221 3204 t.ra:rorum,part.
1251 3151 1291 3198 ι,
1315 3135 1368 3188 1η
1410 3134 1719 3203 Prolegom.
1750 3151 1805 3189 ιι.
1839 3136 1930 3198 25,
1973 3138 2168 3191 scribit
2201 3152 2260 3193 se
2298 3139 2540 3194 nondum
2587 3138 2886 3206 quidquam
2923 3136 2994 3193 de
3027 3146 3219 3193 nostro
3277 3135 3574 3198 invenisse,
3638 3134 3783 3202 quod
3839 3135 3972 3187 viris

733 3224 916 3277 doctis
951 3224 1184 3291 probare
1213 3240 1271 3277 se
1303 3239 1463 3293 posse
1493 3225 1812 3278 conﬁderet.
1846 3225 1965 3294 Ipse
2003 3233 2183 3279 tamen
2210 3226 2466 3280 Lambec.
2493 3225 2763 3292 ignoravit
2794 3224 2927 3279 edit.
2973 3223 3123 3277 Busti
3160 3223 3515 3285 Etoncnsem,
3562 3220 3815 3279 miratus,
3846 3236 3971 3290 poe-

733 3320 877 3364 mata
913 3327 1069 3367 sacra
1102 3322 1404 3365 memorata
1428 3327 1456 3365 a
1489 3310 1645 3365 Joau.
1679 3311 1919 3367 Meursio
1962 3314 2143 3367 sexies
2168 3314 2331 3367 citari
2361 3312 2413 3365 in
2471 3311 2756 3365 Glossario
2783 3309 3276 3376 Graeco-Barbam,
3310 3320 3367 3366 et
3395 3310 3615 3381 quidem
3666 3311 3814 3365 velut
3857 3312 3969 3379 jam

732 3398 901 3451 edita.
942 3398 1047 3452 Sed
1077 3397 1487 3467 Kullariusjam
1528 3400 1578 3451 in
1619 3406 1743 3452 nota
1779 3399 1841 3463 Α,
1870 3400 1988 3453 loco
2027 3400 2201 3452 nostri
2238 3398 2469 3452 Fabricii
2514 3398 2704 3459 allato.
2742 3398 2977 3451 certiora
3019 3397 3226 3451 docuit.

812 3480 952 3533 Idem
984 3479 1145 3534 Joan.
1180 3480 1355 3535 Maur.
1388 3483 1608 3549 scripsit
1647 3481 1819 3535 l'itam
1852 3482 1915 3538 S.
1975 3482 2235 3545 Eusebia,
2278 3483 2419 3550 apud
2456 3484 2751 3537 Euchaitas
2785 3484 2839 3537 in
2892 3499 3087 3554 magna
3142 3486 3495 3540 \eneratioue
3556 3487 3797 3545 habite;
3843 3490 3969 3540 item

738 3566 910 3620 Vitam
951 3567 1012 3621 S.
1059 3568 1305 3620 Dorothei
1335 3567 1570 3635 junioris
1603 3571 1654 3620 in
1677 3569 2029 3631 Chiliocomo,
2056 3571 2345 3633 exquibus
2374 3570 2675 3637 fragmenta
2710 3571 2965 3639 quaedam
2996 3574 3203 3640 prolata
3235 3589 3356 3627 esse
3386 3589 3415 3625 a
3442 3573 3621 3628 Leone
3664 3576 3888 3633 Allatin,
3920 3580 3970 3628 in

732 3656 871 3709 libro
912 3654 983 3708 De
1002 3671 1255 3708 consensu
1284 3656 1552 3721 utriusque
1584 3654 1831 3710 Ecclesiae
1855 3658 1908 3709 in
1932 3657 2173 3726 dogmate
2196 3657 2258 3708 de
2290 3659 2617 3727 purgatorio,
2667 3674 2718 3727 p.
2761 3658 2886 3727 751,
2921 3659 3124 3715 iudicat
3156 3660 3317 3714 Care.
3351 3662 3489 3714 Add.
3541 3662 3719 3730 ipsum
3751 3660 3967 3718 Fabric.

731 3741 785 3794 in
823 3741 928 3794 line
958 3742 1220 3794 scctionis
1252 3741 1317 3793 de
1346 3738 1505 3794 Joan.
1545 3741 1714 3795 Maur.

804 3847 1003 3902 Practer
1035 3858 1367 3904 memoratos
1394 3849 1559 3904 codd.
1594 3849 1904 3905 Vindobon.
1932 3861 2061 3905 sunt
2090 3852 2177 3905 alii
2216 3866 2456 3922 quoque,
2498 3852 2549 3904 in
2595 3851 2796 3920 quibus
2832 3860 3051 3906 essunt
3096 3849 3258 3905 Joan.
3289 3851 3637 3922 Mauropodis
3669 3854 3966 3922 Opuscula.

738 3934 1027 3989 Florentia:
1054 3938 1107 3989 iu
1140 3937 1271 3989 bibl.
1306 3936 1568 3990 Lament.
1604 3937 1784 3990 Conon
1812 3939 1863 3990 in
1889 3940 1945 3991 δ.
1982 3942 2224 4007 angelum
2266 3936 2558 3997 custodem,
2590 3936 2641 3987 in
2679 3937 2803 3988 rod.
2852 3935 2940 3997 17,
2976 3951 3031 3987 ιι.
3090 3934 3176 3997 I2,
3232 3937 3367 4004 plut.
3418 3936 3485 3989 15
3527 3937 3798 4005 (Bandin.
3851 3941 3971 3993 Cat.

732 4025 896 4077 codd.
939 4024 1036 4078 Gr.
1069 4022 1233 4077 Laur.
1263 4024 1304 4084 1,
1335 4039 1455 4093 pag.
1490 4025 1618 4091 40).
1664 4054 1691 4060 --
1737 4024 2059 4078 Encominm
2090 4028 2142 4079 in
2172 4025 2270 4077 SS.
2308 4023 2516 4085 Patres,
2565 4020 2729 4074 Basil.
2767 4022 2836 4074 II.
2871 4020 3099 4090 Gregor.
3137 4021 3397 4091 Theolog.
3433 4033 3487 4077 et
3528 4022 3688 4077 Joau.
3724 4026 3968 4096 Chryso-

732 4122 997 4170 stomum,
1025 4112 1077 4163 in
1110 4113 1230 4163 cod.
1262 4110 1350 4175 17,
1382 4128 1435 4164 ιι.
1463 4110 1531 4163 9.9
1560 4109 1763 4178 (Band.
1802 4112 1836 4165 1.
1866 4127 1915 4165 c.
1951 4126 2071 4180 pag.
2112 4112 2267 4179 418).
2302 4111 2397 4164 Est
2442 4124 2661 4179 quoque
2712 4110 2838 4162 illud
2904 4108 3225 4162 Encomium
3282 4110 3335 4163 in
3389 4111 3550 4164 codd.
3616 4110 3864 4166 Vaticani.
3910 4116 3967 4171 l’.

733 4201 925 4256 Monii.
964 4200 1101 4253 Bibl.
1146 4201 1269 4253 bibl.
1305 4217 1431 4258 mss.
1467 4200 1506 4261 Ι,
1536 4216 1658 4271 pag.
1705 4200 1770 4253 12
1806 4202 1869 4262 Β,
1895 4211 1945 4254 (τι
1982 4203 2045 4255 15
2074 4201 2137 4255 C.
2168 4218 2180 4265 ;
2217 4233 2284 4242 —
2312 4200 2366 4253 in

2312 4200 2366 4253 in
2407 4197 2530 4252 cod.
2558 4196 2775 4250 Mediol.
2804 4197 2994 4249 Ambr.
3055 4197 3186 4249 ibid.
3219 4212 3342 4267 pag.
3377 4197 3480 4251 580
3511 4200 3552 4251 Α
3579 4215 3595 4263 ;
3622 4230 3692 4239 —-
3724 4202 3776 4252 in
3806 4205 3966 4257 uult.

733 4288 907 4343 Paris.
942 4287 1074 4340 bibl.
1106 4288 1258 4355 pubi.
1290 4286 1413 4350 559,
1445 4304 1499 4341 ιι.
1541 4288 1596 4346 9.
1629 4297 1683 4341 ct
1716 4288 1872 4352 1557,
1909 4305 1961 4342 ιι.
1988 4289 2078 4351 21,
2117 4288 2345 4343 secund.
2386 4285 2509 4339 Cat.
2536 4285 2697 4338 codd.
2743 4284 2921 4337 Paris.
2964 4284 3072 4337 vol.
3108 4282 3189 4349 Il;
3226 4316 3292 4325 —
3317 4286 3370 4338 in
3406 4286 3568 4339 codd.
3611 4288 3844 4345 Coislin.
3869 4294 3971 4345 501

733 4386 788 4430 et
820 4376 945 4434 507,
980 4378 1032 4427 in
1066 4373 1317 4428 Homiliis
1346 4382 1399 4429 et
1426 4373 1560 4429 Vitis
1592 4374 1693 4429 SS.
1728 4385 1957 4445 martyr.
1987 4374 2113 4431 Jan.
2149 4373 2212 4429 V.
2250 4374 2549 4428 Montfauc.
2588 4377 2639 4424 in
2673 4371 2812 4425 Bibl.
2844 4372 3015 4425 Coisl.
3076 4388 3198 4441 pag.
3238 4372 3365 4432 418,
3400 4390 3585 4441 quem,
3620 4377 3809 4441 miror,
3840 4396 3971 4431 nus-

734 4478 897 4532 quam
912 4462 1068 4513 illius
1095 4462 1425 4513 mentionem
1470 4462 1666 4515 {altam
1702 4464 2013 4531 reperisse;
2045 4473 2097 4515 et
2126 4478 2246 4532 pag.
2269 4463 2396 4521 155,
2433 4461 2523 4513 ubi
2546 4469 2714 4522 errat,
2747 4460 2986 4514 Caveum
3022 4476 3127 4513 non
3156 4461 3472 4516 meminisse
3516 4463 3665 4517 illius
3690 4468 3963 4530 opusculi.

733 4582 804 4592 --
830 4548 1056 4617 Tauritli
1080 4550 1135 4601 in
1172 4548 1302 4601 bibl.
1332 4548 1464 4617 Ilcg.
1486 4550 1645 4603 codd.
1682 4550 1772 4611 70,
1807 4550 1879 4603 iul
1926 4549 2048 4611 7,29.
2074 4559 2126 4603 et
2151 4550 2271 4611 116,
2303 4550 2354 4603 in
2384 4550 2484 4604 SS.
2515 4551 2737 4602 Patrum
2770 4548 3129 4603 Sermonibus
3155 4548 3420 4619 Vitisque,
3443 4566 3629 4604 mense
3662 4552 3968 4610 Januar.d.

738 4641 829 4692 50.
861 4637 924 4691 ν.
958 4636 1079 4691 Cat.
1119 4636 1280 4689 codd.
1317 4636 1409 4690 Gr.
1442 4636 1669 4690 'I'aurin.
1707 4653 1829 4707 pag.
1866 4638 1969 4690 I67
1995 4647 2048 4691 et
2076 4638 2235 4705 221.)
2268 4666 2335 4677 -
2363 4635 2393 4688 'I

2310 4666 2335 4675 -
2363 4635 2499 4689 Tum
2535 4637 2584 4687 in
2622 4636 2743 4687 cod.
2775 4634 3033 4690 Laurent.
3064 4637 3151 4699 18,
3192 4653 3248 4689 ιι.
3272 4637 3326 4698 5,
3363 4639 3499 4705 plut.
3529 4638 3580 4699 9,
3605 4637 3763 4690 Joan.
3796 4641 3965 4693 Mam.

738 4725 1005 4779 lnvocatio
1031 4732 1079 4776 et
1123 4722 1381 4790 confessio
1411 4725 1463 4775 in
1497 4725 1733 4792 angelum
1762 4726 2027 4777 custodem
2057 4726 2175 4777 rita:
2211 4734 2425 4789 nostra,
2452 4724 2702 4777 versibus
2726 4722 2831 4777 156
2868 4724 3141 4776 iambicis.
3168 4752 3240 4764 —
3272 4722 3455 4776 Sermo
3494 4726 3545 4777 in
3581 4724 3967 4783 Dormitionem

744 4813 1004 4880 Deiparc,
1040 4811 1093 4862 in
1124 4811 1248 4872 cod,
1272 4811 1364 4874 51,
1390 4826 1445 4863 ιι.
1473 4810 1563 4873 21,
1598 4812 1731 4880 plut.
1762 4812 1846 4865 10.
1875 4841 1942 4849 —
1975 4812 2389 4879 Etymologicum
2423 4813 2697 4863 metricum
2732 4813 3007 4863 nominum
3038 4813 3091 4863 in
3118 4812 3178 4863 8.
3206 4809 3484 4863 Scriptura
3516 4814 3888 4875 celebriornm,
3919 4818 3967 4869 in

738 4902 859 4953 cod.
898 4901 983 4962 15,
1013 4913 1069 4951 ιι.
1102 4898 1191 4959 49,
1224 4897 1358 4965 plut.
1396 4897 1481 4950 τι.
1526 4896 1585 4950 γ.
1641 4898 1869 4951 Bandin.
1906 4898 1945 4961 I,
1987 4914 2108 4968 pag.
2143 4898 2247 4951 420
2281 4907 2336 4951 et
2368 4900 2393 4952 1

2317 4907 2336 4950 t
2368 4900 2495 4963 496,
2529 4916 2590 4953 ac
2637 4909 2767 4951 tom.
2798 4896 2888 4962 III,
2938 4913 2993 4963 p.
3026 4914 3085 4952 ιιι
3112 4898 3204 4953 ubi
3249 4898 3482 4960 dubitat,
3516 4915 3645 4953 num
3707 4902 3800 4955 illa
3848 4919 3968 4957 car-

740 4992 887 5043 mina
923 4987 1264 5057 etymologiei
1300 4989 1352 5041 in
1384 4989 1471 5041 ed.
1520 4987 1675 5043 Eton.
1711 4990 2073 5056 reperiantur.
2104 4986 2159 5040 Ισι
2188 4986 2310 5043 eod.
2343 4989 2466 5043 cod.
2504 4990 2590 5043 15.
2630 5004 2686 5041 ιι.
2710 4990 2799 5049 50,
2846 4998 2932 5042 est
2977 4986 3199 5041 Initium
3264 4992 3703 5059 etyniologiaram
3756 5010 3963 5046 eorum.

738 5093 852 5146 qua
880 5079 948 5128 ad
980 5076 1240 5128 hominem
1272 5077 1555 5143 pertinent,
1593 5078 1843 5129 versibus
1870 5076 2113 5139 iambie.,
2137 5091 2369 5145 quorum
2399 5086 2681 5131 auctorem
2713 5077 2963 5131 eumdem
2985 5074 3252 5130 Joannem
3288 5092 3409 5130 esse
3441 5079 3761 5146 suspicatur
3794 5080 3964 5136 Band.

738 5181 857 5233 pag.
893 5161 1341 5225 Ill—Taurini,
1369 5165 1420 5215 iu
1446 5162 1575 5216 bibl.
1606 5161 1738 5222 Reg.
1775 5162 1897 5217 cod.
1929 5163 2053 5225 I08,
2098 5164 2526 5231 Ilypomnemain
2559 5166 2862 5219 Dominieas
2879 5164 3237 5219 solemnitate:
3269 5166 3514 5221 iambicis
3538 5168 3766 5233 aliisque
3796 5175 3969 5225 tersi-

738 5256 861 5311 bus,
899 5254 1173 5320 praemissa
1205 5251 1433 5306 Joannis
1461 5250 1632 5304 Maur.
1666 5248 1811 5307 Vita.
1835 5253 1997 5304 Plura
2028 5268 2074 5303 ν.
2108 5252 2161 5305 in
2188 5252 2306 5305 Cat.
2341 5256 2434 5307 cit.
2464 5270 2585 5323 pag.
2612 5254 2737 5308 214.
2775 5284 2839 5292 -—
2871 5252 3047 5306 Paris.
3080 5255 3131 5306 iu
3157 5254 3285 5307 bibl.
3321 5255 3469 5320 publ.
3494 5257 3615 5309 cod.
3652 5257 3781 5318 847,
3809 5260 3964 5310 ίδιηδι

739 5343 791 5392 in
831 5338 1250 5402 Theodorctum,
1290 5339 1448 5407 hujus
1481 5340 1886 5393 Commentario
1928 5340 1980 5391 in
2018 5356 2087 5393 ιιι
2125 5341 2371 5407 prophet.

2309 5352 2371 5395 at.
2412 5345 2652 5396 minores
2690 5342 2932 5405 pradixi;
2979 5340 3033 5393 in
3068 5340 3191 5393 cod.
3232 5340 3387 5403 1182,
3420 5358 3474 5394 n.
3512 5342 3632 5404 115,
3663 5341 3828 5397 Joan.
3864 5344 3964 5396 Ilu-

741 5426 1041 5479 chaitarum
1070 5426 1424 5493 metrOpoIita:
1459 5424 1719 5493 Epistola.
1751 5454 1820 5464 ---
1855 5425 2122 5478 Monacltii
2154 5427 2203 5478 in
2235 5426 2366 5479 bibl.
2395 5427 2618 5478 elector.
2655 5424 2781 5478 cod.
2818 5425 2945 5489 255,
2981 5423 3179 5478 Versus
3208 5424 3422 5477 iambici
3476 5425 3530 5478 in
3580 5424 3721 5480 festa
3760 5426 3965 5480 Domini

742 5522 797 5565 et
832 5512 883 5563 in
915 5513 1015 5563 alia
1058 5510 1258 5567 diversi
1295 5513 1513 5581 generis
1542 5522 1881 5579 argumenta.
1930 5516 1947 5581 (
1980 5510 2039 5563 γ.
2093 5512 2209 5566 Cat.
2256 5512 2412 5565 codd.
2477 5511 2571 5565 (ἓν.
2644 5512 2835 5563 Barar.
2872 5528 2922 5579 p.
2966 5511 3092 5576 89..)
3129 5540 3197 5549 —
3224 5510 3295 5564 De
3323 5511 3484 5564 Joau.
3535 5511 3708 5564 Maur.
3764 5514 3962 5566 inedita

742 5599 971 5665 quadam
999 5596 1282 5659 Oratione,
1306 5603 1358 5652 in
1392 5616 1497 5667 qua
1532 5599 1735 5651 dictum
1776 5596 1790 5649 I
1830 5597 1991 5651 Joan.
2039 5616 2087 5656 ι,
2123 5598 2153 5648 7
2186 5618 2198 5651 :
2239 5601 2300 5650 (ti
2358 5616 2390 5650 α

2358 5599 2510 5650 αὐτοὶ
2559 5600 2711 5667 τρεῖς
2762 5598 2857 5649 καὶ
2907 5597 2988 5659 ἓν,
3043 5596 3153 5663 agit
3210 5596 3405 5649 Fratre.
3466 5598 3668 5651 Anton.
3737 5598 3964 5652 Knittel.

744 5684 796 5734 in
840 5682 1049 5737 Neuven
1081 5683 1350 5739 It’ritirkcn
1394 5686 1516 5739 uber
1567 5686 1774 5739 denber.
1814 5685 2013 5753 δρηωῆ
2051 5726 2059 5735 .
2102 5684 2231 5753 {hey
2267 5686 2404 5751 sind,
2437 5687 2519 5738 die
2561 5690 2629 5738 da
2664 5701 2853 5753 κυρίη
2895 5686 2963 5737 im
3026 5684 3280 5748 Ilimmcl,
3316 5692 3419 5740 etc.
3455 5684 3684 5740 Brunsv.
3727 5685 3961 5751 “85,8,

745 5781 877 5826 sect.
910 5774 962 5826 9..
1000 5773 1227 5841 illam.)
