4190 6458
232 429 370 499 ιιδδ

1291 424 1465 486 VITA
1503 423 1557 483 S.
1605 418 1999 481 DOROTHEI
2027 418 2409 485 JUNIORIS.

3331 422 3467 490 1066

225 549 415 616 ὥσπερ
457 545 609 606 ἄλλος
643 545 845 613 Μωσῆς
877 544 1277 615 θεοχαράκτους
1309 543 1527 605 πλακας
1575 542 1798 606 ὲδέξατο

1912 537 2076 606 ligito
2117 541 2356 604 tabulas,
2399 539 2634 608 excepit.
2671 537 2801 594 Erat
2848 545 3033 593 autem
3069 538 3335 594 Arscnius
3367 542 3470 595 iste

227 633 318 705 (ἦν
390 638 448 689 δὲ
479 632 632 699 οὗτος
703 635 1028 705 ’Λρσένιοςό
1058 635 1156 704 τὴν
1224 633 1426 704 ἀρετὴν
1474 633 1798 702 περιϐόητος

227 731 437 790 ἐκεῖνος
468 731 524 780 ὲν
557 731 875 796 μονασταῖς,
931 727 988 789 ὃς
1016 727 1111 778 καὶ
1171 727 1270 794 τῆς
1305 725 1512 794 χρυσῆς
1539 724 1803 791 καλουμέ-

229 840 331 888 νης
360 821 593 890 Πέτρας,
621 821 680 874 ού
713 821 759 873 δ’
780 819 966 889 ἐκείνη
992 818 1049 873 δὲ
1076 818 1287 888 πόρρω,
1345 817 1544 886 ἄριστα
1583 815 1800 868 πάντων

227 908 368 982 ἦρχε
399 915 492 964 καὶ
515 912 886 982 ἀφηγήσατο),
921 910 1017 964 καὶ
1044 909 1205 972 αὐτὸς
1236 909 1293 962 δὲ
1312 908 1482 962 πολλὰ
1513 907 1806 976 προσεξευ-

237 1004 349 1073 ρῶν
422 1003 659 1067 οἴκοθεν,
710 1001 805 1055 καὶ
835 1002 913 1072 τῷ
970 999 1301 1070 πολυπλόκῳ
1349 999 1524 1068 τούτῳ
1557 997 1807 1067 στεφάνῳ

231 1097 338 1164 τῆς
394 1095 700 1163 ἀσκητικῆς
755 1093 1094 1162 εὐπρεπείας
1151 1089 1628 1158 συγκαταπλέξας,
1690 1088 1806 1158 ἁμα

237 1186 339 1253 μὲν
395 1185 473 1247 είς
511 1182 740 1244 κάλλους
773 1181 1115 1250 περιουσίαν,
1154 1181 1270 1249 ἅμα
1290 1181 1346 1233 δὲ
1381 1179 1473 1232 καὶ
1518 1177 1654 1248 πρὸς
1685 1178 1806 1247 μεί-

233 1274 392 1337 ζονος
449 1275 721 1344 ὠφελείας
751 1274 1028 1327 ὑπόθεσιν.
1093 1273 1158 1325 Τί
1184 1274 1292 1342 γὰρ
1337 1272 1444 1325 τῶν
1468 1272 1649 1326 καλῶν
1679 1272 1809 1342 παρ’

234 1366 419 1428 αὐτοῖς
446 1368 506 1419 ού
531 1366 905 1434 φιλοσοφεῖται
931 1381 946 1432 ;
976 1365 1036 1418 οὐ
1067 1364 1462 1436 μακρυθυμίας
1513 1365 1611 1419 οὐκ
1634 1364 1810 1420 ἐπιεί-

233 1475 359 1510 κεια
395 1475 410 1521 ;
445 1458 566 1527 οὐχὶ
589 1459 698 1511 τῶν
729 1459 1012 1528 παρόντων
1039 1457 1489 1528 ὑπεροψὶα;οὖχὶ
1523 1457 1632 1510 τῶν
1686 1455 1813 1527 μελ-

234 1548 442 1601 λόντων
473 1549 738 1618 ὶπιθυμία
765 1567 778 1614 ;
813 1549 874 1602 οὐ
901 1547 1182 1618 πραότης;
1210 1551 1272 1600 οὐ
1320 1547 1632 1618 καθαρότης
1657 1563 1672 1612 ;
1713 1547 1812 1617 οὐχ

234 1642 269 1708 ἡ
300 1643 442 1695 κατά
465 1641 686 1709 πνεῦμα
709 1640 991 1708 πτωχείας
1021 1639 1118 1710 οὑχ
1163 1639 1265 1694 ὅσα
1298 1639 1406 1692 τῶν
1438 1637 1812 1709 μακαριζομέ-

235 1751 342 1786 νων
375 1735 409 1803 ﬂ
437 1736 531 1786 καὶ
565 1733 742 1794 ἄλλως
777 1731 1233 1802 ἐπαινουμένωνς
1276 1729 1340 1783 Ἦ
1365 1728 1600 1801 ἀκτησία
1661 1730 1739 1794 δὲ,
1779 1729 1812 1800 ἡ

235 1824 280 1876 δ’
306 1824 577 1889 εὐτέλεια,
617 1824 679 1877 τὸ
708 1824 751 1876 δ’
780 1822 1049 1893 ἐγκρατὲς
1109 1823 1240 1892 περὶ
1294 1822 1490 1888 πάντα,
1551 1822 1610 1874 τὸ
1670 1821 1808 1893 πρὸς

235 1913 549 1980 ἀγρυπνίαν
575 1914 884 1982 φιλόπονον,
916 1913 978 1966 τὸ
1008 1915 1134 1984 περὶ
1158 1915 1218 1966 τὸ
1237 1913 1458 1983 ψάλλειν
1487 1915 1803 1985 ἀκόρεστον,

239 2005 274 2071 ἡ
298 2006 357 2056 ἐν
399 2008 734 2075 προσευχαῖς
762 2005 995 2070 εὐτονία,
1042 2007 1075 2074 ἡ
1142 2005 1250 2059 τῶν
1295 2005 1453 2059 θείων
1491 2006 1718 2077 μελέτη,
1746 2008 1806 2060 τὸ

236 2097 536 2166 φιλόξενον,
559 2099 620 2151 τὸ
672 2098 1035 2167 φιλόπτωχον,
1080 2097 1206 2151 ὅσον
1237 2097 1300 2150 ἑκ
1330 2097 1438 2152 τῶν
1480 2099 1803 2167 παρόντωνς

312 2383 398 2454 ιβ’.
432 2385 505 2437 Τὸ
571 2386 738 2456 μηδὲν
796 2386 982 2452 ἁπλῶς
1033 2389 1144 2442 τῶν
1205 2388 1558 2459 σωματικῶν,
1592 2389 1728 2459 μόνα
1751 2389 1807 2442 δὲ

239 2479 310 2529 τὰ
341 2477 436 2529 τοῦ
491 2479 802 2548 πνεύματος
833 2480 1024 2550 ζητεῖν
1053 2497 1110 2532 τε
1139 2481 1234 2534 καὶ
1292 2481 1804 2552 πραγματεύεσθαι,

236 2569 322 2620 ὅτι
351 2569 426 2637 μὴ
455 2570 604 2622 πᾶσα
663 2571 901 2643 ἀνάγκη,
960 2572 1054 2628 καὶ
1082 2566 1156 2626 ῶν
1198 2575 1366 2644 χωρὶς
1420 2575 1684 2644 δηλονότι,
1716 2577 1808 2628 τὸν

238 2661 379 2730 πρὸς
403 2662 462 2715 τὸ
496 2663 653 2733 σῶμα
687 2664 887 2734 δεσμὸν
924 2669 991 2737 τῇ
1019 2666 1164 2737 ψυχῇ
1205 2667 1482 2736 διαμένειν
1505 2667 1640 2731 ὅλως
1665 2668 1810 2738 ἀμή-

239 2769 428 2820 χανον,
458 2754 551 2807 καὶ
578 2753 737 2808 τοῦτο
771 2757 827 2808 δὲ
870 2756 979 2809 τῶν
1033 2758 1210 2811 ἄλλων
1243 2759 1340 2828 οὐχ
1369 2752 1530 2828 ἦττον
1562 2777 1810 2828 πνευμα-

237 2842 392 2893 τικόν
421 2859 478 2894 τε
504 2845 601 2896 καὶ
632 2846 1014 2911 ἀποστολικὸν,
1047 2846 1121 2917 μὴ
1144 2849 1432 2917 φορτικούς
1469 2861 1611 2901 τισιν
1645 2845 1804 2915 εἶναι,

237 2932 311 2985 τὰ
343 2933 478 3002 πρὸς
542 2934 731 3006 χρείαν
795 2939 1102 3004 αἰτοῦντας,
1140 2941 1264 3010 μηδ’
1317 2941 1557 3012 ἐγκοπὴν
1610 2942 1810 2998 διδόναι

240 3025 365 3077 τινα
390 3027 454 3094 τῇ
479 3027 570 3078 τοῦ
624 3027 831 3094 ἀγαθοῦ
868 3031 1204 3101 κατορθώσει
1237 3036 1300 3086 ἐκ
1323 3034 1415 3085 τοῦ
1451 3037 1578 3105 περὶ
1636 3036 1811 3090 ταῦτα

257 3119 613 3187 καταναρκᾷν
640 3119 784 3170 ἔστιν
817 3113 891 3173 ὧν
918 3136 932 3152 ⁶
965 3122 1100 3174 ἀλλὰ
1136 3125 1256 3184 ταῖς
1289 3124 1443 3186 ἰδίαις
1480 3127 1808 3194 ἐργάξεσθαι

241 3209 433 3274 χερσὶν
470 3245 485 3269 ,
543 3209 632 3258 ὅτε
699 3206 827 3271 δεῖ,

239 3295 334 3344 τοῦ
365 3294 443 3357 είς
500 3295 569 3348 τὰ
628 3297 923 3364 ἀναγκαῖα·
980 3299 1080 3366 τῆς
1132 3300 1331 3364 ἔξωθεν
1414 3303 1469 3354 δὲ
1510 3308 1815 3374 περιφορᾶς

241 3385 468 3454 ταύτης,
510 3386 576 3456 ἣν
612 3388 800 3440 πολλοὶ
825 3389 934 3442 τῶν
970 3390 1351 3462 ἁπλουστέρων
1412 3397 1818 3467 ἐπιτηδεύουσιν

241 3478 324 3538 εἰς
365 3479 657 3547 ἑρανισμδν
681 3479 788 3532 τῶν
837 3481 979 3533 κατὰ
1033 3483 1224 3554 χρείαν
1274 3486 1384 3548 τοῖς
1431 3487 1813 3558 ἀσκουμένοις,

242 3568 397 3636 παρὰ
423 3569 532 3619 τῶν
562 3570 797 3638 ἑτοίμων
859 3573 1230 3640 μεταδιδόναι,
1264 3577 1542 3644 φείδεσθαί
1576 3598 1638 3634 τε
1692 3570 1816 3635 καθ’

239 3657 370 3708 ὅλου
432 3659 526 3709 καὶ
581 3659 641 3711 τὸ
681 3660 905 3730 σύμπαν
962 3664 1285 3734 ἀπέχεσθαι,
1347 3667 1411 3720 ἵν’
1463 3672 1814 3740 ἀπρόσκοπον

242 3749 431 3810 αὐτοῖς
467 3750 807 3819 πανταχόθεν
835 3754 931 3823 τῆς
953 3753 1304 3828 δικαιοσύνης
1352 3760 1504 3826 μένοι
1539 3764 1600 3814 τὸ
1627 3763 1810 3833 ἔργον,

243 3841 343 3889 καὶ
386 3839 614 3908 μηδενὸς
664 3842 772 3894 τῶν
799 3844 1020 3898 πάντων
1048 3849 1356 3920 συνείδησις
1378 3852 1470 3904 ἐπί
1499 3870 1605 3906 τινι
1640 3855 1812 3925 πλήτ-

240 3946 391 3982 τοιτο
415 3931 522 3984 τῶν
556 3933 646 3987 ὑπ’
677 3935 863 3990 αὐτῶν
893 3941 1311 4009 πραττομένωνο
1348 3944 1552 4012 μᾶλλον
1594 3948 1692 4016 μὲν
1720 3945 1813 4002 οὖν

243 4021 300 4073 εἴ
327 4037 410 4082 τις
437 4023 690 4093 δύναμις,
741 4027 940 4090 αὐτοὺς
969 4029 1078 4081 τῶν
1109 4032 1254 4084 ίδίων
1307 4035 1484 4087 πόνων
1539 4041 1814 4092 κοινωνεῖν

247 4111 461 4181 ἑτέροις
491 4115 811 4187 προθύμως’
846 4122 932 4173 ἵνα
963 4121 1311 4199 κάντεῦθενῇ
1342 4127 1527 4194 μεῖζον
1558 4129 1617 4180 τὸ
1633 4127 1814 4200 θαῦμα

242 4202 346 4270 τῆς
381 4203 587 4273 ἀρετῆς
623 4209 758 4275 μετὰ
789 4207 885 4277 τῆς
920 4210 1212 4281 φιλοσόφου
1245 4216 1434 4277 πενίας
1474 4216 1812 4288 πλουτούσης

243 4291 342 4342 καὶ
370 4291 466 4360 τὴν
500 4295 807 4362 μετάδοσινο
838 4299 959 4352 ἐπεὶ
1005 4303 1099 4354 καὶ
1135 4301 1345 4366 Παῦλος
1376 4306 1473 4368 τὰς
1512 4311 1702 4378 χεῖρας
1749 4313 1810 4364 οὐ

243 4385 366 4444 ταῖς
408 4384 600 4438 ἑαυτοῦ
636 4388 846 4456 χρείαις
879 4391 1060 4459 μόνον,
1096 4393 1229 4447 ἀλλὰ
1258 4397 1352 4448 καὶ
1395 4401 1509 4460 τοῖς
1539 4396 1657 4453 οὖσι
1694 4402 1811 4471 μετ’

243 4473 414 4525 αὑτοῦ
440 4475 712 4540 διακόνοις
760 4481 1145 4552 ἀνακηρύττει.
1203 4487 1344 4556 Πρὸς
1381 4488 1407 4540 ὃ
1460 4491 1809 4563 παράδειγμα

245 4565 466 4632 βλέπων
502 4567 530 4618 ό
581 4569 940 4634 ἀποστολικδς
991 4575 1196 4638 ἐκεῖνος
1257 4576 1421 4649 ἀνὴρ,
1465 4581 1526 4634 ού
1577 4584 1709 4639 πολὺ
1757 4586 1812 4639 δὲ

247 4658 380 4720 ἴσως
411 4661 579 4711 εἰπεῖν
612 4660 694 4714 ὅτι
730 4665 819 4714 καὶ
844 4665 1160 4734 ἀπόστολος,
1199 4670 1389 4724 ἑαυτόν
1405 4689 1463 4725 τε
1499 4674 1632 4743 πρὸς
1657 4677 1813 4731 τοῦτο

244 4748 511 4803 κάλλιστα
545 4752 725 4822 ἦσκει,
763 4756 856 4806 καὶ
905 4757 1029 4821 τοὺς
1079 4759 1272 4813 ἑαυτοῦ
1304 4763 1673 4828 ὲξεπαίδευσε.
1705 4770 1814 4822 Καὶ

244 4838 343 4890 νῦν
372 4841 518 4894 ἔστιν
571 4844 699 4896 ἰδεῖν
755 4848 894 4914 μετὰ
951 4849 1060 4902 τῶν
1100 4851 1273 4905 ἄλλων
1312 4855 1490 4908 καλῶν
1539 4859 1630 4912 καὶ
1656 4861 1812 4913 τοῦτο

245 4931 381 4998 παρ’
418 4933 601 4995 αὐτοῖς
629 4936 1080 5007 σπουδαζόμενον,
1114 4944 1337 5013 τὴντῶν
1396 4948 1597 5016 χειρῶν
1647 4950 1811 5020 ἔργα·

246 5023 391 5083 σίαν,
425 5023 547 5076 ὅσον
595 5026 754 5094 μόνον
802 5031 1007 5102 ταύτην
1065 5034 1164 5103 μὲν
1212 5032 1354 5089 εἷναι
1417 5042 1810 5110 πάρεργον·τὺ

244 5108 293 5200 δ’
341 5109 540 5180 ἀληθὲς
597 5115 756 5184 ἔργον
814 5119 998 5190 ἕτερον
1068 5125 1166 5193 τὴν
1237 5127 1325 5179 διὰ
1404 5108 1618 5200 πάσης
1671 5134 1812 5198 ἰδέας

242 5197 592 5270 λειτουργίαν
622 5209 713 5259 τοῦ
739 5209 882 5262 θείου
916 5213 1009 5263 καὶ
1038 5212 1356 5285 θεραπείαν,
1394 5223 1493 5274 οὐκ
1513 5218 1609 5275 οἷδ’
1640 5226 1808 5279 εἶπον

247 5290 437 5345 ἄλλοθι
491 5298 779 5370 μᾶλλον,ῆ
849 5305 1078 5358 ἐνταῦθα
1121 5312 1593 5385 κατορθουμένηνο
1645 5318 1718 5379 ὡς
1745 5321 1810 5371 ἂν

245 5384 434 5446 αὐτοῖς
495 5388 680 5458 ἄρτιον
732 5395 821 5445 καὶ
879 5401 1218 5468 πανταχόθεν
1257 5403 1462 5474 πλῆρες
1484 5410 1577 5461 καὶ
1605 5410 1808 5464 τέλειον

243 5473 308 5525 τὸ
340 5476 538 5542 ἁγαεδν
584 5476 639 5550 ᾖ,
696 5482 757 5536 ἐκ
784 5503 841 5537 τε
877 5488 986 5541 τῶν
1039 5497 1366 5561 σωματικῶν
1411 5501 1630 5569 ἱκανῶς,
1663 5504 1724 5557 ἐκ
1749 5525 1806 5559 τε

243 5564 359 5617 τῶν
412 5576 798 5638 πνευματικῶν
877 5580 1134 5652 δαψιλῶς,
1191 5589 1272 5652 εἰς
1331 5591 1422 5646 τὸν
1469 5596 1814 5668 ἀπαρτισμὸν

245 5657 762 5731 συμπληρούμενον.

318 5816 342 5846 ⁸
380 5815 494 5869 Act.
521 5836 609 5880 xx,
640 5819 732 5873 24.

575 5916 837 5973 Parnm"
894 5914 1006 5972 (in.
1070 5915 1164 5971 CX
1183 5916 1260 5975 Χ.

882 3208 976 3262 καὶ
1031 3209 1250 3279 βοηθεῖν
1311 3212 1524 3275 ἑαυτοῖς
1579 3214 1645 3267 δι’
1685 3195 1880 3270 ὲαυ-(ἶ

1904 631 2245 686 clarissimus
2276 634 2476 686 virtute
2501 633 2640 686 inter
2659 631 2974 697 monachos,
2995 631 3193 700 quique
3212 633 3469 698 Auream,

1905 730 1965 774 ut
2011 721 2307 790 appellant,
2338 721 2579 788 Petram,
2636 738 2742 777 non
2791 724 2982 794 procul
3019 722 3144 778 inde
3181 731 3468 790 remotam,

1904 813 2114 882 primus
2137 813 2380 867 omnium
2414 813 2696 868 inchoavit
2730 816 2998 884 rexitque.
3045 815 3169 884 Ipse
3209 830 3340 869 vero
3367 816 3469 870 Do-

1909 904 2138 959 rotheus
2174 904 2344 958 multa
2373 905 2480 959 illis
2504 920 2600 974 per
2623 921 2682 960 se
2713 905 2932 959 inventa
2967 906 3252 976 adjiciens,
3286 907 3473 962 eadem

1907 1009 2021 1048 sua:
2079 995 2420 1052 multimodis
2482 997 2652 1065 plexa:
2703 999 2925 1052 ascetici
2982 1001 3197 1054 decoris
3257 1016 3478 1054 coronae

1911 1086 2173 1150 intexuit,
2207 1094 2322 1141 tttm
2362 1079 2438 1140 ad”
2474 1089 2775 1157 augendam
2828 1090 3002 1159 magis
3049 1091 3474 1160 pulcritudinem

1910 1173 2065 1242 ejus,
2119 1183 2231 1229 tum
2267 1178 2332 1230 ad
2367 1177 2676 1246 ponendum
2713 1179 2936 1248 majoris
2981 1181 3232 1236 utilitatis
3277 1180 3477 1235 funda-

1911 1279 2175 1324 mentum.
2221 1269 2374 1336 Quod
2404 1272 2547 1326 enim
2587 1271 2852 1326 virtutum
2891 1288 3061 1341 genus
3080 1271 3149 1325 ab
3198 1272 3328 1342 ipsis
3365 1287 3475 1326 non

1911 1360 2311 1416 exercebatur?
2343 1362 2425 1416 An
2457 1363 2892 1430 longanimitas?
2926 1377 2992 1417 an
3053 1363 3366 1417 modestia?
3405 1378 3473 1416 an

1911 1451 2268 1522 despicientia
2312 1470 2495 1509 rerum
2542 1458 2917 1525 praesentium,
2959 1465 3049 1510 aut
3083 1470 3237 1510 amor
3269 1455 3479 1510 futura-

1911 1545 2074 1599 rum?
2126 1559 2196 1599 an
2247 1547 2658 1600 mansuetudo?
2696 1562 2763 1600 aa
2815 1547 3075 1617 puritas?
3123 1562 3192 1601 an
3248 1546 3476 1615 spiritus

1913 1638 2250 1708 paupertas?
2277 1651 2346 1692 an
2379 1637 2582 1707 aliquid
2605 1639 2819 1693 demum
2850 1638 3090 1693 omnium
3113 1653 3232 1708 qua
3257 1639 3476 1694 beatum

1913 1729 2142 1785 reddere
2200 1737 2436 1800 possunt
2488 1729 2763 1786 hominem
2830 1737 2926 1783 aut
2969 1729 3127 1783 aliter
3186 1729 3478 1783 laudabilia

1915 1819 2082 1874 sunt?
2145 1821 2319 1876 Porro
2388 1830 2702 1890 paupertas,
2751 1819 3057 1890 frugalitas,
3116 1820 3172 1874 in
3222 1820 3478 1874 omnibus

1913 1911 2295 1981 temperantia,
2349 1912 2607 1983 vigilandi
2664 1912 2929 1976 studium,
2990 1911 3256 1982 psallendi
3317 1913 3482 1966 ardor

1909 1999 2265 2063 insatiabilis,
2296 1999 2492 2055 orandi
2526 2001 2781 2066 intentio,
2809 2017 2991 2056 rerum
3017 2002 3333 2057 divinarum
3362 2017 3480 2057 me-

1909 2092 2124 2158 ditatio,
2142 2107 2270 2164 erga
2296 2094 2786 2165 peregrinosjuxta
2812 2109 2876 2149 ac
2895 2096 3176 2152 mendicos
3209 2096 3477 2162 charitas,

1910 2190 2075 2251 quota
2107 2197 2235 2252 pars
2266 2189 2397 2238 sunt
2423 2182 2640 2239 illorum
2676 2199 2796 2253 qua:
2820 2184 2873 2239 in
2902 2192 3158 2255 promptu
3187 2197 3273 2242 est
3306 2201 3476 2242 enar-

1911 2286 2028 2327 rare
2050 2271 2073 2323 ?

1980 2384 2066 2438 12.
2097 2385 2314 2441 illorum
2350 2396 2432 2443 est
2464 2388 2594 2443 nihil
2626 2389 2850 2444 omnino
2886 2405 3067 2445 rerum
3096 2408 3217 2462 qua:
3250 2393 3314 2448 ad
3354 2409 3480 2449 cor-

1909 2491 2033 2546 pus,
2076 2477 2252 2531 solum
2277 2493 2405 2534 vero
2430 2495 2550 2548 quae
2573 2479 2639 2533 ad
2662 2481 2902 2535 animum
2936 2492 3205 2552 spectant,
3240 2501 3484 2555 quaerere

1911 2577 1964 2622 et
1993 2569 2213 2634 sectari,
2254 2569 2363 2625 nisi
2393 2586 2606 2626 summa
2641 2575 2943 2629 necessitas
2997 2586 3188 2644 urgeat
3236 2592 3299 2632 ae
3351 2578 3484 2632 talia

1910 2664 1974 2716 ea
2022 2660 2153 2727 sint,
2212 2662 2333 2716 sine
2386 2663 2587 2731 quibus
2646 2666 2914 2721 sustineri
2972 2668 3079 2721 vita
3131 2669 3280 2722 nullo
3325 2671 3486 2725 modo

1912 2760 2111 2819 potest.
2150 2754 2369 2807 Illorum
2398 2763 2484 2809 est
2521 2756 2651 2810 illud
2675 2772 2918 2826 Quoque,
2955 2774 3065 2812 non
3106 2761 3289 2816 minus
3320 2779 3482 2830 quam

1914 2847 2016 2899 alia
2045 2847 2329 2916 spirituale
2349 2855 2401 2903 et
2429 2851 2812 2919 apostolicum,
2831 2851 2970 2918 quod
2998 2867 3121 2906 cum
3148 2857 3488 2911 necessitatis

1915 2953 2081 2992 causa
2122 2949 2316 3007 petunt
2349 2941 2657 3010 quidpiam,
2710 2943 2917 2996 nemini
2961 2947 3180 3000 onerosi
3214 2948 3346 3012 sint,
3387 2965 3488 3004 nec

1917 3037 2097 3083 tamen
2127 3031 2471 3087 obstaculum
2512 3035 2773 3103 prmelaro
2822 3036 3048 3092 virtutis
3092 3042 3356 3096 exercitio
3389 3058 3486 3111 po-

1916 3130 2047 3176 nant
2070 3138 2165 3192 per
2192 3124 2499 3180 istiusmodi
2522 3141 2703 3179 rerum
2736 3129 3099 3197 corporalium
3135 3133 3441 3202 neglectum
3469 3153 3482 3199 ;

1919 3207 2014 3260 sed
2048 3210 2283 3278 propriis
2315 3222 2612 3280 operantur
2646 3215 2923 3278 manilius,
2963 3219 3182 3285 quando
3219 3236 3355 3291 opus
3382 3233 3484 3289 est,

1919 3305 1972 3350 et
2004 3297 2199 3365 juvant
2253 3315 2314 3354 se
2359 3317 2454 3371 per
2501 3305 2716 3372 seipsos
2756 3306 2810 3358 in
2861 3308 2978 3362 suis
3017 3313 3481 3380 necessitatibus;

1919 3388 2062 3443 illam
2091 3400 2267 3446 autem
2285 3394 2616 3448 exteriorum
2645 3397 2985 3464 negotiorum
3011 3415 3219 3466 curam,
3245 3404 3481 3474 inquam

1917 3481 2312 3551 simpliciorum
2365 3486 2521 3540 multi
2581 3496 2689 3541 tam
2746 3489 2981 3544 sollicite
3038 3493 3363 3549 incumbunt
3417 3497 3483 3550 ad

1917 3575 2254 3643 corroganda
2296 3579 2734 3634 exercitantibus
2784 3584 3123 3648 necessaria,
3183 3587 3486 3641 transferre

1917 3665 1981 3717 ad
2016 3663 2174 3718 facile
2206 3667 2470 3734 parabilia
2497 3677 2790 3739 satagunt;
2831 3682 2920 3727 aut
2957 3675 3139 3744 potius
3173 3694 3232 3731 ea
3259 3679 3486 3732 omnino

1915 3753 2212 3816 abstinent,
2251 3764 2308 3808 ut
2357 3756 2562 3826 ubique
2603 3757 2831 3827 justitire
2868 3777 3033 3831 opera
3068 3780 3325 3820 exercere
3366 3768 3486 3823 sine

1913 3842 2212 3898 offensione
2241 3853 2293 3899 et
2318 3845 2580 3901 seandalo
2601 3849 2837 3918 possint,
2863 3852 3175 3922 nulliusque
3193 3857 3485 3911 conscien-

1915 3933 1986 3986 tia
2019 3933 2073 3987 in
2095 3934 2279 4004 aliquo
2303 3950 2534 4006 operum
2565 3953 2792 3994 suorum
2825 3954 3062 4012 angatur
3102 3961 3115 3998 :
3155 3948 3299 4016 quod
3327 3949 3369 4002 si
3400 3948 3485 4003 fa-

1915 4024 2091 4078 cultas
2127 4034 2397 4094 suppetat,
2438 4027 2538 4097 ipsi
2601 4030 2854 4085 laborum
2910 4049 3135 4090 suorum
3195 4039 3488 4110 participes

1915 4113 2054 4167 alios
2081 4113 2286 4167 faciunt
2316 4115 2598 4178 alacriter.
2637 4127 2694 4170 ut
2725 4121 2812 4171 vel
2850 4119 2980 4175 hinc
3012 4122 3390 4178 admirabilior
3416 4125 3490 4178 sit

1914 4201 1996 4256 vis
2026 4203 2265 4268 virtutis,
2323 4219 2445 4273 quae
2490 4213 2544 4260 et
2601 4205 3039 4277 philosophieam
3082 4219 3326 4265 sectatur
3357 4228 3490 4282 pau-

1916 4301 2205 4362 pertatem,
2237 4303 2292 4348 et
2338 4295 2601 4364 opulenta
2640 4311 2805 4351 manu
2863 4299 2917 4352 in
2979 4299 3116 4355 alios
3165 4301 3485 4368 distribuit;

1915 4399 2039 4438 eum
2062 4385 2228 4439 etiam
2252 4385 2455 4442 Paulus
2487 4388 2744 4456 praedicet
2777 4391 2820 4453 ',
2855 4405 3050 4446 manus
3072 4407 3202 4448 suas
3233 4411 3339 4450 non
3371 4397 3486 4451 suis

1918 4480 2102 4541 modo,
2128 4479 2223 4535 sed
2257 4479 2530 4534 sociorum
2563 4497 2780 4551 quoque
2812 4497 3036 4538 suorum
3071 4486 3262 4542 usibus
3294 4504 3487 4543 neces-

1918 4569 2060 4625 saria
2091 4569 2565 4625 subministrasse.
2591 4570 2746 4637 Quod
2771 4574 3078 4640 exemplum
3107 4576 3207 4630 sibi
3238 4581 3486 4648 proposi-

1915 4668 2029 4712 tum
2065 4659 2274 4713 habens
2309 4659 2394 4712 vir
2425 4661 2526 4714 iste
2558 4660 2920 4729 apostolicus,
2949 4663 3058 4714 itno
3089 4671 3142 4717 et
3169 4668 3480 4734 apostolum

1915 4748 2126 4811 dixero,
2163 4749 2216 4802 in
2255 4748 2364 4800 illis
2397 4763 2456 4802 se
2495 4749 2752 4818 praeclare
2781 4748 3104 4814 exercebat,
3150 4760 3203 4805 et
3246 4752 3482 4807 instrue-

1918 4840 2007 4894 bat
2038 4853 2187 4894 suos.
2237 4838 2353 4892 Jam
2387 4853 2517 4892 vero
2564 4837 3023 4894 considerandum
3056 4842 3216 4896 nohis
3246 4851 3327 4896 est
3357 4859 3481 4897 cum

1913 4929 2034 4983 aliis
2065 4943 2255 4982 eorum
2290 4928 2459 4996 gestis
2499 4927 2633 4982 illud
2665 4944 2882 4999 quoque
2914 4931 2966 4983 in
2996 4931 3140 5000 quod
3174 4932 3364 4986 sedulo
3397 4935 3480 4987 in-

1915 5020 2194 5083 cumbant,
2217 5017 2468 5073 videlicet
2492 5021 2741 5087 operatio
2763 5022 3055 5088 manuaiis,
3077 5032 3343 5091 quatenus
3370 5024 3482 5079 haec

1916 5113 2091 5167 solum
2124 5117 2271 5164 esset
2297 5109 2587 5177 occupatio
2620 5112 2988 5177 secundaria;
3045 5128 3168 5166 cum
3220 5116 3478 5180 primaria

1917 5208 1970 5260 iu
2005 5220 2068 5257 eo
2095 5212 2435 5269 versaretur,
2487 5204 2630 5272 quod
2684 5205 2862 5260 omnis
2919 5208 3130 5277 generis
3179 5211 3384 5263 cultum
3427 5221 3484 5264 et

1917 5293 2185 5350 sacriﬁcia
2221 5290 2454 5346 offerant
2488 5291 2618 5356 Deo,
2655 5307 2754 5347 nec
2786 5296 2921 5357 scio,
2973 5311 3041 5350 an
3084 5299 3215 5351 nulli
3266 5304 3478 5369 uspiam

1919 5384 2108 5456 majori
2155 5399 2280 5440 cum
2345 5384 2696 5440 accuratione
2747 5401 2906 5454 quam
2955 5388 3032 5441 illi
3079 5389 3374 5445 hiczadeo
3426 5405 3483 5446 ιιι

1916 5479 2184 5547 integrum
2211 5483 2265 5529 et
2292 5474 2440 5527 omni
2477 5488 2539 5528 ex
2573 5481 2729 5544 parte
2755 5479 3279 5552 completumatque
3307 5485 3482 5554 perfe-

1916 5581 2061 5622 ctum
2098 5567 2418 5635 possideant
2463 5565 2690 5632 bouum,
2747 5569 2926 5638 quoad
2982 5586 3182 5640 cet-pus
3239 5576 3481 5643 quidem,

1918 5658 2292 5720 sufﬁcienter;
2353 5655 2532 5724 quoad
2578 5658 2813 5711 animam
2864 5676 3014 5726 vero,
3043 5663 3379 5719 abundanter
3431 5674 3484 5720 et

1917 5767 2038 5806 cum
2067 5748 2470 5803 absolutissima
2505 5749 2860 5814 perfectione.

2931 5936 3006 5994 Si.
