4190 6458
768 410 783 471 ι
803 405 909 469 067

1953 403 2275 465 JOANNIS
2310 404 2880 469 EUCIIAITENSIS

3878 418 4007 486 1068

2195 524 2441 584 CAPUT
2478 526 2567 584 III

2004 660 2269 715 Miracula
2286 671 2335 715 et
2364 675 2505 713 mors
2538 659 2770 719 Sancti.-

830 780 917 833 οιτ).
943 775 1088 831 Talis
1122 776 1289 849 igitur
1318 775 1420 832 fuit
1458 777 1727 835 mirabilis
1762 776 2018 833 Dorothei
2052 776 2328 831 institutio
2360 782 2407 840 Α

761 880 815 921 et
844 868 1217 933 conversatio,
1272 869 1397 933 talis
1428 869 1542 937 ipse
1572 868 1873 938 legislator,
1918 868 2012 938 qui
2044 867 2331 924 sublimem

759 964 904 1014 hunc
926 970 1089 1027 atque
1132 946 1380 1014 divinum
1415 959 1631 1015 vivendi
1662 961 1882 1015 modum
1914 958 2328 1015 constabilivit:

755 1052 901 1120 quod
951 1066 1119 1105 unum
1177 1065 1277 1119 pro
1312 1051 1501 1106 multis
1557 1052 1795 1107 suﬂiciat
1848 1052 2204 1122 argumentis,
2261 1050 2329 1104 ad

755 1142 1218 1211 probanduurviri
1244 1142 1525 1209 virtutem,
1546 1143 2041 1213 etdignoscendum
2056 1141 2329 1212 quomodo

766 1235 871 1303 ipsi
912 1236 1238 1290 curae'esset
1278 1233 1421 1289 Deus
1468 1245 1523 1289 et
1576 1235 1696 1302 ipse
1750 1234 1990 1293 vicissim
2048 1236 2180 1299 Deo,
2230 1233 2323 1303 qui

756 1326 1132 1395 glorificantes
1161 1341 1220 1381 se
1246 1326 1520 1397 gloriﬁeat
1548 1335 1603 1381 et
1638 1326 1973 1381 honorantes
2007 1339 2068 1381 se
2112 1325 2191 1380 sic
2231 1339 2327 1395 pa—

750 1417 886 1471 riter
912 1418 1171 1471 honorat.
1196 1414 1397 1471 Verum
1416 1416 1696 1472 enimvero
1723 1416 1985 1486 quoniam
2019 1415 2319 1471 multitudo

749 1500 1052 1578 gratiarum
1105 1522 1168 1562 ac
1226 1508 1521 1572 donorum,
1570 1509 1696 1564 inde
1737 1509 1792 1564 in
1840 1515 2092 1565 sanctum
2139 1509 2318 1564 virum

749 1600 1158 1669 proﬂuentium,
1194 1600 1247 1655 in
1281 1617 1380 1656 ore
1425 1602 1725 1656 multorum
1781 1610 2071 1667 versatur;
2104 1602 2218 1672 qui,
2256 1608 2315 1656 ut

747 1693 1006 1747 audiendi
1035 1694 1219 1762 cupidi
1248 1702 1397 1759 sunt,
1429 1695 1606 1748 solent
1630 1697 1814 1749 acrius
1842 1694 2129 1750 intendere
2151 1709 2315 1751 aures

747 1784 800 1837 in
837 1798 1020 1838 rerum
1061 1797 1325 1837 novarum
1368 1784 1756 1849 narrationes;
1816 1799 1916 1855 age
1969 1783 2317 1855 proferamus

745 1886 803 1929 et
841 1889 944 1929 nos
984 1874 1039 1928 in
1073 1874 1313 1928 medium
1350 1888 1523 1943 pauca
1564 1874 1814 1943 quaedam
1849 1875 1971 1944 ejus
2021 1874 2312 1940 miracula,

746 1966 910 2035 idque
940 1973 1139 2034 quanta
1187 1964 1304 2019 ﬁeri
1344 1967 1521 2035 possit
1552 1966 1819 2022 brevitate
1856 1982 1871 2032 ;
1914 1978 2066 2023 utne
2090 1968 2314 2036 cupien-

748 2067 830 2112 tes
868 2057 1109 2111 novitate
1138 2056 1399 2111 dictionis
1439 2056 1576 2111 bene
1604 2058 1803 2111 mereri
1843 2059 1907 2113 de
1940 2057 2309 2125 auditoribus,

2507 776 2600 869 ιγ’.
2637 779 2881 852 Τοιαύτη
2918 783 3018 852 μὲν
3069 779 3165 838 οὖν
3194 788 3228 856 ἠ
3259 786 3548 861 θαιμαστὴ
3575 795 3813 862 μεγάλου
3845 815 4001 869 νομο-

2436 865 2590 922 θεσία
2622 871 2717 924 καὶ
2746 871 3015 939 πολιτεία,
3066 874 3315 941 τοιοῦτος
3342 880 3399 932 δὲ
3434 869 3529 935 καὶ
3557 884 3586 936 ό
3611 865 3938 957 νομοθέτης,
3969 894 3995 944 ό

2432 959 2492 1012 τὸ
2517 960 2662 1029 μέγα
2688 959 2846 1016 τοῦτο
2873 967 2969 1018 καὶ
3029 965 3173 1021 θεῖον
3208 968 3509 1039 πολίτευμα
3538 978 3949 1047 συστησάμενος
3983 998 3998 1011 .

2430 1048 2459 1102 δ
2486 1052 2582 1104 καὶ
2613 1052 2773 1120 μόνον
2799 1053 2867 1107 ἂν
2911 1054 3148 1125 ἤρκεσεν
3195 1060 3378 1114 ίκανὺν
3418 1065 3677 1130 γενέσθαι
3699 1074 3998 1140 τεκμήριον

2427 1140 2526 1211 τῆς
2554 1142 2647 1195 τοῦ
2675 1142 2868 1215 ἀνδρὸς
2897 1146 3123 1218 ἀρετῆς,
3174 1152 3270 1205 καὶ⁸
3324 1154 3474 1217 ὅπως
3520 1158 3619 1226 μὲν
3668 1162 3821 1231 αὐτῷ
3872 1165 4000 1226 Θεὸς

2426 1232 2639 1301 ἔμελεν,
2672 1236 2821 1300 ὅπως
2868 1236 2925 1290 δὲ
2977 1238 3142 1303 αὐτὸς
3201 1243 3322 1315 Θεῷ
3367 1247 3554 1315 πάλιν,
3587 1249 3662 1320 τῷ
3724 1252 3997 1319 δοξάζοντι

2424 1326 2549 1388 τοὺς
2578 1326 2922 1397 δοξάζοντας,
2961 1332 3210 1397 καὶτοὺς
3241 1338 3520 1408 τιμῶντας
3569 1343 3743 1408 οὕτως
3798 1349 3997 1401 ἀντιτι-

2427 1415 2620 1484 μῶντι.
2649 1420 2728 1472 Οὐ
2775 1422 2882 1491 μὴν
2902 1422 3018 1476 ἀλλ’
3045 1424 3169 1477 ἐπεὶ
3202 1427 3427 1481 καὶτῶν
3460 1432 3550 1485 ἐπ’
3575 1436 3740 1488 αὐτὸν
3788 1440 3997 1492 ἐκεῖθεν

2422 1504 2666 1597 ῥυέντων
2724 1512 3083 1580 χαρισμάτων
3128 1514 3189 1568 τὺ
3238 1517 3443 1585 πλῆθος
3502 1523 3608 1576 ἀνὰ
3665 1528 3843 1597 στόμα
3888 1535 3995 1595 τοῖς

2420 1596 2637 1659 πολλοῖς
2698 1601 3057 1671 περιφέρεται
3090 1644 3105 1669 ,
3154 1601 3237 1671 οἷς
3286 1611 3381 1662 καὶ
3438 1614 3640 1682 μᾶλλον
3691 1596 3840 1684 φιλεῖ
3880 1636 3993 1683 πως

2420 1686 2728 1758 ἐγείρεσθαι
2759 1692 2826 1745 τὰ
2864 1686 2981 1745 ὦτα
3038 1697 3151 1759 τοῖς
3200 1700 3509 1770 φιληκόοις,
3570 1707 3707 1777 πρὸς
3749 1709 3851 1780 τὴν
3892 1713 3995 1764 τῶν

2419 1782 2754 1853 καινοτέρων
2804 1786 3072 1858 ἀκρόασιν
3118 1790 3379 1857 ἐπιεικῶς
3425 1796 3808 1870 λιχνευόμενα,
3840 1807 3992 1876 φέρε,

2417 1872 2510 1924 και
2530 1873 2691 1942 ἡμεῖς
2712 1873 2807 1927 νῦν
2829 1877 2990 1944 ὀλίγα
3019 1880 3128 1933 τῶν
3158 1882 3255 1935 τοῦ
3310 1884 3508 1955 ἀνδρὸς
3540 1872 3889 1957 θαυμασίων,
3912 1872 3995 1959 εἰς

2414 1958 2513 2029 τὴν
2539 1962 2661 2015 κατ’
2715 1964 2879 2018 αὐτὸν
2911 1965 3169 2039 διήγησιν
3220 1974 3657 2044 παραλάϐωμεν,
3692 1980 3789 2033 καὶ
3823 1958 3993 2036 ταῦτα

2411 2050 2504 2105 διὰ
2534 2050 2780 2123 βραχίων
2821 2054 2897 2120 ὡς
2933 2058 3203 2126 μάλιστα·
3241 2065 3331 2116 ἵνα
3355 2067 3434 2136 μὴ
3464 2069 3543 2137 τῷ
3574 2071 3682 2124 τῶν
3708 2073 3993 2142 ἀκροατῶν

744 2150 1125 2218 imprudenter
1182 2148 1318 2217 ipsis
1355 2148 1734 2204 obtundamus
1791 2164 1952 2204 aures
1998 2150 2353 2221 prolixitatel

2415 2145 2712 2217 φιλοκαίνῳ
2740 2148 3036 2218 ζητοῦντες
3076 2153 3432 2223 χαρίσασθαι,
3487 2159 3740 2231 λάθωμεν
3798 2166 3993 2230 αὐτοὺς

743 2240 1035 2294 orationis.
1055 2239 1151 2294 Est
1168 2249 1349 2295 autem
1378 2242 1611 2310 primum
1636 2241 2045 2310 maximumque
2066 2244 2309 2296 omnium

744 2332 797 2386 in
828 2333 947 2386 viro
987 2332 1336 2397 miraculum,
1386 2332 1532 2401 quod
1566 2320 1926 2387 habitualiter
1966 2342 2020 2389 et
2070 2333 2311 2403 perfecte

741 2432 1050 2493 penetraret
1077 2438 1173 2476 seu
1199 2422 1662 2491 contemplaretur
1712 2422 1936 2491 divina;
1969 2433 2023 2478 et
2047 2438 2167 2494 qua:
2211 2438 2311 2478 co-
2346 2449 2349 2453 -

740 2524 1004 2586 gnoverat
1028 2514 1258 2586 agenda,
1301 2525 1423 2568 actu
1455 2516 1771 2583 compleret,
1825 2517 1972 2570 unde
2027 2526 2081 2571 et
2130 2518 2308 2571 abun-

743 2608 1092 2662 tlantinribus
1127 2622 1155 2659 a
1191 2605 1333 2659 C(Bio
1382 2605 1871 2670 illustrationibus,
1936 2615 1994 2660 ut
2044 2622 2143 2676 par
2199 2616 2304 2672 est,

741 2699 992 2768 dignatus
1014 2697 1113 2751 fuit
1136 2708 1361 2768 propter
1394 2699 1589 2751 anima:
1617 2699 1931 2769 puritatem.
1956 2698 2096 2753 Ecce
2127 2707 2304 2753 autem

741 2790 1008 2858 exempla.

813 2880 900 2934 H.
934 2879 1205 2933 Aistivum
1231 2880 1495 2950 agebatur
1538 2887 1778 2950 tempus,
1803 2888 1857 2935 et
1885 2881 2099 2939 medius
2154 2883 2306 2936 inca-

741 2972 1081 3038 lueratdies,
1119 2988 1244 3026 cum
1293 2981 1517 3039 repente
1554 2974 1699 3027 oculi
1746 2973 1983 3028 videntis
2036 2989 2311 3043 praevene-

742 3072 906 3134 runt;
946 3063 1209 3133 praevenit
1250 3071 1432 3117 autem
1465 3064 1633 3118 etiam
1667 3064 1785 3134 ipse
1815 3065 1978 3131 citus,
2011 3076 2065 3121 et
2100 3066 2309 3120 clama-

741 3156 816 3207 vit
840 3132 891 3207 in
918 3132 1309 3208 imtnaturitate
1330 3164 1526 3208 coetum
1544 3132 1802 3211 fratri—bus
1832 3157 2106 3212 indicens:
2134 3157 2309 3228 iisque

742 3246 926 3297 statim
964 3253 1021 3297 ut
1068 3259 1167 3315 par
1196 3254 1302 3312 est,
1344 3248 1803 3303 convenientibus
1845 3248 2308 3319 stupentibusque

740 3337 809 3389 ob
835 3336 909 3389 rei
944 3336 1239 3388 novitatem
1275 3337 1558 3406 (nondum
1595 3340 1741 3393 enim
1778 3338 2141 3408 Vesperarum
2176 3348 2308 3393 tem-

738 3442 840 3496 pus
864 3428 1003 3496 erat)
1056 3445 1069 3481 :
1120 3426 1345 3493 Demus,
1400 3430 1599 3500 inquit,
1657 3429 1752 3484 filii
1809 3430 2119 3500 fratresque
2172 3433 2301 3497 mei,

739 3517 933 3571 demus
962 3516 1190 3584 gloriam
1219 3518 1351 3583 Deo,
1380 3519 1471 3587 qui
1492 3518 1653 3573 modo
1686 3531 1880 3588 prater
1909 3535 2059 3587 spem
2088 3534 2304 3574 omnem

740 3622 804 3660 ev
836 3605 1107 3675 profundo
1163 3607 1327 3661 maris
1373 3609 1572 3676 eripuit
1607 3610 1923 3679 quempiam
1958 3608 2213 3679 (addebat
2252 3620 2305 3664 et

736 3697 958 3764 nomen)
991 3698 1196 3751 salvum
1231 3708 1395 3767 atque
1427 3699 1773 3752 incolumem.
1808 3698 1902 3754 His
1922 3700 2081 3754 dictis
2118 3702 2304 3765 tacuit,

735 3798 792 3844 et.
843 3788 1193 3842 mirabundos
1257 3789 1327 3843 ad
1386 3788 1626 3859 Synaxin
1679 3790 1913 3844 dimisit.
1972 3791 2095 3845 Non
2148 3793 2302 3846 multi

736 3881 1105 3933 intercessere
1137 3877 1275 3943 dies,
1308 3893 1431 3931 cum
1468 3879 1563 3933 ille
1589 3879 1702 3948 ipse
1735 3878 2061 3934 festinanter
2089 3879 2156 3934 ad
2185 3898 2303 3936 mo-

742 3970 1038 4023 nasterium
1068 3969 1302 4035 accedit,
1326 3970 1432 4023 alta
1464 3984 1595 4024 voce
1624 3971 1931 4026 inclamans
1973 3981 2304 4027 servatorem

740 4060 1194 4128 liberatoremque
1226 4075 1405 4123 suum,
1441 4059 1534 4129 qui
1570 4061 1673 4115 sibi
1709 4061 1897 4124 vitam,
1934 4062 2251 4119 reddiderat
2285 4081 2300 4130 ;

736 4160 792 4206 et
813 4151 1153 4206 venerabiles
1179 4150 1297 4221 ejus
1326 4151 1492 4220 pedes
1510 4152 1776 4207 ambabus
1794 4154 2070 4223 manibus,
2096 4166 2301 4225 quanta

735 4245 916 4314 potuit
948 4259 1070 4299 cum
1116 4244 1402 4298 alacritate
1437 4255 1604 4315 atque
1657 4244 1877 4309 affectu,
1926 4248 2303 4318 apprehensos

740 4346 954 4400 tenens,
1009 4350 1116 4389 non
1176 4334 1328 4404 prius
1398 4334 1613 4389 dimisit
1669 4345 1761 4389 aut
1810 4337 1979 4397 humo
2037 4341 2301 4407 surrexit,

739 4425 951 4479 tametsi
988 4425 1056 4477 ab
1088 4424 1349 4479 omnibus
1390 4433 1696 4494 cogeretur,
1730 4440 1892 4495 quam
1966 4436 2133 4482 totam
2190 4428 2303 4485 for-

738 4525 886 4570 tunae
926 4532 1038 4572 sua:
1075 4515 1272 4571 seriem
1326 4516 1694 4585 praesentibus
1738 4517 2081 4575 exhibuisset
2118 4540 2131 4575 :
2169 4536 2304 4591 quo-

738 4607 899 4660 modo
953 4605 1110 4675 jussu
1173 4607 1316 4676 regis
1371 4607 1633 4676 navigans
1697 4622 1792 4676 per
1844 4609 2177 4664 Astacenum
2229 4612 2303 4667 si-

739 4712 862 4748 num
893 4696 990 4767 (7),
1024 4696 1079 4750 in
1112 4697 1489 4751 vehementem
1536 4697 1793 4753 inciderit
1822 4707 2235 4770 tempestatem;
2267 4718 2298 4757 a

2337 3485 2376 3537 C

2413 2235 2850 2313 ἀποκναίσαντες
2903 2240 2983 2311 τῷ
3017 2244 3185 2313 μήκει
3232 2246 3330 2299 τοῦ
3375 2247 3559 2317 λόγου.
3617 2253 3774 2305 Ἐστι
3832 2256 3889 2308 δὲ
3938 2261 3992 2310 τδ

2412 2328 2627 2397 πρῶτον
2658 2330 2748 2381 καὶ
2779 2329 3038 2400 μέγιστον
3058 2336 3117 2387 ὲν
3156 2337 3410 2405 ἐκείνοις,
3446 2342 3478 2410 ἡ
3504 2343 3634 2412 περὶ
3658 2348 3719 2396 τὸ
3745 2346 3989 2416 διορατι-

2409 2424 2528 2487 xcv,
2560 2421 2660 2476 εἶτ’
2694 2419 2789 2480 οῦν
2843 2425 3191 2498 θεωρητικὸν,
3224 2431 3299 2494 ὡς
3332 2434 3398 2487 ἂν
3424 2436 3568 2489 εῐποι
3620 2455 3724 2505 τις,
3759 2440 3873 2504 ἕξις
3894 2443 3991 2495 αὖ·

2411 2510 2506 2565 τοῦ
2558 2514 2654 2568 καὶ
2710 2510 3098 2586 τελείωσις’ᾧ
3130 2520 3189 2572 τὸ
3236 2526 3542 2593 πρακτικὸν
3595 2528 3989 2600 ὲπεσφράγισε,

2411 2604 2801 2677 δαψιλεστέραν
2828 2607 2925 2677 τὴν
2961 2608 3169 2663 ἄνωθεν
3201 2612 3467 2684 ἔλλαμψιν
3490 2618 3715 2681 εἰκότως
3746 2622 3987 2691 πλωτή-

2413 2711 2532 2758 σας,
2563 2695 2650 2749 διὰ
2676 2696 2773 2767 τὴν
2804 2698 2901 2767 τῆς
2930 2697 3109 2769 ψυχῆς
3139 2700 3519 2776 καθαρότητα.
3555 2709 3666 2760 Καὶ
3696 2709 3763 2764 τὰ
3810 2728 3991 2781 παρα-

2409 2786 2681 2858 δείγματα
2704 2789 2917 2845 τούτου.

2486 2880 2564 2936 ιδ’.
2627 2882 2831 2949 Θέρους
2862 2878 2929 2953 ἦν
2968 2885 3086 2955 ὥρα
3140 2887 3236 2941 καὶ
3306 2891 3679 2962 μεσημϐρινὸς
3717 2896 3747 2946 δ
3776 2898 3987 2967 καιρὸς,

2412 2972 2771 3041 προέφθασαν
2792 2974 2882 3028 οὖν
2908 2979 2955 3027 οἱ
2983 2977 3251 3047 ὀφθαλμοὶ
3273 2981 3367 3032 τοῦ
3385 2982 3645 3051 δρῶντος,
3674 2989 3986 3055 προέφθασε

2411 3062 2465 3116 δὲ
2499 3064 2592 3116 καὶ
2625 3064 2785 3128 αὐτὸς
2812 3066 2975 3130 εὐθὺς
3006 3070 3098 3121 καὶ
3132 3070 3435 3139 ὲκέκραξεν
3462 3077 3520 3128 ἐν
3553 3077 3734 3147 ἁωρίᾳ
3766 3083 3987 3153 τοιαύτῃ

2413 3154 2711 3223 ἐκκλησίαν
2768 3156 3057 3226 κηρύττων
3115 3162 3228 3221 τοῖς
3281 3163 3564 3234 ἀδελφοῖς·
3629 3171 3753 3223 ἐπεὶ
3773 3173 3828 3226 δὲ
3858 3193 3984 3227 σνν-

2412 3244 2647 3314 έδραμον
2687 3246 2761 3309 ὡς
2818 3247 3010 3315 εἰκὸς,
3074 3252 3212 3320 ταχὺ
3273 3258 3371 3307 σὺν
3430 3257 3692 3329 ἐκπλήξει
3745 3266 3884 3333 πρὸς
3928 3266 3987 3318 τὸ

2386 3335 2725 3405 ’παράλογον
2776 3336 2954 3402 (οῦπω
3000 3340 3110 3411 γὰρ
3163 3341 3229 3411 δὴ
3278 3346 3467 3413 καιρὸς
3522 3350 3630 3401 τῶν
3682 3352 3987 3422 έσπερινῶν

2413 3425 2595 3495 ὓμνων
2646 3423 2762 3498 ἦν),
2833 3430 3048 3501 Δῶμεν,
3083 3426 3128 3485 ὦ
3168 3435 3335 3489 τέκνα
3390 3439 3484 3493 καὶ
3522 3440 3766 3511 ἀδελφοὶ,
3828 3450 3982 3518 φησὶ,

2410 3518 2590 3587 δῶμεν
2639 3519 2754 3589 ἅμα
2808 3521 2966 3586 δόξαν
3019 3525 3159 3593 Θεῷ,
3211 3544 3291 3597 τῳ
3352 3532 3508 3600 παρὰ
3564 3537 3748 3588 πᾶσαν
3794 3540 3983 3594 ἐλπίδα

2411 3606 2648 3660 σώσαντι
2682 3607 2775 3662 νῦν
2801 3610 2863 3663 ἐκ
2896 3610 3059 3678 βυθοῦ
3113 3612 3388 3682 Θαλάσσης
3414 3619 3507 3671 τὸν
3534 3619 3705 3673 δεῖνα·
3743 3640 3979 3693 aposta—

2410 3698 2605 3762 οεικὼς
2641 3701 2737 3753 καὶ
2785 3702 2845 3754 τὸ
2900 3702 3089 3772 ὄνομα.
3147 3704 3314 3759 Ταῦτ’
3370 3707 3577 3775 εἰπὼν,
3629 3711 3786 3763 οὐδὲν
3828 3716 3979 3775 ἄλλο,

2409 3793 2548 3862 πλὴν
2582 3794 2615 3862 ἢ
2647 3794 2805 3862 μόνον
2850 3794 3235 3864 θαυμάζοντας
3286 3800 3380 3852 ἐπὶ
3435 3801 3531 3869 τὴν
3562 3804 3786 3867 σύναξιν
3824 3802 3978 3875 ἦγεν.

2408 3885 2483 3937 Οὐ
2514 3884 2708 3938 πολλαὶ
2737 3887 2796 3938 τὸ
2835 3884 2998 3955 μέσον
3058 3888 3284 3958 ἡμέραι,
3326 3891 3579 3955 κάκεῖνος
3614 3893 3863 3948 ἐλαύνων
3901 3898 3982 3959 εἰς

2407 3975 2503 4045 τὴν
2560 3977 2751 4045 μονὴν,
2807 3976 3067 4048 ἐξαίφνης
3113 3981 3368 4033 εἰσέπεσε
3405 4021 3421 4045 ,
3459 3982 3553 4035 τὸν
3600 3986 3843 4055 σωτῆρα,
3888 3989 3979 4040 τὶν

2410 4066 2612 4136 ρύστην
2640 4067 2730 4119 τὸν
2788 4068 3054 4137 ζωοδότην
3099 4068 3329 4141 λαμπρᾷ
3377 4072 3517 4140 βοῶν
3552 4077 3620 4144 τῇ
3657 4079 3833 4147 φωνῇ,
3887 4082 3981 4131 καὶ

2406 4156 2512 4209 τῶν
2544 4159 2705 4227 ἱερῶν
2738 4158 2963 4213 ἐκείνων
3006 4159 3185 4214 ποδῶν
3224 4162 3573 4233 ἀμφοτέραις
3604 4166 3681 4228 ὠς
3708 4164 3824 4237 εἶχε
3859 4169 3981 4238 θερ-

2409 4249 2638 4317 μότητος
2675 4251 2768 4303 καὶ⁵
2799 4255 2998 4322 τάχους
3027 4255 3452 4325 ἐπειλημμένος·
3499 4257 3559 4309 ού
3591 4260 3722 4327 πρὶν
3748 4262 3973 4331 ἀνῆκεν,

2405 4340 2513 4393 οὐδ’
2538 4340 2823 4412 ἐξανέστη,
2874 4344 3054 4398 καίτοι
3107 4349 3259 4417 παρὰ
3294 4347 3513 4400 πάντων
3555 4349 3973 4422 ἐκϐιαζόμενος,

2406 4432 2509 4496 ἕως
2539 4434 2804 4503 δάκρυσιν
2844 4436 2963 4506 ἅμα
3018 4438 3128 4491 πᾶν
3151 4438 3211 4491 τὸ
3240 4440 3363 4491 κατ’
3411 4440 3580 4493 αὑτὸν
3627 4443 3817 4512 δρᾶμα
3863 4449 3976 4507 τοῖς

2406 4524 2671 4596 παροῦσιν
2692 4524 3135 4598 ἐξετραγῴδησεν
3155 4544 3171 4559 ·
3201 4533 3349 4595 ὅπως
3379 4547 3439 4585 τε
3463 4532 3603 4585 κατὰ
3645 4533 3977 4604 πρόσταγμα

2406 4617 2705 4688 βασιλικὸν,
2760 4617 2853 4670 τόν
2893 4620 3227 4689 ’Δστακηνδν
3278 4624 3431 4677 πλέοι
3476 4624 3701 4692 κόλπον,
3763 4631 3859 4678 καὶ
3903 4627 3975 4689 ὡς

2404 4706 2635 4760 κλύδωνι
2665 4705 2823 4777 δεινῷ
2882 4710 3192 4779 περιπέσοι,
3227 4712 3317 4781 ὑφ’
3365 4706 3427 4765 οὗ
3451 4715 3514 4784 τῇ
3565 4714 3665 4785 νηῒ,
3694 4731 3975 4782 συγκατα-

734 4801 840 4855 qua
864 4802 1050 4841 eversa
1078 4802 1199 4841 cum
1237 4790 1553 4846 vectoribus
1586 4794 1735 4856 navi,
1786 4793 1904 4862 ipse
1936 4792 2168 4849 fundum
2203 4810 2297 4864 pe-
2335 4815 2353 4869 ι

2411 4796 2721 4859 ϐαπτισθεὶς
2755 4797 2897 4866 μετᾶ
2940 4798 3050 4853 τῶν
3079 4802 3399 4870 συμπλόων,
3445 4805 3539 4855 καὶ
3568 4806 3812 4870 γεγονὼς
3835 4805 3969 4856 ὐπο-

735 4873 910 4938 tierit;
950 4874 1133 4943 etiam
1160 4876 1384 4945 jamque
1409 4880 1565 4948 aquis
1594 4880 1867 4936 violenter
1918 4882 2294 4949 suﬂocandus,

735 4964 994 5019 blandam
1037 4966 1231 5020 viderit
1267 4968 1561 5036 visionem,
1598 4982 1761 5042 atque
1818 4988 2006 5027 vocem
2063 4974 2298 5028 audierit

732 5056 1198 5123 exoptatissimam
1229 5073 1244 5122 ;
1283 5072 1387 5125 qua
1426 5059 1676 5115 ﬁduciam
1705 5063 2299 5134 conciperejubebatur

734 5157 763 5194 υ
805 5152 998 5197 saneto
1028 5146 1212 5211 Patre,
1248 5162 1464 5202 manum
1492 5152 1887 5207 auxiliatricem
1920 5153 2085 5208 simul
2112 5164 2297 5209 exten-

734 5234 917 5288 dente.
950 5234 1124 5299 Quam
1159 5236 1248 5290 ille
1279 5252 1450 5293 sacra:
1500 5241 1750 5296 adinstar
1784 5246 2038 5300 anchorae
2092 5260 2294 5315 appre-

735 5325 1001 5391 hcndens,
1028 5340 1221 5397 praeter
1262 5345 1434 5397 spem,
1488 5332 1686 5403 inquit,
1725 5350 1941 5391 omnem
1997 5348 2050 5393 et
2100 5354 2293 5409 exspe-

729 5417 1022 5472 ctationem
1055 5420 1191 5473 nihil
1246 5421 1561 5479 detrimenti
1600 5442 1817 5497 passus,
1869 5429 2032 5484 modo
2066 5445 2295 5501 prorsus

803 5589 1008 5675 (ηριή
1034 5608 1067 5674 ρ
1103 5592 1523 5675 Propontidem
1557 5600 1746 5656 Ortum
1783 5603 1942 5675 longo
1984 5615 2158 5661 tractu
2187 5624 2285 5663 ex-

736 5660 975 5743 tenditur
1004 5664 1180 5743 sinus,
1212 5660 1654 5743 '_B:thyniamque
1716 5660 1905 5739 alluit:
1952 5678 2020 5729 ab
2067 5660 2285 5743 Asta-ee,

736 5730 865 5805 urbe
892 5732 1016 5805 olim
1044 5731 1264 5805 celebri,
1290 5730 1481 5792 nomen
1526 5730 1683 5795 suum
1711 5730 1989 5799 mutuatus
2020 5756 2120 5799 est.
2150 5730 2287 5802 Nam

733 5798 840 5851 alia
870 5801 997 5858 urbs
1024 5798 1263 5873 ejusdem
1293 5809 1529 5866 nominis
1563 5813 1617 5865 in
1656 5798 1979 5868 Acarnania
2017 5798 2121 5872 huc
2152 5798 2282 5873 non

2398 4888 2638 4959 ϐρύχιος,
2691 4889 2789 4960 ήδη
2841 4891 2899 4944 δὲ
2960 4893 3058 4944 καὶ
3101 4892 3257 4955 δόξας
3321 4892 3514 4961 βιαίως
3558 4892 3969 4946 ἐναποπνεῦσαι

2396 4982 2505 5042 τοῖς
2537 4979 2748 5043 ὕδασιν,
2770 4981 2894 5050 δψιν
2922 4980 3029 5035 ίδοι
3063 4983 3342 5049 γλυκεῖαν.
3369 4984 3463 5034 καὶ
3504 4983 3691 5052 φωνῆς
3744 4985 3969 5038 ἁκοὺσοι

2395 5071 2829 5141 ποθεινοτάτης,
2899 5071 3128 5143 θαρρεῖν
3175 5090 3234 5125 τε
3292 5074 3607 5136 κελεύοντος
3666 5074 3816 5143 αὖτῷ
3874 5072 3968 5125 τοῦ

2403 5163 2633 5231 Πατρδς,
2698 5164 2795 5215 καὶ
2842 5165 3001 5234 χεῖρα
3059 5166 3331 5234 σωτήριον
3379 5166 3669 5235 ὀρέγοντος
3716 5166 3876 5235 ἆμα’
3906 5161 3969 5236 ἧς

2394 5252 2644 5322 καθάπερ
2674 5253 2930 5323 ἀγκύρας
2962 5256 3111 5325 ἱερᾶς
3144 5256 3483 5325 ἐξεχόμενος,
3522 5257 3672 5325 Ilipa
3705 5258 3965 5319 πίστεως,

2399 5344 2527 5413 ἔφη,
2563 5345 2706 5414 πέρα
2736 5345 3059 5413 προσδοκίας
3094 5347 3332 5415 ἀπάσης,
3366 5347 3565 5409 παντὸς
3595 5347 3753 5411 λόγου
3784 5349 3965 5415 κρείτ-

2394 5453 2507 5488 τονι
2536 5437 2741 5507 τρόπῳ,
2761 5438 2948 5492 κακῶν
2971 5440 3182 5511 ἀπαθὴς
3211 5440 3304 5491 ἐπὶ
3326 5439 3386 5491 τὸ
3412 5440 3575 5509 ξηρὸν
3605 5440 3961 5511 ὲξεϐράσθηνο

2398 5611 2548 5666 facit.
2582 5610 2820 5667 Vocatur
2856 5613 2996 5669 idem
3030 5616 3181 5670 sinus
3229 5615 3458 5672 subinde
3496 5627 3657 5671 etiam
3705 5617 3964 5672 Nicome-

2396 5684 2622 5747 diensis,
2651 5698 2677 5735 a
2703 5682 3038 5749 Nicomedia,
3071 5702 3191 5754 qua:
3233 5687 3377 5739 sinui
3406 5688 3496 5742 isti
3525 5689 3779 5741 similiter
3809 5689 3961 5751 adja-

2396 5761 2505 5874 tcet,
2541 5754 2841 5811 eteruinis
2869 5754 3054 5810 Astaci
3081 5757 3167 5811 vel
3195 5755 3415 5812 condita
3460 5758 3542 5813 vel
3593 5768 3755 5813 aucta
3804 5769 3961 5830 puta-

2425 5836 2505 5874 nr.
