4190 6458
247 439 385 509 2060

1307 433 1482 492 VITA
1525 433 1582 492 S.
1633 429 2024 490 DOROTHEI
2060 428 2451 491 JUNIORIS.

3344 430 3479 496 1070

239 557 336 607 καὶ
395 549 505 605 ἰδοὺ
554 552 620 605 τά
677 553 895 623 σῶστρα
954 570 1045 605 κα.
1083 553 1418 624 χαριστήρια
1481 570 1563 605 σοι
1609 552 1687 622 τῷ
1721 552 1823 605 σώ-

1929 546 2328 618 inexplicabili,
2351 547 2402 600 in
2433 545 2645 601 siccum
2674 545 2885 615 ejectus
2906 546 2978 598 lui
3002 562 3016 609 ;
3041 555 3095 601 et
3125 546 3239 603 haec
3265 560 3494 604 servatae

241 662 418 707 σαντι,
446 646 646 714 Πάτερ,
682 645 981 698 ἀποδώσων
1015 645 1244 714 πάρειμι
1263 644 1377 698 νῦν.
1414 645 1820 716 Παρεσημάνθη

237 737 302 804 δὴ
333 737 427 790 τοῦ
459 737 866 807 συμπτώματος
910 738 938 788 6
993 737 1185 807 καιρὸς
1219 736 1354 806 πρὸς
1379 737 1470 787 τὸν
1516 737 1616 804 τῆς
1656 739 1824 806 προρ-

242 831 479 899 ῥήσεως,
509 831 601 883 καὶ
630 833 654 883 6
678 832 838 892 αὐτὸς
862 829 1108 900 εὑρεθεὶς
1160 829 1237 899 τῷ
1269 828 1559 882 πεπονθότι
1588 829 1682 882 καὶ
1715 830 1828 888 τοῖς

241 921 729 990 προακούσασιτὴν
754 922 873 992 ἴσην
900 921 1161 990 ἔκπληξιν
1180 921 1436 974 ἐνεποίει.
1455 919 1706 972 Τοιοῦτον
1733 919 1830 987 μὲν

240 1008 299 1060 ἓν
315 1010 421 1060 τῶν
439 1009 531 1061 τοῦ
551 1012 786 1078 μεγάλου
807 1011 1126 1078 θαυμάτων,
1176 1012 1287 1078 εἴγε
1319 1011 1412 1062 καὶ
1428 1010 1505 1061 ἕν’
1533 1008 1720 1076 ἐπειδὴ
1742 1008 1834 1060 καὶ

239 1099 558 1167 πρόγνωσιν
585 1101 719 1168 ἔχει,
742 1103 833 1154 καὶ
859 1101 1379 1170 προαγόρευσιν,καί
1401 1102 1500 1170 τὴν
1525 1099 1658 1170 πρὸς
1685 1100 1838 1151 ἀνέλ-

239 1206 434 1242 πιστον
461 1192 735 1260 σωτηρίαν
765 1189 1072 1261 ἀνθρώπων
1098 1193 1235 1261 ὑπὲρ
1264 1191 1550 1261 ἄνθρωπον
1579 1190 1832 1260 δύναμιν,

237 1284 428 1349 ἕτερον
473 1283 552 1345 δὲ,
601 1282 802 1350 μᾶλλον
829 1283 885 1336 δὲ
917 1284 1080 1354 ἕτερα
1115 1298 1129 1313 ³
1165 1284 1245 1337 δεῖ
1262 1284 1368 1354 γὰρ
1392 1284 1491 1353 ἤδη
1519 1282 1834 1351 συντέμνειν

239 1375 338 1426 καὶ
358 1373 432 1435 ὠς
483 1373 540 1425 ἓν
587 1374 891 1442 διηγεῖσθαι
935 1374 1003 1426 τὰ
1027 1374 1196 1426 πολλά
1218 1391 1275 1426 τε
1327 1373 1420 1426 καὶ
1454 1373 1833 1444 παραπλήσια,

241 1466 347 1518 κάν
378 1468 436 1518 ἐν
484 1466 761 1536 διαφόροις
821 1467 1049 1520 ἕκαστον
1078 1467 1258 1520 αὐτῶν
1294 1467 1518 1535 γέγονεν
1563 1467 1799 1534 καιροῖς.

1921 641 2116 695 salutis
2140 640 2362 708 prmmia
2397 651 2561 708 atque
2582 637 2932 707 gratitudinis
2959 637 3101 692 dona
3127 655 3274 695 nunc
3302 641 3493 696 adsum

1925 733 2238 786 redditurus
2273 732 2393 796 tibi,
2451 729 2722 786 servatori
2756 745 2900 797 meo,
2952 729 3136 786 Pater.
3194 731 3328 786 Post
3379 733 3496 786 haec

1925 825 2271 878 observatum
2292 832 2630 893 esttcmpus,
2660 837 2771 892 quo
2801 836 2963 877 casus
2991 827 3098 878 iste
3131 831 3184 878 et
3216 825 3496 893 praedictio

1931 913 2072 968 facta
2101 924 2268 979 sunt;
2318 915 2572 984 idemque
2619 914 2846 968 omnino
2896 915 3091 980 fuisse,
3149 925 3495 985 compertum

1931 1017 2064 1060 est:
2110 1007 2257 1075 quod
2317 1006 2572 1060 omnibus
2619 1006 2832 1075 pariter
2882 1015 2939 1062 et
3002 1009 3093 1077 qui
3151 1009 3498 1079 periclitatus

1932 1098 2134 1162 fuerat,
2153 1106 2206 1152 et
2223 1098 2313 1165 qui
2337 1098 2638 1167 perieulum
2660 1111 3057 1167 praenoverant,
3082 1100 3497 1154 admirationem

1931 1187 2120 1242 movit.
2177 1187 2241 1240 Et
2296 1189 2404 1242 tale
2437 1188 2656 1258 quidem
2712 1205 2878 1243 unum
2941 1190 3044 1244 fuit
3106 1192 3498 1245 miraculorum

1928 1279 2070 1349 ejus,
2099 1279 2144 1334 si
2171 1288 2354 1335 tamen
2396 1296 2562 1335 unum
2603 1298 2618 1334 :
2655 1281 2853 1352 quippe
2904 1283 3049 1352 quod
3097 1293 3152 1337 et
3202 1282 3501 1352 praenotio-

1931 1385 2078 1436 nem,
2128 1379 2184 1425 et
2247 1372 2619 1441 prophetiam,
2683 1381 2737 1427 et
2800 1375 3058 1429 virtutem
3115 1376 3500 1443 complectitur

1933 1464 2175 1516 humana
2229 1463 2521 1532 majorem,
2564 1466 2629 1518 ad
2682 1465 3015 1520 reddendam
3071 1467 3382 1522 horninibus
3413 1468 3501 1520 iu-

239 1569 519 1624 speratam
547 1558 807 1613 salutem.
859 1558 1022 1612 Aliud
1075 1574 1261 1627 porro,
1307 1568 1403 1612 aut
1463 1559 1647 1629 potius
1707 1558 1809 1611 alia
1838 1563 1988 1619 sunt,
2025 1569 2147 1623 qua:
2197 1571 2339 1610 nunc
2383 1557 2712 1611 contrahere
2777 1567 3016 1629 oportet,
3084 1576 3182 1630 per
3249 1562 3500 1617 modum-

236 1665 345 1719 que
380 1653 541 1707 unius
585 1654 742 1722 plura
773 1661 828 1708 et
865 1653 1190 1724 multiplicia
1242 1670 1526 1722 enarrare,
1590 1653 1810 1711 tametsi
1840 1651 1949 1704 alio
2006 1659 2170 1720 atque
2256 1651 2367 1706 alio
2438 1659 2686 1721 tempore
2720 1655 3005 1722 quodlibet
3091 1672 3285 1713 eorum
3322 1658 3503 1713 conti-

238 1745 402 1815 gerit.

312 1837 399 1891 ιε’.
444 1839 689 1907 ’Δδελφοὶ
721 1839 817 1911 τῆς
861 1842 1016 1912 ἱερᾶς
1062 1841 1266 1912 ἀγέλης
1323 1844 1541 1914 ἐκείνης
1595 1845 1829 1910 ἀποφοι-
1860 1844 1906 1902 Β

237 1927 442 1990 τῶντις
473 1928 642 1982 ἐνίοτε
671 1933 789 1983 κατ’
818 1931 1129 1994 ὶδιάζουσάν
1181 1951 1303 1987 τινα
1334 1935 1552 2003 χρείαν,
1584 1932 1819 2002 ὀκνηρό-

236 2038 396 2088 τερον
431 2017 574 2090 εἶχον
599 2023 734 2092 πρὸς
755 2027 851 2092 τὴν
883 2025 1163 2078 ὲπὰνοδοψ
1219 2026 1347 2079 tm).
1385 2028 1480 2078 καὶ
1505 2028 1533 2079 6
1569 2025 1670 2095 μὲν
1698 2041 1820 2076 ποι-

241 2111 629 2180 μηννπολλὰκις
658 2114 997 2179 ἀνεκαλεῖτο,
1027 2118 1121 2169 καὶ
1139 2115 1530 2185 διαμέλλοντας
1563 2118 1817 2185 ἤπειγεν,

237 2203 339 2256 οὐκ
393 2196 670 2275 εὐπρεπὲς
699 2205 758 2258 τὸ
801 2209 1036 2278 πρᾶγμα
1103 2209 1303 2273 καλῶν,
1360 2210 1480 2264 οὐδὲ
1543 2210 1822 2280 συμφέρον

237 2297 350 2358 τοῖς
383 2295 557 2359 οὕτως
593 2297 733 2369 ὑπὲρ
765 2299 825 2350 τὸ
853 2299 974 2352 δέον
1014 2300 1495 2355 λειποτακτοῦσιψ
1523 2304 1569 2355 oi
1593 2301 1648 2354 δὲ
1683 2319 1822 2372 προ-

240 2388 436 2454 φάσεις
468 2388 658 2443 ἄλλοτε
707 2390 874 2454 ἄλλας
923 2393 980 2443 ἐν
1001 2391 1304 2462 ἁμαρτίαις
1327 2393 1816 2464 προφασιζόμενοι,

236 2481 335 2550 τὴν
361 2481 710 2553 ὑποστροφὴν
779 2483 1138 2537 ἀνεϐάλλοντο
1171 2501 1186 2517 ο
1245 2486 1348 2538 οὐκ
1375 2488 1446 2554 λέν
1498 2486 1820 2556 παροιμίαις

240 2573 319 2624 ἔτι
344 2575 369 2625 ό
399 2574 562 2639 ὅσιος,
595 2574 730 2627 ἀλλὰ
759 2575 1061 2646 διαρρήδην
1083 2578 1266 2640 αὐτοῖς
1298 2578 1396 2649 τὴν
1436 2578 1696 2650 τελευτὴν
1723 2578 1817 2631 τοῦ

242 2663 360 2732 βίου
409 2666 845 2735 προὺσήμαινεν,
887 2668 935 2719 εἰ
971 2667 1046 2738 μὴ
1101 2668 1296 2722 θάττον
1320 2667 1394 2731 ὡς
1438 2667 1624 2737 έχουσι
1681 2667 1820 2735 πρὸς

242 2755 338 2825 έθη
372 2758 440 2808 τά
478 2758 690 2810 ἑαυτῶν
741 2759 1110 2811 ἐπανέλθοιεν.
1145 2759 1260 2810 Οὐκ
1305 2757 1490 2810 ἔπειθε
1515 2757 1818 2828 προλέγων,

240 2849 357 2900 ἀλλ’
413 2849 600 2902 ἔπειθε
632 2849 846 2911 δεικνὺς
901 2850 998 2911 τὰς
1024 2852 1357 2920 προρρήσεις
1389 2850 1816 2913 ἁποϐαινούσας.

242 2940 393 2993 Πάνυ
454 2942 561 3010 γὰρ
611 2940 786 3009 βραχὺ
837 2940 897 2993 τὸ
939 2941 1212 3005 ἐντεῦθεν,
1275 2946 1369 2994 καὶ
1419 2941 1517 3007 ὠς¹
1553 2941 1582 2993 6
1646 2942 1819 3011 μέγας

240 3032 477 3100 ἠπείλει,
513 3034 838 3100 οἰκτρότατα
868 3032 1239 3101 κατέστρεφεν
1275 3033 1510 3096 ἕκαστος
1532 3032 1631 3102 τῆς
1656 3034 1820 3084 ἀπει-

243 3123 392 3182 θείας
418 3122 693 3193 ἐπίχειρα,
724 3123 815 3174 τὸν
849 3124 954 3186 ἔξω
983 3124 1080 3193 τῆς
1104 3123 1273 3192 αὐλῆς
1303 3125 1512 3193 Κυρίου
1545 3123 1818 3194 εὑρίσκων

2012 1835 2098 1888 15.
2133 1833 2372 1898 Accidit,
2409 1833 2606 1889 fratres
2635 1836 3083 1917 quosdam.sacri
3112 1840 3271 1896 istius
3300 1853 3497 1909 cretus,

1923 1926 2223 1997 aliquando
2257 1927 2408 1981 abire
2443 1927 2631 1996 aliquo
2687 1930 2914 1998 privata:
2951 1934 3300 1989 necessitatis
3344 1951 3497 2005 ergo,

1924 2028 1979 2072 et
2029 2031 2213 2071 moras
2252 2018 2433 2086 quoad
2492 2019 2726 2072 reditum
2788 2021 3141 2092 interponere
3195 2026 3495 2096 longiores.

1920 2107 2071 2174 Quos
2135 2121 2263 2162 cum
2328 2109 2655 2178 prapositus
2718 2123 2910 2165 eorum
2971 2112 3284 2172 Dorotheus
3352 2135 3498 2189 smpe

1921 2207 2234 2254 revocasset
2253 2209 2304 2254 et
2331 2209 2656 2255 cunctantes
2677 2204 2930 2272 ursisset,
2951 2221 3061 2260 rem
3082 2207 3197 2262 fieri
3218 2209 3494 2281 indignam

1920 2289 2212 2344 dictitabat
2241 2297 2294 2344 et
2327 2305 2520 2359 parum
2547 2290 2861 2359 proﬁcuam
2897 2295 2987 2358 iis.
3023 2299 3116 2366 qui
3155 2300 3296 2353 ultra
3332 2303 3496 2357 deco-

1926 2397 2045 2435 rum
2081 2383 2163 2435 sic
2195 2382 2558 2437 morabantur
2583 2401 2598 2438 :
2626 2383 2731 2453 ipsi
2772 2371 2902 2441 vero
2935 2387 3317 2445 obtendebant
3357 2394 3496 2450 alias

1920 2489 1982 2529 ex
2017 2474 2142 2528 aliis
2197 2476 2593 2532 excusationes
2647 2479 2700 2530 in
2733 2479 2996 2547 peccatis,
3041 2483 3279 2538 reditum
3336 2503 3496 2541 suum

1921 2565 2260 2623 diﬂ‘erentes.
2325 2565 2482 2622 Tunc
2520 2584 2628 2623 non
2684 2571 2924 2640 amplius
2978 2574 3031 2626 in
3071 2577 3370 2644 parabolis,
3405 2581 3498 2633 scd

1924 2657 2103 2726 palam
2125 2657 2257 2726 ipsis
2281 2665 2510 2712 mortem
2537 2660 2998 2730 prmsignilieavit,
3021 2665 3146 2725 nisi.
3174 2669 3500 2736 quantocius

1924 2758 2174 2818 possent,
2226 2749 2290 2803 ad
2345 2751 2638 2820 pristinum
2676 2753 2894 2807 vivendi
2946 2757 3166 2811 modum
3224 2761 3496 2816 redirent.

1929 2839 2036 2894 Sed
2070 2840 2206 2894 nihil
2227 2842 2496 2910 persuasit
2517 2843 2809 2899 obstinatis
2828 2848 3197 2914 praedicendo,
3224 2855 3501 2920 persuasit

1923 2940 2106 2986 autem
2130 2949 2250 3000 qua:
2273 2935 2600 3004 praedixerat
2632 2937 2939 3005 probando.
2965 2938 3236 2996 Perbreve
3260 2960 3498 3015 namque

1924 3039 2143 3098 tempus
2180 3029 2308 3085 inde
2341 3030 2568 3097 eliluxit,
2617 3047 2739 3085 cum
2775 3034 3001 3103 singuli,
3038 3045 3097 3091 ut
3132 3039 3373 3097 minatus
3406 3043 3499 3098 illc

1928 3118 2132 3184 fuerat,
2183 3120 2561 3176 miserabilem
2632 3125 2967 3183 infidelitatis
3015 3145 3129 3185 suae
3181 3132 3496 3190 auferentes

243 3216 611 3269 ἐπονείδιστον
641 3215 890 3269 θάνατον.
925 3215 1180 3279 Τοιοῦτος
1211 3217 1310 3281 μὲν
1337 3212 1428 3270 οὖν
1459 3220 1485 3269 6
1515 3217 1751 3287 βλέπωνο
1791 3218 1819 3269 6

1929 3213 2255 3278 mercedem,
2307 3212 2731 3280 ignominiosam
2794 3229 2944 3272 extra
3004 3221 3226 3277 domum
3279 3226 3494 3284 Domini

240 3310 463 3371 δυνατὸς
487 3309 566 3373 δὲ,
613 3308 862 3378 πηλίκος.
928 3309 1063 3378 Περί
1093 3326 1242 3373 τινας
1274 3305 1420 3379 εἶχον
1445 3311 1493 3362 οἱ
1521 3311 1618 3379 τῆς
1652 3309 1819 3379 μονῆς

241 3400 549 3467 ἀναγκαίας
603 3400 926 3470 οίκοδομάςο
989 3399 1134 3463 λίθος
1168 3399 1261 3452 οὖν
1292 3401 1396 3452 ὑπὸ
1431 3403 1821 3471 μηχανήματος

239 3491 559 3560 κινούμενος
591 3492 977 3562 παμμεγέθης,
1012 3493 1133 3543 ἐπεὶ
1166 3491 1226 3544 τὸ
1257 3493 1561 3563 μηχάνημα
1595 3493 1672 3564 τῷ
1725 3493 1821 3563 βά-

244 3599 327 3652 ρει
363 3581 673 3652 συνέτριψε,
735 3583 851 3651 μετ’
898 3584 1079 3650 ὀξείας
1137 3585 1321 3657 ῥύμης
1369 3587 1596 3655 ἐφέρετο
1639 3586 1821 3649 λυθεὶς

241 3675 384 3727 κατὰ
407 3677 498 3727 τοῦ
557 3673 820 3744 πρανοῦς,
865 3677 960 3729 καὶ
1004 3677 1144 3744 ὑπὲρ
1207 3679 1452 3746 κεφαλῆς
1502 3681 1626 3731 ὅσον
1668 3678 1818 3732 οὕπω

237 3769 351 3829 τοῖς
391 3767 695 3836 οἰκοδόμοις
759 3767 985 3837 ἔμελλεν
1040 3769 1428 3838 ἐμπεσεῖσθαι.
1471 3770 1741 3838 Μέγιστος
1763 3770 1819 3822 δὲ

239 3859 406 3929 φόϐος
460 3859 662 3912 αὐτίκα
718 3859 853 3926 πρὸς
907 3860 968 3913 τὸ
1019 3860 1212 3925 δεινὸν,
1268 3862 1363 3913 καί⁵
1401 3862 1616 3932 κραυγὴ
1669 3862 1819 3931 παρὰ

242 3954 428 4006 πάντα
459 3953 556 4004 σὺν
586 3953 813 4022 ἀπορίᾳ.
852 3952 993 4004 Ἀλλ’
1025 3954 1052 4005 ὁ
1082 3950 1274 4022 Πατὴρ
1319 3953 1512 4023 παρὼν
1545 3954 1645 4006 οὐκ
1676 3953 1816 4022 ὴπόο

241 4062 350 4116 ρει,
409 4047 590 4113 χεῖρες
644 4045 753 4112 γάρ
803 4043 965 4105 εὐθὺς
999 4043 1088 4097 ἐπὶ
1137 4043 1271 4096 Θεὸν
1317 4044 1578 4106 ἐκτενεῖς,
1638 4046 1820 4114 χεῖρες

241 4134 481 4202 καθαραί
509 4150 567 4186 τε
597 4135 691 4186 καὶ
716 4135 893 4202 ἅγιαι,
946 4136 1038 4187 καὶ
1065 4133 1296 4202 δάκρυσι
1329 4134 1634 4204 σύγκριιτος
1697 4136 1821 4189 όσία

241 4227 400 4296 εὐχὴ,
421 4226 706 4296 ἐπίκλησιν
745 4225 943 4296 ἔχουσα
993 4226 1093 4295 τῆς
1143 4227 1306 4294 ἁγίας
1337 4225 1598 4297 ,Τριάδοῆ
1632 4229 1726 4280 καὶ⁸
1759 4229 1820 4281 τὸ

242 4319 412 4370 κακὸν
442 4317 507 4388 (ὦ
542 4317 637 4370 τοῦ
684 4318 959 4388 θαύματος
991 4320 1002 4372 !
1034 4317 1080 4371 ὣ
1136 4319 1234 4388 τῆς
1286 4319 1461 4372 πάντα
1513 4319 1818 4388 δυναμένης

241 4410 484 4480 εὐχερῶς
527 4412 765 4481 ἀρετῆςί
806 4414 823 4481 )
884 4410 1014 4480 ἔστη
1044 4429 1104 4464 τε
1156 4411 1522 4481 παραχρῆμα,
1582 4413 1676 4465 καὶ
1727 4413 1819 4464 τὸν

240 4506 518 4571 στήσαντα
556 4503 765 4573 τρανῶς
798 4503 1146 4573 διεσήμανεν.
1186 4503 1245 4554 'U
1279 4502 1386 4572 γὰρ
1415 4502 1584 4568 λίθος,
1645 4502 1815 4555 καθάο

241 4611 351 4664 περ
406 4594 729 4664 εὐλαϐηθεὶς
775 4595 866 4648 τὸν
920 4596 1263 4664 ἀνείργοντα,
1323 4597 1405 4658 εἰς
1459 4594 1708 4649 τούπίσω
1760 4613 1820 4648 τε

241 4686 605 4756 ἀνεκρούσθη,
636 4689 729 4742 καὶ
762 4687 859 4758 τῆς
887 4689 1059 4757 φοράς
1092 4688 1440 4757 παυσάμενος
1493 4687 1645 4757 ἔστη,
1679 4704 1822 4758 μαρ-

241 4781 421 4850 τυρῶν
451 4781 618 4834 εἰσέτι
651 4781 745 4833 καὶ
776 4779 869 4833 νῦν
898 4782 994 4850 τὴν
1023 4781 1598 4850 θαυματουργήσασαν
1649 4780 1814 4832 δύνα-

245 4888 360 4941 μινο
395 4873 518 4925 ἐπεὶ
544 4871 772 4942 φοϐερός
794 4873 910 4925 ἐστι
956 4875 1049 4926 καὶ
1092 4874 1184 4926 (τι
1212 4877 1323 4936 τοῖς
1371 4873 1574 4943 ὁρῶσιν
1604 4875 1697 4942 οὐ)
1730 4868 1824 4943 ἧτ-

243 4982 357 5027 τον,
393 4966 452 5016 ὲν
473 4965 744 5035 ὀλισθηρῴ
810 4967 902 5018 καὶ
953 4967 1297 5035 ἀποκρήμνῳ
1359 4966 1729 5026 παντάπασιν,
1762 4965 1823 5016 οὐ

245 5056 465 5109 κεῖσθαι
515 5057 710 5122 δοκῶν,
763 5057 879 5110 ἀλλ’
909 5052 1022 5110 οἷον
1071 5058 1510 5128 ἀπαιωρεῑσθαι,
1570 5057 1661 5110 καὶ
1716 5058 1825 5118 τοῖς

244 5150 398 5201 κάτω
435 5148 742 5216 βαδίζουσιν
768 5148 1010 5219 ὕπερθεν
1067 5149 1477 5218 ἐπικρέμασθαι
1570 5147 1824 5216 καθάπερ

245 5239 402 5303 ἄλλος
425 5255 508 5302 τις
539 5241 766 5309 μυθικὸς
823 5241 917 5293 καὶ
942 5240 1291 5302 Ταντάλειος.

321 5507 417 5564 ις’.
456 5500 627 5570 Ὅσης
648 5500 705 5552 δὲ
738 5502 988 5570 μετεῖχεν
1012 5499 1159 5569 αὐτῴ
1183 5499 1274 5552 καὶ
1303 5497 1444 5552 αὐτά
1471 5496 1540 5549 τά
1564 5497 1818 5568 πάρεργα

242 5591 354 5644 τῶν
412 5591 611 5662 χειρῶν
668 5590 956 5658 εὐλογίας,
1032 5589 1378 5660 Ἀμπελῶνος
1431 5584 1500 5660 ἦν
1531 5590 1819 5659 ἐπιμέλεια

1924 3303 2201 3371 oppetiere
2230 3315 2480 3360 mertem.
2516 3305 2579 3360 Et
2609 3308 2733 3362 talis
2753 3310 2973 3378 quidem
3015 3312 3114 3366 luit
3145 3315 3237 3370 ille
3265 3332 3328 3371 ex
3350 3318 3496 3373 dono

1924 3395 2263 3462 prOphctize;
2300 3412 2364 3450 ex
2387 3399 2559 3466 gratia
2586 3414 2713 3454 vero
2740 3401 3165 3468 miraculorum,
3201 3420 3443 3477 quantus
3476 3413 3490 3464 l

1926 3481 2364 3554 Occupabantnr
2417 3490 2671 3543 monachi
2726 3491 2874 3546 circa
2927 3492 3223 3549 aedificium
3276 3500 3495 3570 aliquod

1930 3576 2036 3630 sibi
2083 3578 2480 3646 necessarium,
2514 3595 2640 3634 cum
2677 3585 3001 3651 praegrande
3050 3601 3244 3642 saxum
3285 3593 3497 3646 maclzi-

1926 3680 2074 3729 nam,
2115 3683 2224 3735 qua
2266 3670 2588 3737 tollebatnr,
2625 3674 2867 3741 pondere
2898 3691 2998 3731 suo
3025 3679 3195 3747 rupit,
3221 3693 3273 3735 et
3302 3699 3521 3755 magno

1925 3757 2133 3828 impetu
2196 3762 2311 3814 ruit
2368 3761 2424 3816 in
2481 3779 2747 3835 prmceps,
2811 3767 3223 3840 impingendum
3278 3774 3391 3830 fere
3444 3780 3498 3831 in

1923 3852 2103 3917 capita
2139 3852 2553 3910 tediiicantium.
2592 3855 2843 3913 Pervasit
2882 3861 3031 3916 illico
3082 3865 3322 3930 animos,
3357 3881 3494 3922 con-

1922 3949 2108 4011 specto
2138 3945 2388 4012 przeseuti
2423 3946 2686 4013 periculo,
2721 3949 2910 4019 ingens
2940 3960 3152 4020 terror;
3181 3964 3235 4008 et
3263 3957 3494 4013 horren-

1922 4032 2051 4087 dum
2082 4049 2203 4088 cum
2233 4035 2614 4104 desperatione
2645 4042 2986 4096 sustulerunt
3039 4045 3334 4101 clamorem
3376 4064 3492 4104 om-

1923 4140 2043 4189 nes,
2082 4135 2278 4195 prater
2309 4125 2659 4194 Dorotheum,
2711 4133 2804 4201 qui
2843 4148 3084 4201 praesens
3133 4138 3328 4192 aderat
3364 4142 3498 4206 nihil

1921 4217 2245 4286 desperans.
2314 4217 2525 4274 Etenim
2589 4236 2784 4278 manus
2848 4226 2914 4279 ad
2973 4226 3140 4282 Deum
3191 4246 3223 4286 e
3269 4235 3499 4305 vestigio

1922 4306 2133 4373 levatae,
2172 4324 2370 4364 manus
2409 4327 2560 4379 purae
2622 4321 2676 4367 et
2722 4325 2948 4382 sanetae,
2998 4316 3327 4390 fervensque
3373 4339 3497 4379 cum

1921 4398 2179 4470 lacrymis
2209 4403 2388 4456 oratio
2417 4405 2520 4457 sub
2551 4405 2901 4464 invocatione
2950 4420 3157 4466 sanctae
3208 4413 3497 4472 Trinitatis

1925 4491 1991 4560 (0
2024 4491 2389 4545 miraculum!
2425 4509 2457 4547 ο
2484 4504 2870 4564 praepotentem
2916 4501 3135 4557 virtutis
3171 4505 3348 4577 vim!)
3402 4513 3501 4564 sti-

1925 4593 2105 4638 terunt
2138 4585 2192 4638 in
2233 4597 2513 4640 momento
2555 4589 2885 4656 periculum,
2921 4602 2977 4647 et
3027 4595 3274 4653 sistentis
3303 4609 3499 4668 poten-

1923 4676 2051 4729 tiam
2115 4676 2462 4732 manifestam
2539 4681 2919 4738 reddiderunt.
2998 4684 3205 4742 Saxum
3275 4693 3494 4762 quippe,

1922 4767 2093 4820 veluti
2139 4766 2423 4822 declinans
2485 4783 2703 4836 operas,
2762 4783 2909 4827 retro
2944 4788 3125 4829 actum
3175 4787 3279 4845 est,
3312 4783 3497 4851 ibique

1926 4873 2179 4927 represso
2214 4859 2417 4927 impetu
2449 4860 2637 4927 sletit;
2675 4862 2728 4916 in
2768 4863 2912 4919 hunc
2945 4881 3120 4937 usque
3164 4870 3304 4924 diem
3339 4874 3496 4927 testi-

1927 4948 2098 5003 ficans
2128 4949 2489 5018 operatricem
2557 4952 2610 5006 in
2661 4954 2780 5007 viro
2843 4967 3035 5011 sancto
3101 4959 3494 5017 miraculorum

1927 5045 2187 5097 virtutem
2233 5062 2248 5098 :
2305 5047 2751 5116 quandoquidem
2803 5051 2966 5105 etiam
3027 5069 3172 5109 nunc
3235 5057 3498 5116 horribile

1931 5134 2275 5189 intuentibus
2321 5138 2698 5204 spectaculum
2741 5142 3006 5208 praebeat,
3039 5159 3160 5199 cum
3197 5147 3249 5200 in
3285 5149 3497 5205 lubrico

1926 5230 1978 5273 et
2006 5222 2271 5292 praecipiti
2310 5224 2429 5278 loco
2465 5240 2573 5278 non
2615 5225 2818 5295 jacere,
2847 5233 2939 5284 sed
2971 5234 3137 5288 veluti
3168 5250 3493 5306 suspensum

1931 5313 2222 5368 imminere
2250 5315 2636 5384 subeuntibus,
2691 5319 2869 5374 instar
2925 5321 3162 5380 fabulosi
3202 5341 3264 5382 ac
3294 5325 3496 5383 Tanta.

1931 5405 1999 5460 lei
2033 5406 2109 5476 (8)
2133 5409 2275 5474 saxi,
2308 5409 2576 5464 videatur.

2003 5498 2094 5552 l6.
2152 5499 2425 5564 Quantam
2477 5515 2605 5556 vero
2660 5502 2873 5558 laudem
2931 5504 3136 5561 Sancto
3189 5511 3499 5566 attulerunt

1929 5605 2094 5662 opera
2158 5607 2420 5646 manuum
2481 5593 2603 5662 ejus
2661 5600 2816 5666 quasi
2884 5601 3240 5655 accesseria?
3318 5602 3501 5659 Vineae

317 5793 738 5861 (8)Memoriale
763 5795 865 5848 hoc
898 5795 1145 5869 sphalma
1170 5797 1605 5869 est:Sisyphum
1638 5793 1842 5850 faciunt
1919 5803 2112 5861 poetae,
2186 5809 2294 5850 non
2357 5792 2668 5862 Tantalum,
2727 5797 2944 5854 volvere
3006 5808 3059 5857 et
3109 5804 3383 5862 revolvere
3444 5806 3496 5860 in

247 5877 491 5921 montem
527 5878 720 5920 saxum
756 5880 972 5935 semper
1006 5867 1311 5933 lapsurum.
