4190 6458
728 400 856 469 ιοῖι

1907 408 2234 471 JOANNIS
2266 411 2846 476 EUCHAITENSIS

3850 427 3980 492 10ῗὲ

716 517 963 574 colenda:
996 530 1131 571 cura
1168 517 1498 587 quihusdam
1522 519 1811 576 monachis
1832 536 2129 581 commissa
2161 535 2286 592 erat,

2410 526 2521 588 τοῖς
2551 525 2630 588 είς
2663 527 2822 580 τοῦτο
2843 528 3199 598 τεταγμένοις
3226 529 3336 583 τῶν
3373 534 3645 603 μοναχῶν·
3680 539 3775 590 καὶ⁸
3803 542 3852 593 οί
3886 545 3979 611 μὲν

718 618 1001 665 strenuam
1058 610 1107 665 ei
1160 625 1382 680 operam
1447 614 1888 681 impendentibus
1921 632 1938 670 :
1969 617 2170 689 quibus
2203 619 2293 675 ille

714 701 1007 771 prmfectus
1034 712 1086 757 et
1119 718 1310 759 eomes
1344 705 1639 771 accedens,
1685 721 1855 777 grana
1888 708 2097 778 aliquot
2132 711 2289 781 legu‘

714 791 922 847 minum
958 794 1098 848 clam
1143 803 1303 849 terrae
1333 796 1631 861 mandavit,
1696 812 1761 851 ac
1808 797 2006 854 leniter
2059 799 2290 869 pedibus

707 892 934 953 aggesta
968 883 1136 939 humo
1168 886 1436 941 contexit.
1468 887 1526 942 Id
1551 902 1716 958 porro
1752 890 1899 959 quod
1930 891 2013 946 sic
2052 891 2291 947 semina-

713 983 826 1029 tum
866 985 1007 1042 erat.
1045 977 1313 1034 decimam
1346 988 1557 1050 partem
1618 982 1878 1037 medimni
1930 999 2041 1040 non
2094 985 2288 1056 imple-

712 1066 805 1120 bat
836 1084 852 1121 :
888 1067 942 1123 id
964 1084 1094 1125 vero
1120 1072 1261 1140 quod
1293 1088 1395 1128 suo
1424 1081 1669 1143 tempore
1700 1074 1804 1132 fuit
1826 1079 2097 1135 redditum
2121 1082 2289 1151 (Deus

712 1156 880 1225 bone,
911 1161 1037 1228 quis
1088 1162 1366 1231 justorum
1426 1173 1647 1219 tuorum
1709 1172 2006 1239 potentiam
2060 1174 2289 1245 eloqua-

711 1249 873 1321 tur!)
914 1256 1182 1308 censitum
1214 1267 1298 1311 est
1328 1264 1395 1311 ad
1446 1258 1752 1317 medimnos
1785 1264 2011 1320 omnino
2041 1268 2285 1339 triginta.

714 1342 1024 1398 Istiusmodi
1059 1345 1159 1399 viri
1193 1348 1439 1419 prodigia
1482 1360 1669 1419 posset
1701 1354 1826 1417 quis
1860 1370 1957 1426 per
1991 1359 2160 1413 otium
2186 1377 2286 1416 an-

710 1446 997 1488 numerare
1026 1436 1205 1504 plura,
1246 1454 1421 1509 eaque
1461 1443 1790 1512 verissima;
1829 1461 1938 1501 non
1990 1464 2058 1505 ex
2097 1452 2285 1509 auditu

694 1522 941 1581 collecta
978 1528 1244 1595 referens,
1283 1532 1379 1587 sed
1429 1532 1555 1591 illos
1582 1536 1734 1607 ipsos
1763 1539 1858 1609 qui
1915 1540 2129 1610 singula
2160 1560 2287 1615 pro-

708 1616 843 1684 priis
878 1621 1058 1675 oculis
1091 1634 1453 1693 usurparunt,
1489 1626 1544 1682 in
1585 1628 1878 1684 maximam
1909 1634 2289 1693 confirmatio-

713 1723 835 1762 nem
870 1710 1143 1768 dictorum
1197 1731 1423 1771 suorum
1484 1719 1763 1774 adducens
1797 1737 1811 1774 :
1841 1725 2284 1796 quandoquidem

706 1799 771 1852 ad
809 1802 958 1871 ipsos
993 1821 1213 1875 quoque
1241 1823 1394 1897 reges
1428 1808 1698 1865 factorum
1727 1813 1847 1882 ejus
1881 1815 2078 1869 famam
2118 1833 2282 1886 pene-

708 1894 952 1957 traverit,
973 1895 1246 1950 celebrem
1272 1882 1533 1953 reddente
1559 1908 1903 1969 operatorem
1932 1882 2130 1959 virtute
2156 1922 2278 1974 sua,
2313 1882 2355 1937 Β

709 1998 832 2050 qua:
863 1984 1061 2053 ipsum,
1087 1996 1145 2041 ut
1179 1990 1341 2052 solet,
1390 1990 1461 2045 ad
1508 2007 1759 2061 magnam
1810 1994 2038 2062 gloriam
2077 2000 2278 2055 evexit.

706 2073 967 2128 Sanctum
1008 2078 1158 2131 enim
1195 2079 1302 2133 illis
1335 2090 1443 2132 tam
1488 2080 1857 2135 venerabilem
1890 2083 2042 2150 fecit,
2076 2099 2135 2140 ut
2167 2096 2278 2143 tum

703 2169 884 2235 quoad
912 2168 1018 2223 alia
1060 2186 1223 2239 supra
1250 2171 1525 2227 hominem
1558 2173 1766 2244 aliquid
1802 2176 1903 2245 ipsi
1929 2178 2279 2237 tribuendum

706 2271 1001 2329 putarent;
1036 2271 1150 2317 tum
1189 2279 1320 2319 vero
1362 2264 1552 2320 divino
1582 2266 1703 2336 ejus
1742 2270 1891 2336 operi
1950 2271 2149 2339 (novo,
2193 2275 2277 2329 in-

704 2367 893 2421 quam,
923 2352 1116 2408 huiece
1165 2369 1229 2408 ac
1280 2355 1576 2409 venerabili
1624 2360 2023 2431 monasterio),
2073 2364 2277 2434 regiam

705 2459 859 2497 suam
896 2444 1328 2501 sollicitudinem
1370 2447 1766 2517 impenderint,
1790 2468 1911 2522 qum
1942 2462 1996 2509 et
2029 2471 2281 2513 necessa-

706 2536 786 2590 ria
820 2538 885 2592 ad
920 2548 1175 2608 sumptus
1212 2539 1495 2597 faciendos
1525 2545 1909 2614 suppeditavit,
1940 2556 1993 2603 et
2018 2565 2177 2619 opem
2212 2552 2279 2607 ad

706 2630 988 2687 molestias
1021 2634 1297 2702 quaslibet
1330 2634 1585 2691 ferendas
1612 2640 1819 2703 attulit,
1846 2643 2151 2708 molestias,
2186 2646 2273 2699 in-

706 2738 894 2790 quam,
951 2726 1299 2779 extrinsecus
1356 2726 1747 2794 advenientes;
1785 2730 1989 2799 quibus
2044 2735 2173 2789 olim
2224 2744 2279 2791 et

710 2815 871 2869 modo
898 2816 1133 2871 maxime
1170 2818 1472 2872 turbantur
1503 2821 1711 2885 omnia,
1758 2833 1812 2878 et
1842 2839 2077 2893 quorum
2112 2842 2277 2885 causa

706 2907 816 2960 vita
847 2908 1084 2963 humana
1115 2910 1376 2965 violenter
1400 2911 1783 2971 labefactatur.
1809 2918 1991 2988 Atque
2023 2920 2097 2974 ita
2130 2932 2281 2978 recte

700 2999 979 3054 factorum
1018 3001 1122 3055 viri
1160 3005 1333 3057 sancti
1386 3004 1559 3072 gloria
1599 3009 1655 3062 in
1699 3024 1968 3064 summam
2005 3015 2282 3084 magnitu-

704 3093 886 3147 dinem
914 3102 1077 3163 atque
1097 3096 1517 3153 admirationem
1539 3103 1805 3165 excrevit,
1827 3114 1881 3158 et
1902 3105 2011 3158 vita
2035 3105 2155 3175 ejus
2184 3123 2282 3177 per

704 3195 872 3239 totum
910 3200 1046 3252 pene
1079 3196 1349 3240 terrarum
1379 3189 1567 3245 orbem
1595 3194 1877 3249 inclaruit.

778 3277 863 3330 Π.
901 3276 1044 3332 Mors
1081 3294 1209 3332 vero
1241 3277 1487 3347 ejusdem
1525 3282 1664 3351 (cur
1712 3286 1857 3340 enim
1908 3288 2121 3359 longius
2151 3307 2279 3348 οτα-

704 3373 915 3427 tionem
986 3373 1449 3443 protendiinus?)
1516 3391 1680 3445 quam
1730 3378 1997 3437 mirabilis
2054 3393 2110 3439 et
2162 3385 2281 3456 ipsa

705 3465 829 3523 fuit.
863 3480 1139 3534 quamque
1187 3476 1551 3520 consentanea
1585 3468 1679 3522 tali
1729 3472 1889 3525 vitae!
1925 3477 2280 3543 operantibus

707 3557 793 3611 hic
856 3570 1073 3625 quoque
1117 3557 1170 3611 in
1214 3545 1393 3611 anima
1431 3558 1569 3628 ejus,
1627 3562 1814 3628 gratiae
1866 3564 2046 3631 plena,
2083 3567 2282 3623 divinis

705 3646 884 3700 dnuis.
926 3645 1176 3701 Nondum
1235 3647 1535 3717 quidquam
1588 3651 1977 3708 invaletudinis
2040 3658 2284 3712 tentabat

707 3753 935 3807 corpus,
997 3739 1239 3793 nondum
1299 3739 1593 3811 vestigium
1654 3742 1931 3813 languoris
1990 3750 2285 3817 apparebat

710 3832 878 3885 ullum
919 3846 932 3883 :
975 3831 1195 3901 quando
1231 3832 1314 3885 vir
1351 3843 1577 3886 sanctus
1603 3835 1919 3905 prapediem
1950 3837 2051 3891 sibi
2078 3839 2284 3898 instare

709 3932 940 3978 mortem
979 3924 1229 3992 praedixit
1261 3940 1275 3977 ι
1308 3924 1594 3995 oravitque
1626 3942 1816 3982 earum
1868 3930 2092 3999 insuper
2128 3949 2282 3989 suam

711 4014 1045 4078 recularum,
1095 4029 1217 4083 qum
1249 4014 1303 4069 in
1337 4017 1679 4073 monasterio
1717 4027 1896 4081 erant.
1936 4034 2142 4090 partem
2180 4026 2283 4079 sibi

706 4109 845 4169 dari,
900 4117 963 4161 ut
1011 4108 1294 4173 viaticum,
1350 4109 1649 4178 inquiebat,
1693 4111 1923 4166 habeam
1980 4130 2092 4184 quo
2153 4117 2284 4172 illuc

704 4199 1084 4270 commigrent.
1113 4200 1250 4254 Cum
1281 4202 1501 4257 veroilli
1530 4202 1587 4256 in
1618 4214 1936 4273 paupertate
1961 4222 2059 4261 sua
2086 4209 2284 4265 divites

711 4291 987 4357 monachi,
1041 4291 1189 4345 illico
1241 4293 1297 4347 in
1335 4293 1576 4349 medium
1628 4297 1995 4353 contulissent
2036 4302 2284 4355 certatim

708 4383 890 4437 omnia
923 4383 1021 4454 (ita
1051 4386 1252 4455 quippe
1286 4400 1315 4439 a
1343 4386 1609 4456 magistro
1640 4403 1741 4442 suo
1764 4390 1973 4459 pridem
1998 4393 2283 4447 exercitati

709 4485 865 4529 erant
886 4478 939 4529 in
958 4478 1321 4546 ubedientia),
1354 4478 1640 4534 dimidiam
1665 4482 1883 4537 illorum
1914 4490 2123 4553 partem
2153 4501 2286 4543 con-

2305 3212 2353 3274 C

2394 618 2711 695 εἰργάζοντο
2764 619 3093 689 φιλοπόνως,
3158 627 3186 677 ὁ
3234 626 3280 678 δ’
3341 628 3529 692 αὐτοῖς
3578 632 3827 699 ἐφεστὼς
3885 640 3975 689 καί

2392 713 2778 783 παρεπόμενος
2841 716 2959 785 ἅμα
2993 758 3007 783 ,
3063 717 3302 783 κόκκους
3376 721 3681 792 λεληθότως
3740 727 3979 799 ὀσπρίων

2392 803 2638 872 ἐρρίπτει
2689 805 2833 859 κατά
2879 808 2979 876 τῆς
3023 809 3146 878 γῆς,
3205 813 3319 875 τοῖς
3364 816 3527 867 ποσὶν
3574 816 3761 886 ἠρέμα
3810 837 3978 874 κατα-

2391 892 2665 962 χωννὺων.
2693 896 2767 950 Τὸ
2822 898 3164 971 καταϐληθὲν
3222 904 3321 972 μὲν
3352 899 3449 959 οὖν
3477 906 3590 960 οὐδ’
3642 910 3727 971 είς
3752 910 3977 965 δέκατον

2390 992 2655 1060 ἐξικνεῖτο
2697 999 2865 1069 μέρος
2901 1000 3186 1070 μεδίμνου,
3218 1005 3280 1056 τὸ
3309 1004 3357 1057 δ’
3391 1006 3653 1065 άποδοθέν
3684 1010 3743 1062 ἐν
3802 1014 3977 1083 καιρῷ

2392 1084 2517 1153 (τίς,
2551 1086 2652 1139 Θεὲ
2668 1088 2779 1141 τῶν
2808 1090 3060 1158 δικαίων,
3094 1090 3318 1163 λαλήσει
3348 1096 3449 1159 τὰς
3469 1097 3791 1165 δυναστείας
3824 1120 3918 1157 σου
3939 1106 3975 1170 ;)

2391 1175 2471 1239 είς
2502 1175 2657 1239 ὅλους
2680 1178 2977 1249 τριάκοντα
3013 1181 3304 1251 μεδίμνους
3325 1188 3713 1245 συνεποσοῦτο.
3739 1192 3972 1251 Τοιαῦτα

2391 1266 2567 1320 πολλὰ
2599 1268 2709 1322 τῶν
2733 1269 2828 1323 τοῦ
2856 1271 3051 1343 ἀνδρὸς
3074 1277 3385 1345 τεραστίων
3413 1280 3555 1334 κατὰ
3581 1281 3780 1355 σχολὴν
3806 1287 3873 1341 ἄν
3895 1306 3973 1353 τις

2388 1362 2504 1433 ἔχοι
2582 1364 2897 1433 φιλαλήθως
2983 1368 3464 1442 ἀπαριθμεῖσθαι,
3547 1379 3647 1431 οὐκ
3698 1380 3758 1447 ἐξ
3806 1385 3975 1455 ἀκοῆς

2388 1452 2692 1522 άναλέγων,
2726 1457 2844 1510 ἀλλ’
2873 1459 3076 1524 αὐτοὺς
3101 1463 3347 1529 ἐκείνους
3374 1466 3503 1531 τοὺς
3528 1468 3738 1525 ἕκαστα
3766 1452 3970 1529 τούτων

2386 1543 2509 1614 δψει
2560 1548 2998 1617 παραλαϐόντας,
3060 1554 3144 1617 είς
3201 1556 3615 1630 ἀκριϐεστάτην
3677 1564 3971 1632 βεϐαίωσιν

2387 1638 2656 1709 παράγων
2707 1642 2818 1695 τῶν
2872 1641 3183 1714 λεγομένων
3218 1661 3236 1680 ο
3297 1649 3600 1725 ἐπειδήπερ
3662 1659 3757 1712 καὶ
3812 1661 3969 1733 μέχρι

2390 1729 2659 1801 βασιλέων
2682 1732 2863 1788 αὐτῶν
2895 1737 2928 1805 ἡ
2963 1739 3091 1809 περ)⁵
3116 1739 3323 1796 τούτων
3350 1744 3556 1813 ἔφθασε
3606 1748 3787 1819 φήμη,

2388 1823 2703 1895 πρυνούσης
2755 1826 2849 1881 τὸν
2902 1830 3143 1901 ἐργάτην
3209 1832 3315 1903 τῆς
3360 1838 3585 1908 ἀρετῆς,
3619 1843 3736 1905 καὶ,
3781 1844 3968 1915 ὥσπερ

2387 1911 2549 2006 νόμος
2578 1914 2740 1986 αὐτῇ,
2766 1917 2858 1971 ἐπὶ
2892 1919 3035 1989 μέγα
3065 1921 3225 1995 δόξης
3256 1926 3546 2001 αἰρούσηςο
3580 1924 3664 1993 οἷς
3688 1911 3968 2006 τοσαύτην

2385 2004 2521 2057 αίδὼ
2567 2008 2663 2060 καὶ
2725 2010 2892 2081 τιμὴν
2944 2013 3074 2083 περὶ
3106 2014 3199 2068 τὸν
3222 2015 3377 2085 ἅγιον
3406 2017 3746 2091 ἐνεποίησεν⁷
3798 2026 3875 2089 ὡς
3901 2004 3967 2083 τὰ

2382 2094 2521 2151 ἄλλα
2552 2099 2845 2169 κρείττονα
2875 2100 3091 2167 τούτοις
3141 2105 3175 2177 ἢ
3208 2108 3327 2160 κατ’
3361 2108 3650 2179 ἄνθρωπον
3699 2118 3965 2187 νομισθῆ-

2385 2203 2474 2239 ναι
2494 2189 2586 2241 τὸν
2613 2190 2807 2262 ἄνδρα,
2835 2194 2933 2246 καὶ
2962 2194 3024 2248 τὸ
3052 2194 3201 2251 θεῖον
3238 2196 3404 2269 ἔργον
3461 2203 3629 2257 αὑτοῦ
3665 2205 3749 2273 (τὸ
3783 2212 3969 2264 καινὸν

2381 2278 2540 2333 τοῦτο
2604 2282 2752 2351 λέγω
2808 2287 2903 2339 καὶ
2934 2288 3133 2341 σεπτὸν
3181 2296 3625 2365 φροντιστήριον)
3676 2298 3966 2373 βασιλικῆς

2383 2368 2642 2435 προνοίας
2669 2374 2860 2442 τυχεῖν
2882 2376 3020 2445 πρός
3044 2393 3104 2430 τε
3132 2377 3232 2450 τὴν
3259 2380 3515 2455 δαπάνην
3550 2394 3912 2462 συναιρομένη
3925 2368 3965 2461 ξ,

2381 2459 2474 2512 καὶ
2505 2461 2823 2537 ἀποτροπὴν
2854 2467 3002 2539 αὺτῷ
3053 2470 3436 2547 βραϐευούσης
3499 2459 3963 2549 βάρουςπαντδς,

2381 2556 2582 2630 δηλαδὴ
2602 2562 2711 2616 τῶν
2734 2563 2933 2630 ἔξωθεν
2968 2569 3176 2623 τούτων
3198 2587 3211 2602 ·
3241 2566 3323 2635 οἷς
3353 2573 3436 2626 ἀεὶ
3469 2577 3561 2629 καὶ
3596 2577 3691 2631 νῦν
3728 2581 3964 2649 μάλιστα

2380 2650 2448 2703 τά
2474 2653 2650 2706 πάντα
2698 2655 2961 2724 δοκεῖται,
3015 2662 3111 2713 καὶ
3153 2661 3223 2714 δι’
3275 2655 3349 2717 ὧν
3395 2669 3428 2735 ἠ
3481 2668 3799 2741 ἀνθρωπίνη
3857 2675 3965 2743 ζωὴ

2384 2743 2536 2812 παρὰ
2562 2744 2662 2813 τῆς
2721 2747 2987 2817 ἐπηρείας
3038 2748 3384 2819 λυμαίνεται.
3434 2754 3530 2817 Εἰς
3580 2757 3839 2810 τοσοῦτον
3874 2778 3965 2827 με-

2383 2833 2576 2901 γέθους
2605 2836 2747 2907 ἤρθη
2771 2840 2867 2891 καὶ
2928 2840 3204 2911 θαύματος
3236 2844 3266 2912 ἡ
3295 2845 3422 2909 δόξα
3471 2846 3577 2897 τῶν
3604 2848 3697 2899 τοῦ
3731 2851 3966 2917 μεγάλου

2383 2928 2845 3000 κατορθωμάτων,
2899 2934 2992 2985 καὶ
3061 2934 3235 2998 οὕτως
3266 2938 3294 2987 ὁ
3324 2937 3438 3007 βίος
3468 2940 3618 3009 αὐτῷ
3666 2944 3744 3005 εἰς
3778 2945 3962 2997 πᾶσαν

2387 3019 2588 3089 μικροῦ
2618 3022 2716 3092 τὴν
2740 3025 3074 3095 οἰκουμένην
3099 3025 3427 3097 ἐξέλαμψεν.

2454 3290 2546 3354 ιζ’.
2597 3289 2725 3355 Οἶος
2773 3293 2947 3346 δὲκαὶ
2991 3296 3019 3347 ὁ
3070 3293 3344 3358 θάνατοςί
3410 3296 3497 3364 (τί
3541 3297 3650 3367 γάρ
3679 3298 3745 3350 ἂν
3788 3316 3965 3369 παρα-

2381 3384 2652 3453 τείνοιμεν
2668 3386 2758 3437 ἐπὶ
2776 3386 2941 3439 πλέον
2956 3387 3045 3440 τὸν
3075 3387 3234 3455 λόγον
3252 3388 3291 3460 ;)
3320 3388 3395 3451 ὠς
3423 3388 3737 3459 θαυμαστὸς
3757 3392 3835 3461 τῷ
3852 3394 3962 3445 δντι

2384 3477 2658 3546 κάκεῖνος,
2718 3480 2815 3532 καὶ
2861 3478 3121 3549 τοιαύτης
3179 3479 3320 3549 ζωῆς
3376 3480 3451 3543 ὡς
3512 3481 3731 3551 άληθῶς
3788 3485 3956 3550 ἄξιος,

2383 3568 2606 3636 ἐνεργὸν
2652 3570 2934 3624 κάνταῦθα
2981 3570 3043 3623 τὸ
3085 3571 3333 3642 χάρισμα
3376 3575 3444 3642 τῇ
3532 3578 3955 3647 κεχαριτωμένη

2380 3659 2528 3729 ψυχῇ
2554 3677 2569 3726 ;
2599 3661 2784 3731 Μήπω
2843 3662 2975 3730 γοῦν
3030 3679 3174 3726 τινος
3221 3664 3511 3733 ἀνωμάλου
3544 3666 3601 3717 τὸ
3634 3668 3795 3737 σῶμα
3825 3686 3963 3737 τιαρ-

2382 3756 2746 3827 ενοχλοῦντος,
2802 3758 2925 3829 μηδ’
2970 3760 3153 3828 ἴχνους
3214 3760 3490 3829 μαλακίας
3548 3762 3958 3830 ὑποφανέντος,

2383 3848 2550 3912 αὐτὸς
2586 3849 2711 3902 ὅσον
2769 3848 2924 3903 οὔπω
2978 3851 3077 3922 τὴν
3112 3851 3371 3923 τελευτὴν
3398 3854 3546 3923 αὐτῷ
3569 3859 3835 3924 προεῖπεν
3873 3860 3961 3925 ἐγ·

2382 3940 2601 4012 γίζεινο
2632 3941 2788 4012 ἠξίου
2853 3942 2922 4013 δὴ
2946 3946 3046 3997 καὶ
3115 3944 3279 4009 αὐτὸς
3339 3946 3401 3999 τὸ
3450 3947 3742 4001 ἐπιϐάλλον
3779 3950 3961 4019 μέρος,

2384 4033 2544 4102 είπερ
2570 4051 2623 4086 τι
2678 4032 2787 4087 τῶν
2835 4036 2900 4105 τῇ
2938 4038 3072 4105 μονῇ
3130 4038 3471 4108 προσόντων,
3512 4040 3865 4108 μεταλαϐεῖν,
3895 4043 3960 4093 ἶν’

2383 4126 2618 4194 ἐφόδιον,
2674 4126 2862 4196 φησὶν,
2928 4126 3113 4198 ἔχοιμι
3170 4129 3308 4198 πρὸς
3344 4129 3441 4201 τὴν
3487 4131 3609 4185 ἐκεῖ
3658 4134 3957 4200 μετοικίαν.

2385 4219 2535 4290 Ταχὺ
2567 4221 2625 4273 δὲ
2654 4220 2764 4275 τῶν
2793 4221 3043 4289 πενήτων
3075 4220 3304 4273 ἐκείνων
3338 4221 3611 4274 πλουσίων
3668 4223 3749 4285 είς
3800 4225 3963 4289 μέσον

2385 4313 2457 4367 τὰ
2482 4312 2662 4365 πάντα
2692 4310 2993 4381 προθύμως
3019 4312 3462 4379 συνενεγκάντων
3491 4311 3661 4383 (οὕτω
3683 4313 3796 4382 γὰρ
3827 4316 3961 4386 πρὸς

2384 4403 2697 4458 εὐπείθειαν
2728 4399 2871 4475 ἦσαν
2891 4402 2986 4456 ὑπ’
3012 4404 3222 4457 ἐκείνου
3275 4406 3445 4459 πάλαι
3462 4407 3955 4477 γεγυμνασμένοι),

2384 4498 2591 4569 διεδόθη
2623 4498 2764 4551 κατὰ
2789 4494 3024 4565 σπουδὴν
3054 4496 3165 4558 τοῖς
3217 4494 3520 4564 περιοίκοις
3577 4495 3647 4549 τά
3674 4499 3813 4567 πρὸς
3835 4502 3964 4569 ἠμί-

712 4566 894 4621 festini
927 4566 1370 4622 distribuendam
1396 4569 1544 4624 inter
1573 4572 1791 4627 accolas
1825 4577 2044 4629 curavit
2076 4597 2090 4632 :
2123 4588 2281 4632 erant

2390 4558 2591 4644 σειανί
2627 4589 2986 4643 εὐτελέστατα
3009 4586 3053 4639 δ’
3096 4584 3261 4657 ἦσαν,
3308 4582 3396 4640 οἷα
3430 4587 3599 4652 είκδς,
3639 4590 3734 4642 καὶ
3762 4592 3964 4657 (legum-

713 4666 920 4725 autem,
950 4658 1027 4712 uti
1061 4658 1311 4723 decebat,
1390 4660 1665 4716 vilissima
1705 4671 1759 4717 et
1810 4666 2015 4722 nullius
2062 4672 2285 4726 omnino

710 4751 868 4819 pretii
905 4758 1217 4819 tegumenta
1259 4761 1312 4805 et
1355 4752 1602 4818 vascula,
1656 4769 1834 4825 eaque
1874 4758 1940 4811 ad
1975 4762 2283 4831 suscipien-

712 4845 842 4897 dum
874 4858 937 4896 ac
972 4842 1319 4895 serviendum
1352 4842 1662 4913 hospitibus
1695 4847 1993 4905 destinata.
2044 4852 2123 4904 Ad
2172 4854 2286 4909 hzec

717 4949 901 4988 rerum
969 4935 1251 4997 omnium,
1319 4949 1440 5002 quae
1501 4933 1567 4987 ad
1628 4940 2049 4995 sustentandam
2105 4945 2277 4999 vitam

714 5027 1008 5083 recondita:
1063 5025 1456 5090 servabantur,
1521 5031 1816 5098 participes
1852 5034 2020 5087 reddi
2076 5051 2142 5090 ex
2182 5040 2283 5091 nii-

717 5118 1016 5177 sericordia
1085 5132 1352 5186 pauperes
1400 5120 1611 5187 voluit,
1668 5122 1989 5193 priusquam
2054 5143 2291 5184 morere-

719 5224 829 5269 ἐυτ-

791 5307 877 5360 18.
909 5305 1039 5359 Tres
1073 5304 1266 5359 exinde
1289 5304 1405 5359 dies
1429 5305 1773 5384 emirxerant,
1817 5323 1941 5363 eum
1976 5311 2140 5365 solito
2172 5328 2287 5366 ma-

719 5400 895 5453 turius
921 5413 1173 5468 surgens,
1198 5397 1555 5453 domuuculas
1588 5398 1810 5453 fratrum
1844 5402 2095 5455 circuivit
2122 5419 2135 5467 ;
2161 5418 2283 5457 cum

718 5490 1060 5557 singulisque
1096 5488 1327 5542 seorsim
1361 5502 1549 5554 agens,
1575 5496 1628 5541 et
1660 5489 1726 5541 ad
1762 5490 1926 5557 pedes
1958 5507 2146 5544 eorum
2192 5507 2285 5544 ae-

718 5583 934 5642 cidt-us,
992 5590 1252 5648 tanquam
1292 5580 1622 5633 humilitatis
1656 5596 1782 5634 vere
1829 5596 1959 5636 suos
1992 5584 2285 5638 cxaltautis

721 5684 897 5742 typus,
940 5674 1217 5726 oratiOnes
1253 5672 1427 5740 ipsius
1452 5681 1503 5725 et
1536 5672 1752 5725 veniam
1802 5672 2126 5727 delictorum
2156 5691 2285 5729 suo-

718 5778 838 5817 rum
883 5763 1199 5831 postulauit.
1256 5763 1464 5816 lnterea
1530 5760 1815 5827 fratribus,
1866 5778 1989 5818 cum
2047 5764 2286 5819 demissa

718 5856 1027 5910 reverentia
1062 5866 1116 5911 et
1144 5854 1429 5925 religione,
1458 5853 1679 5913 Patrem
1715 5872 1874 5913 suum
1918 5858 2284 5914 circumstan-

2389 4698 2529 4735 τατα
2576 4682 2755 4750 πάντη
2807 4680 3173 4747 σκεπάσματα
3224 4682 3320 4732 καὶ
3385 4681 3674 4750 σκευάρια,
3733 4684 3961 4735 κάκεῖνα

2392 4774 2529 4843 πρὸς
2556 4771 2822 4841 ὑποδοχὴν
2843 4772 2937 4825 καὶ
2991 4769 3289 4839 θεραπείαν
3336 4771 3506 4837 ξένων
3557 4773 3922 4842 ἀφωρισμένη.
3947 4791 3961 4805 ·

2388 4864 2469 4916 ἐτι
2504 4862 2561 4913 δὲ
2584 4861 2680 4915 καὶ
2703 4862 2805 4913 ὅσα
2830 4858 2941 4913 τῶν
2966 4858 3283 4925 ἀναγκαίων
3314 4859 3395 4921 είς
3414 4860 3732 4930 ἀποτροφὴν
3781 4864 3963 4924 αὐτοῖς

2390 4953 2777 5026 προαπέκειτο,
2809 4950 2903 5004 καὶ
2930 4951 2959 5003 ὁ
2991 4950 3333 5020 φιλόπτωχος
3363 4950 3533 5021 ὅμως,
3576 4951 3701 5006 οὐδὲ
3758 4955 3964 5008 τοίτων

2383 5048 2591 5119 ἀπῆλθε
2628 5045 2761 5117 πρὸς
2802 5044 2951 5097 ἔλεον
2979 5043 3370 5114 ἀκοινώνητος.

2458 5314 2549 5378 ιη’.
2575 5307 2737 5376 Τρεῖς
2766 5304 3015 5359 ἐντεῦθεν
3044 5304 3272 5375 ἡμέραι,
3306 5305 3400 5357 καὶ
3427 5305 3668 5369 ἀναστάς
3725 5312 3961 5378 agmini-

2386 5416 2564 5470 τερον,
2595 5400 2722 5459 τοὺς
2748 5396 3021 5458 οἰκίσκους
3052 5397 3268 5466 περιῄει
3297 5397 3405 5449 τῶν
3436 5397 3704 5465 ἀδελφῶν,
3738 5401 3873 5469 ὁμοῦ
3903 5418 3957 5452 τε

2384 5492 2480 5543 καὶ
2510 5492 2628 5542 κατ’
2691 5490 2829 5542 ἰδίαν
2890 5489 3235 5558 ἐντυγχάνων
3289 5488 3494 5551 αὐτοῖς,
3528 5493 3620 5542 καὶ
3663 5492 3816 5561 παρὰ
3837 5494 3958 5554 τοὺς

2384 5584 2547 5643 πόδας
2577 5582 2792 5650 ἑκάστῳ
2821 5580 3369 5650 προκυλινδούμενος,
3406 5584 3432 5632 ὁ
3461 5580 3634 5644 τύπος
3658 5582 3761 5650 τῆς
3784 5583 3953 5646 ὅντως

2386 5674 2645 5742 ὑψοποιοῦ
2697 5672 3119 5736 ταπεινώσεως,
3170 5671 3335 5742 εὐχὴν
3388 5672 3539 5741 παρὰ
3588 5672 3809 5725 πάντων
3864 5676 3956 5725 κιὶ

2386 5765 2715 5835 σλγγνώμην
2764 5765 2884 5835 ᾔτει
2935 5764 3043 5817 τῶν
3113 5762 3517 5830 ἐπταισμένων.
3573 5763 3696 5815 Τῶν
3746 5763 3802 5815 δὲ
3865 5766 3954 5815 ciu

2383 5859 2521 5911 αἰδοῖ
2568 5859 2633 5928 τῇ
2691 5855 3072 5926 προτκυνούσῃ
3127 5857 3218 5911 καὶ
3288 5854 3545 5925 εὐλαϐείᾳ
3599 5855 3689 5909 τὸν
3739 5854 3953 5923 Πατέρα
