4190 6458
220 404 357 468 1073

1266 411 1443 469 νιΤΑ
1488 411 1544 472 S.
1595 409 1985 469 DOROTHEI
2034 408 2416 470 JUNIOBIS.
2482 468 2489 473 .

3330 405 3466 481 1οη

214 518 605 582 περιεπόντων.
652 517 963 584 ἀσπασμοῖς
1020 534 1077 571 τε
1127 519 1220 572 καὶ
1258 520 1489 590 δάκρυσι
1552 523 1673 585 ταῖς
1719 523 1798 585 είς

1930 522 2070 584 ibus,
2122 522 2408 590 ipsumque
2435 518 2819 588 amplexando,
2848 518 3218 588 lacrymando,
3252 521 3319 574 ad
3358 532 3467 577 ter-

214 606 409 674 ιδαφος
444 606 935 667 ,ἀντικατακλίσεσι
991 608 1051 660 τὸ
1106 609 1251 672 εἰκὸς
1298 610 1736 682 ἐκπληρούντων,
1763 615 1797 682 ή

220 695 541 766 μεσημϐρία
562 697 860 767 παρῆλθεν.
896 697 1063 752 Ἔνθα
1088 698 1153 770 δὴ
1184 700 1420 764 μάλιστα
1454 702 1619 764 πολύς
1651 719 1734 763 τις
1762 703 1791 753 ὁ

218 786 576 857 φιλόστοργος
626 782 697 857 ἦν
730 828 747 854 ,
814 789 1024 859 τροφῆς
1105 793 1397 860 μετασχεῖν
1453 794 1789 862 παρακαλῶν

216 880 470 943 ἕκαστον,
500 877 595 933 καὶ
616 878 767 943 ἀξιον
802 879 877 952 μὴ
907 882 1245 951 συγκάμνειν
1277 882 1370 935 ἐπὶ
1418 883 1585 936 πλέον
1619 884 1792 955 αὐτῷ,

220 969 299 1031 ὡς
336 969 523 1023 οὐκέτι
567 971 696 1040 περ)⁵
724 971 793 1025 τά
837 974 995 1026 κοινά
1048 974 1366 1043 πονουμένῳ
1390 974 1533 1029 κατά
1561 975 1621 1028 τὺ
1649 975 1794 1040 ἔθος,

225 1062 367 1115 ἀλλά
394 1061 487 1115 νῦν
520 1080 582 1131 γε
618 1066 750 1134 περὶ
774 1063 834 1117 τὸ
861 1064 992 1118 ἴδιον
1030 1065 1344 1133 ἀναγκαίως
1398 1068 1800 1137 ἀσχολουμένῳ,

222 1153 320 1204 καὶ
350 1153 427 1223 μὴ
483 1153 713 1223 διοχλεῖν
770 1155 1079 1225 βουλομένῳ
1129 1155 1257 1219 τοὺς
1309 1156 1548 1220 οἰκείους
1599 1159 1679 1220 είς
1730 1157 1801 1211 τά

218 1243 419 1297 οἰκεῖα.
461 1245 525 1298 Οἱ
562 1245 661 1315 μὲν
712 1244 805 1300 οὖν
835 1246 1080 1317 ἀντεῖχον
1126 1246 1519 1318 δυσφοροῦντες
1541 1247 1796 1312 ἐπιπολὺ,

222 1332 273 1383 οι
326 1332 372 1384 δ’
433 1333 703 1387 ἀνέκειντο
767 1334 931 1387 πλέον
997 1333 1416 1403 ἐκϐιαζόμενοι,
1470 1336 1573 1399 ἕως
1624 1336 1802 1390 πάντα

225 1422 471 1476 ποιοῦντι
527 1424 721 1494 μικρόν
777 1441 831 1478 τι
894 1431 1419 1497 παραχωρήσαντες,
1470 1426 1803 1496 συνέδραμον

225 1510 386 1575 αὖθις
418 1514 557 1581 μετά
590 1515 825 1585 σπουδῆς
856 1517 1229 1587 παραχρῆμα·
1265 1518 1361 1570 καί⁵
1403 1517 1804 1582 καταλαϐόντες

225 1604 321 1657 τὸν
351 1604 510 1674 ἅγιον
536 1608 916 1681 ἐκτενέστερον
962 1611 1419 1680 προσευχόμενον,
1480 1610 1809 1681 διατραπέν·

225 1714 317 1761 τες
345 1698 663 1770 ὑπέστησαν
689 1718 703 1732 ·
734 1702 891 1774 άχρις
924 1705 1047 1757 ὅτου
1084 1703 1238 1767 ποτὲ,
1265 1703 1365 1767 τῆς
1403 1704 1570 1774 εὐχῆς
1594 1705 1801 1768 ἐκεῖνος

226 1790 602 1859 παυσάμενος,
637 1795 763 1856 τοὺς
812 1794 914 1862 μὲν
954 1794 1226 1865 ἐπέτρεπε
1254 1794 1499 1864 ψάλλειν,
1556 1796 1716 1858 αὐτὸς
1751 1797 1802 1850 δ’

234 1882 573 1951 ἀνακλιθεὶς,
610 1887 725 1950 πῶς
748 1886 816 1940 ἀν
844 1888 987 1941 εῐποι
1021 1904 1104 1951 τις
1128 1889 1312 1959 ἡρέμα
1360 1891 1459 1943 καὶ
1494 1889 1804 1959 προσηνῶς.

233 1974 334 2026 καὶ
371 1974 502 2038 τοὺς
530 1976 699 2041 πόδας
729 1976 949 2047 ἐξάρας,
973 1979 1029 2032 ὲν
1060 1980 1251 2054 εἰρήνῃ
1279 1980 1420 2033 κατά
1448 1981 1510 2034 τὸ
1561 1998 1809 2052 γεγραμ-

1908 626 2023 666 ram
2077 627 2251 680 usque
2290 627 2411 667 sese
2466 610 2805 674 inelinando,
2831 611 2976 680 quod
3009 611 3090 665 sui
3130 620 3249 665 erat
3280 612 3465 678 oﬂlcii,

1912 702 2288 771 implentibus,
2336 704 2632 758 transierat
2670 688 2955 757 meridies;
3003 701 3182 765 Tune,
3220 703 3297 757 uti
3340 720 3470 759 suos

1908 810 2072 863 quam
2105 797 2198 866 qui
2225 797 2456 851 maxime
2501 795 2739 861 amabat,
2784 794 3027 864 singulos
3060 794 3211 849 abire
3267 797 3471 849 cibum-

1911 902 2017 952 que
2047 903 2265 941 sumere
2288 886 2488 954 jussit;
2528 885 2665 938 nihil
2698 885 2803 939 sibi
2828 899 2992 953 porro
3015 887 3081 939 ab
3112 886 3248 957 ipsis
3276 885 3471 940 ofﬁciis

1911 975 2333 1044 impendendum
2365 976 2625 1032 dictitans
2657 993 2671 1041 ;
2699 985 2886 1045 utpote
2916 976 3007 1045 qui
3037 974 3104 1031 de
3134 977 3297 1031 rebus
3321 991 3472 1031 com-

1913 1069 2219 1133 munitatis,
2244 1077 2304 1123 ut
2330 1070 2563 1134 solebat,
2592 1069 2728 1123 nihil
2785 1066 3022 1138 amplius
3089 1068 3377 1133 sollicitus,
3406 1068 3475 1123 ad

1915 1160 2181 1229 privatam
2238 1167 2448 1214 tantum
2479 1160 2868 1216 necessitatem
2914 1158 3272 1222 intendebat;
3314 1174 3474 1213 suos-

1912 1266 2019 1321 que
2043 1253 2187 1308 circa
2221 1267 2280 1309 se
2308 1252 2495 1307 vexari
2521 1253 2753 1306 nolebat.
2781 1251 2838 1305 Et
2868 1251 2961 1306 alii
2988 1250 3207 1319 quidem
3240 1250 3473 1303 multum

1914 1352 2104 1397 contra
2161 1346 2503 1405 nitebantur,
2562 1343 2653 1396 alii
2722 1357 2852 1396 vero
2899 1341 3219 1410 ampliorem
3263 1341 3312 1393 ei
3371 1339 3476 1392 vim

1916 1436 2207 1499 faciebant,
2261 1436 2434 1490 donec
2470 1435 2699 1489 multum
2734 1434 3000 1501 satagenti
3053 1431 3301 1486 nonnihil
3346 1446 3482 1485 con-

1914 1536 2204 1581 cesserunt
2236 1542 2251 1581 :
2297 1526 2391 1581 sed
2430 1540 2555 1580 mox
2597 1523 2873 1579 curriculo
2921 1522 2986 1577 ad
3023 1523 3203 1592 ipsum
3243 1530 3483 1575 reverte-

1916 1618 2159 1683 bantur;
2217 1616 2669 1685 lnvenieutesque
2724 1614 2995 1669 inteusius
3052 1621 3300 1667 orantem
3358 1627 3482 1667 cum

1916 1710 2240 1765 verecundia
2279 1709 2669 1770 substiterunt,
2703 1707 2878 1761 donec
2913 1705 3064 1760 ﬁnita
3095 1706 3341 1760 oratione
3370 1705 3485 1759 fra-

1917 1806 2029 1855 tres
2057 1800 2126 1855 ad
2172 1800 2514 1871 psallendum
2548 1800 2797 1854 hortatus
2846 1805 2974 1862 est;
3020 1804 3076 1852 et
3125 1795 3398 1851 reelinans
3427 1811 3487 1849 su

1919 1892 2057 1961 ipse,
2086 1892 2294 1960 quiete,
2334 1894 2501 1948 utsic
2534 1892 2738 1955 dicam,
2772 1898 2937 1961 atque
2965 1904 3141 1959 prono
3189 1888 3241 1941 in
3282 1895 3481 1942 terram

1911 1997 2143 2052 corpore
2172 1983 2450 2053 pedesque
2482 1982 2806 2043 extendens,
2838 1982 2892 2036 in
2924 1996 3078 2051 pace,
3107 1982 3182 2035 uti
3216 1981 3480 2051 scriptum

234 2065 401 2136 μένον
457 2068 727 2141 ἐκοιμήθη
776 2070 871 2123 καὶ
941 2070 1189 2123 ὕπνωσεν
1260 2070 1429 2125 ὕπνον
1468 2071 1638 2133 ὅντως
1670 2114 1686 2138 ,
1749 2073 1810 2126 οὐ

1928 2082 1995 2129 εει
2033 2075 2076 2139 ⁷,
2116 2075 2381 2145 requievit
2409 2084 2462 2130 et
2496 2074 2754 2130 dormivit
2786 2088 3041 2128 somnum
3080 2072 3265 2142 potius
3316 2088 3483 2141 quam

233 2158 489 2223 θάνατον,
529 2159 719 2213 ’ὕπνον
745 2160 837 2214 τὸν
864 2164 1144 2233 πρέποντα
1190 2161 1423 2226 δικαίοις
1446 2162 1522 2226 ὡς
1552 2163 1767 2235 άληθῶς
1794 2181 1809 2197 ι

235 2252 337 2303 καὶ
368 2253 678 2323 προσετέθη
710 2254 884 2322 τούτῳ
912 2254 990 2323 τῷ
1020 2255 1207 2325 τρόπῳ
1232 2254 1369 2325 πρὸς
1393 2256 1520 2319 τοὺς
1566 2257 1813 2327 πατέρας

233 2339 403 2394 αὑτοῦ
428 2344 455 2395 ὁ
481 2343 747 2413 ἡμέτερος
805 2337 959 2408 οὗτος
1004 2346 1063 2398 ὲν
1090 2344 1268 2413 ἁγίοις
1324 2345 1537 2416 Πατὴρ,
1568 2349 1661 2402 καὶ
1699 2348 1814 2408 υίὸς

234 2432 338 2501 τῆς
354 2433 449 2486 τοῦ
482 2434 615 2488 Θεοῦ
673 2435 973 2505 βασιλείας,
1034 2437 1169 2509 πρὸς
1206 2438 1276 2509 ήν
1304 2436 1475 2504 οὕτως
1507 2438 1664 2502 ίλέως
1692 2441 1815 2507 ὲξε-

232 2522 501 2596 δήμήσεν,
530 2526 622 2580 ἐπὶ
640 2528 700 2580 τὸ
733 2526 983 2599 βραϐεῖον
1015 2529 1111 2595 τῆς
1142 2530 1254 2583 άνω
1282 2529 1527 2599 κλήσεως
1551 2532 1815 2598 σπεύσας,

239 2619 338 2671 καὶ
372 2618 512 2687 πρὸς
550 2618 648 2690 τὴν
676 2620 887 2672 ἐκεῖθεν
946 2620 1257 2674 ἀνάπαυσιν
1309 2622 1616 2692 ὑπερφυῶς
1649 2642 1815 2693 μετα-

242 2707 344 2770 ϐἀς
404 2710 470 2762 ὲκ
513 2709 613 2777 τῆς
662 2710 901 2765 ἐνταῦθα
956 2712 1369 2775 κακοπαθείας’
1402 2714 1478 2777 ὡς
1504 2714 1600 2784 οὐχ
1657 2711 1820 2787 ἦττον

244 2794 388 2853 εἶναι
414 2800 475 2854 τὸ
505 2802 653 2865 τέλος
683 2802 831 2872 αὑτῷ
861 2804 894 2874 ἢ
928 2804 1018 2856 τὸν
1047 2803 1162 2873 βίον
1189 2805 1641 2875 ἀξιοθαύμαστον.

316 2890 403 2945 ιθ’.
431 2892 664 2963 Τοιαύτη
728 2893 829 2961 μὲν
885 2894 1146 2965 Δωροθέῳ
1201 2897 1235 2965 ὴ
1286 2897 1381 2949 ἐπὶ
1458 2899 1560 2967 γῆς
1619 2915 1818 2968 παροι-

246 2982 361 3047 κία,
393 2983 567 3043 οὕτως
598 2987 653 3037 αί
692 2985 921 3054 πράξεις
979 2986 1074 3038 καὶ
1107 2985 1174 3039 τά
1218 2987 1355 3056 ἔργα
1404 2986 1651 3056 θεοφιλῆ,
1679 2988 1822 3041 οὓτω

243 3073 443 3143 δαψιλῆ
490 3074 558 3126 τὰ
609 3060 959 3145 χαρίσματα·
1024 3075 1249 3145 τοιαύτη
1304 3076 1362 3131 δὲ
1412 3079 1577 3133 πάλιν
1644 3083 1738 3133 καὶ
1787 3082 1819 3152 ἠ

246 3163 495 3216 ἐντεῦθεν
533 3166 884 3231 μετάστασις,
916 3166 1176 3230 ἐπιεικῶς
1223 3167 1349 3232 ἀξία
1388 3171 1482 3222 καὶ
1510 3170 1814 3240 πρέπουσα,

248 3256 343 3309 καὶ
366 3250 478 3308 οἷον
508 3258 740 3324 κορωνίς
770 3275 853 3321 τις
908 3259 1082 3329 χρυσῆ
1116 3262 1182 3329 τῇ
1212 3260 1305 3312 τοῦ
1338 3262 1529 3333 ἀνδρὸς
1571 3264 1818 3336 πολιτείᾳ

251 3346 394 3398 κατὰ
428 3347 585 3414 λόγον
612 3348 926 3401 ὲπιτεθεῖσα
951 3366 965 3381 ·
990 3344 1053 3402 οὗ
1082 3353 1198 3411 ταῖς
1226 3350 1359 3420 πρὸς
1381 3352 1441 3405 τὸ
1504 3353 1659 3406 Θείον
1691 3371 1823 3424 πρε-

251 3437 487 3501 σὸείαις,
511 3430 554 3504 ᾦ
577 3438 759 3501 καλῶς
793 3438 1175 3513 εῷηρέστησεν,
1205 3441 1519 3510 εὐαρεστεῖν
1553 3442 1824 3514 εὐχόμεθα

250 3529 346 3579 καὶ
378 3528 532 3582 αὐτοὶ
565 3530 773 3599 κατάγε
800 3530 1001 3602 δηλαδή
1034 3532 1093 3584 τὸ
1120 3533 1415 3603 ἡμέτερον,
1446 3536 1542 3587 καὶ
1566 3536 1666 3606 τὴν
1697 3537 1824 3589 καθ’

248 3620 400 3685 ἡμᾶς
444 3618 589 3687 λέγω
635 3619 886 3691 δύναμιν
922 3623 1045 3677 ἐπεὶ
1073 3624 1167 3677 καὶ
1210 3626 1321 3687 τοῖς
1351 3624 1661 3694 ἐλαχίστοις
1687 3623 1828 3681 οἶδεν

249 3713 285 3780 ή
312 3712 585 3781 ἀγαθότης
654 3713 864 3785 χαίρειν
892 3714 1001 3768 ὑπὸ
1042 3714 1479 3784 φιλανθρωπίας,
1538 3718 1634 3772 καὶ
1673 3721 1831 3791 χεῖρα

252 3802 519 3874 παρέχειν
562 3805 700 3875 πρὸς
729 3805 799 3859 τά
836 3805 1076 3874 κρείττω
1104 3807 1228 3869 ταῖς
1262 3806 1616 3879 προθυμίαις·
1666 3809 1829 3863 δυνα-

252 3896 345 3958 τὸς
374 3895 429 3948 δὲ
454 3896 482 3949 δ
524 3896 702 3965 ἅγιος,
733 3897 795 3953 τὸ
838 3898 1028 3952 λειπδν
1086 3898 1461 3968 ἀποπληροῦν
1528 3902 1654 3955 ἐπεὶ
1697 3903 1832 3957 κάν-

254 3983 433 4037 ταῦθα
454 3986 764 4057 χρηστότης
806 3986 977 4058 αὐτῷ,
1012 3986 1122 4040 τῶν
1173 3985 1396 4053 ἀγαθῶν
1426 3989 1487 4043 τὸ
1517 3991 1832 4061 κεφάλαιον,

260 4077 492 4131 κάκεῖσε
527 4076 623 4133 νῦν
666 4078 829 4134 πάλιν
871 4079 993 4150 (οὐκ
1026 4078 1393 4150 ἀπιστοῦμεν)
1419 4083 1496 4147 ὡς
1521 4085 1835 4157 παραμένει

259 4170 402 4238 μετά
434 4186 579 4234 τινος
625 4169 687 4225 εὖ
735 4168 851 4226 οῐδα
904 4174 1221 4245 προσθήκης
1268 4176 1369 4230 οὐκ
1418 4177 1701 4246 ἀγεννοῦς,
1723 4180 1835 4251 ὅσῳ

258 4261 357 4314 καὶ
385 4259 623 4330 μάλιστα
647 4263 716 4333 τῇ
744 4262 855 4317 τῶν
904 4263 1087 4319 καλῶν
1120 4267 1273 4334 πηγῇ
1330 4267 1451 4321 νυνὶ
1470 4267 1837 4339 πεπλησίακε.

260 4353 397 4421 παρ’
427 4346 576 4423 ἧςτδ
605 4352 844 4423 χρηστὸν
871 4355 1230 4425 ἀρυσάμενος
1259 4361 1534 4422 πλουσίως
1562 4358 1657 4412 καὶ
1679 4358 1839 4428 δαψι-

261 4442 393 4504 λῶς.
426 4437 484 4496 εὖ
518 4459 578 4496 τε
601 4442 954 4500 δεδούλευκεν
980 4446 1084 4518 ήδη
1119 4449 1337 4514 πολλοῖς
1376 4451 1471 4503 καὶ
1511 4448 1834 4519 πεποίηκεν,

1915 2165 1970 2221 in
2005 2176 2232 2221 mortem
2278 2185 2290 2220 :
2330 2182 2581 2222 somnum
2620 2181 2836 2233 nempe,
2873 2165 3051 2234 qualis
3078 2164 3255 2232 justos
3277 2165 3431 2219 decet
3464 2183 3479 2217 :

1915 2266 2078 2325 atque
2106 2258 2177 2312 ita
2219 2257 2497 2327 appositus
2532 2264 2614 2312 est
2662 2256 2909 2327 patribus
2936 2257 3051 2312 suis
3078 2265 3300 2312 sanctus
3332 2257 3485 2311 hiece

1916 2346 2076 2403 Pater
2112 2355 2318 2413 noster,
2353 2347 2504 2417 regni
2546 2345 2809 2400 cmlorum
2845 2345 3007 2410 (ilius,
3056 2359 3166 2414 quo
3200 2354 3310 2397 tam
3346 2332 3505 2397 hila?

1915 2438 2048 2492 riter
2073 2438 2175 2492 iter
2207 2437 2466 2506 suscepit,
2500 2435 2565 2489 ad
2594 2435 2876 2505 prmtnium
2904 2449 3153 2500 supernre
3180 2434 3486 2487 vocationis

1920 2532 2204 2595 festinans,
2242 2539 2295 2585 et
2328 2529 2393 2582 ad
2426 2534 2670 2597 requiem
2706 2527 2977 2582 caelestem
3031 2526 3192 2580 modo
3239 2533 3489 2580 extraor-

1921 2620 2134 2675 dinario
2192 2620 2466 2674 transiens
2522 2634 2586 2672 ex
2640 2616 2790 2671 hisce
2848 2615 3123 2678 miseriis;
3188 2623 3246 2669 ut
3309 2615 3489 2669 obitus

1922 2712 2041 2781 ejus
2091 2726 2198 2765 non
2267 2710 2463 2765 minori
2523 2708 2885 2764 admiratione
2950 2705 3147 2773 dignus
3204 2704 3276 2760 sit
3323 2718 3486 2772 quam

1920 2806 2054 2858 vita.

1999 2896 2088 2949 19.
2114 2895 2265 2950 Talis
2295 2895 2463 2965 igitur
2499 2891 2758 2947 Dorothei
2793 2891 2844 2943 in
2891 2890 3053 2943 terris
3083 2884 3302 2942 vivendi
3349 2886 3490 2939 ratio

1926 2986 2047 3049 fuit,
2084 2986 2212 3040 talia
2250 2994 2468 3055 tamque
2499 2984 2683 3038 divina
2718 2997 2916 3051 opera,
2944 2988 3054 3032 tam
3079 2978 3299 3047 copiosa
3325 2991 3355 3030 a
3382 2976 3489 3030 Deo

1925 3075 2121 3128 collata
2161 3073 2303 3129 dona
2333 3096 2343 3128 :
2375 3073 2503 3128 talis
2535 3071 2790 3127 similiter
2813 3069 2915 3123 viri
2946 3068 3237 3133 transitus,
3257 3064 3481 3121 omnino

1926 3164 2377 3234 praeelarissimus
2411 3172 2466 3218 et
2499 3163 2755 3225 decorus,
2797 3175 2861 3215 ac
2898 3159 3063 3214 veluti
3096 3158 3314 3214 coronis
3344 3170 3493 3226 qum-

1926 3258 2048 3310 dam
2079 3269 2277 3319 aurea,
2308 3254 2402 3307 tali
2434 3251 2843 3308 conversationi
2871 3250 3015 3320 ejus,
3039 3258 3099 3303 ut
3122 3263 3218 3318 par
3252 3255 3357 3311 est,
3387 3247 3491 3300 im-

1929 3348 2107 3413 posita
2152 3346 2355 3415 :cnjus
2415 3343 2907 3399 intercessionibus
2965 3342 3106 3409 apud
3162 3340 3352 3399 Deum,
3405 3337 3495 3389 cui

1929 3438 2047 3507 ipse
2101 3437 2395 3499 admodum
2454 3435 2693 3505 placuit,
2754 3448 2855 3488 nos
2918 3445 3136 3501 quoque
3193 3431 3494 3500 placituros

1928 3537 2272 3597 exoptamns,
2304 3534 2568 3596 quantum
2608 3539 2804 3593 nempe
2850 3538 2945 3592 per
3001 3530 3201 3577 statum
3240 3522 3495 3588 viresque

1931 3628 2151 3673 nostras
2185 3617 2406 3682 licebit;
2448 3631 2571 3670 cum
2611 3616 2775 3669 etiam
2824 3613 3065 3668 minimis
3123 3611 3360 3683 gaudere
3391 3625 3499 3679 pra:

1934 3710 2273 3765 humanitate
2310 3722 2406 3762 sua
2434 3706 2651 3761 noverit
2682 3706 2899 3759 bonitas
2922 3703 3065 3773 ejus,
3090 3709 3143 3757 et
3172 3701 3495 3771 adjutricem

1933 3801 2157 3856 tendere
2191 3814 2411 3854 manum
2442 3798 2509 3853 iis
2547 3798 2641 3867 qui
2679 3799 2947 3866 consequi
2987 3794 3244 3850 virtutem
3275 3791 3498 3847 deside-

1934 3902 2079 3950 rant.
2122 3891 2303 3948 Potest
2327 3900 2512 3946 autem
2545 3890 2784 3945 Sanctus
2808 3887 2955 3958 quod
2990 3886 3145 3941 deest
3194 3883 3451 3953 supplere
3482 3900 3494 3934 :

1934 3980 2377 4053 quandoquidem
2435 3978 2624 4034 eadem
2689 3976 3020 4047 benignitas,
3060 3988 3179 4045 qua:
3230 3972 3321 4027 hic
3358 3972 3500 4028 inter

1935 4072 2168 4127 virtutes
2221 4071 2342 4140 ejus
2399 4069 2609 4139 primas
2666 4068 2872 4133 tenuit,
2910 4079 3058 4121 nunc
3098 4064 3210 4119 illic
3258 4077 3499 4134 quoque,

1938 4164 2162 4219 dubium
2192 4167 2525 4233 perseveret,
2578 4175 2705 4215 cum
2757 4173 2868 4213 non
2922 4158 3125 4227 exiguo
3180 4155 3265 4211 sui
3323 4156 3502 4210 incre-

1937 4266 2123 4313 mento
2153 4275 2169 4324 ;
2206 4259 2517 4328 praesertim,
2543 4270 2670 4310 cum
2705 4251 2932 4322 propius
2968 4261 3113 4303 nunc
3143 4247 3280 4302 absit
3314 4245 3383 4300 ab
3411 4246 3502 4300 illo

1941 4347 2207 4402 bonorum
2240 4347 2486 4402 omnium
2522 4347 2694 4410 fonte,
2730 4358 2793 4398 ex
2837 4355 2949 4411 quo
2985 4338 3190 4393 affatim
3244 4336 3503 4392 bonitatis

1940 4445 1992 4491 et
2012 4437 2232 4506 copiose
2264 4436 2546 4502 hauriens,
2576 4434 2800 4490 servivit
2829 4431 2941 4501 jam
2972 4430 3181 4499 Pride'“
3228 4443 3291 4483 ac
3340 4425 3565 4511 δακεῖν

260 4529 417 4581 ἐνθεν
444 4531 524 4594 είς
544 4531 801 4585 τοσοῦτον
847 4536 941 4588 καὶ
980 4504 1361 4604 δεδίκαίωται,
1384 4540 1479 4593 καὶ
1512 4539 1593 4592 ἐτι
1636 4504 1818 4609 μέλλοι

1946 4504 2281 4580 [οοίιωυιιίε
2316 4525 2455 4594 ipse,
2506 4532 2832 4591 tantumque
2879 4517 3252 4574 sanctimonia:
3310 4504 3517 4571 consul)

267 4619 506 4687 ποιήσει,
535 4618 631 4672 καὶ
658 4621 719 4673 τδ
749 4620 1050 4691 φιλάγαθον
1080 4625 1415 4695 ἐπιδείξεται
1468 4626 1598 4696 περὶ
1635 4626 1841 4691 πάντας

266 4711 415 4779 ἡμᾶς
474 4708 602 4773 τοὺς
653 4712 1009 4782 περιλοίπους
1064 4714 1146 4773 ἔτι
1198 4718 1295 4772 καὶ
1351 4718 1586 4783 ζῶντας,
1638 4718 1735 4773 καὶ
1764 4717 1843 4789 τῷ

265 4802 420 4872 τόπῳ
467 4802 642 4872 τούτῳ
692 4802 794 4873 τῆς
866 4804 1106 4874 βασάνου
1168 4808 1306 4871 τέως
1365 4808 1840 4879 ἐνδιατρίϐοντας·

269 4893 377 4955 ἓως
438 4893 533 4945 καὶ
582 4895 730 4963 ἡμᾶς
763 4896 792 4947 ό
828 4895 1041 4950 ὲκέίνου
1103 4899 1507 4970 μισθαποδότης
1560 4898 1698 4968 πρὸς
1742 4898 1843 4969 τὴν

272 4984 394 5035 ἐκεῖ
444 4982 663 5036 καλέσει
716 4985 1083 5052 κατάπαυσιν,
1160 4988 1251 5059 εῐη
1283 4989 1339 5042 δὲ
1368 4989 1544 5041 εἰπεῖν
1584 4988 1678 5040 καὶ
1709 4988 1842 5040 ἀνά-

273 5094 496 5140 παυσιν,
525 5070 569 5145 ᾧ
602 5077 799 5149 πρέπει
831 5080 979 5131 πᾶσα
1005 5080 1299 5152 δόξα,τιμὴ
1332 5084 1424 5136 καὶ
1455 5080 1842 5150 προσκύνησις,

273 5171 373 5220 νῦν
426 5171 514 5222 καὶ
565 5169 687 5233 ἀεὶ,
743 5170 840 5223 καὶ
886 5172 966 5235 εἰς
1013 5174 1139 5237 τοὺς
1192 5173 1399 5238 αἰῶνας
1452 5173 1560 5226 τῶν
1611 5170 1844 5225 αἰώνων.

288 5260 485 5330 Ἀμήν.

355 5526 371 5554 ⁷
415 5526 557 5580 Paul.
598 5540 668 5590 ιν,
712 5529 765 5583 9.

1940 4628 2102 4674 cutus
2126 4626 2257 4684 est;
2308 4632 2456 4673 nunc
2516 4625 2700 4671 autem
2751 4611 3036 4667 liberalius
3088 4607 3410 4672 benefaciet,
3452 4615 3506 4661 et

1939 4709 2354 4767 beneﬁcentiam
2374 4723 2528 4764 suam
2553 4713 2767 4763 exseret
2786 4704 2838 4758 in
2857 4717 2957 4758 nos
2979 4716 3192 4765 omnes,
3215 4699 3306 4768 qui
3325 4697 3506 4753 adhuc

1942 4802 2266 4870 superstites
2302 4814 2493 4854 sumus
2523 4798 2576 4852 in
2608 4797 2711 4851 hac
2740 4796 2849 4850 vita
2893 4801 2946 4849 et
2977 4794 3033 4847 in
3079 4792 3245 4846 haece
3290 4789 3506 4844 exerci—

1943 4892 2165 4948 tationis
2197 4890 2449 4961 palaastra
2483 4902 2769 4943 versamur
2798 4902 2813 4939 :
2843 4884 3018 4939 donec
3059 4882 3171 4945 ille,
3221 4882 3313 4950 qui
3358 4878 3503 4933 Patri

1945 4991 2134 5037 nostro
2171 4989 2554 5036 remuneratus
2592 4986 2694 5042 est,
2731 4991 2830 5030 nos
2863 4988 3081 5045 quoque
3111 4971 3175 5025 ad
3213 4983 3503 5039 supernam

1946 5074 2211 5143 requiem,
2242 5080 2336 5123 aut
2371 5070 2551 5139 potius
2578 5066 2832 5129 dixerim,
2867 5065 3050 5118 omnis
3099 5062 3363 5116 molestiae
3415 5076 3508 5113 va-

1948 5166 2206 5219 cuitatem
2236 5170 2427 5216 evocet
2451 5178 2466 5226 ;
2488 5172 2649 5229 quem
2678 5158 2834 5211 decet
2869 5154 3065 5224 gloria,
3090 5154 3267 5208 honos
3297 5162 3346 5206 et
3372 5151 3505 5203 ade--

1953 5256 2091 5309 ratio
2115 5260 2334 5319 cuncta,
2373 5266 2516 5306 nunc
2544 5261 2597 5305 ct
2623 5262 2837 5319 semper
2871 5253 2926 5301 cl.
2949 5246 3001 5301 in
3025 5245 3224 5301 sarcula
3270 5242 3502 5299 saeculo-

1954 5362 2091 5400 rum.
2126 5345 2318 5398 Amen.

358 5687 646 5757 (9)1160“.
685 5695 933 5759 quantus,
970 5703 1125 5757 quam
1166 5683 1395 5751 multus;
1432 5685 1557 5742 hinc
1589 5687 1818 5742 necdum
1860 5686 1988 5741 alibi
2020 5686 2219 5743 lectum
2253 5682 2655 5759 συμποσίομαι,
2690 5682 2845 5752 quasi
2874 5681 3329 5752 sirltttlaltppttlor.
