4190 6458
206 409 339 481 10⁵17

273 519 334 573 ΕΞ
355 520 401 573 δ’
426 513 519 572 οὑν
568 520 630 573 τὺ
661 520 835 588 δῶρον
860 518 1038 583 δεξιᾶς
1067 521 1168 588 σῆς
1193 521 1372 586 ἀξίου,

273 613 423 681 Αὑτή
450 629 508 665 τε
536 612 740 683 σαυτὴν
764 613 1064 684 εὐπρεπῶς
1093 613 1269 684 τούτῳ
1296 617 1461 685 στέφε
1490 631 1503 647 ·

273 706 345 757 ’11
378 704 577 770 μᾶλλον
603 705 940 775 εὐπρέπειαν
965 706 1104 777 αὑτὴ
1132 706 1209 776 τῷ
1236 708 1426 777 στέφει

276 795 685 865 Πῳσψαὺσεως
714 798 813 866 σῆς
836 796 1148 867 ἁξιουμένῳ
1193 799 1363 853 δίδου.

289 889 469 960 Ἦμᾶς
493 888 549 942 δὲ
577 890 706 952 τοὺς
729 889 909 959 λόγοις
939 907 1001 943 σε
1034 892 1311 961 τιμῶντας
1342 890 1525 960 μόνοις

279 984 505 1052 Ἔργοις
532 983 597 1034 σὺ
621 983 839 1045 ⁴ιτάντως
875 985 1233 1053 άντιτίμησον
1263 984 1451 1039 πλέον.

278 1074 431 1142 Οἴκῳ
460 1092 519 1127 τε
539 1074 616 1142 τῷ
648 1074 723 1142 σῷ
751 1074 1131 1142 γειτονοῦντας
1154 1076 1366 1138 ἐνθάδε,

277 1167 392 1218 Καὶ
408 1165 509 1234 τῆς
536 1166 652 1219 ἐκεῖ
680 1182 776 1218 σου
804 1166 1004 1236 στῆσον
1032 1168 1199 1234 ἐγγὺς
1225 1167 1428 1230 οἰκίας.

289 1257 395 1308 Ἦν
421 1255 773 1325 άμφέπουσιν
790 1257 840 1309 οἱ
872 1257 1028 1327 χοροὶ
1058 1256 1167 1311 τῶν
1198 1258 1471 1327 ἀγγέλων,

294 1347 400 1401 Ἤν
423 1348 793 1417 προσκυνοῦσι
830 1350 980 1402 πᾶσα
1002 1348 1154 1413 τάξις
1179 1349 1288 1403 τῶν
1315 1350 1450 1405 ἄνω.

288 1437 508 1507 Ταὺτην
533 1437 771 1508 ἀμοιϐὴν
801 1435 897 1491 τοῦ
930 1436 1098 1490 πόθου
1128 1438 1343 1491 καὶτοῦ
1375 1436 1534 1505 λόγου

288 1528 566 1599 Δάδοιμεν
596 1532 661 1583 ὲκ
693 1528 812 1591 σοῦ,
838 1529 937 1581 καὶ
964 1528 1025 1582 τὸ
1053 1528 1154 1599 τῆς
1192 1527 1352 1598 δόξης
1392 1530 1624 1599 στέφοςο

295 1623 421 1676 Κᾶν
452 1621 624 1675 ταῦτα
661 1620 911 1693 μεῖζονκῆ
938 1621 1062 1675 καθ’
1088 1622 1240 1691 ἡμᾶς
1270 1620 1515 1675 ἐλπίσαι.

301 1712 382 1768 Α⁹.
429 1715 555 1767 Ἐπὶ
606 1714 707 1783 τὴν
766 1714 997 1784 Μητέρα
1056 1712 1153 1767 τοῦ
1208 1713 1387 1783 Λόγου
1483 1717 1624 1785 μετὰ
1664 1717 1681 1748 ¹
1716 1716 1809 1771 τὸν

1069 414 1330 477 SERMO
1360 414 1445 476 IN
1477 415 1579 478 SS.
1620 413 1984 475 DEIPARE
2026 412 2594 473 DORMITIONEM.

1815 523 1859 580 Δ
1963 521 2104 591 Ergo
2136 532 2227 576 tua
2258 534 2485 592 dignare
2516 519 2718 574 donum
2754 518 2972 575 dextera
2992 559 3007 584 ,

3333 410 3465 480 lOTB

1974 613 2318 682 Sertoquete
2352 611 2611 667 decenter
2638 613 2755 683 ipsa
2789 612 3029 682 cingite;

1966 703 2109 771 Quin
2142 704 2385 771 muneri,
2414 701 2610 774 Virgo,
2666 717 2866 758 novum
2904 704 3085 775 prmbc
3127 703 3293 761 decus

1970 796 2110 850 Dum
2143 793 2419 850 destinata
2444 805 2496 850 te
2525 808 2730 850 corona
2762 796 3023 866 protegis.

1965 885 2185 957 Nosque
2209 900 2305 941 ore
2337 895 2569 953 tantum,
2603 885 2757 952 Diva,
2790 885 3113 956 plaudentes
3147 886 3245 942 tibi

1976 979 2057 1034 Tu
2092 994 2150 1034 re
2172 978 2415 1035 vicissim
2447 978 2532 1034 tae
2567 979 2809 1035 honores
2840 980 3073 1050 amplius
3100 997 3118 1045 ;

1976 1069 2041 1126 Et
2067 1087 2207 1142 quos
2234 1078 2342 1126 tua:
2371 1069 2489 1127 sedi
2524 1072 2612 1128 hic
2641 1071 2812 1127 habes
2841 1070 3174 1125 domesticos
3199 1112 3214 1135 ,

1977 1161 2044 1219 Et
2070 1164 2224 1219 alteri
2255 1178 2474 1219 sursum
2504 1164 2842 1233 propinquos
2874 1161 3104 1226 advoca,

1974 1255 2151 1323 Quam
2189 1255 2402 1312 caelites
2436 1255 2646 1311 circum
2676 1255 2993 1325 angelorum
3022 1259 3170 1307 stant
3201 1252 3352 1305 chori
3384 1290 3398 1313 ,

1978 1348 2152 1415 Quam
2187 1358 2387 1404 cuncta
2419 1348 2674 1404 certatim
2710 1346 2839 1400 colit
2867 1346 3050 1401 divum
3088 1344 3310 1399 cohors.

1984 1440 2098 1496 Hac
2126 1454 2227 1496 nos
2260 1442 2490 1507 amoris,
2514 1440 2713 1496 debitae
2748 1439 2851 1494 hac
2882 1439 3058 1493 laudis
3098 1440 3217 1493 vice

1985 1536 2089 1593 Per
2125 1546 2179 1593 te
2216 1534 2469 1591 fruamur
2497 1549 2623 1590 cum
2656 1549 2875 1590 corona:
2903 1533 3096 1606 gloria,

1936 1702 1939 1703 γ
1980 1629 2185 1701 Maiora
2216 1643 2534 1700 quanquam
2564 1627 2680 1682 hzec
2706 1636 2835 1683 sunt
2862 1627 2977 1697 spei
3009 1626 3229 1682 ﬁducia.

1982 1726 2036 1780 l.
2065 1722 2145 1779 Ad
2178 1723 2415 1778 Matrem
2445 1720 2610 1778 Verbi
2629 1720 2833 1784 oratio,
2853 1728 3143 1790 postquam
3163 1735 3286 1774 cum
3308 1718 3490 1774 Verbo

219 1810 419 1875 Λόγον.
446 1808 475 1860 ό
499 1807 680 1875 λόγος.
713 1806 819 1860 Τὸν
871 1806 980 1878 γὰρ
1036 1805 1277 1861 Βασιλέα
1332 1807 1687 1878 προπέμψας,
1738 1812 1807 1881 τῇ

1926 1821 2130 1869 versata
2161 1822 2247 1869 est
2273 1855 2287 1876 .
2321 1828 2382 1869 se
2412 1812 2705 1868 convertit.
2757 1809 3054 1882 Postquam
3098 1810 3241 1866 enim
3290 1809 3489 1878 Regem

224 1867 472 1953 Βασιλίδι
496 1867 1017 1969 προσυπαντᾷίάπὺ
1039 1898 1199 1969 δόξης
1226 1867 1389 1967 δόξαν
1420 1867 1689 1968 ἀμέίέωρ,
1713 1867 1809 1955 κοὶἱ

1926 1904 2169 1960 :omitata
2192 1912 2298 1967 est,
2328 1902 2553 1973 Reginae
2592 1916 2891 1957 occurrens
2918 1916 2948 1967 ,·
2973 1901 3200 1970 gloriam
3257 1899 3492 1954 alternat

224 1990 573 2061 μεταϐαίνων
630 1990 711 2052 είς
741 1987 974 2057 δύναμιν
1003 1989 1069 2041 ἐκ
1097 1987 1406 2059 δυνάμεως.
1446 1988 1637 2051 Οὑτως
1723 1990 1813 2043 lv-

223 2085 419 2153 τρυφᾷ
449 2083 516 2152 τῇ
552 2081 661 2135 τῶν
693 2080 873 2135 καλῶν
903 2079 1155 2153 εὐπορίᾳ,
1181 2083 1277 2135 καὶ
1334 2083 1588 2137 τοσοῦτον
1633 2082 1816 2155 χαίρει

228 2173 696 2245 φιλοτιμούμενος
728 2176 795 2244 τῇ
831 2174 1123 2244 περιουσίᾳ
1154 2173 1265 2227 τῶν
1298 2174 1634 2229 ὑποθέσεων.
1668 2222 1669 2227 η

302 2266 539 2337 Χριστὸς
568 2265 667 2335 μὲν
701 2266 853 2345 ἡμῖν,
885 2266 916 2333 ὴ
953 2264 1178 2319 πάντων
1235 2265 1400 2335 ἑορτὴ
1455 2267 1568 2321 τῶν
1600 2267 1817 2323 αίώνων

227 2360 246 2388 ι
289 2358 457 2428 ἑορτὴ
489 2359 509 2390 ι
539 2357 665 2427 χθὲς
697 2352 785 2429 ἦν,
816 2357 937 2413 ἀλλ’
965 2358 1153 2430 ἑορτὴ,
1179 2360 1484 2430 φωτισμδς,
1517 2361 1613 2415 κτι-ἱ
1661 2361 1815 2434 πηγὴ

228 2452 411 2519 φωτὸς
439 2447 630 2513 ἀϊδίου,
674 2449 767 2501 καὶ
797 2447 1073 2518 αὑτόφως.
1104 2449 1203 2501 Διὰ
1226 2448 1385 2502 τοῦτο
1411 2449 1508 2504 καὶ
1540 2449 1658 2518 φῶς
1678 2451 1812 2506 ἀνα-

229 2542 569 2612 δαλλόμενος
600 2541 675 2604 ὥς
705 2539 941 2612 ἱμάτιον,
985 2539 1087 2609 τὴν
1115 2539 1266 2610 αὑτῷ
1308 2540 1453 2594 κατὰ
1490 2539 1656 2610 φύσιν
1691 2541 1818 2595 ἀνα·

232 2635 422 2703 δολὴν,
456 2635 549 2688 καὶ
587 2633 664 2703 τῷ
696 2635 973 2705 προσώπῳ
994 2632 1220 2710 λάμψας
1251 2633 1327 2698 ὡς
1355 2634 1528 2704 ἥλιος,
1563 2634 1623 2700 ἐξ
1652 2635 1815 2705 ὅρους

234 2728 396 2793 ἁγίου
430 2728 552 2791 ταῖς
578 2729 889 2798 ἀστραπαῖς
931 2728 1079 2797 ἡμᾶς
1119 2726 1305 2791 ἔϐαλε,
1339 2726 1434 2780 καὶ
1466 2724 1566 2796 τὴν
1593 2726 1723 2778 θέαν
1753 2727 1815 2779 οὑ

236 2820 507 2887 φέροντας
535 2818 785 2888 παρῆλθε
809 2817 969 2888 ταχύ·
1004 2817 1207 2889 μᾶλλον
1240 2819 1297 2871 δὲ
1327 2817 1449 2887 μεθ’
1483 2817 1639 2890 ἡμῶν
1666 2820 1817 2872 ἐστιν

235 2910 326 2963 ἀεὶ
380 2913 523 2963 κατὰ
561 2911 660 2981 τὴν
719 2910 1041 2979 ὑπόσχεσιν,
1080 2910 1176 2964 καὶ
1224 2910 1435 2980 λάμπει
1499 2912 1615 2975 τοῖς
1646 2911 1819 2979 ἀξίοις

238 3002 330 3051 καὶ
361 3000 478 3065 νῦν,
516 3001 650 3055 άλλά
690 3001 827 3071 πρὸς
856 2998 1038 3069 άξίαν,
1075 3000 1171 3055 καὶ
1213 2999 1605 3071 μετριώτερον.

1910 1996 2082 2067 gloria
2106 2035 2123 2060 ,
2162 2004 2217 2051 et
2249 1995 2317 2050 de
2348 1994 2551 2049 virtute
2600 1994 2798 2047 transit
2840 1994 2897 2048 in
2938 1993 3219 2048 virtutem.
3250 1991 3402 2046 Adeo
3436 1993 3493 2047 in

1912 2088 2188 2143 bonorum
2241 2086 2533 2142 deiiciatur
2557 2086 2710 2155 copia
2742 2126 2757 2151 ,
2796 2093 2851 2140 et
2891 2085 2960 2140 de
2996 2084 3296 2139 thematum
3331 2083 3493 2137 uber-

1910 2187 2025 2235 tate
2065 2178 2201 2234 adeo
2243 2176 2346 2233 sibi
2380 2177 2604 2247 placens
2645 2177 2969 2231 eollaztatur.

1987 2272 2055 2325 Et
2093 2270 2381 2339 superiore
2412 2268 2634 2337 quidem
2668 2267 2809 2323 testo
2838 2266 2913 2339 (2)
2945 2264 3307 2322 celebrandas
3338 2264 3496 2318 nobis

1916 2362 2325 2434 proponebatur
2375 2359 2633 2416 Christus
2664 2401 2679 2426 ,
2731 2360 2823 2431 qui
2877 2359 3204 2414 sazeulorum
3253 2357 3494 2411 omnium

1916 2456 2116 2510 festum
2148 2461 2256 2522 est,
2289 2452 2385 2509 sed
2420 2453 2617 2509 festum
2644 2452 2736 2524 qui
2766 2458 2819 2508 et
2852 2449 3176 2507 illuminatio
3231 2448 3335 2514 sit,
3390 2447 3497 2500 imo

1915 2547 2042 2602 fons
2065 2546 2207 2601 lucis
2242 2555 2480 2609 aeternae,
2505 2554 2670 2615 atque
2700 2545 2818 2614 ipsa
2851 2558 2947 2613 per
2975 2556 3033 2597 se
3063 2541 3177 2596 lux.
3200 2538 3497 2606 Propterea

1913 2647 1965 2691 et
2008 2636 2234 2689 amictus
2280 2634 2478 2690 lumine
2529 2634 2661 2690 sicut
2713 2635 3013 2689 vestimento
3062 2643 3088 2672 ι
3118 2673 3131 2696 ,
3176 2630 3502 2684 vestimento

1925 2729 2173 2797 inquam,
2204 2730 2350 2797 quod
2386 2728 2501 2797 ipse
2536 2742 2600 2781 ex
2633 2734 2829 2781 natura
2862 2740 2961 2782 sua
3003 2723 3222 2786 induit,
3263 2729 3315 2776 et
3366 2719 3503 2790 [acie

1926 2818 2257 2888 resplendens
2317 2820 2453 2872 sicut
2515 2817 2597 2874 so!
2656 2818 2709 2883 ιι,
2772 2815 3023 2886 lulgetris
3089 2814 3205 2869 suis
3250 2830 3277 2867 ε
3321 2819 3504 2866 sancto

1927 2918 2101 2965 monte
2140 2921 2163 2950 ο
2197 2925 2298 2966 nos
2325 2910 2645 2980 ejaeulavit,
2678 2923 2739 2963 ac
2767 2910 2878 2963 cito
2910 2922 3018 2962 non
3053 2901 3289 2962 ferentes
3317 2904 3500 2972 Splen-

1929 3006 2120 3060 dorem
2150 3003 2335 3058 vultus
2373 3002 2495 3072 eius
2527 3000 2845 3071 pertranSiit
2878 2999 2903 3039 δ
2934 3040 2950 3067 ,
2990 3014 3087 3056 seu
3116 2998 3313 3053 melius
3341 2996 3504 3050 dixe-

239 3096 361 3162 rim,
390 3110 606 3164 semper
626 3093 909 3149 nobiscum
935 3102 1022 3149 est
1049 3095 1350 3149 secundum
1381 3092 1806 3163 promissionem
1867 3110 2048 3163 suam,
2072 3106 2126 3152 et
2152 3112 2301 3152 nunc
2336 3109 2555 3168 quoque
2583 3108 2797 3161 eorum,
2861 3093 2952 3164 qui
3020 3091 3169 3163 digni
3220 3090 3354 3157 sint,
3406 3104 3507 3161 pro

237 3187 505 3256 cujusque
532 3193 713 3240 tamen
739 3185 946 3242 meritis
976 3192 1032 3241 et
1066 3200 1173 3253 qua
1206 3182 1334 3239 ferri
1367 3185 1544 3254 possit
1575 3186 1813 3251 ratione,
1854 3190 2028 3245 oculis
2058 3188 2393 3260 resplendet.

313 3277 387 3331 B'.
433 3276 495 3330 'H
522 3276 762 3347 σήμερον
786 3276 841 3329 δὲ
878 3278 979 3345 τὴν
1022 3277 1263 3345 Χριστοῦ
1318 3276 1549 3347 Μητέρα
1580 3278 1818 3331 ποιεῖται

1995 3280 2062 3336 11.
2124 3281 2397 3337 Hodierna
2441 3296 2570 3337 vero
2615 3280 2735 3338 dies
2789 3278 3019 3336 solemni
3069 3279 3216 3333 cultu
3270 3277 3509 3331 celebrat

249 3370 574 3440 μυστήριον,
613 3369 677 3421 ὲκ
729 3368 969 3437 μεγάλου
1012 3385 1073 3421 τε
1106 3369 1274 3438 μέγα,
1312 3371 1408 3423 καὶ
1463 3369 1721 3439 λαμπρὸν
1756 3371 1822 3423 ἐκ

243 3459 527 3530 λαμπροῦ,
581 3460 676 3514 καὶ
730 3461 1034 3530 προφθάνει
1108 3461 1450 3532 φαιδρότητα
1522 3461 1824 3532 φαιδρότης

240 3551 551 3623 δημοτελὴς
572 3552 669 3605 καὶ
693 3551 925 3621 μεγίστη
953 3553 1262 3623 πανήγυρις
1299 3554 1637 3624 τηλικαύτην
1664 3570 1828 3607 κατα-

240 3646 532 3716 λαμϐάνει.
594 3643 751 3698 Οὑτω
784 3643 959 3699 πάντα
998 3645 1205 3715 τρόπον
1262 3645 1397 3715 ἡμῖν
1445 3644 1828 3715 άγαθυνοὺσης

243 3739 344 3805 τῆς
398 3736 759 3806 άγαθότητος,
822 3735 919 3789 καὶ
964 3736 1128 3806 χάριν
1157 3734 1413 3805 διδούσης
1442 3735 1583 3789 κατά
1636 3736 1831 3807 καιρὸν

244 3830 372 3881 ἀντὶ
424 3828 670 3898 χάριτος.
740 3823 865 3881 Οἵδε
924 3826 1033 3897 γὰρ
1066 3828 1099 3893 ὴ
1148 3826 1311 3895 σοφία
1367 3826 1827 3897 παραμυθεῖσθαι

247 3919 428 3986 σοφῶς
456 3918 517 3970 τὸ
547 3919 645 3986 τῆς
666 3916 1015 3989 ἀνθρωπίνης
1039 3916 1328 3981 ἀσθενείας
1355 3917 1620 3987 ἁψίκορον
1656 3918 1703 3983 ⁵,
1728 3918 1821 3982 ἶν’,

246 4010 441 4078 ὥσπερ
465 4008 746 4062 κακόσιτοι
791 4009 831 4073 ’,
874 4007 953 4079 τῷ
988 4007 1276 4063 πολυτελεῖ
1306 4009 1398 4062 καὶ
1431 4006 1661 4080 ποικίλῳ
1723 4007 1833 4061 τῶν

248 4100 634 4170 προκειμένων
663 4099 1031 4171 άνακτὼμεθα
1053 4099 1150 4169 τὴν
1175 4100 1358 4170 ὄρεξιν
1377 4100 1716 4171 κάμνουσαν,
1741 4098 1833 4152 καὶ

246 4193 371 4252 ταῖς
431 4192 767 4261 προθυμίαις
820 4190 1196 4262 ἀκμάζοντες,
1268 4190 1459 4254 ὁσάκις
1502 4193 1523 4223 ⁸
1578 4190 1648 4244 ἂν
1697 4190 1831 4257 δέοι,

251 4283 396 4351 πρὸς
432 4283 533 4355 τὴν
559 4284 669 4337 τῶν
697 4282 990 4353 χρησίμων
1024 4281 1361 4354 ἀπαντῶμεν
1386 4282 1716 4341 ἀπόλαυσιν.

1923 3375 2217 3431 Geuitricis
2244 3374 2449 3430 Christi
2483 3372 2826 3447 mysterium.
2864 3385 3124 3442 magnum
3152 3369 3340 3438 utique
3381 3375 3505 3438 post

1924 3480 2179 3539 magnum
2213 3482 2276 3524 ac
2312 3467 2659 3538 splendidum
2703 3474 2826 3536 post
2859 3463 3210 3536 splendidum
3234 3501 3249 3525 ,
3295 3468 3347 3515 et
3376 3462 3510 3515 Ιίειί-

1924 3559 2001 3615 tia
2038 3575 2380 3616 communem
2422 3559 2665 3613 omnium
2690 3557 2936 3613 laetitiam
2964 3564 3294 3627 prmeuntem
3321 3555 3506 3616 habet,

1927 3666 1991 3706 ac
2023 3653 2255 3706 maxima
2287 3650 2607 3707 solemnitas
2638 3650 2934 3704 maximam
2994 3647 3197 3720 exeipit
3247 3647 3505 3702 solemni-

1935 3753 2125 3799 tatem.
2184 3743 2275 3799 Sic
2328 3757 2525 3814 nempe
2589 3742 2767 3798 modis
2816 3742 3070 3798 omnibus
3118 3741 3335 3795 bonitas
3392 3740 3507 3808 ipsa

1935 3833 2217 3889 beneﬂciis
2247 3849 2347 3889 nos
2375 3834 2660 3898 cumulat,
2686 3842 2738 3887 et
2785 3833 3010 3904 gratiam
3071 3833 3255 3902 gratim
3308 3843 3509 3899 oppor-

1930 3933 2060 3978 tune
2090 3924 2359 3995 adjungit.
2389 3922 2548 3979 Novit
2582 3924 2727 3977 enim
2766 3920 2994 3995 (divina)
3032 3922 3309 3991 Sapientia
3356 3920 3509 3973 inﬁr-

1932 4015 2140 4071 mitatis
2175 4018 2426 4071 humanae
2454 4014 2788 4071 desiderium
2825 4013 2892 4069 ad
2949 4012 3228 4068 fastidium
3271 4009 3508 4080 proclive

1930 4102 2160 4170 provide
2195 4101 2456 4171 reﬁcere;
2501 4112 2560 4156 ut
2603 4118 2713 4157 non
2745 4116 2905 4157 secus
2954 4117 3018 4157 ac
3085 4101 3178 4171 qui
3228 4099 3515 4155 stomacho

1931 4192 2234 4261 laborant,
2300 4194 2593 4267 exquisitis
2642 4194 2924 4264 variisque
2980 4192 3158 4263 epulis
3210 4189 3509 4261 propositis

1931 4283 2316 4355 elanguentcm
2352 4302 2547 4343 rursus
2584 4288 2891 4343 excitemus
2940 4286 3301 4357 appetentiam
3332 4323 3347 4349 ,
3375 4283 3519 4337 desi-

250 4374 517 4443 derioque
556 4375 763 4430 alacres
793 4373 993 4443 ell‘ecti,
1020 4378 1089 4431 ad
1122 4390 1185 4431 ea
1218 4390 1342 4447 qua:
1370 4374 1529 4431 nobis
1560 4375 1823 4445 prodesse
1862 4387 2093 4448 queant,
2122 4380 2489 4451 degustanda,
2526 4381 2745 4453 quoties
2774 4380 3160 4451 opportunitas
3230 4393 3289 4435 se
3358 4376 3519 4434 nobis

250 4468 462 4528 olTerat.
498 4482 867 4524 occurramus.

326 4560 399 4612 I".
450 4558 613 4611 Ἀλλά
640 4575 711 4629 με
761 4557 1099 4628 θερμότερον
1131 4557 1275 4611 κινεῖ
1332 4559 1399 4610 τά
1441 4558 1707 4628 παρόντα,
1737 4557 1823 4611 καὶ

2010 4553 2097 4610 111.
2140 4552 2343 4610 Verum
2377 4570 2497 4625 qua:
2524 4570 2670 4610 nunc
2703 4562 2965 4626 geruntur
2986 4594 3002 4620 ,
3056 4556 3516 4610 venementiorcm

255 4652 451 4720 φέρειν
478 4649 715 4720 μετρίως
742 4650 845 4702 οὑκ
871 4648 981 4719 ἔχω
1001 4649 1097 4718 τὴν
1112 4648 1329 4718 ἡδονὴν,
1354 4649 1449 4702 καὶ
1474 4647 1624 4717 ζητῶ
1648 4650 1837 4720 φωνὴν

254 4742 417 4807 ἀξίαν
445 4740 539 4794 τοῦ
574 4739 886 4809 θαύματος-
946 4740 1227 4810 Βοὴσομαι
1279 4739 1462 4794 τοίνυν
1492 4740 1749 4811 λαμπρόν
1777 4759 1833 4793 τι

257 4837 351 4887 καὶ
388 4834 711 4905 διαπρύσιον
738 4834 783 4895 ν,
812 4835 905 4911 καὶ
934 4832 1034 4904 τῆς
1073 4833 1288 4904 ἡμέρας
1320 4832 1421 4905 τὴν
1447 4834 1611 4905 χάριν
1642 4834 1834 4906 ὑψηλῷ

258 4926 483 4998 κηρύξω
515 4926 537 4958 ⁸
568 4924 909 4996 κηρύγματι.

339 5208 365 5237 ι
391 5194 536 5252 Psal.
568 5211 681 5260 cm,
709 5194 764 5250 2.
842 5195 871 5236 δ
904 5192 1097 5251 Matth.
1137 5201 1270 5258 ινιι,
1305 5193 1362 5248 ‘2.

1938 4648 1994 4701 in
2023 4662 2108 4703 me
2136 4645 2391 4703 aﬂ‘ectum
2423 4647 2753 4711 accendunt,
2785 4661 2885 4702 nec
2919 4645 3078 4701 facile
3121 4645 3517 4700 exuberantem

1937 4737 2080 4794 ferre
2120 4739 2517 4808 jucunditatem
2547 4753 2794 4808 possum,
2819 4744 2873 4792 ct
2895 4737 3086 4801 verba,
3117 4750 3239 4806 qua:
3256 4736 3521 4790 miraculo

1936 4828 2325 4897 respondeant,
2362 4844 2446 4883 me
2474 4827 2759 4883 deﬁciunt.
2789 4826 3078 4896 Quidpiam
3121 4827 3290 4896 igitur
3333 4826 3521 4896 splen-

1938 4920 2121 4989 pidum
2168 4929 2331 4987 atque
2394 4917 2714 4988 praeclarum
2748 4916 3078 4984 inelamabo,
3120 4926 3174 4971 et
3204 4916 3365 4985 hujus
3416 4917 3520 4971 diei

1937 5008 2167 5080 gratiam
2221 5008 2440 5064 sublimi
2476 5008 2750 5070 praeconio
2773 5006 3015 5063 eﬂeram.

1441 5205 1462 5232 ε
1499 5192 1540 5246 ll
1566 5191 1716 5248 Petr.
1741 5208 1783 5258 ι,
1823 5192 1912 5247 l8.
1986 5192 2013 5232 τι
2051 5192 2226 5249 Exod.
2279 5208 2480 5257 XXXIII,
2513 5191 2608 5246 2:2.

1578 5326 1782 5389 Varia!
1833 5326 2165 5390 lectiones.

336 5473 627 5529 ‘Menclose
659 5474 799 5536 apud
836 5474 1146 5531 Fabricium
1184 5475 1456 5543 (Biblioth.
1488 5472 1661 5531 Gra'c.
1704 5481 1745 5527 t.
1771 5474 1815 5528 Χ

336 5552 391 5596 ιι.
430 5544 601 5597 addit.
630 5545 745 5599 καί.
851 5547 873 5576 ⁵
897 5546 1033 5600 Cod.
1069 5556 1251 5603 utern.
1285 5546 1571 5603 ἁψίκορον.
1680 5546 1701 5576 ⁸
1735 5545 1823 5601 (ἔοι

1926 5519 1930 5530 .
1968 5478 2095 5548 9.35)
2122 5478 2263 5532 κατά
2311 5479 2399 5531 τὸν
2438 5472 2652 5547 λόγον.⁵

1926 5547 2085 5603 Laur.
2123 5548 2444 5603 κακώσιτοι.
2556 5548 2577 5579 ⁶
2606 5548 2652 5602 0

264 5543 391 5615 Fat.
430 5544 601 5615 addit.
630 5545 745 5599 καί.
851 5547 873 5576 ⁵
897 5546 1033 5600 Cod.
1069 5556 1251 5614 uterq.
1285 5546 1571 5615 ἁψίκορον.

264 5613 435 5668 inur.
460 5614 805 5685 διαπύρσιον.
881 5615 903 5647 ⁸
936 5615 1102 5670 Laur.
1134 5613 1413 5687 κηρύξων.

3347 5475 3369 5505 ⁸
3386 5474 3520 5527 Cod.

3343 5546 3359 5575 ⁷
3385 5543 3523 5598 Cud.

2727 5479 2747 5507 '
2779 5475 2946 5530 Laur.
2980 5474 3236 5529 αἰωνίων.

2556 5548 2577 5579 ⁶
2606 5545 2742 5602 Cod.
2787 5546 2951 5601 Laur.
3016 5546 3244 5608 ὠσάγις.

1762 5735 1967 5800 Noun.

340 5825 657 5909 (2)_lndicat
690 5842 878 5885 anetor
915 5829 1702 5904 solemne'l'ransliguratienis
1739 5834 2035 5894 Dominica:
2065 5836 2288 5904 festum,
2368 5835 2511 5909 quod
2586 5835 2772 5906 paucis
2843 5844 2968 5891 ante
3050 5833 3242 5891 diebus
3288 5832 3530 5889 celcbta-

268 5904 385 5955 tum
419 5902 617 5954 fuerat.
