  <div class='ocr_page' id='page_1' title='image "/cluster/home/n/w/nwhite01/storage/ocr_20150623/120/nnc1.0046979972/535.png"; bbox 0 0 4190 6458; ppageno 0'>
   <div class='ocr_carea' id='block_1_1' title="bbox 741 392 869 453">
    <p class='ocr_par' dir='ltr' id='par_1_1' title="bbox 741 392 869 453">
     <span class='ocr_line' id='line_1_1' title="bbox 741 392 869 453; baseline 0.031 -4"><span class='ocrx_word' id='word_1_1' title='bbox 741 392 869 453; x_wconf 63' lang='grc' dir='ltr'><strong>ἰτθ</strong></span> 
     </span>
    </p>
   </div>
   <div class='ocr_carea' id='block_1_2' title="bbox 1917 391 2846 454">
    <p class='ocr_par' dir='ltr' id='par_1_2' title="bbox 1917 391 2846 454">
     <span class='ocr_line' id='line_1_2' title="bbox 1917 391 2846 454; baseline -0.005 0"><span class='ocrx_word' id='word_1_2' title='bbox 1917 392 2235 454; x_wconf 68' lang='grc' dir='ltr'><strong>ΙΟΑΝΝΙΞ</strong></span> <span class='ocrx_word' id='word_1_3' title='bbox 2276 391 2846 451; x_wconf 65' lang='lat' dir='ltr'><strong>EUCHAITENSIS</strong></span> 
     </span>
    </p>
   </div>
   <div class='ocr_carea' id='block_1_3' title="bbox 3849 384 3979 458">
    <p class='ocr_par' dir='ltr' id='par_1_3' title="bbox 3849 384 3979 458">
     <span class='ocr_line' id='line_1_3' title="bbox 3849 384 3979 458; baseline -0.023 -11"><span class='ocrx_word' id='word_1_4' title='bbox 3849 384 3868 447; x_wconf 84' lang='grc'>1</span> <span class='ocrx_word' id='word_1_5' title='bbox 3879 385 3979 458; x_wconf 79' lang='lat'><strong>080</strong></span> 
     </span>
    </p>
   </div>
   <div class='ocr_carea' id='block_1_4' title="bbox 803 502 2309 572">
    <p class='ocr_par' dir='ltr' id='par_1_4' title="bbox 803 502 2302 560">
     <span class='ocr_line' id='line_1_4' title="bbox 803 502 2302 560; baseline 0.002 -6"><span class='ocrx_word' id='word_1_6' title='bbox 803 505 932 554; x_wconf 59' lang='grc' dir='ltr'><strong>(ἐι-ιιῖ</strong></span> <span class='ocrx_word' id='word_1_7' title='bbox 968 503 1092 557; x_wconf 79' lang='lat' dir='ltr'><strong>rieis</strong></span> <span class='ocrx_word' id='word_1_8' title='bbox 1126 502 1216 555; x_wconf 68' lang='grc' dir='ltr'><strong>1)νί</strong></span> <span class='ocrx_word' id='word_1_9' title='bbox 1253 505 1510 557; x_wconf 52' lang='lat' dir='ltr'><strong>hodierna</strong></span> <span class='ocrx_word' id='word_1_10' title='bbox 1547 505 1630 556; x_wconf 72' lang='lat' dir='ltr'><strong>die</strong></span> <span class='ocrx_word' id='word_1_11' title='bbox 1695 504 2038 560; x_wconf 82' lang='lat' dir='ltr'><strong>celebramus</strong></span> <span class='ocrx_word' id='word_1_12' title='bbox 2093 504 2302 557; x_wconf 84' lang='lat' dir='ltr'><strong>Dormi-</strong></span> 
     </span>
    </p>
   </div>
   <div class='ocr_carea' id='block_1_5' title="bbox 2411 502 3975 572">
    <p class='ocr_par' dir='ltr' id='par_1_5' title="bbox 2477 503 3975 572">
     <span class='ocr_line' id='line_1_5' title="bbox 2477 503 3975 572; baseline 0.001 -18"><span class='ocrx_word' id='word_1_13' title='bbox 2477 504 2696 572; x_wconf 75' lang='grc' dir='ltr'>Μητρὸς</span> <span class='ocrx_word' id='word_1_14' title='bbox 2723 503 2856 556; x_wconf 82' lang='grc' dir='ltr'><strong>Θεοῦ</strong></span> <span class='ocrx_word' id='word_1_15' title='bbox 2885 503 3143 572; x_wconf 82' lang='grc' dir='ltr'>κοίμησιν</span> <span class='ocrx_word' id='word_1_16' title='bbox 3187 503 3522 572; x_wconf 73' lang='grc' dir='ltr'><strong>ἑορτάζομεν</strong></span> <span class='ocrx_word' id='word_1_17' title='bbox 3559 504 3826 571; x_wconf 79' lang='grc' dir='ltr'><strong>σήμερον,</strong></span> <span class='ocrx_word' id='word_1_18' title='bbox 3859 506 3975 572; x_wconf 77' lang='grc' dir='ltr'><strong>Μη-</strong></span> 
     </span>
    </p>
   </div>
   <div class='ocr_carea' id='block_1_6' title="bbox 734 593 2295 664">
    <p class='ocr_par' dir='ltr' id='par_1_6' title="bbox 734 593 2295 664">
     <span class='ocr_line' id='line_1_6' title="bbox 734 593 2295 664; baseline 0.006 -22"><span class='ocrx_word' id='word_1_19' title='bbox 734 595 955 656; x_wconf 69' lang='grc' dir='ltr'><strong>ζίίιιιθιιι,</strong></span> <span class='ocrx_word' id='word_1_20' title='bbox 997 593 1286 648; x_wconf 73' lang='lat' dir='ltr'><strong>Genitricis</strong></span> <span class='ocrx_word' id='word_1_21' title='bbox 1320 595 1410 648; x_wconf 85' lang='lat' dir='ltr'><strong>Dei</strong></span> <span class='ocrx_word' id='word_1_22' title='bbox 1439 595 1856 664; x_wconf 69' lang='lat' dir='ltr'><strong>dt=positi0ttettt,</strong></span> <span class='ocrx_word' id='word_1_23' title='bbox 1885 597 2178 653; x_wconf 86' lang='lat' dir='ltr'><strong>Genitricis</strong></span> <span class='ocrx_word' id='word_1_24' title='bbox 2201 597 2295 652; x_wconf 84' lang='lat' dir='ltr'><strong>Dei</strong></span> 
     </span>
    </p>
   </div>
   <div class='ocr_carea' id='block_1_7' title="bbox 734 686 2296 756">
    <p class='ocr_par' dir='ltr' id='par_1_7' title="bbox 734 686 2296 756">
     <span class='ocr_line' id='line_1_7' title="bbox 734 686 2296 756; baseline 0.004 -24"><span class='ocrx_word' id='word_1_25' title='bbox 734 686 1223 748; x_wconf 63' lang='lat' dir='ltr'><strong>re&lt;urrectioucm,</strong></span> <span class='ocrx_word' id='word_1_26' title='bbox 1270 687 1646 739; x_wconf 90' lang='lat' dir='ltr'><strong>ascensionem</strong></span> <span class='ocrx_word' id='word_1_27' title='bbox 1703 689 1816 756; x_wconf 77' lang='lat'><strong>(5),</strong></span> <span class='ocrx_word' id='word_1_28' title='bbox 1873 688 2296 752; x_wconf 77' lang='lat' dir='ltr'><strong>exaltationem;</strong></span> 
     </span>
    </p>
   </div>
   <div class='ocr_carea' id='block_1_8' title="bbox 731 775 2296 847">
    <p class='ocr_par' dir='ltr' id='par_1_8' title="bbox 731 775 2296 847">
     <span class='ocr_line' id='line_1_8' title="bbox 731 775 2296 847; baseline 0.004 -22"><span class='ocrx_word' id='word_1_29' title='bbox 731 791 790 825; x_wconf 80' lang='lat' dir='ltr'><strong>ac</strong></span> <span class='ocrx_word' id='word_1_30' title='bbox 826 775 1093 828; x_wconf 88' lang='lat' dir='ltr'><strong>miraculo</strong></span> <span class='ocrx_word' id='word_1_31' title='bbox 1125 776 1360 842; x_wconf 86' lang='lat' dir='ltr'><strong>accedit,</strong></span> <span class='ocrx_word' id='word_1_32' title='bbox 1395 778 1538 845; x_wconf 87' lang='lat' dir='ltr'><strong>quod</strong></span> <span class='ocrx_word' id='word_1_33' title='bbox 1573 788 1620 832; x_wconf 90' lang='lat' dir='ltr'><strong>et</strong></span> <span class='ocrx_word' id='word_1_34' title='bbox 1654 777 1786 832; x_wconf 84' lang='lat' dir='ltr'><strong>Filia</strong></span> <span class='ocrx_word' id='word_1_35' title='bbox 1835 779 1905 832; x_wconf 87' lang='lat' dir='ltr'><strong>sit</strong></span> <span class='ocrx_word' id='word_1_36' title='bbox 1954 794 2072 847; x_wconf 79' lang='lat' dir='ltr'><strong>quze</strong></span> <span class='ocrx_word' id='word_1_37' title='bbox 2105 779 2296 842; x_wconf 78' lang='lat' dir='ltr'><strong>Mater,</strong></span> 
     </span>
    </p>
   </div>
   <div class='ocr_carea' id='block_1_9' title="bbox 730 868 2300 939">
    <p class='ocr_par' dir='ltr' id='par_1_9' title="bbox 730 868 2300 939">
     <span class='ocr_line' id='line_1_9' title="bbox 730 868 2300 939; baseline 0.004 -22"><span class='ocrx_word' id='word_1_38' title='bbox 730 879 783 917; x_wconf 81' lang='lat' dir='ltr'><strong>et</strong></span> <span class='ocrx_word' id='word_1_39' title='bbox 813 868 954 934; x_wconf 83' lang='lat' dir='ltr'><strong>quod</strong></span> <span class='ocrx_word' id='word_1_40' title='bbox 995 869 1216 936; x_wconf 91' lang='lat' dir='ltr'><strong>insuper</strong></span> <span class='ocrx_word' id='word_1_41' title='bbox 1248 870 1481 938; x_wconf 79' lang='lat' dir='ltr'><strong>Sponsa,</strong></span> <span class='ocrx_word' id='word_1_42' title='bbox 1518 886 1578 924; x_wconf 90' lang='lat' dir='ltr'><strong>ac</strong></span> <span class='ocrx_word' id='word_1_43' title='bbox 1605 886 1796 925; x_wconf 87' lang='lat' dir='ltr'><strong>rursus</strong></span> <span class='ocrx_word' id='word_1_44' title='bbox 1847 870 1992 939; x_wconf 91' lang='lat' dir='ltr'><strong>quod</strong></span> <span class='ocrx_word' id='word_1_45' title='bbox 2029 871 2194 939; x_wconf 81' lang='lat' dir='ltr'><strong>Virgo</strong></span> <span class='ocrx_word' id='word_1_46' title='bbox 2229 872 2300 924; x_wconf 92' lang='lat' dir='ltr'><strong>sit</strong></span> 
     </span>
    </p>
   </div>
   <div class='ocr_carea' id='block_1_10' title="bbox 732 958 2303 1031">
    <p class='ocr_par' dir='ltr' id='par_1_10' title="bbox 732 958 2303 1031">
     <span class='ocr_line' id='line_1_10' title="bbox 732 958 2303 1031; baseline 0.008 -26"><span class='ocrx_word' id='word_1_47' title='bbox 732 974 847 1023; x_wconf 70' lang='lat' dir='ltr'><strong>qum</strong></span> <span class='ocrx_word' id='word_1_48' title='bbox 881 958 1089 1024; x_wconf 69' lang='lat' dir='ltr'><strong>Sponsa</strong></span> <span class='ocrx_word' id='word_1_49' title='bbox 1120 969 1224 1025; x_wconf 86' lang='lat' dir='ltr'><strong>est,</strong></span> <span class='ocrx_word' id='word_1_50' title='bbox 1259 971 1421 1028; x_wconf 88' lang='lat' dir='ltr'><strong>atque</strong></span> <span class='ocrx_word' id='word_1_51' title='bbox 1450 977 1545 1030; x_wconf 90' lang='lat' dir='ltr'><strong>per</strong></span> <span class='ocrx_word' id='word_1_52' title='bbox 1572 963 1751 1015; x_wconf 86' lang='lat' dir='ltr'><strong>omnia</strong></span> <span class='ocrx_word' id='word_1_53' title='bbox 1794 961 1999 1031; x_wconf 76' lang='lat' dir='ltr'><strong>Regina</strong></span> <span class='ocrx_word' id='word_1_54' title='bbox 2033 1001 2047 1024; x_wconf 95' lang='lat'><strong>,</strong></span> <span class='ocrx_word' id='word_1_55' title='bbox 2078 971 2133 1015; x_wconf 92' lang='lat' dir='ltr'><strong>et</strong></span> <span class='ocrx_word' id='word_1_56' title='bbox 2177 972 2303 1017; x_wconf 87' lang='lat' dir='ltr'><strong>ante</strong></span> 
     </span>
    </p>
   </div>
   <div class='ocr_carea' id='block_1_11' title="bbox 732 1048 2300 1116">
    <p class='ocr_par' dir='ltr' id='par_1_11' title="bbox 732 1048 2300 1116">
     <span class='ocr_line' id='line_1_11' title="bbox 732 1048 2300 1116; baseline 0.003 -18"><span class='ocrx_word' id='word_1_57' title='bbox 732 1062 913 1100; x_wconf 71' lang='lat' dir='ltr'><strong>omnia</strong></span> <span class='ocrx_word' id='word_1_58' title='bbox 950 1048 1192 1112; x_wconf 78' lang='lat' dir='ltr'><strong>Ancilla,</strong></span> <span class='ocrx_word' id='word_1_59' title='bbox 1233 1048 1652 1116; x_wconf 87' lang='lat' dir='ltr'><strong>divinorumque</strong></span> <span class='ocrx_word' id='word_1_60' title='bbox 1701 1049 2092 1104; x_wconf 73' lang='lat' dir='ltr'><strong>charismatum</strong></span> <span class='ocrx_word' id='word_1_61' title='bbox 2151 1049 2300 1103; x_wconf 78' lang='lat' dir='ltr'><strong>varia</strong></span> 
     </span>
    </p>
   </div>
   <div class='ocr_carea' id='block_1_12' title="bbox 732 1138 1676 1210">
    <p class='ocr_par' dir='ltr' id='par_1_12' title="bbox 732 1138 1676 1210">
     <span class='ocr_line' id='line_1_12' title="bbox 732 1138 1676 1210; baseline 0.007 -22"><span class='ocrx_word' id='word_1_62' title='bbox 732 1154 794 1190; x_wconf 76' lang='lat' dir='ltr'><strong>:te</strong></span> <span class='ocrx_word' id='word_1_63' title='bbox 819 1138 1233 1210; x_wconf 70' lang='lat' dir='ltr'><strong>praeclarissima</strong></span> <span class='ocrx_word' id='word_1_64' title='bbox 1265 1140 1546 1210; x_wconf 76' lang='lat' dir='ltr'><strong>p&#39;enitudo</strong></span> <span class='ocrx_word' id='word_1_65' title='bbox 1579 1142 1676 1210; x_wconf 67' lang='lat'><strong>(4).</strong></span> 
     </span>
    </p>
   </div>
   <div class='ocr_carea' id='block_1_13' title="bbox 804 1229 2304 1300">
    <p class='ocr_par' dir='ltr' id='par_1_13' title="bbox 804 1229 2304 1300">
     <span class='ocr_line' id='line_1_13' title="bbox 804 1229 2304 1300; baseline 0.005 -19"><span class='ocrx_word' id='word_1_66' title='bbox 804 1229 890 1283; x_wconf 82' lang='lat' dir='ltr'><strong>IV.</strong></span> <span class='ocrx_word' id='word_1_67' title='bbox 925 1230 1099 1300; x_wconf 82' lang='lat' dir='ltr'><strong>Hujus</strong></span> <span class='ocrx_word' id='word_1_68' title='bbox 1133 1248 1278 1286; x_wconf 89' lang='lat' dir='ltr'><strong>nunc</strong></span> <span class='ocrx_word' id='word_1_69' title='bbox 1304 1235 1410 1287; x_wconf 85' lang='lat' dir='ltr'><strong>vita</strong></span> <span class='ocrx_word' id='word_1_70' title='bbox 1443 1234 1511 1287; x_wconf 88' lang='lat' dir='ltr'><strong>ab</strong></span> <span class='ocrx_word' id='word_1_71' title='bbox 1544 1235 1645 1288; x_wconf 89' lang='lat' dir='ltr'><strong>hac</strong></span> <span class='ocrx_word' id='word_1_72' title='bbox 1671 1245 1812 1287; x_wconf 85' lang='lat' dir='ltr'><strong>terra</strong></span> <span class='ocrx_word' id='word_1_73' title='bbox 1844 1249 2064 1289; x_wconf 82' lang='lat' dir='ltr'><strong>sursum</strong></span> <span class='ocrx_word' id='word_1_74' title='bbox 2119 1235 2304 1290; x_wconf 87' lang='lat' dir='ltr'><strong>evehi—</strong></span> 
     </span>
    </p>
   </div>
   <div class='ocr_carea' id='block_1_14' title="bbox 734 1322 2306 1394">
    <p class='ocr_par' dir='ltr' id='par_1_14' title="bbox 734 1322 2306 1394">
     <span class='ocr_line' id='line_1_14' title="bbox 734 1322 2306 1394; baseline 0.006 -23"><span class='ocrx_word' id='word_1_75' title='bbox 734 1329 858 1382; x_wconf 87' lang='lat' dir='ltr'><strong>tur;</strong></span> <span class='ocrx_word' id='word_1_76' title='bbox 894 1335 957 1373; x_wconf 88' lang='lat' dir='ltr'><strong>ac</strong></span> <span class='ocrx_word' id='word_1_77' title='bbox 987 1322 1180 1376; x_wconf 77' lang='lat' dir='ltr'><strong>coelum</strong></span> <span class='ocrx_word' id='word_1_78' title='bbox 1236 1338 1427 1378; x_wconf 86' lang='lat' dir='ltr'><strong>versus</strong></span> <span class='ocrx_word' id='word_1_79' title='bbox 1463 1339 1523 1379; x_wconf 92' lang='lat' dir='ltr'><strong>ea</strong></span> <span class='ocrx_word' id='word_1_80' title='bbox 1558 1325 1823 1378; x_wconf 89' lang='lat' dir='ltr'><strong>attollitur</strong></span> <span class='ocrx_word' id='word_1_81' title='bbox 1847 1363 1861 1389; x_wconf 94' lang='lat'><strong>,</strong></span> <span class='ocrx_word' id='word_1_82' title='bbox 1898 1342 2020 1394; x_wconf 67' lang='lat' dir='ltr'><strong>qua:</strong></span> <span class='ocrx_word' id='word_1_83' title='bbox 2076 1334 2162 1381; x_wconf 89' lang='lat' dir='ltr'><strong>est</strong></span> <span class='ocrx_word' id='word_1_84' title='bbox 2191 1342 2306 1380; x_wconf 79' lang='lat' dir='ltr'><strong>cte-</strong></span> 
     </span>
    </p>
   </div>
   <div class='ocr_carea' id='block_1_15' title="bbox 740 1413 2304 1486">
    <p class='ocr_par' dir='ltr' id='par_1_15' title="bbox 740 1413 2304 1486">
     <span class='ocr_line' id='line_1_15' title="bbox 740 1413 2304 1486; baseline 0.005 -24"><span class='ocrx_word' id='word_1_85' title='bbox 740 1414 916 1464; x_wconf 91' lang='lat' dir='ltr'><strong>lorum</strong></span> <span class='ocrx_word' id='word_1_86' title='bbox 953 1413 1303 1482; x_wconf 77' lang='lat' dir='ltr'><strong>mysterium,</strong></span> <span class='ocrx_word' id='word_1_87' title='bbox 1364 1425 1555 1486; x_wconf 83' lang='lat' dir='ltr'><strong>stupor</strong></span> <span class='ocrx_word' id='word_1_88' title='bbox 1605 1419 1920 1486; x_wconf 79' lang='lat' dir='ltr'><strong>angelorum</strong></span> <span class='ocrx_word' id='word_1_89' title='bbox 1955 1458 1970 1480; x_wconf 92' lang='lat'><strong>,</strong></span> <span class='ocrx_word' id='word_1_90' title='bbox 2025 1420 2304 1473; x_wconf 85' lang='lat' dir='ltr'><strong>hominum</strong></span> 
     </span>
    </p>
   </div>
   <div class='ocr_carea' id='block_1_16' title="bbox 731 1501 2306 1573">
    <p class='ocr_par' dir='ltr' id='par_1_16' title="bbox 731 1501 2306 1573">
     <span class='ocr_line' id='line_1_16' title="bbox 731 1501 2306 1573; baseline 0.005 -19"><span class='ocrx_word' id='word_1_91' title='bbox 731 1501 996 1555; x_wconf 83' lang='lat' dir='ltr'><strong>fortitudo</strong></span> <span class='ocrx_word' id='word_1_92' title='bbox 1023 1543 1038 1567; x_wconf 97' lang='lat'><strong>,</strong></span> <span class='ocrx_word' id='word_1_93' title='bbox 1071 1507 1285 1573; x_wconf 78' lang='lat' dir='ltr'><strong>generis</strong></span> <span class='ocrx_word' id='word_1_94' title='bbox 1314 1508 1395 1558; x_wconf 91' lang='lat' dir='ltr'><strong>sui</strong></span> <span class='ocrx_word' id='word_1_95' title='bbox 1447 1507 1724 1570; x_wconf 78' lang='lat' dir='ltr'><strong>nobilitas,</strong></span> <span class='ocrx_word' id='word_1_96' title='bbox 1761 1508 2195 1563; x_wconf 88' lang='lat' dir='ltr'><strong>Christianorum</strong></span> <span class='ocrx_word' id='word_1_97' title='bbox 2248 1509 2306 1562; x_wconf 82' lang='lat' dir='ltr'><strong>fi-</strong></span> 
     </span>
    </p>
   </div>
   <div class='ocr_carea' id='block_1_17' title="bbox 732 1593 2309 1668">
    <p class='ocr_par' dir='ltr' id='par_1_17' title="bbox 732 1593 2309 1668">
     <span class='ocr_line' id='line_1_17' title="bbox 732 1593 2309 1668; baseline 0.004 -22"><span class='ocrx_word' id='word_1_98' title='bbox 732 1593 915 1657; x_wconf 88' lang='lat' dir='ltr'><strong>ducia,</strong></span> <span class='ocrx_word' id='word_1_99' title='bbox 946 1594 1148 1650; x_wconf 90' lang='lat' dir='ltr'><strong>bonum</strong></span> <span class='ocrx_word' id='word_1_100' title='bbox 1203 1597 1398 1664; x_wconf 81' lang='lat' dir='ltr'><strong>quovis</strong></span> <span class='ocrx_word' id='word_1_101' title='bbox 1447 1598 1592 1652; x_wconf 91' lang='lat' dir='ltr'><strong>bono</strong></span> <span class='ocrx_word' id='word_1_102' title='bbox 1637 1599 2134 1668; x_wconf 87' lang='lat' dir='ltr'><strong>incomparabiltter</strong></span> <span class='ocrx_word' id='word_1_103' title='bbox 2191 1615 2309 1653; x_wconf 84' lang='lat' dir='ltr'><strong>ma-</strong></span> 
     </span>
    </p>
   </div>
   <div class='ocr_carea' id='block_1_18' title="bbox 726 1686 2309 1756">
    <p class='ocr_par' dir='ltr' id='par_1_18' title="bbox 726 1686 2309 1756">
     <span class='ocr_line' id='line_1_18' title="bbox 726 1686 2309 1756; baseline 0.006 -19"><span class='ocrx_word' id='word_1_104' title='bbox 726 1686 818 1753; x_wconf 93' lang='lat' dir='ltr'><strong>jus</strong></span> <span class='ocrx_word' id='word_1_105' title='bbox 853 1686 970 1756; x_wconf 81' lang='lat'><strong>(5);</strong></span> <span class='ocrx_word' id='word_1_106' title='bbox 1032 1696 1085 1740; x_wconf 91' lang='lat' dir='ltr'><strong>et</strong></span> <span class='ocrx_word' id='word_1_107' title='bbox 1140 1690 1420 1742; x_wconf 79' lang='lat' dir='ltr'><strong>mortalem</strong></span> <span class='ocrx_word' id='word_1_108' title='bbox 1476 1690 1622 1744; x_wconf 90' lang='lat' dir='ltr'><strong>hunc</strong></span> <span class='ocrx_word' id='word_1_109' title='bbox 1673 1692 1934 1745; x_wconf 91' lang='lat' dir='ltr'><strong>mundum</strong></span> <span class='ocrx_word' id='word_1_110' title='bbox 1986 1692 2309 1747; x_wconf 66' lang='lat' dir='ltr'><strong>mortalibus</strong></span> 
     </span>
    </p>
   </div>
   <div class='ocr_carea' id='block_1_19' title="bbox 730 1777 2307 1852">
    <p class='ocr_par' dir='ltr' id='par_1_19' title="bbox 730 1777 2307 1852">
     <span class='ocr_line' id='line_1_19' title="bbox 730 1777 2307 1852; baseline 0.004 -21"><span class='ocrx_word' id='word_1_111' title='bbox 730 1777 1030 1844; x_wconf 90' lang='lat' dir='ltr'><strong>dimittens,</strong></span> <span class='ocrx_word' id='word_1_112' title='bbox 1061 1777 1174 1849; x_wconf 90' lang='lat' dir='ltr'><strong>ipsa</strong></span> <span class='ocrx_word' id='word_1_113' title='bbox 1206 1780 1270 1834; x_wconf 91' lang='lat' dir='ltr'><strong>ad</strong></span> <span class='ocrx_word' id='word_1_114' title='bbox 1311 1796 1428 1835; x_wconf 88' lang='lat' dir='ltr'><strong>eam</strong></span> <span class='ocrx_word' id='word_1_115' title='bbox 1479 1798 1642 1852; x_wconf 89' lang='lat' dir='ltr'><strong>quam</strong></span> <span class='ocrx_word' id='word_1_116' title='bbox 1693 1784 1902 1848; x_wconf 81' lang='lat' dir='ltr'><strong>genuit,</strong></span> <span class='ocrx_word' id='word_1_117' title='bbox 1932 1783 2098 1836; x_wconf 89' lang='lat' dir='ltr'><strong>vitam</strong></span> <span class='ocrx_word' id='word_1_118' title='bbox 2125 1791 2307 1838; x_wconf 74' lang='lat' dir='ltr'><strong>trans~</strong></span> 
     </span>
    </p>
   </div>
   <div class='ocr_carea' id='block_1_20' title="bbox 735 1869 952 1936">
    <p class='ocr_par' dir='ltr' id='par_1_20' title="bbox 735 1869 952 1936">
     <span class='ocr_line' id='line_1_20' title="bbox 735 1869 952 1936; baseline 0.018 -17"><span class='ocrx_word' id='word_1_119' title='bbox 735 1869 952 1936; x_wconf 76' lang='lat' dir='ltr'><strong>tttigrat.</strong></span> 
     </span>
    </p>
   </div>
   <div class='ocr_carea' id='block_1_21' title="bbox 804 1959 2308 2030">
    <p class='ocr_par' dir='ltr' id='par_1_21' title="bbox 804 1959 2308 2030">
     <span class='ocr_line' id='line_1_21' title="bbox 804 1959 2308 2030; baseline 0.007 -18"><span class='ocrx_word' id='word_1_120' title='bbox 804 1959 925 2015; x_wconf 70' lang='lat' dir='ltr'><strong>llaec</strong></span> <span class='ocrx_word' id='word_1_121' title='bbox 956 1961 1030 2030; x_wconf 88' lang='lat'><strong>(6)</strong></span> <span class='ocrx_word' id='word_1_122' title='bbox 1065 1976 1193 2016; x_wconf 89' lang='lat' dir='ltr'><strong>vero</strong></span> <span class='ocrx_word' id='word_1_123' title='bbox 1224 1973 1451 2018; x_wconf 88' lang='lat' dir='ltr'><strong>matrem</strong></span> <span class='ocrx_word' id='word_1_124' title='bbox 1482 1974 1534 2018; x_wconf 88' lang='lat' dir='ltr'><strong>et</strong></span> <span class='ocrx_word' id='word_1_125' title='bbox 1559 1964 1684 2019; x_wconf 89' lang='lat' dir='ltr'><strong>data</strong></span> <span class='ocrx_word' id='word_1_126' title='bbox 1732 1967 1956 2022; x_wconf 81' lang='lat' dir='ltr'><strong>dextera</strong></span> <span class='ocrx_word' id='word_1_127' title='bbox 2008 1968 2308 2023; x_wconf 81' lang='lat' dir='ltr'><strong>liberaliter</strong></span> 
     </span>
    </p>
   </div>
   <div class='ocr_carea' id='block_1_22' title="bbox 733 2052 2308 2129">
    <p class='ocr_par' dir='ltr' id='par_1_22' title="bbox 733 2052 2308 2129">
     <span class='ocr_line' id='line_1_22' title="bbox 733 2052 2308 2129; baseline 0.006 -24"><span class='ocrx_word' id='word_1_128' title='bbox 733 2052 946 2116; x_wconf 79' lang='lat' dir='ltr'><strong>salutat,</strong></span> <span class='ocrx_word' id='word_1_129' title='bbox 976 2061 1030 2106; x_wconf 84' lang='lat' dir='ltr'><strong>et</strong></span> <span class='ocrx_word' id='word_1_130' title='bbox 1055 2055 1285 2108; x_wconf 90' lang='lat' dir='ltr'><strong>comiter</strong></span> <span class='ocrx_word' id='word_1_131' title='bbox 1324 2055 1689 2122; x_wconf 80' lang='lat' dir='ltr'><strong>amplexatur.</strong></span> <span class='ocrx_word' id='word_1_132' title='bbox 1728 2059 1778 2112; x_wconf 90' lang='lat' dir='ltr'><strong>Is</strong></span> <span class='ocrx_word' id='word_1_133' title='bbox 1813 2061 1996 2128; x_wconf 77' lang='lat' dir='ltr'><strong>itaque</strong></span> <span class='ocrx_word' id='word_1_134' title='bbox 2021 2103 2036 2126; x_wconf 96' lang='lat'><strong>,</strong></span> <span class='ocrx_word' id='word_1_135' title='bbox 2073 2061 2165 2129; x_wconf 93' lang='lat' dir='ltr'><strong>qui</strong></span> <span class='ocrx_word' id='word_1_136' title='bbox 2224 2062 2308 2114; x_wconf 93' lang='lat' dir='ltr'><strong>in-</strong></span> 
     </span>
    </p>
   </div>
   <div class='ocr_carea' id='block_1_23' title="bbox 731 2143 2305 2214">
    <p class='ocr_par' dir='ltr' id='par_1_23' title="bbox 731 2143 2305 2214">
     <span class='ocr_line' id='line_1_23' title="bbox 731 2143 2305 2214; baseline 0.006 -18"><span class='ocrx_word' id='word_1_137' title='bbox 731 2143 1030 2198; x_wconf 71' lang='lat' dir='ltr'><strong>eliabilitcr</strong></span> <span class='ocrx_word' id='word_1_138' title='bbox 1065 2160 1252 2198; x_wconf 92' lang='lat' dir='ltr'><strong>auram</strong></span> <span class='ocrx_word' id='word_1_139' title='bbox 1277 2160 1494 2200; x_wconf 89' lang='lat' dir='ltr'><strong>omnem</strong></span> <span class='ocrx_word' id='word_1_140' title='bbox 1531 2164 1694 2202; x_wconf 89' lang='lat' dir='ltr'><strong>manu</strong></span> <span class='ocrx_word' id='word_1_141' title='bbox 1727 2151 1970 2204; x_wconf 90' lang='lat' dir='ltr'><strong>continet</strong></span> <span class='ocrx_word' id='word_1_142' title='bbox 1999 2190 2013 2214; x_wconf 94' lang='lat'><strong>,</strong></span> <span class='ocrx_word' id='word_1_143' title='bbox 2048 2152 2114 2205; x_wconf 91' lang='lat' dir='ltr'><strong>ad</strong></span> <span class='ocrx_word' id='word_1_144' title='bbox 2165 2151 2305 2206; x_wconf 89' lang='lat' dir='ltr'><strong>hanc</strong></span> 
     </span>
    </p>
   </div>
   <div class='ocr_carea' id='block_1_24' title="bbox 730 2237 2302 2312">
    <p class='ocr_par' dir='ltr' id='par_1_24' title="bbox 730 2237 2302 2312">
     <span class='ocr_line' id='line_1_24' title="bbox 730 2237 2302 2312; baseline 0.005 -24"><span class='ocrx_word' id='word_1_145' title='bbox 730 2251 924 2291; x_wconf 84' lang='lat' dir='ltr'><strong>rursus</strong></span> <span class='ocrx_word' id='word_1_146' title='bbox 954 2237 1264 2304; x_wconf 88' lang='lat' dir='ltr'><strong>descendit,</strong></span> <span class='ocrx_word' id='word_1_147' title='bbox 1298 2254 1407 2292; x_wconf 91' lang='lat' dir='ltr'><strong>nou</strong></span> <span class='ocrx_word' id='word_1_148' title='bbox 1443 2248 1503 2294; x_wconf 93' lang='lat' dir='ltr'><strong>ut</strong></span> <span class='ocrx_word' id='word_1_149' title='bbox 1537 2241 1591 2295; x_wconf 92' lang='lat' dir='ltr'><strong>in</strong></span> <span class='ocrx_word' id='word_1_150' title='bbox 1623 2256 1710 2308; x_wconf 88' lang='lat' dir='ltr'><strong>ea,</strong></span> <span class='ocrx_word' id='word_1_151' title='bbox 1751 2243 1894 2298; x_wconf 80' lang='lat' dir='ltr'><strong>sicut</strong></span> <span class='ocrx_word' id='word_1_152' title='bbox 1917 2245 2088 2312; x_wconf 88' lang='lat' dir='ltr'><strong>prius,</strong></span> <span class='ocrx_word' id='word_1_153' title='bbox 2119 2245 2302 2299; x_wconf 89' lang='lat' dir='ltr'><strong>sedem</strong></span> 
     </span>
    </p>
   </div>
   <div class='ocr_carea' id='block_1_25' title="bbox 730 2329 2301 2401">
    <p class='ocr_par' dir='ltr' id='par_1_25' title="bbox 730 2329 2301 2401">
     <span class='ocr_line' id='line_1_25' title="bbox 730 2329 2301 2401; baseline 0.006 -20"><span class='ocrx_word' id='word_1_154' title='bbox 730 2329 952 2398; x_wconf 80' lang='lat' dir='ltr'><strong>deﬁgat,</strong></span> <span class='ocrx_word' id='word_1_155' title='bbox 988 2331 1103 2395; x_wconf 90' lang='lat' dir='ltr'><strong>sed,</strong></span> <span class='ocrx_word' id='word_1_156' title='bbox 1136 2347 1304 2401; x_wconf 85' lang='lat' dir='ltr'><strong>prope</strong></span> <span class='ocrx_word' id='word_1_157' title='bbox 1331 2332 1560 2386; x_wconf 76' lang='lat' dir='ltr'><strong>dixerim</strong></span> <span class='ocrx_word' id='word_1_158' title='bbox 1598 2374 1613 2397; x_wconf 92' lang='lat'><strong>,</strong></span> <span class='ocrx_word' id='word_1_159' title='bbox 1645 2344 1703 2388; x_wconf 91' lang='lat' dir='ltr'><strong>ut</strong></span> <span class='ocrx_word' id='word_1_160' title='bbox 1741 2350 1770 2388; x_wconf 89' lang='lat' dir='ltr'><strong>a</strong></span> <span class='ocrx_word' id='word_1_161' title='bbox 1825 2351 1923 2389; x_wconf 88' lang='lat' dir='ltr'><strong>sua</strong></span> <span class='ocrx_word' id='word_1_162' title='bbox 1977 2337 2124 2389; x_wconf 90' lang='lat' dir='ltr'><strong>illam</strong></span> <span class='ocrx_word' id='word_1_163' title='bbox 2175 2334 2301 2391; x_wconf 72' lang='lat' dir='ltr'><strong>Sede</strong></span> 
     </span>
    </p>
   </div>
   <div class='ocr_carea' id='block_1_26' title="bbox 730 2421 2300 2496">
    <p class='ocr_par' dir='ltr' id='par_1_26' title="bbox 730 2421 2300 2496">
     <span class='ocr_line' id='line_1_26' title="bbox 730 2421 2300 2496; baseline 0.008 -25"><span class='ocrx_word' id='word_1_164' title='bbox 730 2421 947 2484; x_wconf 82' lang='lat' dir='ltr'><strong>educat,</strong></span> <span class='ocrx_word' id='word_1_165' title='bbox 987 2437 1080 2476; x_wconf 87' lang='lat' dir='ltr'><strong>seu</strong></span> <span class='ocrx_word' id='word_1_166' title='bbox 1117 2427 1300 2491; x_wconf 91' lang='lat' dir='ltr'><strong>potius</strong></span> <span class='ocrx_word' id='word_1_167' title='bbox 1337 2433 1535 2478; x_wconf 91' lang='lat' dir='ltr'><strong>uteam</strong></span> <span class='ocrx_word' id='word_1_168' title='bbox 1568 2426 1632 2479; x_wconf 90' lang='lat' dir='ltr'><strong>ad</strong></span> <span class='ocrx_word' id='word_1_169' title='bbox 1668 2425 1850 2480; x_wconf 85' lang='lat' dir='ltr'><strong>sedem</strong></span> <span class='ocrx_word' id='word_1_170' title='bbox 1895 2427 2147 2493; x_wconf 86' lang='lat' dir='ltr'><strong>deducat,</strong></span> <span class='ocrx_word' id='word_1_171' title='bbox 2179 2445 2300 2496; x_wconf 74' lang='lat' dir='ltr'><strong>qua:</strong></span> 
     </span>
    </p>
   </div>
   <div class='ocr_carea' id='block_1_27' title="bbox 731 2515 2304 2587">
    <p class='ocr_par' dir='ltr' id='par_1_27' title="bbox 731 2515 2304 2587">
     <span class='ocr_line' id='line_1_27' title="bbox 731 2515 2304 2587; baseline 0.006 -22"><span class='ocrx_word' id='word_1_172' title='bbox 731 2515 1120 2582; x_wconf 82' lang='lat' dir='ltr'><strong>congruentior</strong></span> <span class='ocrx_word' id='word_1_173' title='bbox 1151 2516 1242 2578; x_wconf 86' lang='lat' dir='ltr'><strong>sit,</strong></span> <span class='ocrx_word' id='word_1_174' title='bbox 1273 2526 1323 2570; x_wconf 91' lang='lat' dir='ltr'><strong>et</strong></span> <span class='ocrx_word' id='word_1_175' title='bbox 1362 2533 1529 2587; x_wconf 89' lang='lat' dir='ltr'><strong>penes</strong></span> <span class='ocrx_word' id='word_1_176' title='bbox 1575 2520 1928 2586; x_wconf 88' lang='lat' dir='ltr'><strong>semetipsum</strong></span> <span class='ocrx_word' id='word_1_177' title='bbox 1981 2520 2108 2574; x_wconf 91' lang='lat' dir='ltr'><strong>hinc</strong></span> <span class='ocrx_word' id='word_1_178' title='bbox 2160 2522 2304 2575; x_wconf 88' lang='lat' dir='ltr'><strong>illam</strong></span> 
     </span>
    </p>
   </div>
   <div class='ocr_carea' id='block_1_28' title="bbox 732 2605 2306 2674">
    <p class='ocr_par' dir='ltr' id='par_1_28' title="bbox 732 2605 2306 2674">
     <span class='ocr_line' id='line_1_28' title="bbox 732 2605 2306 2674; baseline 0.007 -20"><span class='ocrx_word' id='word_1_179' title='bbox 732 2605 1053 2668; x_wconf 73' lang='lat' dir='ltr'><strong>transferat,</strong></span> <span class='ocrx_word' id='word_1_180' title='bbox 1088 2622 1209 2674; x_wconf 66' lang='lat' dir='ltr'><strong>quae</strong></span> <span class='ocrx_word' id='word_1_181' title='bbox 1260 2623 1384 2660; x_wconf 78' lang='lat' dir='ltr'><strong>eunt</strong></span> <span class='ocrx_word' id='word_1_182' title='bbox 1427 2609 1762 2667; x_wconf 77' lang='lat' dir='ltr'><strong>exinanitum</strong></span> <span class='ocrx_word' id='word_1_183' title='bbox 1816 2611 2178 2665; x_wconf 88' lang='lat' dir='ltr'><strong>itnmaculatis</strong></span> <span class='ocrx_word' id='word_1_184' title='bbox 2225 2615 2306 2665; x_wconf 89' lang='lat' dir='ltr'><strong>vi-</strong></span> 
     </span>
    </p>
   </div>
   <div class='ocr_carea' id='block_1_29' title="bbox 732 2694 2304 2768">
    <p class='ocr_par' dir='ltr' id='par_1_29' title="bbox 732 2694 2304 2768">
     <span class='ocr_line' id='line_1_29' title="bbox 732 2694 2304 2768; baseline 0.009 -24"><span class='ocrx_word' id='word_1_185' title='bbox 732 2694 911 2749; x_wconf 65' lang='lat' dir='ltr'><strong>sccr’b</strong></span> <span class='ocrx_word' id='word_1_186' title='bbox 953 2710 979 2750; x_wconf 90' lang='lat' dir='ltr'><strong>s</strong></span> <span class='ocrx_word' id='word_1_187' title='bbox 1009 2697 1256 2764; x_wconf 72' lang='lat' dir='ltr'><strong>gt-sutvit.</strong></span> <span class='ocrx_word' id='word_1_188' title='bbox 1293 2697 1347 2750; x_wconf 90' lang='lat' dir='ltr'><strong>ld</strong></span> <span class='ocrx_word' id='word_1_189' title='bbox 1388 2699 1506 2751; x_wconf 92' lang='lat' dir='ltr'><strong>irco</strong></span> <span class='ocrx_word' id='word_1_190' title='bbox 1539 2708 1589 2752; x_wconf 93' lang='lat' dir='ltr'><strong>et</strong></span> <span class='ocrx_word' id='word_1_191' title='bbox 1618 2714 1857 2768; x_wconf 64' lang='lat' dir='ltr'><strong>praesens</strong></span> <span class='ocrx_word' id='word_1_192' title='bbox 1885 2700 1999 2768; x_wconf 91' lang='lat' dir='ltr'><strong>ipse</strong></span> <span class='ocrx_word' id='word_1_193' title='bbox 2025 2703 2178 2756; x_wconf 80' lang='lat' dir='ltr'><strong>adest</strong></span> <span class='ocrx_word' id='word_1_194' title='bbox 2206 2745 2220 2766; x_wconf 89' lang='lat'><strong>,</strong></span> <span class='ocrx_word' id='word_1_195' title='bbox 2251 2713 2304 2758; x_wconf 92' lang='lat' dir='ltr'><strong>et</strong></span> 
     </span>
    </p>
   </div>
   <div class='ocr_carea' id='block_1_30' title="bbox 732 2788 2300 2854">
    <p class='ocr_par' dir='ltr' id='par_1_30' title="bbox 732 2788 2300 2854">
     <span class='ocr_line' id='line_1_30' title="bbox 732 2788 2300 2854; baseline 0.006 -16"><span class='ocrx_word' id='word_1_196' title='bbox 732 2801 914 2839; x_wconf 89' lang='lat' dir='ltr'><strong>secum</strong></span> <span class='ocrx_word' id='word_1_197' title='bbox 952 2788 1270 2854; x_wconf 83' lang='lat' dir='ltr'><strong>angelorum</strong></span> <span class='ocrx_word' id='word_1_198' title='bbox 1306 2804 1368 2842; x_wconf 91' lang='lat' dir='ltr'><strong>ac</strong></span> <span class='ocrx_word' id='word_1_199' title='bbox 1400 2790 1701 2843; x_wconf 74' lang='lat' dir='ltr'><strong>ctelestium</strong></span> <span class='ocrx_word' id='word_1_200' title='bbox 1751 2792 1949 2845; x_wconf 86' lang='lat' dir='ltr'><strong>civium</strong></span> <span class='ocrx_word' id='word_1_201' title='bbox 1997 2795 2300 2847; x_wconf 82' lang='lat' dir='ltr'><strong>exercitum</strong></span> 
     </span>
    </p>
   </div>
   <div class='ocr_carea' id='block_1_31' title="bbox 731 2873 2302 2947">
    <p class='ocr_par' dir='ltr' id='par_1_31' title="bbox 731 2873 2302 2947">
     <span class='ocr_line' id='line_1_31' title="bbox 731 2873 2302 2947; baseline 0.008 -24"><span class='ocrx_word' id='word_1_202' title='bbox 731 2873 892 2926; x_wconf 90' lang='lat' dir='ltr'><strong>simul</strong></span> <span class='ocrx_word' id='word_1_203' title='bbox 941 2874 1199 2928; x_wconf 83' lang='lat' dir='ltr'><strong>adducit:</strong></span> <span class='ocrx_word' id='word_1_204' title='bbox 1249 2877 1453 2945; x_wconf 88' lang='lat' dir='ltr'><strong>quibus</strong></span> <span class='ocrx_word' id='word_1_205' title='bbox 1499 2879 1732 2946; x_wconf 89' lang='lat' dir='ltr'><strong>stipatus</strong></span> <span class='ocrx_word' id='word_1_206' title='bbox 1793 2882 2035 2936; x_wconf 82' lang='lat' dir='ltr'><strong>ascendit</strong></span> <span class='ocrx_word' id='word_1_207' title='bbox 2068 2898 2302 2947; x_wconf 80' lang='lat' dir='ltr'><strong>rursus,</strong></span> 
     </span>
    </p>
   </div>
   <div class='ocr_carea' id='block_1_32' title="bbox 732 2970 2303 3043">
    <p class='ocr_par' dir='ltr' id='par_1_32' title="bbox 732 2970 2303 3043">
     <span class='ocr_line' id='line_1_32' title="bbox 732 2970 2303 3043; baseline 0.011 -30"><span class='ocrx_word' id='word_1_208' title='bbox 732 2978 888 3016; x_wconf 89' lang='lat' dir='ltr'><strong>suam</strong></span> <span class='ocrx_word' id='word_1_209' title='bbox 940 2981 1126 3019; x_wconf 90' lang='lat' dir='ltr'><strong>secum</strong></span> <span class='ocrx_word' id='word_1_210' title='bbox 1182 2970 1500 3034; x_wconf 78' lang='lat' dir='ltr'><strong>genitricem</strong></span> <span class='ocrx_word' id='word_1_211' title='bbox 1553 2971 1832 3037; x_wconf 89' lang='lat' dir='ltr'><strong>attollens,</strong></span> <span class='ocrx_word' id='word_1_212' title='bbox 1883 2981 1936 3026; x_wconf 87' lang='lat' dir='ltr'><strong>et</strong></span> <span class='ocrx_word' id='word_1_213' title='bbox 1987 2974 2177 3043; x_wconf 81' lang='lat' dir='ltr'><strong>ingens</strong></span> <span class='ocrx_word' id='word_1_214' title='bbox 2226 2975 2303 3030; x_wconf 92' lang='lat' dir='ltr'><strong>ili</strong></span> 
     </span>
    </p>
   </div>
   <div class='ocr_carea' id='block_1_33' title="bbox 2405 591 3977 663">
    <p class='ocr_par' dir='ltr' id='par_1_33' title="bbox 2405 591 3977 663">
     <span class='ocr_line' id='line_1_33' title="bbox 2405 591 3977 663; baseline -0.001 -19"><span class='ocrx_word' id='word_1_215' title='bbox 2405 592 2532 660; x_wconf 79' lang='grc' dir='ltr'><strong>τρδς</strong></span> <span class='ocrx_word' id='word_1_216' title='bbox 2575 594 2711 646; x_wconf 89' lang='grc' dir='ltr'>Θεοῦ</span> <span class='ocrx_word' id='word_1_217' title='bbox 2766 594 3130 658; x_wconf 82' lang='grc' dir='ltr'>κατάπαυσιν,</span> <span class='ocrx_word' id='word_1_218' title='bbox 3160 594 3384 663; x_wconf 77' lang='grc' dir='ltr'><strong>Μητρὸς</strong></span> <span class='ocrx_word' id='word_1_219' title='bbox 3436 591 3572 646; x_wconf 87' lang='grc' dir='ltr'>Θεοῦ</span> <span class='ocrx_word' id='word_1_220' title='bbox 3621 593 3977 661; x_wconf 80' lang='grc' dir='ltr'>μετάστασιν,</span> 
     </span>
    </p>
   </div>
   <div class='ocr_carea' id='block_1_34' title="bbox 2403 681 3978 753">
    <p class='ocr_par' dir='ltr' id='par_1_34' title="bbox 2403 681 3978 753">
     <span class='ocr_line' id='line_1_34' title="bbox 2403 681 3978 753; baseline -0.001 -18"><span class='ocrx_word' id='word_1_221' title='bbox 2403 681 2690 748; x_wconf 80' lang='grc' dir='ltr'>ἀνάϐασιν,</span> <span class='ocrx_word' id='word_1_222' title='bbox 2728 685 2982 753; x_wconf 73' lang='grc' dir='ltr'>ἔπαρσινο</span> <span class='ocrx_word' id='word_1_223' title='bbox 3038 684 3133 737; x_wconf 73' lang='grc' dir='ltr'><strong>καὶ</strong></span> <span class='ocrx_word' id='word_1_224' title='bbox 3191 683 3479 753; x_wconf 77' lang='grc' dir='ltr'><strong>προτθήκη</strong></span> <span class='ocrx_word' id='word_1_225' title='bbox 3527 683 3624 735; x_wconf 91' lang='grc' dir='ltr'>τοῦ</span> <span class='ocrx_word' id='word_1_226' title='bbox 3678 683 3978 749; x_wconf 72' lang='grc' dir='ltr'><strong>θαύματος,</strong></span> 
     </span>
    </p>
   </div>
   <div class='ocr_carea' id='block_1_35' title="bbox 2405 776 3967 848">
    <p class='ocr_par' dir='ltr' id='par_1_35' title="bbox 2405 776 3967 848">
     <span class='ocr_line' id='line_1_35' title="bbox 2405 776 3967 848; baseline 0.001 -21"><span class='ocrx_word' id='word_1_227' title='bbox 2405 778 2488 828; x_wconf 79' lang='grc' dir='ltr'>ὅτι</span> <span class='ocrx_word' id='word_1_228' title='bbox 2526 778 2618 829; x_wconf 79' lang='grc' dir='ltr'><strong>καὶ</strong></span> <span class='ocrx_word' id='word_1_229' title='bbox 2645 777 2894 848; x_wconf 78' lang='grc' dir='ltr'><strong>θυγάτηρ</strong></span> <span class='ocrx_word' id='word_1_230' title='bbox 2937 780 2970 848; x_wconf 83' lang='grc' dir='ltr'>ὴ</span> <span class='ocrx_word' id='word_1_231' title='bbox 2999 780 3221 846; x_wconf 81' lang='grc' dir='ltr'><strong>Μήτηρ,</strong></span> <span class='ocrx_word' id='word_1_232' title='bbox 3259 777 3373 830; x_wconf 81' lang='grc' dir='ltr'><strong>ἔστι</strong></span> <span class='ocrx_word' id='word_1_233' title='bbox 3406 777 3450 830; x_wconf 81' lang='grc' dir='ltr'><strong>δ’</strong></span> <span class='ocrx_word' id='word_1_234' title='bbox 3481 778 3563 829; x_wconf 82' lang='grc' dir='ltr'><strong>ὅτι</strong></span> <span class='ocrx_word' id='word_1_235' title='bbox 3595 779 3689 829; x_wconf 67' lang='grc' dir='ltr'><strong>καὶ</strong></span> <span class='ocrx_word' id='word_1_236' title='bbox 3738 776 3967 842; x_wconf 73' lang='grc' dir='ltr'><strong>Νύμφη,</strong></span> 
     </span>
    </p>
   </div>
   <div class='ocr_carea' id='block_1_36' title="bbox 2403 867 3982 939">
    <p class='ocr_par' dir='ltr' id='par_1_36' title="bbox 2403 867 3982 939">
     <span class='ocr_line' id='line_1_36' title="bbox 2403 867 3982 939; baseline -0.001 -20"><span class='ocrx_word' id='word_1_237' title='bbox 2403 867 2497 919; x_wconf 72' lang='grc' dir='ltr'><strong>καὶ</strong></span> <span class='ocrx_word' id='word_1_238' title='bbox 2540 868 2812 939; x_wconf 70' lang='grc' dir='ltr'><strong>ΙΙαροένσς</strong></span> <span class='ocrx_word' id='word_1_239' title='bbox 2865 870 3019 933; x_wconf 76' lang='grc' dir='ltr'>αὖθις</span> <span class='ocrx_word' id='word_1_240' title='bbox 3043 873 3074 939; x_wconf 83' lang='grc' dir='ltr'>ἠ</span> <span class='ocrx_word' id='word_1_241' title='bbox 3102 871 3329 939; x_wconf 80' lang='grc' dir='ltr'><strong>Νύμφη,</strong></span> <span class='ocrx_word' id='word_1_242' title='bbox 3363 871 3456 923; x_wconf 75' lang='grc' dir='ltr'>καὶ</span> <span class='ocrx_word' id='word_1_243' title='bbox 3485 869 3574 922; x_wconf 64' lang='grc' dir='ltr'><strong>διὰ</strong></span> <span class='ocrx_word' id='word_1_244' title='bbox 3613 869 3790 921; x_wconf 82' lang='grc' dir='ltr'>πάντα</span> <span class='ocrx_word' id='word_1_245' title='bbox 3821 867 3982 919; x_wconf 72' lang='grc' dir='ltr'>Βασί-</span> 
     </span>
    </p>
   </div>
   <div class='ocr_carea' id='block_1_37' title="bbox 2405 957 3983 1030">
    <p class='ocr_par' dir='ltr' id='par_1_37' title="bbox 2405 957 3983 1030">
     <span class='ocr_line' id='line_1_37' title="bbox 2405 957 3983 1030; baseline 0.003 -24"><span class='ocrx_word' id='word_1_246' title='bbox 2405 957 2586 1021; x_wconf 77' lang='grc' dir='ltr'>λισσα,</span> <span class='ocrx_word' id='word_1_247' title='bbox 2629 960 2722 1012; x_wconf 75' lang='grc' dir='ltr'>καὶ</span> <span class='ocrx_word' id='word_1_248' title='bbox 2755 960 2916 1030; x_wconf 81' lang='grc' dir='ltr'>δούλη</span> <span class='ocrx_word' id='word_1_249' title='bbox 2952 960 3057 1030; x_wconf 81' lang='grc' dir='ltr'><strong>πρὸ</strong></span> <span class='ocrx_word' id='word_1_250' title='bbox 3109 961 3350 1021; x_wconf 86' lang='grc' dir='ltr'>πάντων,</span> <span class='ocrx_word' id='word_1_251' title='bbox 3377 961 3468 1013; x_wconf 71' lang='grc' dir='ltr'><strong>τεαὶ</strong></span> <span class='ocrx_word' id='word_1_252' title='bbox 3498 959 3605 1012; x_wconf 86' lang='grc' dir='ltr'><strong>τῶν</strong></span> <span class='ocrx_word' id='word_1_253' title='bbox 3631 959 3983 1029; x_wconf 76' lang='grc' dir='ltr'><strong>χαρισμάτων</strong></span> 
     </span>
    </p>
   </div>
   <div class='ocr_carea' id='block_1_38' title="bbox 2404 1048 3484 1121">
    <p class='ocr_par' dir='ltr' id='par_1_38' title="bbox 2404 1048 3484 1121">
     <span class='ocr_line' id='line_1_38' title="bbox 2404 1048 3484 1121; baseline 0.002 -21"><span class='ocrx_word' id='word_1_254' title='bbox 2404 1048 2463 1100; x_wconf 84' lang='grc' dir='ltr'>τὸ</span> <span class='ocrx_word' id='word_1_255' title='bbox 2491 1049 2689 1120; x_wconf 80' lang='grc' dir='ltr'>πλῆθος</span> <span class='ocrx_word' id='word_1_256' title='bbox 2720 1053 2964 1106; x_wconf 84' lang='grc' dir='ltr'>ποικίλον</span> <span class='ocrx_word' id='word_1_257' title='bbox 2987 1053 3078 1106; x_wconf 77' lang='grc' dir='ltr'><strong>καὶ</strong></span> <span class='ocrx_word' id='word_1_258' title='bbox 3109 1053 3484 1121; x_wconf 80' lang='grc' dir='ltr'>πολυώνυμον.</span> 
     </span>
    </p>
   </div>
   <div class='ocr_carea' id='block_1_39' title="bbox 2477 1229 3979 1302">
    <p class='ocr_par' dir='ltr' id='par_1_39' title="bbox 2477 1229 3979 1302">
     <span class='ocr_line' id='line_1_39' title="bbox 2477 1229 3979 1302; baseline -0.003 -19"><span class='ocrx_word' id='word_1_259' title='bbox 2477 1229 2554 1284; x_wconf 85' lang='grc' dir='ltr'><strong>Δ’.</strong></span> <span class='ocrx_word' id='word_1_260' title='bbox 2589 1229 2812 1301; x_wconf 75' lang='grc' dir='ltr'>Ταύτης</span> <span class='ocrx_word' id='word_1_261' title='bbox 2849 1233 3066 1302; x_wconf 56' lang='grc' dir='ltr'><strong>αἴρεται</strong></span> <span class='ocrx_word' id='word_1_262' title='bbox 3096 1232 3190 1285; x_wconf 90' lang='grc' dir='ltr'><strong>νῦν</strong></span> <span class='ocrx_word' id='word_1_263' title='bbox 3223 1231 3333 1286; x_wconf 83' lang='grc' dir='ltr'><strong>ἀπὸ</strong></span> <span class='ocrx_word' id='word_1_264' title='bbox 3361 1231 3463 1299; x_wconf 81' lang='grc' dir='ltr'><strong>τῆς</strong></span> <span class='ocrx_word' id='word_1_265' title='bbox 3503 1231 3603 1299; x_wconf 82' lang='grc' dir='ltr'>γῆς</span> <span class='ocrx_word' id='word_1_266' title='bbox 3646 1233 3677 1301; x_wconf 79' lang='grc' dir='ltr'>ἡ</span> <span class='ocrx_word' id='word_1_267' title='bbox 3721 1230 3858 1299; x_wconf 78' lang='grc' dir='ltr'><strong>ζωή·</strong></span> <span class='ocrx_word' id='word_1_268' title='bbox 3894 1243 3979 1281; x_wconf 69' lang='grc' dir='ltr'>και</span> 
     </span>
    </p>
   </div>
   <div class='ocr_carea' id='block_1_40' title="bbox 2408 1322 3982 1393">
    <p class='ocr_par' dir='ltr' id='par_1_40' title="bbox 2408 1322 3982 1393">
     <span class='ocr_line' id='line_1_40' title="bbox 2408 1322 3982 1393; baseline -0.003 -18"><span class='ocrx_word' id='word_1_269' title='bbox 2408 1322 2544 1393; x_wconf 83' lang='grc' dir='ltr'>πρὸς</span> <span class='ocrx_word' id='word_1_270' title='bbox 2579 1322 2842 1392; x_wconf 80' lang='grc' dir='ltr'>οὐρανοὺς</span> <span class='ocrx_word' id='word_1_271' title='bbox 2875 1322 3316 1392; x_wconf 80' lang='grc' dir='ltr'>ἀνυψοῦταιτῶν</span> <span class='ocrx_word' id='word_1_272' title='bbox 3363 1322 3616 1392; x_wconf 74' lang='grc' dir='ltr'>οὐρανῶν</span> <span class='ocrx_word' id='word_1_273' title='bbox 3672 1322 3733 1373; x_wconf 86' lang='grc' dir='ltr'>τὸ</span> <span class='ocrx_word' id='word_1_274' title='bbox 3777 1323 3982 1388; x_wconf 75' lang='grc' dir='ltr'>μυστή-</span> 
     </span>
    </p>
   </div>
   <div class='ocr_carea' id='block_1_41' title="bbox 2411 1411 3978 1484">
    <p class='ocr_par' dir='ltr' id='par_1_41' title="bbox 2411 1411 3978 1484">
     <span class='ocr_line' id='line_1_41' title="bbox 2411 1411 3978 1484; baseline -0.003 -18"><span class='ocrx_word' id='word_1_275' title='bbox 2411 1431 2545 1484; x_wconf 90' lang='grc' dir='ltr'>ριον,</span> <span class='ocrx_word' id='word_1_276' title='bbox 2601 1413 2709 1466; x_wconf 85' lang='grc' dir='ltr'>τῶν</span> <span class='ocrx_word' id='word_1_277' title='bbox 2762 1413 3012 1481; x_wconf 77' lang='grc' dir='ltr'>ἀγγέλων</span> <span class='ocrx_word' id='word_1_278' title='bbox 3080 1414 3139 1466; x_wconf 84' lang='grc' dir='ltr'><strong>τδ</strong></span> <span class='ocrx_word' id='word_1_279' title='bbox 3177 1413 3386 1484; x_wconf 81' lang='grc' dir='ltr'>Θαῦμα,</span> <span class='ocrx_word' id='word_1_280' title='bbox 3422 1413 3532 1465; x_wconf 86' lang='grc' dir='ltr'><strong>τῶν</strong></span> <span class='ocrx_word' id='word_1_281' title='bbox 3581 1411 3892 1483; x_wconf 81' lang='grc' dir='ltr'>ἀνθρώπων</span> <span class='ocrx_word' id='word_1_282' title='bbox 3921 1412 3978 1462; x_wconf 71' lang='grc' dir='ltr'><strong>τὸ</strong></span> 
     </span>
    </p>
   </div>
   <div class='ocr_carea' id='block_1_42' title="bbox 2409 1505 3979 1577">
    <p class='ocr_par' dir='ltr' id='par_1_42' title="bbox 2409 1505 3979 1577">
     <span class='ocr_line' id='line_1_42' title="bbox 2409 1505 3979 1577; baseline -0.002 -19"><span class='ocrx_word' id='word_1_283' title='bbox 2409 1507 2630 1575; x_wconf 85' lang='grc' dir='ltr'>κράτος,</span> <span class='ocrx_word' id='word_1_284' title='bbox 2659 1508 2693 1577; x_wconf 78' lang='grc' dir='ltr'>ἠ</span> <span class='ocrx_word' id='word_1_285' title='bbox 2717 1505 2809 1559; x_wconf 90' lang='grc' dir='ltr'>τοῦ</span> <span class='ocrx_word' id='word_1_286' title='bbox 2847 1506 3040 1573; x_wconf 82' lang='grc' dir='ltr'>γένους</span> <span class='ocrx_word' id='word_1_287' title='bbox 3075 1506 3347 1572; x_wconf 73' lang='grc' dir='ltr'>εὐγένεια,</span> <span class='ocrx_word' id='word_1_288' title='bbox 3381 1507 3414 1574; x_wconf 84' lang='grc' dir='ltr'>ὴ</span> <span class='ocrx_word' id='word_1_289' title='bbox 3448 1505 3793 1574; x_wconf 79' lang='grc' dir='ltr'><strong>Χριστιανῶν</strong></span> <span class='ocrx_word' id='word_1_290' title='bbox 3842 1506 3979 1573; x_wconf 74' lang='grc' dir='ltr'><strong>παῤ-</strong></span> 
     </span>
    </p>
   </div>
   <div class='ocr_carea' id='block_1_43' title="bbox 2412 1595 3979 1668">
    <p class='ocr_par' dir='ltr' id='par_1_43' title="bbox 2412 1595 3979 1668">
     <span class='ocr_line' id='line_1_43' title="bbox 2412 1595 3979 1668; baseline -0.003 -18"><span class='ocrx_word' id='word_1_291' title='bbox 2412 1597 2599 1668; x_wconf 80' lang='grc' dir='ltr'>ῥησία,</span> <span class='ocrx_word' id='word_1_292' title='bbox 2638 1599 2700 1651; x_wconf 83' lang='grc' dir='ltr'>τὸ</span> <span class='ocrx_word' id='word_1_293' title='bbox 2723 1599 2922 1661; x_wconf 71' lang='grc' dir='ltr'>παντὸς</span> <span class='ocrx_word' id='word_1_294' title='bbox 2953 1597 3120 1650; x_wconf 80' lang='grc' dir='ltr'>καλοῦ</span> <span class='ocrx_word' id='word_1_295' title='bbox 3153 1595 3340 1666; x_wconf 78' lang='grc' dir='ltr'>μεῖζον</span> <span class='ocrx_word' id='word_1_296' title='bbox 3372 1597 3760 1665; x_wconf 78' lang='grc' dir='ltr'><strong>’ἀσυγκρίτως</strong></span> <span class='ocrx_word' id='word_1_297' title='bbox 3792 1595 3979 1648; x_wconf 68' lang='grc' dir='ltr'>καλόν*</span> 
     </span>
    </p>
   </div>
   <div class='ocr_carea' id='block_1_44' title="bbox 2412 1687 3975 1758">
    <p class='ocr_par' dir='ltr' id='par_1_44' title="bbox 2412 1687 3975 1758">
     <span class='ocr_line' id='line_1_44' title="bbox 2412 1687 3975 1758; baseline -0.003 -16"><span class='ocrx_word' id='word_1_298' title='bbox 2412 1690 2508 1742; x_wconf 74' lang='grc' dir='ltr'><strong>καὶ</strong></span> <span class='ocrx_word' id='word_1_299' title='bbox 2544 1689 2637 1742; x_wconf 77' lang='grc' dir='ltr'><strong>τὸν</strong></span> <span class='ocrx_word' id='word_1_300' title='bbox 2705 1688 2897 1758; x_wconf 79' lang='grc' dir='ltr'>θνητὸν</span> <span class='ocrx_word' id='word_1_301' title='bbox 2935 1689 3125 1741; x_wconf 85' lang='grc' dir='ltr'>τοῦτον</span> <span class='ocrx_word' id='word_1_302' title='bbox 3157 1688 3361 1756; x_wconf 57' lang='grc' dir='ltr'>κόσμον</span> <span class='ocrx_word' id='word_1_303' title='bbox 3384 1691 3498 1749; x_wconf 82' lang='grc' dir='ltr'>τοῖς</span> <span class='ocrx_word' id='word_1_304' title='bbox 3538 1687 3754 1755; x_wconf 77' lang='grc' dir='ltr'><strong>θνητοῖς</strong></span> <span class='ocrx_word' id='word_1_305' title='bbox 3804 1703 3975 1738; x_wconf 77' lang='grc' dir='ltr'>καταο</span> 
     </span>
    </p>
   </div>
   <div class='ocr_carea' id='block_1_45' title="bbox 2409 1781 3980 1852">
    <p class='ocr_par' dir='ltr' id='par_1_45' title="bbox 2409 1781 3980 1852">
     <span class='ocr_line' id='line_1_45' title="bbox 2409 1781 3980 1852; baseline 0.001 -18"><span class='ocrx_word' id='word_1_306' title='bbox 2409 1781 2642 1851; x_wconf 80' lang='grc' dir='ltr'>λείψασα</span> <span class='ocrx_word' id='word_1_307' title='bbox 2678 1783 2743 1848; x_wconf 83' lang='grc'>⁸⁸,</span> <span class='ocrx_word' id='word_1_308' title='bbox 2783 1781 2923 1852; x_wconf 79' lang='grc' dir='ltr'>αὑτὴ</span> <span class='ocrx_word' id='word_1_309' title='bbox 2953 1781 3090 1852; x_wconf 81' lang='grc' dir='ltr'>πρὸς</span> <span class='ocrx_word' id='word_1_310' title='bbox 3111 1781 3179 1852; x_wconf 75' lang='grc' dir='ltr'>ῆν</span> <span class='ocrx_word' id='word_1_311' title='bbox 3201 1781 3356 1834; x_wconf 77' lang='grc' dir='ltr'>ἔτεκε</span> <span class='ocrx_word' id='word_1_312' title='bbox 3394 1781 3541 1852; x_wconf 73' lang='grc' dir='ltr'><strong>ζωὴν</strong></span> <span class='ocrx_word' id='word_1_313' title='bbox 3585 1784 3895 1852; x_wconf 79' lang='grc' dir='ltr'><strong>μεταχωρεῖ</strong></span> <span class='ocrx_word' id='word_1_314' title='bbox 3918 1782 3980 1835; x_wconf 82' lang='grc'>¹¹.</span> 
     </span>
    </p>
   </div>
   <div class='ocr_carea' id='block_1_46' title="bbox 2486 1964 3975 2038">
    <p class='ocr_par' dir='ltr' id='par_1_46' title="bbox 2486 1964 3975 2038">
     <span class='ocr_line' id='line_1_46' title="bbox 2486 1964 3975 2038; baseline -0.003 -17"><span class='ocrx_word' id='word_1_315' title='bbox 2486 1966 2551 2020; x_wconf 85' lang='grc' dir='ltr'><strong>Ἦ</strong></span> <span class='ocrx_word' id='word_1_316' title='bbox 2580 1968 2637 2021; x_wconf 70' lang='grc' dir='ltr'><strong>δὲ</strong></span> <span class='ocrx_word' id='word_1_317' title='bbox 2673 1968 2774 2038; x_wconf 82' lang='grc' dir='ltr'>τὴν</span> <span class='ocrx_word' id='word_1_318' title='bbox 2823 1967 3034 2038; x_wconf 78' lang='grc' dir='ltr'><strong>μητέρα</strong></span> <span class='ocrx_word' id='word_1_319' title='bbox 3086 1966 3180 2020; x_wconf 74' lang='grc' dir='ltr'>καὶ</span> <span class='ocrx_word' id='word_1_320' title='bbox 3229 1966 3503 2031; x_wconf 78' lang='grc' dir='ltr'><strong>δεξιοῦται</strong></span> <span class='ocrx_word' id='word_1_321' title='bbox 3554 1965 3846 2034; x_wconf 76' lang='grc' dir='ltr'><strong>λαμπρῶς,</strong></span> <span class='ocrx_word' id='word_1_322' title='bbox 3880 1964 3975 2017; x_wconf 68' lang='grc' dir='ltr'>καὶ</span> 
     </span>
    </p>
   </div>
   <div class='ocr_carea' id='block_1_47' title="bbox 2407 2056 3983 2128">
    <p class='ocr_par' dir='ltr' id='par_1_47' title="bbox 2407 2056 3983 2128">
     <span class='ocr_line' id='line_1_47' title="bbox 2407 2056 3983 2128; baseline -0.003 -17"><span class='ocrx_word' id='word_1_323' title='bbox 2407 2059 2702 2128; x_wconf 74' lang='grc' dir='ltr'><strong>φιλοτίμως</strong></span> <span class='ocrx_word' id='word_1_324' title='bbox 2728 2059 3055 2122; x_wconf 71' lang='grc' dir='ltr'>ἀσπάζεται.</span> <span class='ocrx_word' id='word_1_325' title='bbox 3105 2059 3165 2110; x_wconf 90' lang='lat'><strong>&#39;0</strong></span> <span class='ocrx_word' id='word_1_326' title='bbox 3196 2060 3412 2127; x_wconf 84' lang='grc' dir='ltr'><strong>κρατῶν</strong></span> <span class='ocrx_word' id='word_1_327' title='bbox 3436 2056 3569 2124; x_wconf 85' lang='grc' dir='ltr'>γοῦν</span> <span class='ocrx_word' id='word_1_328' title='bbox 3607 2059 3868 2127; x_wconf 65' lang='grc' dir='ltr'><strong>ἀρρήτως</strong></span> <span class='ocrx_word' id='word_1_329' title='bbox 3919 2058 3983 2124; x_wconf 74' lang='grc' dir='ltr'><strong>τῇ</strong></span> 
     </span>
    </p>
   </div>
   <div class='ocr_carea' id='block_1_48' title="bbox 2403 2146 3979 2220">
    <p class='ocr_par' dir='ltr' id='par_1_48' title="bbox 2403 2146 3979 2220">
     <span class='ocr_line' id='line_1_48' title="bbox 2403 2146 3979 2220; baseline -0.003 -17"><span class='ocrx_word' id='word_1_330' title='bbox 2403 2150 2550 2220; x_wconf 72' lang='grc' dir='ltr'><strong>χειρὶ</strong></span> <span class='ocrx_word' id='word_1_331' title='bbox 2618 2151 2787 2220; x_wconf 73' lang='grc' dir='ltr'>πνοὴν</span> <span class='ocrx_word' id='word_1_332' title='bbox 2823 2153 3040 2205; x_wconf 76' lang='grc' dir='ltr'>ἃπασαν</span> <span class='ocrx_word' id='word_1_333' title='bbox 3090 2154 3182 2206; x_wconf 68' lang='grc' dir='ltr'>ἐπὶ</span> <span class='ocrx_word' id='word_1_334' title='bbox 3217 2153 3425 2220; x_wconf 79' lang='grc' dir='ltr'>ταύτην</span> <span class='ocrx_word' id='word_1_335' title='bbox 3457 2152 3704 2204; x_wconf 78' lang='grc' dir='ltr'><strong>κάτεισιν</strong></span> <span class='ocrx_word' id='word_1_336' title='bbox 3735 2150 3778 2180; x_wconf 77' lang='grc'>⁸⁸</span> <span class='ocrx_word' id='word_1_337' title='bbox 3806 2146 3979 2211; x_wconf 78' lang='grc' dir='ltr'>αὖθις,</span> 
     </span>
    </p>
   </div>
   <div class='ocr_carea' id='block_1_49' title="bbox 2403 2241 3982 2314">
    <p class='ocr_par' dir='ltr' id='par_1_49' title="bbox 2403 2241 3982 2314">
     <span class='ocr_line' id='line_1_49' title="bbox 2403 2241 3982 2314; baseline -0.004 -19"><span class='ocrx_word' id='word_1_338' title='bbox 2403 2243 2502 2295; x_wconf 83' lang='grc' dir='ltr'>οὐκ</span> <span class='ocrx_word' id='word_1_339' title='bbox 2533 2244 2850 2313; x_wconf 77' lang='grc' dir='ltr'>ὲνοικήσων,</span> <span class='ocrx_word' id='word_1_340' title='bbox 2884 2244 2960 2307; x_wconf 84' lang='grc' dir='ltr'><strong>ὡς</strong></span> <span class='ocrx_word' id='word_1_341' title='bbox 2989 2245 3142 2314; x_wconf 78' lang='grc' dir='ltr'>πρὶν,</span> <span class='ocrx_word' id='word_1_342' title='bbox 3175 2245 3291 2298; x_wconf 78' lang='grc' dir='ltr'>ἀλλ’</span> <span class='ocrx_word' id='word_1_343' title='bbox 3326 2243 3401 2304; x_wconf 80' lang='grc' dir='ltr'><strong>ὡς</strong></span> <span class='ocrx_word' id='word_1_344' title='bbox 3433 2245 3631 2305; x_wconf 69' lang='grc' dir='ltr'>εἰπεῖν,</span> <span class='ocrx_word' id='word_1_345' title='bbox 3675 2241 3982 2304; x_wconf 77' lang='grc' dir='ltr'>ὲξοικξσων,</span> 
     </span>
    </p>
   </div>
   <div class='ocr_carea' id='block_1_50' title="bbox 2405 2327 3981 2406">
    <p class='ocr_par' dir='ltr' id='par_1_50' title="bbox 2405 2327 3981 2406">
     <span class='ocr_line' id='line_1_50' title="bbox 2405 2327 3981 2406; baseline -0.001 -23"><span class='ocrx_word' id='word_1_346' title='bbox 2405 2331 2605 2400; x_wconf 83' lang='grc' dir='ltr'>μᾶλλον</span> <span class='ocrx_word' id='word_1_347' title='bbox 2631 2332 2684 2385; x_wconf 82' lang='grc' dir='ltr'><strong>δὲ</strong></span> <span class='ocrx_word' id='word_1_348' title='bbox 2714 2332 3063 2399; x_wconf 80' lang='grc' dir='ltr'>κατοικίσων,</span> <span class='ocrx_word' id='word_1_349' title='bbox 3089 2327 3150 2386; x_wconf 81' lang='grc' dir='ltr'><strong>οῦ</strong></span> <span class='ocrx_word' id='word_1_350' title='bbox 3192 2334 3666 2406; x_wconf 81' lang='grc' dir='ltr'><strong>πρεπωδέστερον,</strong></span> <span class='ocrx_word' id='word_1_351' title='bbox 3690 2331 3785 2383; x_wconf 72' lang='grc' dir='ltr'><strong>καὶ</strong></span> <span class='ocrx_word' id='word_1_352' title='bbox 3818 2331 3981 2399; x_wconf 75' lang='grc' dir='ltr'><strong>μετά-</strong></span> 
     </span>
    </p>
   </div>
   <div class='ocr_carea' id='block_1_51' title="bbox 2403 2423 3982 2496">
    <p class='ocr_par' dir='ltr' id='par_1_51' title="bbox 2403 2423 3982 2496">
     <span class='ocr_line' id='line_1_51' title="bbox 2403 2423 3982 2496; baseline -0.011 -8"><span class='ocrx_word' id='word_1_353' title='bbox 2403 2425 2508 2488; x_wconf 78' lang='grc' dir='ltr'>ξων</span> <span class='ocrx_word' id='word_1_354' title='bbox 2542 2424 2794 2478; x_wconf 81' lang='grc' dir='ltr'>ἐντεῦθεν</span> <span class='ocrx_word' id='word_1_355' title='bbox 2854 2425 2992 2495; x_wconf 76' lang='grc' dir='ltr'>πρὸς</span> <span class='ocrx_word' id='word_1_356' title='bbox 3047 2425 3239 2479; x_wconf 78' lang='grc' dir='ltr'>ἑαυτὸν</span> <span class='ocrx_word' id='word_1_357' title='bbox 3293 2425 3390 2496; x_wconf 82' lang='grc' dir='ltr'><strong>τὴν</strong></span> <span class='ocrx_word' id='word_1_358' title='bbox 3427 2426 3486 2477; x_wconf 70' lang='lat' dir='ltr'><strong>tv</strong></span> <span class='ocrx_word' id='word_1_359' title='bbox 3541 2424 3871 2490; x_wconf 80' lang='grc' dir='ltr'>σπλάγχνοις</span> <span class='ocrx_word' id='word_1_360' title='bbox 3921 2423 3982 2471; x_wconf 86' lang='grc' dir='ltr'>ά-</span> 
     </span>
    </p>
   </div>
   <div class='ocr_carea' id='block_1_52' title="bbox 2403 2514 3987 2588">
    <p class='ocr_par' dir='ltr' id='par_1_52' title="bbox 2403 2514 3987 2588">
     <span class='ocr_line' id='line_1_52' title="bbox 2403 2514 3987 2588; baseline -0.005 -18"><span class='ocrx_word' id='word_1_361' title='bbox 2403 2518 2658 2587; x_wconf 83' lang='grc' dir='ltr'>χράντοις</span> <span class='ocrx_word' id='word_1_362' title='bbox 2714 2518 3018 2572; x_wconf 78' lang='grc' dir='ltr'><strong>κενωθέντα</strong></span> <span class='ocrx_word' id='word_1_363' title='bbox 3087 2519 3458 2588; x_wconf 72' lang='grc' dir='ltr'>βαστάσασαν.</span> <span class='ocrx_word' id='word_1_364' title='bbox 3523 2517 3620 2568; x_wconf 72' lang='grc' dir='ltr'><strong>Διὰ</strong></span> <span class='ocrx_word' id='word_1_365' title='bbox 3673 2514 3834 2568; x_wconf 80' lang='grc' dir='ltr'>τοῦτο</span> <span class='ocrx_word' id='word_1_366' title='bbox 3891 2515 3987 2564; x_wconf 73' lang='grc' dir='ltr'><strong>καὶ</strong></span> 
     </span>
    </p>
   </div>
   <div class='ocr_carea' id='block_1_53' title="bbox 2405 2605 3988 2682">
    <p class='ocr_par' dir='ltr' id='par_1_53' title="bbox 2405 2605 3988 2682">
     <span class='ocr_line' id='line_1_53' title="bbox 2405 2605 3988 2682; baseline -0.003 -22"><span class='ocrx_word' id='word_1_367' title='bbox 2405 2611 2661 2679; x_wconf 82' lang='grc' dir='ltr'>πάρεστι·</span> <span class='ocrx_word' id='word_1_368' title='bbox 2691 2613 2784 2664; x_wconf 69' lang='grc' dir='ltr'>καὶ</span> <span class='ocrx_word' id='word_1_369' title='bbox 2813 2611 3044 2682; x_wconf 81' lang='grc' dir='ltr'>στρατὸν</span> <span class='ocrx_word' id='word_1_370' title='bbox 3077 2610 3373 2678; x_wconf 76' lang='grc' dir='ltr'>άγγελικὸν</span> <span class='ocrx_word' id='word_1_371' title='bbox 3400 2611 3494 2661; x_wconf 79' lang='grc' dir='ltr'><strong>καὶ</strong></span> <span class='ocrx_word' id='word_1_372' title='bbox 3522 2610 3777 2677; x_wconf 72' lang='grc' dir='ltr'>οὐράνιον</span> <span class='ocrx_word' id='word_1_373' title='bbox 3812 2605 3988 2673; x_wconf 60' lang='grc' dir='ltr'><strong>ἑαυτῷ</strong></span> 
     </span>
    </p>
   </div>
   <div class='ocr_carea' id='block_1_54' title="bbox 2417 2696 3988 2772">
    <p class='ocr_par' dir='ltr' id='par_1_54' title="bbox 2417 2696 3988 2772">
     <span class='ocr_line' id='line_1_54' title="bbox 2417 2696 3988 2772; baseline -0.003 -19"><span class='ocrx_word' id='word_1_374' title='bbox 2417 2703 2458 2732; x_wconf 76' lang='grc'><strong>’⁸</strong></span> <span class='ocrx_word' id='word_1_375' title='bbox 2495 2702 2878 2770; x_wconf 85' lang='grc' dir='ltr'>συνεπάγεται·</span> <span class='ocrx_word' id='word_1_376' title='bbox 2921 2703 3038 2772; x_wconf 80' lang='grc' dir='ltr'><strong>μεθ’</strong></span> <span class='ocrx_word' id='word_1_377' title='bbox 3068 2696 3142 2757; x_wconf 84' lang='grc' dir='ltr'>ὧν</span> <span class='ocrx_word' id='word_1_378' title='bbox 3173 2704 3216 2734; x_wconf 65' lang='grc'><strong>⁸⁵</strong></span> <span class='ocrx_word' id='word_1_379' title='bbox 3245 2703 3408 2755; x_wconf 84' lang='grc' dir='ltr'>πάλιν</span> <span class='ocrx_word' id='word_1_380' title='bbox 3439 2702 3613 2754; x_wconf 75' lang='grc' dir='ltr'>ἄνεισι</span> <span class='ocrx_word' id='word_1_381' title='bbox 3655 2703 3721 2762; x_wconf 74' lang='grc'><strong>’⁵,</strong></span> <span class='ocrx_word' id='word_1_382' title='bbox 3761 2700 3859 2768; x_wconf 76' lang='grc' dir='ltr'><strong>τὴν</strong></span> <span class='ocrx_word' id='word_1_383' title='bbox 3897 2716 3988 2750; x_wconf 76' lang='grc' dir='ltr'><strong>τεο</strong></span> 
     </span>
    </p>
   </div>
   <div class='ocr_carea' id='block_1_55' title="bbox 2412 2793 3986 2866">
    <p class='ocr_par' dir='ltr' id='par_1_55' title="bbox 2412 2793 3986 2866">
     <span class='ocr_line' id='line_1_55' title="bbox 2412 2793 3986 2866; baseline -0.002 -19"><span class='ocrx_word' id='word_1_384' title='bbox 2412 2795 2616 2847; x_wconf 83' lang='grc' dir='ltr'>κοῦσαν</span> <span class='ocrx_word' id='word_1_385' title='bbox 2668 2797 2920 2862; x_wconf 81' lang='grc' dir='ltr'>ἀπάγων,</span> <span class='ocrx_word' id='word_1_386' title='bbox 2971 2798 3064 2850; x_wconf 76' lang='grc' dir='ltr'><strong>καὶ</strong></span> <span class='ocrx_word' id='word_1_387' title='bbox 3124 2797 3370 2866; x_wconf 80' lang='grc' dir='ltr'>μεγάλην</span> <span class='ocrx_word' id='word_1_388' title='bbox 3399 2797 3709 2848; x_wconf 81' lang='grc' dir='ltr'>ἀντέκτισιν</span> <span class='ocrx_word' id='word_1_389' title='bbox 3748 2793 3986 2860; x_wconf 84' lang='grc' dir='ltr'>μεγάλου</span> 
     </span>
    </p>
   </div>
   <div class='ocr_carea' id='block_1_56' title="bbox 2414 2884 3990 2955">
    <p class='ocr_par' dir='ltr' id='par_1_56' title="bbox 2414 2884 3990 2955">
     <span class='ocr_line' id='line_1_56' title="bbox 2414 2884 3990 2955; baseline -0.003 -18"><span class='ocrx_word' id='word_1_390' title='bbox 2414 2886 2766 2940; x_wconf 76' lang='grc' dir='ltr'>καταῦάλλων</span> <span class='ocrx_word' id='word_1_391' title='bbox 2805 2889 2846 2916; x_wconf 76' lang='grc'><strong>¹¹⁵</strong></span> <span class='ocrx_word' id='word_1_392' title='bbox 2872 2889 3107 2952; x_wconf 71' lang='grc' dir='ltr'>ὁανεέου,</span> <span class='ocrx_word' id='word_1_393' title='bbox 3161 2888 3586 2955; x_wconf 72' lang='grc' dir='ltr'>παλιγγενεσίαν</span> <span class='ocrx_word' id='word_1_394' title='bbox 3635 2885 3758 2937; x_wconf 74' lang='grc' dir='ltr'><strong>ἀντὶ</strong></span> <span class='ocrx_word' id='word_1_395' title='bbox 3797 2884 3990 2951; x_wconf 76' lang='grc' dir='ltr'>γεννή-</span> 
     </span>
    </p>
   </div>
   <div class='ocr_carea' id='block_1_57' title="bbox 2415 2981 3483 3052">
    <p class='ocr_par' dir='ltr' id='par_1_57' title="bbox 2415 2981 3483 3052">
     <span class='ocr_line' id='line_1_57' title="bbox 2415 2981 3483 3052; baseline 0.002 -22"><span class='ocrx_word' id='word_1_396' title='bbox 2415 2995 2574 3042; x_wconf 79' lang='grc' dir='ltr'>σεως,</span> <span class='ocrx_word' id='word_1_397' title='bbox 2606 2983 2702 3032; x_wconf 72' lang='grc' dir='ltr'><strong>καὶ</strong></span> <span class='ocrx_word' id='word_1_398' title='bbox 2735 2981 2856 3032; x_wconf 70' lang='grc' dir='ltr'><strong>ἀντὶ</strong></span> <span class='ocrx_word' id='word_1_399' title='bbox 2891 2981 3224 3052; x_wconf 79' lang='grc' dir='ltr'>σαρκώσεως</span> <span class='ocrx_word' id='word_1_400' title='bbox 3259 2981 3483 3034; x_wconf 82' lang='grc' dir='ltr'>Θέωσιν.</span> 
     </span>
    </p>
   </div>
   <div class='ocr_carea' id='block_1_58' title="bbox 733 3059 3991 3146">
    <p class='ocr_par' dir='ltr' id='par_1_58' title="bbox 733 3059 3991 3146">
     <span class='ocr_line' id='line_1_58' title="bbox 733 3059 3991 3146; baseline 0.002 -34"><span class='ocrx_word' id='word_1_401' title='bbox 733 3059 912 3113; x_wconf 71' lang='lat' dir='ltr'><strong>{mnus</strong></span> <span class='ocrx_word' id='word_1_402' title='bbox 952 3075 1049 3128; x_wconf 91' lang='lat' dir='ltr'><strong>pro</strong></span> <span class='ocrx_word' id='word_1_403' title='bbox 1085 3060 1286 3131; x_wconf 87' lang='lat' dir='ltr'><strong>ingenti</strong></span> <span class='ocrx_word' id='word_1_404' title='bbox 1333 3076 1495 3116; x_wconf 92' lang='lat' dir='ltr'><strong>usura</strong></span> <span class='ocrx_word' id='word_1_405' title='bbox 1527 3063 1838 3131; x_wconf 86' lang='lat' dir='ltr'><strong>persolvens</strong></span> <span class='ocrx_word' id='word_1_406' title='bbox 1866 3105 1883 3132; x_wconf 94' lang='lat'><strong>,</strong></span> <span class='ocrx_word' id='word_1_407' title='bbox 1916 3079 2012 3135; x_wconf 85' lang='lat' dir='ltr'><strong>pro</strong></span> <span class='ocrx_word' id='word_1_408' title='bbox 2062 3070 2412 3134; x_wconf 79' lang='lat' dir='ltr'><strong>generatione</strong></span> <span class='ocrx_word' id='word_1_409' title='bbox 2467 3075 2952 3144; x_wconf 80' lang='lat' dir='ltr'><strong>regenerationem,</strong></span> <span class='ocrx_word' id='word_1_410' title='bbox 3018 3083 3072 3131; x_wconf 89' lang='lat' dir='ltr'><strong>et</strong></span> <span class='ocrx_word' id='word_1_411' title='bbox 3128 3091 3227 3146; x_wconf 88' lang='lat' dir='ltr'><strong>pro</strong></span> <span class='ocrx_word' id='word_1_412' title='bbox 3260 3076 3496 3132; x_wconf 87' lang='lat' dir='ltr'><strong>humana</strong></span> <span class='ocrx_word' id='word_1_413' title='bbox 3539 3089 3703 3132; x_wconf 89' lang='lat' dir='ltr'><strong>carne</strong></span> <span class='ocrx_word' id='word_1_414' title='bbox 3772 3070 3991 3127; x_wconf 84' lang='lat' dir='ltr'><strong>dciﬁca’</strong></span> 
     </span>
    </p>
   </div>
   <div class='ocr_carea' id='block_1_59' title="bbox 735 3151 957 3202">
    <p class='ocr_par' dir='ltr' id='par_1_59' title="bbox 735 3151 957 3202">
     <span class='ocr_line' id='line_1_59' title="bbox 735 3151 957 3202; baseline -0.005 0"><span class='ocrx_word' id='word_1_415' title='bbox 735 3151 957 3202; x_wconf 86' lang='lat' dir='ltr'><strong>tionem.</strong></span> 
     </span>
    </p>
   </div>
   <div class='ocr_carea' id='block_1_60' title="bbox 808 3239 2309 3326">
    <p class='ocr_par' dir='ltr' id='par_1_60' title="bbox 808 3240 2293 3313">
     <span class='ocr_line' id='line_1_60' title="bbox 808 3240 2293 3313; baseline 0.005 -21"><span class='ocrx_word' id='word_1_416' title='bbox 808 3240 872 3296; x_wconf 88' lang='lat' dir='ltr'><strong>V.</strong></span> <span class='ocrx_word' id='word_1_417' title='bbox 917 3241 1040 3295; x_wconf 72' lang='lat' dir='ltr'><strong>llaec</strong></span> <span class='ocrx_word' id='word_1_418' title='bbox 1088 3242 1447 3298; x_wconf 88' lang='lat' dir='ltr'><strong>solemnitatis</strong></span> <span class='ocrx_word' id='word_1_419' title='bbox 1483 3244 1645 3313; x_wconf 87' lang='lat' dir='ltr'><strong>hujus</strong></span> <span class='ocrx_word' id='word_1_420' title='bbox 1678 3254 1875 3302; x_wconf 78' lang='lat' dir='ltr'><strong>nostra:</strong></span> <span class='ocrx_word' id='word_1_421' title='bbox 1915 3263 2124 3304; x_wconf 89' lang='lat' dir='ltr'><strong>summa</strong></span> <span class='ocrx_word' id='word_1_422' title='bbox 2172 3256 2293 3303; x_wconf 90' lang='lat' dir='ltr'><strong>est:</strong></span> 
     </span>
    </p>
   </div>
   <div class='ocr_carea' id='block_1_61' title="bbox 2411 3239 3989 3326">
    <p class='ocr_par' dir='ltr' id='par_1_61' title="bbox 2473 3239 3989 3319">
     <span class='ocr_line' id='line_1_61' title="bbox 2473 3239 3989 3319; baseline -0.002 -17"><span class='ocrx_word' id='word_1_423' title='bbox 2473 3251 2548 3302; x_wconf 87' lang='lat' dir='ltr'><strong>E&#39;.</strong></span> <span class='ocrx_word' id='word_1_424' title='bbox 2601 3248 2770 3303; x_wconf 89' lang='grc' dir='ltr'>Τοῦτο</span> <span class='ocrx_word' id='word_1_425' title='bbox 2797 3252 2928 3319; x_wconf 76' lang='grc' dir='ltr'>ἡμῖν</span> <span class='ocrx_word' id='word_1_426' title='bbox 2954 3250 3052 3314; x_wconf 82' lang='grc' dir='ltr'><strong>τῆς</strong></span> <span class='ocrx_word' id='word_1_427' title='bbox 3078 3250 3274 3317; x_wconf 79' lang='grc' dir='ltr'><strong>ἑορτῆς</strong></span> <span class='ocrx_word' id='word_1_428' title='bbox 3309 3248 3370 3301; x_wconf 80' lang='grc' dir='ltr'><strong>τὸ</strong></span> <span class='ocrx_word' id='word_1_429' title='bbox 3403 3249 3722 3315; x_wconf 68' lang='grc' dir='ltr'>κεφάλαιον·</span> <span class='ocrx_word' id='word_1_430' title='bbox 3772 3249 3916 3314; x_wconf 76' lang='grc' dir='ltr'><strong>αῦτη</strong></span> <span class='ocrx_word' id='word_1_431' title='bbox 3946 3239 3989 3278; x_wconf 78' lang='grc'><strong>¹’</strong></span> 
     </span>
    </p>
   </div>
   <div class='ocr_carea' id='block_1_62' title="bbox 728 3336 2304 3406">
    <p class='ocr_par' dir='ltr' id='par_1_62' title="bbox 728 3336 2304 3406">
     <span class='ocr_line' id='line_1_62' title="bbox 728 3336 2304 3406; baseline 0.004 -17"><span class='ocrx_word' id='word_1_432' title='bbox 728 3336 846 3390; x_wconf 65' lang='lat' dir='ltr'><strong>haec</strong></span> <span class='ocrx_word' id='word_1_433' title='bbox 876 3338 1155 3405; x_wconf 68' lang='lat' dir='ltr'><strong>prtescntis</strong></span> <span class='ocrx_word' id='word_1_434' title='bbox 1187 3336 1499 3392; x_wconf 83' lang='lat' dir='ltr'><strong>festivitatis</strong></span> <span class='ocrx_word' id='word_1_435' title='bbox 1541 3349 1767 3395; x_wconf 83' lang='lat' dir='ltr'><strong>tessera.</strong></span> <span class='ocrx_word' id='word_1_436' title='bbox 1799 3341 1931 3406; x_wconf 88' lang='lat' dir='ltr'><strong>Quis</strong></span> <span class='ocrx_word' id='word_1_437' title='bbox 1959 3343 2023 3396; x_wconf 89' lang='lat' dir='ltr'><strong>ad</strong></span> <span class='ocrx_word' id='word_1_438' title='bbox 2066 3343 2168 3398; x_wconf 90' lang='lat' dir='ltr'><strong>ista</strong></span> <span class='ocrx_word' id='word_1_439' title='bbox 2198 3359 2304 3397; x_wconf 93' lang='lat' dir='ltr'><strong>non</strong></span> 
     </span>
    </p>
   </div>
   <div class='ocr_carea' id='block_1_63' title="bbox 733 3428 2308 3504">
    <p class='ocr_par' dir='ltr' id='par_1_63' title="bbox 733 3428 2308 3504">
     <span class='ocr_line' id='line_1_63' title="bbox 733 3428 2308 3504; baseline 0.007 -25"><span class='ocrx_word' id='word_1_440' title='bbox 733 3428 964 3494; x_wconf 78' lang='lat' dir='ltr'><strong>lretetur,</strong></span> <span class='ocrx_word' id='word_1_441' title='bbox 993 3439 1046 3481; x_wconf 89' lang='lat' dir='ltr'><strong>et</strong></span> <span class='ocrx_word' id='word_1_442' title='bbox 1078 3429 1260 3482; x_wconf 89' lang='lat' dir='ltr'><strong>anima</strong></span> <span class='ocrx_word' id='word_1_443' title='bbox 1319 3433 1524 3484; x_wconf 87' lang='lat' dir='ltr'><strong>sensim</strong></span> <span class='ocrx_word' id='word_1_444' title='bbox 1578 3448 1683 3485; x_wconf 92' lang='lat' dir='ltr'><strong>non</strong></span> <span class='ocrx_word' id='word_1_445' title='bbox 1750 3434 2084 3501; x_wconf 86' lang='lat' dir='ltr'><strong>attollatur,</strong></span> <span class='ocrx_word' id='word_1_446' title='bbox 2145 3445 2308 3504; x_wconf 88' lang='lat' dir='ltr'><strong>atque</strong></span> 
     </span>
    </p>
   </div>
   <div class='ocr_carea' id='block_1_64' title="bbox 733 3521 2307 3596">
    <p class='ocr_par' dir='ltr' id='par_1_64' title="bbox 733 3521 2307 3596">
     <span class='ocr_line' id='line_1_64' title="bbox 733 3521 2307 3596; baseline 0.005 -23"><span class='ocrx_word' id='word_1_447' title='bbox 733 3521 849 3588; x_wconf 89' lang='lat' dir='ltr'><strong>ipso</strong></span> <span class='ocrx_word' id='word_1_448' title='bbox 879 3536 1106 3589; x_wconf 89' lang='lat' dir='ltr'><strong>corpore</strong></span> <span class='ocrx_word' id='word_1_449' title='bbox 1141 3523 1274 3576; x_wconf 82' lang='lat' dir='ltr'><strong>levis</strong></span> <span class='ocrx_word' id='word_1_450' title='bbox 1305 3539 1411 3576; x_wconf 93' lang='lat' dir='ltr'><strong>non</strong></span> <span class='ocrx_word' id='word_1_451' title='bbox 1445 3525 1780 3591; x_wconf 75' lang='lat' dir='ltr'><strong>sublevetur,</strong></span> <span class='ocrx_word' id='word_1_452' title='bbox 1815 3535 2072 3596; x_wconf 90' lang='lat' dir='ltr'><strong>totusque</strong></span> <span class='ocrx_word' id='word_1_453' title='bbox 2127 3527 2180 3580; x_wconf 93' lang='lat' dir='ltr'><strong>in</strong></span> <span class='ocrx_word' id='word_1_454' title='bbox 2212 3543 2307 3581; x_wconf 85' lang='lat' dir='ltr'><strong>su-</strong></span> 
     </span>
    </p>
   </div>
   <div class='ocr_carea' id='block_1_65' title="bbox 735 3610 2314 3685">
    <p class='ocr_par' dir='ltr' id='par_1_65' title="bbox 735 3610 2314 3685">
     <span class='ocr_line' id='line_1_65' title="bbox 735 3610 2314 3685; baseline 0.003 -21"><span class='ocrx_word' id='word_1_455' title='bbox 735 3611 900 3668; x_wconf 90' lang='lat' dir='ltr'><strong>blime</strong></span> <span class='ocrx_word' id='word_1_456' title='bbox 933 3610 1186 3667; x_wconf 88' lang='lat' dir='ltr'><strong>feratur?</strong></span> <span class='ocrx_word' id='word_1_457' title='bbox 1221 3613 1520 3680; x_wconf 76' lang='lat' dir='ltr'><strong>Cuiusnam</strong></span> <span class='ocrx_word' id='word_1_458' title='bbox 1556 3616 1730 3669; x_wconf 89' lang='lat' dir='ltr'><strong>oculis</strong></span> <span class='ocrx_word' id='word_1_459' title='bbox 1791 3616 2056 3684; x_wconf 82' lang='lat' dir='ltr'><strong>ejusmodi</strong></span> <span class='ocrx_word' id='word_1_460' title='bbox 2102 3627 2314 3685; x_wconf 81' lang='lat' dir='ltr'><strong>speeta-</strong></span> 
     </span>
    </p>
   </div>
   <div class='ocr_carea' id='block_1_66' title="bbox 734 3707 2317 3777">
    <p class='ocr_par' dir='ltr' id='par_1_66' title="bbox 734 3707 2317 3777">
     <span class='ocr_line' id='line_1_66' title="bbox 734 3707 2317 3777; baseline 0.003 -19"><span class='ocrx_word' id='word_1_461' title='bbox 734 3707 916 3759; x_wconf 87' lang='lat' dir='ltr'><strong>eulum</strong></span> <span class='ocrx_word' id='word_1_462' title='bbox 950 3708 1307 3773; x_wconf 88' lang='lat' dir='ltr'><strong>obversetur,</strong></span> <span class='ocrx_word' id='word_1_463' title='bbox 1343 3719 1399 3763; x_wconf 90' lang='lat' dir='ltr'><strong>et</strong></span> <span class='ocrx_word' id='word_1_464' title='bbox 1434 3725 1542 3764; x_wconf 90' lang='lat' dir='ltr'><strong>non</strong></span> <span class='ocrx_word' id='word_1_465' title='bbox 1586 3726 1804 3765; x_wconf 84' lang='lat' dir='ltr'><strong>sursum</strong></span> <span class='ocrx_word' id='word_1_466' title='bbox 1864 3709 2171 3764; x_wconf 81' lang='lat' dir='ltr'><strong>attrahatur</strong></span> <span class='ocrx_word' id='word_1_467' title='bbox 2197 3751 2212 3777; x_wconf 96' lang='lat'><strong>,</strong></span> <span class='ocrx_word' id='word_1_468' title='bbox 2265 3717 2317 3764; x_wconf 91' lang='lat' dir='ltr'><strong>et</strong></span> 
     </span>
    </p>
   </div>
   <div class='ocr_carea' id='block_1_67' title="bbox 736 3800 2312 3870">
    <p class='ocr_par' dir='ltr' id='par_1_67' title="bbox 736 3800 2312 3870">
     <span class='ocr_line' id='line_1_67' title="bbox 736 3800 2312 3870; baseline 0.004 -21"><span class='ocrx_word' id='word_1_469' title='bbox 736 3806 1056 3852; x_wconf 86' lang='lat' dir='ltr'><strong>contemnat</strong></span> <span class='ocrx_word' id='word_1_470' title='bbox 1087 3800 1294 3868; x_wconf 79' lang='lat' dir='ltr'><strong>reliqua</strong></span> <span class='ocrx_word' id='word_1_471' title='bbox 1329 3801 1533 3867; x_wconf 87' lang='lat' dir='ltr'><strong>omnia,</strong></span> <span class='ocrx_word' id='word_1_472' title='bbox 1566 3809 1729 3870; x_wconf 82' lang='lat' dir='ltr'><strong>atque</strong></span> <span class='ocrx_word' id='word_1_473' title='bbox 1749 3803 1813 3856; x_wconf 92' lang='lat' dir='ltr'><strong>ad</strong></span> <span class='ocrx_word' id='word_1_474' title='bbox 1849 3802 1950 3856; x_wconf 88' lang='lat' dir='ltr'><strong>hoc</strong></span> <span class='ocrx_word' id='word_1_475' title='bbox 1985 3819 2152 3856; x_wconf 89' lang='lat' dir='ltr'><strong>unum</strong></span> <span class='ocrx_word' id='word_1_476' title='bbox 2207 3819 2312 3856; x_wconf 91' lang='lat' dir='ltr'><strong>non</strong></span> 
     </span>
    </p>
   </div>
   <div class='ocr_carea' id='block_1_68' title="bbox 738 3887 2306 3956">
    <p class='ocr_par' dir='ltr' id='par_1_68' title="bbox 738 3887 2306 3956">
     <span class='ocr_line' id='line_1_68' title="bbox 738 3887 2306 3956; baseline 0.003 -17"><span class='ocrx_word' id='word_1_477' title='bbox 738 3887 1022 3956; x_wconf 82' lang='lat' dir='ltr'><strong>rapiatur?</strong></span> <span class='ocrx_word' id='word_1_478' title='bbox 1061 3887 1318 3952; x_wconf 61' lang='lat' dir='ltr'><strong>Quanam</strong></span> <span class='ocrx_word' id='word_1_479' title='bbox 1381 3890 1606 3943; x_wconf 88' lang='lat' dir='ltr'><strong>suavior</strong></span> <span class='ocrx_word' id='word_1_480' title='bbox 1664 3890 2000 3944; x_wconf 86' lang='lat' dir='ltr'><strong>oblectatio?</strong></span> <span class='ocrx_word' id='word_1_481' title='bbox 2043 3892 2306 3956; x_wconf 72' lang='lat' dir='ltr'><strong>Quasnam</strong></span> 
     </span>
    </p>
   </div>
   <div class='ocr_carea' id='block_1_69' title="bbox 735 3981 2314 4052">
    <p class='ocr_par' dir='ltr' id='par_1_69' title="bbox 735 3981 2314 4052">
     <span class='ocr_line' id='line_1_69' title="bbox 735 3981 2314 4052; baseline 0.003 -18"><span class='ocrx_word' id='word_1_482' title='bbox 735 3981 978 4050; x_wconf 88' lang='lat' dir='ltr'><strong>potiores</strong></span> <span class='ocrx_word' id='word_1_483' title='bbox 1007 3981 1256 4034; x_wconf 63' lang='lat' dir='ltr'><strong>delicia}?</strong></span> <span class='ocrx_word' id='word_1_484' title='bbox 1287 3981 1418 4046; x_wconf 63' lang='lat' dir='ltr'><strong>Quae</strong></span> <span class='ocrx_word' id='word_1_485' title='bbox 1448 3982 1554 4034; x_wconf 88' lang='lat' dir='ltr'><strong>alia</strong></span> <span class='ocrx_word' id='word_1_486' title='bbox 1577 3984 1830 4051; x_wconf 86' lang='lat' dir='ltr'><strong>voluptas</strong></span> <span class='ocrx_word' id='word_1_487' title='bbox 1859 3998 1967 4052; x_wconf 74' lang='lat' dir='ltr'><strong>prae</strong></span> <span class='ocrx_word' id='word_1_488' title='bbox 1999 3984 2314 4052; x_wconf 88' lang='lat' dir='ltr'><strong>hujusmodi</strong></span> 
     </span>
    </p>
   </div>
   <div class='ocr_carea' id='block_1_70' title="bbox 739 4072 2315 4143">
    <p class='ocr_par' dir='ltr' id='par_1_70' title="bbox 739 4072 2315 4143">
     <span class='ocr_line' id='line_1_70' title="bbox 739 4072 2315 4143; baseline 0.004 -19"><span class='ocrx_word' id='word_1_489' title='bbox 739 4073 1008 4127; x_wconf 87' lang='lat' dir='ltr'><strong>hilaritate</strong></span> <span class='ocrx_word' id='word_1_490' title='bbox 1033 4073 1374 4141; x_wconf 84' lang='lat' dir='ltr'><strong>jucundior?</strong></span> <span class='ocrx_word' id='word_1_491' title='bbox 1424 4072 1526 4128; x_wconf 90' lang='lat' dir='ltr'><strong>Ubi</strong></span> <span class='ocrx_word' id='word_1_492' title='bbox 1561 4081 1614 4127; x_wconf 92' lang='lat' dir='ltr'><strong>et</strong></span> <span class='ocrx_word' id='word_1_493' title='bbox 1659 4089 1901 4143; x_wconf 63' lang='lat' dir='ltr'><strong>presens</strong></span> <span class='ocrx_word' id='word_1_494' title='bbox 1936 4075 2090 4128; x_wconf 82' lang='lat' dir='ltr'><strong>adest</strong></span> <span class='ocrx_word' id='word_1_495' title='bbox 2123 4075 2264 4130; x_wconf 86' lang='lat' dir='ltr'><strong>Deus</strong></span> <span class='ocrx_word' id='word_1_496' title='bbox 2299 4115 2315 4142; x_wconf 94' lang='lat'><strong>,</strong></span> 
     </span>
    </p>
   </div>
   <div class='ocr_carea' id='block_1_71' title="bbox 734 4160 2306 4230">
    <p class='ocr_par' dir='ltr' id='par_1_71' title="bbox 734 4160 2306 4230">
     <span class='ocr_line' id='line_1_71' title="bbox 734 4160 2306 4230; baseline -0.001 -14"><span class='ocrx_word' id='word_1_497' title='bbox 734 4169 789 4216; x_wconf 90' lang='lat' dir='ltr'><strong>et</strong></span> <span class='ocrx_word' id='word_1_498' title='bbox 828 4160 990 4216; x_wconf 89' lang='lat' dir='ltr'><strong>simul</strong></span> <span class='ocrx_word' id='word_1_499' title='bbox 1019 4169 1162 4215; x_wconf 90' lang='lat' dir='ltr'><strong>astat</strong></span> <span class='ocrx_word' id='word_1_500' title='bbox 1190 4161 1508 4230; x_wconf 82' lang='lat' dir='ltr'><strong>angelorum</strong></span> <span class='ocrx_word' id='word_1_501' title='bbox 1541 4161 1782 4226; x_wconf 86' lang='lat' dir='ltr'><strong>chorus,</strong></span> <span class='ocrx_word' id='word_1_502' title='bbox 1835 4168 1888 4214; x_wconf 92' lang='lat' dir='ltr'><strong>et</strong></span> <span class='ocrx_word' id='word_1_503' title='bbox 1939 4175 2098 4215; x_wconf 88' lang='lat' dir='ltr'><strong>sacro</strong></span> <span class='ocrx_word' id='word_1_504' title='bbox 2142 4161 2306 4214; x_wconf 79' lang='lat' dir='ltr'><strong>mini-</strong></span> 
     </span>
    </p>
   </div>
   <div class='ocr_carea' id='block_1_72' title="bbox 737 4251 2312 4322">
    <p class='ocr_par' dir='ltr' id='par_1_72' title="bbox 737 4251 2312 4322">
     <span class='ocr_line' id='line_1_72' title="bbox 737 4251 2312 4322; baseline -0.001 -16"><span class='ocrx_word' id='word_1_505' title='bbox 737 4270 762 4306; x_wconf 86' lang='lat' dir='ltr'><strong>s</strong></span> <span class='ocrx_word' id='word_1_506' title='bbox 791 4253 906 4307; x_wconf 88' lang='lat' dir='ltr'><strong>erio</strong></span> <span class='ocrx_word' id='word_1_507' title='bbox 932 4253 1237 4322; x_wconf 83' lang='lat' dir='ltr'><strong>funguntur</strong></span> <span class='ocrx_word' id='word_1_508' title='bbox 1270 4252 1507 4321; x_wconf 85' lang='lat' dir='ltr'><strong>apostoli</strong></span> <span class='ocrx_word' id='word_1_509' title='bbox 1541 4291 1556 4314; x_wconf 94' lang='lat'><strong>,</strong></span> <span class='ocrx_word' id='word_1_510' title='bbox 1585 4262 1638 4307; x_wconf 91' lang='lat' dir='ltr'><strong>et</strong></span> <span class='ocrx_word' id='word_1_511' title='bbox 1673 4251 1971 4306; x_wconf 81' lang='lat' dir='ltr'><strong>honoribus</strong></span> <span class='ocrx_word' id='word_1_512' title='bbox 2000 4253 2312 4307; x_wconf 90' lang='lat' dir='ltr'><strong>cumulatur</strong></span> 
     </span>
    </p>
   </div>
   <div class='ocr_carea' id='block_1_73' title="bbox 739 4342 2310 4413">
    <p class='ocr_par' dir='ltr' id='par_1_73' title="bbox 739 4342 2310 4413">
     <span class='ocr_line' id='line_1_73' title="bbox 739 4342 2310 4413; baseline -0.001 -17"><span class='ocrx_word' id='word_1_513' title='bbox 739 4345 831 4398; x_wconf 85' lang='lat' dir='ltr'><strong>Dei</strong></span> <span class='ocrx_word' id='word_1_514' title='bbox 855 4343 1046 4408; x_wconf 72' lang='lat' dir='ltr'><strong>Mater,</strong></span> <span class='ocrx_word' id='word_1_515' title='bbox 1079 4345 1133 4398; x_wconf 91' lang='lat' dir='ltr'><strong>in</strong></span> <span class='ocrx_word' id='word_1_516' title='bbox 1162 4344 1319 4413; x_wconf 86' lang='lat' dir='ltr'><strong>cujus</strong></span> <span class='ocrx_word' id='word_1_517' title='bbox 1349 4343 1578 4413; x_wconf 85' lang='lat' dir='ltr'><strong>gratiam</strong></span> <span class='ocrx_word' id='word_1_518' title='bbox 1621 4342 1736 4397; x_wconf 68' lang='lat' dir='ltr'><strong>haec</strong></span> <span class='ocrx_word' id='word_1_519' title='bbox 1784 4342 1967 4395; x_wconf 91' lang='lat' dir='ltr'><strong>omnia</strong></span> <span class='ocrx_word' id='word_1_520' title='bbox 1994 4383 2010 4406; x_wconf 93' lang='lat'><strong>,</strong></span> <span class='ocrx_word' id='word_1_521' title='bbox 2054 4349 2109 4395; x_wconf 90' lang='lat' dir='ltr'><strong>et</strong></span> <span class='ocrx_word' id='word_1_522' title='bbox 2152 4342 2310 4412; x_wconf 87' lang='lat' dir='ltr'><strong>cujus</strong></span> 
     </span>
    </p>
   </div>
   <div class='ocr_carea' id='block_1_74' title="bbox 738 4432 2092 4503">
    <p class='ocr_par' dir='ltr' id='par_1_74' title="bbox 738 4432 2092 4503">
     <span class='ocr_line' id='line_1_74' title="bbox 738 4432 2092 4503; baseline -0.001 -17"><span class='ocrx_word' id='word_1_523' title='bbox 738 4435 1121 4503; x_wconf 87' lang='lat' dir='ltr'><strong>splendoribus</strong></span> <span class='ocrx_word' id='word_1_524' title='bbox 1147 4433 1434 4503; x_wconf 89' lang='lat' dir='ltr'><strong>splendido</strong></span> <span class='ocrx_word' id='word_1_525' title='bbox 1473 4433 1669 4502; x_wconf 90' lang='lat' dir='ltr'><strong>plausu</strong></span> <span class='ocrx_word' id='word_1_526' title='bbox 1704 4432 2092 4501; x_wconf 87' lang='lat' dir='ltr'><strong>gratulantur?</strong></span> 
     </span>
    </p>
   </div>
   <div class='ocr_carea' id='block_1_75' title="bbox 2414 3340 3986 3410">
    <p class='ocr_par' dir='ltr' id='par_1_75' title="bbox 2414 3340 3986 3410">
     <span class='ocr_line' id='line_1_75' title="bbox 2414 3340 3986 3410; baseline 0.001 -20"><span class='ocrx_word' id='word_1_527' title='bbox 2414 3340 2512 3408; x_wconf 76' lang='grc' dir='ltr'><strong>τῆς</strong></span> <span class='ocrx_word' id='word_1_528' title='bbox 2545 3341 2757 3410; x_wconf 80' lang='grc' dir='ltr'><strong>ἡμέρας</strong></span> <span class='ocrx_word' id='word_1_529' title='bbox 2780 3343 2812 3409; x_wconf 84' lang='grc' dir='ltr'>ὴ</span> <span class='ocrx_word' id='word_1_530' title='bbox 2847 3340 3098 3409; x_wconf 84' lang='grc' dir='ltr'>δύναμις.</span> <span class='ocrx_word' id='word_1_531' title='bbox 3130 3341 3226 3402; x_wconf 79' lang='grc' dir='ltr'><strong>Τίς</strong></span> <span class='ocrx_word' id='word_1_532' title='bbox 3282 3340 3346 3391; x_wconf 74' lang='grc' dir='ltr'>ὀὑ</span> <span class='ocrx_word' id='word_1_533' title='bbox 3380 3341 3558 3408; x_wconf 83' lang='grc' dir='ltr'><strong>χαίρει</strong></span> <span class='ocrx_word' id='word_1_534' title='bbox 3605 3341 3744 3408; x_wconf 79' lang='grc' dir='ltr'>πρὸς</span> <span class='ocrx_word' id='word_1_535' title='bbox 3792 3341 3986 3404; x_wconf 82' lang='grc' dir='ltr'><strong>ταῦτα,</strong></span> 
     </span>
    </p>
   </div>
   <div class='ocr_carea' id='block_1_76' title="bbox 2412 3427 3985 3499">
    <p class='ocr_par' dir='ltr' id='par_1_76' title="bbox 2412 3427 3985 3499">
     <span class='ocr_line' id='line_1_76' title="bbox 2412 3427 3985 3499; baseline -0.004 -17"><span class='ocrx_word' id='word_1_536' title='bbox 2412 3432 2503 3483; x_wconf 75' lang='grc' dir='ltr'>καὶ</span> <span class='ocrx_word' id='word_1_537' title='bbox 2528 3431 2625 3499; x_wconf 81' lang='grc' dir='ltr'><strong>τὴν</strong></span> <span class='ocrx_word' id='word_1_538' title='bbox 2653 3429 2831 3499; x_wconf 78' lang='grc' dir='ltr'>ψυχὴν</span> <span class='ocrx_word' id='word_1_539' title='bbox 2865 3430 3054 3498; x_wconf 78' lang='grc' dir='ltr'><strong>ἠρέμα</strong></span> <span class='ocrx_word' id='word_1_540' title='bbox 3092 3428 3404 3498; x_wconf 82' lang='grc' dir='ltr'><strong>πτεροῦται,</strong></span> <span class='ocrx_word' id='word_1_541' title='bbox 3434 3429 3526 3479; x_wconf 65' lang='grc' dir='ltr'><strong>καὶ</strong></span> <span class='ocrx_word' id='word_1_542' title='bbox 3558 3427 3616 3478; x_wconf 70' lang='grc' dir='ltr'><strong>τὸ</strong></span> <span class='ocrx_word' id='word_1_543' title='bbox 3646 3427 3807 3496; x_wconf 77' lang='grc' dir='ltr'>σῶμα</span> <span class='ocrx_word' id='word_1_544' title='bbox 3855 3444 3985 3477; x_wconf 74' lang='grc' dir='ltr'>κου-</span> 
     </span>
    </p>
   </div>
   <div class='ocr_carea' id='block_1_77' title="bbox 2414 3519 3991 3589">
    <p class='ocr_par' dir='ltr' id='par_1_77' title="bbox 2414 3519 3991 3589">
     <span class='ocr_line' id='line_1_77' title="bbox 2414 3519 3991 3589; baseline -0.001 -17"><span class='ocrx_word' id='word_1_545' title='bbox 2414 3521 2655 3589; x_wconf 76' lang='grc' dir='ltr'>φίζεται,</span> <span class='ocrx_word' id='word_1_546' title='bbox 2706 3520 2799 3572; x_wconf 78' lang='grc' dir='ltr'><strong>καὶ</strong></span> <span class='ocrx_word' id='word_1_547' title='bbox 2875 3521 2993 3582; x_wconf 86' lang='grc' dir='ltr'>ὅλος</span> <span class='ocrx_word' id='word_1_548' title='bbox 3064 3522 3143 3581; x_wconf 73' lang='grc' dir='ltr'><strong>εἰς</strong></span> <span class='ocrx_word' id='word_1_549' title='bbox 3212 3519 3347 3588; x_wconf 69' lang='grc' dir='ltr'>ὕψος</span> <span class='ocrx_word' id='word_1_550' title='bbox 3396 3519 3842 3588; x_wconf 77' lang='grc' dir='ltr'><strong>μετεωρίζεται;</strong></span> <span class='ocrx_word' id='word_1_551' title='bbox 3896 3520 3991 3578; x_wconf 83' lang='grc' dir='ltr'><strong>Τίς</strong></span> 
     </span>
    </p>
   </div>
   <div class='ocr_carea' id='block_1_78' title="bbox 2416 3609 3991 3684">
    <p class='ocr_par' dir='ltr' id='par_1_78' title="bbox 2416 3609 3991 3684">
     <span class='ocr_line' id='line_1_78' title="bbox 2416 3609 3991 3684; baseline -0.002 -20"><span class='ocrx_word' id='word_1_552' title='bbox 2416 3613 2684 3684; x_wconf 74' lang='grc' dir='ltr'><strong>τοιούτοις</strong></span> <span class='ocrx_word' id='word_1_553' title='bbox 2738 3610 3009 3678; x_wconf 83' lang='grc' dir='ltr'>Θεάμασιν</span> <span class='ocrx_word' id='word_1_554' title='bbox 3066 3609 3330 3679; x_wconf 73' lang='grc' dir='ltr'>ἐντυχὼν,</span> <span class='ocrx_word' id='word_1_555' title='bbox 3392 3610 3492 3662; x_wconf 82' lang='grc' dir='ltr'>οὐκ</span> <span class='ocrx_word' id='word_1_556' title='bbox 3539 3609 3854 3677; x_wconf 75' lang='grc' dir='ltr'>ἐπαίρεται,</span> <span class='ocrx_word' id='word_1_557' title='bbox 3899 3611 3991 3661; x_wconf 73' lang='grc' dir='ltr'><strong>καὶ</strong></span> 
     </span>
    </p>
   </div>
   <div class='ocr_carea' id='block_1_79' title="bbox 2416 3701 3988 3775">
    <p class='ocr_par' dir='ltr' id='par_1_79' title="bbox 2416 3701 3988 3775">
     <span class='ocr_line' id='line_1_79' title="bbox 2416 3701 3988 3775; baseline -0.003 -19"><span class='ocrx_word' id='word_1_558' title='bbox 2416 3706 2742 3775; x_wconf 86' lang='grc' dir='ltr'><strong>περιφρονεί</strong></span> <span class='ocrx_word' id='word_1_559' title='bbox 2760 3703 2930 3756; x_wconf 76' lang='grc' dir='ltr'>τᾶλλα</span> <span class='ocrx_word' id='word_1_560' title='bbox 2959 3703 3158 3767; x_wconf 83' lang='grc' dir='ltr'>πάντα,</span> <span class='ocrx_word' id='word_1_561' title='bbox 3187 3702 3435 3770; x_wconf 73' lang='grc' dir='ltr'>καὶπρὸς</span> <span class='ocrx_word' id='word_1_562' title='bbox 3465 3701 3524 3753; x_wconf 81' lang='grc' dir='ltr'>ἓν</span> <span class='ocrx_word' id='word_1_563' title='bbox 3544 3701 3703 3754; x_wconf 89' lang='grc' dir='ltr'>τοῦτο</span> <span class='ocrx_word' id='word_1_564' title='bbox 3724 3702 3951 3770; x_wconf 76' lang='grc' dir='ltr'><strong>φέρεται</strong></span> <span class='ocrx_word' id='word_1_565' title='bbox 3974 3719 3988 3764; x_wconf 91' lang='grc'>;</span> 
     </span>
    </p>
   </div>
   <div class='ocr_carea' id='block_1_80' title="bbox 2415 3793 3990 3867">
    <p class='ocr_par' dir='ltr' id='par_1_80' title="bbox 2415 3793 3990 3867">
     <span class='ocr_line' id='line_1_80' title="bbox 2415 3793 3990 3867; baseline 0.003 -17"><span class='ocrx_word' id='word_1_566' title='bbox 2415 3799 2511 3860; x_wconf 76' lang='grc' dir='ltr'><strong>Τίς</strong></span> <span class='ocrx_word' id='word_1_567' title='bbox 2571 3798 2738 3867; x_wconf 76' lang='grc' dir='ltr'>ἡδίων</span> <span class='ocrx_word' id='word_1_568' title='bbox 2787 3796 3134 3860; x_wconf 82' lang='grc' dir='ltr'>ἀπόλαυσις;</span> <span class='ocrx_word' id='word_1_569' title='bbox 3193 3794 3288 3858; x_wconf 80' lang='grc' dir='ltr'><strong>Τίς</strong></span> <span class='ocrx_word' id='word_1_570' title='bbox 3325 3794 3566 3864; x_wconf 81' lang='grc' dir='ltr'>ἀμείνων</span> <span class='ocrx_word' id='word_1_571' title='bbox 3605 3794 3827 3862; x_wconf 71' lang='grc' dir='ltr'><strong>τρυφήῖ</strong></span> <span class='ocrx_word' id='word_1_572' title='bbox 3893 3793 3990 3854; x_wconf 83' lang='grc' dir='ltr'>Τίς</span> 
     </span>
    </p>
   </div>
   <div class='ocr_carea' id='block_1_81' title="bbox 2415 3886 3994 3961">
    <p class='ocr_par' dir='ltr' id='par_1_81' title="bbox 2415 3886 3994 3961">
     <span class='ocr_line' id='line_1_81' title="bbox 2415 3886 3994 3961; baseline -0.004 -17"><span class='ocrx_word' id='word_1_573' title='bbox 2415 3891 2578 3961; x_wconf 85' lang='grc' dir='ltr'><strong>ὲτέρα</strong></span> <span class='ocrx_word' id='word_1_574' title='bbox 2635 3891 2826 3960; x_wconf 72' lang='grc' dir='ltr'><strong>τέρψις</strong></span> <span class='ocrx_word' id='word_1_575' title='bbox 2882 3889 3213 3960; x_wconf 83' lang='grc' dir='ltr'><strong>χαριεστέρα</strong></span> <span class='ocrx_word' id='word_1_576' title='bbox 3262 3887 3363 3956; x_wconf 83' lang='grc' dir='ltr'>τῆς</span> <span class='ocrx_word' id='word_1_577' title='bbox 3383 3886 3654 3939; x_wconf 66' lang='lat' dir='ltr'><strong>&quot;satiatae</strong></span> <span class='ocrx_word' id='word_1_578' title='bbox 3705 3886 3994 3954; x_wconf 75' lang='grc' dir='ltr'><strong>φαιδρότη-</strong></span> 
     </span>
    </p>
   </div>
   <div class='ocr_carea' id='block_1_82' title="bbox 2412 3976 3992 4048">
    <p class='ocr_par' dir='ltr' id='par_1_82' title="bbox 2412 3976 3992 4048">
     <span class='ocr_line' id='line_1_82' title="bbox 2412 3976 3992 4048; baseline -0.006 -14"><span class='ocrx_word' id='word_1_579' title='bbox 2412 3998 2505 4044; x_wconf 81' lang='grc' dir='ltr'><strong>τος</strong></span> <span class='ocrx_word' id='word_1_580' title='bbox 2537 3998 2552 4046; x_wconf 87' lang='grc'><strong>;</strong></span> <span class='ocrx_word' id='word_1_581' title='bbox 2599 3982 2700 4034; x_wconf 87' lang='grc' dir='ltr'>Ἦν</span> <span class='ocrx_word' id='word_1_582' title='bbox 2729 3980 2862 4044; x_wconf 87' lang='grc' dir='ltr'>Θεός</span> <span class='ocrx_word' id='word_1_583' title='bbox 2905 3997 2966 4032; x_wconf 80' lang='grc' dir='ltr'><strong>τε</strong></span> <span class='ocrx_word' id='word_1_584' title='bbox 3006 3978 3223 4048; x_wconf 85' lang='grc' dir='ltr'>παρὼν,</span> <span class='ocrx_word' id='word_1_585' title='bbox 3255 3979 3351 4030; x_wconf 74' lang='grc' dir='ltr'><strong>καὶ</strong></span> <span class='ocrx_word' id='word_1_586' title='bbox 3373 3977 3535 4045; x_wconf 64' lang='grc' dir='ltr'>χορὸς</span> <span class='ocrx_word' id='word_1_587' title='bbox 3568 3976 3820 4042; x_wconf 79' lang='grc' dir='ltr'>ἀγγέλων</span> <span class='ocrx_word' id='word_1_588' title='bbox 3863 3991 3992 4026; x_wconf 86' lang='grc' dir='ltr'>συν-</span> 
     </span>
    </p>
   </div>
   <div class='ocr_carea' id='block_1_83' title="bbox 2419 4063 3992 4140">
    <p class='ocr_par' dir='ltr' id='par_1_83' title="bbox 2419 4063 3992 4140">
     <span class='ocr_line' id='line_1_83' title="bbox 2419 4063 3992 4140; baseline -0.006 -14"><span class='ocrx_word' id='word_1_589' title='bbox 2419 4073 2516 4136; x_wconf 85' lang='grc' dir='ltr'><strong>ὼν,</strong></span> <span class='ocrx_word' id='word_1_590' title='bbox 2544 4074 2637 4126; x_wconf 75' lang='grc' dir='ltr'>καὶ</span> <span class='ocrx_word' id='word_1_591' title='bbox 2661 4070 3103 4140; x_wconf 85' lang='grc' dir='ltr'>λειτουργοῦντες</span> <span class='ocrx_word' id='word_1_592' title='bbox 3147 4068 3459 4131; x_wconf 81' lang='grc' dir='ltr'>ἀπόστολοι,</span> <span class='ocrx_word' id='word_1_593' title='bbox 3494 4068 3588 4120; x_wconf 74' lang='grc' dir='ltr'><strong>καὶ</strong></span> <span class='ocrx_word' id='word_1_594' title='bbox 3633 4067 3838 4134; x_wconf 79' lang='grc' dir='ltr'><strong>Μήτηρ</strong></span> <span class='ocrx_word' id='word_1_595' title='bbox 3858 4063 3992 4117; x_wconf 84' lang='grc' dir='ltr'>Θεοῦ</span> 
     </span>
    </p>
   </div>
   <div class='ocr_carea' id='block_1_84' title="bbox 2417 4157 3996 4234">
    <p class='ocr_par' dir='ltr' id='par_1_84' title="bbox 2417 4157 3996 4234">
     <span class='ocr_line' id='line_1_84' title="bbox 2417 4157 3996 4234; baseline -0.006 -17"><span class='ocrx_word' id='word_1_596' title='bbox 2417 4165 2722 4234; x_wconf 79' lang='grc' dir='ltr'><strong>τιμωμένη,</strong></span> <span class='ocrx_word' id='word_1_597' title='bbox 2751 4164 2817 4216; x_wconf 83' lang='grc' dir='ltr'><strong>δι’</strong></span> <span class='ocrx_word' id='word_1_598' title='bbox 2855 4163 2920 4232; x_wconf 79' lang='grc' dir='ltr'>ἢν</span> <span class='ocrx_word' id='word_1_599' title='bbox 2957 4160 3134 4215; x_wconf 87' lang='grc' dir='ltr'><strong>ταῦτα</strong></span> <span class='ocrx_word' id='word_1_600' title='bbox 3161 4161 3363 4225; x_wconf 86' lang='grc' dir='ltr'>πάντα,</span> <span class='ocrx_word' id='word_1_601' title='bbox 3421 4164 3518 4214; x_wconf 70' lang='grc' dir='ltr'><strong>καὶ</strong></span> <span class='ocrx_word' id='word_1_602' title='bbox 3579 4157 3710 4227; x_wconf 79' lang='grc' dir='ltr'>περὶ</span> <span class='ocrx_word' id='word_1_603' title='bbox 3741 4158 3810 4227; x_wconf 81' lang='grc' dir='ltr'>ἦν</span> <span class='ocrx_word' id='word_1_604' title='bbox 3857 4159 3996 4226; x_wconf 79' lang='grc' dir='ltr'>λαμ-</span> 
     </span>
    </p>
   </div>
   <div class='ocr_carea' id='block_1_85' title="bbox 2420 4253 3320 4328">
    <p class='ocr_par' dir='ltr' id='par_1_85' title="bbox 2420 4253 3320 4328">
     <span class='ocr_line' id='line_1_85' title="bbox 2420 4253 3320 4328; baseline -0.004 -20"><span class='ocrx_word' id='word_1_605' title='bbox 2420 4258 2568 4328; x_wconf 79' lang='grc' dir='ltr'>πρὰν</span> <span class='ocrx_word' id='word_1_606' title='bbox 2583 4256 2850 4326; x_wconf 80' lang='grc' dir='ltr'>λαμπρῶς</span> <span class='ocrx_word' id='word_1_607' title='bbox 2883 4253 3270 4323; x_wconf 85' lang='grc' dir='ltr'>συγκροτοῦσιν</span> <span class='ocrx_word' id='word_1_608' title='bbox 3304 4269 3320 4317; x_wconf 86' lang='lat'><strong>;</strong></span> 
     </span>
    </p>
   </div>
   <div class='ocr_carea' id='block_1_86' title="bbox 2057 4541 2617 4605">
    <p class='ocr_par' dir='ltr' id='par_1_86' title="bbox 2057 4541 2617 4605">
     <span class='ocr_line' id='line_1_86' title="bbox 2057 4541 2617 4605; baseline 0.005 -6"><span class='ocrx_word' id='word_1_609' title='bbox 2057 4542 2256 4602; x_wconf 67' lang='lat' dir='ltr'><strong>Variae</strong></span> <span class='ocrx_word' id='word_1_610' title='bbox 2288 4541 2617 4605; x_wconf 89' lang='lat' dir='ltr'><strong>lectiones.</strong></span> 
     </span>
    </p>
   </div>
   <div class='ocr_carea' id='block_1_87' title="bbox 811 4639 3666 4764">
    <p class='ocr_par' dir='ltr' id='par_1_87' title="bbox 811 4639 3666 4764">
     <span class='ocr_line' id='line_1_87' title="bbox 811 4639 3666 4712; baseline -0.002 -13"><span class='ocrx_word' id='word_1_611' title='bbox 811 4649 831 4678; x_wconf 82' lang='lat'><strong>’</strong></span> <span class='ocrx_word' id='word_1_612' title='bbox 864 4646 998 4699; x_wconf 88' lang='lat' dir='ltr'><strong>Cod.</strong></span> <span class='ocrx_word' id='word_1_613' title='bbox 1033 4646 1202 4698; x_wconf 89' lang='lat' dir='ltr'><strong>Laur.</strong></span> <span class='ocrx_word' id='word_1_614' title='bbox 1237 4645 1454 4712; x_wconf 76' lang='grc' dir='ltr'><strong>μεῖζων.</strong></span> <span class='ocrx_word' id='word_1_615' title='bbox 1492 4644 1582 4696; x_wconf 90' lang='lat' dir='ltr'><strong>ubi</strong></span> <span class='ocrx_word' id='word_1_616' title='bbox 1618 4645 1733 4710; x_wconf 92' lang='lat' dir='ltr'><strong>ipse</strong></span> <span class='ocrx_word' id='word_1_617' title='bbox 1787 4653 2048 4697; x_wconf 85' lang='lat' dir='ltr'><strong>accentus</strong></span> <span class='ocrx_word' id='word_1_618' title='bbox 2105 4643 2490 4697; x_wconf 83' lang='lat' dir='ltr'><strong>circumﬂexus</strong></span> <span class='ocrx_word' id='word_1_619' title='bbox 2551 4645 2788 4698; x_wconf 88' lang='lat' dir='ltr'><strong>ostendit</strong></span> <span class='ocrx_word' id='word_1_620' title='bbox 2845 4644 3098 4697; x_wconf 90' lang='lat' dir='ltr'><strong>mendum</strong></span> <span class='ocrx_word' id='word_1_621' title='bbox 3156 4642 3380 4695; x_wconf 88' lang='lat' dir='ltr'><strong>alterius</strong></span> <span class='ocrx_word' id='word_1_622' title='bbox 3429 4639 3666 4711; x_wconf 56' lang='lat' dir='ltr'><strong>syllabas.</strong></span> 
     </span>
     <span class='ocr_line' id='line_1_88' title="bbox 811 4710 3666 4764; baseline -0.001 0"><span class='ocrx_word' id='word_1_623' title='bbox 811 4734 904 4764; x_wconf 12' lang='lat' dir='ltr'><strong>cur-</strong></span> <span class='ocrx_word' id='word_1_624' title='bbox 953 4714 1339 4764; x_wconf 57' lang='lat' dir='ltr'><strong>xataiitbaoa.</strong></span> <span class='ocrx_word' id='word_1_625' title='bbox 1447 4713 1487 4743; x_wconf 84' lang='grc'><strong>¹¹</strong></span> <span class='ocrx_word' id='word_1_626' title='bbox 1513 4713 1629 4764; x_wconf 80' lang='lat' dir='ltr'><strong>Vat.</strong></span> <span class='ocrx_word' id='word_1_627' title='bbox 1666 4712 1912 4764; x_wconf 72' lang='grc' dir='ltr'><strong>ὲκδηιιεῑ.</strong></span> <span class='ocrx_word' id='word_1_628' title='bbox 2023 4714 2064 4743; x_wconf 83' lang='lat'>&quot;</span> <span class='ocrx_word' id='word_1_629' title='bbox 2098 4710 2237 4764; x_wconf 88' lang='lat' dir='ltr'><strong>Cod.</strong></span> <span class='ocrx_word' id='word_1_630' title='bbox 2270 4711 2429 4764; x_wconf 82' lang='lat' dir='ltr'><strong>Laur.</strong></span> <span class='ocrx_word' id='word_1_631' title='bbox 2483 4713 2722 4764; x_wconf 81' lang='grc' dir='ltr'>κάτισιν.</span> <span class='ocrx_word' id='word_1_632' title='bbox 2803 4715 2846 4747; x_wconf 84' lang='grc'><strong>¹³</strong></span> <span class='ocrx_word' id='word_1_633' title='bbox 2880 4713 3014 4764; x_wconf 89' lang='lat' dir='ltr'><strong>Cod.</strong></span> <span class='ocrx_word' id='word_1_634' title='bbox 3059 4711 3179 4764; x_wconf 81' lang='lat' dir='ltr'><strong>Vat.</strong></span> <span class='ocrx_word' id='word_1_635' title='bbox 3211 4713 3268 4764; x_wconf 83' lang='grc' dir='ltr'><strong>ὲν</strong></span> <span class='ocrx_word' id='word_1_636' title='bbox 3300 4711 3468 4764; x_wconf 81' lang='grc' dir='ltr'>αὑτῶ.</span> <span class='ocrx_word' id='word_1_637' title='bbox 3575 4714 3616 4741; x_wconf 74' lang='grc'><strong><em>³⁵</em></strong></span> <span class='ocrx_word' id='word_1_638' title='bbox 3652 4712 3666 4761; x_wconf 77' lang='lat' dir='ltr'><strong>l</strong></span> 
     </span>
    </p>
   </div>
   <div class='ocr_carea' id='block_1_88' title="bbox 2223 4731 2722 4768">
    <p class='ocr_par' dir='ltr' id='par_1_88' title="bbox 2223 4731 2722 4768">
     <span class='ocr_line' id='line_1_89' title="bbox 2223 4731 2722 4768; baseline 0.01 -5"><span class='ocrx_word' id='word_1_639' title='bbox 2223 4750 2237 4763; x_wconf 83' lang='lat'><strong>.</strong></span> <span class='ocrx_word' id='word_1_640' title='bbox 2270 4731 2429 4766; x_wconf 75' lang='lat' dir='ltr'><strong>Laur.</strong></span> <span class='ocrx_word' id='word_1_641' title='bbox 2483 4731 2722 4768; x_wconf 81' lang='grc' dir='ltr'>κατισιν.</span> 
     </span>
    </p>
   </div>
   <div class='ocr_carea' id='block_1_89' title="bbox 1597 4727 2700 4837">
    <p class='ocr_par' dir='ltr' id='par_1_89' title="bbox 1597 4727 2700 4837">
     <span class='ocr_line' id='line_1_90' title="bbox 1597 4727 2700 4778; baseline 0.003 -15"><span class='ocrx_word' id='word_1_642' title='bbox 1597 4727 1629 4763; x_wconf 90' lang='grc' dir='ltr'><strong>ι.</strong></span> <span class='ocrx_word' id='word_1_643' title='bbox 1666 4727 1912 4778; x_wconf 82' lang='grc' dir='ltr'>εκοημει.</span> <span class='ocrx_word' id='word_1_644' title='bbox 2024 4727 2064 4743; x_wconf 77' lang='grc'><strong>³·</strong></span> <span class='ocrx_word' id='word_1_645' title='bbox 2098 4727 2237 4764; x_wconf 59' lang='lat' dir='ltr'><strong>nou.</strong></span> <span class='ocrx_word' id='word_1_646' title='bbox 2270 4727 2429 4766; x_wconf 76' lang='lat' dir='ltr'><strong>Laur.</strong></span> <span class='ocrx_word' id='word_1_647' title='bbox 2483 4727 2700 4767; x_wconf 82' lang='grc' dir='ltr'>κατισιν</span> 
     </span>
     <span class='ocr_line' id='line_1_91' title="bbox 1597 4780 2700 4837; baseline 0 0"><span class='ocrx_word' id='word_1_648' title='bbox 1597 4783 1638 4813; x_wconf 88' lang='grc'><strong>¹⁶</strong></span> <span class='ocrx_word' id='word_1_649' title='bbox 1668 4782 1801 4837; x_wconf 87' lang='lat' dir='ltr'><strong>Cod.</strong></span> <span class='ocrx_word' id='word_1_650' title='bbox 1833 4780 1994 4834; x_wconf 87' lang='lat' dir='ltr'><strong>Laur.</strong></span> <span class='ocrx_word' id='word_1_651' title='bbox 2029 4780 2391 4835; x_wconf 75' lang='grc' dir='ltr'>καταδάλλον.</span> <span class='ocrx_word' id='word_1_652' title='bbox 2471 4784 2510 4814; x_wconf 86' lang='grc'><strong>¹⁷</strong></span> <span class='ocrx_word' id='word_1_653' title='bbox 2542 4783 2700 4837; x_wconf 89' lang='lat' dir='ltr'><strong>Laur.</strong></span> 
     </span>
    </p>
   </div>
   <div class='ocr_carea' id='block_1_90' title="bbox 743 4712 1912 4778">
    <p class='ocr_par' dir='ltr' id='par_1_90' title="bbox 743 4712 1912 4778">
     <span class='ocr_line' id='line_1_92' title="bbox 743 4712 1912 4778; baseline -0.003 -11"><span class='ocrx_word' id='word_1_654' title='bbox 743 4717 904 4770; x_wconf 74' lang='lat' dir='ltr'><strong>Laur.</strong></span> <span class='ocrx_word' id='word_1_655' title='bbox 953 4714 1339 4778; x_wconf 78' lang='grc' dir='ltr'>καταλήψασα.</span> <span class='ocrx_word' id='word_1_656' title='bbox 1447 4713 1487 4743; x_wconf 82' lang='grc'><strong>¹¹</strong></span> <span class='ocrx_word' id='word_1_657' title='bbox 1513 4713 1629 4766; x_wconf 78' lang='lat' dir='ltr'><strong>Vat.</strong></span> <span class='ocrx_word' id='word_1_658' title='bbox 1666 4712 1912 4778; x_wconf 82' lang='grc' dir='ltr'><strong>ὲκδημεῑ.</strong></span> 
     </span>
    </p>
   </div>
   <div class='ocr_carea' id='block_1_91' title="bbox 739 4783 1487 4840">
    <p class='ocr_par' dir='ltr' id='par_1_91' title="bbox 739 4783 1487 4840">
     <span class='ocr_line' id='line_1_93' title="bbox 739 4783 1487 4840; baseline -0.004 -2"><span class='ocrx_word' id='word_1_659' title='bbox 739 4790 818 4840; x_wconf 73' lang='grc' dir='ltr'>ὅν.</span> <span class='ocrx_word' id='word_1_660' title='bbox 915 4787 957 4817; x_wconf 86' lang='grc'><strong>¹³</strong></span> <span class='ocrx_word' id='word_1_661' title='bbox 989 4783 1125 4838; x_wconf 76' lang='lat' dir='ltr'><strong>Cod.</strong></span> <span class='ocrx_word' id='word_1_662' title='bbox 1164 4783 1286 4838; x_wconf 71' lang='lat' dir='ltr'><strong>Val.</strong></span> <span class='ocrx_word' id='word_1_663' title='bbox 1323 4783 1487 4837; x_wconf 75' lang='grc' dir='ltr'>ἄεισι.</span> 
     </span>
    </p>
   </div>
   <div class='ocr_carea' id='block_1_92' title="bbox 2803 4638 3995 4777">
    <p class='ocr_par' dir='ltr' id='par_1_92' title="bbox 2803 4638 3995 4777">
     <span class='ocr_line' id='line_1_94' title="bbox 2845 4638 3995 4711; baseline -0.003 -15"><span class='ocrx_word' id='word_1_664' title='bbox 2845 4644 3098 4697; x_wconf 90' lang='lat' dir='ltr'><strong>mendum</strong></span> <span class='ocrx_word' id='word_1_665' title='bbox 3156 4642 3380 4695; x_wconf 90' lang='lat' dir='ltr'><strong>alterius</strong></span> <span class='ocrx_word' id='word_1_666' title='bbox 3429 4639 3666 4711; x_wconf 62' lang='lat' dir='ltr'><strong>syllabas.</strong></span> <span class='ocrx_word' id='word_1_667' title='bbox 3782 4639 3826 4669; x_wconf 84' lang='lat'>&quot;</span> <span class='ocrx_word' id='word_1_668' title='bbox 3861 4638 3995 4692; x_wconf 83' lang='lat' dir='ltr'><strong>Cod.</strong></span> 
     </span>
     <span class='ocr_line' id='line_1_95' title="bbox 2803 4709 3993 4777; baseline -0.01 -8"><span class='ocrx_word' id='word_1_669' title='bbox 2803 4715 2846 4747; x_wconf 79' lang='lat'><strong>&quot;</strong></span> <span class='ocrx_word' id='word_1_670' title='bbox 2880 4713 3014 4768; x_wconf 85' lang='lat' dir='ltr'><strong>Cod.</strong></span> <span class='ocrx_word' id='word_1_671' title='bbox 3059 4711 3179 4766; x_wconf 83' lang='lat' dir='ltr'><strong>Vat.</strong></span> <span class='ocrx_word' id='word_1_672' title='bbox 3211 4713 3268 4764; x_wconf 82' lang='grc' dir='ltr'>ὲν</span> <span class='ocrx_word' id='word_1_673' title='bbox 3300 4711 3468 4777; x_wconf 83' lang='grc' dir='ltr'>αὐτῷ.</span> <span class='ocrx_word' id='word_1_674' title='bbox 3575 4709 3789 4777; x_wconf 74' lang='lat' dir='ltr'><strong>“Cod.</strong></span> <span class='ocrx_word' id='word_1_675' title='bbox 3827 4709 3993 4761; x_wconf 84' lang='lat' dir='ltr'><strong>Laur.</strong></span> 
     </span>
    </p>
   </div>
   <div class='ocr_carea' id='block_1_93' title="bbox 2471 4776 3778 4854">
    <p class='ocr_par' dir='ltr' id='par_1_93' title="bbox 2471 4776 3778 4854">
     <span class='ocr_line' id='line_1_96' title="bbox 2471 4776 3778 4854; baseline 0 -18"><span class='ocrx_word' id='word_1_676' title='bbox 2471 4784 2510 4814; x_wconf 84' lang='grc'><strong>¹⁷</strong></span> <span class='ocrx_word' id='word_1_677' title='bbox 2542 4783 2706 4837; x_wconf 89' lang='lat' dir='ltr'><strong>Laur.</strong></span> <span class='ocrx_word' id='word_1_678' title='bbox 2747 4783 2908 4854; x_wconf 78' lang='grc' dir='ltr'>αὕτη.</span> <span class='ocrx_word' id='word_1_679' title='bbox 2990 4784 3032 4816; x_wconf 84' lang='grc'><strong>¹³</strong></span> <span class='ocrx_word' id='word_1_680' title='bbox 3057 4784 3166 4853; x_wconf 77' lang='grc' dir='ltr'><strong>Τῆς</strong></span> <span class='ocrx_word' id='word_1_681' title='bbox 3199 4776 3572 4837; x_wconf 65' lang='lat' dir='ltr'><strong>abestaCod.</strong></span> <span class='ocrx_word' id='word_1_682' title='bbox 3604 4776 3778 4836; x_wconf 78' lang='lat' dir='ltr'><strong>Vatic.</strong></span> 
     </span>
    </p>
   </div>
   <div class='ocr_carea' id='block_1_94' title="bbox 2278 4876 2476 4937">
    <p class='ocr_par' dir='ltr' id='par_1_94' title="bbox 2278 4876 2476 4937">
     <span class='ocr_line' id='line_1_97' title="bbox 2278 4876 2476 4937; baseline 0.015 -3"><span class='ocrx_word' id='word_1_683' title='bbox 2278 4876 2476 4937; x_wconf 78' lang='lat' dir='ltr'><strong>Notte.</strong></span> 
     </span>
    </p>
   </div>
   <div class='ocr_carea' id='block_1_95' title="bbox 815 4973 3999 5045">
    <p class='ocr_par' dir='ltr' id='par_1_95' title="bbox 815 4973 3999 5045">
     <span class='ocr_line' id='line_1_98' title="bbox 815 4973 3999 5045; baseline -0.002 -15"><span class='ocrx_word' id='word_1_684' title='bbox 815 4979 892 5045; x_wconf 80' lang='lat'><strong>(&#39;5)</strong></span> <span class='ocrx_word' id='word_1_685' title='bbox 933 4976 1078 5030; x_wconf 84' lang='lat' dir='ltr'><strong>Licet</strong></span> <span class='ocrx_word' id='word_1_686' title='bbox 1129 4974 1437 5045; x_wconf 81' lang='lat' dir='ltr'><strong>communis</strong></span> <span class='ocrx_word' id='word_1_687' title='bbox 1493 4975 1685 5045; x_wconf 70' lang='lat' dir='ltr'><strong>titulus</strong></span> <span class='ocrx_word' id='word_1_688' title='bbox 1730 4973 1900 5045; x_wconf 79' lang='lat' dir='ltr'><strong>hujus</strong></span> <span class='ocrx_word' id='word_1_689' title='bbox 1953 4973 2318 5027; x_wconf 87' lang='lat' dir='ltr'><strong>solemnitatis</strong></span> <span class='ocrx_word' id='word_1_690' title='bbox 2354 4979 2396 5031; x_wconf 90' lang='lat' dir='ltr'><strong>D</strong></span> <span class='ocrx_word' id='word_1_691' title='bbox 2427 4975 2711 5043; x_wconf 90' lang='lat' dir='ltr'><strong>plenitudo</strong></span> <span class='ocrx_word' id='word_1_692' title='bbox 2738 4976 2976 5037; x_wconf 86' lang='lat' dir='ltr'><strong>abesset,</strong></span> <span class='ocrx_word' id='word_1_693' title='bbox 3005 4976 3050 5030; x_wconf 90' lang='lat' dir='ltr'><strong>si</strong></span> <span class='ocrx_word' id='word_1_694' title='bbox 3084 4975 3357 5030; x_wconf 88' lang='lat' dir='ltr'><strong>charisma</strong></span> <span class='ocrx_word' id='word_1_695' title='bbox 3388 4974 3517 5045; x_wconf 88' lang='lat' dir='ltr'><strong>illud</strong></span> <span class='ocrx_word' id='word_1_696' title='bbox 3555 4978 3838 5036; x_wconf 80' lang='lat' dir='ltr'><strong>tantopere</strong></span> <span class='ocrx_word' id='word_1_697' title='bbox 3867 4985 3999 5024; x_wconf 79' lang='lat' dir='ltr'><strong>exo-</strong></span> 
     </span>
    </p>
   </div>
   <div class='ocr_carea' id='block_1_96' title="bbox 745 5043 2316 5115">
    <p class='ocr_par' dir='ltr' id='par_1_96' title="bbox 745 5043 2316 5115">
     <span class='ocr_line' id='line_1_99' title="bbox 745 5043 2316 5115; baseline -0.002 -15"><span class='ocrx_word' id='word_1_698' title='bbox 745 5043 882 5115; x_wconf 88' lang='lat' dir='ltr'><strong>apud</strong></span> <span class='ocrx_word' id='word_1_699' title='bbox 919 5046 1135 5099; x_wconf 65' lang='lat' dir='ltr'><strong>Gratcos</strong></span> <span class='ocrx_word' id='word_1_700' title='bbox 1169 5045 1239 5098; x_wconf 89' lang='lat' dir='ltr'><strong>sit</strong></span> <span class='ocrx_word' id='word_1_701' title='bbox 1272 5043 1531 5096; x_wconf 78' lang='lat' dir='ltr'><strong>Dormitio</strong></span> <span class='ocrx_word' id='word_1_702' title='bbox 1565 5043 1667 5115; x_wconf 74' lang='lat' dir='ltr'><strong>SS.</strong></span> <span class='ocrx_word' id='word_1_703' title='bbox 1715 5043 1974 5106; x_wconf 71' lang='lat' dir='ltr'><strong>Deipara&#39;,</strong></span> <span class='ocrx_word' id='word_1_704' title='bbox 2002 5052 2057 5115; x_wconf 74' lang='lat' dir='ltr'><strong>et</strong></span> <span class='ocrx_word' id='word_1_705' title='bbox 2082 5045 2316 5115; x_wconf 65' lang='lat' dir='ltr'><strong>hotniliaz</strong></span> 
     </span>
    </p>
   </div>
   <div class='ocr_carea' id='block_1_97' title="bbox 748 5113 2321 5170">
    <p class='ocr_par' dir='ltr' id='par_1_97' title="bbox 748 5113 2321 5170">
     <span class='ocr_line' id='line_1_100' title="bbox 748 5113 2321 5170; baseline -0.003 0"><span class='ocrx_word' id='word_1_706' title='bbox 748 5113 846 5170; x_wconf 83' lang='lat' dir='ltr'><strong>hac</strong></span> <span class='ocrx_word' id='word_1_707' title='bbox 883 5115 1173 5168; x_wconf 81' lang='lat' dir='ltr'><strong>Occasione</strong></span> <span class='ocrx_word' id='word_1_708' title='bbox 1205 5115 1404 5166; x_wconf 70' lang='lat' dir='ltr'><strong>habitae</strong></span> <span class='ocrx_word' id='word_1_709' title='bbox 1436 5113 1658 5167; x_wconf 88' lang='lat' dir='ltr'><strong>inscribi</strong></span> <span class='ocrx_word' id='word_1_710' title='bbox 1692 5113 2078 5166; x_wconf 86' lang='lat' dir='ltr'><strong>consueverint</strong></span> <span class='ocrx_word' id='word_1_711' title='bbox 2111 5114 2164 5165; x_wconf 87' lang='lat' dir='ltr'><strong>in</strong></span> <span class='ocrx_word' id='word_1_712' title='bbox 2198 5131 2321 5166; x_wconf 79' lang='lat' dir='ltr'><strong>san-</strong></span> 
     </span>
    </p>
   </div>
   <div class='ocr_carea' id='block_1_98' title="bbox 744 5182 2310 5249">
    <p class='ocr_par' dir='ltr' id='par_1_98' title="bbox 744 5182 2310 5249">
     <span class='ocr_line' id='line_1_101' title="bbox 744 5182 2310 5249; baseline -0.004 -10"><span class='ocrx_word' id='word_1_713' title='bbox 744 5189 995 5240; x_wconf 79' lang='lat' dir='ltr'><strong>ctissume</strong></span> <span class='ocrx_word' id='word_1_714' title='bbox 1027 5183 1268 5249; x_wconf 72' lang='lat' dir='ltr'><strong>Deiparw</strong></span> <span class='ocrx_word' id='word_1_715' title='bbox 1309 5183 1713 5245; x_wconf 86' lang='lat' dir='ltr'><strong>Dormitionem,</strong></span> <span class='ocrx_word' id='word_1_716' title='bbox 1748 5199 1816 5236; x_wconf 81' lang='lat' dir='ltr'><strong>ex</strong></span> <span class='ocrx_word' id='word_1_717' title='bbox 1852 5182 1954 5236; x_wconf 91' lang='lat' dir='ltr'><strong>hoc</strong></span> <span class='ocrx_word' id='word_1_718' title='bbox 1981 5194 2161 5235; x_wconf 89' lang='lat' dir='ltr'><strong>tamen</strong></span> <span class='ocrx_word' id='word_1_719' title='bbox 2193 5182 2310 5234; x_wconf 87' lang='lat' dir='ltr'><strong>loco</strong></span> 
     </span>
    </p>
   </div>
   <div class='ocr_carea' id='block_1_99' title="bbox 751 5251 2321 5322">
    <p class='ocr_par' dir='ltr' id='par_1_99' title="bbox 751 5251 2321 5322">
     <span class='ocr_line' id='line_1_102' title="bbox 751 5251 2321 5322; baseline -0.001 -15"><span class='ocrx_word' id='word_1_720' title='bbox 751 5255 1038 5309; x_wconf 77' lang='lat' dir='ltr'><strong>manifeste</strong></span> <span class='ocrx_word' id='word_1_721' title='bbox 1065 5254 1254 5322; x_wconf 87' lang='lat' dir='ltr'><strong>liquet,</strong></span> <span class='ocrx_word' id='word_1_722' title='bbox 1271 5254 1458 5305; x_wconf 85' lang='lat' dir='ltr'><strong>eadem</strong></span> <span class='ocrx_word' id='word_1_723' title='bbox 1482 5252 1772 5322; x_wconf 84' lang='lat' dir='ltr'><strong>festivitate</strong></span> <span class='ocrx_word' id='word_1_724' title='bbox 1798 5253 2124 5305; x_wconf 73' lang='lat' dir='ltr'><strong>celebratam</strong></span> <span class='ocrx_word' id='word_1_725' title='bbox 2142 5251 2321 5322; x_wconf 61' lang='lat' dir='ltr'><strong>fuisse</strong></span> 
     </span>
    </p>
   </div>
   <div class='ocr_carea' id='block_1_100' title="bbox 746 5319 2320 5389">
    <p class='ocr_par' dir='ltr' id='par_1_100' title="bbox 746 5319 2320 5389">
     <span class='ocr_line' id='line_1_103' title="bbox 746 5319 2320 5389; baseline -0.005 -8"><span class='ocrx_word' id='word_1_726' title='bbox 746 5343 854 5382; x_wconf 81' lang='lat' dir='ltr'><strong>non</strong></span> <span class='ocrx_word' id='word_1_727' title='bbox 884 5319 1270 5376; x_wconf 69' lang='lat' dir='ltr'><strong>Dor-tuitionem</strong></span> <span class='ocrx_word' id='word_1_728' title='bbox 1303 5324 1486 5387; x_wconf 84' lang='lat' dir='ltr'><strong>modo,</strong></span> <span class='ocrx_word' id='word_1_729' title='bbox 1518 5321 1608 5374; x_wconf 88' lang='lat' dir='ltr'><strong>sed</strong></span> <span class='ocrx_word' id='word_1_730' title='bbox 1636 5324 1794 5374; x_wconf 88' lang='lat' dir='ltr'><strong>etiam</strong></span> <span class='ocrx_word' id='word_1_731' title='bbox 1843 5323 2083 5388; x_wconf 82' lang='lat' dir='ltr'><strong>ejusdem</strong></span> <span class='ocrx_word' id='word_1_732' title='bbox 2142 5319 2320 5389; x_wconf 77' lang='lat' dir='ltr'><strong>Virgi-</strong></span> 
     </span>
    </p>
   </div>
   <div class='ocr_carea' id='block_1_101' title="bbox 748 5391 2315 5460">
    <p class='ocr_par' dir='ltr' id='par_1_101' title="bbox 748 5391 2315 5460">
     <span class='ocr_line' id='line_1_104' title="bbox 748 5391 2315 5460; baseline -0.003 -13"><span class='ocrx_word' id='word_1_733' title='bbox 748 5395 833 5448; x_wconf 84' lang='lat' dir='ltr'><strong>nis</strong></span> <span class='ocrx_word' id='word_1_734' title='bbox 871 5394 1318 5445; x_wconf 74' lang='lat' dir='ltr'><strong>Rcwrrcctionem</strong></span> <span class='ocrx_word' id='word_1_735' title='bbox 1344 5435 1358 5452; x_wconf 92' lang='lat'><strong>,</strong></span> <span class='ocrx_word' id='word_1_736' title='bbox 1391 5406 1746 5460; x_wconf 83' lang='lat' dir='ltr'><strong>corporisque</strong></span> <span class='ocrx_word' id='word_1_737' title='bbox 1783 5391 1944 5444; x_wconf 88' lang='lat' dir='ltr'><strong>simul</strong></span> <span class='ocrx_word' id='word_1_738' title='bbox 1978 5405 2100 5444; x_wconf 87' lang='lat' dir='ltr'><strong>cum</strong></span> <span class='ocrx_word' id='word_1_739' title='bbox 2137 5392 2315 5444; x_wconf 86' lang='lat' dir='ltr'><strong>anima</strong></span> 
     </span>
    </p>
   </div>
   <div class='ocr_carea' id='block_1_102' title="bbox 747 5464 1478 5528">
    <p class='ocr_par' dir='ltr' id='par_1_102' title="bbox 747 5464 1478 5528">
     <span class='ocr_line' id='line_1_105' title="bbox 747 5464 1478 5528; baseline -0.005 -11"><span class='ocrx_word' id='word_1_740' title='bbox 747 5465 800 5517; x_wconf 91' lang='lat' dir='ltr'><strong>in</strong></span> <span class='ocrx_word' id='word_1_741' title='bbox 831 5467 1000 5516; x_wconf 66' lang='lat' dir='ltr'><strong>caelos</strong></span> <span class='ocrx_word' id='word_1_742' title='bbox 1034 5464 1478 5528; x_wconf 80' lang='lat' dir='ltr'><strong>Assumptioncm.</strong></span> 
     </span>
    </p>
   </div>
   <div class='ocr_carea' id='block_1_103' title="bbox 820 5529 2319 5600">
    <p class='ocr_par' dir='ltr' id='par_1_103' title="bbox 820 5529 2319 5600">
     <span class='ocr_line' id='line_1_106' title="bbox 820 5529 2319 5600; baseline -0.001 -16"><span class='ocrx_word' id='word_1_743' title='bbox 820 5533 896 5592; x_wconf 69' lang='grc'><strong>(4)</strong></span> <span class='ocrx_word' id='word_1_744' title='bbox 927 5531 1189 5594; x_wconf 85' lang='lat' dir='ltr'><strong>Observa,</strong></span> <span class='ocrx_word' id='word_1_745' title='bbox 1227 5548 1433 5600; x_wconf 66' lang='lat' dir='ltr'><strong>quaeso,</strong></span> <span class='ocrx_word' id='word_1_746' title='bbox 1462 5531 1736 5599; x_wconf 85' lang='lat' dir='ltr'><strong>quomodo</strong></span> <span class='ocrx_word' id='word_1_747' title='bbox 1765 5546 1872 5583; x_wconf 92' lang='lat' dir='ltr'><strong>non</strong></span> <span class='ocrx_word' id='word_1_748' title='bbox 1893 5529 2056 5584; x_wconf 81' lang='lat' dir='ltr'><strong>modo</strong></span> <span class='ocrx_word' id='word_1_749' title='bbox 2091 5529 2319 5595; x_wconf 86' lang='lat' dir='ltr'><strong>Dcipara</strong></span> 
     </span>
    </p>
   </div>
   <div class='ocr_carea' id='block_1_104' title="bbox 751 5602 2322 5670">
    <p class='ocr_par' dir='ltr' id='par_1_104' title="bbox 751 5602 2322 5670">
     <span class='ocr_line' id='line_1_107' title="bbox 751 5602 2322 5670; baseline -0.001 -16"><span class='ocrx_word' id='word_1_750' title='bbox 751 5604 921 5669; x_wconf 83' lang='lat' dir='ltr'><strong>gratia</strong></span> <span class='ocrx_word' id='word_1_751' title='bbox 959 5602 1114 5670; x_wconf 92' lang='lat' dir='ltr'><strong>pleua</strong></span> <span class='ocrx_word' id='word_1_752' title='bbox 1148 5603 1362 5655; x_wconf 88' lang='lat' dir='ltr'><strong>dicatur</strong></span> <span class='ocrx_word' id='word_1_753' title='bbox 1389 5641 1403 5664; x_wconf 92' lang='lat'><strong>,</strong></span> <span class='ocrx_word' id='word_1_754' title='bbox 1437 5604 1528 5654; x_wconf 86' lang='lat' dir='ltr'><strong>sed</strong></span> <span class='ocrx_word' id='word_1_755' title='bbox 1556 5602 1829 5666; x_wconf 77' lang='lat' dir='ltr'><strong>plenitudo</strong></span> <span class='ocrx_word' id='word_1_756' title='bbox 1854 5615 2089 5670; x_wconf 83' lang='lat' dir='ltr'><strong>quoque</strong></span> <span class='ocrx_word' id='word_1_757' title='bbox 2115 5602 2322 5653; x_wconf 81' lang='lat' dir='ltr'><strong>charis-</strong></span> 
     </span>
    </p>
   </div>
   <div class='ocr_carea' id='block_1_105' title="bbox 748 5669 2322 5740">
    <p class='ocr_par' dir='ltr' id='par_1_105' title="bbox 748 5669 2322 5740">
     <span class='ocr_line' id='line_1_108' title="bbox 748 5669 2322 5740; baseline -0.001 -16"><span class='ocrx_word' id='word_1_758' title='bbox 748 5669 971 5724; x_wconf 15' lang='lat' dir='ltr'><strong>matum,</strong></span> <span class='ocrx_word' id='word_1_759' title='bbox 1004 5674 1345 5740; x_wconf 89' lang='lat' dir='ltr'><strong>appelletur;</strong></span> <span class='ocrx_word' id='word_1_760' title='bbox 1408 5685 1517 5738; x_wconf 89' lang='lat' dir='ltr'><strong>quo</strong></span> <span class='ocrx_word' id='word_1_761' title='bbox 1555 5686 1687 5725; x_wconf 85' lang='lat' dir='ltr'><strong>sane</strong></span> <span class='ocrx_word' id='word_1_762' title='bbox 1738 5671 1870 5723; x_wconf 91' lang='lat' dir='ltr'><strong>nihil</strong></span> <span class='ocrx_word' id='word_1_763' title='bbox 1923 5669 2322 5740; x_wconf 53' lang='lat' dir='ltr'><strong>significantius</strong></span> 
     </span>
    </p>
   </div>
   <div class='ocr_carea' id='block_1_106' title="bbox 753 5739 2322 5809">
    <p class='ocr_par' dir='ltr' id='par_1_106' title="bbox 753 5739 2322 5809">
     <span class='ocr_line' id='line_1_109' title="bbox 753 5739 2322 5809; baseline 0.001 -18"><span class='ocrx_word' id='word_1_764' title='bbox 753 5743 855 5794; x_wconf 77' lang='lat' dir='ltr'><strong>IilCi</strong></span> <span class='ocrx_word' id='word_1_765' title='bbox 894 5739 1065 5807; x_wconf 81' lang='lat' dir='ltr'><strong>potest</strong></span> <span class='ocrx_word' id='word_1_766' title='bbox 1093 5741 1159 5792; x_wconf 90' lang='lat' dir='ltr'><strong>ad</strong></span> <span class='ocrx_word' id='word_1_767' title='bbox 1193 5740 1646 5809; x_wconf 77' lang='lat' dir='ltr'><strong>perfectissimam</strong></span> <span class='ocrx_word' id='word_1_768' title='bbox 1680 5756 1965 5794; x_wconf 88' lang='lat' dir='ltr'><strong>munerum</strong></span> <span class='ocrx_word' id='word_1_769' title='bbox 2019 5739 2118 5806; x_wconf 87' lang='lat' dir='ltr'><strong>ipsi</strong></span> <span class='ocrx_word' id='word_1_770' title='bbox 2153 5741 2322 5793; x_wconf 89' lang='lat' dir='ltr'><strong>colla-</strong></span> 
     </span>
    </p>
   </div>
   <div class='ocr_carea' id='block_1_107' title="bbox 760 5809 2318 5879">
    <p class='ocr_par' dir='ltr' id='par_1_107' title="bbox 760 5809 2318 5879">
     <span class='ocr_line' id='line_1_110' title="bbox 760 5809 2318 5879; baseline -0.001 -14"><span class='ocrx_word' id='word_1_771' title='bbox 760 5821 939 5866; x_wconf 77' lang='lat' dir='ltr'><strong>tt-rutn</strong></span> <span class='ocrx_word' id='word_1_772' title='bbox 992 5811 1200 5877; x_wconf 75' lang='lat' dir='ltr'><strong>coniant</strong></span> <span class='ocrx_word' id='word_1_773' title='bbox 1249 5809 1675 5879; x_wconf 74' lang='lat' dir='ltr'><strong>exprimendam.</strong></span> <span class='ocrx_word' id='word_1_774' title='bbox 1734 5811 1799 5864; x_wconf 79' lang='lat' dir='ltr'><strong>At</strong></span> <span class='ocrx_word' id='word_1_775' title='bbox 1840 5825 1964 5866; x_wconf 89' lang='lat' dir='ltr'><strong>vero</strong></span> <span class='ocrx_word' id='word_1_776' title='bbox 2015 5813 2166 5876; x_wconf 83' lang='lat' dir='ltr'><strong>plane</strong></span> <span class='ocrx_word' id='word_1_777' title='bbox 2217 5811 2318 5865; x_wconf 86' lang='lat' dir='ltr'><strong>ista</strong></span> 
     </span>
    </p>
   </div>
   <div class='ocr_carea' id='block_1_108' title="bbox 2423 5044 3999 5114">
    <p class='ocr_par' dir='ltr' id='par_1_108' title="bbox 2423 5044 3999 5114">
     <span class='ocr_line' id='line_1_111' title="bbox 2423 5044 3999 5114; baseline -0.001 -18"><span class='ocrx_word' id='word_1_778' title='bbox 2423 5047 2708 5112; x_wconf 84' lang='lat' dir='ltr'><strong>ptandum,</strong></span> <span class='ocrx_word' id='word_1_779' title='bbox 2739 5062 2846 5114; x_wconf 91' lang='lat' dir='ltr'><strong>quo</strong></span> <span class='ocrx_word' id='word_1_780' title='bbox 2874 5062 2900 5096; x_wconf 91' lang='lat' dir='ltr'><strong>a</strong></span> <span class='ocrx_word' id='word_1_781' title='bbox 2939 5046 3080 5101; x_wconf 73' lang='lat' dir='ltr'><strong>fmda</strong></span> <span class='ocrx_word' id='word_1_782' title='bbox 3130 5045 3329 5100; x_wconf 86' lang='lat' dir='ltr'><strong>diaboli</strong></span> <span class='ocrx_word' id='word_1_783' title='bbox 3366 5044 3682 5113; x_wconf 84' lang='lat' dir='ltr'><strong>captivitate</strong></span> <span class='ocrx_word' id='word_1_784' title='bbox 3727 5051 3812 5095; x_wconf 90' lang='lat' dir='ltr'><strong>est</strong></span> <span class='ocrx_word' id='word_1_785' title='bbox 3862 5057 3999 5107; x_wconf 73' lang='lat' dir='ltr'><strong>pra:-</strong></span> 
     </span>
    </p>
   </div>
   <div class='ocr_carea' id='block_1_109' title="bbox 2421 5115 3112 5182">
    <p class='ocr_par' dir='ltr' id='par_1_109' title="bbox 2421 5115 3112 5182">
     <span class='ocr_line' id='line_1_112' title="bbox 2421 5115 3112 5182; baseline 0 -13"><span class='ocrx_word' id='word_1_786' title='bbox 2421 5124 2659 5171; x_wconf 85' lang='lat' dir='ltr'><strong>servata.</strong></span> <span class='ocrx_word' id='word_1_787' title='bbox 2697 5117 2796 5182; x_wconf 91' lang='lat' dir='ltr'><strong>ipsi</strong></span> <span class='ocrx_word' id='word_1_788' title='bbox 2829 5115 3112 5169; x_wconf 79' lang='lat' dir='ltr'><strong>defuisset.</strong></span> 
     </span>
    </p>
   </div>
   <div class='ocr_carea' id='block_1_110' title="bbox 2493 5181 3990 5249">
    <p class='ocr_par' dir='ltr' id='par_1_110' title="bbox 2493 5181 3990 5249">
     <span class='ocr_line' id='line_1_113' title="bbox 2493 5181 3990 5249; baseline -0.004 -12"><span class='ocrx_word' id='word_1_789' title='bbox 2493 5185 2570 5249; x_wconf 80' lang='grc'><strong>(5)</strong></span> <span class='ocrx_word' id='word_1_790' title='bbox 2603 5181 2726 5238; x_wconf 11' lang='lat' dir='ltr'><strong>Hoc,</strong></span> <span class='ocrx_word' id='word_1_791' title='bbox 2747 5200 2878 5238; x_wconf 91' lang='lat' dir='ltr'><strong>sane</strong></span> <span class='ocrx_word' id='word_1_792' title='bbox 2909 5186 2974 5240; x_wconf 89' lang='lat' dir='ltr'><strong>de</strong></span> <span class='ocrx_word' id='word_1_793' title='bbox 3008 5187 3162 5239; x_wconf 80' lang='lat' dir='ltr'><strong>boois</strong></span> <span class='ocrx_word' id='word_1_794' title='bbox 3189 5185 3386 5238; x_wconf 84' lang='lat' dir='ltr'><strong>creatis</strong></span> <span class='ocrx_word' id='word_1_795' title='bbox 3439 5181 3847 5236; x_wconf 59' lang='lat' dir='ltr'><strong>intelligendum</strong></span> <span class='ocrx_word' id='word_1_796' title='bbox 3890 5192 3990 5233; x_wconf 81' lang='lat' dir='ltr'><strong>est.</strong></span> 
     </span>
    </p>
   </div>
   <div class='ocr_carea' id='block_1_111' title="bbox 2422 5252 3991 5323">
    <p class='ocr_par' dir='ltr' id='par_1_111' title="bbox 2422 5252 3991 5323">
     <span class='ocr_line' id='line_1_114' title="bbox 2422 5252 3991 5323; baseline -0.004 -18"><span class='ocrx_word' id='word_1_797' title='bbox 2422 5253 2636 5307; x_wconf 77' lang='lat' dir='ltr'><strong>Videsis</strong></span> <span class='ocrx_word' id='word_1_798' title='bbox 2669 5263 2870 5310; x_wconf 92' lang='lat' dir='ltr'><strong>tamen.</strong></span> <span class='ocrx_word' id='word_1_799' title='bbox 2897 5271 3059 5323; x_wconf 85' lang='lat' dir='ltr'><strong>quam</strong></span> <span class='ocrx_word' id='word_1_800' title='bbox 3090 5259 3195 5308; x_wconf 89' lang='lat' dir='ltr'><strong>a&#39;te</strong></span> <span class='ocrx_word' id='word_1_801' title='bbox 3229 5257 3295 5308; x_wconf 92' lang='lat' dir='ltr'><strong>de</strong></span> <span class='ocrx_word' id='word_1_802' title='bbox 3331 5254 3546 5320; x_wconf 70' lang='lat' dir='ltr'><strong>Virgine.</strong></span> <span class='ocrx_word' id='word_1_803' title='bbox 3579 5252 3778 5323; x_wconf 7' lang='lat' dir='ltr'><strong>Patres,</strong></span> <span class='ocrx_word' id='word_1_804' title='bbox 3803 5267 3991 5323; x_wconf 72' lang='lat' dir='ltr'><strong>seuse-</strong></span> 
     </span>
    </p>
   </div>
   <div class='ocr_carea' id='block_1_112' title="bbox 2422 5320 3990 5391">
    <p class='ocr_par' dir='ltr' id='par_1_112' title="bbox 2422 5320 3990 5391">
     <span class='ocr_line' id='line_1_115' title="bbox 2422 5320 3990 5391; baseline -0.003 -15"><span class='ocrx_word' id='word_1_805' title='bbox 2422 5325 2548 5386; x_wconf 91' lang='lat' dir='ltr'><strong>rint,</strong></span> <span class='ocrx_word' id='word_1_806' title='bbox 2578 5333 2631 5377; x_wconf 89' lang='lat' dir='ltr'><strong>et</strong></span> <span class='ocrx_word' id='word_1_807' title='bbox 2662 5326 2712 5376; x_wconf 91' lang='lat' dir='ltr'><strong>in</strong></span> <span class='ocrx_word' id='word_1_808' title='bbox 2740 5320 2984 5377; x_wconf 83' lang='lat' dir='ltr'><strong>eamdem</strong></span> <span class='ocrx_word' id='word_1_809' title='bbox 3017 5325 3352 5377; x_wconf 76' lang='lat' dir='ltr'><strong>transferant</strong></span> <span class='ocrx_word' id='word_1_810' title='bbox 3377 5363 3391 5382; x_wconf 93' lang='lat'><strong>,</strong></span> <span class='ocrx_word' id='word_1_811' title='bbox 3423 5339 3540 5391; x_wconf 70' lang='lat' dir='ltr'><strong>qute</strong></span> <span class='ocrx_word' id='word_1_812' title='bbox 3584 5322 3649 5373; x_wconf 90' lang='lat' dir='ltr'><strong>de</strong></span> <span class='ocrx_word' id='word_1_813' title='bbox 3703 5321 3821 5372; x_wconf 87' lang='lat' dir='ltr'><strong>solo</strong></span> <span class='ocrx_word' id='word_1_814' title='bbox 3886 5320 3990 5370; x_wconf 77' lang='grc' dir='ltr'><strong>υτ-ι·</strong></span> 
     </span>
    </p>
   </div>
   <div class='ocr_carea' id='block_1_113' title="bbox 2421 5391 3998 5462">
    <p class='ocr_par' dir='ltr' id='par_1_113' title="bbox 2421 5391 3998 5462">
     <span class='ocr_line' id='line_1_116' title="bbox 2421 5391 3998 5462; baseline -0.003 -18"><span class='ocrx_word' id='word_1_815' title='bbox 2421 5393 2819 5459; x_wconf 74' lang='lat' dir='ltr'><strong>pnedieantur;</strong></span> <span class='ocrx_word' id='word_1_816' title='bbox 2859 5404 2912 5448; x_wconf 89' lang='lat' dir='ltr'><strong>et</strong></span> <span class='ocrx_word' id='word_1_817' title='bbox 2956 5395 3117 5448; x_wconf 85' lang='lat' dir='ltr'><strong>simul</strong></span> <span class='ocrx_word' id='word_1_818' title='bbox 3153 5411 3313 5462; x_wconf 86' lang='lat' dir='ltr'><strong>quam</strong></span> <span class='ocrx_word' id='word_1_819' title='bbox 3359 5396 3513 5461; x_wconf 62' lang='lat' dir='ltr'><strong>longe</strong></span> <span class='ocrx_word' id='word_1_820' title='bbox 3549 5393 3659 5442; x_wconf 72' lang='lat' dir='ltr'><strong>haec</strong></span> <span class='ocrx_word' id='word_1_821' title='bbox 3702 5391 3856 5462; x_wconf 83' lang='lat' dir='ltr'><strong>notio</strong></span> <span class='ocrx_word' id='word_1_822' title='bbox 3887 5391 3998 5441; x_wconf 75' lang='lat' dir='ltr'><strong>Vir-</strong></span> 
     </span>
    </p>
   </div>
   <div class='ocr_carea' id='block_1_114' title="bbox 2421 5461 4002 5533">
    <p class='ocr_par' dir='ltr' id='par_1_114' title="bbox 2421 5461 4002 5533">
     <span class='ocr_line' id='line_1_117' title="bbox 2421 5461 4002 5533; baseline -0.001 -20"><span class='ocrx_word' id='word_1_823' title='bbox 2421 5465 2560 5529; x_wconf 81' lang='lat' dir='ltr'><strong>ginis</strong></span> <span class='ocrx_word' id='word_1_824' title='bbox 2585 5464 2652 5515; x_wconf 91' lang='lat' dir='ltr'><strong>ab</strong></span> <span class='ocrx_word' id='word_1_825' title='bbox 2686 5478 2750 5516; x_wconf 89' lang='lat' dir='ltr'><strong>eo</strong></span> <span class='ocrx_word' id='word_1_826' title='bbox 2777 5465 2917 5516; x_wconf 90' lang='lat' dir='ltr'><strong>malo</strong></span> <span class='ocrx_word' id='word_1_827' title='bbox 2941 5465 3122 5523; x_wconf 87' lang='lat' dir='ltr'><strong>distet.</strong></span> <span class='ocrx_word' id='word_1_828' title='bbox 3159 5461 3300 5533; x_wconf 88' lang='lat' dir='ltr'><strong>quod</strong></span> <span class='ocrx_word' id='word_1_829' title='bbox 3338 5479 3366 5515; x_wconf 88' lang='lat' dir='ltr'><strong>a</strong></span> <span class='ocrx_word' id='word_1_830' title='bbox 3417 5466 3590 5533; x_wconf 86' lang='lat' dir='ltr'><strong>prima</strong></span> <span class='ocrx_word' id='word_1_831' title='bbox 3633 5461 3846 5529; x_wconf 79' lang='lat' dir='ltr'><strong>origine</strong></span> <span class='ocrx_word' id='word_1_832' title='bbox 3898 5462 4002 5511; x_wconf 85' lang='lat' dir='ltr'><strong>nti-</strong></span> 
     </span>
    </p>
   </div>
   <div class='ocr_carea' id='block_1_115' title="bbox 2419 5533 3186 5587">
    <p class='ocr_par' dir='ltr' id='par_1_115' title="bbox 2419 5533 3186 5587">
     <span class='ocr_line' id='line_1_118' title="bbox 2419 5533 3186 5587; baseline 0.003 -2"><span class='ocrx_word' id='word_1_833' title='bbox 2419 5536 2524 5586; x_wconf 90' lang='lat' dir='ltr'><strong>seri</strong></span> <span class='ocrx_word' id='word_1_834' title='bbox 2558 5534 2647 5585; x_wconf 81' lang='lat' dir='ltr'><strong>filii</strong></span> <span class='ocrx_word' id='word_1_835' title='bbox 2681 5533 2807 5586; x_wconf 63' lang='lat' dir='ltr'><strong>Adae</strong></span> <span class='ocrx_word' id='word_1_836' title='bbox 2833 5535 3186 5587; x_wconf 89' lang='lat' dir='ltr'><strong>contrahunt.</strong></span> 
     </span>
    </p>
   </div>
   <div class='ocr_carea' id='block_1_116' title="bbox 2495 5600 3992 5672">
    <p class='ocr_par' dir='ltr' id='par_1_116' title="bbox 2495 5600 3992 5672">
     <span class='ocr_line' id='line_1_119' title="bbox 2495 5600 3992 5672; baseline -0.005 -16"><span class='ocrx_word' id='word_1_837' title='bbox 2495 5604 2570 5672; x_wconf 81' lang='lat'><strong>(6)</strong></span> <span class='ocrx_word' id='word_1_838' title='bbox 2613 5603 2734 5656; x_wconf 63' lang='lat' dir='ltr'><strong>Haec</strong></span> <span class='ocrx_word' id='word_1_839' title='bbox 2778 5619 2970 5672; x_wconf 84' lang='lat' dir='ltr'><strong>nempe</strong></span> <span class='ocrx_word' id='word_1_840' title='bbox 3013 5603 3150 5665; x_wconf 83' lang='lat' dir='ltr'><strong>Vita,</strong></span> <span class='ocrx_word' id='word_1_841' title='bbox 3187 5604 3252 5657; x_wconf 93' lang='lat' dir='ltr'><strong>de</strong></span> <span class='ocrx_word' id='word_1_842' title='bbox 3277 5617 3383 5668; x_wconf 90' lang='lat' dir='ltr'><strong>quo</strong></span> <span class='ocrx_word' id='word_1_843' title='bbox 3412 5600 3613 5672; x_wconf 83' lang='lat' dir='ltr'><strong>Paulus</strong></span> <span class='ocrx_word' id='word_1_844' title='bbox 3656 5601 3992 5672; x_wconf 26' lang='grc' dir='ltr'>((ῖοιοεελιιι,</span> 
     </span>
    </p>
   </div>
   <div class='ocr_carea' id='block_1_117' title="bbox 2419 5671 3992 5743">
    <p class='ocr_par' dir='ltr' id='par_1_117' title="bbox 2419 5671 3992 5743">
     <span class='ocr_line' id='line_1_120' title="bbox 2419 5671 3992 5743; baseline -0.002 -19"><span class='ocrx_word' id='word_1_845' title='bbox 2419 5673 2471 5736; x_wconf 72' lang='grc'><strong>4)</strong></span> <span class='ocrx_word' id='word_1_846' title='bbox 2508 5693 2519 5726; x_wconf 89' lang='lat'><strong>:</strong></span> <span class='ocrx_word' id='word_1_847' title='bbox 2553 5674 2720 5726; x_wconf 87' lang='grc' dir='ltr'>Ὅταν</span> <span class='ocrx_word' id='word_1_848' title='bbox 2744 5676 2771 5726; x_wconf 89' lang='grc' dir='ltr'>ὁ</span> <span class='ocrx_word' id='word_1_849' title='bbox 2799 5671 3032 5742; x_wconf 80' lang='grc' dir='ltr'><strong>Χριστὸς</strong></span> <span class='ocrx_word' id='word_1_850' title='bbox 3087 5675 3402 5742; x_wconf 73' lang='grc' dir='ltr'>φανερωθῇ.</span> <span class='ocrx_word' id='word_1_851' title='bbox 3435 5677 3466 5743; x_wconf 85' lang='grc' dir='ltr'>ὴ</span> <span class='ocrx_word' id='word_1_852' title='bbox 3501 5671 3792 5741; x_wconf 68' lang='grc' dir='ltr'><strong>ζωὴὴυὼν</strong></span> <span class='ocrx_word' id='word_1_853' title='bbox 3824 5714 3833 5722; x_wconf 95' lang='grc'><strong>.</strong></span> <span class='ocrx_word' id='word_1_854' title='bbox 3864 5671 3992 5726; x_wconf 70' lang='lat' dir='ltr'><strong>Cum</strong></span> 
     </span>
    </p>
   </div>
   <div class='ocr_carea' id='block_1_118' title="bbox 2421 5744 3355 5813">
    <p class='ocr_par' dir='ltr' id='par_1_118' title="bbox 2421 5744 3355 5813">
     <span class='ocr_line' id='line_1_121' title="bbox 2421 5744 3355 5813; baseline -0.002 -15"><span class='ocrx_word' id='word_1_855' title='bbox 2421 5744 2662 5798; x_wconf 72' lang='lat' dir='ltr'><strong>Christus</strong></span> <span class='ocrx_word' id='word_1_856' title='bbox 2701 5745 3006 5813; x_wconf 75' lang='lat' dir='ltr'><strong>apparuerit</strong></span> <span class='ocrx_word' id='word_1_857' title='bbox 3033 5746 3136 5799; x_wconf 73' lang='lat' dir='ltr'><strong>vita</strong></span> <span class='ocrx_word' id='word_1_858' title='bbox 3155 5755 3355 5799; x_wconf 71' lang='lat' dir='ltr'><strong>ucstra.</strong></span> 
     </span>
    </p>
   </div>
  </div>
