4190 6458
237 402 365 466 1081

1102 407 1362 466 SLit-‘th
1404 409 1486 468 ΙΝ
1524 410 1624 470 SS.
1661 412 2010 474 DEIPAiLE
2049 414 2614 476 DOIiMlTlONEM.

3343 418 3474 482 108’2

309 519 397 583 ς’.
447 518 584 570 Ἀλλ’
619 511 726 568 οἷον
770 515 943 568 Erebo
964 535 1048 581 μοι
1089 522 1213 590 παρ’
1242 523 1431 574 ἐλπίδα
1468 525 1744 591 προσέστη
1783 527 1794 577 1

1978 527 2068 582 Vl.
2097 528 2298 583 Verum
2333 529 2591 599 quidnam
2627 529 2757 584 illud
2789 532 2920 585 mihi
2951 543 3144 597 praeter
3179 545 3472 602 exspecta-

234 607 507 674 Τοιαύτης
542 606 651 674 γὰρ
685 608 784 676 ήδη
818 609 876 676 τῇ
914 608 1214 680 Θεομήτορι
1245 615 1800 684 παρασκευασθείσης

238 701 466 767 πομπῆς
503 700 566 749 ὲκ
596 700 918 766 τηλικούτου
946 703 1310 772 συστήματος,
1335 704 1414 768 τίς
1453 707 1568 758 ἐκεῖ
1589 707 1810 776 δοθήσε-

232 807 326 841 ται
357 791 398 820 ’⁸
431 791 580 858 χώρα
615 791 726 851 τοῖς
757 791 1059 860 ἐλαχίστοις
1096 795 1225 862 ἡμῖν
1267 795 1403 863 πρὸς
1434 797 1532 866 τὴν
1562 798 1660 864 τῆς
1699 816 1810 850 κοι-

237 882 343 948 νῆς
401 881 700 951 Δτσποίνης
767 884 922 950 ἡμῶν
954 886 998 915 ²⁰
1034 887 1233 954 τιμήν;
1285 886 1380 948 Τίς
1413 888 1469 939 δὲ
1526 889 1566 919 ¹¹
1631 891 1811 953 ἱκανὸς

241 973 580 1024 καταλαϐεῖν
634 990 756 1026 τινα
810 972 938 1026 θέαν
974 977 1030 1027 ὲν
1061 976 1202 1027 οὕτω
1252 976 1524 1048 θεσπεσίῳ
1579 979 1808 1049 θεάτρῳ,

235 1063 329 1113 καὶ
384 1064 678 1131 καλλίστης
733 1066 974 1131 ὁράσεως
1029 1066 1201 1135 βραχύ
1252 1084 1304 1118 τι
1338 1070 1810 1138 παραπολαῦσαις

237 1150 367 1219 'Ap‘
398 1155 498 1205 οὐκ
535 1155 814 1218 ἑδείσατες
882 1156 1016 1226 Οὐχὶ
1064 1157 1139 1224 μὴ
1185 1159 1436 1223 κατόπιν,
1481 1160 1508 1212 ὃ
1534 1161 1596 1230 δή
1628 1179 1808 1228 φασιν,

236 1245 488 1313 ἔλθοιμεν
511 1246 555 1276 ¹¹
593 1246 788 1315 ἑορτῆς
825 1262 840 1309 ;
889 1245 1048 1298 Ἀλλά
1090 1246 1149 1299 τὺ
1183 1247 1483 1319 δεινότερον
1545 1251 1646 1316 ἔτι,
1713 1253 1810 1322 μὴ,

235 1338 332 1387 καὶ
362 1341 648 1402 παρόντες,
691 1339 1031 1408 ἁμάρτοιμεν
1060 1339 1253 1407 αὐτῆς,
1288 1340 1359 1402 ὡς
1395 1342 1605 1406 ἀνάξιοι
1639 1363 1654 1410 ;

1909 619 2116 673 tionem
2152 623 2461 692 contingitl
2519 622 2654 676 Cum
2704 622 2845 676 enim
2898 623 2988 676 1)τὶ
3038 623 3300 680 Genitrlci
3352 635 3463 682 tatn

1908 711 2107 766 nobilis
2129 725 2193 766 ex
2219 713 2486 780 ejusmodi
2507 723 2777 768 conventu
2806 715 2913 781 iam
2944 724 3130 784 parata
3155 717 3226 771 sit
3251 731 3472 789 pompa,

1910 805 2099 873 ecquis
2141 804 2297 858 nobis
2331 807 2569 860 minimis
2610 808 2766 862 locus
2793 808 2864 860 ibi
2896 809 3112 862 dabitur
3142 851 3158 875 ,
3209 809 3275 864 ad
3323 825 3477 864 com-

1910 910 2129 950 munem
2159 894 2439 950 Dominam
2469 908 2713 953 nostram
2761 900 3179 955 honorandam?
3213 902 3414 970 Ecquis
3448 917 3478 955 e

1911 983 2074 1038 nobis
2124 985 2320 1051 dignus
2366 993 2490 1052 est,
2523 995 2580 1039 ut
2618 989 2669 1040 in
2712 989 2984 1043 theatrum
3051 991 3185 1045 adeo
3234 992 3477 1048 divinum

1909 1071 1994 1126 vel
2024 1073 2212 1128 oculos
2247 1075 2455 1141 iniiciat
2480 1115 2496 1141 ,
2533 1085 2587 1130 et
2612 1078 2982 1144 pulcherrimo
3012 1081 3204 1134 horum
3246 1095 3472 1153 aspectu

1911 1164 1994 1218 vel
2027 1165 2205 1220 obiter
2233 1167 2300 1221 ad
2350 1168 2566 1223 brevem
2601 1170 2840 1238 aliquam
2872 1172 3060 1225 horam
3118 1173 3432 1241 perfruatur
3464 1191 3476 1209 '

1911 1253 2187 1326 Numquid
2243 1273 2351 1313 non
2407 1275 2505 1314 vos
2562 1269 2769 1316 tremor
2816 1264 3147 1331 occupavit?
3201 1263 3480 1332 Numquid

1911 1362 2040 1412 non,
2078 1350 2224 1419 quod
2255 1353 2443 1421 utique
2484 1363 2566 1408 est
2619 1357 2673 1408 in
2715 1356 3002 1424 proverbio
3031 1398 3046 1422 ,
3107 1366 3231 1427 post
3282 1356 3480 1414 festum

235 1430 637 1484 act'urremus?
670 1430 877 1488 Nonne.
905 1431 1046 1499 quod
1082 1432 1244 1484 etiam
1293 1434 1514 1504 gravius
1546 1445 1670 1502 est,
1701 1437 1804 1493 etsi
1844 1449 2138 1508 prmsentes
2165 1443 2304 1500 festo
2335 1452 2597 1512 astemus,
2665 1446 2907 1517 ejusdem
2975 1456 3155 1504 tamen
3214 1459 3482 1513 exsortes,

241 1532 432 1590 utpote
470 1521 695 1592 indigni,
733 1524 1108 1578 manebimus?

323 1617 482 1671 ’Δλλά
521 1635 609 1687 μοι
635 1616 682 1649 ⁸³
729 1617 980 1686 θαρσεῖτε
1001 1637 1014 1649 ⁸
1069 1619 1246 1690 μάτην
1278 1621 1385 1690 γὰρ
1418 1623 1450 1692 ἡ
1478 1622 1669 1688 δειλία,
1698 1624 1792 1677 καὶ

235 1709 299 1761 τὸ
356 1709 475 1771 δέος
525 1711 626 1762 οὐκ
671 1711 750 1771 είς
816 1711 1030 1779 καιρόν.
1065 1711 1162 1773 Τίς
1187 1713 1296 1782 γὰρ
1323 1712 1464 1782 αὕτη
1494 1714 1589 1766 καὶ
1620 1715 1807 1782 πόθεν,

1991 1626 2381 1684 Verumtamen
2409 1629 2554 1685 bono
2585 1628 2786 1692 animo,
2820 1623 3022 1695 quaaso,
3052 1636 3225 1686 estote
3257 1647 3272 1684 :
3302 1630 3484 1687 inanis

1916 1719 2063 1774 enim
2090 1730 2175 1775 est
2215 1720 2316 1774 iste
2348 1729 2545 1784 metus,
2597 1737 2772 1791 neque
2805 1722 2893 1775 hic
2935 1722 3096 1775 timor
3140 1729 3484 1792 opportunus

238 1801 454 1870 περιῆν
486 1803 518 1869 ἡ
553 1801 678 1870 ξένη
703 1805 858 1870 τιμὴ.
894 1803 987 1855 καὶ
1036 1802 1096 1855 τὸ
1142 1805 1240 1874 τῆς
1289 1805 1448 1873 δόξης
1479 1806 1809 1877 ἀπρόσιτον;

1921 1824 2064 1863 nunc
2087 1809 2307 1863 accidit.
2348 1807 2478 1876 Quae
2510 1810 2654 1866 enim
2690 1820 2743 1865 et
2779 1810 2922 1865 unde
2946 1811 3048 1864 ista
3079 1819 3185 1874 est,
3213 1812 3300 1865 cui
3329 1827 3485 1880 pere-

239 1893 358 1944 Οὐκ
392 1892 450 1955 ἐξ
484 1891 641 1962 ἡμῶν
687 1891 796 1944 τῶν
835 1891 1180 1961 ἁνθρώπων;
1232 1895 1323 1958 Ἐξ
1363 1897 1519 1965 ἡμῶν
1567 1897 1764 1968 δηλαδή
1802 1916 1814 1928 ·

238 1986 336 2037 καὶ
394 1986 500 2037 κᾶν
550 1984 690 2054 ὑπὲρ
747 1984 1058 2054 ἄνθρωπον,
1093 1987 1227 2039 ἀλλὰ
1275 1988 1581 2058 ἄνθρωπος.
1618 1989 1683 2044 Τί
1718 1991 1760 2043 δ’
1791 1994 1819 2045 ὁ

236 2078 445 2145 ταύτην
475 2075 703 2140 δοξάσας
733 2075 824 2127 ἐπὶ
855 2076 1140 2142 τοσοῦτο-ις
1191 2078 1325 2148 Οὐχὶ
1367 2079 1462 2131 καὶ⁵
1491 2081 1652 2142 αὐτὸς
1700 2080 1820 2135 καθ’

238 2170 386 2236 ἡμᾶς
414 2166 520 2219 ἀπὸ
550 2166 754 2235 ταύτης
778 2165 844 2217 δι’
883 2167 1319 2236 εὐσπλαγχνίαν,
1376 2169 1404 2221 ὁ
1441 2170 1535 2222 καὶ
1567 2170 1673 2240 πρὸ
1690 2171 1820 2222 ταύ-

239 2276 338 2327 της
394 2259 647 2328 ἀρρήτως
680 2258 816 2329 ὑπὲρ
849 2259 994 2327 ἡμᾶς
1021 2257 1095 2309 ὣν
1127 2260 1172 2290 ³⁸
1215 2259 1340 2327 ἀεί;
1396 2261 1516 2312 Τῶν
1541 2262 1817 2331 ἀριδήλων

241 2355 341 2406 καὶ
370 2353 548 2406 τοῦτο.
577 2353 715 2406 Κατ’
760 2352 914 2406 οὐδὲν
978 2353 1158 2406 τοίνυν
1193 2354 1408 2407 ἔλαττον
1434 2356 1527 2407 καὶ
1561 2358 1696 2424 ἡμῖν
1731 2358 1825 2409 ἀν-

243 2446 533 2499 θεκτέον²⁹
559 2449 652 2514 si];
690 2445 776 2499 τοῦ
803 2445 968 2499 καλοῦ
1001 2446 1316 2517 μετουσίας.
1367 2448 1431 2500 Ἢ
1463 2448 1570 2516 γὰρ
1630 2449 1694 2500 ὲκ
1729 2446 1823 2500 τοῦ

243 2541 438 2603 γένους
495 2537 770 2600 οἰκείωσις
818 2539 1002 2608 ὀρέγει
1059 2538 1160 2608 τὴν
1223 2539 1578 2608 παρρησίαν·
1614 2539 1706 2592 καὶ
1729 2538 1826 2610 τὴν

246 2631 410 2697 φύσιν
461 2631 557 2700 οὐχ
609 2633 762 2694 ὅπως
796 2629 1226 2701 ἀνθισταμένην,
1259 2630 1394 2683 ἀλλὰ
1423 2633 1515 2684 καὶ¹
1540 2632 1826 2701 συμπράτ·

249 2741 344 2775 του
356 2740 454 2775 σαν
489 2722 705 2792 ἔχομεν.

1918 1900 2104 1970 grinus
2133 1900 2218 1956 hic
2249 1901 2445 1965 honor,
2482 1910 2535 1957 et
2575 1902 3015 1970 incomparabilis
3044 1903 3158 1957 haec
3189 1902 3362 1971 gloria
3390 1903 3487 1957 de-

1919 1992 2123 2046 fertur?
2146 1991 2334 2047 Nonne
2365 2008 2430 2047 ex
2471 1993 2629 2048 nobis
2656 1993 3008 2048 hominibus?
3034 1994 3111 2047 Ex
3140 1994 3298 2048 nobis
3324 2008 3478 2058 sane;

1918 2094 1972 2139 et
1994 2085 2119 2139 licet
2140 2097 2429 2140 humanam
2462 2087 2828 2140 conditionem
2849 2085 3194 2141 transcendat
3215 2086 3317 2155 ('7).
3346 2095 3487 2140 atta-

1921 2190 2045 2228 men
2074 2175 2235 2229 ltomo
2266 2183 2368 2229 est.
2402 2174 2538 2240 Quid
2564 2190 2693 2229 vero
2716 2176 2824 2240 ille,
2851 2177 2943 2244 qui
2973 2176 3038 2228 ad
3066 2183 3272 2228 tantum
3305 2175 3488 2244 gloriae

1922 2265 2061 2318 hanc
2098 2265 2382 2336 provexit?
2411 2266 2602 2321 Nonne
2653 2274 2706 2320 ct
2752 2267 2868 2335 ipse
2900 2275 3120 2334 propter
3171 2264 3490 2318 misericor-

1921 2356 2064 2410 diam
2103 2372 2254 2411 suam
2294 2357 2360 2412 ab
2413 2373 2474 2413 ea
2524 2366 2686 2412 natus
2733 2365 2817 2411 est
2867 2356 3032 2409 homo
3079 2355 3237 2410 nobis
3274 2355 3491 2420 similis,

1921 2451 2010 2519 qui
2046 2449 2235 2515 utique
2281 2458 2405 2504 ante
2457 2463 2631 2518 ipsam
2660 2488 2676 2512 ,
2716 2456 2907 2502 natura
2947 2448 3046 2500 hac
3097 2455 3285 2499 nostra
3327 2460 3494 2517 supra

1923 2557 2086 2610 quam
2118 2542 2224 2596 dici
2257 2543 2429 2611 possit
2461 2541 2789 2611 praecelsior,
2823 2541 2890 2594 ab
2918 2548 3121 2594 aeterno
3154 2538 3494 2594 exsistebat?

1926 2634 1991 2688 Et
2019 2634 2120 2688 hoc
2151 2649 2372 2703 prorsus
2404 2634 2778 2688 manifestum.
2829 2633 3012 2687 Nihilo
3044 2634 3208 2703 igitur
3239 2633 3418 2685 minus
3441 2640 3493 2684 et

1929 2738 2028 2778 nos
2054 2724 2360 2778 communis
2397 2724 2524 2777 boni
2562 2724 2853 2793 participes
2879 2739 3004 2778 esse
3032 2724 3313 2778 debemus.
3359 2719 3491 2774 Nam

248 2834 368 2888 que
400 2833 463 2872 ex
503 2819 776 2871 communi
827 2832 1022 2888 genere
1057 2816 1231 2872 oritur
1261 2815 1628 2876 necessitudo.
1677 2818 1814 2870 hanc
1856 2818 2015 2887 plane
2045 2819 2358 2874 facultatem
2395 2819 2559 2886 facit;
2634 2833 2732 2875 nos
2812 2833 2974 2889 porro
3021 2833 3131 2873 non
3178 2818 3339 2872 modo
3391 2832 3496 2871 non

251 2920 607 2984 pugnantem,
648 2911 757 2963 imo
797 2924 923 2963 vero
950 2923 1246 2963 consonam
1295 2915 1544 2961 naturam
1590 2907 1878 2963 habemus.

343 3025 431 3086 Ὠς
463 3022 654 3088 ὄφελον
685 3020 828 3074 οὕτω
851 3021 946 3073 καὶ
975 3019 1064 3073 τὸν
1104 3020 1302 3089 τρόπον
1333 3019 1547 3088 ἔχοιμεν
1577 3019 1820 3090 συναιρό-

2010 3021 2188 3091 Atque
2224 3022 2428 3076 utinam
2464 3029 2517 3074 et
2551 3020 2764 3073 vivendi
2809 3021 3071 3075 rationem
3124 3019 3240 3088 pari
3301 3020 3497 3072 elatam

257 3134 439 3182 μενον.
471 3117 570 3166 Ἂν
621 3112 731 3180 γὰρ
765 3112 829 3182 δὴ
855 3111 952 3165 καὶ
998 3109 1155 3164 τοῦτο
1189 3113 1390 3179 προσῇ.
1419 3109 1705 3179 θαυμαστή
1748 3126 1820 3171 τις

1939 3115 2218 3169 nobilitate
2272 3113 2636 3168 servaremus!
2675 3111 2733 3164 Si
2793 3112 2933 3164 enim
2979 3111 3140 3164 etiam
3197 3126 3376 3163 mores
3429 3112 3501 3163 ita

255 3176 481 3278 εὐτυχία
505 3207 565 3258 τὸ
592 3176 848 3275 πράγμα,
907 3204 1004 3256 καὶ
1049 3176 1247 3273 μηκέτι
1300 3176 1579 3272 μέλλωμεν
1621 3176 1820 3270 ἄνθρω-

1932 3203 2260 3272 compositos
2291 3217 2620 3270 gereremus,
2650 3203 2704 3256 in
2735 3205 2922 3255 miram
2952 3202 3238 3271 quamdam
3274 3200 3503 3252 felicita-

253 3319 368 3365 ποι,
399 3298 533 3351 ἀλλὰ
581 3300 692 3358 τοῖς
748 3295 1004 3363 ἀγγέλοις
1053 3293 1382 3362 θαρῤοὖντες
1419 3295 1648 3356 ἑαυτοὺς
1697 3296 1820 3346 ἀνα·

1927 3301 2032 3348 tem
2065 3309 2154 3347 res
2187 3301 2296 3345 tota
2328 3301 2581 3350 verteret.
2619 3302 2672 3347 et
2696 3309 2820 3347 mox
2853 3309 2957 3346 non
2983 3292 3213 3362 amplius
3242 3291 3496 3345 homines

261 3392 532 3460 μίξωμεν.
589 3390 662 3442 Οὐ
704 3388 811 3457 γὰρ
843 3387 1020 3449 κτίσις
1077 3384 1312 3438 ἐνταῦθα
1368 3385 1466 3453 τῆς
1521 3385 1674 3448 ἀξίας
1726 3384 1820 3436 rt?»

1932 3398 2201 3446 essemus,
2237 3383 2334 3436 sed
2369 3397 2492 3435 cum
2529 3383 2720 3436 fiducia
2753 3384 3116 3448 nosmetipsos
3151 3382 3358 3451 angelis
3385 3394 3508 3450 per-

259 3485 496 3552 φύσεων,
549 3481 685 3534 ἀλλὰ
743 3479 1006 3550 θυμηδίας
1069 3477 1367 3547 ἰσομοιρία,
1421 3477 1706 3546 μᾶλλονδὲ
1744 3478 1820 3529 κα“

1935 3476 2317 3531 misceremus.
2349 3473 2535 3543 Neque
2570 3476 2714 3529 enim
2750 3491 2813 3528 ex
2862 3487 3176 3528 naturarum
3224 3474 3508 3527 nobilitate

257 3580 362 3629 τῶν
394 3579 610 3643 φύσεων
639 3573 887 3628 ἐντεῦθεν
921 3572 1162 3642 ἰσοτιμία
1179 3572 1246 3634 ⁸⁸,
1282 3570 1370 3622 διὰ
1402 3570 1492 3620 τὸν
1537 3571 1599 3620 ἐκ
1652 3568 1820 3621 τοιαύ-

1936 3582 2024 3620 res
2059 3567 2182 3620 iteic
2213 3566 2569 3632 dijudicatur,
2603 3567 2696 3619 sed
2732 3581 2829 3634 par
2854 3566 3106 3619 omnibus
3145 3581 3209 3618 ex
3243 3580 3396 3632 atquo
3419 3565 3509 3630 ius

257 3687 358 3736 της
391 3671 522 3737 ἡμῖν
543 3665 874 3736 ὁμοιωθέντα
908 3663 1130 3733 μητρὸς,
1187 3662 1282 3714 καὶ
1300 3662 1411 3722 τοῖς
1435 3658 1777 3730 ἐπουρανίοις
1795 3657 1820 3686 ¹

1939 3664 2024 3712 est
2085 3658 2482 3727 participanda:
2544 3659 2767 3722 laetitiae;
2825 3673 2919 3710 seu
2972 3658 3165 3711 melius
3221 3656 3510 3716 dixerim,

259 3762 539 3812 ἑιώσαντα
575 3756 986 3826 θεοπρεπῶςλτὰ
1032 3754 1269 3822 ἐπίγεια.

1943 3749 2169 3816 aequalis
2202 3749 2445 3816 ipsarum
2478 3763 2693 3817 quoque
2725 3757 3045 3803 naturarum
3085 3749 3276 3801 exinde
3323 3746 3378 3797 lit
3410 3745 3500 3797 ho-

260 3870 362 3907 nor
397 3864 612 3920 propter
647 3851 819 3916 illum,
845 3849 935 3919 qui
970 3863 1064 3918 per
1091 3856 1200 3902 tam
1232 3845 1551 3917 praecelsam
1589 3851 1818 3899 matrem
1862 3841 2041 3900 factus
2088 3852 2174 3899 est
2206 3843 2369 3898 nobis
2449 3842 2645 3899 similis
2671 3882 2688 3910 ,
2741 3852 2796 3898 et
2866 3844 3146 3899 terrestria
3200 3839 3514 3896 caelestibus

259 3946 528 4001 divinitus
562 3942 872 4012 conjunxit.

337 4062 413 4114 Z'.
448 4059 490 4110 Τ
493 4056 750 4126 οιγαροῦν
809 4055 932 4108 ἐπεὶ
962 4053 1135 4108 ταῦτα
1165 4052 1259 4106 καὶ
1279 4051 1538 4106 τοσούτου
1567 4050 1820 4121 θεάματος

2015 4044 2128 4099 VII.
2165 4044 2614 4116 Quandoquidem
2650 4059 2779 4115 ergo
2825 4042 2975 4099 hisce
3016 4043 3083 4097 de
3139 4041 3322 4096 causis
3355 4037 3508 4108 digni

266 4151 596 4221 μεταλαϐεῖν
621 4147 924 4216 ἀξιούμεθα
945 4162 961 4178 ο
993 4146 1086 4197 ἐπὶ
1111 4143 1286 4212 τούτῳ
1319 4143 1428 4211 γὰρ
1485 4141 1579 4194 καὶ
1621 4139 1820 4208 συνελη

1941 4138 2117 4195 effecti
2163 4153 2376 4201 sumus,
2425 4147 2485 4191 ut
2523 4136 2688 4191 etiam
2722 4148 2828 4189 tam
2863 4133 2986 4188 miri
3018 4130 3310 4202 spectaculi
3345 4131 3512 4199 parti-

266 4220 534 4312 λὺθαμεν·
563 4241 889 4310 τιμήσωμεν
921 4235 1102 4306 ἁγνῶς
1133 4234 1232 4305 τὴν
1267 4231 1566 4305 Παρθένον,
1596 4232 1695 4300 τὴν
1730 4228 1817 4298 Mr;

1941 4231 2095 4302 cipe:
2134 4229 2336 4293 simus;
2369 4243 2493 4282 nam
2538 4236 2592 4282 et
2635 4236 2853 4298 propter
2903 4226 3010 4280 hoc
3064 4223 3207 4277 idem
3253 4223 3309 4275 in
3362 4220 3511 4274 hunc

262 4339 402 4405 τέρα
440 4334 702 4404 γνησίως,
732 4333 833 4400 τὴν
885 4331 1125 4400 Νύμφην
1186 4326 1518 4390 πολυτελῶς,
1570 4323 1667 4393 τὴν
1700 4322 1816 4375 δεδο

1942 4330 2144 4377 emtum
2216 4322 2604 4385 convenimus;
2667 4320 2819 4390 puris
2871 4316 3146 4373 mentibus
3194 4315 3517 4383 Virginem,

267 4426 544 4495 ξασμέδην
586 4423 838 4487 ἐνδόξως,
876 4418 1262 4491 ὑπερκοσμίως
1305 4417 1404 4486 τὴν
1428 4415 1800 4485 ὑπερκόσμιον

1946 4414 2164 4468 sincero
2196 4411 2387 4466 affectu
2429 4412 2654 4465 Matrem
2685 4452 2700 4476 ,
2738 4410 3022 4480 magniﬁce
3056 4408 3348 4478 Sponsam.
3397 4406 3515 4474 glo-

265 4518 500 4587 καθαροὶ
529 4515 601 4567 τὰ
630 4513 948 4578 καθήκοντα
974 4512 1041 4578 τῇ
1076 4508 1297 4576 καθαρᾷ
1342 4506 1820 4574 λειτουργήσωμεν

1921 4508 2095 4574 ,riose
2129 4503 2481 4572 refulgentem
2516 4503 2709 4572 gloria,
2751 4501 2985 4557 terrenis
3012 4499 3265 4554 omnibus
3301 4497 3517 4566 praecel-

265 4606 509 4669 εὐλαϐῶς
541 4607 606 4675 τῇ
636 4602 923 4672 Δεσποίνῃ.
947 4601 1015 4669 τῇ
1057 4596 1295 4650 Βασιλίδι
1315 4594 1586 4664 λαμπρῶς
1615 4595 1683 4646 τὰ
1712 4593 1815 4665 πρὸ

1954 4600 2154 4656 siorem
2218 4596 2475 4651 laudibus
2524 4610 2630 4650 non
2686 4593 2919 4648 terrenis
2976 4591 3354 4645 honoremus:
3403 4603 3522 4656 quis

267 4698 572 4767 θεραπείαν
603 4693 1033 4760 ἐπιτελέσωμεν.
1061 4688 1242 4757 Μηδὲν
1272 4687 1379 4740 τῶν
1406 4686 1657 4753 ἀνά-γνων
1681 4702 1820 4755 προσ

1953 4707 2144 4763 puram
2178 4692 2404 4746 deceant
2461 4704 2617 4743 sacra
2649 4687 2770 4756 puri
2819 4700 3165 4755 peragamus,
3213 4688 3522 4737 reverenter

275 4788 530 4859 φερέσθω
559 4789 626 4855 τῇ
664 4783 928 4852 παναγίᾳ,
968 4779 1132 4850 μηδὲν
1167 4778 1274 4830 τῶν
1298 4778 1449 4831 κάτω
1475 4777 1744 4843 κειμένων
1779 4778 1820 4842 τῆ

1954 4784 2216 4845 Dominae,
2241 4780 2518 4850 splendide
2547 4780 2766 4850 Regina:
2796 4777 3149 4830 exhibeamus
3181 4773 3519 4827 famulatum.

270 4882 383 4934 τῶν
416 4878 657 4949 οὐρανῶν
683 4875 980 4945 ὑπερτέρα·
1023 4871 1164 4924 ἔστω
1193 4868 1462 4940 κράτιστα
1487 4867 1681 4930 πάντα,
1739 4867 1820 4919 κα

1949 4869 2098 4924 Nihil
2134 4884 2242 4924 non
2278 4884 2471 4937 purum
2504 4868 2863 4924 sanctissima:
2884 4864 3162 4920 offeratur:
3198 4862 3351 4927 nihil,
3379 4861 3523 4930 quod

1618 5056 1820 5118 Vat-ite
1852 5053 2181 5117 lectiones.

2091 5204 2131 5233 ³¹
2167 5200 2262 5256 Hic
2306 5200 2482 5254 Vatic.
2535 5198 2680 5251 addit
2711 5198 2886 5265 ἡμῶν.
2956 5195 3005 5265 _”
3033 5193 3200 5247 Laur.
3253 5188 3524 5265 _E)0wt_tsv

352 5222 394 5253 "
430 5218 567 5272 Cod.
611 5216 775 5270 Laur.
830 5213 1152 5267 δοθείσεται.
1284 5211 1331 5242 ’⁸
1362 5209 1525 5262 Abest
1549 5207 1712 5277 ἡμῶν
1749 5223 1775 5258 a
1814 5206 1820 5225 ‘

352 5287 460 5323 l‘n.l
521 5288 661 5323 lnnr
715 5284 828 5323 ἀλλ’
890 5284 1015 5323 Eum
1083 5283 1128 5313 ⁸⁸
1156 5281 1285 5323 Cmi,
1317 5279 1481 5323 Laur-
1505 5271 1601 5323 ὧν-
1691 5277 1734 5307 ⁸⁸
1755 5275 1820 5323 (ἶυ

1921 5205 1984 5258 ic.
2091 5205 2131 5233 ³¹
2168 5205 2262 5256 llic
2307 5205 2482 5254 Vatic.
2535 5205 2680 5251 addit
2711 5205 2886 5265 ἡμῶν.
2962 5205 3005 5226 "
3033 5205 3200 5247 Laur.
3283 5205 3524 5254 ειυωμεν

1925 5274 2092 5323 Laur.
2123 5271 2462 5323 ἀνθεκταῐον.
2580 5270 2625 5298 ’⁸
2657 5268 2870 5323 Absunt
2903 5280 2932 5318 a
2956 5263 3119 5317 Laur.
3166 5257 3294 5316 cod.
3342 5259 3526 5313 verba.

281 5293 326 5322 η
351 5271 484 5342 Cod.
520 5288 681 5342 Laur.
715 5284 828 5337 ἀλλ’
890 5284 1042 5352 ἆμοι.
1083 5271 1604 5352 “animum
1691 5275 1820 5352 {te};

1925 5274 2092 5352 Laur.
2123 5271 2462 5352 dvesxtaiov'.

282 5340 483 5429 μᾶλλον
504 5340 557 5412 εἰ
588 5356 809 5410 καὶτῶν
837 5340 1052 5422 φύσεων
1081 5350 1328 5404 mesen
1365 5346 1628 5416 ίσοτιμία.
1705 5348 1748 5377 ⁸⁷
1785 5343 1917 5397 Cod.
1954 5341 2117 5395 Laur.
2144 5343 2215 5394 ὲπ
2260 5340 2552 5410 οὒρανίοις.

1799 5484 2000 5545 Notae.

1950 5633 2231 5694 putarunt,
2281 5639 2390 5691 quo
2428 5622 2592 5692 Virgo
2641 5621 2870 5692 Deipara
2916 5613 3190 5675 conuuuni
3241 5609 3519 5668 hominum

1948 5698 2082 5752 vitio
2110 5698 2307 5752 inlecta
2345 5695 2717 5750 evinceretur.

353 5639 431 5704 (7)
463 5639 520 5692 Si
550 5612 844 5691 humanam
884 5629 1250 5688 conditionem
1311 5627 1671 5704 transcendit,
1707 5641 1837 5697 ergo

285 5699 490 5763 frustra
519 5725 581 5761 ex
611 5708 676 5762 iis
696 5705 1054 5778 qtttnpropria
1075 5711 1202 5757 sunt
1227 5699 1844 5778 conditionishumanao.

288 5778 638 5835 ineluctabile
691 5765 968 5848 quoddam
1032 5778 1418 5844 argumentum
1458 5767 1582 5826 duci
1631 5765 1852 5837 quidam
