4190 6458
752 410 890 486 1083

746 541 948 585 ter-ram
981 524 1245 589 redoleat,
1277 523 1375 589 illi,
1404 538 1520 595 qua
1560 523 1715 580 caelis
1744 533 1826 579 est
1856 526 2176 594 sublimior;
2205 543 2318 582 om-

2427 529 2826 600 μεγαλοπρεπῆ
2855 529 2899 561 "
2933 568 2949 591 ,

746 620 1095 689 niaprorsus
1123 616 1325 672 eximia
1356 618 1487 681 sint,
1520 617 1705 670 omnia
1734 615 2117 673 muniﬁcentia:
2148 619 2317 676 deco-

742 715 931 789 risque
957 714 1137 782 plena,
1169 721 1223 767 et
1252 726 1464 781 pompa:
1493 720 1601 766 tam
1636 720 1882 781 augusta:
1907 749 1925 779 ,
1969 721 2135 786 alque
2183 729 2320 770 cou-

744 816 945 862 ventus
982 805 1321 861 solemuitati
1352 818 1618 873 congrua.

814 900 995 968 Atque
1019 914 1121 967 ego
1163 896 1402 966 quidem,
1438 913 1559 966 quae
1602 898 1667 952 ad
1714 898 1999 955 abeuntem
2029 901 2318 955 Dominam

741 990 1115 1045 deducendam
1144 996 1411 1058 spectant,
1435 990 1771 1056 decantabo;
1800 1007 1898 1046 vos
1930 1000 2109 1046 autem
2136 992 2225 1047 alii
2252 1008 2319 1048 ex

747 1090 905 1149 parte
965 1087 1179 1134 vosmet
1232 1079 1612 1135 consociantes
1664 1081 1838 1137 fausta
1883 1084 2221 1151 acclamate,
2265 1093 2319 1141 et

745 1171 889 1240 quod
923 1170 1156 1240 quisque
1193 1171 1392 1239 possit,
1450 1179 1716 1241 quantum
1774 1172 1825 1228 in
1881 1191 1941 1230 se
1992 1185 2099 1241 est,
2153 1179 2318 1233 simul

744 1276 938 1317 omnes
967 1262 1281 1325 oll'erentes,
1317 1263 1583 1318 solemnia
1632 1278 1848 1319 mecum
1886 1269 2189 1335 parentalia
2221 1270 2317 1325 de-

743 1362 931 1409 center
984 1354 1298 1420 persolvite.
1348 1354 1738 1411 Verumtamen
1791 1373 1900 1412 nou
1955 1360 2053 1414 abs
2109 1376 2167 1416 re
2212 1362 2319 1416 erit

744 1446 1013 1500 sermonis
1036 1448 1318 1502 exordium
1344 1449 1508 1518 paulo
1538 1450 1704 1507 altius
1730 1452 1975 1523 petiisse,
2000 1463 2057 1508 ut
2078 1455 2320 1525 Deiparte

744 1536 930 1589 laudes
964 1552 993 1589 e
1032 1537 1219 1595 divino
1250 1550 1408 1609 partu
1440 1541 1727 1611 deducam,
1759 1554 1813 1600 et
1842 1546 2069 1618 egregia:
2103 1559 2315 1606 pertra-

743 1628 965 1682 ctalioni
1001 1631 1276 1698 egregium
1310 1632 1526 1688 initium
1560 1634 1777 1690 faciam.

819 1717 957 1780 Vill.
1001 1719 1145 1786 Fuit,
1174 1723 1392 1791 quando
1433 1725 1669 1781 mundus
1709 1727 1919 1784 alienus
1952 1740 2004 1785 et
2060 1730 2319 1788 inimicus

744 1815 864 1861 erat
910 1808 1133 1873 mundo,
1186 1812 1439 1866 videlicet
1479 1818 1826 1885 aspectabilis
1875 1818 1961 1874 hic
2015 1820 2316 1889 invisibili,

748 1900 1124 1968 corruptibilis
1172 1901 1514 1973 incorrupto,
1566 1907 1814 1965 dilabens
1866 1911 2091 1968 ﬁrmiter
2140 1916 2321 1970 consi-

746 1992 933 2052 stenti.
970 1999 1024 2046 et
1073 2002 1342 2050 creatum
1371 2006 1561 2053 contra
1595 2000 1769 2069 ipsum
1804 2000 2117 2058 Creatorem
2158 2020 2316 2061 suum

748 2082 913 2151 impie
950 2085 1182 2138 rebelles
1207 2096 1382 2141 erant.
1431 2090 1497 2142 Et
1532 2091 1671 2145 alter
1708 2093 1926 2159 quidem
1964 2094 2317 2154 Conditorem

750 2178 1030 2244 proprium
1059 2218 1074 2242 ,
1114 2187 1171 2232 ut
1211 2194 1310 2249 par
1340 2192 1448 2244 est,
1484 2184 1855 2250 reverebatur,
1888 2187 2045 2257 eique
2090 2191 2317 2260 gloriam

744 2266 1006 2322 reddebat
1040 2279 1093 2324 et
1125 2269 1421 2339 honorem;
1457 2273 1592 2327 alter
1623 2290 1752 2329 vero
1777 2278 1943 2330 animi
1972 2282 2219 2334 socordia
2251 2281 2318 2336 ab

745 2374 812 2414 co
839 2361 926 2427 qui
955 2369 1059 2423 est,
1093 2361 1390 2429 declinans,
1428 2366 1698 2423 abductus
1738 2377 1821 2422 est
1855 2369 1921 2422 ad
1950 2386 2012 2425 ea
2046 2388 2167 2442 qua:
2208 2390 2316 2429 non

746 2456 908 2513 sunt;
964 2458 1019 2502 et
1066 2458 1325 2520 tanquam
1376 2452 1646 2510 beneﬁcos
1703 2459 1869 2513 stulte
1904 2464 2188 2531 amplexus
2236 2474 2319 2521 εει

746 2537 1013 2601 inimicos,
1049 2551 1100 2594 et
1131 2557 1225 2609 per
1252 2545 1537 2613 segnitiem
1570 2547 1745 2601 errori
1772 2565 1869 2603 ceu
1900 2553 2106 2607 veritati
2135 2555 2319 2609 adhae-

746 2628 836 2681 sit.
872 2627 1009 2682 iiinc
1033 2631 1212 2686 nobile
1244 2634 1345 2689 hoc
1381 2634 1470 2689 Dei
1501 2651 1640 2705 opus
1676 2640 1978 2695 exitialium
2008 2644 2315 2699 daemonum

746 2717 803 2771 lit
864 2719 1204 2787 ludibrium;
1238 2731 1291 2777 et
1329 2723 1382 2777 in
1439 2729 1825 2783 contumeliam
1863 2733 2138 2802 archetypi
2190 2748 2320 2803 pro-

746 2807 997 2862 culcatur
1023 2810 1168 2879 quod
1200 2812 1265 2864 ad
1299 2812 1542 2880 ejusdem
1570 2816 1857 2886 imaginem
1888 2819 2089 2874 factum
2118 2822 2315 2885 fuerat;

747 2904 801 2949 et
838 2907 1175 2964 comparatus
1208 2900 1566 2969 eurjumenli:
1613 2916 1656 2970 ο,
1689 2906 1777 2975 qui
1805 2910 1965 2974 paulo
1999 2912 2172 2964 minus
2204 2922 2318 2964 erat

748 2987 812 3040 ab
845 2991 1043 3058 angelis
1082 2988 1125 3043 ί.

822 3079 915 3133 ΙΧ.
950 3080 1158 3136 Exinde
1192 3098 1324 3137 vero
1357 3083 1523 3149 illius,
1564 3086 1657 3155 qui
1689 3089 1861 3143 nescit
1890 3090 2027 3146 allici
2051 3132 2066 3156 ,
2107 3093 2316 3149 viscera

1929 416 2253 477 JOANNIS
2278 416 2853 483 EUCHAITENSIS

2346 1868 2393 1927 B

3869 415 4003 483 1084

3014 530 3107 582 καὶ
3174 529 3435 599 φιλότιμα
3470 574 3482 595 ,
3536 531 3633 584 καὶ
3693 532 3997 607 τηλικαύτῃ

2423 622 2618 692 πομπῇ
2652 623 2746 674 καὶ
2771 622 3079 692 πανηγύρει
3122 623 3490 695 προσήκοντα.

2502 893 2643 962 Ἐγὼ
2669 894 2770 963 μὲν
2796 896 2985 965 ὲπᾴσω
3008 899 3075 969 τῇ
3096 898 3362 971 Δεσποίνῃ
3377 901 3444 953 τὰ
3465 908 3905 975 προπεμπτῆρια.
3929 912 3995 943 "-

2419 984 2577 1054 ὑμεῖς
2610 985 2667 1038 δὲ
2695 986 2917 1041 ἄλλοθεν
2945 988 3105 1052 ἄλλος
3137 990 3446 1055 ἀκολούθως
3478 994 3878 1067 ἐπευφημεῖτε,
3902 1003 3995 1055 καὶ

2418 1077 2480 1131 τὺ
2534 1080 2671 1151 πρὸς
2691 1080 2922 1147 δύναμιν
2945 1080 3177 1144 ἕκαστος
3196 1084 3329 1154 παρ’
3352 1085 3547 1140 ἑαυτοῦ
3598 1094 3994 1163 συνεισφέρων,

2417 1172 2518 1240 τὴν
2541 1174 2695 1228 ὁσίαν
2718 1173 2911 1238 αίσίως
2958 1173 3060 1245 τῆς
3094 1174 3288 1245 ἑορτῆς
3317 1180 3709 1252 συμπληροῦτέ
3766 1203 3881 1255 μοι.
3919 1189 3991 1241 Οὐ

2419 1267 2599 1337 χεῖρον
2621 1266 2823 1334 μέντοι,
2858 1268 2952 1319 τὸν
3004 1266 3165 1336 λόγον
3214 1270 3480 1341 ἀνωτέρω
3508 1281 3881 1346 προαγαγεῖν,
3927 1282 3993 1333 ἶν’

2419 1355 2528 1410 ἀπὸ
2558 1355 2652 1409 τοῦ
2687 1356 2849 1409 τόκου
2876 1355 2971 1409 τοῦ
3018 1357 3164 1412 θείου
3221 1362 3440 1432 τιμήσω
3465 1364 3562 1436 τὴν
3590 1365 3881 1435 Θεοτόκον,
3906 1377 3997 1426 καὶ

2420 1449 2589 1522 καλὴν
2613 1449 2786 1523 ἀρχὴν
2812 1451 2996 1506 ὑποθῶ
3024 1454 3173 1526 καλῷ
3221 1456 3533 1529 πράγματι.

2477 1719 2561 1776 H'.
2650 1719 2731 1772 Ην
2775 1720 2865 1774 ὅτε
2896 1722 3100 1789 κόσμος
3136 1722 3275 1795 πρὸς
3329 1727 3535 1796 κόσμον
3562 1728 3861 1801 ἀλλοτρίως
3886 1730 3994 1805 εἶχε

2422 1811 2519 1865 καὶ
2572 1814 2870 1884 πολεμίως,
2930 1817 2959 1868 6
2983 1816 3258 1886 ὁρώμενος
3286 1815 3438 1883 οὗτος
3468 1823 3604 1891 πρὸς
3633 1824 3723 1877 τὸν
3748 1825 3994 1895 ἀόρατον.

2421 1905 2447 1956 6
2469 1903 2568 1973 τῆς
2594 1904 2801 1973 φθορᾶς
2833 1906 2969 1976 πρὸς
3016 1907 3108 1960 τὸν
3134 1907 3413 1978 ἄφθαρτον
3435 1911 3502 1975 ³⁸,
3534 1912 3561 1965 6
3595 1913 3772 1967 ἀπιὼν
3794 1916 3836 1947 ³³
3864 1918 3997 1987 πρὸς

2419 1993 2512 2046 τὸν
2542 1994 2794 2063 μένοντα,
2826 1999 2919 2050 καὶ
2944 1997 3012 2051 τὰ
3035 1998 3081 2030 ⁸¹
3110 1999 3203 2053 τοῦ
3233 2000 3397 2055 αὐτοῦ
3432 2003 3670 2057 κτίστου
3702 2005 3994 2077 κτίσματι

2420 2089 2607 2154 κακῶς
2671 2090 3014 2155 ἐστασίαζεν.
3080 2092 3136 2145 '0
3170 2094 3271 2161 μὲν
3320 2094 3412 2147 τὸν
3451 2099 3674 2162 οἰκεῖον,
3709 2099 3785 2160 ὡς
3817 2100 3995 2168 θέμις,

2420 2183 2651 2252 ποιητὴν
2708 2188 2958 2253 περιεῖπε
2979 2185 3043 2251 ³³,
3108 2187 3346 2255 κάκείνῳ
3402 2189 3501 2259 τὴν
3552 2190 3709 2255 δόξαν
3744 2192 3994 2248 ἀπεδίδου

2420 2277 2511 2329 καὶ
2537 2277 2635 2345 τὴν
2663 2279 2831 2347 τιμήν
2864 2296 2877 2310 ·
2908 2279 2936 2330 6
2964 2279 3021 2331 δὲ
3062 2280 3309 2352 ῥαθυμίᾳ
3338 2282 3434 2335 τοῦ
3465 2283 3620 2348 ὄντος
3650 2286 3995 2358 διαμαρτὼν,

2421 2368 2706 2441 ἀπηνέχθη
2757 2372 2893 2441 πρὸς
2942 2372 3011 2425 τὰ
3058 2374 3131 2441 μὴ
3190 2374 3318 2426 ὄντα
3351 2389 3365 2403 ·
3429 2375 3525 2427 κοιλ⁵
3587 2378 3715 2440 τοὺς
3770 2379 3998 2449 ἐχθροὺς

2419 2462 2712 2531 εὐεργέτας
2787 2464 3032 2533 ἀνοήτως
3085 2465 3346 2528 ὑπέλαϐε,
3405 2468 3501 2519 καὶ
3552 2467 3628 2531 ὡς
3679 2470 3909 2541 ἀληθείᾳ
3933 2476 3995 2539 τῇ

2421 2555 2594 2625 πλάνῃ
2638 2556 2705 2607 δι’
2758 2556 3093 2626 ἀπροσεξίαν
3150 2560 3649 2628 κατηκολούθησεν.
3712 2564 3999 2618 Ἐντεῦθεν

2418 2647 2574 2700 τοῦτο
2604 2648 2665 2700 τὺ
2701 2649 2845 2717 μέγα
2873 2650 2968 2702 τοῦ
2995 2650 3132 2704 Θεοῦ
3174 2653 3385 2719 ποίημα
3439 2652 3701 2722 ὀλεθρίων
3726 2656 4000 2725 δαιμὸνων

2420 2738 2629 2804 γίνεται
2664 2741 2941 2807 παίγνιονο
2979 2741 3159 2793 καὶτὸ
3186 2743 3309 2794 κατ’
3344 2744 3528 2797 εἰκόνα
3560 2748 3813 2799 -πατεῖται
3865 2750 3999 2817 πρὸς

2421 2828 2577 2897 ὕϐριν
2609 2828 2704 2882 τοῦ
2737 2830 3070 2902 ἀρχετύπουσ
3108 2832 3202 2885 καὶ
3228 2834 3256 2885 6
3287 2833 3463 2903 βραχῦ
3512 2836 3646 2907 παρ’
3707 2839 3978 2906 ἀγγέλους

2419 2921 2877 2993 παρασυνεσλήθη
2912 2924 3027 2984 τοῖς
3059 2924 3336 2993 κτήνεσιν.

2488 3101 2566 3156 Θν.
2637 3103 2917 3158 Ἐντευυεν
2946 3115 3015 3158 τα
3044 3104 3326 3174 σπλάγχνα
3360 3106 3557 3177 πάσχει
3599 3107 3694 3161 τοῦ
3726 3106 3993 3171 ἀπαθοῦς·

744 3170 1088 3237 alllciuutur;
1122 3173 1351 3228 allectus
1391 3187 1570 3231 autem
1611 3178 1889 3235 miseratio
1940 3182 2041 3235 fuit
2077 3185 2131 3237 in
2173 3200 2311 3254 opus

2419 3194 2511 3246 ml
2543 3192 2605 3245 τὸ
2644 3193 2837 3257 πάθος,
2884 3189 3068 3256 οἶκτος
3121 3170 3255 3262 περῖ
3286 3200 3345 3247 τὸ
3395 3170 3644 3264 πλάσμα.
3679 3199 3774 3249 καὶ
3808 3170 3997 3265 φιλαν-

747 3279 932 3327 ειιυηι,
958 3277 1010 3318 et
1035 3266 1276 3320 clemens
1306 3283 1428 3337 erga
1460 3269 1707 3324 homines
1739 3274 1998 3328 Charitas.
2027 3276 2165 3330 Hinc
2193 3292 2319 3329 cmi-

744 3356 919 3410 silium
950 3356 1079 3411 illud
1108 3359 1380 3428 antiquum
1418 3375 1480 3411 ac
1515 3376 1688 3413 verum
1711 3363 1758 3426 ι,
1790 3374 1844 3419 et
1867 3375 2074 3420 certum
2108 3368 2315 3423 ferendi

747 3447 934 3501 ainlii
974 3458 1189 3518 tempus
1218 3451 1599 3507 deliniebatur.
1641 3453 1760 3523 Ipsa
1795 3469 1973 3511 autem
2011 3460 2318 3527 cpitulandi

747 3542 889 3593 ratio
914 3555 1077 3609 quam
1109 3543 1265 3608 longe
1298 3551 1506 3598 natura!
1531 3545 1665 3600 lines
1691 3550 2097 3615 przrtervolans,
2128 3565 2320 3621 quam-

746 3646 852 3701 que
880 3631 1194 3685 admiranda
1228 3634 1317 3687 illa
1358 3634 1499 3689 l'uitl

816 3722 1118 3793 Postquam
1166 3724 1269 3778 alia
1305 3727 1633 3783 adminicula
1664 3732 1848 3786 omnia
1898 3733 2033 3788 nihil
2068 3735 2317 3804 proiece-

750 3823 893 3880 rant,
925 3816 970 3871 is
1005 3817 1139 3885 ipse,
1171 3818 1261 3885 qui
1295 3820 1473 3873 omnia
1501 3831 1679 3887 portat
1714 3823 1862 3877 verba
1896 3827 2107 3882 virtutis
2135 3845 2244 3881 suae
2266 3827 2317 3894 λ,

747 3916 1023 3961 certamen
1068 3908 1169 3962 hoc
1199 3910 1388 3975 subit;
1424 3923 1477 3965 et
1503 3913 1592 3980 qui
1623 3912 1767 3968 Deus
1801 3925 1882 3970 est
1912 3917 2221 3984 hominum,
2260 3922 2319 3976 lit

743 3997 910 4051 homo
956 4008 1177 4067 propter
1206 4001 1492 4067 homines;
1530 4013 1582 4058 et
1630 4006 1723 4074 qui
1759 4008 1961 4062 eitaltat
1999 4010 2234 4067 humiles
2268 4016 2317 4078 ί,

739 4089 814 4143 ad
859 4090 1116 4144 humilem
1168 4093 1538 4149 conditionem
1603 4112 1662 4152 se
1695 4098 1963 4164 demittit;
2017 4108 2069 4155 et
2120 4103 2317 4159 luttam

740 4187 937 4234 contra
969 4182 1342 4240 adversarium
1378 4201 1485 4241 non
1513 4174 1670 4243 secus
1699 4203 1763 4244 ac
1793 4207 1935 4247 unus
1963 4208 1993 4247 e
2018 4193 2197 4257 nobis,
2226 4196 2317 4264 qui

742 4279 1244 4347 prosternehamur,
1297 4284 1546 4352 suscipit.
1580 4288 1721 4350 Quid
1768 4289 1935 4353 enim,
1988 4291 2032 4343 si
2062 4292 2145 4343 vel
2185 4292 2304 4345 solo

748 4374 884 4419 nutu
921 4382 950 4420 e
982 4369 1158 4435 coelo,
1196 4380 1312 4425 tuto
1353 4372 1467 4441 ipse
1506 4374 1559 4427 in
1608 4376 1830 4430 sublimi
1868 4392 1965 4432 sua
2012 4380 2319 4437 consistens

748 4462 898 4527 sede,
945 4477 1007 4516 ac
1041 4465 1247 4518 nullum
1280 4467 1333 4520 in
1373 4468 1626 4524 conﬂictu
1666 4470 1909 4525 laborem
1968 4480 2060 4525 aut
2102 4474 2316 4542 pericu-

750 4552 860 4605 lum
903 4555 1220 4620 sustinens,
1278 4558 1562 4615 inimicum
1614 4563 1977 4633 perdidisset?
2017 4566 2155 4631 Quid
2190 4585 2317 4625 vero

750 4658 1003 4711 magnum
1052 4644 1311 4719 (fuisset),
1347 4649 1632 4718 fugitivum
1672 4653 1844 4719 illum,
1898 4655 2206 4722 improbum
2263 4668 2317 4715 et

747 4734 1040 4801 ingratum,
1074 4753 1102 4789 a
1140 4737 1250 4794 Deo
1282 4742 1476 4809 subjici
1508 4745 2061 4816 scelestissimumque
2095 4764 2313 4804 servum

746 4836 776 4875 a
808 4822 919 4876 Deo
956 4836 1174 4892 potente
1215 4830 1456 4885 vinctum
1490 4834 1725 4889 abduci?
1758 4834 1811 4890 Id
1846 4838 2124 4894 enimvero
2157 4840 2315 4895 facile

749 4914 929 4981 potius
962 4916 1153 4971 luiss::t
1178 4959 1191 4983 ,
1228 4935 1386 4989 quam
1423 4924 1781 4982 admiratione
1826 4930 2048 5000 dignum
2079 4975 2093 4997 ,
2133 4949 2197 4988 ac
2228 4950 2314 4990 res

748 5003 979 5058 feliciter
1012 5016 1161 5075 gesta
1188 5011 1383 5066 divina:
1416 5016 1589 5084 magis
1621 5016 1951 5084 fortitudini,
1980 5038 2141 5089 quam
2164 5025 2310 5095 ejus-

744 5093 867 5147 dem
902 5110 1028 5164 erga
1067 5097 1313 5154 homines
1341 5102 1590 5158 charitati
1623 5109 1942 5165 ascribenda
1972 5123 2136 5169 esset.

819 5182 1018 5237 Verum
1056 5188 1144 5241 ille
1183 5191 1407 5257 gloriam
1455 5209 1630 5249 meam
1683 5214 1793 5253 suae
1827 5202 1999 5269 ipsius
2042 5206 2309 5273 quodam-

749 5272 911 5327 modo
969 5275 1220 5344 dignitati
1270 5286 1627 5353 anteponens:
1656 5286 1710 5356 (ο
1776 5272 2163 5350 misericordia:
2212 5297 2304 5353 Dei

826 5436 848 5463 ε
878 5424 1023 5480 Psal.
1076 5444 1263 5493 mnu,
1310 5430 1394 5486 15.
1480 5432 1498 5471 ί
1534 5434 1678 5489 Psal.
1718 5455 1836 5504 \‘lll,
1870 5441 1925 5498 6.
2009 5447 2034 5485 ε
2064 5445 2169 5501 lsa.
2220 5451 2405 5516 xxv,l
2449 5463 2563 5506 sec.
2626 5444 2792 5501 LXX.
2867 5445 2894 5485 ιι
2938 5442 3103 5500 Hebr.
3156 5463 3194 5514 ι,
3238 5448 3293 5503 5.

2423 3286 2637 3359 θρωπία
2701 3286 2829 3357 περὶ
2871 3286 2962 3339 τὸν
3013 3286 3321 3358 ἄνθρωπον.
3387 3289 3737 3359 Ἰιῖντεῦθενὴ
3796 3292 3997 3361 ἀρχαία

2425 3377 2592 3450 βουλὴ
2647 3378 2741 3431 καὶ
2802 3378 3055 3448 ἀληθινὴ,
3122 3380 3218 3431 καὶ
3272 3379 3489 3449 βοηθεῖν
3555 3380 3732 3433 ἐδόκει
3784 3384 3991 3449 καιρὴ.

2420 3470 2530 3524 Καὶ
2564 3471 2663 3540 τῆς
2699 3472 2953 3543 βοηθείας
2980 3472 3248 3541 ὁτρόπος,
3281 3472 3359 3536 ὡς
3406 3473 3693 3545 ὑπερφυὴς
3750 3476 3850 3527 καὶ
3892 3489 3995 3529 πα-

2424 3563 2663 3634 ράδοξος.

2490 3747 2644 3801 Μετά
2675 3748 2857 3799 πᾶσαν
2880 3746 3049 3815 ἀλλην
3096 3747 3347 3817 μηχανὴν
3389 3748 3855 3815 ἀπρακτήσασαν,
3895 3748 3992 3801 αὖ·

2420 3838 2531 3902 τὸς,
2565 3840 2593 3890 6
2628 3837 2810 3907 φέρων
2836 3837 2905 3891 τὰ
2955 3841 3133 3890 πάντα
3187 3838 3264 3906 τῷ
3314 3839 3523 3908 ῥήματι
3556 3838 3657 3905 τῆς
3686 3838 3992 3907 δυνάμεως.

2420 3930 2509 3983 τὸν
2537 3930 2724 3996 ἀγῶνα
2782 3929 2976 3982 τοῦτον
3040 3930 3374 3999 ὑπέρχεταιο
3430 3932 3525 3983 καὶ
3582 3932 3675 3983 6³⁸
3702 3931 3841 3990 Θεὸς
3887 3932 3995 3983 τῶν

2421 4020 2723 4091 ἀνθρώπων
2752 4020 2839 4073 διὰ
2890 4021 3017 4083 τοὺς
3069 4022 3391 4091 ἀνθρώπους
3423 4022 3805 4092 ὲνανθρωπεῖο
3835 4028 3927 4076 καὶ
3966 4025 3993 4075 6

2419 4112 2711 4174 ταπεινοὺς
2755 4112 2927 4179 ὑψῶν,
2977 4112 3365 4166 ταπεινοῦταν
3430 4116 3526 4166 καὶ
3573 4114 3675 4183 τὴν
3731 4117 3871 4186 πρὸς
3905 4117 3993 4168 τδν

2420 4204 2713 4257 ἀντίπαλον
2741 4203 2922 4273 πάλην
2965 4205 3028 4256 ὲκ
3071 4206 3163 4257 τοῦ
3198 4205 3317 4258 ίσου
3362 4208 3471 4266 τοῖς
3522 4206 3818 4259 πίπτουσιν
3864 4209 3995 4277 ἡμῖν

2420 4296 2761 4365 ὑποδέχεται.
2794 4296 2859 4349 Τί
2881 4296 3008 4365 γὰρ,
3037 4298 3084 4349 εί
3112 4298 3208 4349 καὶ
3240 4296 3473 4366 νεύματι
3510 4297 3659 4367 μόνῳ
3690 4299 3786 4351 τὸν
3802 4298 3995 4369 ὲχθρδν

2422 4387 2478 4452 ἐξ
2510 4385 2677 4455 ὕψους
2707 4386 3008 4451 ἀνάλωσεν,
3046 4388 3103 4438 ιν
3133 4387 3371 4455 ἀσφαλεῖ
3402 4386 3686 4450 καθεστὼς
3739 4390 3835 4441 ἐπὶ
3896 4389 3993 4457 τῆς

2419 4478 2629 4538 οίκείας
2685 4475 2996 4545 περιωπῆς,
3068 4477 3161 4529 καὶ
3220 4476 3425 4546 μηδένα
3482 4477 3702 4547 πόνονῆ
3748 4478 3992 4531 κίνδυνον

2423 4566 2554 4636 περὶ
2602 4567 2703 4637 τὴν
2732 4568 3061 4638 συμπλοκὴν
3090 4569 3366 4635 ὑποστάςς
3403 4568 3468 4621 Τί
3501 4569 3556 4620 δὲ
3589 4569 3755 4638 μέγα,
3786 4570 3993 4640 δραπέ-

2418 4677 2541 4729 την,
2590 4661 2829 4730 πονηρὸν
2857 4661 2952 4714 καὶ
2983 4660 3300 4729 ἀγνώμονα.
3327 4661 3433 4713 ὑπὸ
3461 4660 3595 4713 Θεοῦ
3638 4662 3989 4731 χειρωθῆναι,

2419 4751 2513 4802 καὶ
2540 4749 2840 4820 ἀναχθῆναι
2863 4750 2906 4781 ³⁸
2969 4749 3227 4804 κάκιστον
3286 4748 3473 4802 δοῦλον
3528 4753 3684 4819 παρὲι
3710 4753 3989 4805 Δεσπότου

2418 4841 2646 4895 δυνατοῦ
2668 4843 2928 4909 δέσμιον;
2992 4840 3162 4895 Τοῦτο
3220 4841 3321 4911 μὲν
3377 4836 3471 4895 οὖν
3524 4842 3708 4912 ῥᾴδιον
3769 4845 3987 4910 μᾶλλον,

2420 4934 2789 5005 ῆπαράδοξον
2820 4928 2909 5003 ἦν,
2971 4932 3066 4985 καὶ
3117 4932 3218 5000 τῆς
3286 4932 3440 4996 θείας
3498 4933 3665 4987 πλέον
3714 4936 3899 5005 ἰσχύος
3954 4938 3988 5008 ἢ

2418 5025 2828 5097 φιλανθρωπίας
2865 5025 3192 5096 κατόρθωμα
3211 5024 3279 5077 ³⁸.

2496 5203 2560 5259 Ὀ
2606 5203 2664 5256 δὲ
2704 5204 2803 5269 τῆς
2862 5202 2997 5264 ίδίας
3027 5201 3218 5271 ὥσπερ
3258 5200 3415 5268 ἀξίας
3443 5200 3541 5271 τὴν
3586 5202 3729 5272 ἐμὴν
3761 5205 3988 5275 προθεὶς

2416 5297 2661 5363 εὐδοξίαν
2688 5310 2702 5324 ·
2726 5295 2770 5346 ὦ
2795 5295 2956 5364 βάθος
2986 5294 3393 5364 εὐσπλαγχνίας
3411 5295 3571 5359 Θεοῦ,
3600 5292 3646 5346 ὣ
3675 5306 3983 5369 "quam.

3412 5451 3429 5490 ι
3471 5448 3610 5504 Luc.
3638 5466 3681 5516 I,
3716 5452 3811 5508 53.

2058 5580 2257 5644 Varia:
2288 5582 2621 5648 lectiones.

824 5711 868 5742 ²¹¹
902 5710 1036 5791 cod.
1068 5713 1228 5791 Laur.
1261 5722 1688 5791 μεγαλοπρεπεῖ.

1792 5726 1836 5759 ¹⁹
1861 5727 2003 5803 (ξοᾶ,
2025 5730 2185 5803 Laur.
2232 5736 2603 5803 προμπτέρια.

754 5777 1222 5872 ζιεηιτοιὸῥποιιῖζν..
1261 5777 1353 5867 ’.³²’
1377 5778 1523 5844 Col:
1544 5794 1703 5846 Laur.
1727 5798 1805 5849 τό.
1886 5798 1929 5829 ³⁸
1966 5799 2095 5852 (ΣοςΙ.
2138 5780 2300 5872 Laur.
2331 5777 2632 5872 gzptsizta.

760 5852 807 5903 ἠ
852 5851 1064 5908 rubrica
1093 5855 1324 5925 subjecit
1362 5879 1373 5915 :
1406 5861 1501 5925 Τίς
1532 5864 1558 5916 6
1583 5864 1667 5933 2.6-;
1683 5882 1736 5929 ος
1772 5867 1868 5938 τῆς
1902 5851 2051 5934 θείας
2074 5851 2318 5940 σαρκώσε

2419 5851 2549 5927 ζ’Ἷά
2566 5851 2734 5929 titur.
2771 5851 3101 5946 magis;

2705 5734 2749 5807 ἕο
2778 5733 2909 5807 Cod.
2943 5735 3106 5807 Laur.
3157 5737 3292 5807 πρ>ις
3320 5738 3671 5807 ἀφθαρσίαν.
3769 5739 3811 5770 ⁸¹
3844 5737 3978 5794 Cud-

2708 5806 2753 5835 ³³
2789 5805 2841 5857 In
2874 5807 2993 5877 cod.
3034 5804 3420 5877 Laur.'e;:dcnt
3472 5804 3667 5862 manus
3698 5826 3728 5863 ρ
3761 5810 3982 5877 regione

3235 5877 3279 5909 ³⁸
3300 5876 3465 5935 Laur.
3499 5876 3871 5951 κατιίιρῠωμα.
