4190 6458
194 403 335 468 ωηο
1086 402 1345 461 SElHlU
1385 410 1451 464 ιλ
1626 408 1751 463 lilii

1860 408 1975 464 [Hi
2018 408 2587 473 oumtITIONEM.
3311 417 3447 488 1090

188 526 512 568 naturarum
540 524 993 583 compositionem
1041 531 1251 569 summa
1301 518 1567 586 sapientia
1618 522 1747 573 illud
1785 522 2055 589 suppleat,
2089 526 2233 589 quod
2267 530 2475 578 ratione
2509 541 2864 594 personarum
2932 533 2989 587 in
3051 541 3164 590 tota
3234 536 3444 597 Deium

187 607 358 660 latius
390 606 755 676 protenditur,
776 610 831 662 in
861 610 975 676 ipsa
998 624 1125 663 vero
1159 612 1213 663 in
1234 625 1401 664 unum
1429 621 1757 665 coarctatur.

262 695 364 752 li".
430 696 590 749 Ἀλλὰ
614 698 665 749 τί
720 715 814 768 μοι
861 700 1065 754 τούτων
1093 700 1245 765 vovi;
1272 702 1396 765 Τοῖς
1429 703 1610 755 τοίνυν
1660 704 1755 755 τοῦ

1936 703 2081 757 Χιιι.
2118 702 2319 757 Verum
2351 703 2545 758 horum
2575 720 2717 759 nunc
2743 708 2874 763 mihi
2909 710 3081 777 satis;
3118 712 3201 766 liis
3228 723 3435 782 autem,

198 788 329 840 Υξοῦ
360 787 455 841 τοῦ
478 788 637 851 Θεοῦ,
672 792 766 841 καὶ
796 791 892 843 τοῦ
920 791 1049 844 Υίοῦ
1074 793 1169 845 καὶ
1231 792 1393 859 Θεοῦ,
1429 796 1521 845 καὶ
1541 795 1607 845 τὰ
1637 795 1758 862 περὶ

1865 811 1986 866 quae
2020 804 2148 849 sunt
2185 793 2303 847 Filii
2342 794 2459 856 Dei,
2492 795 2584 864 qui
2619 804 2674 850 et
2705 796 2873 854 Filius
2900 809 2985 855 est
3018 812 3071 857 et
3106 804 3271 866 Deus.
3304 824 3439 863 con-

186 880 290 949 τὴν
322 881 593 934 τεκοῦσαν
624 881 891 951 ἑπόμενα.
916 884 1069 936 Καθὸ
1102 885 1199 953 μὲν
1230 887 1438 947 ἐκεῖνος
1475 884 1758 955 ἄνθρωπος

1868 890 2157 938 nectuntur
2201 891 2257 935 et
2300 897 2364 937 ea
2417 900 2537 950 qua:
2569 885 2635 938 ad
2668 884 2996 943 Genitricem
3051 895 3345 957 pertinent.
3376 899 3438 952 Et

186 972 445 1042 ὕστερον,
490 974 586 1025 καὶ
627 978 813 1044 μήτηρ
850 974 1220 1043 ηέ·ιεγκοῦσα’
1250 976 1383 1028 καθὸ
1411 976 1469 1028 δὲ
1492 976 1585 1029 καὶ
1609 977 1758 1041 Θεὸς,

1866 974 2083 1043 quidem
2111 983 2381 1042 quatenus
2409 975 2499 1029 ille
2528 974 2653 1029 dein
2687 975 2866 1034 factus
2893 988 2975 1034 est
3002 983 3184 1048 homo,
3216 1003 3280 1041 ea
3314 1006 3436 1056 quae

183 1063 345 1114 οὐδὲν
397 1060 562 1135 ἦττον
614 1071 709 1118 καὶ
778 1065 1067 1133 παρθειος,
1123 1066 1220 1135 οὐχ
1274 1062 1438 1136 ἦττον
1492 1067 1585 1120 καὶ
1629 1066 1758 1134 μετὰ

1868 1067 2041 1133 ipsum
2073 1066 2329 1135 gestavit,
2359 1068 2523 1119 etiam
2563 1077 2737 1122 mater
2785 1080 2902 1135 est;
2934 1081 3203 1139 quatenus
3251 1092 3432 1134 autem

183 1152 445 1224 γέννησιν
477 1155 701 1220 κάκείνη
720 1155 786 1206 ⁶¹.
823 1157 894 1207 Τὸ
952 1156 1073 1223 μὲν,
1130 1156 1229 1224 τῆς
1280 1155 1617 1226 πληρώσεως
1648 1170 1663 1187 ·
1700 1157 1758 1209 ,τὸ

1866 1156 2031 1211 etiam
2065 1165 2150 1210 est
2182 1155 2325 1209 Deus
2350 1195 2365 1219 ,
2397 1170 2589 1212 rursus
2624 1157 2715 1212 illa
2770 1159 2938 1215 nihilo
2975 1161 3160 1218 minus
3198 1178 3247 1217 et
3286 1168 3437 1235 virgo

184 1242 263 1303 δὲ,
293 1244 396 1311 τῆς
438 1245 722 1308 κενώσεως
746 1261 759 1275 ⁸
820 1247 915 1299 καὶ
969 1246 1031 1299 τὸ
1082 1246 1204 1314 μὲν,
1241 1245 1315 1309 ὡς
1345 1247 1509 1315 μόνου
1531 1249 1573 1278 ⁶²
1602 1246 1758 1311 Θεοῦ,

1863 1256 1966 1314 est,
1999 1255 2053 1302 et
2085 1247 2209 1302 talis
2239 1262 2348 1302 non
2381 1247 2562 1302 minus
2594 1249 2759 1303 etiam
2796 1261 2918 1319 post
2944 1264 3158 1322 partum
3188 1271 3438 1323 perseve-

188 1330 338 1385 θεῖον
372 1335 491 1389 ὅλον
513 1351 526 1365 ·
556 1337 615 1388 τὸ
636 1336 714 1397 δὲ,
747 1338 822 1399 ὠς
850 1338 944 1389 καὶ
990 1336 1283 1405 ἀνθρώπου
1304 1336 1373 1400 ⁸³,
1401 1337 1758 1407 ⁸ἔινθριίιττινον.

1864 1347 1973 1394 rat.
2011 1340 2259 1393 Alterum
2293 1338 2650 1408 plenitudinis
2685 1350 2770 1395 est
2797 1342 3177 1416 (divinitatis),
3201 1348 3434 1404 alterum

183 1423 393 1478 Τούτου
422 1426 475 1478 τι
512 1427 952 1498 σνμφωνότερον,
980 1428 1014 1498 ἢ
1044 1427 1165 1497 Θεῷ
1206 1427 1694 1497 πρεπωδέστερον,
1729 1428 1758 1495 ἢ

1863 1430 2285 1493 exiuanitionis;
2321 1432 2577 1494 alterum,
2606 1431 2807 1500 quippe
2832 1435 3002 1490 solius
3027 1436 3120 1493 Dei
3156 1453 3316 1508 opus,
3352 1451 3435 1495 to-

186 1516 364 1587 μητρὶ
419 1520 775 1589 χαριέστερον
795 1536 813 1585 ;

1863 1526 1976 1573 tum
2008 1518 2289 1575 divinum:
2316 1521 2571 1583 alterum,
2609 1530 2794 1590 utpote
2827 1526 3288 1597 etiatn.bominis,
3327 1533 3432 1585 bu-

183 1629 432 1669 manum.
470 1616 611 1681 Quid
641 1618 742 1672 hoc
782 1618 954 1687 magis
983 1625 1413 1673 consentaneum
1440 1657 1455 1683 ,
1490 1616 1572 1671 vel
1623 1615 1749 1685 quid
1794 1614 1965 1686 magis
1998 1615 2108 1670 Deo
2158 1616 2516 1681 conveniens,
2554 1622 2649 1669 aut
2687 1617 2847 1673 matri
2928 1617 3230 1687 jucundius
3313 1642 3436 1683 esse

186 1710 365 1777 possit
382 1710 403 1762 2

258 1800 356 1855 IA'.
427 1803 574 1873 Πλὴν
618 1807 647 1858 ό
692 1805 791 1874 μὲν
826 1805 986 1860 τοῦτο
1016 1806 1291 1879 δεύτερον,
1319 1809 1417 1879 τὴν
1447 1809 1587 1879 ὑπὲρ
1616 1808 1758 1878 ἡμᾶς

1929 1802 2075 1862 XIV.
2109 1803 2377 1859 Caeterum
2423 1804 2536 1872 ille,
2574 1805 2669 1873 qui
2706 1804 2764 1862 in
2790 1806 3031 1863 secunda
3057 1807 3158 1865 hac
3180 1807 3353 1863 forma
3400 1824 3431 1864 a

181 1909 245 1945 τε
270 1896 367 1946 καὶ
402 1894 528 1947 καθ’
577 1898 724 1965 ἡμᾶς
786 1897 1044 1969 γέννησιν
1068 1899 1298 1970 ταύτην,
1337 1899 1621 1969 γεννηθεὶς
1654 1898 1758 1952 ἀπὸ

1860 1891 2023 1964 digna
2058 1892 2229 1947 Matre.
2262 1892 2552 1948 nativitate
2581 1893 2686 1948 ista
2717 1897 3151 1963 praecellentiore
3188 1897 3337 1956 iuxta
3366 1912 3434 1951 ac

176 1985 409 2055 Μητρὸς
449 1986 631 2053 ἀξίας,
666 1983 801 2057 ἦν⁶⁴
824 1991 1323 2057 ὑποτασσόμενος
1349 1990 1472 2056 τοῖς
1493 1989 1758 2059 γονεῦσι-

1860 1993 2060 2041 nostrae
2092 1984 2259 2040 simili
2290 1985 2506 2055 genitus
2534 1995 2619 2041 est
2639 2025 2656 2053 ,
2702 1987 3002 2042 secundum
3057 1990 3428 2059 evangelicum

177 2078 330 2129 κατὰ
352 2076 414 2129 τδ
443 2078 650 2145 λόγιον,
712 2081 874 2150 δῆλον
906 2081 950 2135 δ’
982 2083 1066 2137 ὅτι
1121 2084 1339 2151 γονεῦσι
1365 2085 1433 2151 τῇ
1479 2083 1581 2153 μὲν
1612 2081 1758 2135 κατὰ

1860 2078 2163 2141 oraculum,
2194 2084 2310 2130 erat
2358 2075 2599 2130 subditus
2651 2078 2960 2145 parentibus
2991 2090 3055 2145 ιι,
3087 2081 3346 2137 videlicet
3376 2090 3432 2139 et

182 2168 354 2232 φύσιν
413 2172 505 2224 καὶ
560 2172 701 2242 ὑπὲρ
751 2174 939 2241 φύσιν,
971 2174 1050 2244 τῷ
1075 2175 1133 2228 δὲ
1177 2174 1319 2228 κατά
1374 2191 1496 2227 τινα
1548 2173 1757 2243 σχέσιν,

1861 2168 1961 2235 illi,
1990 2182 2111 2237 quae
2141 2165 2447 2223 secundum
2483 2175 2739 2220 naturam
2787 2182 2851 2223 ac
2881 2168 3047 2224 simul
3078 2185 3242 2240 supra
3273 2181 3434 2229 natu-

176 2260 283 2313 εἰτ’
325 2260 417 2314 οῦν
475 2262 643 2329 θέσιν,
676 2265 726 2317 εί
780 2264 982 2333 βούλει,
1028 2265 1126 2317 καὶ
1178 2263 1315 2334 πρὸς
1362 2263 1528 2332 φύσιν
1579 2264 1758 2319 οὐδέν.

1862 2274 1976 2315 ram
2022 2259 2202 2327 ipsum
2251 2256 2463 2326 genuit,
2493 2266 2548 2312 et
2592 2257 2669 2311 illi
2699 2257 2817 2327 qui,
2850 2258 3116 2315 relatione
3154 2263 3429 2330 quadam,

192 2350 286 2414 Ὠς
304 2352 356 2384 *⁸
398 2353 507 2421 γὰρ
566 2354 724 2425 ἀνὴρ,
792 2357 821 2407 ό
866 2355 1114 2427 μνηστήρ
1170 2358 1265 2410 καὶ
1324 2355 1418 2409 τοῦ
1476 2356 1758 2426 τεχθέντος

1870 2350 2102 2415 scilicet,
2136 2351 2183 2406 si
2211 2349 2282 2404 ita
2310 2350 2408 2413 vis,
2442 2349 2753 2418 adoptione,
2792 2351 3108 2407 nullatenus
3156 2368 3284 2408 vero
3331 2370 3430 2410 na-

179 2444 390 2512 πατήρ.
425 2444 464 2495 Γ
468 2446 609 2507 ονεῖς
668 2446 845 2500 τοίνυν
894 2449 1066 2519 ὁμῶς,
1103 2451 1151 2501 ει
1202 2449 1295 2502 καὶ
1366 2449 1511 2520 μὴ’*
1557 2449 1758 2517 ὁμοίως

1861 2452 2004 2508 tura,
2044 2444 2219 2497 eidem
2260 2452 2413 2510 pater
2443 2440 2571 2495 fuit.
2605 2441 2853 2509 Sponsus
2905 2444 3049 2502 enim
3103 2445 3265 2499 etiam
3317 2446 3428 2500 nati

179 2535 510 2604 ἀμφότερον
536 2536 625 2605 ὑφ’
660 2531 733 2590 ὦν
764 2543 857 2591 καὶ
885 2540 1156 2609 λαμϐάνει
1181 2541 1240 2595 τὸ
1278 2541 1576 2610 σωτήριον
1592 2541 1761 2611 ὄνομα

176 2625 240 2676 τὸ
275 2629 653 2695 χρηματισθὲν
686 2632 867 2695 αὐτοῖς
927 2632 1033 2687 ὑπὸ
1080 2633 1176 2687 τοῦ
1223 2633 1454 2704 ἀγγέλου
1516 2635 1611 2689 καὶ
1656 2634 1761 2705 πρὸ

182 2718 523 2787 συλλήψεως.

252 2979 368 3032 Καὶ
403 2980 478 3042 ὡς
512 2982 858 3050 πρωτότοκον
886 2983 930 3015 ⁸⁷
961 2982 1117 3051 ἅγιον
1163 2983 1351 3056 Κυρίῳ
1398 2986 1754 3055 προσάγεται.

180 3067 359 3122 Βαϐαὶ
384 3070 429 3099 ⁵⁸
481 3074 859 3143 καρποφορῖας
904 3074 1238 3143 ὑπερφυοῦςί
1286 3078 1417 3139 Θεὸς
1446 3077 1564 3143 Θεῷ
1589 3076 1759 3146 δῶρον

178 3160 274 3210 καὶ
304 3159 418 3222 υίὸς
452 3162 622 3231 πατρὶ
675 3162 895 3230 δίδοται,
950 3168 1535 3235 μεγαλοπρεπέστατον
1588 3168 1761 3238 δῶρον

180 3251 441 3305 ἁπάντων
472 3257 564 3305 καὶ
594 3255 1125 3324 γνησιώτατον.’Υ<ρ’
1154 3250 1227 3309 ὧν
1257 3260 1283 3309 ὁ
1313 3259 1489 3311 πάντα
1513 3260 1756 3328 πληρῶν,

181 3346 277 3396 καὶ
310 3347 390 3407 εἰς
431 3346 708 3411 Αἴγυπτον
762 3348 1151 3415 φυγαδεύεται,
1187 3349 1280 3401 καὶ
1310 3351 1369 3413 ἐξ
1393 3351 1436 3381 "
1476 3351 1757 3418 Αἰγύπτου

181 3436 426 3501 κληθεὶς.
457 3438 848 3507 ἀνακομίζεται
886 3441 1050 3494 πάλιν
1072 3453 1085 3471 ⁸
1112 3441 1206 3493 καὶ
1240 3441 1359 3508 μετ’
1411 3442 1592 3509 ὀλίγον
1656 3442 1754 3512 ζη-

1863 2541 2015 2601 pater
2047 2531 2372 2597 habebatur,
2407 2538 2593 2600 utpote
2643 2530 2873 2602 (Mariae)
2904 2534 3006 2588 vir.
3055 2536 3231 2589 Ambo
3265 2537 3433 2606 igitur

1862 2624 2065 2692 pariter
2108 2625 2406 2692 genitores.
2441 2623 2534 2677 sed
2576 2637 2682 2677 non
2741 2623 2930 2677 eadem
2982 2625 3143 2679 ambo
3181 2628 3428 2692 ratione;

1861 2729 1891 2767 a
1923 2715 2120 2783 quibus
2153 2720 2207 2768 et
2260 2728 2456 2766 nomen
2525 2713 2723 2783 accipit
2774 2714 3100 2779 Salvatoris,
3154 2718 3299 2786 quod
3346 2718 3433 2773 vel

1861 2814 1987 2859 ante
2015 2816 2339 2875 conceptum
2370 2804 2630 2859 divinitus
2659 2806 2727 2858 ab
2745 2806 2940 2876 angelo
2967 2808 3263 2863 revelatum
3294 2809 3430 2880 ipsis

1863 2895 2061 2952 fuerat.

1927 2989 2067 3041 Tum
2119 2999 2373 3056 tanquam
2432 2985 2853 3056 primogenitum
2904 2996 3152 3041 sanctum
3203 2988 3432 3042 Domino

1862 3080 2100 3135 sistitur.
2156 3079 2296 3133 Proh
2329 3078 2661 3133 oblationem
2693 3076 2923 3135 fruetus.
2970 3079 3063 3146 qui
3094 3080 3307 3133 excedit
3337 3096 3434 3134 na-

1861 3173 2071 3226 turain!
2130 3172 2269 3226 Deus
2322 3171 2450 3233 Deo,
2476 3177 2530 3223 et
2588 3169 2756 3223 Filius
2792 3167 2939 3221 Patri
2991 3169 3193 3222 donum
3245 3171 3429 3235 datur,

1859 3266 2063 3320 donum
2136 3280 2246 3336 pra:
2329 3264 2585 3317 omnibus
2667 3261 3313 3329 magniﬁcentissimum,
3369 3280 3433 3318 ac

1859 3357 2097 3410 maxime
2148 3370 2473 3423 congruum.
2531 3352 2633 3417 Qui
2667 3354 2850 3405 omnia
2902 3354 3110 3422 implet,
3142 3355 3207 3407 ab
3242 3355 3430 3408 iisdem

1860 3462 1956 3515 per
1986 3445 2166 3516 fugam
2198 3455 2251 3499 et
2292 3448 2344 3499 in
2379 3444 2668 3514 [Egyptum
2698 3443 2963 3505 defertur,
3001 3452 3054 3496 ιιι
3085 3460 3150 3497 ex
3200 3444 3432 3515 Algypto

178 3530 355 3579 τεῖται
407 3530 785 3599 προσεδρεύων
813 3531 889 3599 τῷ
938 3532 1068 3600 ἱερῷ
1096 3550 1110 3563 ·
1147 3534 1283 3602 πρὸς
1313 3532 1407 3595 οῦς
1453 3536 1531 3596 εἰς
1555 3536 1758 3603 καιρὸν

1863 3545 2086 3589 vocatus
2130 3536 2308 3589 denuo
2345 3543 2675 3601 reportatur,
2726 3542 2779 3586 et
2839 3535 3000 3602 paulo
3032 3543 3152 3601 post
3198 3549 3321 3588 cum
3376 3536 3429 3589 in

182 3613 277 3669 καί
305 3622 771 3689 παρρησιάζεται,
815 3625 873 3675 ὲν
928 3626 1043 3687 τοῖς
1072 3625 1165 3676 τοῦ
1223 3626 1393 3683 ὅντως
1442 3626 1552 3679 δεῖν
1584 3626 1757 3693 λέγων

182 3705 321 3763 εἶναι
360 3712 422 3762 τὸ
446 3712 628 3774 πλέον,
658 3715 757 3764 οὐκ
787 3716 843 3764 ἐν
876 3717 989 3775 τοῖς
1014 3715 1108 3767 τοῦ
1144 3714 1429 3779 δοκοῦντος
1452 3717 1495 3747 ⁷⁰
1530 3718 1755 3786 πατρός.

173 3793 257 3886 Τῌ
294 3803 388 3853 καὶ
450 3804 735 3871 χαρίζεται
765 3805 865 3872 τὴν
890 3805 1044 3875 παρὰ
1092 3807 1167 3873 τῷ
1199 3807 1363 3875 γάμῳ
1416 3807 1760 3879 θαυματουρ-

182 3893 329 3958 γίαν,
353 3892 498 3959 λόγῳ
554 3893 700 3961 μόνῳ
729 3894 790 3946 τὸ
820 3893 965 3964 ὕδωρ
1016 3896 1095 3958 εἰς
1130 3891 1272 3949 οἶνον
1333 3896 1753 3965 ἐκϐιασάμενος.

186 3984 290 4034 Ἕκ
315 3999 375 4035 τε
428 3982 528 4053 τῆς
588 3985 750 4054 ἄχρις
774 3984 1023 4048 ἐντελοῦς
1060 3986 1277 4054 ἡλικίας
1325 3987 1453 4057 περὶ
1489 3987 1614 4049 τοὺς
1650 4004 1757 4039 πα-

182 4073 349 4143 τέρας
382 4073 689 4144 ὑποταγῆς,
714 4077 806 4128 καὶ
854 4076 947 4129 τοῦ
990 4076 1089 4147 τὴν
1124 4076 1298 4147 ἀρχὴν
1357 4078 1465 4131 τῶν
1520 4078 1759 4147 σημείων

184 4167 418 4229 ἐκεινοις
445 4167 951 4234 προσαναθεῖναιτί,
981 4168 1261 4238 νομοθετῶ
1310 4171 1443 4239 ἡμῖν
1497 4169 1760 4239 ἄντικρυς

185 4255 287 4326 τὴν
319 4259 399 4321 εἰς
424 4258 547 4322 τοὺς
571 4259 828 4322 τεκόντας
848 4260 1035 4330 τιμήν.
1096 4284 1099 4287 λ

264 4524 364 4579 ιε’.
416 4525 580 4580 Ἀλλὰ
607 4527 837 4597 Χριστὸς
889 4526 987 4596 μὲν
1021 4526 1267 4581 ἐντεῦθεν
1306 4527 1416 4581 τῶν
1468 4527 1761 4592 θαυμάτων

187 4615 523 4685 ἀρξάμενος,
549 4618 680 4685 περὶ
713 4616 811 4686 τὴν
839 4618 935 4670 τοῦ
968 4618 1175 4686 κόσμου
1215 4619 1491 4690 σωτηρίαν
1520 4622 1760 4691 ἁπασχο⁹

188 4704 389 4768 λεῖται,
448 4705 541 4758 καὶ
602 4705 700 4775 τὴν
742 4705 1021 4776 βασιλείαν
1055 4706 1321 4776 κηρύσσει
1360 4708 1469 4762 τῶν
1492 4710 1755 4779 οὐρανῶν,

189 4801 286 4851 καὶ
314 4801 437 4860 ταῖς
467 4800 548 4862 εις
575 4799 734 4852 τοῦτο
760 4798 1055 4870 φερούσαις
1094 4801 1396 4870 ἐνεργείαις
1444 4802 1537 4855 καὶ
1560 4803 1759 4871 πράξε-

193 4906 277 4941 σιν
358 4890 553 4943 ἑαυτὺν
596 4891 927 4955 ἐπιδίδωσιν,
961 4892 1063 4953 ἕως
1093 4892 1153 4942 τὸ
1186 4892 1343 4959 ἔργον
1373 4889 1467 4943 τοῦ
1502 4892 1756 4959 ἀληθινοῦ

192 4981 405 5047 Πατρός
434 4980 738 5033 ἐτελείωσεο
775 4983 870 5033 καὶ
920 4982 997 5050 τῷ
1024 4982 1246 5051 σταυρῷ
1287 4982 1589 5045 δοξασθεὶς,
1622 4986 1759 5053 προς

195 5073 354 5135 ἀξίαν
378 5074 630 5124 κάκεῖνον
658 5072 895 5140 ἑαυτῷη
933 5073 1305 5135 ξυνεδόξασεν’
1338 5074 1425 5125 ὅτε
1460 5073 1622 5125 πάλιν
1670 5076 1756 5125 εὑ-

196 5164 377 5232 ρίσκει
422 5166 522 5233 τὴν
553 5165 785 5233 Μητέρα
817 5163 1069 5233 πλησίον,
1090 5165 1181 5216 καὶ
1208 5164 1272 5233 τῇ
1313 5164 1587 5232 μακρόθεν
1618 5166 1754 5237 αὐτῇ

793 5353 819 5380 ιι
848 5342 978 5396 Luc.
1010 5357 1071 5407 ιι,
1106 5342 1192 5397 ιο.

261 5351 301 5374 ·
329 5342 467 5401 Luc.
503 5356 566 5407 ιι,
595 5342 683 5398 l5.
793 5353 819 5380 ιι
848 5342 978 5396 Luc.
1010 5357 1071 5407 ιι,
1106 5342 1192 5397 ιο.
1268 5341 1469 5400 °Joau.
1500 5357 1639 5407 xm,
1676 5343 1707 5395 4

1730 4850 1837 4904 -D

1861 3627 2063 3694 templo
2102 3638 2434 3689 versaretur,
2468 3625 2800 3691 requiritur;
2832 3624 3027 3692 quibus
3056 3627 3107 3677 in
3142 3627 3429 3693 praesentia

1860 3726 1913 3773 et
1943 3718 2080 3771 illud
2120 3716 2288 3770 libere
2320 3716 2613 3785 respondet
2642 3731 2657 3779 ;
2712 3716 2766 3767 in
2806 3717 2871 3766 iis
2929 3716 3126 3781 potius,
3152 3716 3428 3784 inquiens,

1858 3823 1972 3875 qua:
2004 3807 2117 3859 veri
2155 3804 2336 3858 Patris
2364 3807 2462 3857 mei
2488 3812 2633 3867 sunt,
2664 3813 2867 3872 oportet
2902 3820 2980 3857 me
3013 3822 3126 3857 esse
3149 3812 3195 3868 η,
3229 3820 3335 3858 non
3376 3807 3429 3860 in

1860 3899 1927 3952 iis
1967 3913 2086 3966 qua:
2117 3898 2291 3967 patris
2326 3906 2454 3950 sunt
2502 3897 2762 3965 putatitii.
2798 3894 2878 3948 Ad
2933 3896 3153 3964 nuptias
3205 3896 3431 3967 insuper

1860 3984 2247 4040 iuGenitricis
2304 3984 2538 4053 gratiam
2610 3984 2933 4037 miraculum
3000 3983 3254 4054 largitur,
3313 3986 3429 4040 sola

1861 4077 2152 4133 verborum
2181 4076 2231 4130 vi
2262 4090 2459 4145 aquam
2505 4076 2560 4128 in
2592 4074 2780 4127 vinum
2832 4084 3202 4140 convertens;
3234 4083 3287 4129 et
3318 4086 3429 4129 tum

1859 4170 2126 4239 ejusmodi
2150 4181 2274 4239 erga
2311 4174 2565 4248 parentes
2594 4166 2660 4219 ad
2697 4166 2992 4232 perlectam
3022 4181 3191 4234 usque
3216 4175 3428 4221 aetatem

1861 4259 2229 4329 subiectione,
2267 4269 2380 4312 tum
2410 4256 2573 4311 initio
2618 4257 2870 4325 patrandi
2921 4256 3071 4325 signa
3112 4257 3164 4310 in
3197 4259 3426 4323 gratiam

1859 4366 2047 4406 eorum
2082 4350 2406 4417 anticipata,
2433 4347 2696 4402 honorem
2732 4346 3053 4417 parentibus
3076 4346 3426 4403 deferendum

1862 4442 2024 4497 nobis
2054 4449 2243 4509 aperte
2275 4439 2690 4511 praescribebat.

1930 4527 2049 4585 XV.
2088 4531 2259 4584 Porro
2285 4529 2541 4585 Christus
2583 4543 2709 4583 cum
2761 4529 3043 4583 miraculis
3066 4529 3181 4585 suis
3210 4527 3426 4582 initium

1862 4624 1989 4678 inde
2020 4621 2265 4682 fecisset,
2295 4620 2407 4689 jam
2444 4619 2511 4673 ad
2550 4621 2782 4675 salutem
2830 4619 3019 4673 mundi
3049 4618 3264 4673 labores
3292 4634 3426 4674 suos

1861 4714 2098 4777 confert,
2133 4722 2186 4766 et
2223 4710 2485 4781 pnedieat
2521 4724 2752 4779 regnum
2790 4709 3076 4772 cmlorum,
3103 4724 3267 4779 seque
3289 4712 3427 4764 actis

1864 4817 1918 4861 et
1943 4806 2223 4872 oueribus,
2248 4818 2368 4872 qum
2393 4802 2457 4855 ad
2493 4801 2543 4855 id
2585 4800 2974 4865 conducerent,
3004 4808 3179 4855 totum
3216 4801 3426 4869 impen-

1867 4896 1961 4949 dit.
1992 4910 2277 4965 quousque
2312 4894 2424 4947 veri
2478 4891 2659 4947 Patris
2706 4893 2791 4947 sui
2839 4907 2979 4961 opus
3036 4892 3344 4961 perfecit°;
3374 4898 3427 4945 et

1867 5002 2027 5040 crure
2059 4986 2282 5053 gloriam
2312 4985 2569 5053 adeptus,
2606 4986 2766 5037 istam
2796 4998 3013 5051 quoque
3044 4998 3142 5051 pro
3164 4982 3426 5050 dignitate

1867 5092 1963 5130 sua
2008 5076 2075 5129 ad
2130 5080 2376 5129 eanidem
2430 5075 2656 5143 gloriam
2717 5089 2902 5127 secum
2939 5074 3153 5136 evexit;
3204 5072 3427 5141 quando

1864 5168 2086 5221 Matrem
2117 5167 2296 5221 denuo
2344 5181 2511 5234 prope
2535 5173 2799 5219 astantem
2830 5164 3024 5229 cernit,
3056 5162 3283 5233 ejusque
3310 5162 3425 5215 ani-

1568 5476 1762 5538 Variee
1807 5474 2133 5537 lectiones.

270 5627 311 5658 "
339 5624 461 5680 Vat.
498 5626 605 5679 alio
640 5625 926 5694 verborum
960 5625 1167 5681 ordine.
1197 5620 1359 5694 ἦττον
1416 5622 1645 5694 κάκείνη
1685 5621 1758 5673 κα⁴

1860 5621 1960 5694 ετξ
1980 5620 2256 5694 γέννησιν.
2332 5619 2383 5694 ⁸⁸.
2405 5616 2535 5694 νιιιἰ
2562 5618 2757 5694 μόνως,

2850 5616 2892 5647 ⁸³
2923 5616 3087 5670 Laur.
3116 5614 3212 5669 ἇνο
3224 5633 3425 5684 ρωπος,

198 5696 245 5732 ⁸⁸
275 5694 447 5749 Codd.
472 5697 563 5766 ἦν.
640 5696 683 5726 ⁸⁵
714 5688 879 5766 Laur.
907 5696 958 5746 in
988 5712 1152 5766 marg.
1185 5684 1363 5766 eadem
1393 5684 1758 5766 ιιιαιιιι-ὡραῖος

1876 5691 1918 5721 ⁸⁸
1942 5684 2104 5742 Laur.
2135 5684 2289 5766 alr-ist
2320 5690 2417 5757 μή.
2492 5688 2535 5719 ⁸⁷
2559 5684 2721 5766 Laur.
2758 5686 3105 5766 προτόξοιιον.
3184 5684 3228 5766 ’ξ
3258 5686 3424 5766 Laur.

201 5765 255 5820 in
293 5781 465 5833 marg.
496 5764 708 5832 rursus,
741 5764 963 5835 ὡραῖον.
1063 5766 1106 5795 ’τ’
1130 5764 1289 5819 [.ziur.
1319 5765 1396 5824 ἐς.

1473 5764 1518 5792 ⁷ο
1545 5762 1705 5814 Laur.
1746 5759 2051 5821 δοκοῦντος.

2126 5759 2169 5789 ⁷³
2202 5754 2831 5828 ίιίιιιτ.’προ.·αναθῆναι.
2933 5757 2978 5787 ⁷¹
3014 5754 3173 5808 Laur.
3209 5755 3421 5808 ἑαυτὸν.
