4190 6458
238 414 380 483 1093

1120 410 1377 472 SERMO
1411 410 1493 471 IN
1531 411 1630 471 SS.
1668 410 2024 473 ΟΕῘΡΑΒᾹΞ
2056 413 2624 474 DORMITIONEM.

3347 421 3487 486 1094

234 519 596 593 Mallum”
636 534 649 549 '
699 519 826 581 τοῦς
863 516 1132 586 ἀγγέλους
1180 519 1321 589 μετὰ
1388 520 1605 589 βραχὺ,
1677 519 1804 582 τοὺς

1913 530 2017 575 tem
2076 522 2401 593 (Virginem)
2432 522 2799 579 reverentiam
2852 524 3212 596 condignam,
3240 543 3304 585 ac
3348 547 3491 603 prae-

233 614 523 682 ποιμένας,
553 612 680 673 τοὺς
723 611 952 679 μάγους,
980 611 1108 673 τοὺς
1137 609 1308 679 ὕπαρ,
1338 613 1465 673 τοὺς
1498 611 1652 681 ὄναρ,
1687 610 1812 675 τοὺς

235 704 293 754 ἐν
318 705 577 755 ἐκστάσει
606 701 1044 772 χρηματισμούς·
1073 699 1173 770 τὴν
1196 700 1421 770 Συμεὼν
1451 701 1810 770 προφητείαν,

234 792 334 860 τὴν
375 793 573 861 ’Δννης
602 792 1036 861 ἀνθομολόγησιν
1063 808 1077 823 ’
1119 794 1252 863 πρὸς
1295 793 1352 847 δὲ
1397 793 1609 857 τούτοις
1642 794 1674 861 ἦ
1708 793 1805 848 καὶ

234 884 343 952 πρὸ
368 884 598 945 τούτων,
625 885 692 937 τὰ
728 883 933 953 ταύτης
958 885 1130 952 αὑτῆς
1159 884 1351 953 ὥσπερ
1383 885 1507 951 ἴδια,
1538 884 1613 947 ὡς
1647 884 1813 954 εὐχῆς

236 976 412 1044 δῶρον
430 976 638 1029 ἄνωθεν
655 979 766 1039 τοῖς
786 978 827 1028 le
838 979 947 1045 ροίς
962 976 1113 1047 ἐδόθη
1135 977 1423 1048 πατράσιν
1444 978 1518 1039 ὼς
1542 978 1812 1048 μητρικὴν

236 1065 563 1135 παραδόξως
592 1068 820 1133 ἀγονίαν
850 1067 1112 1120 διέλυσεν·
1147 1067 1256 1120 ἔδει
1285 1068 1414 1137 γάρ,
1444 1068 1550 1120 ἔδει
1577 1068 1814 1138 προδρα-

239 1160 365 1226 μεῖν
397 1159 581 1228 θαῦμα
615 1157 915 1228 θαύματος,
948 1159 1045 1211 καὶ
1079 1158 1289 1228 καρπὸν
1348 1161 1547 1228 νεκρᾶς
1575 1159 1811 1229 μήτρας,

233 1248 539 1318 παρθενίας
605 1250 766 1301 τόκον
823 1248 1253 1303 πιστώσασθαι·
1327 1250 1403 1313 ὡς
1456 1249 1616 1313 εὐθὺς
1655 1236 1814 1302 θδοτὸν

233 1338 409 1408 δῶρον
464 1340 729 1410 ἀντεδόθη
784 1340 950 1393 πάλιν
980 1340 1057 1409 τῷ
1097 1340 1353 1393 δεδωκότι
1377 1340 1423 1371 ⁸⁸
1452 1355 1467 1371 ’
1511 1339 1586 1403 ὡς
1626 1342 1814 1408 χερσὶν

238 1432 429 1500 ἱερέων
460 1431 538 1501 τῷ
567 1433 697 1502 ίερῷ
749 1433 1125 1502 προσαχθείσα
1142 1432 1189 1465 ⁸⁸
1215 1435 1312 1503 τὴν
1338 1434 1476 1502 ὑπὲρ
1509 1436 1690 1487 πᾶσαν
1722 1434 1815 1486 πί-

236 1540 355 1576 στιν
378 1524 419 1554 ⁹¹
455 1523 666 1593 ἀνήχθη
696 1524 845 1592 παρὰ
874 1526 986 1585 τοῖς
1018 1524 1199 1590 ἁγίοις
1229 1524 1449 1587 ἀδύτοις
1495 1524 1811 1592 ἀναγωγὴν,

230 1613 325 1666 τὸν
353 1614 451 1666 ἀπ’
489 1614 721 1683 οὐρανοῦ
757 1613 909 1676 ξένον
929 1615 1113 1685 άρτον,
1145 1616 1246 1685 τὴν
1300 1614 1550 1682 ἀγγέλων
1607 1615 1816 1685 τροςὴν

233 1706 353 1759 ἐκεῖ
404 1705 703 1775 δεχομένη⁸
765 1706 959 1769 τᾶλλα,
1014 1702 1095 1768 οἷς
1125 1705 1306 1769 καλῶς
1370 1704 1509 1776 αὕτη
1536 1706 1816 1778 πόρρωθεν

236 1797 575 1865 ἁγνιζομένη
639 1797 758 1867 Θεῷ
791 1797 925 1867 πρὸς
981 1796 1247 1868 ὑποδοχὴν
1294 1798 1659 1868 ηὐτρεπίζετο
1716 1799 1815 1868 τῆς

232 1885 388 1946 θείας
416 1886 747 1958 ἁγιωσύνης,
781 1881 856 1941 ὧν
894 1886 1046 1940 οὐδὲν
1098 1886 1324 1950 ἀπεικὸς
1374 1888 1468 1940 ἐπὶ
1526 1889 1814 1959 μυστηρίῳ

230 1977 494 2047 τοσούτῳ,
524 1978 628 2031 κάν
662 1979 830 2032 πολύν
851 1979 896 2011 ³⁸
917 1980 1067 2032 ἐστιν
1100 1979 1136 2033 ἃ
1166 1979 1257 2033 τὸν
1290 1979 1603 2049 παράλογον
1627 1982 1685 2033 ὲν
1733 1980 1811 2051 τῷ

231 2066 625 2137 ὑπερϐάλλοντι
652 2071 827 2141 φέρει.

1914 613 2131 667 conium
2159 632 2173 681 ;
2207 616 2430 685 angelos
2486 617 2651 686 paulo
2685 626 2828 687 post,
2875 628 3123 688 pastores
3145 660 3159 684 ,
3195 636 3403 693 magos,
3436 632 3492 680 et

1914 701 2098 758 divina
2157 706 2314 759 modo
2367 721 2462 776 per
2517 706 2756 776 vigiliam
2788 747 2804 772 ,
2837 710 2999 765 modo
3052 726 3150 781 per
3211 728 3488 782 somnum,

1914 795 2078 848 modo
2107 810 2202 864 per
2240 798 2470 851 extasim
2550 798 2771 852 oracula
2798 815 2812 863 ;
2840 799 3118 857 Simeonis
3144 805 3489 870 vaticinimn,

1914 887 2083 940 Anna:
2135 886 2575 955 confessionem;
2623 890 2689 944 ad
2741 891 2857 946 haec
2908 902 3113 959 autem,
3154 910 3254 950 seu
3313 898 3481 953 etiam

1916 984 2041 1028 ante
2078 976 2204 1041 ista,
2240 991 2303 1031 ea
2339 992 2582 1047 quoque,
2621 996 2742 1050 qua:
2772 981 3023 1051 ejusdem
3081 985 3243 1053 hujus
3272 986 3491 1057 (Virgi-

1916 1066 2025 1134 nis)
2068 1069 2291 1136 propria
2363 1068 2770 1137 quodammodo
2817 1074 3180 1138 exstiterunt,
3236 1076 3491 1132 videlicet

1915 1161 2059 1227 quod
2107 1162 2361 1226 precibus
2399 1170 2717 1216 sanctorum
2760 1176 3047 1233 parentum
3080 1168 3254 1221 veluti
3288 1170 3490 1223 donuut

1917 1249 2189 1304 divinitus
2221 1266 2489 1308 concessa
2523 1252 2688 1308 fuerit
2725 1273 2738 1309 :
2778 1258 2920 1325 quod
2947 1267 3251 1313 maternam
3282 1261 3484 1316 sterili-

1915 1348 2083 1396 tatem
2114 1343 2350 1398 mirabili
2379 1346 2594 1402 ratione
2626 1347 2971 1408 dissolverit;
2996 1352 3283 1417 Oportebat
3313 1353 3481 1417 enim,

1916 1434 2077 1504 plane
2103 1437 2415 1504 oportebat,
2459 1447 2516 1490 ut
2550 1438 2818 1493 miraculo
2852 1450 3210 1509 praecurreret
3245 1444 3487 1495 miracu-

1917 1528 2052 1591 lum,
2080 1536 2132 1581 et
2167 1539 2224 1581 ut
2276 1529 2607 1599 virginitatis
2654 1534 2834 1600 partui
2891 1534 3050 1611 iidem
3113 1535 3316 1589 faceret
3342 1534 3489 1589 effeti

1919 1619 2062 1673 uteri
2114 1618 2328 1676 fructus
2356 1636 2373 1686 ;
2404 1622 2550 1690 quod
2601 1637 2927 1678 concessum
2954 1625 3158 1680 donum
3196 1628 3382 1680 statim
3414 1627 3488 1690 ci,

1919 1712 2013 1780 qui
2053 1711 2300 1777 dederat,
2332 1714 2603 1768 redditum
2634 1730 2832 1771 rursus
2882 1716 3084 1782 fuerit;
3126 1718 3270 1785 quod
3306 1732 3491 1771 sacer-

1918 1800 2107 1853 dotum
2142 1802 2396 1857 manibus
2431 1804 2633 1873 templo
2654 1804 2860 1869 oblata,
2895 1805 2951 1858 in
2988 1805 3165 1859 sacris
3191 1804 3490 1873 penetrali—

1920 1890 2047 1955 bus,
2074 1905 2140 1945 eo
2173 1889 2298 1944 vita:
2326 1892 2596 1958 instituto,
2638 1894 2786 1962 quod
2818 1908 3033 1948 omnem
3062 1894 3219 1948 fidem
3254 1893 3491 1957 excedit,

1921 1998 2122 2037 novum
2150 1998 2181 2037 e
2204 1983 2346 2038 ctelo
2381 1997 2600 2053 panem,
2622 1983 2819 2037 “cibum
2876 1985 2949 2038 ibi
3002 1985 3310 2055 angelicum
3341 1983 3491 2038 acci-

1917 2073 2094 2142 piens,
2126 2074 2359 2129 educata
2393 2074 2593 2141 fuerit;
2626 2083 2745 2128 tum
2794 2075 2922 2140 alia,
2967 2077 3170 2145 quibus
3195 2092 3313 2129 eam
3348 2074 3492 2127 Deus

236 2157 325 2211 diu
350 2160 403 2213 in
437 2170 780 2216 antecessum
840 2164 946 2219 sibi
988 2165 1218 2235 pulchre
1255 2163 1577 2233 purificans,
1603 2163 1671 2218 ad
1713 2163 2121 2233 suscipiendam
2168 2167 2222 2219 in
2289 2182 2349 2222 se
2411 2167 2650 2220 divinam
2692 2166 2866 2236 ipsam
2928 2168 3275 2220 sanctitatem
3337 2181 3493 2232 para-

235 2249 349 2311 bat,
376 2261 430 2304 et
452 2267 684 2319 quorum
722 2255 859 2310 nihil
904 2258 961 2311 in
997 2265 1150 2311 tanto
1198 2257 1459 2328 mysterio
1513 2273 1622 2310 non
1664 2271 1967 2327 congruum
2016 2258 2305 2326 reperitur,
2374 2258 2476 2313 etsi
2536 2258 2649 2314 sint
2712 2272 2833 2328 quae
2899 2272 3066 2329 supra
3140 2274 3490 2316 communem

230 2341 482 2396 ordinem
530 2345 825 2400 eminentia
915 2360 1262 2400 communem
1321 2347 1590 2399 rationem
1649 2346 1806 2416 longe
1846 2348 2389 2416 pratergrediuutur.

305 2436 475 2488 Πόσαι
512 2452 601 2502 μοι
656 2435 776 2487 καθ’
813 2434 1041 2488 ἕκαστον
1098 2434 1302 2487 τούτων
1337 2435 1679 2506 πανηγύρεις
1708 2437 1804 2502 καὶ

230 2527 473 2588 τελεταὶ,
508 2520 582 2578 ὧν
612 2527 908 2593 κεφάλαιον
940 2527 997 2579 ἓν
1032 2526 1313 2595 ὑπερφυές
1334 2542 1390 2577 τε
1408 2528 1502 2579 καὶ
1531 2529 1808 2593 μέγιστον,

232 2616 374 2669 Θεοῦ
406 2618 565 2669 ὲνανθ
578 2617 824 2687 ρὼπησις
861 2618 952 2670 ἐπὶ
979 2616 1057 2685 τῷ
1078 2617 1167 2669 τὸν
1197 2616 1487 2686 ἄνθρωπον
1515 2617 1809 2688 θεωθῆναι.

235 2710 341 2761 Καὶ
381 2710 587 2763 τούτων
621 2712 861 2780 ἑκάστην
917 2710 1062 2779 μετὰ
1086 2708 1184 2761 τοῦ
1220 2709 1355 2761 ίδίου
1402 2710 1598 2780 καιροῦ
1630 2726 1692 2762 τε
1713 2710 1810 2762 καὶ

236 2802 536 2870 μυστηρίου
567 2802 836 2872 δεχόμεθα
870 2804 962 2856 καὶ
993 2805 1416 2872 προπέμπομεν,
1446 2802 1637 2871 ὥσπερ
1660 2802 1809 2871 ὧρας

232 2894 400 2955 ᾶλλας
432 2894 730 2956 εὐτάκτους
755 2895 1098 2958 ύπαπιούσας
1110 2894 1371 2965 ἀλλήλαις
1396 2897 1454 2947 ἑν
1484 2896 1696 2964 κόσμῳ,
1720 2894 1815 2947 καὶ

233 2984 517 3047 ἐπιούσας,
557 2990 649 3039 καὶ
698 2988 802 3057 τὴν
858 2987 1078 3042 ἑαυτῶν
1102 2988 1234 3058 ἡμῖν
1272 2986 1434 3057 χάριν
1472 2987 1535 3039 ἐκ
1562 2986 1813 3056 διαδοχῆς

234 3074 721 3143 φιλοτιμουμένας.

309 3356 418 3410 Iﬂ'.
468 3356 549 3408 Τὰ
600 3357 658 3409 δὲ
718 3354 879 3427 νύνὴ
929 3358 1167 3427 σφραγὶς
1195 3358 1420 3411 ἐκείνων
1447 3356 1659 3423 πασῶν,
1711 3356 1809 3411 καὶ

237 3446 437 3517 βεϐαία
497 3450 938 3517 συμπλήρωσις·
983 3452 1015 3518 ὴ
1075 3451 1280 3519 ἐσχάτη
1338 3452 1431 3503 καὶ
1474 3449 1666 3521 πρώτη
1714 3449 1809 3503 καὶ

240 3540 480 3607 μεγίστη
509 3541 618 3591 τῶν
651 3540 877 3611 ἑορτῶν·
913 3543 1090 3610 χρόνῳ
1125 3542 1224 3610 μὲν
1254 3543 1458 3612 ἐσχάτη
1517 3541 1613 3595 καὶ
1632 3542 1805 3607 τάξει·

230 3631 403 3682 τάλλα
436 3630 491 3682 δὲ
512 3631 733 3699 δυνάμει
771 3633 863 3684 καὶ
893 3631 1186 3701 ἀξιώματι.

311 3899 581 3952 Πάλλεταί
616 3918 704 3968 μοι
745 3900 806 3953 τὸ
856 3900 1074 3971 πνεῦμα
1121 3900 1257 3969 πρδς
1295 3900 1366 3954 τὰ
1397 3900 1664 3972 παρόντα,
1712 3902 1810 3954 καὶ

236 3995 269 4062 ἡ
304 3993 501 4061 καρὸία
546 3995 741 4063 σκιρτᾷ
779 4009 792 4024 ·
855 3995 945 4046 καὶ
975 3997 1300 4060 περισκοπεῖ
1329 4011 1482 4056 τινας
1504 3993 1697 4061 λόγους
1723 3993 1811 4045 λο-

236 4087 457 4154 γισμοῖς
488 4085 728 4154 ὑψηλοὺς
759 4085 808 4118 ⁸³
840 4088 932 4138 καὶ
959 4084 1142 4149 ἀξίους
1177 4086 1276 4152 τῆς
1332 4085 1808 4155 μεγαλοπρεπείας

235 4173 334 4226 τοῦ
367 4173 665 4243 θαύματος.
733 4173 1000 4244 Ἀπαίρει,
1055 4172 1190 4243 πρὸς
1222 4174 1485 4242 οὐρανοὺς
1509 4176 1536 4227 ὀ
1569 4174 1812 4245 ἔμψυχος

236 4265 426 4335 θρόνος
455 4265 548 4318 τού
578 4264 712 4319 Θεοῦ
751 4265 1105 4335 μετατίθεται
1132 4280 1147 4297 ·
1196 4264 1430 4334 ὑψοῦται
1456 4266 1553 4333 τῆς
1586 4267 1746 4337 δόξης
1776 4268 1809 4338 ή

236 4359 553 4429 κιϐωτόςοὴ
610 4358 760 4427 πηγὴ
812 4358 908 4410 τοῦ
963 4358 1140 4426 φωτὸς
1192 4361 1499 4429 μεταχωρεῖ
1552 4359 1690 4428 πρὸς
1751 4362 1811 4414 τδ

238 4451 376 4515 φῶς·
414 4449 561 4517 ὁτῆς
623 4450 766 4518 ζωῆς
811 4448 1082 4519 θησαυρὸς
1140 4448 1457 4517 μεταϐαίνει
1521 4451 1658 4520 πρὸς
1710 4451 1810 4523 τὴν

1974 2436 2118 2501 Quot
2151 2436 2281 2489 mihi
2313 2435 2381 2489 ad
2424 2434 2617 2490 horum
2666 2437 3100 2506 unumquodque
3133 2436 3485 2503 festivitates,

1908 2540 1972 2580 ac
2018 2542 2175 2581 sacra
2232 2527 2518 2592 solemnia,
2553 2543 2789 2597 quorum
2845 2543 2953 2582 una
2986 2536 3071 2583 est
3123 2529 3280 2582 radix
3320 2546 3495 2600 augu-

1909 2615 2157 2670 stissima
2194 2617 2349 2685 juxta
2402 2632 2465 2671 ac
2520 2618 2885 2680 nobilissima,
2921 2618 3104 2673 divina
3140 2620 3356 2675 scilicet
3387 2625 3488 2675 hu.

1908 2723 2085 2763 mana:
2134 2718 2345 2763 natura:
2397 2710 2724 2779 assumptio,
2759 2718 2819 2763 ut
2853 2710 2918 2763 ad
2956 2710 3194 2764 divinam
3239 2724 3488 2767 naturam

1922 2802 2085 2854 homo
2139 2802 2570 2870 provehereturl
2629 2801 2694 2854 Et
2749 2804 2940 2855 horum
2991 2802 3209 2871 quidem
3278 2805 3491 2873 singula

1920 2894 2223 2947 secundum
2265 2894 2544 2962 proprium
2574 2900 2628 2946 et
2667 2900 2884 2961 tempus
2916 2904 2966 2947 et
2997 2895 3317 2963 mysterium
3346 2899 3492 2948 exei-

1918 2982 2100 3052 pimus
2162 2999 2227 3037 ac
2289 2985 2698 3053 praemittimus,
2757 3001 2866 3039 non
2934 3000 3097 3039 secus
3157 3001 3221 3039 ac
3279 3002 3491 3038 annuas

1919 3074 2104 3128 mundi
2171 3084 2546 3143 tempestates,
2589 3090 2713 3145 quae
2767 3077 3003 3145 pulchro
3082 3078 3274 3130 ordine
3321 3078 3493 3131 altera

1916 3165 2069 3218 alteri
2100 3166 2275 3220 locum
2304 3168 2568 3235 praebent,
2595 3178 2647 3222 ct
2675 3168 3001 3231 succedunt,
3026 3178 3081 3222 et
3113 3183 3211 3222 sua
3245 3171 3489 3238 ipsarum

1910 3256 2173 3311 beneficia
2204 3274 2299 3327 per
2332 3261 2481 3313 vices
2505 3250 2667 3314 nobis
2701 3262 3025 3329 largiuntur.

1982 3348 2172 3403 XVIII.
2200 3350 2333 3414 Qua:
2363 3360 2544 3404 autem
2571 3352 2624 3404 in
2661 3366 2901 3419 praesens
2927 3355 3108 3419 agitur
3148 3354 3489 3420 solemnitas,

1912 3439 2124 3498 illarum
2154 3443 2399 3495 omnium
2423 3442 2734 3511 obsignatio
2765 3451 2850 3497 est
2888 3458 2952 3499 ac
2980 3444 3193 3499 stabilis
3215 3461 3487 3500 consum-

1912 3532 2080 3584 matio
2111 3549 2126 3597 ;
2173 3530 2535 3586 festivitatum
2567 3544 2843 3602 postrema
2876 3544 2979 3601 est,
3014 3544 3068 3589 et
3100 3539 3272 3605 prima
3303 3539 3488 3605 simul,

1908 3631 1963 3675 ct
1992 3622 2235 3676 maxima
2273 3641 2286 3677 :
2326 3633 2572 3693 tempore
2607 3626 2820 3681 scilicet
2860 3638 2914 3681 et
2946 3628 3141 3683 ordin‘e
3172 3638 3485 3697 postrema;

1913 3714 2086 3780 prima
2120 3728 2251 3767 vero
2294 3722 2349 3769 et
2378 3729 2611 3779 sununa,
2658 3717 2704 3771 si
2748 3717 3069 3787 dignitatem
3104 3734 3167 3774 ac
3223 3722 3485 3776 virtutem

1913 3813 2130 3867 spectes

1984 3893 2288 3950 Vehemens
2316 3896 2445 3951 mihi
2480 3898 2735 3967 spiritum
2767 3900 2833 3953 ad
2869 3901 3161 3969 praesentia
3184 3901 3488 3956 commotio

1911 3987 2042 4051 ciet,
2074 3995 2128 4042 et
2160 4003 2256 4042 cor
2284 3992 2549 4055 exsultat,
2594 4001 2756 4060 atque
2788 4003 3084 4060 conceptus
3112 4008 3275 4046 sensu
3303 3994 3479 4047 subli-

1913 4092 2030 4132 mes
2058 4092 2121 4131 ac
2160 4079 2397 4147 portenti
2440 4081 2846 4149 magnificentia
2898 4082 3094 4151 dignos
3147 4082 3481 4152 circumspi-

1912 4169 2064 4224 ciens
2090 4171 2340 4239 requiril.
2377 4171 2526 4234 Abit,
2559 4172 2624 4225 ad
2649 4176 2821 4227 cwlos
2846 4173 3178 4227 transfertur
3204 4176 3486 4228 animatus

1915 4258 2008 4315 Dei
2035 4261 2266 4315 thronus
2294 4279 2307 4328 ;
2342 4264 2609 4317 attollitur
2636 4279 2760 4318 arca
2797 4264 3010 4334 gloriae;
3057 4264 3178 4319 fons
3206 4266 3342 4320 lucis
3373 4265 3486 4331 (ll)

1918 4352 1991 4406 ad
2024 4352 2198 4408 lucem
2248 4355 2639 4423 transmigrat;
2682 4355 2974 4410 thesaurus
3027 4356 3149 4409 vita:
3190 4357 3479 4410 transitad

1914 4442 2105 4496 vitam.
2157 4441 2416 4496 Miracula
2448 4458 2635 4512 porro,
2671 4459 2794 4513 qua:
2848 4445 3149 4501 discessum
3210 4445 3356 4500 illius
3396 4461 3487 4501 co-

233 4540 407 4607 ζωήν.
438 4538 549 4590 Kal
575 4537 645 4589 τὰ
677 4536 1039 4606 συντρέχοντα
1056 4536 1313 4607 θαύματα
1371 4537 1499 4608 περὶ
1523 4537 1620 4610 τὴν
1649 4539 1811 4610 ἐκδη-

1919 4533 2207 4597 mitantur,
2240 4543 2445 4602 quanta
2474 4549 2536 4588 ea
2571 4537 2728 4589 sunt!

234 4631 394 4700 μίαν,
413 4628 601 4698 ἡλίκα.

308 4718 411 4772 ΙΘ’.
448 4718 679 4789 Χριστὸς
696 4717 857 4782 αὐτὸς
892 4716 1098 4773 ἄνωθεν
1113 4717 1343 4772 ἐνταῦθα
1364 4718 1411 4758 ’⁸
1430 4722 1805 4793 προσυπαντᾷ,

230 4812 332 4872 τὰς
364 4809 513 4881 αύτῷ
538 4810 632 4863 καὶ
656 4810 817 4879 φίλας
847 4811 941 4863 καὶ
969 4808 1161 4872 δούλας
1177 4810 1224 4842 ’³
1267 4809 1530 4879 δυνάμεις
1567 4827 1809 4865 συνεπα-

230 4903 469 4970 γὸμενος
499 4904 555 4953 ὲν
580 4901 764 4971 κύκλῳ
818 4901 1245 4972 δορυφορούσας·
1303 4900 1400 4953 καὶ
1433 4902 1531 4971 τὴν
1580 4903 1808 4970 ἀγκαλι-

233 4996 479 5063 σαμένην
498 4996 545 5026 ⁹⁶
580 4992 862 5056 πολλάκις,
896 4993 1247 5064 φιλόστοργος
1269 4990 1329 5045 εὖ
1362 4994 1506 5062 μάλα
1538 4996 1631 5047 καὶ
1660 5011 1796 5064 γνη-

233 5088 369 5149 σίως
398 5085 857 5154 ἀνταγκαλίζεται
879 5101 893 5117 ·
931 5087 1024 5137 καὶ
1054 5088 1263 5152 γίνεται
1297 5084 1471 5153 πλοκὴ
1512 5084 1799 5155 θαυμαστὴ

230 5180 330 5234 καὶ
390 5180 680 5248 συμφωνία
737 5177 832 5233 τοῦ
895 5179 1240 5248 πραγμάτος.
1280 5177 1341 5230 '0
1370 5177 1647 5246 Δεσπότης
1678 5178 1799 5245 ἄγει

1978 4714 2125 4771 XIX.
2162 4714 2415 4770 Christus
2455 4713 2570 4783 ipse
2624 4729 2655 4768 e
2702 4715 2863 4779 caelo,
2918 4714 3026 4769 sibi
3077 4722 3130 4771 et
3192 4715 3400 4770 amicas
3427 4727 3481 4772 et

1908 4807 2236 4862 famulantes
2259 4822 2443 4860 secum
2483 4806 2760 4859 adducens
2795 4805 3060 4871 Virtutes,
3093 4823 3212 4876 quae
3245 4809 3484 4861 circum-

1903 4882 2056 4953 ‘circa
2109 4899 2421 4951 satellitium
2477 4908 2664 4964 agunt,
2703 4899 2808 4951 huc
2844 4915 3022 4967 usque
3083 4900 3132 4950 in
3188 4914 3478 4952 occursum

1910 4990 2161 5054 advenit;
2193 4998 2246 5043 et
2280 5004 2396 5042 eam
2437 5004 2558 5057 quae
2599 4990 2757 5042 toties
2799 4990 2974 5057 ipsum
3006 4991 3148 5042 ulnis
3191 4992 3478 5056 complexa

1914 5089 2240 5153 gestaverat,
2295 5096 2512 5136 summo
2542 5088 2596 5133 et
2651 5081 2839 5148 utique
2873 5081 3088 5133 sincero
3130 5077 3246 5132 Filii
3282 5080 3477 5132 affectu

1912 5176 2153 5231 vicissim
2183 5176 2519 5245 amplectens
2546 5174 2814 5237 sustinet;
2852 5188 2914 5226 ac
2958 5173 3093 5225 mira
3126 5173 3383 5241 quaedam
3426 5176 3483 5225 lit

1568 5337 1768 5399 Varia)
1822 5336 2151 5397 lectiones.

303 5446 351 5478 ⁸³
376 5444 453 5498 Ita
489 5443 670 5520 codd”
708 5443 799 5498 sed
820 5442 972 5520 forte
997 5443 1301 5520 ἀνάρρησιν
1334 5442 1662 5520 ῐεςςεῐιᾴιιῐιι.⁸
1719 5441 1762 5473 ⁸³
1790 5440 1811 5493 ι

1913 5456 1953 5492 r.
1986 5438 2243 5520 δεδοκότι.
2314 5435 2359 5466 ⁹⁰
2389 5433 2723 5520 meros-cod.
2745 5434 3172 5520 προσαχρήσανᾴ
3208 5434 3266 5520 I"
3307 5430 3471 5520 Laur.

232 5530 458 5569 πιστὴν.

235 5557 431 5640 ταῦτα.
506 5584 552 5615 ⁸³
583 5583 747 5638 Laur.
786 5584 939 5637 abest
966 5585 1059 5634 xui.
1082 5557 1294 5645 δούλας.

562 5516 700 5565 "Ita
735 5514 895 5566 codd.
922 5512 1059 5565 Nutu
1091 5508 1597 5579 Ιειξείιάιιηιξπολλά
1645 5513 1791 5564 ἐστιν
1826 5510 1861 5563 ἃ
1920 5510 1979 5560 τὸ
2020 5508 2386 5577 παράλογον..
2422 5545 2436 5559 .

583 5583 747 5638 Laur.
786 5584 939 5637 abest
966 5585 1059 5634 xui.
1082 5582 1294 5645 δούλας.
1371 5583 1419 5613 ⁸⁸
1441 5584 1600 5636 Laur.
1640 5580 2109 5647 άγγαλισαμένην.

1481 5599 1600 5636 aur.
1640 5597 2109 5650 αγγαλισαμενην.

2515 5506 2560 5537 ⁸³
2587 5505 2748 5559 Lzeur.
2784 5503 3026 5575 ὑψηλοίςζ
3128 5505 3176 5536 ⁸⁸
3208 5503 3366 5557 Laur.
3396 5504 3480 5552 ὲν-

1735 5691 1933 5751 Notae.

323 5792 435 5863 (ll)
476 5790 610 5849 Vide
644 5806 714 5848 an
744 5792 850 5850 sibi
882 5800 1099 5851 constet
1142 5791 1345 5849 fontem
1379 5792 1519 5851 lucis
1555 5792 1851 5862 aliquando
1884 5792 1939 5847 in
1974 5792 2239 5859 tenebris,
2263 5789 2471 5861 peccati
2494 5787 2726 5855 scilicet,
2754 5784 2950 5842 fuisse.
