4190 6458
230 425 370 490 1109

1212 425 1294 486 ΙΝ
1327 424 1434 484 SS.
1463 421 1819 484 DEIPARA‘J
1860 421 2438 486 DORMlTlONEM.

3332 424 3475 489 1110

230 540 556 610 προπέμπει
588 541 682 592 κα)⁸
719 536 1142 608 συναπέρχεται.
1179 537 1435 590 ἸΙδιστον
1468 535 1569 606 μέν
1603 534 1703 605 ἔαρ
1740 536 1797 588 ἐν

1909 534 2116 591 dentem
2149 537 2473 602 comitatur,
2503 547 2666 606 atque
2705 549 2810 591 uua
2857 534 3115 591 discedit.
3158 535 3226 591 Et
3269 537 3471 607 lucun-

226 631 411 702 ὥραις
437 633 546 701 (τίς
574 629 824 684 ἀντείποι
880 628 1038 695 λόγος
1077 625 1158 697 τῷ
1191 626 1334 696 λόγῳ
1352 627 1392 696 ;)
1429 627 1526 679 καὶ
1580 625 1800 695 «aitan

233 721 399 790 χάρις
421 720 652 785 ἀνθέων,
687 720 784 773 καὶ
807 718 990 787 ἀπαλὴ
1015 719 1201 786 φυτῶν
1231 717 1456 788 βλάστη,
1481 717 1804 788 καὶἹῦραιύ-

227 830 332 882 της
364 795 560 882 ἀγροῦ,
611 811 706 864 καὶ
762 809 1068 880 χλοάζουσα
1123 810 1254 874 πόα,
1306 811 1402 863 καὶ
1457 811 1622 863 καλὸν
1682 811 1800 872 ταῖς

226 903 500 972 ἀρούραις
529 902 999 972 ἐπικυματίζοντα
1035 902 1198 971 λήῖα·
1246 901 1345 972 ήδύ
1383 901 1439 954 δέ
1475 901 1571 953 καὶ
1601 900 1804 970 στάχυς

228 994 551 1065 παρρησίαν
606 995 735 1063 ἄρτι
798 993 1115 1062 λαμϐάνων,
1177 993 1270 1045 καὶ
1328 991 1662 1062 προκύπτων
1722 992 1803 1055 είς

231 1084 376 1151 φῶς,
405 1080 492 1136 οἶα
530 1083 730 1154 βρέφος
752 1084 973 1151 εὐγενές
1001 1099 1062 1135 τε
1094 1083 1188 1135 καὶ
1220 1083 1433 1150 χαρίεν,
1481 1081 1558 1143 ὡς
1600 1083 1667 1133 ἐκ
1702 1083 1802 1150 μή.

230 1195 374 1249 τρας
415 1178 515 1247 τῆς
572 1179 831 1240 κάλυκος,
878 1177 971 1231 καὶ
1024 1177 1216 1247 βότρυς
1233 1174 1280 1206 ⁸⁸
1329 1175 1806 1244 ἐπαγγελλόμενος

232 1271 333 1323 καὶ
363 1273 475 1331 τοῖς
498 1269 777 1338 δροσεροίς
808 1268 896 1321 ετι
929 1266 1148 1335 φύλλοις
1192 1264 1617 1320 ὐπαναστέλλειν
1641 1264 1809 1334 ἀρχό-

133 1405 148 1422 ,
233 1377 402 1429 μενος
423 1378 437 1391 ·
459 1360 604 1413 καλά
628 1361 684 1413 δέ
715 1361 810 1414 καὶ
832 1359 1002 1412 τᾶλλα
1035 1357 1272 1427 καθεξῆς
1289 1357 1335 1390 ⁸⁷
1363 1357 1474 1410 τῶν
1497 1356 1718 1429 ὡραίων
1736 1357 1806 1421 ⁸⁸,

229 1448 316 1514 οἷς
345 1454 380 1521 ή
421 1452 539 1519 ὥρα
587 1452 770 1522 τρυφᾷ
801 1452 899 1505 καὶ
929 1453 1053 1514 ταῖς
1110 1449 1329 1503 ἐλπίσιν
1387 1449 1672 1520 εὐφραίνει
1715 1449 1808 1500 τὸν

234 1541 440 1611 θεατὴν
465 1545 729 1610 γεωργόν.

302 1720 451 1774 Πολύ
472 1721 518 1755 ⁶⁹
542 1722 588 1775 δ’
610 1720 688 1774 ἐτι
713 1722 931 1776 κάλλιον
943 1724 990 1757 ⁸⁸
1019 1723 1051 1791 ή
1087 1723 1307 1777 πάντων
1332 1723 1684 1794 τελεσφορία,
1705 1726 1805 1779 καὶ

229 1810 296 1862 τὸ
330 1811 469 1879 πρὸς
499 1811 850 1884 ἐκπλήρωσιν
887 1812 1056 1882 ἔργου
1086 1813 1188 1884 τήν
1233 1813 1574 1882 ἐπαγγελίαν
1607 1814 1803 1879 ἐλθεῖν,

230 1903 375 1972 ὅπερ
405 1897 562 1963 οὗτος
591 1905 724 1972 ἡμῖν
761 1906 788 1956 ὁ
814 1905 1008 1975 καιρδς
1052 1904 1150 1959 νῦν
1170 1907 1476 1977 χαρίζεται.
1497 1906 1611 1958 Νῦν
1629 1908 1737 1977 γάρ
1759 1907 1802 1938 ’³

235 1994 297 2045 al
328 1993 428 2061 μὲν
455 1992 733 2063 ἀποθῆκαι
765 1997 858 2048 τὸν
895 1998 1062 2060 σῖτον,
1104 1999 1155 2050 οί
1195 1998 1407 2068 ληνοὶη
1434 1999 1490 2052 δὲ
1521 2000 1614 2052 τὸν
1637 1995 1804 2063 οἶνον,

234 2088 334 2138 ταὶ
365 2084 464 2156 τὴν
497 2086 662 2155 ἄλλην
691 2086 783 2138 τοῦ
815 2086 969 2150 ἔτους
1020 2090 1310 2158 εὐετηρίαν
1343 2092 1370 2142 ὁ
1399 2092 1697 2162 προσήκων
1724 2090 1810 2144 δέ-

237 2192 394 2242 χεται
423 2177 619 2238 τόπος,
658 2179 752 2229 καὶ
788 2178 888 2230 οὐκ
927 2180 1010 2232 ἔτι
1056 2180 1542 2251 προσδοκωμένην,
1577 2182 1696 2235 ἀλλ’
1729 2184 1808 2244 είς

234 2269 426 2336 χεῖρας
454 2267 555 2337 ήδη
589 2268 990 2338 κατεχομένην,
1021 2272 1116 2324 καὶ
1145 2272 1204 2325 τὸ
1233 2272 1342 2325 τῶν
1382 2273 1618 2327 ἐλπίδων
1638 2275 1810 2345 ἀμφί-

232 2358 394 2411 ϐολον
416 2358 649 2427 ἀσφαλεῖ
674 2359 818 2412 τέλει
860 2362 1177 2432 κρίνουσιν.
1213 2363 1328 2417 Νῦν
1343 2363 1390 2396 ³⁸
1418 2363 1554 2434 ὁμοῦ
1610 2367 1703 2420 καὶ
1755 2369 1786 2420 ὀ

240 2451 477 2521 σπείρας
510 2450 692 2519 χαίρει
738 2451 982 2518 θερίσας,
1017 2452 1111 2504 καὶ
1145 2454 1174 2505 ὁ
1219 2452 1520 2520 φυτεύσας,
1577 2453 1808 2525 εὐφραί-

232 2557 414 2607 νεται,
467 2541 593 2603 τούς
657 2542 907 2613 καρποὺς
958 2541 1066 2595 τῶν
1117 2543 1299 2597 πόνων
1349 2543 1712 2615 δρεψάμενος.
1747 2545 1810 2600 '0

232 2635 454 2702 Κύριος
482 2634 666 2689 ἔδωκε
693 2637 1078 2704 χρηστότητα
1105 2677 1120 2702 ,
1157 2638 1255 2692 καί
1297 2639 1336 2707 ἠ
1379 2637 1455 2708 γῆ
1495 2640 1665 2709 ἡμῶν
1691 2639 1808 2709 ἤδη

232 2727 347 2782 τὸν
385 2727 622 2793 καρπὸν
671 2728 864 2795 αὐτῆς
901 2728 1210 2802 ὁλοκλήρως
1232 2729 1300 2795 ’⁸,
1345 2733 1395 2785 εί
1427 2733 1502 2802 μή
1530 2735 1584 2785 τί
1614 2733 1660 2766 ⁸⁵
1704 2749 1810 2787 που

233 2817 425 2872 τέλεον
453 2820 809 2890 ὑπερήμερον
849 2821 944 2872 καὶ
967 2820 1372 2890 ἐκπρόθεσμον.

307 2993 430 3047 AB'.
462 2993 576 3063 Τῆς
604 2993 709 3063 γῆς
739 2994 796 3047 δέ
830 2995 889 3048 τὸ
919 2995 1052 3049 tam
1082 2995 1314 3060 ἐντελῶς
1347 2998 1687 3070 ἀπεχούσης,
1719 3002 1812 3055 καὶ

228 3087 258 3136 ὁ
291 3085 522 3153 οὐρανὸς
552 3085 832 3152 ἀναλόγως
856 3087 1052 3154 ἀπέχει
1076 3088 1136 3139 τὸ
1159 3087 1380 3152 ἐαυτοῦ,
1424 3089 1517 3141 τὸν
1548 3091 1807 3158 οὐράνιόν

1905 626 2134 682 dissima
2161 628 2385 698 quidem
2421 628 2564 682 inter
2591 628 2722 682 anni
2767 634 3124 698 tempestates
3171 637 3257 685 est
3302 645 3469 685 verna

1906 719 2052 787 (quis
2083 735 2389 790 repugnare
2419 720 2648 789 ausi”),
2689 728 2743 775 et
2785 719 2936 774 varia
2961 717 3159 774 florum
3202 723 3396 789 gratia,
3423 734 3477 776 et

1907 809 2143 864 delicata
2169 810 2477 880 plantarum
2510 809 2855 880 germinatio,
2927 818 2983 862 et
3025 823 3280 878 agrorum
3311 825 3478 864 venu-

1905 907 2042 966 stas,
2074 914 2138 954 ac
2156 901 2430 956 virescens
2447 902 2633 966 herba;
2655 911 2710 955 et
2727 899 2966 969 pulchrae
2983 909 3112 956 sunt
3137 900 3479 955 undabundm

1908 1004 2007 1060 per
2041 1004 2200 1058 agros
2253 998 2498 1059 segetes;
2551 989 2790 1044 oblectat
2833 988 3068 1058 desuper
3105 998 3160 1044 et
3189 988 3338 1060 spica
3365 988 3476 1058 jam

1909 1081 2183 1135 audacula
2217 1095 2537 1150 erumpens,
2561 1090 2614 1135 et
2644 1095 2712 1136 ex
2759 1079 2930 1134 calice
2952 1080 3118 1134 veluti
3165 1095 3196 1135 ε
3247 1081 3480 1134 matrice

1906 1173 2071 1242 quasi
2103 1172 2286 1226 infans
2317 1175 2589 1242 ingenuus
2621 1173 2779 1242 juxta
2829 1181 2996 1241 atque
3027 1171 3252 1241 elegans
3300 1172 3355 1226 in
3387 1172 3481 1227 lu-

1910 1273 2030 1313 cem
2066 1261 2347 1331 prodiens,
2377 1276 2442 1315 ac
2469 1274 2722 1315 racemus
2749 1261 2921 1332 (velut
2946 1260 3148 1336 primo)
3193 1261 3483 1319 annuntia-

1908 1359 2020 1416 tns,
2061 1359 2117 1407 et
2145 1352 2418 1422 incipiens
2455 1351 2599 1407 foliis
2627 1352 2927 1405 etianmum
2965 1352 3178 1407 tenellis
3208 1351 3480 1417 suboriri;

1911 1442 2007 1498 sed
2049 1451 2104 1496 et
2137 1443 2244 1497 alia
2299 1445 2504 1499 eximia
2533 1443 2811 1499 venustati
2850 1443 2924 1496 illi
2958 1445 3246 1511 accedunt,
3283 1445 3482 1514 quibus

1909 1543 2206 1606 tempestas
2236 1536 2325 1590 illa
2354 1537 2689 1604 luxuriatur,
2715 1544 2768 1592 et
2804 1543 3143 1606 spectantem
3187 1538 3482 1608 agricolam

1912 1628 2083 1682 multa
2113 1642 2210 1698 spe
2237 1629 2537 1684 exbilarat.

1985 1718 2378 1776 Verumtamen
2427 1721 2592 1777 etiam
2627 1720 2789 1790 longe
2832 1722 2920 1777 bis
2957 1723 3356 1793 praecellentior
3398 1732 3485 1777 est

1913 1810 2194 1867 fructuum
2228 1815 2474 1868 omnium
2507 1814 2822 1878 maturitas,
2853 1821 2910 1868 et
2952 1824 3102 1868 certa
3128 1827 3316 1867 eorum
3364 1827 3486 1880 qua:

1838 1870 1882 1929 Β
1913 1904 2393 1975 promittebantur.
2448 1903 2762 1968 assecutio;
2793 1870 2940 1974 quod
2975 1903 3092 1958 bac
3131 1903 3296 1957 modo
3329 1870 3488 1957 nobis

1911 2003 2210 2065 tempestas
2235 1994 2522 2063 elargitur.
2559 1993 2719 2048 Nunc
2741 1995 2886 2050 enim
2918 2002 2971 2048 et
3001 1993 3197 2048 horrea
3238 1992 3488 2048 frumen-

1910 2094 2050 2152 tum,
2079 2097 2134 2143 et
2164 2087 2310 2141 dolia
2335 2088 2547 2150 vinum,
2569 2097 2623 2142 et
2653 2085 2886 2141 idoneus
2915 2086 3147 2156 quisque
3171 2085 3327 2139 locus
3347 2083 3488 2139 alios

1912 2195 2110 2235 annuae
2166 2179 2440 2234 ubertatis
2489 2189 2794 2248 proventus
2836 2178 3066 2247 excipit,
3115 2192 3321 2246 eosque
3376 2191 3485 2231 non

1908 2271 2128 2343 quidem
2160 2286 2308 2325 mera
2337 2271 2518 2325 adhuc
2552 2271 2608 2325 in
2639 2286 2736 2339 spe
2773 2271 2935 2335 sitos,
2969 2269 3063 2325 sed
3088 2269 3198 2338 jam
3233 2269 3488 2325 manibus

1911 2361 2303 2434 appreliensos,
2345 2368 2400 2416 et
2429 2369 2582 2416 certo
2617 2362 2768 2417 exitu
2801 2361 2870 2416 de
2899 2375 2998 2431 spe
3031 2361 3246 2415 incerta
3282 2360 3486 2416 decer-

1912 2465 2129 2510 nentes.
2169 2453 2325 2508 Nunc
2365 2454 2576 2524 pariter
2637 2461 2693 2508 et
2734 2453 2826 2522 qui
2869 2451 3238 2508 scminaverat
3280 2461 3491 2508 metens

1911 2547 2153 2612 lzetatur,
2181 2557 2236 2601 et
2257 2547 2349 2616 qui
2383 2546 2727 2615 plantaverat
2779 2546 3029 2600 laborum
3077 2544 3338 2616 colligens
3379 2543 3493 2598 fru-

1911 2650 2035 2695 ctus
2064 2639 2324 2693 exsultat.
2361 2637 2624 2692 Dominus
2671 2637 2813 2691 dedit
2844 2637 3242 2707 benignitatem.
3272 2646 3321 2692 et
3348 2645 3491 2691 terra

1911 2740 2101 2785 nostra
2131 2731 2249 2799 jam
2286 2729 2521 2798 fructum
2558 2745 2715 2782 suum
2775 2729 2991 2798 integre
3034 2727 3235 2789 dedith.
3269 2729 3383 2783 nisi
3438 2729 3484 2784 si

1911 2822 2042 2889 quid
2074 2821 2279 2876 alicubi
2316 2830 2536 2890 tempus
2568 2834 2728 2875 suum
2764 2820 3268 2889 prtete'rgrediatur,
3294 2833 3358 2872 ac
3394 2820 3489 2874 de-

1911 2912 2085 2966 bitum
2117 2919 2242 2980 post
2277 2913 2652 2982 praestitutum
2687 2910 2834 2964 diem
2877 2911 3075 2965 solvat.

1987 3001 2208 3057 XXXII.
2245 3003 2422 3057 Porro
2455 3016 2584 3056 cum
2614 3009 2760 3056 terra
2795 3001 3005 3071 integre
3039 3016 3200 3056 suum
3235 3001 3484 3071 recipiat,

1912 3098 2290 3146 consentance
2342 3100 2400 3144 et
2456 3088 2659 3144 coelum
2716 3088 2864 3157 quod
2923 3104 3082 3142 suum
3133 3097 3218 3141 est
3271 3089 3487 3160 recipit,

230 3194 381 3246 φημι
411 3177 598 3231 τοῦτον
647 3177 924 3248 θησαυρὸν
956 3179 1050 3232 καὶ
1090 3179 1400 3250 ὐπέρτιμον
1420 3197 1434 3211 ·
1472 3181 1532 3233 ὃν
1554 3181 1800 3252 ἀπολαμ-

1912 3183 2194 3238 εωιοειεηι
2237 3181 2407 3246 hunc,
2451 3179 2702 3249 inquam,
2753 3179 3333 3250 pretiosissimumque
3374 3181 3493 3235 thov

234 3269 426 3320 ὅάνων
457 3269 696 3335 σήμερον
729 3268 930 3336 γέγηθε
968 3269 1066 3339 τὴν
1092 3270 1259 3323 αὐτοῦ
1307 3271 1566 3338 γλυκεῖαν
1595 3273 1806 3340 ἐλπίδα,

229 3359 339 3430 τὴν
394 3359 656 3428 εὐφορίαν
708 3360 807 3427 τῆς
841 3359 1108 3423 κτίσεως,
1159 3361 1219 3414 τὸ
1249 3362 1396 3430 μέγα
1449 3365 1544 3416 τοῦ
1601 3365 1808 3436 κόσμου

230 3451 509 3521 γεώργιον
531 3468 544 3480 ·
599 3453 692 3504 καὶ
744 3451 1069 3522 θησαυρίζει
1101 3453 1194 3506 τὸν
1230 3454 1464 3509 πλοῦτον
1503 3458 1563 3509 ἐν
1588 3459 1806 3523 ἀσύλοις

231 3543 510 3614 ταμείοις,
539 3545 633 3596 καὶ
656 3544 758 3614 τὴν
790 3544 1144 3614 εὐδαιμονίαν
1175 3549 1287 3610 τοῖς
1317 3549 1460 3615 ἀγαν
1507 3549 1810 3614 ἐνδοτάτοις

233 3637 624 3690 ἐναποτίθεται
648 3651 661 3667 ⁸
691 3626 1013 3704 ἐκλεγεϊσαν
1044 3638 1147 3706 μέν
1173 3643 1253 3702 είς
1281 3641 1473 3711 καιρὸν
1493 3683 1511 3706 ,
1547 3644 1687 3711 μετά
1707 3643 1809 3714 τήν

231 3729 338 3797 τῆς
364 3726 682 3796 οἰκονομίας
704 3726 750 3759 ’⁸
781 3728 1205 3799 συμπλήρωσιν,
1234 3731 1328 3783 καὶ
1355 3731 1454 3801 τὴν
1490 3730 1811 3804 θαυμαστήν

232 3819 544 3889 ὑπουργίαν
596 3818 697 3872 τοῦ
746 3818 890 3872 κατά
943 3821 1181 3890 Χριστὸν
1234 3824 1579 3892 μυστηρίου·
1623 3824 1700 3887 ὡς
1752 3825 1810 3878 δέ

233 3912 398 3980 μέρος
452 3907 512 3963 εὖ
567 3910 712 3979 μάλα
742 3913 862 3963 πῖον
895 3913 988 3964 καὶ
1030 3910 1269 3984 εὐσταχυ
1294 3915 1366 3979 ’⁷,
1399 3916 1493 3968 καὶ
1530 3917 1629 3985 τῆς
1658 3915 1808 3981 ὥρας

233 4003 379 4072 ἔχων
409 4002 750 4071 ἐπιτηδείως,
774 4003 831 4054 ἐν
856 4001 1006 4071 θέρει
1043 4005 1532 4074 συγκομισθείσανο
1559 4009 1652 4060 καὶ
1673 4009 1808 4079 πρὸς

231 4095 336 4164 τὴν
367 4095 577 4148 οἰκείαν
605 4096 949 4149 κατάπαυσιν
981 4096 1241 4151 ἐντεῦθεν
1278 4102 1719 4171 μετενεχθείσαν,
1745 4103 1807 4158 οὐ

238 4189 493 4260 μέντοιη
547 4188 809 4254 καθάπαξ
837 4189 1238 4258 ἀπενεχθεῖσαν
1267 4192 1449 4262 ήμῶν,
1513 4195 1622 4248 οὐδ’
1668 4198 1810 4250 ἀπο..

229 4284 444 4336 στᾶσαν
472 4283 550 4344 εἰς
574 4280 728 4344 τέλος
778 4279 888 4332 τῶν
917 4281 1042 4334 καθ’
1095 4285 1267 4353 ήμᾶς,
1306 4284 1412 4340 κᾶν
1442 4286 1807 4358 μεθέστηκεν.

240 4377 463 4444 Ἐκείνη
498 4375 607 4446 γὰρ
648 4375 683 4445 ή
715 4374 825 4427 τῶν
857 4374 983 4445 τῇδε
1016 4375 1323 4446 προνοοῦσα
1351 4380 1445 4432 καὶ
1476 4379 1592 4445 νῦν,
1623 4381 1808 4450 ἐκείνη

228 4471 329 4523 καὶ
363 4467 648 4537 βραϐεύει,
684 4467 780 4520 καὶ
813 4467 994 4538 φέρει,
1027 4467 1123 4520 καὶ
1153 4471 1414 4540 συντηρεϊ
1437 4470 1506 4523 τὰ
1533 4471 1802 4542 ήμέτερα’

227 4533 454 4628 inter};
500 4559 661 4627 ἐργον
699 4558 795 4611 καὶ
828 4533 1002 4628 δωρον
1031 4559 1063 4628 ή
1092 4533 1462 4629 εὐνομίαντῶν
1506 4533 1736 4627 πολεων,
1770 4566 1804 4635 ὴ
1832 4533 1886 4596 D

225 4655 333 4724 τῆς
365 4651 694 4720 οἰκουμένης
741 4650 953 4720 εἰρήνη,
991 4650 1100 4704 τῶν
1136 4651 1445 4722 ἐκκλησιῶν
1486 4655 1518 4723 ή
1552 4655 1798 4724 ὁμόνοια,

226 4746 343 4800 τῶν
376 4745 677 4814 σκήπτρων
709 4744 742 4810 ή
774 4741 1068 4797 δυναστεία
1092 4784 1108 4808 ,
1136 4743 1244 4795 τῶν
1274 4747 1662 4815 στρατοπέδων
1684 4749 1728 4780 ⁸³
1770 4750 1803 4820 ή

231 4834 488 4904 εὐτυχία,
514 4834 547 4903 ή
576 4832 685 4884 τῶν
709 4831 951 4896 πάντων,
971 4826 1045 4886 ὧν
1069 4834 1288 4902 ἔχομεν,
1323 4835 1505 4889 καλῶν
1529 4837 1766 4908 χορηγία
1789 4855 1801 4869 ·

229 4930 300 4983 δι’
345 4927 566 4995 ἐκείνην
610 4923 709 4977 καί
755 4921 941 4993 ζῶμεν
971 4924 1068 4979 καί
1103 4927 1426 4994 κινούμεθα
1456 4927 1556 4980 καὶ
1586 4928 1806 4996 ἐσμέν·

226 5023 298 5076 δι’
336 5020 557 5089 ἐκείνην
602 5018 943 5088 πιστεύομεν
988 5019 1083 5072 καὶ
1113 5017 1369 5083 θανόντες
1420 5016 1479 5074 εὖ
1528 5020 1676 5086 ἕξειν
1717 5023 1810 5075 ἐπὶ

229 5114 639 5186 χρηστοτέραις
669 5110 888 5163 ἐλπίσιν
919 5110 1132 5165 ἐνθένδε
1167 5113 1618 5183 μεταχωροῦντες
1639 5116 1680 5146 ¹·
1713 5115 1809 5168 καὶ

228 5205 534 5275 συνελόντα
552 5204 573 5234 ⁸
599 5203 791 5271 φάναι,
815 5201 948 5273 παρ’
975 5203 1146 5273 αὐτῆς
1171 5205 1453 5260 κάνταῦθα
1486 5209 1712 5262 κάκεῖσε
1741 5207 1808 5261 τὰ

337 5389 369 5430 ι
397 5384 548 5443 Psal.
573 5399 790 5451 Lxxxtv,
826 5384 917 5442 l3.

1913 3288 2182 3339 saurum;
2237 3287 2400 3342 quem
2459 3270 2682 3341 quidem
2749 3270 3016 3325 hodierna
3086 3273 3172 3325 die
3231 3279 3489 3341 tanquam

1912 3367 2132 3421 dulcem
2173 3379 2324 3434 spem
2383 3379 2565 3428 suam,
2615 3363 2786 3418 creati
2823 3363 2992 3433 hujus
3045 3363 3287 3418 universi
3329 3364 3491 3418 uber-

1915 3465 2106 3519 tatem,
2144 3454 2553 3525 praecellentem
2583 3453 2777 3508 mundi
2827 3453 2990 3507 istius
3039 3452 3281 3508 fructum
3336 3457 3490 3509 exci-

1912 3549 2070 3618 piens
2096 3548 2302 3616 gaudio
2337 3545 2525 3617 gestit,
2554 3551 2611 3600 et
2638 3544 2804 3600 hasce
2830 3544 3052 3598 divitias
3083 3546 3135 3598 in
3176 3555 3493 3614 promptua-

1912 3641 2011 3695 riis
2038 3656 2148 3694 non
2173 3639 2483 3708 pradandis
2518 3638 2788 3703 recondit,
2817 3647 2872 3692 et
2905 3638 3219 3692 beatitatem
3265 3638 3409 3693 lianc
3434 3637 3490 3692 in

1913 3733 2226 3788 recessibus
2288 3746 2520 3802 prorsus
2567 3731 2930 3801 penitissimis
2987 3729 3246 3799 deponit;
3282 3740 3335 3783 ct
3370 3744 3489 3786 eam

1911 3831 2226 3893 opportuno
2275 3837 2410 3877 sane
2471 3832 2751 3891 tempore,
2804 3830 3092 3891 postquam
3149 3821 3492 3889 dispensatio

1911 3916 2125 3968 scilicet
2153 3927 2322 3982 opere
2375 3911 2650 3986 completa
2679 3918 2789 3974 est,
2818 3921 2872 3964 et
2909 3909 3289 3964 admirandum
3322 3911 3488 3965 mini-

1912 4008 2144 4062 sterium
2174 4021 2336 4061 suum
2365 4005 2482 4074 ipsa
2514 4004 2698 4075 prabu
2725 4013 2746 4057 t
2777 4002 3040 4074 mysterio
3068 4002 3273 4058 Christi
3317 4005 3490 4074 (redi-

1911 4097 2165 4166 mentis),
2199 4098 2486 4168 decerpit;
2520 4111 2821 4166 congruam
2866 4096 3056 4150 itidem
3092 4097 3222 4149 anni
3279 4104 3488 4167 tempe-

1911 4200 2105 4248 statem
2125 4191 2446 4255 observans,
2465 4204 2561 4258 per
2575 4187 3048 4258 astatem,quippe
3071 4198 3231 4242 testas
3256 4189 3491 4244 maxime

1911 4284 2096 4354 opima
2126 4290 2212 4338 est
2242 4292 2607 4353 segetumque
2640 4279 2816 4344 ferax,
2846 4280 3095 4334 eamdem
3119 4280 3391 4353 .colligit;
3437 4293 3492 4336 et

1913 4374 2042 4430 licet
2091 4374 2220 4428 hinc
2270 4388 2392 4428 eam
2445 4372 2512 4425 ad
2566 4370 2985 4441 tranquillitatis
3038 4371 3273 4440 propria
3332 4371 3491 4427 sedes

1915 4465 2241 4530 transferat,
2272 4480 2385 4518 non
2420 4463 2640 4534 penitus
2672 4471 2855 4516 tamen
2908 4462 3070 4517 nobis
3102 4463 3250 4516 illam
3288 4462 3488 4528 aufert,

1911 4574 2115 4629 neque,
2173 4568 2458 4627 utcunque
2509 4557 2683 4627 ipsam
2735 4565 3008 4620 amoveat,
3045 4556 3114 4609 ab
3178 4557 3245 4610 iis
3307 4546 3498 4610 tamen.

1913 4668 2035 4723 qua:
2079 4652 2145 4706 ad
2179 4666 2280 4706 nos
2313 4651 2610 4720 pertinent,
2635 4649 2728 4704 illa
2757 4649 2982 4703 omnino
3011 4648 3336 4718 digreditur.
3368 4647 3487 4716 Ipsa

1913 4747 2058 4807 enim
2097 4743 2447 4798 terrestrium
2501 4742 2698 4794 borum
2743 4739 3048 4794 etiamnum
3088 4753 3278 4793 curam
3318 4741 3488 4809 gerit;

1914 4840 2029 4909 ipsa
2070 4853 2160 4891 res
2212 4841 2433 4891 nostras
2469 4844 2523 4888 et
2567 4834 2908 4893 moderatur,
2966 4839 3020 4884 et
3078 4813 3385 4900 promovet,
3435 4841 3490 4885 et

1909 4938 2243 4992 conservat;
2273 4927 2448 4996 ipsius
2475 4941 2617 4995 opus
2658 4939 2720 4978 ac
2747 4925 2953 4979 donum
2999 4931 3083 4975 est
3126 4921 3258 4976 felix
3308 4923 3491 4991 reipu-

1910 5024 2068 5080 blicae
2101 5022 2367 5091 regimen,
2417 5026 2578 5072 terra:
2627 5016 2898 5071 universa:
2937 5029 3066 5085 pax,
3112 5012 3486 5069 Ecclesiarum

1911 5115 2231 5178 concordia,
2281 5120 2630 5182 sceptrorum
2678 5109 2946 5179 potentia,
2983 5122 3248 5176 prospera
3278 5109 3497 5163 exerci-.

1910 5217 2066 5265 tuum
2131 5207 2372 5272 fortuna,
2435 5204 2678 5260 omnium
2723 5216 2848 5273 quae
2893 5200 3164 5257 habemus
3219 5203 3492 5260 bonorum

1585 5501 1782 5564 Varias
1805 5502 2137 5566 lectiones.

299 5659 347 5692 ει
397 5656 564 5711 Laur,
622 5654 907 5724 ﬁdit-posti),
973 5651 1022 5724 ξ’
1077 5648 1201 5703 καθ’
1239 5649 1400 5724 etis.

1507 5649 1554 5683 ³⁸
1590 5649 1776 5722 ‘Laur.

1913 5673 2011 5709 ων.
2090 5653 2137 5686 ⁸⁸
2187 5649 2343 5718 Quod
2372 5651 2630 5722 superius
2665 5648 2986 5722 Vaticanus,
3021 5643 3292 5722 ltoc_loco
3339 5653 3492 5722 Las-

225 5740 377 5786 cent.
415 5727 550 5800 cod._
581 5713 658 5800 ait
693 5713 862 5800 marg:
892 5721 1058 5800 liabet
1087 5721 1276 5800 ;,περὶ,
1298 5713 1392 5772 τδῧ
1411 5720 1614 5800 3533905
1643 5722 1806 5800 τῆς,κ

1910 5725 2107 5792 ήσεως.
2135 5713 2267 5800 __"_
2299 5713 2709 5800 ιισιιιῆαάλιον.
2787 5720 2856 5800 ’ξ’
2910 5717 3078 5800 Ιίειιιτ.
3107 5715 3200 5800 νύν
3236 5715 3334 5781 μὲν
3358 5713 3485 5800 χάρ.

227 5801 275 5834 ⁸⁸
309 5799 476 5854 Laur.
497 5797 553 5849 σί
581 5794 740 5851 λινοί.
817 5790 863 5824 ⁵³
892 5790 1054 5845 Laur.
1084 5790 1177 5842 νῦν

227 5871 270 5905 ⁸⁷
299 5869 465 5925 Laur.
503 5869 733 5932 ἄσταχυ.

1215 5789 1334 5859 μέν.
1370 5859 1378 5861 Α
1411 5791 1456 5861 ξι
1490 5789 1657 5844 Laur.
1704 5789 2056 5861 ολοχϊήρως.
2134 5794 2179 5825 ’³
2248 5791 2411 5847 Laur.
2449 5792 2599 5845 abest
2633 5791 2705 5861 τί.

814 5863 856 5893 ’³
881 5863 1041 5918 Laur.
1079 5860 1176 5930 μέν
1209 5858 1280 5914 τι.
1340 5859 1384 5892 ν’
1416 5858 1580 5915 Laur.
1604 5877 1802 5930 στρατο

1909 5858 2034 5918 ὂων.
2105 5862 2316 5925 Ἰρθιιτ.
2365 5860 2811 5933 μεταχσροῦντες.

2811 5789 2857 5823 ⁸⁸
2922 5787 3086 5842 Laur.
3123 5784 3485 5853 οἰκονομοίας.

2887 5860 2906 5889 ²
2938 5857 3058 5912 Vat.
3084 5852 3373 5911 συνελόντα
3407 5852 3484 5911 δέ,
