4190 6458
718 386 857 452 1115
1874 387 2198 447 JUANNIS
2238 388 2373 448 ΕΟ(

2330 387 2810 451 ICHAITENSIS
3507 359 3514 367 ⁷
3828 393 3985 456 1116

715 508 986 570 victorem,
1041 504 1263 558 libenter
1315 503 1394 556 illi
1424 520 1478 556 se
1513 502 1838 554 donaturum
1890 501 2154 568 professus
2196 512 2296 567 est,
2327 519 2479 572 quem
2497 505 2648 571 gleba
2695 506 2750 557 in
2780 505 3229 574 confertissimum
3263 506 3495 560 militum
3537 504 3747 575 globum
3785 507 3990 559 conni-

715 591 948 644 ventibus
997 592 1164 644 oculis
1192 591 1384 644 emissa
1412 591 1633 658 fortuito
1655 590 1992 658 contingeret.
2024 597 2224 654 Anceps
2250 589 2463 658 quidem
2511 600 2617 643 ista
2653 602 2703 643 et
2734 592 2891 658 plena
2926 594 3152 660 periculi
3187 595 3420 657 sortitio,
3449 608 3568 663 quo
3596 602 3774 646 tamen
3796 596 3987 647 hones”

715 694 831 730 nem
857 695 962 731 non
1008 679 1216 746 fefellit,
1241 686 1416 746 utpote
1465 693 1615 747 quem
1645 674 1816 744 Cgrus
1849 676 1919 728 ad
1965 691 2080 728 eam
2105 677 2367 728 exercitus
2403 679 2486 728 sui
2511 687 2722 743 partem
2753 681 3082 743 converterit,
3108 682 3163 734 in
3196 696 3356 750 quam
3385 681 3432 733 si
3454 680 3534 734 uel
3571 680 3767 733 clausis
3797 682 3982 733 oculis

713 766 1055 830 collimasset,
1087 782 1118 817 a
1158 768 1266 818 viro
1300 766 1428 833 forti
1469 781 1571 816 non
1603 773 1775 831 posset
1809 761 2075 815 aberrare.
2133 760 2284 826 Quod
2341 764 2386 814 si
2423 779 2518 832 ego
2545 763 2793 820 similiter
2842 766 3071 834 fortuna:
3099 767 3272 820 aleam
3309 769 3536 836 experiri
3567 770 3882 834 (pra-serti»:
3918 770 3980 820 in

715 862 821 905 tam
845 856 981 904 mira
1018 854 1286 920 paucitate
1337 867 1518 904 eorum
1562 851 1652 919 qui
1693 852 1796 901 ista
1821 865 1884 901 ea:
1909 851 2082 901 animo
2120 861 2330 914 curant,
2382 861 2538 919 atque
2568 853 2968 922 amplexantur)
2999 854 3256 922 illumque
3287 854 3410 906 huic
3437 854 3652 906 aduente
3680 866 3978 920 patronum

710 942 966 1006 adoptare
1017 939 1198 992 vellem
1223 956 1370 1008 quem
1397 953 1550 990 casus
1585 936 1896 998 obtulisset,
1921 935 2214 1005 periculum
2250 937 2362 1004 fore
2386 940 2615 1000 videtur.
2638 957 2703 993 ne
2729 940 2897 993 nihilo
2923 941 3090 993 tutius
3139 941 3427 1008 hospitium
3449 940 3618 993 eidem
3649 941 3974 1008 obtingeret,

708 1042 863 1092 quam
897 1027 1195 1088 hirnndini,
1225 1041 1382 1093 quam
1412 1025 1632 1076 Archias
1677 1026 1727 1076 in
1764 1023 1950 1078 (ἐπινοο
1986 1025 2370 1090 epigrammate
2418 1025 2516 1076 sub
2551 1024 2751 1080 ledec
2787 1038 2965 1078 statua
3017 1024 3375 1091 nidiﬁcantem
3399 1027 3551 1093 fecit,
3577 1034 3625 1078 et
3659 1027 3980 1077 humanita-

708 1125 808 1163 tem
846 1129 970 1180 erga
1009 1114 1310 1181 peregrinos
1347 1112 1469 1164 inde
1497 1112 1598 1163 sibi
1635 1111 1982 1178 pollicentem,
2018 1110 2105 1161 ubi
2137 1120 2288 1162 tanta
2326 1115 2380 1163 in
2407 1113 2721 1166 domesticos
2760 1124 2919 1181 atque
2946 1111 3409 1180 conjunctissimos
3458 1113 3744 1166 exstitisset
3776 1115 3978 1164 imma-

706 1200 870 1252 nitas.
901 1199 962 1252 Si
988 1215 1104 1252 vero
1139 1199 1215 1252 vel
1239 1197 1508 1251 tantillum
1537 1198 1676 1265 apud
1707 1213 1787 1250 me
1811 1198 2040 1266 cogitare
2068 1196 2242 1259 velim,
2276 1213 2379 1250 non
2401 1199 2499 1250 erit
2525 1198 2756 1251 arduum
2775 1200 3051 1266 dispicere,
3093 1199 3182 1252 cui
3204 1200 3537 1269 potissimum
3568 1187 3685 1262 hoc,
3707 1201 3974 1269 quidquid

700 1298 774 1337 est
797 1287 960 1353 prisci
997 1288 1189 1352 operis,
1226 1299 1531 1353 nuncupare
1592 1283 1828 1336 debeam.
1863 1281 1941 1336 Tu
1977 1282 2115 1333 enim
2161 1284 2609 1352 (reoerendissime
2629 1283 2816 1355 Pater)
2863 1287 2953 1350 qui
2984 1301 3124 1339 nunc
3155 1286 3363 1353 publico
3399 1285 3654 1339 Ecclesia:
3683 1285 3819 1338 b.no
3849 1287 3974 1353 feli-

702 1374 834 1424 riter
863 1372 1209 1441 prospiciens,
1270 1371 1443 1441 ὤμοις
1484 1371 1714 1439 ἐρείδεις
1768 1370 1870 1421 οὐκ
1914 1369 2221 1436 εὐάγκαλον
2253 1370 2357 1441 βάρ

2316 1388 2441 1441 ιρος,
2475 1381 2554 1436 tu,
2582 1373 2821 1441 inquam,
2867 1374 3051 1425 statim
3087 1374 3354 1434 occurris,
3389 1383 3436 1425 et
3463 1372 3642 1424 animo
3667 1373 3971 1425 obrersaris

703 1477 815 1512 meo
846 1477 865 1514 :
893 1462 971 1524 σά,
989 1477 1141 1532 quem
1171 1477 1288 1514 cum
1322 1461 1616 1530 .Gregorius
1635 1459 1951 1527 nuperrime,
1985 1469 2041 1512 nt
2069 1459 2280 1521 debuit,
2335 1458 2630 1523 dioerterit,
2682 1474 2893 1527 equum
2912 1460 3150 1527 profecto
3179 1467 3256 1510 est
3287 1467 3344 1511 ut
3396 1469 3577 1512 noster
3604 1459 3687 1512 hic
3707 1458 3967 1522 Joannes,

699 1551 789 1616 qui
825 1545 872 1600 et
905 1549 1032 1600 olim
1065 1549 1348 1600 ditzceseos
1378 1545 1980 1614 Constantinopolitanae
2016 1548 2140 1613 fuit,
2169 1557 2218 1598 et
2248 1562 2386 1599 nunc
2409 1546 2595 1598 iisdem
2630 1546 2766 1614 typis
2806 1561 3032 1599 excusus
3050 1548 3256 1614 prodit,
3300 1547 3957 1614 Constantinopolitanum

700 1627 1080 1702 patriarcham,
1113 1645 1160 1688 et
1219 1635 1493 1687 dominum
1520 1650 1673 1687 suum
1737 1634 2036 1696 comitetur,
2095 1633 2312 1701 ejusque
2355 1635 2573 1703 vestigia
2614 1633 2853 1686 studiose
2887 1635 3142 1687 observet.
3165 1633 3319 1698 Quod
3351 1635 3562 1703 quidem
3602 1646 3660 1686 ut
3691 1634 3969 1686 commod¢

700 1728 871 1788 facere
899 1725 1087 1791 possit,
1111 1723 1204 1775 tibi
1240 1723 1505 1775 humiliter
1534 1720 1848 1789 supplicare,
1881 1731 1951 1783 et,
1984 1723 2077 1773 sub
2112 1722 2189 1772 tui
2248 1721 2474 1773 nominis
2506 1721 2783 1789 auspiciis,
2813 1722 2868 1774 in
2901 1723 3171 1790 publicum
3199 1722 3516 1790 prodeundi,
3543 1722 3805 1774 desiderio
3868 1723 3970 1773 mi.

700 1814 843 1880 riﬁce
866 1813 1052 1882 gestire
1089 1811 1404 1878 jamdudum
1452 1811 1590 1863 oisus
1625 1821 1699 1862 est
1732 1825 1750 1862 :
1785 1820 2071 1877 exactaque
2093 1807 2212 1875 jam
2243 1807 2351 1872 fere
2380 1818 2673 1872 menstruo,
2721 1819 2840 1876 post
2887 1809 3187 1862 absolutum
3225 1807 3561 1877 Gregorium,
3594 1811 3790 1875 spatio,
3831 1811 3967 1861 velut

697 1915 884 1950 exosus
931 1899 1194 1966 longiores
1222 1897 1317 1950 sub
1349 1897 1511 1954 arcela
1544 1913 1741 1960 moras,
1794 1913 1930 1951 nunc
1963 1897 2183 1964 denique
2217 1895 2285 1946 τὰ
2309 1894 2352 1946 δε

2312 1894 2488 1963 δεσμὰ
2513 1893 2689 1963 ῥήξεις
2733 1895 2977 1964 κροαίνιι
3021 1896 3163 1949 κατὰ
3197 1896 3416 1960 πεδίων,
3447 1907 3496 1949 et
3527 1905 3772 1949 contento
3801 1911 3967 1948 cursu

696 1990 764 2038 ad
793 2001 946 2037 suum
976 1985 1144 2050 fertur
1187 1982 1522 2054 Gregorium.
1584 1983 1652 2036 Et
1697 1983 1906 2051 feratur
1933 1998 2080 2045 sane,
2127 1982 2285 2050 idque
2344 1983 2524 2034 studio
2559 1997 2721 2051 quam
2759 1983 2988 2035 maxime
3026 1983 3149 2037 uelit
3178 1983 3457 2050 impotenti
3486 1995 3644 2052 atque
3676 1984 3968 2051 effrenato,

704 2076 859 2127 modo
887 2075 1035 2142 prius
1077 2084 1125 2126 et
1157 2074 1298 2142 grati
1325 2072 1491 2124 animi
1542 2071 1897 2123 testimonium
1929 2071 1992 2122 de
2026 2069 2220 2136 seipso,
2257 2077 2306 2122 et
2342 2070 2597 2122 restituta
2647 2069 2750 2122 sibi
2793 2085 2930 2123 nunc
2960 2071 3182 2139 denique
3205 2072 3345 2134 uita,
3367 2071 3432 2124 ds
3472 2072 3685 2123 domino
3729 2070 3965 2122 llenrico

697 2161 925 2224 Saviiio,
957 2161 1066 2214 uiro
1096 2160 1486 2221 illustrissimo,
1522 2169 1570 2211 et
1592 2158 1659 2210 ad
1687 2160 2058 2226 propagandas
2092 2157 2297 2208 litteras
2322 2166 2470 2219 nato,
2501 2155 2768 2224 perhibeat
2798 2173 2818 2212 :
2855 2171 2947 2225 per
2973 2173 3127 2226 quem
3153 2172 3316 2210 unum
3346 2158 3553 2210 stetisse
3570 2160 3795 2220 videtur,
3832 2173 3964 2226 qua-

693 2251 868 2302 minus
900 2250 1018 2300 huic
1060 2248 1263 2300 misello
1293 2248 1346 2300 in
1377 2249 1602 2301 tenebris
1634 2259 1884 2314 perpetuo
1933 2245 2362 2298 obdormiendum
2401 2252 2559 2296 esset.
2592 2241 2776 2313 Neque
2795 2245 2934 2297 enim
2959 2244 3279 2312 sperandum
3317 2259 3551 2313 unquam
3595 2244 3721 2311 fuit,
3746 2257 3802 2296 ut
3827 2246 3967 2296 hanc

691 2337 923 2405 gratiam
986 2336 1294 2399 impetraret
1350 2339 1500 2404 παρὰ
1525 2334 1636 2385 τῶν
1664 2334 1795 2403 παρ’
1823 2335 1956 2402 ἡμῖν
1979 2332 2184 2400 ταύτης
2217 2333 2314 2400 τῆς

2307 2349 2314 2391 :
2346 2332 2612 2400 ἐργασίας
2637 2330 3081 2400 προεστηκότων,
3116 2345 3339 2401 quorum
3385 2330 3619 2402 plerique
3667 2328 3844 2385 Gresi
3870 2335 3962 2383 Ito-

696 2425 853 2475 minis
886 2424 1117 2489 artiﬁcio
1150 2423 1362 2474 minime
1387 2420 1689 2488 capiuntur,
1722 2423 1810 2472 sed
1860 2419 1954 2472 illa
1986 2421 2159 2484 potius
2190 2419 2564 2488 amplexantur
2613 2435 2732 2489 quc
2761 2420 3015 2472 Mercurii
3055 2420 3341 2484 institoris,
3372 2436 3534 2490 quam
3573 2418 3801 2475 Saturni
3831 2424 3962 2487 fano

686 2513 896 2574 aptiora
923 2512 1253 2562 ridebantur.
1313 2509 1651 2578 Quanquam,
1678 2526 1781 2562 non
1826 2521 1935 2562 tam
1980 2512 2300 2562 uehementer
2332 2509 2452 2560 huic
2475 2508 2837 2575 exoptandum
2879 2522 3111 2575 unquam
3148 2509 3274 2578 fuit,
3311 2518 3369 2562 ut
3395 2511 3532 2579 typis
3599 2508 3960 2578 evulgaretur,

691 2608 866 2663 utpote
917 2598 1006 2666 qui
1035 2599 1110 2650 vel
1141 2597 1472 2649 otiosissimis
1518 2599 1681 2649 etiam
1721 2596 2132 2648 vanissimorum
2171 2598 2443 2649 hominum
2498 2598 2712 2663 scriptis
2745 2606 2987 2661 pateant,
3028 2612 3193 2665 neque
3221 2597 3390 2650 lucem
3423 2608 3540 2664 post
3579 2598 3865 2650 diuturnas
3893 2607 3964 2648 te-

690 2681 875 2733 nebras
907 2683 1141 2748 aspicere
1187 2692 1295 2732 tant
1309 2679 1609 2746 jucundum
1639 2681 1862 2746 putavit,
1893 2695 2050 2746 quant
2078 2680 2428 2747 honorificum
2463 2693 2514 2736 et
2540 2683 2834 2752 gloriosum
2859 2699 2978 2736 cum
3007 2685 3209 2736 sanctis
3263 2685 3401 2738 hisce
3431 2684 3686 2737 Patribus
3713 2685 3965 2736 nascendi

686 2769 935 2819 societate
961 2767 1230 2835 conjungi.
1260 2766 1323 2818 ln
1379 2766 1476 2818 hoc
1498 2782 1616 2818 vero
1657 2767 1918 2834 pracipue
1955 2765 2187 2819 exsultat
2209 2778 2257 2820 et
2287 2770 2574 2838 triumphat
2595 2771 2755 2834 serio,
2785 2781 2834 2823 et
2864 2767 3241 2839 Chrgsostomo
3279 2780 3396 2839 post
3417 2772 3634 2840 aliquod
3677 2781 3880 2833 tempus
3909 2772 3962 2821 in

685 2855 958 2922 publicum
995 2870 1326 2922 processura,
1381 2853 1620 2920 officiose
1645 2869 1968 2919 prccurrere
1996 2857 2176 2923 gestit,
2216 2858 2648 2925 carminibusque
2668 2859 2722 2908 in
2747 2857 2980 2925 ejusdem
3015 2857 3266 2910 honorem
3316 2858 3426 2920 iam
3455 2859 3583 2909 olim
3635 2859 3960 2923 compositis,

682 2947 837 3012 quasi
865 2943 1080 2995 corollis
1112 2940 1428 3010 quibusdam
1455 2941 1774 3010 [laribusque
1801 2943 1912 2993 vias
1944 2951 2293 2995 consternere.
2335 2942 2486 2996 Hunc
2517 2961 2646 2998 sane
2671 2943 3162 2997 tantum'honorem
3195 2945 3400 3014 egregio
3436 2944 3521 2997 illi
3549 2946 3659 2998 tiro
3691 2956 3958 3014 acceptum

684 3034 864 3098 refert,
900 3031 1055 3093 cuius
1097 3028 1346 3097 beneﬁcio
1387 3027 1564 3094 habet,
1592 3039 1647 3081 ut
1680 3029 1844 3081 nol-ili
1885 3029 1980 3081 hoc
2010 3030 2175 3097 pratlo
2201 3030 2582 3084 cohonestetur.
2614 3030 2782 3096 Quem
2811 3033 3020 3101 quidem
3061 3034 3106 3085 si
3135 3032 3367 3084 humana
3399 3048 3520 3085 voce
3578 3032 3744 3100 affari
3764 3045 3959 3099 posset,

687 3119 874 3189 procul
931 3119 1112 3179 dubio,
1161 3119 1216 3169 in
1272 3115 1397 3168 illas
1429 3118 1616 3185 tragici
1648 3126 1813 3182 poeta:
1864 3131 2010 3169 voces
2073 3133 2341 3186 erumpere

2304 3129 2384 3184 "et,
2436 3121 2593 3188 Ζηλῶ
2622 3121 2686 3188 γέ
2713 3136 2808 3172 σου
2862 3121 2959 3190 μὶν
3001 3116 3227 3185 Ἑλλάδ’,
3268 3118 3519 3182 Ἐλλάδιες
3553 3119 3607 3172 δέ
3645 3136 3728 3172 σε.
3759 3119 3959 3173 Cetera

683 3223 801 3259 vero
835 3206 1131 3272 omniaque:
1166 3205 1219 3256 in
1274 3206 1434 3255 istum
1470 3198 1656 3255 cadere
1686 3213 1901 3270 possunt
1933 3214 2242 3257 ornamenta
2279 3208 2728 3261 reoerendissimte
2776 3208 3088 3274 paternitati
3140 3217 3325 3261 vestrae
3371 3207 3603 3260 debebit.
3625 3205 3784 3260 Hunc
3821 3210 3958 3262 enim

682 3297 945 3348 hominem
1004 3296 1238 3363 ignOtum
1291 3292 1342 3343 in
1401 3291 1699 3343 clientelam
1745 3302 1894 3342 tuam
1922 3291 2196 3344 humiliter
2229 3308 2282 3346 se
2307 3293 2685 3360 conferentem,
2718 3302 2777 3345 ut
2807 3309 2984 3362 spero,
3012 3309 3116 3346 non
3158 3296 3551 3362 aspernaberis.
3582 3310 3746 3363 neque
3779 3296 3958 3348 divelli

680 3387 818 3439 sines
849 3401 878 3435 a
913 3400 1009 3436 suo
1044 3381 1320 3451 Gregorio,
1355 3381 1446 3450 qui
1482 3379 1604 3431 huic
1641 3387 1820 3432 nostro
1853 3378 2057 3432 Joanni
2095 3397 2335 3450 sempert

2325 3383 2465 3436 uisus
2503 3391 2580 3433 est
2604 3378 2798 3450 ὥσπερ
2827 3379 2892 3444 ιε
2919 3381 3154 3451 οὐρανοῦ
3214 3381 3544 3451 προκύπτων
3593 3383 3953 3450 quine-seat.

682 3475 706 3526 l
717 3484 770 3525 ta
797 3474 934 3525 enim
1000 3473 1110 3540 ipse
1141 3472 1380 3540 loquitur
1405 3472 1475 3521 'in
1501 3471 1739 3521 oratione
1765 3467 2018 3536 quadam,
2045 3485 2204 3537 quam
2235 3473 2290 3522 in
2324 3469 2642 3521 bibliotheca
2680 3484 2780 3521 sua
2809 3478 2984 3521 seth
3025 3469 3275 3521 dominus
3308 3466 3562 3532 Saeilius,
3598 3486 3695 3524 suo
3727 3484 3959 3538 tempore

677 3564 846 3612 lucem
871 3570 1227 3628 aspecturam.
1292 3557 1361 3610 Et
1413 3573 1540 3609 sane
1564 3556 1643 3609 uel
1674 3556 1789 3609 solo
1814 3570 1976 3608 tanta
2004 3555 2220 3620 pietatis
2237 3559 2447 3610 nomine
2470 3558 2688 3626 dignum
2706 3556 2845 3608 hunc
2873 3557 3167 3624 putaverint
3198 3558 3496 3625 patrocinio
3521 3567 3610 3610 tuo
3639 3573 3657 3609 :
3683 3574 3787 3610 non
3818 3563 3956 3626 quod

675 3623 1096 3723 pusillumvhuknc
1153 3646 1583 3718 ῑαμὸειογρὰφον
1626 3661 1745 3698 eum
1799 3660 1911 3697 esse
1964 3661 2196 3712 unquam
2258 3623 2599 3709 crediderim,
2656 3646 2748 3714 qui
2785 3623 2906 3713 pari
2943 3660 3106 3712 passu
3144 3623 3264 3696 cum
3302 3645 3524 3696 summis
3584 3623 3840 3698 Ecclesitc
3875 3648 3929 3697 lu

679 3747 908 3798 minibus
943 3741 1107 3809 possit
1158 3739 1393 3790 incedere
1434 3737 1602 3804 :quid
1664 3735 1806 3786 enim
1839 3743 1989 3786 tanta
2045 3735 2285 3788 vecordia
2309 3743 2483 3802 posset
2522 3747 2634 3786 esse
2685 3733 2988 3803 furiosius?
3035 3731 3153 3787 Ima
3191 3749 3311 3788 vero
3361 3735 3500 3787 absit
3542 3744 3599 3786 ut
3646 3749 3764 3803 ego,
3791 3750 3957 3802 quan-

676 3850 788 3885 tum
826 3832 946 3884 huic
976 3827 1175 3881 homini
1211 3825 1570 3887 tribuendum,
1602 3832 1694 3874 aut
1725 3824 1780 3873 in
1806 3837 1910 3888 qua
1944 3823 2153 3874 demum
2191 3821 2359 3874 classe
2393 3819 2683 3874 censendus
2707 3822 2799 3883 sit,
2850 3820 3136 3889 deﬁniendi
3160 3830 3474 3884 potestatem
3504 3822 3633 3872 mihi
3685 3836 3952 3890 arrogem.

683 3919 861 3973 Liceat
897 3921 1106 3981 impune
1148 3913 1273 3966 aliis
1308 3911 1655 3972 ἑλλανοδίκας
1712 3909 1942 3972 ἑαυτοὺς
2002 3911 2125 3961 ἀντὶ
2163 3907 2338 3961 Θεατῶ

2298 3907 2373 3959 ὦν
2403 3906 2698 3971 ποιεῖσθαι,
2740 3917 2834 3961 aut
2867 3909 3046 3977 potius
3093 3907 3335 3977 judicent
3374 3909 3425 3960 οι
3467 3909 3537 3961 τὰ
3563 3908 3663 3978 τῆς
3702 3906 3953 3970 Ἑλλάδος

675 4014 920 4076 γλώττης
947 4002 1475 4071 συγκεκροτημένοι.
1507 3997 1611 4052 Sed
1652 4012 1958 4066 quanquam
2001 3997 2161 4064 facile
2201 3997 2330 4051 cred:

2298 3995 2516 4049 diderim
2547 3995 2666 4062 ﬁeri
2704 4010 2856 4063 posse
2887 4009 2940 4048 ut
2975 3996 3064 4049 ltic
3124 4011 3277 4064 quem
3299 4011 3392 4066 ego
3426 3995 3580 4049 valde
3607 3993 3798 4062 probo,
3840 3996 3953 4051 illis

675 4113 776 4148 non
803 4093 1018 4163 perinde
1057 4091 1303 4160 placeat;

1750 4267 1950 4321 Φαῦλοι
1980 4265 2110 4337 παρ’
2136 4266 2280 4335 ὄχλῳ
2307 4195 2899 4338 μοεέἶκῗτὲἔοῖοῗέῗὲι,

670 4425 753 4492 (ut
781 4417 995 4486 pulchre
1029 4411 1305 4479 Euripides
1336 4411 1389 4461 in
1423 4407 1759 4480 Hippolyto),
1818 4418 1992 4461 tamen
2027 4420 2074 4461 et
2107 4408 2293 4461 horum
2316 4409 2479 4461 etiam
2521 4406 2728 4459 calculo
2782 4406 2919 4458 hunc
2969 4406 3364 4474 comprobatum
3399 4405 3468 4458 iri
3514 4407 3747 4474 conﬁdo.
3777 4409 3951 4474 Quem

669 4509 880 4577 quidem
900 4515 952 4555 ut
996 4504 1188 4554 minori
1231 4515 1346 4551 cum
1384 4498 1603 4565 fastidio
1659 4497 1862 4564 possint
1915 4499 2171 4564 aspicere,
2223 4496 2402 4549 (ἐνίετε
2453 4494 2786 4548 solummodo
2829 4493 3192 4547 excudendum
3236 4494 3474 4562 judiraei
3510 4509 3530 4547 :
3562 4509 3723 4563 neque
3771 4498 3950 4549 instar

682 4590 962 4657 Virgiliani
1022 4584 1270 4637 Mezentii
1323 4595 1589 4648 exsangue
1654 4588 1702 4631 et
1769 4579 2012 4646 putidum
2047 4577 2254 4631 Latina:
2309 4583 2559 4635 versionis
2623 4584 2850 4636 cadaver
2916 4580 3102 4635 Graco
3152 4592 3319 4648 poeta:
3388 4581 3626 4634 animato
3661 4592 3711 4634 et
3771 4586 3944 4636 rit-ida

671 4679 897 4747 alligare
936 4672 1168 4726 sustinui
1199 4669 1374 4736 :quod
1394 4667 1604 4736 quidem
1669 4665 1793 4718 dum
1845 4665 2045 4733 faciunt
2099 4667 2339 4720 nonnulli
2371 4671 2666 4736 prtesertim
2701 4671 2756 4722 in
2797 4672 2991 4738 poetis,
3029 4670 3307 4722 terendum
3359 4679 3436 4722 est
3475 4685 3561 4728 ne.
3616 4679 3673 4721 ut
3728 4672 3944 4738 quidam

670 4779 695 4815 e
746 4762 1019 4823 reteribus,
1071 4774 1188 4812 cum
1247 4758 1435 4825 ignem,
1489 4754 1791 4806 cremandis
1839 4763 2165 4805 mortuorum
2217 4757 2562 4810 cadaveribus
2596 4757 2765 4826 pollui
2806 4756 3056 4822 crederet,
3111 4758 3342 4826 grauiter
3386 4768 3677 4811 commotus
3721 4759 3945 4814 Prome-

669 4853 844 4905 theum
887 4851 953 4902 ad
980 4863 1125 4916 opem
1154 4845 1422 4914 ferendant
1477 4846 1763 4894 aduocasse
1809 4841 2133 4909 perhibetur,
2165 4850 2220 4894 ut
2265 4843 2438 4912 ignem
2489 4860 2642 4914 quem
2695 4848 2760 4898 de
2807 4843 2936 4898 caelo
3000 4845 3278 4912 clepserat,
3310 4849 3428 4912 pari
3455 4847 3599 4914 furto
3627 4849 3941 4903 mos-talio"

668 4943 734 5008 tsi
779 4940 973 5006 posset)
1011 4934 1322 4987 subduceret
1352 4930 1742 4985 :consimiliter
1790 4931 1953 4981 etiam
2004 4930 2228 4982 exsistat
2269 4930 2499 5000 aliquis,
2559 4935 2650 5002 qui
2705 4932 3066 5004 tgpographite
3121 4934 3440 4987 inventorem
3495 4937 3715 4989 subinde
3767 4939 3940 4990 incla-

668 5043 812 5080 mare
849 5026 989 5089 velit,
1033 5032 1090 5075 ut
1149 5020 1456 5088 beneﬁcium
1515 5019 1611 5071 hoc
1661 5033 1818 5070 suum
1846 5019 1916 5069 ad
1975 5034 2099 5071 usus
2167 5018 2411 5088 indignos
2472 5019 2781 5074 traductum
2819 5030 3061 5090 reposcat
3094 5021 3214 5082 sibi,
3261 5032 3308 5073 et
3367 5022 3556 5075 saltem
3601 5024 3672 5074 ad
3741 5032 3940 5089 tempus

667 5115 926 5169 retrahat.
987 5110 1118 5164 Mihi
1185 5124 1304 5162 vero
1340 5108 1437 5159 hoc
1492 5107 1664 5160 solum
1696 5108 1890 5176 negotii
1938 5109 2061 5160 dari
2100 5108 2325 5173 credidi,
2376 5116 2434 5160 ut
2477 5107 2709 5162 codicem
2748 5123 2944 5173 meum,
2985 5107 3444 5173 iinpeditissi.i.um
3492 5110 3645 5162 illum
3704 5112 3938 5180 quidem,

665 5216 707 5255 et
744 5208 893 5268 longe
924 5197 1446 5268 depravatissintum,
1511 5211 1545 5247 a
1609 5195 1834 5258 mendis,
1892 5195 2066 5264 quoad
2109 5196 2228 5264 ﬁeri
2271 5205 2465 5263 potest,
2521 5204 2863 5265 repurgaturn
2915 5195 3189 5251 exhibeam
3225 5211 3244 5248 :
3275 5196 3328 5248 in
3374 5212 3476 5265 quo
3526 5200 3571 5251 si
3615 5197 3711 5250 tibi
3771 5203 3936 5268 (rere-

665 5290 974 5342 tendissime
1037 5283 1406 5351 archipratsul)
1440 5298 1652 5350 operam
1701 5298 1874 5337 meam
1920 5285 2230 5351 probavero,
2259 5300 2341 5338 me
2379 5285 2619 5338 universo
2683 5283 2780 5337 ltoc
2815 5285 3022 5353 negotio
3078 5283 3383 5352 plenissime
3437 5286 3744 5353 defunctum
3802 5303 3934 5353 esse,

663 5388 710 5428 et
750 5375 946 5427 laboris
968 5375 1174 5442 fructus
1209 5373 1497 5425 uberrimos
1522 5371 1812 5440 percepisse
1853 5372 2181 5424 arbitrabor.
2220 5371 2324 5425 Sed
2340 5372 2508 5425 sentio
2544 5387 2628 5425 me
2649 5370 2801 5439 justo
2842 5371 3129 5440 longiorem
3167 5371 3374 5439 fuisse;
3401 5374 3750 5443 quare,quod
3773 5391 3933 5428 unum

660 5471 846 5524 restat,
880 5460 1047 5514 Deum
1094 5462 1350 5528 optimum
1408 5460 1699 5512 maximum
1756 5458 2003 5524 obtestor,
2037 5469 2091 5511 ut
2124 5472 2169 5513 te
2219 5459 2470 5514 Ecclesia
2501 5474 2614 5514 sunt
2661 5459 2978 5512 incolumem
3030 5473 3190 5527 quam
3235 5460 3536 5514 diutissime
3567 5472 3824 5530 prastare
3846 5467 3932 5517 di-

697 5561 868 5602 tte'lur.

697 5569 868 5602 llﬂUl'.

660 5569 693 5624 9
1791 5637 2277 5692 Revel'cndissitllkc
2333 5635 2651 5692 Patcrmlatt
2684 5644 2878 5689 vestra:
2920 5633 3295 5689 deditissitnus

2721 5723 3036 5780 Mnruus
3062 5722 3229 5779 Busr.
