4190 6458
216 445 346 510 iii.
1487 443 1784 504 VERSUS
1824 443 2145 501 l.\.\ll'ii(.f.
3322 437 3458 500 Hi8

1362 744 1797 806 BENEVOLO
1831 742 2198 806 LECTORI.
2238 743 2301 803 S.

279 1075 398 1128 Non
430 1075 798 1139 exspectabis,
820 1075 992 1129 amice
1027 1074 1220 1136 lector,
1250 1076 1380 1130 dum
1411 1091 1510 1144 ego
1557 1077 1725 1130 libelli
1757 1077 1922 1145 hujus
1959 1079 2279 1148 elegantiam
2308 1081 2489 1135 verbis
2522 1082 2809 1148 prmdicem
2853 1082 2984 1153 :qui
3006 1082 3222 1150 quidem
3253 1083 3294 1137 si
3326 1097 3453 1150 pro-

199 1163 325 1234 pria
359 1175 413 1215 et
441 1162 620 1215 nativa
644 1163 1051 1230 puichritudine
1071 1162 1478 1226 destitueretur,
1531 1164 1760 1218 fortasse
1791 1166 2080 1220 verborum
2135 1168 2463 1222 lenocinium
2487 1184 2589 1224 non
2625 1170 2828 1225 invitus
2866 1172 3196 1231 admitteret,
3239 1180 3290 1224 ct
3317 1171 3451 1224 sub-

199 1253 458 1304 dolarum
513 1251 775 1306 mercium
813 1267 984 1311 more.
1051 1254 1342 1320 mangonio
1395 1252 1600 1320 prazlini
1642 1267 1698 1306 se
1750 1253 1892 1306 baud
1939 1255 2166 1309 moleste
2193 1255 2374 1310 ferret.
2420 1257 2519 1310 Hic
2558 1274 2685 1312 vero
2721 1258 2903 1326 seipso
2953 1270 3245 1313 contentus
3268 1258 3452 1311 fucum

203 1349 562 1407 aspernatur,
612 1338 826 1406 sibique
879 1341 1020 1406 apud
1045 1338 1338 1392 candidum
1379 1338 1635 1393 lectorem
1687 1339 1867 1393 omnia
1904 1339 2080 1394 fausta
2130 1343 2434 1410 pollicetur,
2469 1345 2515 1400 si
2549 1346 2708 1399 modo
2732 1346 2951 1400 deterso
2988 1347 3089 1400 boc
3118 1350 3225 1400 situ
3253 1348 3305 1399 in
3343 1359 3455 1413 quo

200 1439 305 1493 per
337 1433 415 1476 tot
444 1424 642 1478 secula
668 1425 868 1478 misere
897 1424 1447 1495 deformatusjacuit.
1477 1440 1640 1493 quam
1697 1426 2173 1484 emendatissimus
2197 1431 2248 1483 in
2293 1433 2565 1500 publicum
2599 1435 2844 1502 prodeat.
2880 1433 3018 1488 Huic
3051 1447 3180 1488 sane
3236 1433 3455 1499 negotio

201 1511 500 1566 insudasse
522 1526 608 1565 me
635 1510 832 1579 fateor,
884 1513 1180 1583 perfecisse
1215 1514 1361 1580 quod
1389 1513 1636 1567 volebam
1694 1527 1800 1568 non
1826 1515 2000 1568 audeo
2049 1513 2253 1570 dicere.
2284 1516 2437 1582 Quod
2486 1518 2628 1573 enim
2661 1519 2934 1574 Menelaus
2969 1522 3107 1588 apud
3142 1518 3451 1586 Euripidem

199 1597 412 1663 Oresti,
439 1599 579 1653 idem
621 1613 721 1670 ego
750 1600 873 1654 huic
897 1611 1084 1656 nostro
1121 1599 1315 1656 Joannl
1358 1601 1481 1670 jure
1508 1615 1731 1669 possum
1799 1616 1854 1655 ο(

1799 1602 2164 1658 occinere.....
2190 1604 2252 1657 οὐ
2287 1606 2392 1676 γὰρ
2421 1609 2600 1677 ῥᾴδιον
2656 1608 2824 1678 λόγχῃ
2851 1611 2951 1678 μιᾷ
2985 1607 3187 1676 Στῆσαι
3215 1607 3453 1678 τρόπαια

198 1687 316 1738 τῶν
352 1687 541 1742 κακῶν
579 1689 614 1742 ἆ
641 1706 722 1742 σοι
747 1689 919 1760 πάρα.
955 1689 1141 1758 Neque
1175 1689 1603 1756 exspectandum
1656 1687 1787 1742 mihi
1839 1704 1853 1741 t

1839 1698 1956 1742 erat
2010 1699 2067 1743 ut
2122 1691 2284 1746 unius
2348 1694 2702 1764 ejusdemque
2765 1693 3202 1762 depravatissimi
3249 1691 3455 1747 codicis

200 1773 477 1828 lieneticio
508 1789 700 1829 omnes
733 1790 853 1842 quae
886 1777 975 1830 hic
1014 1775 1430 1844 reperiebantur
1479 1776 1706 1829 maculae
1737 1775 1953 1843 penitus
2006 1776 2336 1832 eluerentnr.
2368 1778 2509 1835 Salis
2558 1781 2802 1850 profecto
2826 1782 2951 1844 erit,
2986 1783 3028 1834 si
3061 1795 3229 1849 pauca
3261 1778 3450 1832 admo-

200 1862 338 1914 dum
371 1871 599 1924 restent,
631 1877 752 1931 quae
774 1863 1368 1931 alterius-exemplaris
1401 1875 1504 1931 ope
1551 1860 1796 1930 indigere
1819 1863 2104 1918 videantur
2147 1885 2159 1918 :
2188 1868 2332 1934 quod
2367 1868 2584 1936 quidem
2625 1869 2706 1938 (ut
2746 1870 2926 1938 spero)
2950 1870 3131 1922 exitus
3157 1869 3271 1935 ipse
3300 1880 3455 1919 coni-

203 1948 486 2018 probabit.
541 1947 652 2003 Hoc
714 1959 860 2004 certe
911 1953 1184 2018 proliteor,
1217 1949 1408 2004 sedulo
1463 1963 1550 2002 me
1579 1951 1814 2011 cavisse,
1839 1963 1906 2002 ne
1934 1951 2124 2005 critica
2156 1954 2654 2026 πολυπραγμοσύνῃ
2687 1957 2898 2024 plagam
2925 1956 3088 2010 ullam
3117 1953 3453 2021 inlligerem;

205 2050 391 2104 neque
420 2036 565 2088 enim
601 2037 1052 2090 committendum
1085 2037 1292 2105 putavi,
1323 2045 1404 2102 ut,
1437 2034 1541 2088 nisi
1569 2034 1662 2088 ubi
1704 2037 2001 2091 necessitas
2043 2039 2155 2107 ipsa
2192 2039 2480 2110 flagitaret,
2509 2043 2576 2096 ab
2607 2043 2900 2113 exemplari
2939 2043 3298 2096 discederem.
3347 2038 3457 2091 Ila.

205 2122 411 2177 iiifcsta
465 2133 518 2178 et
570 2139 755 2178 crassa
795 2125 1000 2179 librarii
1048 2132 1250 2188 errata,
1283 2139 1404 2192 qua:
1426 2124 1480 2176 in
1536 2122 1638 2176 hoc
1673 2131 1782 2176 tam
1805 2123 2013 2179 minuto
2038 2126 2218 2181 libello
2248 2143 2404 2182 erant
2432 2130 2584 2184 valde
2613 2145 2925 2192 numerosa,
2963 2129 3135 2198 piguit
3167 2138 3452 2182 annotarc.

203 2210 446 2274 Cmtera,
486 2212 552 2265 de
603 2212 800 2279 quibus
826 2213 1102 2282 ambigere
1167 2213 1294 2282 quis
1316 2212 1438 2278 jure
1487 2218 1691 2279 posset,
1722 2211 1842 2263 loco
1872 2226 2087 2265 movere
2113 2229 2218 2268 non
2268 2217 2525 2270 sustinui.
2555 2215 2688 2270 Illud
2722 2231 2851 2270 vero
2882 2217 2947 2270 de
2971 2233 3082 2285 quo
3110 2215 3379 2282 prmeipue
3406 2221 3457 2265 te

208 2299 498 2353 admoneri
521 2299 704 2368 cupio,
731 2299 835 2353 hoc
864 2301 1086 2357 unicum
1110 2309 1216 2357 est.
1247 2297 1502 2353 Ordinem
1539 2313 1698 2367 quem
1737 2298 1790 2351 in
1827 2300 2198 2368 manuscripto
2230 2302 2412 2356 codice
2449 2305 2643 2370 reperi,
2675 2318 2705 2356 a
2739 2319 2824 2356 me
2860 2317 3082 2372 prorsus
3110 2301 3454 2354 immutatum

208 2402 334 2442 esse
359 2387 520 2450 scito,
543 2398 634 2443 aut
665 2389 865 2457 potius,
889 2390 1069 2443 omnia
1087 2403 1207 2458 quas
1225 2387 1374 2456 prius
1401 2387 1553 2440 valde
1574 2384 1800 2439 confusa
1825 2394 2000 2447 erant,
2035 2387 2088 2438 in
2119 2388 2282 2446 hunc.
2307 2405 2466 2456 quem
2499 2391 2667 2457 vides,
2702 2391 2949 2443 ordinem
2975 2390 3194 2442 reducta
3216 2401 3332 2440 esse
3351 2387 3451 2453 (α),

209 2475 402 2544 Neque
428 2477 569 2529 enim
594 2475 738 2529 volui
770 2477 822 2531 in
849 2491 906 2530 re
937 2485 1044 2529 tam
1080 2475 1380 2544 explorata,
1411 2481 1504 2526 aut
1524 2472 1731 2542 judicio
1756 2487 1875 2527 meo
1914 2473 2174 2534 difﬁdere.
2217 2487 2310 2528 aut
2335 2479 2511 2530 vereri
2543 2493 2607 2530 ne
2633 2477 2835 2532 factum
2872 2477 2973 2531 hoc
3004 2490 3183 2529 meum
3211 2475 3305 2528 tibi
3333 2487 3456 2542 pro-

208 2563 341 2616 lure
369 2577 477 2616 non
535 2577 773 2632 possem.
832 2563 1002 2629 Quem
1037 2563 1271 2633 quisque
1322 2575 1516 2615 versus
1558 2562 1732 2614 locum
1782 2559 1836 2612 in
1903 2564 2273 2633 manuscripto
2321 2565 2509 2621 codice
2548 2567 2855 2636 occupavit,
2887 2567 3100 2620 numeri
3137 2567 3188 2618 in
3216 2563 3458 2630 margini:

206 2651 445 2719 appositi
472 2651 712 2704 indicant
740 2667 756 2706 :
789 2667 1025 2720 quorum
1055 2666 1251 2704 seriem
1291 2651 1450 2703 toties
1503 2649 1861 2716 interruptam
1903 2649 2121 2705 miraris
2148 2661 2233 2706 sat
2273 2653 2388 2707 scio
2419 2670 2435 2706 :
2473 2669 2660 2708 verum
2691 2670 2757 2708 ne
2784 2655 2836 2707 in
2893 2669 3081 2708 eorum
3113 2653 3301 2706 ordine
3338 2666 3458 2719 pere

206 2738 548 2808 vestigando,
609 2741 807 2794 frustra
871 2751 922 2793 te
966 2739 1158 2808 fatiges
1202 2750 1254 2794 et
1286 2750 1563 2807 torqueas,
1593 2751 1705 2788 rem
1738 2745 1904 2791 totam
1933 2738 2004 2792 ita
2041 2739 2294 2809 expedire
2320 2741 2492 2794 visum
2529 2752 2630 2795 est.
2667 2740 2894 2806 Quoties
2923 2754 3270 2794 numerorum
3305 2737 3457 2788 ordi-

208 2841 336 2878 nem
381 2826 744 2896 interruptum
803 2828 1224 2890 animadvertes,
1277 2840 1496 2879 recurre
1545 2824 1727 2878 statim
1781 2825 1848 2876 ad
1882 2833 2038 2880 notas
2088 2842 2208 2895 quae
2240 2827 2316 2879 illi
2367 2827 2574 2896 pagina!
2615 2828 2966 2897 respondent,
2999 2827 3070 2880 ibi
3102 2827 3245 2880 enim
3277 2825 3454 2877 locum

206 2914 557 2983 designatum
589 2915 776 2978 habes,
809 2915 860 2968 in
890 2929 996 2984 quo
1030 2915 1149 2969 sine
1180 2914 1373 2983 majori
1412 2912 1658 2966 molestia
1690 2911 1780 2964 illa
1824 2913 2062 2980 reperies
2101 2927 2222 2981 quas
2255 2913 2306 2966 in
2339 2915 2632 2981 exemplari
2659 2917 2903 2984 proxime
2939 2914 3324 2981 sequebantur.
3347 2911 3457 2963 liac

204 3014 311 3067 ego
340 2999 480 3054 serie
513 3000 772 3070 disposita
799 3001 851 3056 in
878 3002 1246 3070 manuscripto
1281 3001 1466 3056 codice
1496 2999 1668 3068 reperi
1703 3000 1910 3062 omnia,
1933 3013 2054 3065 qua:
2079 2999 2123 3052 si
2163 3002 2376 3054 erudito
2415 3003 2670 3070 cuiquam
2719 3003 2952 3073 placere,
2975 3009 3070 3055 ant
3106 2997 3454 3055 commodum

207 3088 449 3157 aliquem
477 3102 699 3144 sensum
735 3090 1081 3157 suppeditare
1110 3090 1330 3160 poterit,
1360 3103 1582 3142 causam
1621 3102 1727 3140 non
1751 3086 1895 3147 dico,
1921 3087 2050 3152 quin
2078 3089 2218 3156 apud
2249 3104 2438 3144 OlllnCS
2463 3091 2728 3144 litteratos
2763 3106 2888 3144 rens
2921 3105 3168 3160 peragar,
3197 3089 3271 3149 ὡς
3297 3088 3455 3140 αὐτοι

209 3176 510 3245 σχεδιάζων
540 3177 622 3239 εἰς
672 3178 739 3230 τὰ
770 3177 876 3229 τῶν
922 3175 1191 3245 Ἑλλήνων
1250 3175 1637 3245 ὑπομνήματα.
1685 3175 1864 3226 Octoc

1798 3188 1816 3225 )
1841 3173 1986 3226 enim
2043 3175 2306 3230 immanes
2330 3177 2509 3230 hiatus
2541 3179 2747 3232 videbis
2778 3195 2792 3244 ;
2829 3180 2920 3247 qui
2945 3176 3160 3246 quidem
3188 3189 3377 3228 omnes
3402 3175 3453 3227 in

208 3277 336 3316 meo
395 3264 582 3317 codice
609 3278 712 3316 non
743 3264 900 3332 longe
945 3263 1219 3318 aberanta
1243 3263 1450 3331 pagina:
1490 3263 1689 3325 medio,
1723 3276 1830 3314 non
1880 3265 2164 3325 asterisco,
2200 3279 2306 3318 non
2339 3265 2444 3319 alia
2481 3266 2673 3334 quavis
2703 3274 2829 3318 nota
2860 3263 3158 3333 conspicui,
3185 3262 3276 3316 sed
3328 3277 3457 3314 ser.-

205 3351 397 3405 tentize
427 3351 764 3406 mutilatione
789 3353 920 3406 satis
977 3351 1270 3406 manifesti.
1309 3351 1590 3406 Lectorein
1641 3352 1786 3404 enim
1822 3348 1877 3402 in
1909 3351 2083 3404 media
2141 3351 2366 3420 periodo
2415 3353 2736 3422 pendentem
2768 3353 3012 3421 plerique
3045 3351 3369 3412 destituunt,
3401 3359 3456 3402 et

209 3447 437 3506 repente
478 3438 531 3491 in
580 3439 806 3494 alterius
859 3439 1062 3508 periodi
1108 3454 1139 3494 a
1175 3439 1356 3508 priore
1389 3453 1612 3508 prorsus
1659 3437 1847 3490 aliena
1895 3436 2134 3490 medium
2165 3439 2523 3508 pra-cipitant.
2576 3438 2937 3508 llujnsmntae
2982 3437 3322 3493 confusionis
3348 3435 3458 3488 ori-

209 3531 395 3598 ginem
433 3531 485 3582 in
517 3529 626 3583 alio
649 3530 816 3598 priori
844 3529 1032 3583 codice
1075 3531 1447 3598 manuscripto
1497 3527 1774 3582 exstitisse
1834 3524 2100 3590 coniicio:
2128 3526 2184 3580 in
2219 3541 2328 3595 quo
2371 3527 2590 3594 quidem
2637 3527 2839 3580 chartae
2866 3540 3081 3590 omnes,
3110 3533 3304 3594 prmter
3347 3524 3454 3588 μία

211 3632 360 3670 mam
410 3625 464 3671 et
503 3619 750 3671 ultimam
806 3616 1069 3681 confusi»,
1125 3627 1290 3686 atque
1343 3617 1534 3672 ordine
1591 3619 1927 3684 praepostero
1967 3620 2261 3678 compacta:
2313 3611 2483 3665 fuisse
2543 3611 2815 3665 videntur.
2850 3608 2988 3664 llinc
3013 3611 3141 3664 dum
3175 3612 3450 3678 imperim.-

213 3702 402 3755 nescio
462 3703 584 3772 quis
620 3703 876 3759 librarius
926 3705 1166 3759 codicem
1213 3704 1358 3758 bunc
1392 3717 1572 3756 meum
1604 3700 1900 3762 describit,
1932 3712 2106 3767 neque
2138 3701 2386 3754 eumdem
2419 3715 2675 3754 versuum
2709 3713 2994 3754 numerum
3020 3713 3180 3768 quem
3233 3700 3298 3750 τὰ
3324 3699 3456 3751 ἀλκὶ-

213 3809 406 3860 τραφα
440 3792 730 3855 habebant,
769 3795 1064 3865 unicuique
1093 3795 1301 3865 paginae.
1335 3792 1604 3857 attribuit,
1632 3791 1731 3845 has
1754 3788 1886 3842 mihi
1917 3787 2168 3841 tenebras
2191 3787 2404 3856 ofl‘udit,
2445 3789 2644 3857 quibus
2671 3800 2820 3844 certe
2865 3788 3176 3857 aliquandiu
3210 3787 3456 3856 oppletus

215 3878 542 3946 scriptorem
602 3880 748 3934 hunc
803 3896 899 3950 pro
952 3882 1231 3950 deplorato
1288 3879 1450 3935 habui
1486 3897 1499 3932 :
1529 3878 1743 3932 tandem
1785 3890 1941 3939 vero,
1989 3875 2171 3928 divina
2202 3877 2375 3944 gratia
2430 3875 2672 3946 adjutus,
2728 3876 2947 3945 dispuli,
2996 3874 3451 3943 hnjnaqneliln-h:

217 3967 464 4018 membra
499 3975 606 4020 tam
643 3970 838 4023 misere
883 3969 1096 4022 divulsa
1126 3969 1191 4022 ad
1232 3969 1377 4022 hunc
1403 3966 1622 4019 modum
1646 3962 1937 4031 digerenda
1978 3976 2101 4015 esse
2135 3963 2403 4032 perSpexi.
2439 3963 2512 4018 De
2563 3964 2648 4020 bis
2680 3973 2731 4018 te
2762 3961 3212 4033 przemoncnduni
3247 3962 3455 4028 putari,

217 4055 293 4107 mi
318 4051 512 4110 Lector
537 4073 550 4109 :
577 4065 633 4109 tu
666 4056 871 4112 nostris
896 4057 1180 4112 conatibus
1214 4056 1352 4120 fave,
1384 4063 1438 4111 et
1467 4054 1602 4108 vale.
1643 4053 1684 4106 E
1715 4050 1939 4121 collegio
1967 4047 2484 4123 chaliCantahi-ig.

286 4272 355 4330 (α)
403 4270 453 4339 [η
487 4270 713 4339 ,Εεδδτεο
731 4271 936 4339 _c0:_|icc.
959 4286 1107 4335 quem
1131 4275 1417 4339 Lambecius
1443 4277 1725 4339 (Comment.
1758 4279 1820 4330 de
1852 4276 2146 4329 Bibliotheca
2175 4280 2418 4339 Catane,
2437 4274 2525 4326 lib.
2549 4274 2655 4334 p.l,
2683 4271 2790 4339 hi9)
2818 4270 3210 4339 describit,_t-am
3245 4280 3451 4317 cernere

220 4341 298 4400 est
341 4334 525 4400 ordinis
558 4330 1138 4400 perturbatioiiem'quam
1168 4338 1349 4386 Bustus
1370 4342 1418 4386 in
1448 4330 1541 4387 suo
1572 4341 1742 4388 codice
1781 4342 2080 4390 lamentatur
2105 4346 2159 4400 et
2197 4352 2282 4400 pro
2316 4330 2510 4400 viribus
2539 4330 2808 4400 emendare
2832 4333 3035 4400 studuit.
3070 4330 3208 4378 Unde
3232 4344 3429 4400 apparet

220 4393 284 4438 ab
316 4392 494 4463 eodem
540 4392 810 4456 archetypo
837 4392 1110 4463 deductum
1154 4410 1265 4446 esse
1313 4405 1594 4463 utrumque,
1634 4407 1688 4450 ct
1729 4403 1976 4453 Lambecii
2043 4392 2236 4450 scilicet
2277 4409 2330 4448 et
2381 4399 2514 4449 llustl
2557 4393 2834 4455 exemplar,
2873 4399 2955 4441 aut
2999 4397 3214 4455 ipsorum
3249 4398 3438 4439 alterno.

220 4457 432 4502 alterius
472 4467 582 4504 esse
623 4457 954 4517 apOgraphum
