4182 6454
195 436 335 499 H53

375 546 456 598 Τὰ
489 547 666 600 πάντα
690 545 920 616 φροῦδα,
963 546 1140 599 πάντα
1172 544 1368 612 φάσμα
1396 541 1728 609 φασμάτων,

372 638 548 690 ψανὲν
581 656 631 690 τι
668 638 887 708 μικρὸν,
919 637 1014 690 καὶ
1045 634 1317 705 παρελθὸν
1346 632 1570 692 αὐτίκα,

378 731 446 801 Ἦ
474 727 682 799 μᾶλλον
722 731 920 793 εἰπεῖν,
951 729 1128 781 ταῦτα
1163 727 1262 796 μὲν
1292 725 1359 794 ζῇ
1383 725 1476 777 καὶ
1498 721 1662 773 πάλιν
1682 735 1695 747 ·

367 822 448 873 Οὐ
480 822 589 892 γάρ
629 821 881 890 πέφυκεν
913 821 1084 890 ἁρετὴ
1117 819 1374 888 θνήσκειν
1405 818 1563 877 ὅλως.

229 914 336 969 885
381 913 538 982 Ἔχει
569 913 624 966 δὲ
655 914 746 966 τὸν
771 913 902 981 χοῦν
932 914 966 980 ή
998 910 1177 980 φθορά
1220 909 1386 961 πάλιν
1409 909 1594 976 μόνον,

382 1007 505 1075 Ἀφ’
533 1000 603 1077 ἧς
627 1005 863 1072 ὑπέστη,
891 1005 987 1056 καὶ
1019 1002 1155 1072 πρὸς
1186 1002 1256 1070 ἣν
1288 1000 1643 1069 ὑποστρέφει.

371 1098 585 1152 Οὐκοῦν
610 1115 663 1150 τι
687 1098 861 1150 δεινὸν
895 1096 1054 1164 ἔσχεν
1079 1097 1108 1147 ὀ
1141 1094 1363 1162 κρυδεὶς
1393 1092 1571 1159 τάφῳ,

384 1191 526 1244 Ἀλλ’
557 1193 585 1243 ὁ
617 1189 905 1260 στερηθεὶς
927 1185 1022 1239 τοῦ
1051 1186 1218 1239 καλοῦ
1247 1186 1440 1238 τούτου
1481 1183 1614 1253 βίος,

369 1284 629 1337 Τοιοῦτον
659 1282 812 1334 οὐδὲν
839 1279 970 1334 ἄλλο
995 1295 1048 1332 τι
1079 1277 1301 1347 βλέπειν
1326 1276 1488 1345 ἔχων.

230 1376 336 1431 δῦῦ
375 1376 574 1429 Καίτοι
615 1391 679 1442 γε
709 1373 922 1426 πολλῶν
945 1372 1072 1444 άρτι
1100 1370 1340 1441 χρῄζων,
1367 1368 1592 1423 εἰκότως
1623 1381 1637 1397 ·

383 1463 868 1535 Ἐπικρατούντων
896 1461 1178 1530 πανταχοῦ
1204 1459 1314 1513 τῶν
1339 1456 1600 1527 χειρόνων
1624 1473 1640 1489 ο

375 1555 545 1609 Ὅθεν
577 1556 640 1608 τὸ
665 1557 902 1625 πρᾶγμα
935 1554 1131 1616 πένθος
1164 1554 1386 1622 ἡγεῖται
1416 1548 1581 1618 μέγα,

375 1648 489 1701 Καὶ
512 1649 604 1700 τὸν
635 1646 868 1699 θανόντα
895 1646 1178 1708 κόπτεται,
1209 1641 1307 1696 καὶ
1325 1641 1574 1710 δακρύει,

377 1737 550 1800 Εἰδὼς
583 1739 851 1806 μεγίστην
876 1739 944 1806 ἣν
976 1735 1188 1804 ὑπέστη
1223 1733 1448 1802 ζημίαν.

319 1829 460 1898 Λιτ.
509 1832 874 1898 Ἐπιτύμίΐιοι
913 1832 1000 1894 είς
1048 1830 1154 1881 τὸν
1193 1825 1651 1895 Χαρτοςςύλακίι.

229 1923 335 1976 ἓεεὶὸ
448 1923 687 1986 Πένθους
709 1925 738 1977 ὁ
770 1923 985 1991 καιρὸς,
1018 1918 1310 1991 συμφορᾶς
1339 1916 1400 1968 τὸ
1427 1914 1650 1984 χωρίον,

376 2017 489 2069 Καὶ
510 2014 867 2084 δυστυχοῦσιν
896 2015 1064 2085 ἀρετή
1089 2029 1148 2064 τε
1177 2012 1270 2064 καὶ
1297 2009 1464 2078 λόγοι.

371 2108 448 2162 Τὸ
471 2107 623 2174 σφῶν
654 2108 763 2178 γὰρ
791 2108 976 2168 αὐτοῖς
1002 2105 1210 2174 οἴχεται
1246 2102 1391 2170 μέγα
1424 2100 1649 2170 κράτος.

372 2199 514 2264 Ἤδη
550 2199 831 2260 πεσόντος,
869 2196 942 2257 ῶς
975 2198 1133 2266 δρᾷς,
1173 2193 1451 2256 Ἰωάννου,

383 2290 638 2343 Ἰωάννου
671 2290 955 2351 πεσόντος,
983 2287 1153 2357 οἴμοι,
1194 2285 1290 2339 τοῦ
1316 2285 1481 2338 πάνυ.

223 2383 333 2438 900
370 2376 442 2436 Ὠ
473 2381 674 2452 καρδία
715 2380 986 2449 σείσθητι,
1023 2379 1116 2432 καὶ
1139 2377 1444 2450 θραύσοητί
1476 2393 1592 2448 μοι,

369 2478 708 2547 Πλήττοντος
738 2476 883 2528 οὕτω
912 2473 1134 2544 καιρίαν
1167 2489 1227 2526 σε
1257 2473 1352 2526 τοῦ
1383 2472 1564 2540 λόγου.

382 2571 547 2642 Ἀνὴρ
582 2571 744 2638 σοφὸς
777 2567 1060 2638 τέθνηκεν,
1089 2564 1136 2618 ῶ
1173 2569 1273 2635 τῆς
1314 2565 1519 2637 ζημίας
1541 2581 1555 2595 ⁶

381 2664 547 2734 ’Δνὴρ
576 2663 806 2726 δίκαιος,
837 2663 1094 2735 εὐλαϐὴς,
1131 2663 1236 2733 φεῦ
1274 2665 1364 2718 τοῦ
1401 2665 1628 2730 πάθους.

380 2757 442 2810 '0
471 2756 838 2827 χαρτοφύλαξ,
872 2755 918 2808 ὣ
944 2773 1191 2824 στυγνων
1230 2761 1622 2828 ἀκουσμάτων,

222 2851 332 2908 965
382 2851 442 2904 ’0
468 2848 838 2920 χαρτοφὺὶ.αξ,
868 2843 932 2904 οῦ
962 2849 1022 2901 τὸ
1056 2852 1184 2919 πρὶν
1228 2852 1373 2921 μέγα
1405 2853 1582 2917 κλέος,

367 2944 443 2996 Τὸ
478 2946 574 2994 καὶ
607 2943 744 3012 πρὸς
779 2941 944 2994 αὑτὸν
982 2941 1212 3010 οὐρανὸν
1246 2943 1433 3011 τρίτον
1459 2945 1683 3013 φθάνον,

367 3035 483 3088 Καὶ
512 3034 611 3104 τὴν
641 3034 870 3104 ἄπειρον
895 3033 1000 3102 γῆν
1027 3035 1156 3104 ὅλην
1189 3037 1540 3108 περιτρέχον,

374 3127 439 3180 Εἰ
459 3128 552 3180 καὶ
593 3126 785 3197 βραχεῖ
809 3126 903 3178 νῦν
944 3126 1387 3193 συγκαλύπτεται
1410 3131 1586 3201 τάφῳ.

366 3217 550 3284 Τάφος
578 3219 689 3285 γάρ
718 3218 882 3270 αὑτὸν
910 3218 1068 3284 ἔσχεν
1097 3217 1170 3282 ῶς
1207 3217 1421 3288 θνητῶν
1453 3221 1570 3286 ἕνα,

189 3374 573 3430 tantummodo
625 3374 990 3443 primicerius,
1049 3387 1247 3429 nomen
1303 3375 1467 3431 rebus
1520 3376 1774 3432 ﬁrmavit.

186 3465 314 3518 ll.ec
361 3465 581 3533 quidem
642 3463 798 3517 heri:
835 3465 931 3518 sed
997 3465 1125 3533 quid
1163 3465 1363 3520 hodie?
1419 3469 1626 3522 umbrae
1692 3484 1778 3523 so.

185 3555 426 3608 iunium.
489 3552 684 3607 Omnia
736 3569 914 3620 vana;
984 3556 1170 3609 omnia
1209 3557 1508 3610 vanitatum
1544 3569 1775 3625 vanitas,

186 3646 468 3700 modicum
525 3647 657 3715 quid
683 3663 953 3715 apparens
983 3657 1036 3701 et
1066 3650 1247 3702 statim
1266 3663 1620 3704 evanescens.
1655 3650 1773 3716 Vel,

187 3749 246 3794 ut
281 3739 482 3793 melius
513 3740 729 3808 loquar,
758 3740 873 3793 haec
901 3741 1128 3809 quidem
1161 3756 1379 3794 rursum
1401 3741 1589 3796 vivunt
1621 3758 1635 3794 :
1672 3743 1781 3795 vir-

188 3840 276 3885 tus
324 3831 472 3885 enim
521 3845 628 3884 non
688 3832 914 3883 omnino
965 3831 1232 3884 moritura
1286 3841 1411 3884 nata
1436 3846 1541 3886 est.
1565 3832 1777 3902 Corpus

186 3931 372 3977 autem
439 3931 649 3975 tantum
705 3922 936 3975 resumit
987 3922 1290 3990 corruptio,
1338 3938 1369 3975 a
1420 3938 1524 3991 qua
1554 3924 1780 3987 exiit,et

187 4014 241 4068 in
274 4029 444 4084 quam
470 4013 786 4067 revertitur.
810 4011 956 4065 Nihil
987 4027 1118 4078 ergo
1148 4013 1350 4066 iuni-sti
1381 4012 1548 4066 subiit
1569 4013 1780 4066 tumulo

187 4105 469 4168 conditus,
531 4105 627 4158 sed
687 4103 926 4157 mundus
977 4107 1078 4156 hoc
1130 4104 1274 4156 bono
1314 4103 1580 4171 privatus,
1646 4107 1779 4160 nihil

185 4199 335 4252 aliud
363 4199 542 4250 simile
571 4197 878 4266 possidens.
903 4196 1156 4248 Attamen
1175 4195 1516 4250 multisuunc
1539 4197 1775 4266 indiget;

187 4303 296 4342 non
324 4287 558 4349 mirum,
590 4285 748 4339 malis
784 4285 984 4351 ubique
1016 4284 1444 4338 dominantibus.
1487 4285 1614 4338 ldeo
1665 4302 1776 4340 rem

185 4391 450 4448 magnum
505 4376 738 4430 aestimat
770 4389 1082 4437 mmrorem,
1120 4384 1511 4444 mortuumque
1572 4379 1781 4446 plangit

185 4485 251 4525 ac
274 4472 633 4540 laerytnatur,
659 4467 958 4520 maximum
991 4466 1135 4535 quod
1171 4465 1335 4518 subiit
1359 4466 1616 4519 damnum
1655 4482 1775 4521 sen-

187 4561 358 4616 tiens.

405 4649 642 4704 XXXVI.
675 4649 1020 4718 Epitaphium
1042 4650 1095 4702 in
1123 4647 1583 4720 Cartophylaccm.

260 4746 510 4801 Maeroris
537 4756 769 4813 tempus,
799 4758 1056 4796 aerumna:
1081 4743 1255 4798 locus.
1286 4743 1474 4798 lacent
1523 4745 1698 4797 virtus
1727 4753 1782 4798 et

182 4838 385 4888 litterae
420 4833 662 4901 :quibus
691 4833 869 4884 ablata
905 4841 987 4885 est
1019 4845 1213 4900 magna
1255 4841 1515 4899 potestas,
1539 4844 1778 4895 mortuo,

180 4928 298 4996 jam
345 4936 403 4979 nt
431 4925 600 4988 vides,
645 4921 876 4984 Joanne,
920 4924 1097 4976 eheu!
1151 4922 1551 4978 illustrissiino.
1579 4922 1624 4978 Ο
1659 4942 1777 4990 eor,

185 5032 536 5074 commovere
591 5031 656 5071 ac
711 5025 1017 5080 conterere,
1073 5026 1127 5070 et
1177 5031 1366 5071 aurem
1427 5018 1627 5084 praebe.
1688 5015 1779 5070 Vir

184 5111 411 5179 sapiens
435 5117 688 5162 mortuus
725 5118 810 5162 est
834 5122 849 5161 :
875 5110 1008 5176 proh
1043 5106 1232 5160 dolor!
1275 5106 1357 5159 vir
1382 5106 1583 5174 justus,
1615 5106 1780 5160 bene-

184 5201 350 5264 ﬁcus,
394 5199 593 5253 cecidit
632 5199 938 5253 :omnibus
995 5196 1220 5252 ﬂebilis!
1276 5194 1682 5266 Cartophylax,
1744 5214 1778 5249 o

185 5291 468 5347 funestum
514 5291 804 5345 nuntium!
843 5290 1230 5360 CartOpbylax,
1276 5289 1436 5359 Cujus
1464 5299 1623 5342 antea
1656 5306 1774 5343 nia-

186 5399 297 5454 gna
366 5395 484 5438 erat
532 5383 725 5453 gloria,
762 5393 1193 5458 perveneratque
1224 5380 1293 5435 ad
1338 5381 1560 5434 tertium
1603 5396 1776 5450 usque

183 5479 414 5544 coelum,
450 5492 513 5532 ac
553 5487 725 5532 totum
748 5478 934 5532 orbem
963 5484 1231 5531 terrarum
1285 5474 1592 5538 circuierat,
1626 5474 1772 5527 brevi

188 5581 340 5623 nunc
389 5570 581 5640 tegitur
628 5571 861 5624 tumulo.
895 5565 1165 5622 Tumulus
1221 5563 1364 5620 enim
1403 5564 1580 5633 ipsum
1612 5564 1775 5618 habet

187 5674 455 5735 tanquam
513 5680 681 5719 unum
708 5678 775 5719 ex
829 5661 1175 5725 mortalibus,
1221 5659 1323 5716 etsi
1351 5657 1636 5713 mortalem
1661 5671 1770 5712 non

256 5824 303 5854 δ’
326 5819 417 5873 ῖσ.
443 5819 621 5872 πλέον.

1511 428 1804 490 VERSUS
1837 429 2157 489 lAMUlCl.

1812 546 1859 602 Α
1925 537 2028 591 219
2067 539 2186 591 Κᾶν
2217 540 2316 591 οὒκ
2347 537 2509 606 ἐῴκει
2534 536 2633 606 τὴν
2665 535 2828 605 φύσιν
2855 533 3055 604 θνητὴν
3089 533 3253 601 ἔχειν.

1808 3227 1855 3288 C

3334 423 3470 487 1154

2067 628 2319 698 Βροντῶν
2361 629 2461 698 μὲν
2491 628 2681 698 ὥσπερ
2722 631 2788 682 ἐκ
2819 628 2998 696 νεφῶν
3024 631 3082 682 ὲν
3130 631 3240 690 τοῖς
3267 628 3466 698 λόγοις,

2070 724 2292 793 Ἔργων
2329 721 2385 774 δὲ
2414 722 2799 792 λαμπρότησιν
2832 723 3166 793 ἀστράπτων
3199 723 3244 755 δ’
3281 723 3406 775 «iis.
3453 782 3457 786 _

2063 816 2174 866 Kal
2202 815 2342 884 πρὸς
2366 813 2503 866 Θεοῦ
2539 815 2777 883 μίμησιν
2807 812 3190 887 ἡκριξωμένος
3218 835 3230 846 ·

2065 905 2338 958 Τοσοῦτον
2367 907 2514 976 ἡμᾶς
2536 909 2662 971 τοὺς
2684 909 2858 978 χαμαὶ
2885 909 3085 961 λείπων
3119 914 3256 963 accito
3281 955 3290 964 .

1923 995 2030 1050 9l5
2068 996 2235 1050 Ὅσον
2274 997 2552 1065 συνῆπται
2590 999 2911 1068 πλησιάζων
2944 1002 3056 1062 τοῖς
3090 1003 3220 1057 ἄνω.

2062 1090 2336 1159 Λαμπροῦ
2371 1091 2489 1160 βίου
2520 1108 2581 1144 τε
2617 1094 2709 1146 καὶ
2744 1093 2906 1162 λόγου
2947 1095 3230 1159 κοινωνίᾳ.

2062 1182 2241 1237 Τανῦν
2278 1185 2334 1236 δὲ
2359 1183 2533 1239 ταῦτα
2569 1185 2768 1256 μικρὸς
2792 1187 2988 1256 ήλεγξε
3019 1187 3236 1258 χρόνος,

2060 1271 2440 1342 Διαρῤυὲντων
2469 1273 2668 1344 ἀθρόον
2701 1274 2924 1330 πάντων
2955 1279 3095 1346 ἅμα,

2062 1364 2175 1416 Καὶ
2207 1364 2300 1417 τὸν
2333 1365 2460 1435 χθὲς
2487 1367 2797 1434 αὐγάζοντα
2839 1369 3066 1440 φαιδρὸν
3096 1371 3305 1442 ἀστέρα

1921 1453 2026 1508 920
2065 1453 2243 1508 Δῦντα
2279 1457 2532 1525 πρόωρον
2559 1451 2716 1523 οὗτος
2747 1460 2951 1531 ἔκρυψε
2985 1462 3176 1527 τόπος,

2079 1542 2281 1613 ’Δστὴρ
2311 1544 2434 1612 μὲν,
2467 1544 2582 1598 ἀλλ’
2612 1548 2928 1616 ἧστραπτεν
2960 1551 3115 1622 ἡλίου
3151 1552 3332 1615 πλέον,

2065 1636 2338 1705 Πρόσγεια
2379 1637 2634 1707 λάμπων,
2662 1639 2802 1692 ἀλλὰ
2840 1634 3006 1696 νικῶν
3036 1645 3163 1706 τοὺς
3193 1646 3329 1710 ἀνω,

2063 1729 2196 1795 Καὶ,
2236 1728 2297 1781 τὸ
2327 1731 2644 1799 κράτιστον,
2678 1733 2806 1787 νοῦν
2851 1751 2909 1788 τε
2944 1739 3037 1791 καὶ
3077 1739 3235 1806 λόγον
3283 1742 3471 1810 φέρων

2063 1817 2158 1882 Οἷς
2182 1818 2341 1892 ἦγεν,
2371 1820 2452 1886 οἷς
2487 1825 2675 1893 ἔθελγε
2708 1828 2803 1880 καὶ
2838 1827 3006 1882 λίθων
3036 1831 3221 1898 φύσιν.

1842 1907 1856 1932 ²
1923 1913 2029 1967 925
2070 1912 2326 1967 Τοιοῦτον
2359 1909 2426 1986 ἦν
2455 1916 2517 1968 τὸ
2537 1915 2725 1985 θαῦμα
2759 1920 2856 1988 τῆς
2884 1920 3009 1989 χθὲς
3044 1923 3258 1994 ἡμέρας
3285 1940 3300 1956 ο

2065 2006 2336 2061 Τοσοῦτον
2366 2009 2655 2080 εὐτύχημα
2683 2010 2779 2063 τοῦ
2811 2015 3012 2075 παντὸς
3040 2014 3184 2084 βίου,

2062 2100 2173 2153 Καὶ
2199 2101 2294 2153 τοῦ
2327 2101 2448 2154 καθ’
2479 2103 2629 2171 ἡμᾶς
2658 2098 2795 2156 εἶδεν
2828 2104 2980 2173 ἥλιος
3011 2107 3228 2174 χρόνου.

2062 2190 2178 2246 Νῦν
2209 2193 2254 2245 δ’
2288 2193 2365 2256 ὠς
2394 2195 2588 2262 ἔϐλεψε
2613 2195 2712 2266 τὴν
2742 2197 2997 2250 ἐναντίαν
3024 2201 3216 2271 τύχην,

2063 2285 2176 2338 Καὶ
2197 2286 2298 2356 τὴν
2325 2287 2475 2340 κάτω
2503 2287 2830 2343 σϐεσθεῖσαν
2857 2291 3002 2358 ἔγνω
3033 2293 3316 2363 λαμπάδα,

1922 2373 2028 2431 950
2070 2374 2194 2428 Οὐδ’
2230 2377 2396 2440 αὐτὸς
2426 2379 2561 2448 ἡμῖν
2593 2383 2855 2452 καρτερεῖ
2889 2381 3131 2453 λάμπειν
3167 2385 3247 2438 ἔτι
3273 2402 3288 2419 ·

2073 2469 2236 2524 Ἀλλὰ
2277 2471 2599 2540 σκυθρωπός
2629 2475 2768 2540 ἐστι,
2801 2476 2898 2527 καὶ
2929 2475 3138 2540 πάθους
3161 2483 3344 2548 γέμει.

2061 2562 2156 2614 Δεῖ
2194 2563 2300 2632 γὰρ
2343 2563 2674 2631 στυγνάζειν
2714 2567 2899 2620 πᾶσαν
2930 2568 3060 2634 ἄρτι
3117 2571 3216 2641 τὴν
3264 2574 3465 2638 κτίσ.ν,

2071 2653 2160 2716 Ὠς
2192 2653 2291 2722 τὴν
2313 2655 2516 2724 ἑαυτῆς
2543 2655 2702 2720 δόξαν
2731 2658 3134 2731 ἐστερημένην.

2077 2745 2404 2816 Ὀμὼνυμός
2447 2765 2533 2800 σοι
2564 2748 2759 2815 ταῦτα,
2790 2749 2946 2803 δοῦλε
2982 2753 3219 2824 Κυρίου,

1921 2835 2027 2891 955
2063 2836 2257 2906 Ψυχῆς
2291 2839 2434 2909 ἐμῆς
2470 2838 2699 2910 μέλημα
2756 2841 2872 2908 φῶς
2898 2843 3008 2896 τῶν
3038 2846 3327 2912 ὀμμάτων,

2063 2929 2425 2999 Μαθημάτων
2454 2932 2701 2997 κοινωνὲ,
2730 2936 2826 2986 καὶ
2865 2934 3229 3005 διδασκάλων,

2058 3021 2132 3095 ’ᾯ
2159 3025 2254 3077 καὶ
2279 3024 2537 3094 συνέςης,
2571 3026 2666 3078 καὶ
2695 3028 2984 3092 συνέπνεις
3009 3030 3066 3083 ὲν
3099 3030 3220 3102 βίῳ,

2062 3119 2206 3187 Πρὸς
2233 3117 2293 3170 ὃν
2323 3116 2383 3170 τὸ
2412 3118 2636 3188 φίλτρον
2665 3114 2810 3188 εἶχες
2833 3120 3004 3193 ἑξῃρη
3015 3125 3196 3190 μένον,

2070 3208 2396 3280 Ὀμώνυμός
2429 3226 2512 3263 σοι
2537 3211 2697 3281 τήνδε
2727 3211 2829 3285 τὴν
2866 3217 3153 3286 μονῳδίαν,

3223 2726 3246 2766 έ

1881 3368 2157 3424 rideretur
2204 3368 2406 3425 habere
2453 3378 2733 3436 naturam,
2759 3381 2952 3429 tonans
2980 3384 3040 3431 ut
3068 3392 3100 3432 e
3145 3380 3384 3439 nubibus
3411 3385 3466 3440 in

1880 3463 2251 3527 sermonibus,
2311 3479 2540 3533 operum
2593 3476 2776 3520 autem
2805 3485 3023 3525 rursum
3053 3473 3341 3542 splendore
3365 3477 3470 3534 ful-

1880 3572 2108 3627 gurans,
2157 3567 2211 3612 et
2237 3558 2479 3612 imitator
2499 3557 2594 3612 Dei
2620 3559 2929 3629 perlectus;
2965 3573 3174 3620 tantum
3232 3584 3331 3624 nos
3359 3581 3468 3625 ter-

1881 3662 2044 3703 renos
2103 3647 2246 3702 infra
2294 3648 2629 3718 relinquens,
2683 3663 2950 3721 quantum
3022 3658 3338 3715 cwlestibus
3412 3672 3468 3718 et

1882 3741 2082 3797 illustri
2137 3742 2248 3796 vita
2288 3752 2343 3798 et
2403 3745 2553 3798 claro
2600 3760 2853 3800 sermone
2878 3749 3467 3823 conjungiturpropin-

1881 3849 2048 3903 quus.
2113 3831 2268 3888 Nunc
2321 3845 2504 3890 autem
2568 3837 2682 3892 hac
2709 3854 2937 3908 parvum
2991 3851 3223 3914 tempus,
3255 3847 3467 3903 cunctis

1883 3938 1989 3978 una
2047 3924 2198 3980 brevi
2265 3926 2686 3995 proﬂuentibus,
2753 3935 3137 4000 revelavii;et
3193 3938 3344 3991 illum
3373 3941 3466 4008 qui

1884 4015 2071 4085 fulgidi
2093 4017 2227 4071 astri
2258 4021 2428 4072 instar
2458 4019 2573 4075 heri
2609 4023 2947 4092 splendebat,
2977 4025 3064 4078 hic
3096 4035 3220 4082 ante
3252 4039 3468 4100 tempus

1882 4107 2170 4161 occiduum
2227 4108 2516 4164 abscondit
2589 4113 2760 4167 locus.
2806 4115 3314 4185 Astrumquidem,
3369 4126 3467 4180 sed

1884 4197 2168 4268 plusquam
2223 4205 2305 4254 sol
2367 4202 2646 4259 irradiavit
2683 4221 2891 4276 :Super
2954 4219 3152 4264 terrain
3208 4213 3466 4282 lttCebat,

1884 4291 1978 4344 sed
2035 4291 2283 4346 vincebat
2342 4296 2603 4351 caelestia.
2669 4298 2731 4351 Et
2777 4299 2921 4367 (μιυά
2977 4306 3313 4373 prmeipuutn
3357 4318 3466 4373 est,

1885 4393 2124 4436 mentem
2173 4384 2550 4451 rationemque
2612 4389 2854 4456 gerebat,
2890 4392 3092 4460 quibus
3122 4393 3295 4464 ipsam
3327 4395 3468 4468 laps-

1885 4472 2013 4525 dum
2045 4483 2296 4526 naturam
2329 4476 2605 4530 demulsit.
2633 4476 2868 4534 Tantum
2894 4494 3013 4537 erat
3048 4485 3154 4539 diei
3196 4487 3468 4544 hesterna:

1805 4564 1856 4623 υ
1883 4563 2224 4632 prodigium!
2251 4563 2479 4619 Tantam
2509 4567 2692 4624 omnis
2723 4571 2846 4625 vitae
2893 4574 3184 4645 omnisque
3205 4585 3468 4648 temporis

1883 4654 2056 4706 nostri
2115 4654 2284 4710 decus
2337 4656 2420 4709 sol
2470 4659 2714 4726 aspexit!
2753 4657 2908 4716 Nunc
2961 4674 3141 4719 autent
3168 4683 3292 4720 cum
3332 4671 3466 4726 vidit

1883 4747 2214 4800 contrariam
2295 4747 2613 4816 fortunam,
2694 4751 3121 4826 inferioremque
3183 4760 3463 4818 lucernam

1882 4839 2138 4906 eugnovit
2187 4841 2538 4906 exstinctam,
2586 4841 2698 4910 jam
2746 4858 2852 4899 non
2906 4846 3021 4916 ipse
3081 4849 3239 4904 nobis
3283 4853 3468 4907 lacere

1881 4931 2057 4994 Valet;
2113 4931 2206 4984 sed
2289 4931 2460 4987 tristis
2509 4944 2592 4989 es;
2649 4944 2704 4990 et
2760 4953 2996 4994 muerore
3041 4941 3256 5011 plenus.
3303 4944 3465 4998 Decet

1881 5021 2025 5075 enim
2060 5038 2204 5076 nunc
2257 5040 2474 5079 omnem
2501 5041 2733 5082 mwrere
2762 5039 3040 5096 naturam,
3074 5041 3333 5104 tanquam
3362 5052 3464 5093 sua

1877 5112 2124 5166 orbatam
2157 5114 2346 5183 gloria.
2376 5115 2681 5183 Confnter,
2715 5136 2870 5176 serve
2888 5120 3128 5188 Domini,
3177 5128 3298 5180 vitae
3329 5143 3394 5180 ιιι.
3415 5145 3462 5181 ae

1875 5205 2123 5269 dulcedo,
2155 5206 2338 5261 lumen
2381 5209 2658 5263 oculorum
2689 5227 2954 5278 meorum,
3009 5217 3318 5274 studiorum
3349 5237 3463 5272 πω-

1877 5294 2279 5365 gismirumque
2327 5298 2494 5362 socie,
2549 5313 2786 5369 quocqu
2841 5304 3022 5360 vixisti
3057 5322 3351 5378 acremque
3389 5315 3462 5363 ιι-

1877 5385 2038 5439 talem
2078 5387 2328 5452 hausisti,
2358 5389 2446 5442 cui
2477 5389 2675 5456 philtra
2726 5393 2968 5450 habebas
2991 5398 3305 5465 allicientia,
3325 5416 3461 5454 con-

1880 5472 2068 5538 l‘rater,
2093 5475 2146 5527 in
2166 5490 2328 5544 quam
2358 5477 2499 5533 hanc
2529 5480 2625 5536 tibi
2653 5484 2963 5540 monodiatn
2999 5488 3162 5553 dicat,
3194 5492 3460 5560 seipsum,

1881 5567 2078 5638 quibus
2103 5580 2249 5624 tuam
2288 5572 2618 5631 lamentatur
2682 5588 2933 5647 mortem,
2988 5583 3317 5641 lamentatus.
3358 5587 3452 5642 Ce-

1880 5662 2012 5717 cidit
2057 5664 2288 5733 cedrus;
2323 5667 2489 5738 pinus
2518 5670 2858 5742 ingemiscat.
2882 5674 2940 5731 Si
2965 5677 3110 5732 enim
3155 5690 3211 5735 tu
3239 5681 3399 5738 citius
3428 5697 3461 5736 e
