4182 6454
710 387 845 454 1ῐ83

896 499 1007 552 Ἀεὶ
1043 502 1375 557 κατευθῦνόν
1403 522 1472 574 με
1507 506 1642 578 πρλς
1678 507 1978 577 σωτηρίαν.

881 588 1089 645 Τούτου
1115 594 1224 665 γὰρ
1252 596 1406 649 οὐδὲν
1433 598 1693 670 βούλομαι
1732 600 1922 653 λαϐεῖν
1952 599 2136 654 πλέον.

706 701 846 770 Πετ.
878 707 980 772 Εἰς
1006 706 1119 776 τὴν
1143 708 1351 766 εἰκόνα
1391 713 1499 798 toi)
1522 713 1850 782 βασιλέως,
1890 714 1988 768 καὶ
2026 713 2130 769 τοῦ
2177 729 2287 767 πα-

1347 799 1651 853 τριαρχου.

741 862 847 920 Ξοίό
883 869 944 919 0i
979 872 1373 939 προκριθέντες
1409 878 1475 945 τῇ
1513 879 1651 945 σοφῇ
1682 875 1817 930 Θεοῦ
1855 875 2036 947 κρίσει

895 962 1190 1031 ’Ἄρχοντες
1218 965 1398 1033 ἡμῶν,
1436 968 1532 1019 καὶ
1568 970 1808 1038 γραφαῖς
1841 968 2113 1037 τιμητέοι.

895 1053 954 1107 'O
988 1054 1090 1123 μὲν
1121 1056 1228 1125 γὰρ
1256 1059 1413 1125 ἄρχει
1447 1059 1715 1128 σωμάτων
1753 1059 2106 1129 ἀνθρωπίνων
2129 1074 2142 1088 ⁸

882 1146 1086 1220 Ψυχῶγ
1117 1147 1173 1200 δὲ
1200 1148 1407 1219 ποιμὴν
1428 1143 1583 1211 οὗτος
1614 1150 2006 1219 ἐκλελεγμένος
2024 1164 2038 1178 ο

888 1237 1133 1292 Ἀνωθεν
1164 1239 1332 1309 ἄμφω
1366 1240 1423 1293 τὸ
1450 1243 1673 1310 κρατεῖν
1705 1240 2014 1311 εἰληφότες,

745 1327 851 1383 250
896 1331 1098 1397 Ἀμφω
1127 1331 1309 1393 καλῶς
1334 1332 1562 1401 ἄρχουσι
1592 1334 1701 1386 τῶν
1733 1334 2013 1403 ὑπηκόων.

889 1422 1049 1475 Ὅθεν
1077 1424 1404 1492 γραφέντες,
1437 1425 1529 1478 τοῦ
1561 1427 1797 1495 κράτους
1832 1430 1959 1489 τοὺς
1986 1428 2214 1492 αἰτίους,

884 1515 993 1567 Καὶ
1026 1516 1339 1583 προστάτας
1365 1517 1549 1588 ἔχουσι
1590 1520 2142 1589 συγγεγραμμένους.

967 1604 1093 1662 ΠΖ’.
1125 1609 1227 1673 Εἰς
1271 1608 1379 1660 τὸν
1416 1610 1743 1677 προφήτην
1774 1611 2024 1675 Δανιήλ.

882 1700 1061 1768 Θῆρες
1099 1700 1313 1764 λέοντες
1337 1698 1476 1772 ἦσαν
1501 1703 1686 1772 ἐχθροί
1718 1720 1797 1755 σοι
1830 1704 1997 1758 πάλαι
2022 1722 2038 1737 ’

897 1794 1064 1862 Ἀνὴρ
1092 1795 1242 1848 Λέων
1268 1794 1322 1846 δὲ
1349 1793 1445 1846 νῦν
1470 1794 1559 1856 σδς
1590 1795 1808 1865 οίκτρδς
1837 1796 2079 1865 οἰκέτης.

741 1884 849 1939 9.ὕὸ
901 1886 989 1949 Ὠς
1021 1882 1115 1941 οὖν
1142 1888 1273 1957 παρ’
1303 1886 1485 1941 αύτῶν
1513 1886 1666 1940 οὐδὲν
1694 1887 1857 1949 αὐτὸς
1888 1888 2148 1957 ἐϐλάϐης,

887 1977 1044 2032 Οὕτω
1071 1980 1349 2049 προφῆτα,
1383 1979 1573 2033 τοῦτον
1605 1981 1667 2033 ὲκ
1698 1979 1905 2048 βλάϐης
1942 1980 2095 2049 ρύου.

946 2071 1077 2125 IIII'.
1118 2071 1299 2139 ’Υπὲρ
1333 2070 1549 2125 ἑαυτοῦ
1579 2071 1731 2139 πρὸς
1769 2072 2050 2139 Χριστόν.

884 2161 1058 2230 Πολλὴ
1089 2162 1249 2231 χάρις
1277 2179 1359 2214 σοι
1389 2161 1497 2215 τῶν
1522 2161 1717 2230 λόγων,
1742 2162 1877 2214 Θεοῦ
1916 2162 2080 2231 Λὸγε,

885 2245 979 2314 Οἷς
1012 2252 1314 2320 εὐδόκησας
1344 2252 1555 2323 δωρεάν
1586 2272 1652 2323 με
1687 2254 1973 2307 πλουτίσαι
2002 2272 2015 2284 ’

890 2342 1019 2411 ’Υφ’
1037 2337 1111 2396 ὧν
1140 2344 1421 2414 λογισμοῖς
1450 2346 1691 2415 σώφροσι
1717 2348 2077 2416 κεχρημένος,

737 2432 843 2487 260
887 2432 1095 2499 Ἕταξα
1131 2436 1271 2506 ῥητὰ
1297 2439 1417 2499 ταῖς
1444 2437 1600 2505 ἐμαῖς
1633 2438 1843 2506 χρείαις
1876 2438 2075 2510 μέτρα,

896 2528 1110 2597 ’Λρκεῖτ
1142 2527 1332 2597 ἔμοιγε
1361 2528 1537 2581 ταῦτα
1572 2529 1761 2600 κρίνας
1790 2529 1860 2582 τὰ
1903 2531 2052 2601 τρία,

884 2619 1122 2689 Τροφὴν,
1156 2619 1387 2688 σκέπην,
1422 2621 1620 2691 στέγην
1643 2638 1702 2674 τε
1730 2622 1824 2674 καὶ
1859 2623 2028 2692 μηδὲν
2077 2623 2260 2688 πλέον.

884 2713 959 2762 Δι’
988 2709 1021 2762 ἃ
1047 2711 1321 2763 κλονεῖται
1360 2713 1509 2764 πᾶσα
1536 2714 1777 2783 σήμερον
1805 2714 2022 2787 κτίσιςιο

884 2802 1154 2871 Ἐπείπερ
1178 2803 1473 2872 ἐξήμειψεν
1504 2805 1536 2873 η
1575 2806 1788 2873 τρυφῆς
1821 2805 1912 2875 βία

742 2894 847 2950 265
884 2896 995 2963 Τὴν
1018 2894 1218 2965 χρῆσιν
1255 2896 1434 2948 αὐτῶν
1473 2899 1554 2959 είς
1577 2898 1929 2968 παράχρησιν
1968 2900 2160 2954 πάλαι.

880 2990 1091 3057 Χρῆσιν
1114 2988 1161 3040 δ’
1202 2989 1380 3057 ἔγωγε
1423 2989 1522 3059 τὴν
1550 2990 1861 3058 ἀναγκαίαν
1891 2991 2031 3061 ἔχων

891 3080 1390 3150 Ὕπερπερισσεύω
1418 3098 1473 3133 τε
1508 3082 1601 3134 καὶ
1631 3083 1807 3152 χαίρω
1840 3085 2002 3137 πλέον

882 3170 1005 3224 Τῶν
1028 3174 1140 3235 τοῖς
1184 3172 1482 3242 ἀπλήστοις
1525 3175 2039 3228 ἀντεπαντλούντων
2068 3175 2269 3241 πίθοις.
2307 3191 2351 3248 C

708 3345 923 3397 semper
954 3330 1019 3384 ad
1040 3332 1273 3385 salutem
1297 3332 1495 3402 dirigat
1525 3348 1545 3387 :
1579 3332 1681 3387 hoc
1720 3333 1865 3388 cnim
1892 3336 2129 3406 amplius
2155 3338 2291 3393 nihil

708 3423 958 3491 πείρετε
982 3424 1127 3475 volo.

852 3513 1089 3568 LXXVI.
1135 3516 1197 3569 In
1240 3518 1520 3585 imaginem
1572 3522 1705 3590 regis
1728 3533 1774 3575 et
1808 3524 2148 3591 patriarclia'.

783 3607 1143 3674 Quisapienti
1183 3607 1273 3661 Dei
1301 3609 1510 3677 judicio
1537 3612 1703 3667 duces
1729 3614 1899 3667 nostri
1948 3628 2106 3668 erant
2156 3629 2293 3682 prm-

712 3697 856 3760 h-cti,
911 3699 1112 3755 tabulis
1171 3701 1336 3754 etiam
1369 3701 1671 3757 honorandi
1732 3714 1910 3761 erant.
1943 3706 2041 3761 llic
2074 3708 2291 3774 quidem

710 3791 855 3843 enim
896 3791 1151 3846 humanis
1201 3793 1515 3847 dominatur
1560 3797 1924 3865 corporibus;
1984 3797 2291 3852 animarum

711 3890 891 3935 autem
950 3892 1137 3951 pastor
1184 3885 1276 3938 ille
1335 3885 1438 3939 fuit
1480 3887 1733 3943 selectus.
1785 3888 2080 3943 Desursum
2131 3889 2293 3943 ambo

711 3973 1084 4028 dominatione
1138 3985 1383 4046 accepta,
1446 3980 1848 4049 ambopulchre
1881 3981 2111 4034 subditis
2156 3997 2295 4051 prae-

712 4076 857 4120 sunt.
898 4065 1051 4121 Unde
1073 4067 1295 4134 depicti,
1345 4074 1630 4139 potestatis
1660 4082 1913 4127 auctores
1960 4084 2013 4128 ct
2043 4072 2294 4130 defenso-

712 4174 800 4213 res
837 4159 1168 4212 babentuna
1208 4160 1476 4229 depictos.

956 4247 1267 4304 LXXXVII.
1306 4251 1369 4307 In
1406 4252 1674 4307 Danielem
1711 4256 2037 4321 prophetam.

782 4344 901 4398 Feri
955 4346 1140 4399 leones
1175 4355 1332 4400 erant
1385 4347 1514 4401 olim
1554 4347 1758 4401 inimici
1806 4349 1903 4400 tibi
1935 4365 1949 4402 :
1982 4348 2067 4401 vir
2106 4356 2288 4402 autem

712 4438 820 4491 Leo
856 4453 1002 4492 nunc
1032 4449 1159 4494 tuus
1195 4449 1276 4494 est
1310 4440 1654 4496 miserandus
1682 4456 1895 4496 servus.
1933 4439 2293 4505 Quemadmo-

1851 396 2173 457 JOANNIS
2199 392 2765 455 EUCHAITENSIS

3840 391 3971 458 1184

2574 503 2640 555 Τί
2667 502 2777 573 γὰρ
2799 501 2860 554 τὸ
2887 502 3081 570 κέρδος
3106 502 3217 555 τῶν
3241 503 3569 572 ἁμετρήτων
3602 502 3808 566 ποῖτων,

2426 594 2532 650 270
2570 595 2697 657 Τοῖς
2730 596 2813 659 είς
2837 593 3117 647 ἄπαυστον
3144 594 3297 662 δίψος
3329 594 3768 661 ἐκκεκαυμένοις
3796 611 3811 660 ;

2566 685 2932 753 Διαρραγεῖεν
2968 683 3187 752 πρῶτον
3214 682 3281 737 ἂν
3310 685 3375 752 τῆ
3407 683 3746 751 πλημμύρᾳ,

2568 780 2637 831 Ἦ
2665 778 2759 829 τοῦ
2792 776 3001 838 πάθους
3034 778 3171 846 ἴαμα
3196 775 3596 844 πιεοσλάσοιντό
3620 794 3675 828 τι
3698 791 3716 809 ο

2578 870 2736 923 Ἐπεὶ
2758 868 2816 922 δὲ
2834 867 2994 921 τοῦτο
3025 868 3280 939 συμφορὰ
3316 866 3645 937 μισουμένη.

2570 963 2648 1014 Τὸ
2674 963 2811 1031 μηδὲ
2843 961 3006 1031 διψᾷν
3035 945 3307 1027 κρεῖττον,
3338 959 3371 1029 ἢ
3400 961 3462 1012 τδ
3496 960 3763 1029 μετρίως.

2428 1053 2536 1108 275
2586 1052 2703 1121 Ἐφ’
2731 1046 2776 1119 ᾧ
2804 1051 2987 1105 λασὼν
3016 1052 3225 1106 ἄνωθεν
3250 1052 3416 1103 αὐτὸς
3436 1052 3541 1121 τὴν
3571 1051 3760 1118 χάριν,

2570 1146 2683 1201 Καὶ
2708 1144 2978 1214 σύντομον
3004 1144 3150 1213 σχὼν
3176 1143 3287 1197 τῶν
3313 1142 3554 1213 ὀρέξεων
3584 1143 3787 1212 πέρας.

2568 1238 2746 1309 Πολλὴ
2779 1239 2943 1309 χάρις
2972 1256 3055 1292 σοι
3077 1238 3188 1290 τῶν
3213 1237 3390 1307 λόγων
3429 1238 3599 1305 λέγω.
3636 1237 3804 1303 Λόγε,

2572 1329 2668 1396 Οἷς
2692 1333 2998 1402 εὐδόκησας
3018 1332 3230 1402 δωρεάν
3278 1349 3346 1399 με
3373 1330 3694 1394 πλουτίσαι,

2571 1424 2716 1493 Πρὸς
2748 1424 2843 1485 οὓς
2866 1426 2926 1477 τὸ
2949 1425 3205 1477 πλεῖστον
3238 1422 3488 1492 ἀσχολῶν
3518 1423 3628 1475 τῶν
3652 1421 3977 1490 φροντίδων,

2428 1516 2535 1571 280
2576 1517 2667 1579 Εἰς
2694 1517 2864 1571 τᾶλλα
2894 1517 2987 1570 τὸν
3017 1516 3143 1570 νοῦν
3181 1516 3465 1587 δυσχερῶς
3498 1515 3541 1547 ⁸⁸
3574 1515 3914 1584 ἐπιστρέφει).

2570 1605 2665 1674 Οἷς
2691 1610 2974 1679 ἐντρυφῶν
3000 1609 3220 1678 νύκτωρ
3244 1626 3302 1661 τε
3330 1608 3428 1661 καὶ
3453 1603 3575 1675 μεθ’
3604 1606 3845 1675 ἡμέραν,

2578 1699 2783 1769 Ἀλλης
2813 1701 3026 1771 τρυφῆς
3052 1701 3256 1771 ἥκιστα
3291 1698 3555 1771 ποιοῦμαι
3579 1699 3766 1766 λόγον.

2571 1792 2765 1862 Ἀρκεῖ
2783 1793 2893 1860 γὰρ
2921 1792 3059 1860 αὕτη
3092 1791 3450 1861 ψυχαγωγεῖν
3481 1789 3787 1851 πλουσίως.

2569 1884 2824 1953 Βρύουσα
2855 1883 3039 1935 πᾶσαν
3069 1883 3266 1953 ἡδονήν
3292 1899 3349 1935 τε
3381 1881 3481 1935 καὶ
3506 1881 3695 1950 χάριν.

2428 1976 2533 2031 285
2573 1976 2723 2040 Πλὴν
2751 1975 2867 2030 ἀλλ’
2901 1975 3058 2043 ἄγοις
3080 1974 3225 2029 οὕτω
3263 1991 3355 2044 με,
3378 1974 3475 2027 καὶ
3502 1974 3715 2042 φέροις,
3741 1973 3909 2040 Λόγε,

2572 2071 2901 2139 ’Λτρεπτον,
2935 2068 3256 2137 ἀκλὸνητον,
3290 2066 3686 2137 ἡδραιωμένον.

2570 2163 2714 2215 Ιῑῖσω
2752 2162 2985 2230 μένοντα
3011 2161 3127 2215 τῶν
3156 2159 3515 2227 τεταγμένων
3538 2159 3705 2232 ὅρων,

2583 2254 2673 2319 Ὠς
2702 2255 2893 2309 ἄνθεσι
2931 2254 3198 2324 μέλισσαν
3221 2254 3279 2305 ὲν
3316 2252 3525 2322 βίϐλοις
3558 2254 3832 2322 στρέφων,

2584 2348 2674 2411 Ὦς
2704 2348 2928 2416 τέττιγα
2960 2346 3140 2418 δρόσῳ
3169 2362 3238 2417 με
3265 2348 3382 2409 τοῖς
3406 2346 3593 2414 λόγοις
3622 2346 3870 2413 τρέφων,

2427 2439 2533 2495 290
2572 2440 2775 2503 Μόνοις
2795 2458 2855 2493 τε
2887 2439 3095 2493 πείθων
3126 2442 3242 2503 τοῖς
3271 2439 3540 2509 παροῦσιν
3573 2439 3864 2507 ἐμμένειν,

2572 2534 2683 2587 Καὶ
2722 2535 2889 2606 μηδὲν
2921 2535 3096 2588 αἰτεῖν
3119 2534 3255 2588 ἄλλο
3286 2532 3427 2603 πλὴν
3457 2534 3759 2601 σωτηρίαν.

2568 2627 2665 2686 Εἰς
2699 2626 2769 2695 ἧν
2801 2644 2870 2695 με
2899 2625 3099 2680 θᾶττον
3130 2624 3467 2695 προσλάϐοις
3508 2625 3807 2695 εὐεργέτα.

2572 2717 2691 2771 Κᾶν
2721 2718 2858 2787 μηδὲ
2891 2716 3030 2789 [καὶ]
3059 2716 3156 2770 νῦν
3184 2718 3392 2784 σφόδρα
3420 2715 3701 2776 δυσκόλως
3725 2714 3854 2782 ἔχω.

2570 2812 2852 2880 Κρείττων
2879 2811 2990 2878 γὰρ
3019 2808 3279 2871 εὐπλοίας
3305 2823 3365 2859 τε
3390 2808 3486 2859 καὶ
3512 2806 3734 2873 κούφων
3760 2806 3945 2857 πόνων

2428 2903 2534 2959 2295
2574 2903 2786 2972 Ὀρμος
2818 2900 3090 2963 ποθεινὸς,
3122 2901 3218 2953 καὶ
3249 2899 3312 2951 τὸ
3351 2899 3460 2950 τῶν
3500 2898 3682 2950 πόνων
3710 2897 3890 2958 τέλος,

2570 2986 2671 3045 Ὧν
2702 3009 2791 3062 μοι
2814 2993 2999 3060 τυχεῖν
3027 2990 3241 3058 γένοιτο
3276 2991 3474 3060 ῥᾷστα,
3511 2989 3715 3058 Χριστέ
3749 3005 3877 3055 μου.

2598 3083 2724 3137 ΠΘ’.
2766 3082 2907 3152 Περὶ
2936 3082 3154 3151 ἑαυτοῦ
3179 3082 3331 3149 πρὸς
3362 3081 3468 3135 τὸν
3493 3080 3781 3147 Χριστόν.

2563 3180 2740 3251 Πολλὴ
2766 3179 2925 3250 χάρις
2953 3195 3035 3231 σοι
3061 3179 3168 3230 τῶν
3196 3177 3392 3245 λόγων,
3437 3174 3576 3228 Θεοῦ
3601 3174 3769 3241 Λόγε,

2392 3342 2537 3397 enim
2592 3343 2870 3398 commodi
2927 3344 2979 3398 iu
3016 3342 3288 3397 conviviis
3310 3339 3688 3394 immoderatis
3712 3339 3779 3393 iis
3808 3338 3985 3406 quiin

2392 3432 2540 3488 sitim
2585 3433 3086 3500 inexstinguibilem
3154 3429 3519 3486 exarserunt?
3575 3429 3990 3497 Rumperentur

2394 3524 2547 3593 prius
2592 3525 2645 3578 in
2704 3524 3123 3587 redundatione,
3157 3539 3321 3593 quam
3354 3522 3487 3577 vitio
3512 3520 3791 3590 quoddam
3827 3519 3989 3573 adhi-

2394 3616 2583 3670 berent
2633 3616 2959 3670 remedium.
3016 3615 3156 3670 Cum
3200 3622 3383 3668 autem
3417 3614 3519 3665 hoc
3563 3612 3738 3667 tristis
3772 3620 3862 3665 est
3896 3624 3988 3662 ne-

2396 3708 2646 3771 cessitas,
2696 3723 2802 3759 non
2866 3708 3017 3761 sitire
3082 3707 3255 3761 satius
3303 3712 3585 3772 estquam
3623 3702 3987 3755 immoderate

2394 3800 2567 3854 sitire.
2603 3797 2726 3853 Ideo
2786 3798 2961 3869 gratia
3029 3798 3267 3867 desuper
3310 3804 3532 3866 accepta
3558 3794 3861 3860 stricteque
3895 3808 3987 3847 re-

2396 3890 2623 3947 frenatis
2676 3891 2962 3947 desideriis
3027 3889 3143 3959 ipse
3208 3888 3303 3943 tibi
3368 3885 3747 3942 dicozblultae
3801 3885 3989 3952 gratia

2396 3982 2518 4049 tibi,
2554 3984 2814 4047 Verbum,
2850 3982 2922 4036 ob
2979 3982 3144 4036 verba
3195 3980 3393 4050 quibus
3425 3993 3510 4032 me
3536 3978 3707 4048 gratis
3742 3976 3987 4042 locuple-

2397 4083 2513 4130 tare
2556 4077 2813 4145 dignatus
2834 4089 2929 4141 es;
2957 4076 3024 4129 ad
3064 4088 3186 4144 quae
3237 4073 3526 4142 plerasque
3555 4084 3717 4124 curas
3762 4069 3985 4122 assidue

2394 4178 2575 4233 verto,
2622 4168 2752 4220 dum
2811 4166 2918 4220 alia
2965 4181 3107 4234 aegre
3149 4172 3327 4218 mente
3387 4162 3664 4231 recogito;
3699 4161 3754 4213 in
3783 4158 3982 4228 quibus

2393 4267 2552 4313 nocte
2579 4260 2774 4329 dieque
2820 4258 3043 4312 delicias
3074 4270 3325 4325 carpens,
3349 4269 3505 4309 nova:
3568 4252 3874 4319 voluptatis
3895 4250 3991 4302 mi-

2393 4338 2803 4404 nimam'babeo
2853 4351 3143 4403 rationem.
3176 4348 3281 4401 Illae
3324 4346 3493 4407 enim,
3523 4351 3693 4397 tutam
3730 4342 3987 4409 volupta-

2396 4454 2501 4496 tem
2559 4451 2837 4513 totamque
2878 4444 3107 4511 gratiam
3139 4442 3508 4498 infundentes,
3562 4437 3807 4491 animam
3832 4434 3989 4487 ditis-

710 4532 838 4583 dum
869 4530 1035 4600 igitur
1054 4531 1122 4586 ab
1152 4532 1233 4587 eis
1266 4532 1380 4601 ipse
1403 4548 1511 4587 non
1552 4532 1711 4588 lzesus
1740 4549 1818 4597 es,
1854 4534 1926 4587 ita
1961 4534 2125 4597 hunc,
2162 4550 2287 4603 pro-
2314 4532 2366 4593 D
2393 4534 2531 4588 sime
2588 4535 2791 4588 dueere
2837 4535 3135 4589 sumciunt.
3171 4535 3556 4587 Verumtamen
3595 4530 3666 4583 ita
3692 4541 3781 4581 me
3813 4526 3985 4578 ducas

710 4621 891 4688 pheta,
925 4636 955 4673 a
985 4621 1128 4674 malo
1159 4622 1350 4676 libera.

903 4708 1233 4765 LXXXVIII.
1260 4710 1362 4764 Pro
1390 4713 1664 4779 semetipso
1698 4713 1766 4765 ad
1795 4713 2083 4767 Christum.

778 4797 958 4853 Multae
1004 4802 1098 4854 tibi
1134 4802 1341 4869 gratiae,
1371 4802 1464 4856 Dei
1489 4802 1723 4857 Verbum
1744 4844 1756 4866 ,
1787 4804 1859 4858 ob
1901 4806 2060 4858 verba
2085 4805 2285 4873 quibus

709 4904 795 4942 me
831 4891 1001 4959 gratis
1033 4893 1361 4962 locupletare
1379 4894 1633 4965 dignatus
1661 4910 1740 4949 es.
1764 4895 1803 4948 E
1838 4896 2039 4963 quibus
2063 4898 2285 4953 sanienc

711 4990 791 5035 tcs
828 4982 1101 5039 deducens
1151 4986 1413 5049 rationes.
1445 4988 1735 5042 rationales
1765 4990 1899 5041 meis
1944 4990 2284 5044 necessitati-

709 5073 812 5125 bus
880 5073 1124 5142 disposui
1154 5077 1393 5146 regulas,
1442 5078 1688 5132 sutIicere
1721 5081 1851 5133 mihi
1882 5078 2136 5146 judicans
2169 5082 2284 5136 hac

710 5162 837 5224 tria,
893 5164 1097 5228 cibum,
1142 5168 1429 5232 vestitum,
1472 5184 1536 5222 ac
1596 5172 1892 5240 tugurium,
1940 5174 2287 5243 ampliusque

714 5254 849 5307 nihil
904 5271 968 5308 ex
1032 5258 1137 5321 his,
1198 5270 1416 5329 propter
1453 5278 1575 5331 qua:
1638 5264 1887 5319 turbatur
1920 5266 2080 5320 hodie
2111 5270 2290 5322 omnis

709 5355 961 5401 creatura
994 5350 1300 5415 :siquidem
1356 5354 1663 5409 diliciarum
1690 5359 1769 5411 vis
1810 5372 1966 5411 usum
2013 5374 2200 5412 eorum
2234 5360 2305 5413 in.

711 5433 941 5487 abusum
984 5437 1307 5507 jampridem
1355 5447 1728 5498 commutavit.
1780 5444 1946 5499 Usum
1980 5458 2163 5500 autem
2190 5462 2289 5517 ego

713 5528 1084 5581 necessarium
1148 5532 1375 5595 habens.
1424 5536 1805 5604 superabuudo
1839 5538 2120 5606 magisilue
2150 5554 2288 5606 gau-

710 5614 812 5670 deo
868 5634 1031 5686 quam
1086 5622 1177 5690 qui
1237 5623 1399 5679 doliis
1450 5625 1732 5681 immensis
1793 5626 2093 5683 abundant.
2147 5628 2284 5694 Quid

787 5774 831 5805 "
866 5792 952 5843 γε.
1005 5778 1307 5851 ὲπιτρὲφω.

2395 4636 2449 4679 et
2480 4626 2644 4692 feras,
2671 4627 2930 4687 Verbum.
2964 4626 3321 4687 immobilem.
3354 4632 3698 4679 constantem
3726 4662 3743 4685 ,
3797 4619 3985 4672 incon-

2391 4730 2648 4779 cussum,
2715 4717 2859 4769 intra
2912 4716 3257 4785 praescriptos
3306 4721 3612 4767 manentem
3683 4708 3857 4771 ﬁnes,
3927 4714 3987 4758 ut

2392 4808 2618 4863 floribus
2664 4823 2818 4877 apem
2860 4808 2913 4861 in
2944 4809 3143 4861 litteris
3170 4822 3256 4861 me
3298 4820 3551 4864 versans,
3584 4810 3643 4855 ut
3682 4815 3809 4854 rore
3843 4796 3989 4851 cica-

2390 4900 2515 4954 dam
2549 4914 2635 4952 me
2667 4899 2851 4953 verbis
2904 4899 3208 4959 enutriens,
3243 4896 3376 4949 mihi
3414 4893 3651 4949 suadens
3684 4889 3825 4944 solis
3861 4900 3984 4939 esse

2391 4996 2707 5043 contentum
2752 4982 3113 5059 praesentibus
3135 4986 3377 5053 nihilque
3426 4991 3684 5050 expetere
3703 4975 3810 5029 nisi
3840 4973 3982 5026 salu-

2386 5095 2519 5141 tem.
2551 5081 2616 5134 ad
2648 5096 2811 5149 quam
2847 5096 2932 5134 me
2954 5080 3086 5141 cito,
3119 5078 3218 5134 etsi
3244 5091 3391 5131 nunc
3426 5089 3536 5130 non
3567 5071 3743 5125 multo
3787 5080 3981 5135 graver

2388 5172 2569 5234 taedio,
2613 5172 2889 5225 beneﬁcus
2941 5185 3213 5225 assumas.
3247 5166 3477 5221 Prsestat
3529 5166 3677 5217 enim
3712 5160 3855 5213 felici
3890 5171 3983 5208 na-

2387 5262 2663 5329 vigatione
2713 5262 3057 5316 desideratus
3104 5271 3316 5329 portus,
3350 5258 3673 5322 levibusque
3701 5250 3981 5305 labarihus

2388 5352 2637 5406 ldiorum
2696 5354 2987 5406 cessatio:
3038 5366 3160 5421 quae
3228 5350 3397 5413 mihi,
3458 5346 3717 5409 Christe,
3772 5340 3977 5395 utinam

2390 5454 2640 5515 prompte
2670 5446 2925 5499 ueniant
2952 5446 2963 5497 !

2626 5533 2913 5590 LXXXIX.
2956 5535 3029 5588 De
3048 5536 3323 5601 semetipsa
3350 5531 3418 5584 ad
3445 5530 3745 5584 Christum.

2458 5626 2636 5683 Hultc
2692 5627 2785 5681 tibi
2850 5627 3062 5696 gratim.
3109 5626 3199 5679 llei
3254 5623 3509 5685 Verbum,
3559 5623 3628 5676 oh
3662 5624 3828 5677 verba
3861 5621 3981 5691 qui-
