4182 6454
718 429 852 493 1187

887 540 998 610 Τῆς
1024 538 1314 600 αὐθαδείας
1348 535 1508 600 ἀξίαν
1541 533 1717 596 δ;ἶοὺς
1744 532 1900 602 δίκην
1931 549 1943 560 ·

893 639 1056 691 Ὅθεν
1078 636 1343 706 ταπεινὴν
1375 636 1681 704 ἀσφάλειαν
1713 631 1978 699 ἐκλέγων,

890 732 1036 798 Πεζῄ
1071 730 1274 800 βαδίζω
1305 728 1471 792 πεζὸν
1499 727 1576 778 ὣν
1603 724 1744 787 ξῦον
1777 723 1940 792 φύσει
1966 740 1978 754 ⁸

891 825 1034 875 Hist
1077 823 1178 892 μὲν
1206 823 1306 875 ούκ
1335 821 1578 880 ἄποπτος
1602 817 1676 877 ὡς
1701 819 1764 869 ἐκ
1789 817 1897 868 τῶν
1924 816 2058 880 ἄνω,

899 912 1121 974 Πολλοῖς
1156 913 1213 964 δέ
1239 912 1336 966 καὶ
1362 908 1605 964 κάτωθεν
1630 907 1706 959 ῶν
1744 906 2114 974 ἐγνωσμένος,

900 1005 968 1056 ⁸0
1002 1005 1189 1074 μεῖζον
1223 999 1343 1057 οἶδα
1373 1001 1574 1071 μᾶλλον
1596 1003 1673 1058 εἰς
1705 998 1974 1062 εὐδοξίαν,

896 1097 1068 1148 Ὅταν
1097 1114 1179 1157 τις
1210 1095 1373 1156 αὐτὸς
1409 1095 1472 1146 ἐκ
1498 1091 1756 1145 ταπεινοῦ
1787 1088 1992 1159 χωρίου

895 1187 1039 1254 Πρὸς
1066 1185 1196 1263 ῦιζιος
1221 1186 1539 1248 ἐκτείνοιτο,
1575 1184 1668 1234 καὶ
1690 1182 1821 1250 δοκῇ
1856 1180 2048 1247 μέγας,

896 1279 1109 1347 Ὠσπερ
1138 1276 1397 1338 κολοσσὸς
1426 1277 1598 1345 μῆκος
1627 1274 1827 1324 οἰκεῖον
1860 1270 1904 1301 ⁸⁷
1936 1271 2140 1337 φέρων,

893 1369 1006 1422 Καὶ
1044 1369 1208 1438 μηδὲν
1239 1369 1317 1428 είς
1350 1369 1556 1435 δίαρμα
1589 1365 1808 1434 χρῄζων
1842 1360 1938 1414 τοῦ
1961 1362 2157 1412 τόπου.

897 1462 1054 1514 Ὀσοι
1083 1462 1136 1511 δὲ
1172 1457 1518 1528 κομπάζουσι
1554 1456 1800 1525 βαθμοῖς,
1829 1455 1924 1505 καὶ
1959 1452 2195 1522 θρόνοις,

899 1547 1059 1606 Οῦτοι
1094 1550 1316 1602 κολοιῶν
1354 1550 1509 1600 οὐδέν
1541 1550 1649 1598 είσι
1693 1544 1944 1614 βελτίους

901 1643 1060 1710 Μέγα
1092 1640 1442 1711 φρονούντων
1469 1641 1523 1691 ἐν
1555 1641 1773 1708 πτεροῖς
1812 1637 2144 1705 ἀλλοτρίοις,

894 1727 996 1786 Ὧν
1027 1735 1058 1800 ὴ
1099 1732 1261 1783 πάλιν
1289 1731 1517 1798 ψίλωσις
1549 1727 1794 1797 αἰσχύνει
1831 1727 2015 1779 πλέον.

902 1824 1024 1875 Τῶν
1048 1822 1092 1852 ⁸⁸
1120 1821 1433 1889 προσθέτων
1455 1816 1561 1886 γάρ
1588 1832 1895 1886 χρωμάτων
1913 1817 1978 1885 τῇ
1999 1813 2306 1885 συγκρίσει,

901 1915 995 1978 Εἰς
1033 1912 1216 1983 μεῖζον
1245 1910 1504 1976 ἐξάγουσι
1534 1908 1632 1977 τὴν
1663 1909 1963 1976 ἀμορφίαν.

910 2007 1074 2064 Ἀλλὰ
1108 2004 1151 2036 ⁸³
1185 2006 1443 2072 κροτήσει
1479 2002 1583 2059 πᾶς
1608 1999 1761 2068 ὄχλος
1795 1999 1915 2058 τοὺς
1939 1999 1997 2048 ἐν
2033 1996 2204 2064 μέσῳ.

901 2098 1086 2154 Εἰπὼν
1117 2096 1292 2163 ὄχλον,
1323 2094 1584 2162 βέλτιστε,
1624 2091 1698 2157 μὴ
1725 2089 1877 2157 ζήτει
1902 2087 2086 2140 πλέον.

905 2190 1104 2258 ὐχλος
1133 2187 1241 2253 γάρ
1267 2185 1420 2236 οὐδὲν
1452 2181 1604 2243 ἄλλο,
1635 2181 1776 2249 πλὴν
1808 2179 1978 2241 ὄντως
2020 2179 2201 2248 ὄχλος,

906 2283 1046 2341 Boi;
1080 2278 1354 2336 ἀτάκτους
1384 2277 1494 2333 τοῖς
1531 2271 1794 2340 κρατοῦσι
1825 2269 2180 2336 προσνέμων,

913 2375 1004 2434 Ὠς
1034 2372 1349 2440 πρόσφορον
1377 2366 1420 2394 ⁹⁰
1450 2365 1715 2432 μείλιγμα
1742 2364 1837 2430 τῆς
1873 2360 2146 2423 ἐξουσίας,

907 2463 1078 2517 ιιλέον
1119 2460 1174 2512 δὲ
1211 2458 1376 2527 μηδὲν
1418 2454 1693 2507 συντελῶν
1725 2452 1833 2504 τῶν
1868 2454 2175 2520 χρησίμων,

909 2553 1128 2607 Μᾶλλον
1164 2553 1262 2620 μέν
1303 2546 1394 2600 οὖν
1421 2549 1652 2614 μέγιστα
1679 2545 1773 2596 καὶ
1803 2543 2063 2612 βλάπτειν
2099 2541 2262 2609 ἔχων.

907 2648 1057 2715 Φυσᾷ
1082 2646 1188 2714 γάρ
1217 2642 1411 2699 αὐτοὺς
1437 2643 1549 2702 τοῖς
1575 2640 1818 2699 ἐπαίνοις
1846 2637 2132 2700 πολλάκις,

914 2740 1126 2790 Πείθων
1161 2735 1379 2786 ἀκούειν
1412 2732 1484 2793 ὼς
1517 2732 1734 2798 ἀληθεῖς
1762 2731 1887 2789 τοὺς
1931 2730 2142 2796 λόγους.

911 2833 976 2884 υἱ
1007 2831 1050 2882 δ’
1088 2829 1228 2881 εἰσιν
1259 2826 1432 2887 οὐδὲν,
1472 2823 1610 2890 πλὴν
1641 2822 1803 2890 μόνον
1837 2824 1986 2871 κενοί
2018 2818 2209 2886 ψόφοι,

926 2917 1303 2990 Ἐπηρεασταὶ
1327 2917 1433 2968 τῶν
1459 2915 1636 2966 κενῶν
1671 2912 2066 2982 φρονημάτων,

915 3014 1189 3075 Ψεῦσται,
1227 3009 1439 3072 πλάνοι,
1469 3008 1686 3073 γόητες,
1713 3004 1942 3072 ἀνδράσι
1983 3002 2182 3071 γέλως,

914 3108 1120 3170 Βόθρος
1153 3103 1197 3154 δ’
1229 3099 1546 3170 ἀνάρθροις,
1582 3090 1662 3158 οἷς
1690 3098 1717 3148 ό
1758 3093 2034 3146 πιστεύων
2067 3093 2248 3155 ἄνους.

917 3197 1181 3269 Κραυγῆς
1217 3195 1272 3248 δὲ
1307 3194 1506 3260 πολλῇς
1550 3190 1609 3242 ού
1649 3191 1789 3243 πάνυ
1829 3187 2211 3256 φροντιστέον·

741 3362 924 3420 devito
971 3355 1376 3417 celsitudinem,
1433 3365 1500 3404 ne
1570 3349 1705 3404 forte
1732 3348 1973 3402 cat-citate
2013 3343 2320 3417 perculsus,

743 3457 943 3528 iustam
977 3449 1242 3521 superbia:
1295 3460 1510 3516 pcenam
1540 3445 1718 3508 luens,
1752 3441 1900 3494 humi
1930 3442 2120 3493 cadam
2148 3438 2327 3493 :uude

1845 416 2167 480 JOANNIS
2197 415 2766 477 EUCHAITENSIS

2327 539 2371 595 Δ

2352 3229 2398 3285 C

2581 531 2691 582 Καὶ
2721 528 2893 598 ψῆρες
2919 525 3217 595 ὀξύφωνον,
3251 523 3384 578 ἀλλᾶ
3419 521 3741 591 κουφόνουν.

2578 621 2804 684 Τούτοις
2835 620 3136 688 λογβμοῖς,
3183 619 3280 672 καὶ
3305 617 3486 687 λόγοις

2579 718 2765 785 Ἀγων
2797 713 3035 784 ἐμαυτὸν
3072 714 3140 778 ⁹¹,
3171 713 3234 764 ἐκ
3252 713 3484 782 ιιεραίνω
3511 713 3602 767 τὸν
3636 713 3771 784 βίον.

2927 803 3046 872 ι,Α’.
3074 807 3177 872 Εις
3216 805 3453 860 ἑαυτόν.

2577 899 2840 953 Ἐλκουσι
2872 895 3073 968 βαθμοί
3099 912 3113 926 ⁸
3148 895 3445 967 πρόσσχες,
3472 896 3645 966 ἀθρόα
3683 897 3820 966 ζάλῃ
3857 912 3872 949 '.

2579 992 2769 1060 Ψῆφοι
2805 992 3100 1059 φέρονται·
3137 991 3419 1058 συστροφὴ
3455 989 3791 1056 καταιγίδων
3817 1004 3829 1015 ·

2576 1083 2772 1154 Θρόνοι
2809 1079 3070 1134 καλοῦσιν
3094 1095 3108 1110 ο
3151 1073 3196 1133 ὧ
3220 1079 3555 1149 κυδερνῆτα,
3591 1079 3755 1148 βλέπε
3781 1094 3794 1107 ·

2587 1175 2755 1245 Ὀρᾷς
2788 1175 2911 1236 ὅσος
2945 1171 3226 1225 κύκλωθεν
3259 1170 3472 1240 ἠγέρθη
3508 1171 3717 1223 κλύδων
3745 1187 3762 1236 ;

2580 1267 2848 1331 Σπεῦσον,
2888 1263 3074 1335 βοήθει
3103 1278 3118 1290 ’
3153 1261 3412 1327 κλύζεταί
3439 1279 3521 1314 σοι
3544 1263 3607 1313 τὸ
3647 1263 3884 1330 σκάφος.

2581 1358 2766 1415 Δασοῦ
2801 1360 2848 1391 ’⁸
2874 1358 3045 1417 τάλαν
3074 1355 3313 1425 τάχιστα
3347 1355 3458 1410 τῶν
3483 1353 3593 1407 σῶν
3618 1354 3850 1414 οἰάκων,

2581 1453 2789 1518 Δαὸοῦ,
2817 1451 3071 1521 λογισμέ,
3101 1450 3232 1519 πρὶν
3265 1447 3311 1479 ⁸³
3339 1447 3719 1518 παραχθῶμεν
3739 1445 3852 1516 βίᾳ.

2590 1547 2661 1598 Ἦ
2694 1545 2797 1596 πού
2823 1562 2876 1597 τι
2913 1542 3061 1611 κάμὲ
3085 1543 3387 1611 συμπονεῖν
3421 1539 3741 1608 ἐπιτρέπεις
3768 1553 3784 1598 ;

2597 1641 2690 1702 Ὠς
2720 1634 2816 1691 οῦν
2849 1636 3093 1698 κελεύεις
3121 1636 3407 1704 πείθομαι.
3444 1635 3554 1686 Καὶ
3580 1633 3644 1701 δὴ
3668 1631 3793 1698 λέγε
3824 1645 3838 1660 ο

2587 1733 2659 1784 Σὺ
2693 1732 2794 1801 τὴν
2829 1728 3060 1783 σεαυτοῦ
3093 1727 3338 1796 κοσμίως
3373 1725 3557 1795 βάδιζέ
3585 1741 3700 1793 μοι.

2602 1825 2793 1893 Ἀρκεῖ
2831 1823 2940 1892 γὰρ
2969 1821 3036 1875 ἂν
3069 1821 3336 1875 κάλλιστα
3368 1818 3462 1872 καὶ
3503 1816 3711 1886 ταύτην
3764 1814 3997 1884 δράμῃς.

2589 1916 2825 1985 Βαθμῶν
2851 1914 2894 1967 δ’
2921 1913 3150 1967 ἐκείνων
3171 1914 3266 1965 καὶ
3291 1913 3501 1981 θρόνων
3519 1910 3656 1980 πρὸς
3678 1909 3774 1970 οῦς
3797 1908 3998 1978 πτύρῃ,

2595 2007 2790 2061 Πολλοὶ
2823 2007 2920 2075 μὲν
2954 2001 3095 2075 ἦσαν
3120 2005 3408 2073 ἐγκρατεῖς
3441 2001 3592 2072 χθὲς,
3633 2002 3726 2052 καὶ
3760 1997 3958 2062 πάλαι,

2592 2101 2789 2155 Πολλοὶ
2812 2100 2856 2152 δ’
2890 2099 3107 2151 ἔσονται
3132 2097 3460 2167 συρρέοντες
3479 2095 3558 2161 τῷ
3585 2094 3790 2163 χρόνῳ,

2698 2193 2791 2246 καὶ
2824 2190 3248 2244 συνεκλείπουσι
3281 2187 3483 2248 πάντες
3519 2187 3576 2238 ἐν
3613 2186 3793 2253 μέρει,

2603 2287 2750 2348 Ἐως
2772 2283 3192 2350 καταντήσωσιν
3228 2279 3308 2340 είς
3340 2278 3520 2330 κοινὸν
3550 2274 3721 2339 τέλος,

2595 2377 2780 2446 Μηδὲν
2815 2372 2947 2446 παρ’
2977 2370 3161 2425 αὐτῶν
3194 2369 3560 2440 κερδάναντες
3597 2367 3727 2421 ἄλλο
3751 2383 3828 2428 τι,

2598 2469 2748 2539 Πλὴν
2778 2470 2876 2530 τὰς
2905 2466 2992 2520 ἐπ’
3016 2466 3200 2526 αὐτοῖς
3230 2463 3486 2524 εὐθύνας,
3522 2463 3614 2514 καὶ
3638 2460 3767 2522 τοὺς
3791 2458 4009 2526 λόγους,

2600 2563 2772 2616 Πλέον
2798 2558 3110 2630 πικραίνειν
3142 2556 3374 2626 ὕστερον
3406 2553 3748 2622 πεφυκότας,

2597 2655 2666 2709 Ἢ
2701 2656 2944 2723 σήμερον
2965 2651 3230 2719 τέρπουσι
3264 2649 3390 2710 τοὺς
3417 2645 3818 2714 κεκτημένους.

2597 2747 2878 2812 Τέρπουσι
2909 2746 3017 2810 γὰρ
3050 2739 3214 2811 [ἀλλ’]
3248 2738 3440 2806 ῶσπερ
3487 2737 3766 2806 ἄνθρακες
3812 2735 4012 2806 βρέφη,

2600 2839 2741 2899 Τοὺς
2774 2836 2912 2904 πρὸς
2943 2834 3103 2903 μόνον
3131 2831 3194 2884 τὸ
3240 2830 3455 2883 στίλϐον
3505 2827 4013 2898 ἐκθαμὸουμένιυς,

2601 2935 2712 2986 Καὶ
2741 2931 2814 3000 μὴ
2849 2925 3193 2988 σκοποῦντας
3223 2924 3299 2986 ὼς
3331 2924 3445 2992 ἔχει
3469 2924 3564 2974 καὶ
3593 2922 3654 2974 τὸ
3684 2920 3909 2990 φλέγον,

2603 3029 2742 3094 Πρὶν
2772 3023 2838 3075 ειν
2871 3020 3060 3073 παθών
3089 3035 3173 3081 τις
3218 3015 3345 3070 νοῦν
3382 3016 3620 3082 ἐνέγκοι,
3679 3014 3776 3066 καὶ
3830 3011 4015 3082 μάθοι.

2604 3119 2809 3175 Ἔστω.
2843 3113 3019 3174 καλῶς
3049 3110 3303 3181 εἴρηκας.
3349 3108 3511 3160 Ἀλλά
3533 3107 3642 3174 γάρ
3667 3107 3836 3158 ποθεν

2608 3211 2682 3262 Τὸ
2711 3213 2803 3262 σον
2831 3207 3096 3260 τάλαντον
3121 3199 3448 3273 ἐμπορεύσῃ
3468 3201 3563 3252 τοῦ
3592 3199 3756 3265 λόγου
3779 3215 3796 3264 ς

2426 3365 2728 3424 curandum
2753 3372 2871 3417 est:
2903 3372 3128 3416 sturnus
3170 3371 3389 3426 quoque
3449 3353 3729 3422 crepitans
3772 3352 4019 3407 imbecilo

2429 3458 2515 3510 lus
2558 3465 2658 3508 est.
2699 3452 2793 3506 llis
2849 3467 2950 3520 ego
2989 3448 3295 3502 rationibus
3347 3453 3401 3500 et
3432 3443 3773 3514 argumentis
3816 3459 3904 3500 me
3933 3458 4020 3498 re-

747 3546 1010 3601 humilem
1050 3540 1254 3608 eligens
1304 3544 1672 3597 securitatem,
1709 3533 1935 3602 pedibus
1997 3530 2198 3582 animal
2234 3543 2330 3598 pe-
2429 3561 2584 3619 μηδ’
2620 3545 2784 3598 vim“
2812 3555 3032 3614 Imago.

744 3639 929 3692 deslre
985 3634 1224 3704 gradior,
1282 3631 1536 3683 omnibus
1567 3628 1786 3696 quidem
1815 3624 1956 3677 haud
2005 3622 2329 3692 perspicuus

748 3741 1006 3796 tanquam
1028 3741 1056 3777 e
1079 3722 1474 3792 superioribus,
1501 3723 1593 3773 sed
1631 3718 1816 3770 multis
1841 3717 2094 3768 deorsum
2129 3722 2324 3766 notus:

748 3820 893 3887 quod
954 3817 1148 3871 melius
1207 3813 1271 3866 ad
1328 3814 1550 3881 gloriam
1607 3824 1726 3863 esse
1762 3809 1908 3870 scio,
1949 3807 2167 3873 quando
2207 3806 2330 3872 quis

749 3913 863 3980 ipse
886 3925 952 3963 ex
1009 3906 1265 3960 inferiore
1322 3905 1439 3956 loco
1493 3902 1558 3953 ad
1608 3898 1950 3952 altitudinem
1999 3896 2247 3948 ascendit
2279 3901 2334 3946 et

751 4017 981 4070 magnus
1032 4007 1276 4068 apparet,
1313 3997 1389 4048 uti
1449 3994 1702 4048 colossus
1765 4005 1918 4044 suam
1972 4003 2167 4058 gerens
2220 3985 2333 4038 cel-

749 4096 1042 4150 situdinem
1096 4100 1150 4143 et
1175 4087 1307 4142 nihil
1335 4088 1399 4143 ad
1433 4084 1788 4139 elevationem
1837 4096 1866 4133 a
1898 4081 2019 4134 loco
2054 4088 2336 4133 mutuaris.

750 4189 1091 4254 Quicumque
1152 4197 1282 4236 vero
1339 4178 1601 4249 gradibus
1653 4185 1705 4229 et
1741 4174 1956 4227 thronis
1993 4171 2334 4240 superbiant,

753 4284 807 4335 hi
846 4281 977 4333 nihil
1012 4276 1262 4331 meliores
1295 4281 1421 4326 sunt
1451 4270 1656 4332 corvis,
1686 4267 1778 4337 qui
1811 4266 2005 4337 pennis
2034 4265 2338 4334 gloriantur

754 4372 973 4431 alienis,
1008 4376 1063 4420 et
1112 4379 1327 4418 rursum
1365 4362 1485 4415 istis
1541 4360 1729 4412 nudati
1776 4356 1969 4425 majori
2008 4354 2338 4408 contumelia

753 4461 1213 4518 confunduntur:
1254 4453 1584 4506 iactitiorum
1638 4451 1784 4503 enim
1842 4448 2089 4502 colorum
2117 4459 2340 4514 compa-

2955 3675 3091 3731 XCI.
3129 3673 3196 3728 In
3226 3675 3482 3744 «ipsum.

2504 3815 2752 3870 Trahunt
2804 3815 3080 3880 honores;
3122 3829 3276 3877 care,
3319 3813 3480 3866 turbo
3517 3814 3696 3866 velox.
3755 3810 4019 3883 Suﬂragia

2435 3910 2684 3964 [eruuntur
2720 3924 2735 3962 :
2761 3908 3076 3977 conspirant
3105 3915 3470 3974 tempestates.
3507 3903 3713 3958 Throni
3742 3918 3969 3959 vocant:
3993 3919 4020 3956 ο

2438 4004 2791 4070 gubernator,
2811 3996 3285 4054 intuere.\’idesne
3301 4010 3540 4066 quantus
3555 3998 3793 4051 surrexit
3807 3995 4022 4050 ﬂuctus?

2413 4095 2681 4159 'Festina,
2711 4107 3001 4158 succurre;
3031 4091 3369 4160 immergitur
3387 4090 3797 4160 cymba.()eius,
3817 4090 4021 4154 inlelix,

2439 4203 2590 4246 tuum
2654 4190 2843 4256 accipe
2887 4185 3359 4258 gubernaculum;
3417 4184 3796 4251 accipc,ratio,
3853 4185 4024 4253 prius-

2439 4297 2602 4351 quam
2628 4281 2677 4332 vi
2702 4279 3096 4347 opprimamur.
3121 4273 3396 4343 Numquid
3417 4282 3470 4327 ct
3495 4288 3580 4328 me
3605 4289 3768 4328 vocas
3785 4277 3849 4327 ad
3866 4275 4027 4327 colla-

2441 4373 2783 4428 borandum?
2807 4370 2875 4425 Ut
2899 4370 3088 4438 jubes,
3115 4383 3300 4436 parco.
3318 4367 3429 4420 .Dic
3457 4381 3608 4435 ergo.
3633 4365 3715 4419 Tu
3751 4369 4027 4436 sapienter

2445 4476 2594 4518 tuam
2657 4463 2876 4515 ambula
2929 4461 3071 4513 viam
3108 4476 3121 4512 :
3155 4458 3355 4514 suﬂicit
3417 4459 3560 4511 enim
3617 4458 3664 4510 si
3719 4474 3843 4512 eam
3874 4462 4029 4528 probe

757 4557 988 4616 ratione,
1017 4550 1272 4617 majorem
1309 4552 1637 4613 praesentant
1697 4539 2203 4594 informitalem.——
2235 4537 2338 4590 Sed

2451 4569 2766 4625 percurras.
2819 4552 3102 4606 Graduum
3133 4560 3316 4604 autem
3346 4549 3563 4603 illorum
3600 4565 3665 4604 ac
3701 4552 4026 4604 thronorum

763 4647 847 4696 his
875 4644 969 4710 qui
1027 4637 1242 4692 suntin
1284 4634 1498 4702 publico
1550 4630 1766 4700 plaudet
1824 4628 2007 4681 omnis
2062 4626 2242 4680 turba.
2273 4653 2343 4663 —

758 4733 999 4786 Turbam
1056 4729 1284 4780 audiens
1344 4725 1567 4791 Optime,
1635 4736 1742 4774 non
1799 4720 2037 4788 amplius
2064 4719 2283 4786 require
2328 4733 2343 4770 :

764 4828 918 4879 turba
968 4836 1202 4888 namque
1255 4816 1390 4870 nilnl
1444 4815 1591 4868 aliud
1649 4823 1754 4874 est,
1787 4827 1950 4879 quam
2008 4827 2137 4864 vera
2165 4812 2346 4871 turba,

764 4921 1035 4970 clamores
1131 4909 1544 4977 incompositos,
1599 4915 1856 4972 tanquam
1911 4904 2193 4970 proprium
2250 4918 2348 4971 po-

767 5013 975 5067 testatis
1038 5009 1298 5072 lenimen,
1329 5006 1639 5075 potentibus
1669 5003 2026 5066 distribuens,
2059 5001 2196 5054 nihil
2250 5016 2349 5054 au-

769 5115 876 5158 tem
911 5105 976 5156 ad
1001 5100 1288 5155 utilitatem
1338 5097 1652 5160 conﬁciens,
1690 5097 1801 5150 imo
1848 5109 2044 5149 nocere
2073 5095 2349 5162 antiquis-

769 5203 970 5255 simum
1005 5199 1231 5251 habens.
1271 5195 1396 5249 Illos
1427 5208 1661 5262 namque
1709 5208 1853 5261 sape
1891 5191 2142 5246 laudibus
2174 5189 2348 5254 inﬂat,

767 5304 824 5348 et
875 5292 1032 5362 quasi
1083 5306 1240 5342 veros
1276 5291 1468 5341 suadet
1492 5287 1680 5339 audire
1733 5299 2053 5349 sermones;
2097 5285 2186 5338 isti
2222 5296 2350 5336 vero

771 5386 903 5438 nihil
951 5392 1077 5435 sunt
1121 5382 1223 5432 nisi
1281 5381 1402 5432 vani
1435 5380 1714 5446 strepitus,
1745 5393 2007 5429 ranarum
2038 5375 2364 5445 proditores,

772 5477 1188 5546 Cogitationum,
1259 5473 1546 5525 mendaces
1576 5511 1590 5535 ,
1629 5473 1971 5534 seductores,
2007 5474 2351 5537 impostores,

773 5574 1024 5643 publicus
1083 5569 1246 5631 risus,
1298 5578 1492 5634 puteus
1570 5575 1749 5617 autem
1801 5567 2095 5626 debil.tnts,
2155 5565 2353 5632 quibus

774 5663 997 5718 conlidit
1024 5675 1210 5714 amens
1256 5658 1330 5713 De
1355 5660 1524 5712 multo
1556 5673 1684 5712 vero
1746 5661 1973 5727 srrepitu
2003 5675 2108 5712 non
2131 5662 2354 5711 omnino

847 5781 888 5808 ⁸⁷
922 5797 1010 5846 γρ,
1033 5778 1201 5847 φέρω,
1278 5779 1321 5808 ⁸⁸
1347 5796 1432 5847 χρ.
1465 5776 1825 5847 προσθέντων.
1898 5777 1940 5808 ⁸³
1974 5793 2058 5844 ῚῬ-
2096 5778 2353 5846 κρατοῦσι

780 5851 824 5884 ⁸³
858 5871 940 5917 ιι.
989 5865 1344 5919 παραχωμεν.

2421 5779 2465 5806 ’⁸
2501 5794 2585 5845 ητο
2617 5777 2880 5846 vibren-

2447 4664 2588 4716 quos
2626 4645 2974 4711 reformidas,
3005 4643 3160 4696 multi
3191 4643 3412 4710 quidem
3459 4643 3572 4696 heri
3629 4643 3917 4711 pridieqne
3943 4659 4035 4711 po-

2451 4747 2628 4792 tentes
2673 4745 2850 4801 erant,
2905 4735 3061 4788 multi
3091 4749 3218 4786 vero
3245 4743 3574 4788 concurrent
3601 4749 3726 4786 cum
3767 4743 4031 4802 tempore,

2452 4843 2690 4899 quocum
2721 4827 2888 4879 etiam
2925 4824 3109 4878 cuncti
3141 4823 3409 4876 deﬁciunt
3449 4823 3503 4876 in
3537 4824 3735 4885 vicem,
3767 4828 3940 4876 donec
3974 4825 4036 4874 ad

2453 4934 2800 4975 communem
2856 4917 3206 4986 pervenerint
3264 4915 3449 4981 ﬁnem,
3483 4916 3616 4970 nihil
3645 4917 3793 4969 aliud
3828 4932 3896 4970 ex
3937 4917 4036 4969 illis

2454 5013 2647 5066 lucrati
2675 5011 2780 5064 nisi
2811 5010 2878 5064 de
2906 5011 2988 5064 eis
3015 5008 3255 5062 rationes
3284 5008 3612 5074 reddendas,
3649 5010 3824 5079 magis
3861 5018 4034 5063 autem

2455 5108 2523 5161 ad
2584 5105 2882 5160 crastinam
2941 5103 3146 5155 ducunt
3184 5101 3627 5166 amaritudinem,
3688 5119 3852 5172 quam
3881 5103 4040 5156 hodie

2454 5198 2798 5266 possidentes
2845 5195 3139 5248 luctiﬁcam.
3189 5194 3490 5247 Lmttﬁcant
3541 5196 3714 5259 enim,
3765 5197 3860 5250 sed
3898 5195 4040 5248 velut

2453 5293 2718 5343 carbones
2747 5287 3004 5351 infantes,
3032 5289 3126 5356 qui
3146 5287 3325 5342 solum
3355 5289 3623 5340 mirantur
3647 5287 3907 5349 nitorem,
3947 5302 4040 5340 nec

2455 5383 2800 5436 considerant
2849 5396 2970 5434 esse
3015 5379 3178 5434 simul
3226 5380 3429 5449 ignem,
3456 5380 3634 5433 donec
3672 5379 3890 5448 patiens
3941 5379 4040 5432 ali-

2452 5477 2576 5542 quis
2639 5485 2870 5526 mentem
2928 5472 3176 5524 advertat
3232 5484 3286 5525 et
3355 5473 3552 5527 discat.
3602 5500 3672 5512 -—
3709 5472 3877 5537 Esto;
3929 5473 4044 5541 pul-

2454 5569 2584 5620 chre
2612 5568 2819 5619 dixisti.
2859 5565 2964 5618 Sed
3019 5567 3294 5634 quomodo
3327 5577 3419 5621 tuo
3451 5566 3598 5619 verbi
3628 5567 3834 5618 talento
3869 5579 4037 5632 uego-

2455 5660 2721 5713 tiaberis'l
2753 5688 2817 5698 —-
2861 5659 3019 5724 Quali
3068 5661 3213 5713 verbi
3241 5661 3467 5719 talento,
3515 5661 3722 5713 habens
3775 5659 4040 5714 verbum?

2963 5779 3001 5808 θ’
3032 5778 3260 5848 ὶκπεραί
3295 5795 3392 5833 ων.
3471 5780 3512 5800 “‘
3541 5794 3625 5846 rp.
3657 5777 3896 5834 τάλαντα
3927 5780 4039 5846 τάχ.
