4182 6454
734 417 867 487 1191

917 525 1080 593 Ὁρᾷς
1112 524 1221 594 γὰρ
1249 523 1399 575 οὐδὲν
1434 516 1510 574 ῶν
1546 523 1787 591 νοτίζεις
1822 522 2149 593 φασμάτων.

907 614 1068 666 Οὒτω
1105 614 1160 665 δέ
1192 630 1280 682 μοι
1313 611 1608 681 σκόπησον,
1638 611 1712 674 ὡς
1752 611 1939 680 σαφῶς
1988 611 2203 680 μάθοις.

908 707 974 759 Τί
1003 706 1159 768 δόξαν
1191 702 1348 765 εἶπας
1372 719 1388 768 ;
1416 704 1537 773 οὐχὶ
1575 704 1674 773 τὴν
1696 702 1933 771 πλήθους
1959 702 2189 772 πλάνην,

912 798 1015 849 Ἦν
1051 796 1144 847 καὶ
1174 795 1505 858 πλανῶνται,
1543 795 1638 845 καὶ
1671 793 1945 845 πλανῶσιν
1984 792 2205 855 ἐξίσους

908 886 1076 942 Οὐδὲν
1111 887 1245 954 πρὸς
1275 889 1421 956 ἡμᾶς
1448 886 1605 938 τοῦτο
1636 885 1761 946 τοὺς
1792 884 2139 954 ᾐσθημένους
2162 898 2173 908 ’

908 980 1081 1032 Πάλαι
1114 979 1221 1046 γάρ
1247 980 1424 1046 ἴσμεν,
1453 979 1533 1039 τίς
1573 977 1671 1046 μὲν
1700 976 2086 1045 ἀκριϐεστάτη,

908 1070 1003 1131 Τίς
1033 1071 1077 1122 δ’
1100 1066 1166 1122 αὖ
1200 1071 1407 1137 ματαία
1437 1066 1582 1131 δόξα,
1618 1069 1715 1121 καὶ
1740 1066 2102 1135 ψευδεστάτη.

911 1159 1171 1229 ιΙρὸςρῦν
1205 1161 1422 1231 ἐκείνην
1457 1163 1635 1213 πάντα
1671 1163 1686 1191 ⁸
1722 1158 2011 1211 συντείνων
2049 1156 2213 1209 πόθον

918 1250 1156 1300 Ἦκιστα
1187 1250 1360 1319 χαίρω
1394 1250 1521 1319 τῇδε
1546 1252 1610 1318 τῇ
1644 1246 2001 1316 ψευδωνύμῳ,

911 1339 1109 1392 Δίκαια
1150 1340 1344 1396 ποιῶν.
1383 1341 1409 1389 'l
1432 1344 1473 1401 ίς
1505 1342 1613 1409 γὰρ
1651 1338 1868 1389 εἰδώλου
1896 1338 2071 1404 λόγος,

927 1432 1076 1495 Ἐξον
1104 1434 1237 1501 πρὸς
1270 1431 1440 1500 αὐτὴν
1468 1432 1568 1499 τὴν
1602 1430 1863 1499 ἀλήθειαν
1899 1427 2155 1498 βλέπεινς

918 1525 1056 1577 Καθ’
1090 1525 1155 1595 ἠν
1188 1522 1298 1592 ἐγὼ
1334 1525 1590 1593 μέγιστον
1640 1522 1904 1593 εὑροίμην
1934 1522 2108 1584 κλέος,

912 1615 1162 1678 Δίωνίως
1203 1616 1405 1684 τέρπον
1441 1631 1530 1684 με,
1570 1614 1661 1665 καὶ
1700 1613 2110 1681 πληρεστάτως.

918 1706 993 1759 Τὸ
1033 1706 1129 1757 νῦν
1162 1705 1218 1757 δὲ
1254 1704 1450 1774 μικρὸν
1479 1702 1660 1765 τοῦτο,
1690 1703 1783 1755 καὶ
1818 1701 1946 1771 πρὸς
1972 1699 2185 1769 ἡμέραν

918 1799 1057 1860 Τοὺς
1085 1797 1159 1859 ὡς
1196 1798 1336 1865 μέγα
1368 1796 1691 1862 στέργοντας
1726 1791 1858 1845 αὐτὸ
1896 1789 2161 1855 παιζέτω,

914 1888 1058 1949 Ἕως
1090 1887 1345 1941 ἁποπτάν
1376 1884 1580 1946 πάντας
1607 1882 1803 1953 ἀθρόον
1834 1883 2019 1951 φύγοι,

915 1978 1244 2039 Πεισθέντας
1270 1978 1366 2045 ὀψὲ
1396 1978 1415 2007 ⁸
1442 1978 1612 2029 ταύτὰ
1639 1974 1925 2037 κάκείνους
1952 1974 2152 2041 λέγειν.

916 2070 1079 2137 Ιιῦγε,
1113 2068 1456 2139 κρατοῦμεν
1493 2068 1592 2119 οὐκ
1620 2067 1732 2117 ἐστι
1775 2065 2038 2133 τρικυμία
2066 2081 2077 2093 ·

930 2160 1308 2227 Ἐξημέρωται
1344 2159 1534 2217 πόντος
1568 2156 1937 2225 ἠγριωμένος,

928 2250 1019 2315 Ἐξ
1050 2250 1236 2320 οὐρίας
1268 2251 1296 2301 ὁ
1327 2248 1491 2311 πλοῦς
1518 2265 1576 2299 τε
1602 2248 1679 2315 τῷ
1716 2247 1917 2313 σκάφει
1947 2246 2126 2301 πάλιν.

914 2343 1145 2414 Θάρρει,
1182 2340 1409 2408 λογισμέ
1432 2354 1446 2370 ⁸
1487 2340 1583 2390 σὺν
1614 2336 1735 2407 Θεῷ
1764 2339 1870 2407 γάρ
1899 2340 2175 2406 ἐμπλέεις,

919 2438 1057 2506 Παρ’
1089 2430 1152 2487 οὗ
1183 2434 1244 2485 τὸ
1270 2433 1426 2502 νικᾷν
1449 2433 1507 2483 ὲν
1534 2430 1700 2498 ζάλης
1728 2433 1939 2499 καιροῖς
1971 2430 2133 2497 ἔχεις.

740 2530 855 2599 ιιιιν.
878 2526 1221 2595 Παλινῳδία
1242 2527 1393 2592 πρὸς
1414 2524 1601 2577 ταῦτα
1612 2522 1762 2592 μετὰ
1787 2522 1898 2588 τὴν
1920 2521 2319 2589 χειροτονίαν.

916 2626 1031 2676 υὺκ
1055 2628 1203 2674 ἑστιν
1232 2622 1362 2689 ημῖν
1403 2619 1640 2687 ἀτρεκὴς
1672 2612 1829 2678 οὗτος
1854 2616 2034 2683 λόγος.

917 2714 1225 2784 Ποιητικῶς
1256 2716 1363 2780 γάρ
1392 2711 1629 2779 λάζομαι
1659 2708 1827 2778 μῦθον
1852 2710 2037 2771 πάλιν,

918 2811 1039 2863 οζιό⁹
1075 2805 1421 2873 ἐμπεδοῦμεν
1452 2803 1520 2855 τά
1560 2804 1662 2871 πρὸ
1696 2800 1790 2854 τοῦ
1816 2801 2114 2869 δεδογμένα
2136 2814 2150 2829 ⁸

930 2904 1084 2955 Ἐπεὶ
1112 2901 1326 2970 βροτοῖς
1354 2899 1457 2958 πᾶ,
1489 2894 1887 2965 εὐμετάϐλητος
1912 2894 2086 2961 λόγος.

929 2994 1069 3066 Ἐρῶ
1100 2994 1156 3046 δὲ
1190 2989 1413 3062 μᾶλλον,
1443 2988 1515 3051 ὡς
1549 2989 1579 3039 ὁ
1612 2988 1712 3057 μὲν
1735 2986 1891 3055 λόγος
1930 2988 2108 3055 μένει,

742 3180 911 3249 gloria
947 3184 997 3230 te
1020 3175 1203 3237 ducet,
1237 3188 1344 3226 non
1370 3170 1473 3225 diei
1506 3170 1712 3223 tributo
1758 3169 2237 3223 contribuentem?
2262 3200 2329 3210 —

741 3270 982 3333 Placide,
1016 3269 1227 3328 infelix,
1282 3279 1503 3319 remane
1558 3266 1609 3315 in
1644 3264 1775 3316 locis
1828 3263 1936 3315 tuis
1966 3279 1979 3317 :
2015 3262 2150 3315 nihil
2180 3263 2324 3317 enim

742 3380 809 3418 ex
850 3360 1327 3431 phantasmatibus
1380 3356 1549 3409 vides.
1614 3355 1703 3406 Sic
1727 3362 1907 3407 autetu
1932 3353 2239 3417 considera,
2270 3363 2330 3407 ut

744 3455 1033 3514 manifeste
1087 3449 1381 3505 erudtaris.
1432 3447 1573 3512 Quid
1628 3447 1854 3515 gloriam
1906 3446 2083 3499 dicis?
2138 3443 2329 3502 Nonne

744 3543 1110 3603 multitudinis
1154 3555 1396 3595 errorem
1420 3579 1434 3601 ,
1490 3552 1601 3607 quo
1655 3540 1857 3606 pariter
1890 3538 2241 3606 decipiuntur
2265 3552 2329 3590 ae

744 3637 1068 3709 decipiunt?
1095 3634 1242 3689 Nihil
1274 3636 1379 3686 hoc
1408 3632 1474 3685 ad
1505 3645 1641 3684 nos:
1673 3631 1804 3683 olim
1831 3629 1976 3683 enim
2012 3630 2327 3693 didicimus,

744 3747 869 3801 quae
916 3726 1178 3798 perfecta,
1237 3740 1359 3793 qua:
1400 3737 1539 3776 vana
1589 3721 1861 3791 fallaxque
1909 3721 2167 3789 sitgloria
2199 3739 2212 3774 :
2246 3724 2327 3775 Ad

747 3824 893 3878 illam
932 3820 1096 3888 igitur
1134 3832 1294 3871 omne
1346 3816 1681 3868 contendens
1715 3813 2071 3877 desiderium,
2106 3816 2330 3867 minime

746 3929 817 3972 uo
863 3917 965 3967 hac
1008 3918 1151 3966 male
1185 3917 1373 3964 vocata
1424 3908 1654 3975 gaudeo.
1692 3905 1759 3958 Et
1807 3907 2021 3960 merito.
2068 3910 2326 3972 Quaenam

748 4010 893 4064 enim
939 4007 1004 4060 tle
1040 4004 1185 4058 idolo
1212 4003 1350 4055 ratio
1386 4002 1633 4053 habenda
1680 4008 1790 4061 est,
1832 4015 1956 4051 eum
1989 4000 2160 4066 ipsam
2188 3999 2331 4052 veri-

750 4108 918 4156 tatem
970 4098 1282 4166 prospicere
1321 4092 1487 4146 licet?
1523 4090 1679 4160 Apud
1726 4105 1891 4159 quam
1929 4090 2134 4143 utinam
2159 4092 2332 4141 inaxia

752 4209 903 4247 mum
940 4189 1211 4243 inveniam
1259 4184 1625 4254 splendorem,
1670 4192 1872 4236 teterne
1925 4180 2193 4251 pleneque
2244 4197 2332 4233 me

750 4280 1143 4337 delectanteml
1204 4275 1339 4331 illud
1370 4284 1553 4329 autem
1600 4274 1747 4343 quod
1811 4275 2084 4327 modicum
2117 4288 2182 4326 ac
2216 4289 2333 4325 mo-

754 4388 1105 4431 mentaueum
1157 4380 1264 4436 est,
1329 4377 1581 4423 amantes
1629 4369 1805 4437 ipsum
1868 4366 2025 4436 quasi
2074 4381 2329 4434 maguum

753 4468 956 4536 aliquid
988 4463 1161 4526 ludat,
1193 4462 1369 4515 donec
1399 4477 1431 4515 e
1461 4468 1756 4530 conspectu
1808 4460 1967 4528 plane
2014 4458 2185 4529 fugiat
2215 4476 2332 4513 om-

1882 410 2204 472 JOANNIS
2246 409 2816 473 EUCIIAITENSIS

2338 532 2387 587 Α

2603 519 2668 572 Ἦ
2710 518 3053 589 πραγμάτων
3084 516 3244 587 φύσις
3282 519 3338 572 δὲ
3366 519 3467 589 τὴν
3497 518 3703 589 τροπὴν
3731 517 3868 587 ἔχει.

2602 614 2923 684 ’Ἄνθρωπος
2946 612 3041 677 ῶν,
3077 613 3357 682 ἄνθρωπε,
3397 613 3565 684 μηδὲν
3591 612 3698 681 φὴς
3737 614 3906 680 μέγα.

2602 707 2675 757 03
2711 706 2976 775 πείσομαι
3002 706 3111 774 γὰρ
3138 705 3296 758 τοῦτο
3321 721 3334 734 ·
3374 706 3536 773 λῆρος
3563 705 3875 773 κομπάσαι,

2602 796 2747 858 Ἕως
2774 813 2856 858 τῆς
2881 797 3101 866 ἐμπνεῐ,
3135 798 3231 848 καὶ
3254 797 3345 847 τὸν
3372 796 3521 865 ἥλιον
3550 795 3764 865 βλέπει.

2598 886 2826 954 Μάρτυς
2853 888 2909 939 δὲ
2936 886 3143 940 τούτων
3184 886 3344 949 αὐτος
3381 881 3533 948 οὗτος
3556 888 3586 938 ὁ
3612 886 3867 955 γράφων,

2600 978 2817 1040 Παοὼν,
2850 978 3035 1048 μαθών
3067 996 3145 1043 τε,
3173 979 3265 1029 καὶ
3296 978 3637 1044 παλιλλογῶν
3665 978 3793 1029 τάδε
3813 995 3827 1007 ν

2604 1071 2700 1130 Ὃς
2730 1070 2853 1139 χθὲς
2884 1070 2982 1139 μὲν
3006 1070 3140 1124 ἄλλα
3163 1072 3257 1122 καὶ
3284 1068 3497 1139 φρονῶν
3524 1065 3615 1139 ἦν,
3640 1069 3735 1121 καὶ
3756 1070 4013 1137 γράφων,

2601 1160 2771 1229 Ὀναρ
2794 1159 3036 1230 θεωρῶν,
3072 1160 3146 1223 t'o;
3174 1160 3372 1223 ἔοικεν,
3407 1159 3505 1228 οὐχ
3544 1158 3718 1227 ῦπαρ,

2599 1252 2711 1323 Τὴν
2741 1253 2905 1322 μέχρι
2936 1252 3141 1313 παντὸς
3181 1252 3459 1322 ἐκτροπὴν
3489 1252 3597 1304 τῶν
3625 1250 3977 1321 πραγμάτων
4002 1267 4011 1276 '

2601 1345 2711 1397 Καὶ
2737 1346 2835 1414 τὴν
2867 1343 3148 1414 παροῦσαν
3188 1339 3248 1397 εὖ
3285 1343 3639 1402 καθεστῶσαν
3663 1343 3903 1413 βλέπων,

2602 1436 2645 1486 Τ
2649 1437 2716 1504 ὴν
2748 1434 2937 1505 αύριον
2972 1435 3202 1506 μάταιος
3232 1436 3333 1487 ούκ
3356 1437 3676 1491 ἐπεσκόπει.

2603 1528 2794 1598 Μέσην
2827 1545 2887 1581 τε
2927 1530 3027 1599 τὴν
3068 1529 3343 1583 θάλασσαν
3377 1530 3546 1583 είσέτι
3574 1529 3779 1592 πλέων,

2614 1617 2703 1681 Ὠς
2737 1620 2886 1683 ἐντὸς
2914 1622 3100 1689 ὅρμων
3139 1621 3471 1692 ἐθρασύνετο
3497 1621 3735 1690 φθάσας.

2603 1710 2861 1765 Τοιοῦτον
2888 1714 2921 1783 ἡ
2954 1712 3270 1783 βλάπτουσα
3300 1715 3390 1767 τὸν
3422 1713 3547 1767 νοῦν
3573 1714 3845 1783 κουφότης

2608 1804 2793 1856 Ιιείθει
2815 1805 3080 1874 νομίζειν,
3103 1804 3179 1869 ὡς
3211 1804 3406 1858 ἑαυτοῦ
3432 1823 3515 1867 τις
3546 1809 3758 1874 κρατεῖ,

2613 1896 2722 1948 Καὶ
2761 1896 2851 1947 τὸν
2887 1896 2998 1965 βίον
3023 1896 3257 1967 τίθησιν,
3299 1896 3372 1960 ὠς
3401 1897 3421 1927 ³
3456 1896 3603 1966 αὑτῷ
3636 1898 3814 1965 φίλον.

2610 1987 2716 2040 Τὸν
2743 1986 2922 2041 πάντα
2951 1988 3007 2041 δὲ
3038 1991 3339 2059 στρέφοντα
3367 1990 3664 2057 πανσόφοις
3684 1989 3884 2057 λόγοις,

2610 2078 2719 2129 Καὶ
2746 2078 2952 2139 πάντας
2984 2075 3278 2130 εὐθύνοντα
3308 2080 3445 2147 πρὸς
3481 2079 3543 2131 τὸ
3569 2080 3871 2148 συμφέρον,

2615 2173 2728 2224 Οὺκ
2767 2173 2966 2224 ἐννοεῖν
2996 2172 3234 2236 δίδωσιν,
3265 2172 3339 2236 ὡς
3370 2174 3433 2225 ού
3460 2176 3745 2242 φευκτέος,

2611 2261 2756 2323 Ἕως
2782 2259 2963 2313 λαθών
2988 2276 3072 2322 τις
3101 2261 3357 2329 ἐμπέσοι,
3390 2261 3487 2314 καὶ⁵
3514 2261 3638 2315 νοῦν
3677 2262 3829 2315 λάϐοι
3858 2281 3869 2291 ·

2614 2353 2710 2415 '0;
2743 2354 2885 2421 κάμὶ
2916 2352 3092 2405 πάντα
3132 2353 3221 2406 τὸν
3257 2356 3362 2422 προ
3393 2353 3487 2406 τοῦ
3523 2355 3730 2423 γλυκὺν
3759 2355 3873 2424 βίον

2626 2443 3025 2514 Ἀπραγμόνως
3064 2442 3328 2513 ζήσαντα,
3354 2446 3447 2496 καὶ
3472 2446 3767 2514 γαληνίως,

2611 2535 2789 2587 Πάλαι
2820 2550 2877 2585 τε
2904 2534 3119 2604 χαίρειν
3160 2536 3295 2588 πᾶσι
3325 2534 3494 2588 τοῖσδ’
3524 2537 3808 2608 εἰρηκότα,

2612 2625 2874 2695 Βαθμοῖς,
2900 2630 3282 2695 προπομπαῖς,
3308 2626 3608 2699 ἀξιώμασι,
3644 2628 3883 2697 θρόνοις,

2608 2714 2756 2789 Δύτῂ
2785 2717 2973 2770 κακῶν
3010 2718 3149 2789 ζάλῃ
3172 2735 3230 2770 τε
3266 2721 3357 2772 καὶ
3385 2720 3676 2790 τρικυμία,

2609 2804 2712 2860 Ὧν
2736 2810 3121 2878 ἐμπέπλησται
3152 2811 3302 2863 πᾶσα
3328 2810 3457 2875 δόξα
3480 2812 3574 2863 τοῦ
3603 2812 3742 2881 βίου,

2614 2900 2755 2969 Ἤδη
2776 2917 2835 2952 τε
2868 2902 3025 2971 νικᾷν
3057 2904 3135 2963 εἰς
3167 2900 3317 2963 τέλος
3353 2905 3744 2972 πεπεισμένον,

2613 2990 2737 3061 (Ὧς
2766 2992 2832 3045 ἄν
2858 3008 2938 3054 τις
2968 2992 3119 3045 ἐνθεν
3147 2987 3226 3055 οἷς
3259 2993 3678 3063 προγέγραπται
3707 2995 3855 3059 τότε,

2438 3176 2580 3230 enim
2618 3175 2942 3231 mortalibus
2972 3184 3056 3231 est
3079 3176 3354 3232 mutabilis
3393 3178 3573 3232 omnis
3599 3193 3803 3233 sermo.
3835 3177 4023 3233 Dicam

2439 3283 2565 3321 vero
2592 3269 2771 3337 potius
2796 3282 3102 3321 sermonem
3138 3269 3358 3336 quidem
3395 3283 3631 3334 manere,
3686 3269 3784 3323 sed
3834 3284 4022 3323 rerum

2437 3368 2689 3411 naturam
2718 3358 2901 3411 subire
2925 3360 3302 3413 mutationem.
3332 3359 3505 3413 Homo
3529 3376 3652 3414 cum
3694 3360 3795 3426 sis,
3828 3360 4019 3419 homo.

2435 3450 2569 3503 nilnl
2604 3452 2783 3519 magni
2834 3450 2987 3504 dicas
3023 3467 3039 3505 :
3073 3466 3182 3505 non
3213 3451 3358 3504 enim
3412 3453 3514 3504 hoc
3550 3452 3772 3505 credam
3809 3468 3825 3505 :
3863 3469 4016 3522 nugae

2430 3538 2773 3607 jattitautur,
2802 3539 2931 3593 dum
2960 3541 3083 3607 quis
3116 3540 3289 3609 spirat
3312 3555 3373 3594 ac
3397 3541 3565 3595 solem
3590 3543 3811 3610 aspicit.
3841 3544 4020 3598 Testis

2435 3639 2616 3685 autem
2672 3633 2926 3695 istorum,
2984 3632 3078 3701 qui
3132 3648 3254 3702 qua:
3312 3649 3506 3702 passus
3559 3634 3751 3688 didicit
3810 3650 3878 3689 ac
3915 3637 4015 3691 ista

2438 3722 2603 3777 refert
2629 3738 2643 3787 ;
2674 3723 2769 3791 qui
2795 3724 3015 3791 quidem
3042 3723 3157 3778 heri
3197 3725 3301 3777 alia
3333 3726 3601 3779 sentiebat
3628 3740 3692 3779 ac
3720 3728 4019 3785 scribebat.

2436 3818 2708 3869 somnium
2760 3816 2967 3879 videns,
3019 3822 3075 3867 ut
3118 3824 3360 3883 apparet,
3411 3832 3518 3869 non
3568 3818 3773 3871 realem
3820 3819 4019 3881 visum,

2438 3924 2619 3962 rerum
2672 3907 3043 3961 otunitnodam
3112 3907 3531 3976 explicationem
3595 3918 3649 3963 et
3693 3924 4019 3980 praesentem

2441 4002 2632 4052 videns
2688 3998 3093 4063 continuatum,
3146 4000 3444 4053 crastinam
3499 4015 3672 4056 vanus
3706 4018 3819 4057 non
3850 4006 4020 4059 intue-

2440 4096 2618 4153 batur,
2668 4102 2720 4144 ιιι
2762 4092 2938 4144 medio
2968 4094 3105 4144 mari
3138 4092 3421 4161 navigans,
3456 4102 3516 4147 ut
3568 4095 3679 4163 jam
3708 4096 3765 4148 in
3804 4108 4021 4164 portum

2440 4184 2741 4253 ingressus,
2772 4199 2997 4238 securus
3018 4195 3157 4237 erat.
3194 4183 3307 4238 Sitit
3345 4199 3579 4240 mentem
3614 4187 3810 4244 ludens
3849 4192 4024 4243 mobi-

2440 4278 2562 4331 litas
2617 4285 2868 4343 reputare
2895 4276 3085 4329 suadet
3115 4290 3382 4344 quemque
3439 4278 3524 4332 sui
3588 4279 3876 4335 dominum
3903 4298 4022 4335 esse

2440 4380 2737 4435 \ntamqne.
2789 4369 2931 4421 sicut
2982 4369 3082 4436 ipsi
3131 4370 3332 4421 bonum
3393 4378 3496 4429 est,
3550 4380 3822 4427 statuere.
3867 4373 4019 4428 Illum

2440 4469 2622 4513 autem
2652 4461 2743 4527 qui
2799 4470 2993 4512 cuneta
3029 4460 3369 4527 sapientibus
3394 4463 3554 4513 vertit
3606 4464 3940 4529 rationibus,
3972 4476 4023 4519 et

755 4576 874 4625 nes,
937 4572 1063 4613 sero
1093 4558 1279 4611 doctos
1307 4562 1362 4608 et
1388 4554 1536 4623 ipsos
1566 4554 1756 4607 eadem
1799 4554 1980 4607 dicere
2013 4568 2029 4605 :
2061 4581 2130 4593 —
2170 4551 2337 4621 Euge,
2371 4568 2416 4624 υ
2443 4566 2631 4605 omnes
2667 4551 2733 4603 ad
2771 4551 3054 4603 utilitatem
3086 4551 3289 4619 dirigit,
3347 4567 3455 4605 non
3502 4565 3744 4623 cogitare
3778 4558 3894 4623 dat,
3938 4570 4022 4612 ut-

756 4661 1081 4722 praastanius
1104 4666 1119 4704 :
1145 4649 1260 4716 jam
1293 4662 1401 4699 non
1451 4655 1534 4700 est
1569 4654 1885 4714 tempestas.
1924 4642 2166 4708 Quicscit
2198 4658 2331 4697 esa-

756 4754 1006 4813 speratus
1037 4749 1255 4811 pontus,
1293 4738 1526 4805 navique
1571 4752 1767 4790 cursus
1815 4734 2014 4788 iterum
2039 4749 2335 4804 prosperus

757 4837 940 4889 datur.
988 4833 1183 4899 Macte,
1235 4832 1412 4896 ratio;
1440 4830 1547 4883 Deo
1590 4833 1748 4892 duee,
1784 4828 1876 4897 qui
1910 4836 1963 4880 te
1993 4838 2253 4881 Victorem
2283 4827 2335 4879 in

760 4933 1148 4991 tempestatum
1173 4921 1441 4991 angustiis
1461 4918 1761 4989 praestabit,
1787 4919 2035 4986 navigas.

866 5013 1027 5069 XCII.
1064 5012 1354 5066 Patina..ia
1390 5026 1544 5079 super
1565 5012 1644 5063 Itis
1674 5021 1791 5077 post
1824 5011 2229 5063 ordinationem.

834 5100 953 5155 Non
1004 5112 1086 5155 est
1119 5110 1301 5153 rettus
1348 5102 1505 5153 nobis
1532 5100 1618 5153 hic
1656 5113 1837 5153 sermo
1869 5116 1883 5153 :
1918 5104 2125 5169 poetice
2188 5116 2336 5152 nanu-

764 5209 870 5262 que
898 5208 1118 5248 resumo
1142 5194 1305 5259 dicta,
1335 5208 1436 5246 nec
1472 5205 1601 5247 ante
1656 5194 1866 5261 prolata
1927 5195 2213 5247 contirmo.
2242 5192 2335 5247 Bt—

841 5374 855 5404 '
888 5390 980 5442 τρ.
1007 5374 1301 5427 συντεῖνον.
1382 5376 1401 5406 ¹
1435 5390 1525 5443 rp.
1555 5371 1727 5426 ταῦτα
1802 5373 1823 5404 ³
1855 5387 1946 5439 πρ.
1983 5370 2155 5439 αὐτῷ.

2440 4652 2565 4710 pote
2592 4642 2683 4709 qui
2717 4656 2823 4694 non
2857 4642 3142 4710 fugiendus
3170 4653 3272 4706 est,
3303 4644 3476 4696 donec
3504 4648 3629 4713 quis
3664 4648 4022 4705 absconditus

2442 4735 2623 4795 cadat,
2654 4744 2706 4785 et
2738 4743 2971 4785 tuentem
2996 4743 3192 4786 sumat.
3213 4734 3314 4797 Qui
3350 4751 3435 4788 tne
3468 4753 3709 4807 quoque,
3737 4743 3832 4808 qui
3856 4752 4019 4795 totam

2446 4834 2609 4877 vtam
2662 4825 2901 4893 quietam
2961 4826 3112 4890 duxi,
3174 4827 3605 4897 jamdudumque
3648 4833 3735 4885 his
3771 4838 4022 4888 omnibus

2449 4920 2829 4982 valedixeram,
2856 4918 3134 4988 gradibus,
3184 4920 3416 4987 pompis,
3450 4920 3835 4989 dignitatibus,
3874 4925 4022 4973 thro-

2448 5014 2554 5075 nis,
2609 5011 2710 5079 ipsi
2771 5020 3074 5079 tempestati
3120 5011 3431 5080 turbinique
3486 5013 3780 5079 malorum,
3820 5015 4021 5081 quibus

2448 5112 2639 5159 cuncta
2692 5104 2812 5157 vita:
2857 5106 3026 5173 gloria
3064 5104 3320 5171 repletur,
3351 5112 3405 5156 et
3440 5102 3552 5173 jam
3584 5104 3635 5157 in
3667 5106 3775 5159 line
3808 5108 4020 5160 vincere

2449 5197 2787 5248 conlidebam
2837 5207 3116 5265 ttauquam
3172 5203 3230 5247 ut
3282 5194 3407 5263 quis
3469 5197 3598 5250 hinc
3648 5196 3853 5266 quibus
3886 5214 4020 5267 pra:-

2034 5527 2302 5588 Muttbmi
2352 5526 2527 5587 Busti
2563 5536 2749 5591 notua.

769 5680 951 5737 οὐδὲν
973 5673 1061 5733 ὧν
1081 5677 1276 5743 δοκεῖς
1305 5677 1449 5746 σάφ’
1482 5675 1722 5730 εἰδέναι.
1748 5676 1927 5744 Atque
1970 5677 2190 5728 eosdem
2221 5689 2339 5727 ver-

770 5767 866 5805 sus
911 5761 1101 5804 contra
1156 5755 1410 5803 stolidum
1439 5752 1589 5803 illum
1622 5749 1963 5815 antiquitatis
2004 5757 2340 5813 contemptu-

773 5836 887 5878 rem
911 5820 1229 5875 Thessalum
1288 5830 1583 5889 opportune
1606 5814 1884 5887 usurpavit
1910 5814 2147 5870 Galenus
2175 5818 2265 5869 liti.
2302 5831 2339 5868 t.

2450 5675 2517 5757 tle
2551 5676 2819 5757 bfethoilo,
2838 5678 2953 5757 lucc
2985 5677 3203 5749 insuper
3225 5684 3490 5745 attexens,
3518 5677 3730 5751 δνειρον
3750 5677 4017 5753 ὁρέστειον

2451 5749 2634 5817 διηγῇ,
2668 5749 2929 5801 θέσσαλε.
