4182 6454
689 364 823 430 19.07

1716 369 1774 430 J.
1818 370 2202 431 XlPllllJNl
2249 373 2362 434 CP.
2406 373 2921 436 PATRIARCHE

3825 369 3961 437 1203

684 492 793 531 non
839 474 1042 529 videbit
1096 475 1154 529 in
1214 482 1482 529 aeternum
1516 475 1609 545 qui
1655 478 1882 530 tirmiter
1922 477 2104 532 divina
2130 495 2267 542 pra!—

2386 479 2466 533 τὸν
2496 480 2692 537 αίῶνα.
2727 498 2747 532 ι
2772 483 3029 552 Δέχονται
3063 484 3167 553 μὲν
3197 482 3279 548 είς
3317 478 3433 537 ῶτα
3467 481 3555 537 τὸν
3579 481 3678 537 τοῦ
3704 483 3846 537 Θεοῦ
3876 485 3963 537 λά-

679 577 835 640 cepta
868 577 921 623 et
949 567 1206 622 mandata
1234 566 1436 622 Christi
1467 569 1725 624 custodit.
1750 568 1876 624 llaec
1911 580 2096 625 autem
2132 571 2268 628 dicit

681 659 972 726 Dominus,
1030 676 1139 716 non
1188 660 1416 715 omnino
1464 662 1619 716 carni
1681 671 1910 718 mortem
1978 662 2265 726 auferens,

675 756 775 813 sed
805 764 1035 811 mortem
1082 770 1186 810 non
1227 753 1339 823 jam
1392 766 1623 811 mortem
1705 770 1829 812 esse
1855 766 2156 828 reputans,
2211 766 2270 811 ut

677 848 845 902 Deus.
878 847 1066 914 Neque
1101 846 1248 901 enim
1286 855 1498 901 tantum
1535 846 1646 902 Deo
1691 847 1851 903 facile
1881 857 1966 904 est
1990 858 2265 903 mortuum

674 951 727 994 et
775 948 1118 1008 corruptum,
1159 940 1619 1009 quemadmodum
1677 941 1897 1004 accidit.
1964 943 2266 1007 vivitieare,

674 1032 770 1086 sed
805 1031 971 1085 etiam
1005 1032 1150 1101 quod
1196 1047 1302 1085 non
1324 1040 1409 1088 est
1439 1033 1492 1087 in
1519 1034 1929 1102 generationem
1976 1034 2268 1091 adducere.

674 1123 741 1178 Et
805 1124 927 1178 ideo
957 1123 1179 1193 quidem
1232 1123 1365 1179 dicit
1400 1143 1413 1179 :
1454 1143 1471 1177 ι
1504 1125 1859 1187 Adolescens.
1912 1127 2009 1182 tibi
2048 1127 2172 1182 dico
2218 1136 2272 1181 et

672 1217 908 1286 impero,
940 1221 1123 1287 surge.
1154 1236 1171 1269 ›
1200 1215 1323 1272 Tibi
1356 1228 1571 1272 mortuo
1599 1218 1756 1284 dico;
1783 1233 1887 1273 non
1920 1218 2146 1274 alteram
2174 1234 2272 1290 pro

677 1309 848 1363 altera
907 1294 1110 1364 induco
1178 1310 1260 1362 vel
1301 1311 1510 1378 inspiro
1556 1310 1832 1377 animam;
1865 1310 2113 1366 eamdem
2142 1326 2272 1365 vero

671 1400 841 1470 juhco
899 1418 1017 1457 mea
1055 1402 1260 1455 virtute
1294 1414 1347 1455 et
1400 1412 1667 1469 potestate
1700 1403 1934 1470 regredi.
1978 1401 2272 1459 Viviticare

676 1505 731 1549 ct
760 1497 1173 1566 evigilaljussit
1195 1497 1459 1551 Dominus
1493 1508 1547 1551 et
1584 1514 1777 1553 servus
1809 1498 2015 1552 obediit
2059 1498 2271 1551 Domini

681 1588 965 1654 mandato,
1011 1596 1064 1642 et
1093 1590 1364 1643 animatus
1400 1600 1453 1642 el.
1512 1599 1719 1643 motum
1750 1590 2024 1659 accipiens
2048 1591 2269 1653 resedit,

684 1690 740 1736 et
773 1683 937 1751 c’mpit
978 1669 1130 1751 Ιοηυί
1172 1698 1355 1737 coram
1410 1683 1561 1737 omni
1592 1684 1816 1754 populo,
1841 1700 1908 1738 ne
1932 1684 2059 1754 quis
2089 1686 2274 1755 suspi-

2376 587 2474 640 γον
2505 573 2599 625 καὶ
2623 572 2883 643 δαίμονες
2914 574 3011 627 καὶ
3044 574 3329 646 ἄνθρωποι
3364 574 3584 644 φαῦλοι,
3627 576 3748 628 ἀλλ’
3779 576 3881 629 οὑκ
3909 579 3966 628 ἐν

2374 664 2641 733 ἀκροάσει
2678 665 2844 734 μόνον
2871 665 3000 736 ψιλῇ
3039 666 3139 734 τῆς
3178 668 3456 736 σωτηρίας
3484 669 3512 719 ό
3542 668 3724 731 λόγος.
3754 667 3881 720 οὐδὲ
3910 672 3966 719 ἐν

2380 754 2529 823 μόνῳ
2580 757 2658 824 τῷ
2695 754 2891 825 μαθεῖν
2919 757 2953 827 ἡ
3002 755 3138 827 ζωὴ,
3175 758 3293 810 ἀλλ’
3337 758 3396 809 ἐν
3447 756 3528 828 τῷ
3575 759 3823 829 τηρῆσαι
3870 761 3967 810 καὶ

2379 846 2672 917 πληρῶσαι
2699 847 2763 901 τὸ
2796 848 3089 903 ἀκουσθέν.
3125 849 3375 903 Θάνατον
3406 851 3591 904 τοίνυν
3628 851 3691 901 οὐ
3733 850 3811 919 μὴ
3841 851 3950 902 Θλυ

2385 939 2529 1009 ρὴσῃ
2570 939 2653 1001 είς
2714 939 2807 993 τὸν
2847 940 3021 993 αίῶνα
3060 944 3089 994 ὁ
3139 940 3357 1011 βέϐαιος
3414 940 3592 1012 φύλαξ
3630 942 3744 994 τῶν
3802 941 3966 993 θείων

2376 1030 2610 1085 ἐντολῶν
2660 1031 2756 1085 καὶ
2809 1035 3262 1103 προσταγμάτων
3310 1034 3407 1087 τοῦ
3459 1034 3728 1105 Χριστοῦ.
3776 1032 3967 1086 Ταῦτα

2375 1126 2433 1180 δὲ
2465 1127 2618 1196 λέγει
2649 1127 2679 1178 ὁ
2717 1124 2948 1197 Κύριος,
2980 1127 3103 1197 ούχὶ
3139 1127 3361 1192 πάντως
3396 1127 3640 1199 ἀναιρῶν
3670 1128 3732 1183 τὸ
3768 1126 3965 1180 τεθνάο

2376 1238 2467 1273 ναι
2520 1223 2713 1293 σαρκὶ,
2763 1221 2903 1277 ἀλλὰ
2968 1223 3063 1275 τὸν
3094 1223 3351 1287 Θάνατον,
3417 1223 3650 1277 θάνατον
3698 1217 3842 1275 εἶναι
3893 1220 3968 1291 μὴ

2375 1311 2751 1383 λογιζόμενος.
2803 1312 2879 1377 ὼς
2928 1314 3062 1377 Θεὸς
3108 1314 3254 1382 (Li)-
3308 1315 3430 1369 οὐδὲ
3468 1314 3547 1384 τῷ
3588 1314 3708 1384 Θεῷ
3762 1314 3825 1366 τδ
3888 1330 3971 1364 νε-

2375 1404 2530 1473 κρὸν,
2585 1404 2724 1458 καθὸ
2757 1405 3027 1474 πέφυκεν,
3052 1406 3189 1461 ἀλλὰ
3242 1408 3335 1458 καὶ
3377 1408 3439 1460 τὸ
3471 1408 3547 1477 μὴ
3580 1408 3638 1460 ὃν
3685 1407 3850 1474 ἄγειν
3891 1408 3968 1469 εἰς

2374 1497 2616 1565 γένεσιν,
2648 1497 2745 1552 καὶ
2775 1497 2837 1550 τὸ
2863 1497 3325 1569 κατεφθαρμένοι]
3366 1500 3607 1562 εὐκόλως
3645 1498 3965 1563 ζωοποιεῖν.

2373 1591 2475 1642 Διὰ
2512 1591 2622 1660 γὰρ
2688 1588 2850 1643 τοῦτο
2903 1590 3001 1645 καὶ
3048 1589 3220 1658 λέγει,
3287 1590 3583 1655 Νεανίσκε,
3652 1589 3739 1643 σοὶ
3770 1589 3970 1659 ιλέγω,

2376 1684 2473 1737 καὶ
2506 1684 2591 1736 σοὶ
2653 1682 3007 1753 προστάσσω,
3064 1682 3349 1753 ἐγέρθητι.
3404 1685 3519 1748 Σοὶ,
3568 1682 3648 1753 τῷ
3707 1682 3975 1736 τεθνεῶτι

678 1782 902 1828 carctnr
967 1775 1171 1829 malum
1223 1774 1479 1843 spiritum
1525 1776 1833 1845 ingressum
1892 1775 2014 1846 ejus
2068 1791 2272 1846 corpus

2386 1776 2550 1842 λέγον
2583 1775 2683 1844 οὐχ
2711 1776 2912 1845 ἑτέραν
2940 1775 3060 1829 ἀνθ’
3091 1777 3285 1846 ἐτέρας
3324 1775 3531 1843 εἰσάγω
3557 1775 3591 1846 ἢ
3620 1774 3849 1843 ἐμπνέω
3872 1773 3977 1842 ψυ-

678 1869 941 1933 movisse,
991 1878 1048 1937 ct
1094 1884 1187 1937 per
1215 1868 1590 1939 deceptionem
1649 1878 1704 1926 et
1754 1868 1940 1924 dolum
1985 1884 2101 1925 rem
2128 1869 2271 1924 acci-

2386 1864 2483 1935 χὴν
2525 1863 2664 1935 (15),
2698 1864 2873 1936 αὐτὴν
2923 1865 3312 1934 ἀνακαλοῦμαι
3348 1864 3693 1929 δεσποτικῶς
3732 1867 3805 1936 τῇ
3865 1864 3974 1934 ὲμῇ

677 1959 843 2014 disse.
866 1960 1209 2030 Quapmptcr
1235 1962 1439 2016 resedit
1467 1971 1714 2018 mortuus
1740 1971 1796 2018 et
1814 1962 2143 2033 loquebatur
2202 1971 2263 2017 ut

2386 1956 2612 2026 δυνάμει
2666 1956 3036 2027 ὑποστρέψαι.
3078 1957 3343 2028 Ζωώθητι
3378 1959 3473 2011 καὶ
3524 1956 3813 2029 ἐγέρθητι,
3852 1956 3981 2010 ἐκι-

679 2052 747 2106 de
800 2052 1083 2105 communi
1136 2062 1192 2106 et
1236 2052 1533 2108 universali
1632 2062 1977 2110 mortuorum
2019 2068 2274 2110 resurre-

2386 2046 2576 2100 λευσεν
2605 2049 2633 2101 ὁ
2674 2047 2979 2118 Δεσπότης,
3012 2049 3113 2101 καὶ
3158 2048 3188 2101 ὁ
3220 2046 3410 2111 δοῦλος
3447 2047 3729 2117 ὑπήκουσε
3766 2044 3849 2115 τῷ
3881 2042 3979 2097 τοῦ

677 2144 861 2199 ctione
918 2144 1076 2200 ﬁdem
1107 2144 1334 2201 faceret.
1395 2145 1524 2202 [iure
1554 2148 1700 2202 enim
1744 2148 1899 2219 signa
1927 2157 2087 2202 erant
2118 2147 2273 2201 lirma

2386 2140 2661 2193 Δεσπότου
2691 2140 3106 2210 προστάγματι,
3137 2139 3234 2194 καί⁵
3266 2140 3568 2211 ψυχωθεὶς,
3595 2140 3690 2193 καὶ
3727 2138 3981 2208 κινηθεὶς

677 2246 730 2290 οι
764 2247 911 2294 certa
935 2236 1379 2292 resurrectionis.
1404 2235 1618 2308 Corpus
1634 2236 1779 2292 enim
1803 2253 1911 2293 non
1948 2238 2275 2300 animatum,

2388 2233 2708 2297 ἀνεκάθισε,
2752 2234 2847 2286 καὶ
2884 2232 3093 2305 ἤρξατο
3137 2233 3325 2289 λαλεῖν
3373 2232 3610 2287 ἐνώπιον
3645 2231 3856 2295 παντὸς
3882 2229 3981 2284 τοῦ

678 2344 857 2397 neque
919 2329 1109 2385 sedere
1140 2346 1317 2400 neque
1343 2330 1491 2401 loqui
1545 2346 1733 2386 revera
1756 2339 1953 2401 potest.
2000 2330 2157 2386 Unde
2225 2339 2274 2383 et

2387 2326 2542 2392 λαοῦ,
2568 2326 2656 2378 ἵνα
2687 2326 2763 2395 μή
2790 2341 2875 2387 τις
2903 2324 3180 2397 ὑπολάϐῃ,
3203 2327 3287 2380 ὅτι
3319 2324 3539 2395 πνεῦμα
3566 2323 3679 2396 (16)
3706 2322 3983 2392 πονηρίας

680 2416 836 2477 dedit
869 2419 1022 2473 illum
1086 2419 1248 2474 matri
1278 2435 1389 2476 sum
1430 2420 1497 2476 ad
1531 2420 1795 2491 majorem
1834 2421 2014 2476 adhuc
2048 2435 2274 2490 persua-

2386 2415 2716 2470 ύπεισελθὸν
2750 2415 2811 2468 τὸ
2861 2416 3022 2486 σῶμα
3057 2419 3306 2489 ἐκίνησε,
3348 2420 3445 2472 καὶ
3480 2417 3624 2471 κατὰ
3665 2414 3984 2486 φαντασίαν

678 2511 891 2566 sionem
927 2522 980 2567 ct
1016 2512 1200 2568 fidem.

2388 2510 2579 2563 λοιπὸν
2615 2511 2712 2563 καὶ
2740 2509 2962 2581 ἀπάτην
2988 2512 3050 2565 τὸ
3080 2513 3318 2583 πρᾶγμα
3340 2513 3657 2583 γεγένηται.
3688 2509 3793 2563 Διὰ
3824 2508 3985 2561 τοίτο

678 2607 777 2665 καλ⁵
829 2607 1155 2662 ἀνεκάθισεν
1220 2607 1250 2659 ὁ
1318 2608 1513 2680 νεκρὸς
1579 2607 1674 2660 καὶ
1734 2604 1911 2656 ἐλάλει
1966 2609 2105 2674 πρὸς
2156 2602 2533 2676 πληροφορίαν
2602 2602 2703 2672 τῆς
2784 2603 2973 2674 κοινῆς
3029 2607 3124 2658 καὶ
3191 2604 3489 2676 καθολικῆς
3541 2605 3821 2674 ὲγὲρσεως
3872 2603 3987 2657 τῶν

680 2686 913 2774 νεκρῶν.
943 2702 1131 2758 Ταῦτκ
1159 2702 1269 2774 γὰρ
1303 2707 1509 2774 σημεῖα
1544 2705 1644 2776 τῆς
1671 2702 2024 2767 ἀναστάσεως
2052 2702 2246 2772 βέϐαια
2287 2702 2381 2756 καὶ
2407 2699 2663 2770 ἀσφαλῆ·
2698 2699 2861 2771 σῶμα
2884 2700 2993 2772 γὰρ
3019 2701 3251 2771 ἄψυχον,
3272 2701 3397 2754 οὔτε
3429 2702 3613 2771 λέγειν
3644 2700 3877 2757 δύναται
3912 2707 3983 2777 τῇ

681 2798 916 2870 ἀληθείᾳ
936 2814 953 2830 ο
987 2798 1113 2854 ὅθεν
1149 2800 1244 2854 καὶ
1313 2799 1517 2855 ἔδωκεν
1547 2799 1712 2857 αὑτὸν
1767 2804 1835 2872 τῇ
1865 2803 2039 2875 μητρὶ
2062 2799 2228 2855 αὑτοῦ
2268 2798 2406 2869 πρὸς
2438 2796 2664 2851 πλείονα
2698 2796 3077 2869 πληροφορίαν
3112 2800 3208 2853 καὶ
3244 2798 3533 2854 πίστωσιν.

758 2895 1057 2963 Postquam
1146 2892 1293 2948 enim
1364 2892 1690 2948 miraculum
1783 2893 1915 2948 illud
1958 2893 2164 2964 grande
2221 2892 2274 2946 in

685 2987 938 3042 timorem
974 2992 1032 3039 et
1063 2991 1341 3053 stuporem
1375 2996 1570 3039 Omnes
1605 2985 1698 3054 qui
1732 2984 1994 3040 adderant
2020 2983 2273 3046 adduxit,

2468 2888 2690 2959 Ἐπειδὴ
2732 2890 2792 2944 δὲ
2817 2890 2879 2942 τὸ
2912 2892 3223 2961 παράδοξον
3264 2890 3361 2944 τοῦ
3397 2892 3641 2962 μεγάλου
3695 2892 3987 2965 θαύματος

2381 2981 2576 3035 τούτου
2610 2983 2692 3046 είς
2725 2982 2895 3052 φόϐον
2925 2984 3025 3037 καὶ
3062 2984 3411 3055 κατάπληξιν
3444 2986 3577 3049 τοὺς
3610 2986 3736 3038 τότε
3764 2987 3987 3058 παρόν-

684 3078 1131 3150 glorificaverunt
1161 3076 1332 3132 Deum
1361 3078 1607 3133 dicentes
1648 3095 1660 3131 :
1691 3097 1709 3129 ε
1749 3079 2020 3150 Propheta
2041 3091 2275 3146 magnus

2386 3092 2480 3138 τας
2519 3075 2735 3144 ἢγαγεν
2784 3076 3063 3140 ἅπαντας,
3112 3077 3208 3129 καὶ
3261 3077 3516 3142 ἐδόξαζον
3565 3077 3659 3131 τὸν
3708 3078 3847 3132 Θεὸν
3895 3078 3989 3132 λέο

684 3170 920 3229 surrexit
955 3169 1010 3225 in
1043 3168 1226 3237 nobis,
1255 3169 1563 3224 etvisitavit
1586 3168 1728 3224 Deus
1750 3168 2009 3239 populum
2038 3182 2223 3223 suum.
2248 3184 2268 3218 ι

2386 3184 2591 3234 γοντες,
2622 3168 2708 3221 ὅτι
2736 3184 2755 3219 ι
2788 3169 3085 3240 Προφήτης
3103 3169 3279 3239 μέγας
3303 3171 3606 3241 ἐγήγερται
3646 3171 3707 3223 ἐν
3754 3172 3917 3241 ἡμῖν,
3957 3189 3977 3222 ι

684 3261 938 3319 Nondum
998 3259 1146 3316 enim
1201 3258 1451 3315 notitiam
1500 3259 1774 3314 habebant
1828 3260 1895 3314 de
1949 3257 2172 3314 Christo
2215 3264 2277 3311 ut

692 3356 807 3412 Deo
847 3354 1152 3411 Salvatore.
1181 3354 1435 3407 Attamen
1464 3366 1574 3406 non
1606 3367 1832 3421 parvum
1865 3361 2000 3419 erat,
2020 3365 2277 3422 magnum

688 3445 1011 3519 prophetam
1066 3453 1123 3501 et
1150 3444 1366 3500 caeteris
1426 3443 1706 3515 praphetis
1738 3454 1792 3498 et
1829 3444 1947 3513 ipso
1972 3443 2280 3513 Iegislatore

696 3540 884 3614 Moyse
912 3539 1175 3611 majorem
1231 3537 1453 3593 credere
1485 3537 1801 3601 Dominum,
1867 3546 1923 3591 ct
1950 3538 2157 3592 sensim
2193 3536 2279 3589 via

687 3631 1050 3705 procedentes
1108 3631 1163 3685 in
1200 3630 1555 3686 excelsiorem
1611 3630 1807 3686 adduci
1847 3628 2199 3693 sententiam,
2227 3638 2280 3682 et

691 3726 866 3791 Deum
896 3739 1023 3780 esse
1067 3738 1256 3778 verum
1288 3722 1534 3778 credere.
1566 3721 1632 3777 Et
1658 3723 1789 3777 exiit
1815 3720 1961 3777 fama
1986 3722 2150 3791 hujus
2180 3721 2283 3775 mi-

698 3786 871 3874 racu'li
942 3816 994 3870 in
1053 3815 1363 3869 universam
1384 3810 1628 3869 Iudaeam
1658 3825 1711 3869 et
1742 3813 1797 3868 in
1846 3826 2065 3867 omnem
2105 3812 2284 3881 regio-

692 3926 817 3966 nem
881 3909 1142 3964 vicinam.
1191 3908 1318 3961 ideo
1347 3905 1495 3962 enim
1561 3906 1763 3961 multos
1796 3916 1962 3961 testes
2011 3904 2178 3976 hujus
2206 3907 2283 3959 rei

693 3997 973 4063 adhibuit,
1016 4012 1083 4053 ne
1140 3994 1307 4050 invidi
1362 3994 1533 4051 Judaei
1565 3997 1889 4065 calumniari
1933 4005 1987 4054 et
2020 3995 2285 4052 miracula

695 4092 877 4148 celare
899 4090 1183 4162 cupientes
1210 4088 1263 4144 id
1297 4088 1510 4146 edicere
1545 4100 1789 4159 possent.
1835 4092 1987 4147 Adeo
2011 4091 2160 4147 enim
2209 4087 2289 4143 di-

693 4183 911 4255 vulgata
929 4192 1015 4239 est
1043 4182 1206 4251 hujus
1228 4183 1430 4237 mortui
1455 4182 1875 4238 resurrectionis
1906 4183 2051 4238 fama
2067 4190 2120 4237 et
2144 4181 2288 4237 ultra

702 4280 1019 4333 universam
1070 4273 1274 4331 Iudaeae
1307 4272 1546 4330 vicinam
1594 4276 1897 4345 regionem,
1931 4284 1989 4329 ut
2017 4291 2192 4346 usque
2217 4275 2287 4331 ad

696 4384 858 4425 aures
893 4366 1123 4422 Joannis
1176 4366 1434 4437 Baptista:
1466 4366 1521 4420 in
1547 4365 1766 4421 deserto
1794 4367 2070 4423 versantis
2093 4382 2288 4437 perve-

2378 3261 2476 3314 καὶ
2502 3261 2587 3315 ὅτι
2616 3278 2636 3312 α
2671 3262 3017 3330 ἐπεσκέψατο
3037 3261 3069 3313 ὁ
3095 3262 3229 3325 Θεὸς
3244 3263 3336 3316 τὸν
3372 3261 3503 3317 λαὸν
3540 3263 3731 3319 αὑτοῦ.
3764 3282 3785 3315 ι
3810 3262 3987 3318 Οὔπω

2381 3347 2675 3425 γάρέῐχον
2708 3353 2919 3407 ἔννοιαν
2954 3354 3031 3417 ὡς
3076 3354 3209 3425 περὶ
3240 3354 3376 3407 Θεοῦ
3415 3354 3511 3408 τοῦ
3546 3355 3802 3426 Σωτῆρος
3837 3358 3987 3428 Χρι-

2384 3446 2547 3499 στοῦ⁸
2580 3446 2736 3517 ὅμως
2763 3447 2888 3501 οὐδὲ
2922 3447 3083 3500 τοῦτο
3128 3447 3326 3517 μικρὸν
3364 3442 3432 3519 ἦν
3468 3448 3529 3501 τὸ
3557 3448 3736 3519 μέγαν
3766 3451 3991 3521 προφη-

2381 3554 2481 3609 την
2519 3539 2615 3592 καὶ
2664 3539 2894 3609 μείζονα
2924 3538 3033 3593 τῶν
3066 3539 3273 3593 λοιπῶν
3308 3539 3631 3611 προφητῶν,
3667 3540 3765 3595 καὶ
3807 3541 3985 3596 αὐτοῦ

2383 3628 2479 3684 τοῦ
2523 3630 2820 3701 νομοδότου
2870 3631 3116 3694 Μωσὲως
3160 3630 3411 3701 νομίζειν
3461 3631 3556 3684 τὸν
3594 3632 3831 3702 Κύριον,
3887 3634 3987 3689 καὶ

2386 3720 2531 3774 κατὰ
2571 3720 2771 3793 μικρὸν
2810 3720 2916 3790 ὀδῷ
2946 3721 3345 3793 προϐαίνοντας
3377 3727 3475 3776 καὶ
3519 3725 3602 3788 είς
3634 3724 3988 3796 ὑψηλοτέραν

2385 3812 2659 3882 ἀναϐῆναι
2709 3814 2809 3884 τὴν
2861 3813 3096 3880 ἔννοιαν,
3150 3816 3245 3867 καὶ
3297 3814 3432 3869 Θεὸν
3482 3811 3624 3868 εἶναι
3685 3815 3986 3870 πιστεῦσαι

2387 3904 2666 3975 ἀληθινόν.
2700 3907 2813 3960 Καὶ
2847 3906 3077 3976 ἐξῆλθεν
3107 3910 3133 3962 ὁ
3162 3908 3321 3976 λόγος
3351 3907 3447 3961 τοῦ
3476 3908 3761 3978 θαύματος
3790 3911 3852 3963 ἐν
3886 3910 3991 3982 ὅλῃ

2387 3998 2458 4067 τῇ
2504 3997 2743 4068 Ἰουδαίᾳ
2778 3999 2877 4052 καὶ
2905 3998 3055 4067 πάσῃ
3089 4001 3157 4070 τῇ
3194 3999 3509 4070 περιχώρῳ.
3539 4001 3638 4053 Διὰ
3679 4002 3791 4071 γὰρ
3825 4000 3991 4055 τοῦτο

2390 4090 2623 4153 πολλοὺς
2671 4089 2976 4161 ἐπεφέρετο
3007 4090 3294 4161 μάρτυρας
3341 4090 3435 4144 τοῦ
3484 4092 3840 4163 πράγματος,
3871 4093 3989 4161 ἶνα,

2393 4184 2489 4236 καὶ
2520 4181 2842 4254 βουλόμενοι
2868 4185 2918 4235 ol
2949 4183 3218 4254 βάσκανοι
3272 4184 3523 4238 Ἰουδαῖοι
3554 4185 3871 4239 διαϐάλλειν
3892 4193 3991 4256 καὶ

2394 4273 2776 4343 ὑποκρύπτειν
2817 4273 2889 4328 τὰ
2936 4274 3222 4346 Θαύματα,
3276 4276 3352 4347 μὴ
3406 4277 3659 4347 ίσχύωσι.
3709 4279 3991 4334 Τοσοῦτον

2403 4366 2517 4437 γὰρ
2549 4366 2867 4438 ὲπλατύνθη
2921 4368 2951 4421 ό
2993 4367 3153 4438 λόγος
3202 4371 3303 4440 τῆς
3334 4370 3612 4440 ὲγέρσεως
3642 4370 3740 4424 τοῦ
3785 4372 3991 4441 νεκροῦ

698 4467 865 4526 nerit.
924 4464 1062 4519 Tres
1120 4472 1307 4519 autem
1363 4461 1799 4518 resurrectiones
1874 4460 2033 4517 facta:
2079 4470 2208 4516 sunt
2256 4476 2279 4514 a

2396 4459 2492 4511 καὶ
2544 4459 2809 4513 ἐπέκεινα
2857 4459 2961 4530 τῆς
3020 4460 3149 4531 ὅλης
3199 4461 3514 4533 περιχώρου
3571 4462 3675 4531 τῆς
3722 4464 3993 4527 ἰουδαίας

696 4558 979 4628 prophetis
1038 4564 1166 4611 ante
1230 4553 1436 4610 Christi
1490 4553 1805 4617 adventum,
1859 4560 1916 4607 et
1959 4553 2286 4624 quatuorab

699 4656 817 4718 ipso
871 4650 1086 4704 Chisto.
1165 4648 1244 4704 Ac
1305 4646 1484 4718 prima
1538 4644 1761 4714 quidem
1818 4645 2151 4700 resurrectio
2182 4642 2288 4699 fuit

697 4744 786 4797 iiii:
842 4740 1148 4811 Sarephtia:
1209 4737 1476 4804 mulieris,
1536 4751 1699 4808 quem
1761 4736 1909 4794 Elias
1958 4737 2285 4804 suscitavit;

697 4832 938 4890 secunda
998 4830 1499 4893 tiliiSunamitidis,
1550 4845 1715 4899 quam
1773 4838 2033 4900 operatus
2063 4837 2148 4884 cst.
2169 4830 2285 4882 Eli-

697 4936 837 4977 eeus
863 4941 876 4987 ;
912 4923 1093 4989 tertia,
1124 4938 1290 4994 quam
1319 4923 1500 4979 eﬂ‘ecit
1530 4931 1807 4977 mortuum
1863 4922 2037 4976 Eliszei
2062 4936 2285 4991 corpus.

698 5012 980 5084 Duplicem
1029 5015 1176 5070 enim
1238 5014 1478 5070 obtinuit
1549 5014 1777 5084 gratiam
1842 5012 2096 5078 Elisazus,
2171 5012 2287 5067 Elia

700 5109 941 5163 sublato.
966 5107 1092 5163 Ideo
1136 5115 1192 5163 et
1227 5115 1479 5164 mortuus
1521 5116 1797 5162 mortuum
1843 5106 2132 5162 suscitavit
2162 5121 2288 5161 cor-

701 5199 821 5268 pori
878 5211 984 5254 suo
1032 5196 1602 5267 impositum.Quarta
1643 5198 1974 5252 resurrectio
2005 5198 2290 5267 prasentis

702 5288 1067 5345 adolescentis
1127 5296 1236 5353 est,
1288 5303 1408 5359 qum
1450 5290 1624 5359 prima
1685 5304 1714 5343 a
1748 5287 1967 5345 Christo
2018 5288 2159 5345 facta
2183 5298 2287 5344 cst.

782 5475 899 5546 tM)
938 5473 1093 5546 015764}
1117 5474 1198 5538 τῷ
1247 5472 1390 5546 Θεῷ.
1428 5471 1708 5546 Sententia
1738 5473 1955 5546 videtur
1990 5472 2288 5541 postulare,

708 5542 929 5618 Ούγᾶρ
962 5545 1121 5618 μόνον
1148 5561 1228 5618 τω
1262 5542 1732 5618 Θεῷ-τμεῦκολον
1757 5544 2066 5607 ζωοποιεῖν.

781 5612 1147 5684 (175)’Λ’ῠτήν.
1189 5612 1516 5668 Fundana
1544 5612 1642 5679 τὴν
1666 5615 1860 5684 αὐτήν.

926 5685 1173 5754 Πνεῦμα
1197 5685 1510 5753 πονηρίας.
1558 5682 1799 5753 Πνεῦμα
1822 5684 2079 5754 πονηρὸν,
2124 5687 2290 5755 ἤγουν

778 5758 883 5807 ϐ)
959 5796 973 5811 .

704 5758 1027 5899 δ’ῖιῖοξρς
1050 5829 1147 5884 καὶ
1188 5826 1705 5896 -διατρίὲοντοφ
1746 5822 1841 5882 llic
1886 5825 2099 5883 videtur
2138 5828 2289 5886 exci~

2395 4554 2634 4618 ἐγένετο,
2674 4552 2751 4614 ὡς
2778 4554 2891 4624 (17)
2924 4552 3019 4605 καὶ
3063 4553 3227 4624 μέχρι
3257 4553 3358 4618 τῆς
3389 4553 3565 4623 ἀκοῆς
3608 4555 3864 4609 Ἰωάννου
3890 4560 3990 4609 τοῦ

2397 4644 2710 4698 Βαπτιστοῦ
2766 4647 2849 4709 είς
2887 4645 2990 4714 τὴν
3034 4645 3244 4718 ἔρημον
3292 4647 3685 4715 διατρίϐοντος.
3737 4648 3905 4715 Τρεῖς
3936 4650 3992 4703 δι

2398 4736 2732 4801 ἀναστάσεις
2782 4737 3035 4806 ἐγένοντο
3079 4741 3235 4807 παρὰ
3265 4737 3375 4790 τῶν
3406 4738 3708 4807 προφητῶν
3749 4740 3862 4807 πρὸ
3892 4740 3993 4808 τῆς

2400 4825 2638 4894 Χριστοῦ
2682 4828 3013 4896 παρουσίας,
3048 4827 3147 4881 καὶ
3198 4829 3461 4898 τέσσαρες
3514 4830 3646 4899 παρ’
3690 4830 3865 4883 αὑτοῦ
3899 4832 3991 4885 τοῦ

2397 4918 2663 4987 Χριστοῦ.
2720 4920 2833 4974 Καὶ
2884 4918 3078 4992 πρώτη
3135 4921 3238 4993 μὲν
3286 4922 3591 4986 ἀνάστασις
3640 4921 3741 4975 τοῦ
3798 4924 3991 4985 παιδὸς

2395 5007 2499 5077 τῆς
2522 5008 2636 5080 (18)
2669 5010 3010 5082 Σαραφθίας,
3050 5012 3113 5065 ὃν
3157 5012 3351 5076 Ἠλίας
3393 5013 3665 5083 ἀνέστησε
3694 5029 3710 5043 ⁸
3760 5014 3993 5083 δευτέρα

2398 5104 2432 5173 ή
2471 5102 2569 5156 τοῦ
2619 5105 2813 5168 παιδὸς
2854 5106 2959 5176 τῆς
2988 5108 3380 5178 Σουμανίτιδος
3410 5108 3525 5176 (19)
3568 5109 3636 5178 ἢν
3678 5108 3993 5171 Ἐλισσαῖος

2397 5195 2895 5269 ὲθαυματούργησε
2920 5214 2935 5229 ’
2969 5201 3131 5269 τρίτη
3154 5200 3235 5265 δὲ,
3269 5202 3337 5269 ῆν
3360 5201 3422 5253 τὸ
3452 5201 3648 5270 νεκρὸν
3677 5200 3798 5271 (20)
3828 5201 3994 5271 σῶμα

2398 5288 2496 5343 τοῦ
2534 5291 2841 5345 Ἐλισσαίου
2894 5293 3144 5363 ἐποίησε.
3180 5291 3419 5348 Διπλοῦν
3459 5293 3568 5362 γὰρ
3598 5292 3765 5347 ἔλαϐε
3801 5293 3865 5348 τὸ
3893 5294 3989 5364 χά-

2398 5478 2548 5535 disse
2602 5477 2830 5547 φθάσαι.
2873 5479 3235 5535 Occasionem
3283 5478 3451 5549 hujus
3491 5479 3781 5535 sententiae
3827 5479 3993 5535 dede.

2398 5558 2529 5603 runt
2548 5562 2635 5615 ea,
2659 5565 2783 5620 qua:
2808 5551 2952 5620 apud
2978 5550 3183 5605 Lucam
3226 5549 3299 5605 ibi
3330 5547 3399 5606 de
3427 5547 3640 5605 Joanne
3678 5550 3991 5622 subjiciun-

2402 5628 2584 5757 ω1118)
2619 5691 2980 5759 Σαραςρθίας.
3017 5691 3085 5746 111
3118 5692 3252 5760 Reg.
3288 5706 3419 5752 xvn.
3444 5691 3534 5743 92.

2474 5761 2588 5825 (19)
2618 5762 3067 5830 Σουμανίτιδος.
3104 5762 3167 5817 ιν
3194 5763 3341 5830 Reg:
3363 5777 3437 5822 Iv,
3478 5762 3548 5814 δὲ
3572 5776 3721 5830 seqq.

2476 5830 2590 5903 βο)
2629 5832 2697 5886 Τὸ
2732 5829 2950 5899 mpor
2980 5830 3154 5895 σῶμα
3204 5831 3271 5869 'V
3312 5829 3450 5903 Reg.
3482 5848 3579 5899 ait,
3612 5829 3706 5887 2|.
