4182 6454
699 403 840 467 19.15

1715 403 1775 462 Ι.
1812 402 2209 465 XlPHlLlNI
2249 404 2359 464 CP.
2397 401 2916 463 ΡΛΤΒΙΛΒΕΗᾸΞ

3817 394 3956 462 i216

698 512 1249 590 cupiditatemjussit.
1272 514 1341 570 Ut
1365 514 1511 571 enim
1543 513 1681 569 digit
1710 516 2053 583 adolescens,
2082 517 2128 574 si
2141 517 2278 588 legis

2400 513 2716 587 ιατώρθωσε
2747 513 2845 577 τάς
2892 509 3114 575 ἐντολὰς
3142 511 3237 565 καὶ
3270 505 3539 580 ἐφύλαξεν
3582 510 3648 564 ὲκ
3679 508 3958 579 νεότητος.

703 617 967 678 praecepta
1006 608 1289 673 custodiit,
1352 623 1548 675 magna
1572 608 1797 663 omnino
1830 608 2094 680 implevit.
2126 609 2280 675 Quo-

704 697 865 752 modo
914 707 1094 753 autem
1127 698 1303 768 potuit
1340 698 1429 753 ille
1453 697 1782 767 proximum,
1826 706 1887 752 ut
1916 700 2157 769 seipsum
2198 698 2283 752 di-

701 789 868 859 ligere
888 790 930 843 si
961 791 1075 857 ipse
1107 789 1324 859 quidem
1361 788 1511 843 dives
1568 796 1737 851 esset,
1781 790 2061 857 proximus
2102 798 2281 844 autem

702 880 939 950 pauper?
966 877 1134 934 Nemo
1158 880 1300 934 enim
1332 880 1639 947 proximum
1663 879 1897 950 diligens
1928 890 1987 936 ut
2016 880 2282 951 seipsum,

708 971 961 1040 proximo
983 970 1094 1024 vult
1121 984 1242 1025 esse
1268 970 1456 1024 ditior.
1484 970 1675 1026 Omnis
1700 980 1879 1025 autem
1909 973 2073 1026 homo
2099 972 2284 1040 proxi-

709 1077 831 1116 mus
874 1061 1092 1115 dicitur.
1143 1060 1210 1114 Et
1253 1061 1301 1117 si
1335 1061 1629 1117 amavisset
1693 1064 2003 1132 proximum
2045 1064 2283 1133 juvenis,

707 1150 998 1220 participes
1038 1164 1226 1224 eorum
1279 1166 1400 1221 quae
1447 1152 1696 1217 habebat,
1735 1152 1953 1208 fecisset
1976 1168 2168 1221 parum
2199 1154 2284 1207 vel

712 1242 849 1298 nihil
906 1242 1189 1299 habentes.
1219 1242 1358 1310 Quid
1414 1244 1578 1312 igitur
1609 1256 1664 1299 et
1696 1246 1878 1301 dicere
1899 1246 2152 1315 juvenem
2184 1247 2287 1301 im-

708 1335 940 1404 plevisse
983 1344 1037 1390 et
1083 1336 1185 1391 hoc
1213 1346 1541 1405 praeceptum
1604 1346 1660 1392 et
1686 1338 1791 1393 alia
1830 1338 1963 1407 legis
1997 1347 2283 1407 praecepta,

711 1429 1005 1492 utjuvenis
1034 1441 1093 1482 se
1123 1427 1436 1496 implevisse
1498 1428 1813 1484 asserebat?
1858 1430 2091 1485 Amabat
2137 1429 2285 1484 enim

708 1516 1017 1586 proximum
1085 1518 1231 1573 sicut
1275 1519 1540 1587 seipsum,
1607 1520 1702 1575 sed
1758 1520 1833 1575 ita
1888 1528 1950 1576 ut
2010 1521 2145 1575 nihil
2208 1520 2286 1575 illi

710 1606 891 1661 noeivi
924 1606 1173 1673 inferret,
1205 1622 1313 1662 non
1338 1618 1398 1663 ut
1420 1610 1569 1663 illum
1596 1610 1939 1680 propriarum
1971 1609 2287 1665 divitiarum

709 1696 1030 1767 participem
1069 1697 1292 1753 faceret.
1329 1699 1383 1753 ld
1412 1699 1559 1753 enim
1589 1702 1827 1757 sublime
1855 1709 1910 1757 et
1950 1715 2209 1772 magnum
2234 1709 2289 1757 et

708 1786 933 1843 Iudaica
961 1788 1209 1842 vecordia
1236 1787 1419 1843 altius.

2384 608 2485 662 Διὰ
2520 606 2681 661 τοῦτο
2711 606 2808 659 καὶ⁵
2838 605 2969 675 μίαν
2993 604 3105 658 τῶν
3144 603 3521 673 εὐαγγελικῶν
3550 603 3785 658 ἐντολῶν
3825 619 3961 673 προ-

2382 702 2568 762 τείνας
2610 697 2689 767 τῷ
2717 697 2989 766 νεανίσκῳ
3014 697 3042 749 6
3089 694 3318 765 Κύριος,
3370 694 3715 764 φιλάργυρον
3761 692 3960 763 ἤλεγξε

2384 791 2579 845 τοῦτον
2610 785 2753 845 εἴναι
2777 805 2792 819 ·
2831 786 3162 858 εύαφόρμως
3192 787 3249 839 δὲ
3301 786 3395 840 καὶ
3425 785 3685 854 καθαρῶς
3716 783 3833 854 (ιο)
3861 785 3961 835 ύπα

2384 882 2557 950 ἐδειεε
2614 882 2717 953 τὴν
2772 879 3141 950 φιλαργυρίαν
3192 877 3373 937 πάσας
3405 874 3814 945 λυμαινομένην
3862 872 3961 934 τὰς

2385 972 2613 1043 ἀρετὰς,
2643 970 2740 1023 καὶ
2783 968 2894 1021 ἀπὸ
2920 966 3113 1020 τούτου
3157 965 3394 1034 φευκτὸν
3424 963 3488 1017 τὸ
3518 962 3761 1017 τοιοῦτον
3787 960 3965 1023 πάθος

2386 1063 2483 1117 καὶ
2512 1060 2889 1131 ἀποτρόπαιον
2914 1058 3233 1128 διωρίσατο.
3279 1054 3480 1119 Καθὼς
3510 1054 3623 1126 (Η)
3652 1056 3711 1109 δὲ
3746 1050 3907 1107 εἶπεν
3935 1053 3966 1105 6

2386 1151 2687 1215 νεανίσκος,
2712 1151 2762 1202 εί
2784 1148 3019 1215 ἐφύλαξε
3043 1148 3143 1212 τὰς
3166 1147 3262 1202 τοῦ
3283 1147 3452 1217 νόμου
3475 1145 3717 1209 ἐντολὰς,
3744 1145 3968 1215 μεγάλα.

2386 1242 2607 1305 πάντως
2633 1237 2987 1311 κατώρθωσε.
3011 1238 3135 1303 Πῶς
3148 1238 3207 1292 δὲ
3235 1237 3425 1308 ἴσχυσε
3449 1238 3657 1301 ἐκεῖνος
3683 1234 3970 1306 κατορθῶ-

2388 1350 2482 1386 σαι
2513 1334 2572 1387 τδ
2601 1333 2825 1403 ἀγαπᾷν
2855 1330 2949 1385 τὸν
2976 1329 3226 1399 πλησίον,
3250 1332 3328 1393 ώς
3358 1329 3574 1397 ἑαυτὸν,
3601 1327 3765 1397 είπερ
3801 1324 3967 1388 αύτδς

2389 1426 2490 1495 μὲν
2516 1424 2773 1488 πλούσιος
2794 1420 2885 1495 ἦν,
2919 1424 2948 1478 6
2976 1422 3035 1477 δὲ
3070 1422 3301 1494 πλησίον
3334 1421 3589 1492 πτωχός;
3620 1418 3815 1482 Οὐδεὶς
3856 1417 3968 1487 γάρ

2388 1515 2624 1584 ἀγαπῶν
2648 1514 2739 1569 τὸν
2772 1513 3006 1585 πλησίον
3036 1514 3112 1577 ώς
3140 1513 3355 1576 ἑαυτὸν,
3389 1511 3794 1582 πλουσιώτερος
3818 1510 3968 1563 θέλετ⁵

2388 1603 2531 1660 εἶναι
2560 1606 2659 1660 τοῦ
2705 1605 2939 1676 πλησίον
2959 1620 2976 1638 ο
3009 1605 3120 1668 πᾶς
3154 1604 3269 1675 (62)
3313 1604 3372 1657 δὲ
3398 1602 3685 1672 ἄνθρωπος
3732 1601 3969 1672 πλησίον

2386 1698 2645 1767 λέγεται·
2685 1697 2784 1752 καὶ
2830 1699 2880 1751 εί
2924 1696 3117 1769 ἠγάπα
3164 1696 3260 1749 τὸν
3322 1693 3553 1764 πλησίον
3582 1694 3612 1747 6
3656 1694 3966 1754 νεανίσκος,

2396 1790 2694 1861 ἱμερίσατο
2735 1790 2826 1854 ἂν,
2859 1790 2961 1843 ὃσα
2991 1788 3256 1857 ἐκέκτητο
3280 1785 3420 1856 πρὸς
3460 1785 3591 1846 τοὺς
3618 1783 3779 1852 ὀλίγα
3806 1784 3843 1854 ἢ
3876 1784 3969 1837 ού-

710 1875 874 1941 δόλως
906 1877 1153 1947 ἔχοντας.
1185 1877 1255 1931 Τί
1282 1877 1377 1932 οῦν
1402 1877 1553 1933 ιστιν
1581 1883 1776 1948 είπεῖν,
1810 1882 1896 1935 ὅτι
1942 1880 2278 1952 κατώρθωσε
2312 1881 2409 1935 καὶ
2428 1879 2638 1950 ταύτην
2691 1880 2796 1948 τὴν
2838 1880 3080 1950 ὶντολὴν,
3113 1878 3212 1934 καὶ
3276 1878 3376 1941 τάς
3403 1875 3568 1940 ἀλλας
3592 1876 3621 1929 6
3657 1875 3969 1938 νεανίσκος,

710 1968 786 2034 ώς
816 1970 1080 2042 ινεχώρει
1104 1973 1228 2026 τότε
1253 1973 1558 2045 κατορθοῦν
1587 1974 1796 2038 αὑτάς·
1827 1974 2021 2046 ῂγάπα
2052 1974 2152 2044 μὲν
2171 1973 2283 2044 γὰρ
2316 1974 2412 2027 τὸν
2469 1972 2700 2044 πλησίον
2721 1971 2799 2038 ώς
2856 1970 3077 2039 ἑαυτὸν,
3108 1971 3228 2026 ἀλλ’
3264 1970 3407 2026 ὥστε
3454 1971 3622 2043 μηδὲν
3645 1968 3795 2040 αὐτῷ
3840 1968 3973 2039 βλα-

713 2063 878 2135 ϐερδν
926 2066 1283 2134 ἐνδείξασθαι,
1335 2068 1397 2122 ού
1449 2069 1580 2140 μὴν,
1668 2068 1811 2123 ὥστε
1867 2068 2318 2140 συμμερίσασθαι
2357 2068 2507 2139 αύτῷ
2555 2069 2649 2124 τὸν
2708 2068 2840 2123 ἴδιον
2885 2066 3155 2122 πλοῦτον·
3208 2065 3370 2121 τοῦτο
3424 2065 3534 2137 γὰρ
3608 2062 3817 2135 ὑψηλὸν
3872 2062 3973 2116 καὶ

721 2160 864 2231 μέγα
888 2163 986 2214 καὶ
1015 2161 1113 2232 τῆς
1152 2163 1427 2235 ίουδαῖκῆς
1453 2164 1822 2236 χαμαιζηλίας
1840 2165 2139 2235 ἀνώτερον.

792 2256 1084 2315 Videamus
1106 2269 1162 2316 et
1201 2275 1322 2325 nos,
1363 2260 1567 2317 fratres
1594 2261 1874 2333 Evangelii
1912 2260 2190 2333 discipuli,
2217 2276 2285 2316 an
2317 2262 2365 2321 B

716 2350 1031 2419 proximum
1085 2352 1231 2407 sicut
1262 2368 1363 2408 nos
1386 2366 1659 2419 amemus,
1709 2364 1767 2409 et
1787 2370 1856 2410 an
1887 2357 2043 2412 illum
2068 2354 2288 2426 partici-

716 2453 839 2508 pem
886 2438 1154 2496 faciamus
1204 2442 1475 2497 bonorum
1536 2458 1658 2512 qua:
1704 2456 1733 2498 a
1787 2444 1898 2501 Deo
1956 2444 2286 2515 accepimus.

715 2528 882 2585 Pauci
918 2540 1100 2586 autem
1149 2539 1300 2597 sunt,
1362 2542 1422 2593 ω
1479 2535 1694 2601 opinor,
1759 2536 1796 2588 ii
1845 2536 1939 2606 qui
1995 2536 2156 2590 hodie
2188 2535 2293 2589 hoc

719 2623 1034 2681 mandatum
1053 2624 1370 2693 adimplent.
1388 2624 1616 2690 Quando
1637 2634 1816 2680 autem
1839 2629 1945 2682 hoc
1973 2626 2291 2682 mandatum

722 2728 828 2766 non
878 2713 1039 2767 modo
1091 2728 1198 2767 non
1234 2714 1543 2783 implentus,
1581 2715 1675 2769 sed
1699 2716 1861 2770 etiam
1896 2717 2125 2786 proximi
2150 2716 2293 2770 bona

720 2803 1043 2873 abripirnus,
1074 2814 1126 2858 et
1164 2804 1422 2875 injuriam
1453 2806 1502 2860 ei
1525 2805 1759 2862 facimus
1779 2817 1833 2862 et
1862 2823 1986 2862 eum
2018 2808 2291 2873 ladimus,

718 2904 773 2950 et
824 2896 1221 2952 calumniantur
1269 2908 1323 2952 et
1362 2898 1762 2967 opprimimus,
1794 2916 1901 2970 qua
1941 2903 2210 2957 sententia
2242 2912 2298 2959 et

721 3002 881 3057 ptena
910 3003 1017 3042 non
1048 3003 1240 3044 sumus
1263 2990 1448 3059 digni?
1478 3010 1497 3043 ι
1556 2990 1696 3057 Quid
1726 2991 1839 3062 jam
1881 3008 1968 3049 me
2012 2993 2234 3050 deﬁcit?
2271 3016 2290 3049 ι

718 3080 858 3146 Quid
915 3081 1045 3135 mihi
1100 3081 1272 3148 deest,
1302 3083 1482 3153 inquit
1509 3084 1635 3138 ille?
1670 3083 1785 3140 Hoc
1813 3086 2002 3142 dicens
2030 3088 2299 3158 signiﬁca-

722 3174 813 3226 bat
844 3174 1274 3243 ostendebatque
1315 3190 1373 3229 se
1425 3177 1689 3245 majorem
1727 3192 1931 3248 cupere
1951 3186 2007 3233 et
2039 3190 2298 3250 appetere

720 3265 970 3318 virtutem
1003 3283 1016 3319 :
1056 3283 1075 3316 ‹
1115 3263 1258 3319 Dixit
1291 3266 1369 3320 illi
1420 3265 1581 3323 Jesus
1619 3284 1635 3321 :
1664 3268 1721 3322 Si
1753 3270 1838 3324 vis
1868 3268 2141 3339 perfectus
2157 3286 2297 3337 esse,

722 3352 878 3418 vade,
916 3354 1086 3408 vende
1118 3368 1240 3424 qua:
1263 3354 1449 3417 habes,
1480 3365 1534 3409 et
1572 3355 1640 3412 da
1670 3358 2024 3427 pauperibus,
2048 3369 2105 3415 et
2136 3361 2301 3416 habe-

724 3446 809 3500 bis
865 3444 1180 3500 thesaurum
1207 3446 1261 3500 in
1289 3447 1462 3511 ccelis,
1499 3457 1554 3501 et
1601 3448 1825 3505 veniens
1854 3464 2083 3520 sequere
2126 3468 2232 3509 me.
2274 3472 2296 3505 ι

722 3535 859 3590 Cum
906 3536 1071 3600 bona,
1123 3537 1327 3591 divitiae
1384 3552 1601 3607 nempe,
1638 3540 1967 3609 impedirent
2002 3543 2302 3611 quominus

2468 2259 2702 2328 Ἰδωμεν
2728 2258 2826 2312 καὶ
2864 2258 3053 2329 ἡμεῖς,
3086 2254 3311 2327 ἀδελφοί
3363 2272 3490 2327 μου,
3518 2256 3568 2308 οί
3594 2253 3690 2309 τοῦ
3721 2254 3975 2324 Εῦαγγε-

2396 2350 2512 2404 λίου
2544 2349 2659 2421 (45)
2714 2348 2974 2421 μάλιστα,
3006 2349 3058 2403 εί
3107 2348 3414 2419 ἀγαπῶμεν
3445 2346 3574 2411 τοὺς
3617 2346 3852 2418 πλησίον
3896 2346 3977 2408 ὡς

2396 2442 2651 2505 ἑαυτοὺς,
2702 2440 2800 2495 καὶ
2850 2439 3272 2511 συμμερίξομεν
3317 2440 3523 2505 αὐτοῖς,
3572 2438 3714 2510 ἅπερ
3772 2438 3978 2509 ἔχομεν

2396 2531 2578 2600 ἀγαθά
2612 2531 2676 2583 ὲκ
2704 2528 2864 2583 Θεοῦ.
2908 2529 3113 2597 ὐλίγοι
3144 2529 3202 2583 δέ
3226 2531 3391 2595 είσιν,
3417 2529 3495 2593 ώς
3522 2528 3731 2598 νομίζω
3752 2530 3808 2582 ot
3835 2529 3980 2597 πλη-

2402 2622 2622 2693 ροῦντες
2650 2621 2891 2692 σήμερον
2917 2619 3126 2693 ταύτην
3163 2621 3265 2689 τὴν
3302 2621 3545 2693 ἐντολήν.
3574 2622 3705 2675 Ὅτε
3743 2620 3801 2673 δὲ
3839 2621 3981 2691 μηδὲ

2399 2713 2607 2783 ταύτην
2668 2712 2767 2784 τὴν
2819 2713 3042 2784 ἐντολὴν
3098 2712 3388 2783 ποιοῦμεν,
3436 2712 3576 2767 ἀλλά
3619 2712 3719 2768 καὶ
3766 2714 3838 2765 τὰ
3871 2714 3981 2765 τῶν

2401 2805 2635 2879 πλησίον
2664 2805 3017 2875 ἀρπάζομεν,
3056 2806 3149 2859 καὶ
3174 2803 3475 2874 ἀδικοῦμεν
3500 2805 3593 2859 καὶ
3618 2804 3981 2859 πλεονεκτοῶ

2406 2917 2528 2971 μεν,
2569 2898 2667 2952 καὶ
2712 2896 3079 2968 διαδάλλομεν
3129 2900 3223 2951 καὶ⁵
3266 2896 3709 2968 στενοχωροῦμεν
3753 2898 3982 2961 αὐτοὺς,

2403 2990 2567 3053 ποίας
2612 2988 2915 3058 καταδίκης
2966 2991 3065 3043 καλ⁸
3116 2988 3394 3052 κολάσεως
3440 2988 3543 3042 ούκ
3598 2987 3767 3057 ἐσμὲν
3800 2987 3981 3053 ἄξιοις

2410 3100 2429 3134 ε
2469 3080 2537 3135 Τί
2555 3081 2639 3135 ἔτι
2676 3081 2914 3152 ὑστερῶ,
2944 3099 2963 3134 ι
2999 3080 3065 3136 Τί
3088 3080 3373 3152 λείπομαι,
3410 3080 3562 3149 λέγει
3598 3080 3981 3145 ὁνεανίσκος;

2403 3174 2577 3227 Τοῦτο
2611 3172 2669 3226 δὲ
2698 3172 2867 3226 είπὼν
2909 3172 3160 3244 ἑνὲφηνε,
3205 3174 3301 3225 καὶ
3332 3172 3587 3241 ἐδήλωσε,
3612 3174 3696 3227 ὅτι
3727 3173 3986 3244 μείζονος

2405 3264 2668 3333 ἐπιθυμεῖ
2693 3263 2789 3317 καί
2830 3264 3048 3334 ἐφίεται
3093 3264 3319 3336 ἀρετῆς.
3354 3281 3375 3316 ε
3408 3264 3556 3335 Ἔφη
3608 3264 3760 3335 αύτῷ
3810 3267 3841 3318 6
3876 3266 3986 3333 Ἰη-

2408 3354 2568 3418 σοῦς-⁸
2596 3357 2660 3409 Εἰ
2699 3355 2879 3419 θέλεις
2907 3356 3111 3419 τέλειος
3135 3351 3300 3421 εῖναι,
3352 3355 3555 3423 ὕπαγε,
3599 3356 3857 3425 πώλησόν
3888 3372 3984 3409 σου

2405 3445 2477 3499 τά
2500 3445 2841 3517 ὑπάρχοντα,
2870 3446 2966 3499 καὶ
2984 3446 3071 3509 δὸς
3104 3448 3366 3516 πτωχοῖς,
3405 3447 3502 3501 καὶ
3530 3444 3673 3512 ἕξεις
3700 3446 3986 3517 θησαυρὸν

2408 3536 2469 3592 ἔν
2514 3537 2791 3606 οὐρανοῖς,
2824 3539 2917 3590 καὶ
2959 3536 3145 3608 δεῦρο,
3184 3536 3470 3592 ἀκολούθει
3526 3555 3639 3607 μοι.
3684 3557 3703 3591 ι
3759 3538 3986 3607 Ἐπειδὴ

725 3628 905 3698 ipsum
944 3637 1288 3698 sequeretur,
1321 3628 1478 3698 jubet
1502 3630 1757 3687 Christus
1792 3631 2048 3701 juvenem
2075 3647 2141 3688 ea
2174 3648 2297 3688 ven-

2403 3628 2473 3683 τά
2501 3629 2842 3699 ὑπάρχοντα,
2884 3628 3189 3695 τουτέστιν,
3217 3631 3245 3682 ὁ
3289 3629 3519 3691 πλοῦτος
3549 3629 3811 3698 ἐμπόδιον
3835 3625 3987 3699 ,ἦσαν

727 3722 857 3774 dere
914 3730 971 3775 et
1028 3720 1158 3775 dare
1218 3722 1571 3792 pauperibus,
1626 3731 1683 3778 et
1707 3724 1790 3779 sic
1813 3726 2123 3795 expeditum
2147 3728 2302 3796 sequi

732 3811 931 3879 ipsum.
960 3810 1195 3865 Habebis
1217 3820 1396 3866 autem
1430 3812 1771 3879 thesaurum,
1812 3815 1948 3869 dicit
1976 3816 2305 3872 adolescenti

732 3901 1017 3966 Dominus,
1070 3911 1131 3957 ut
1181 3903 1297 3970 ejus
1337 3904 1625 3957 avaritiam
1677 3906 2079 3969 consolaretur,
2117 3908 2306 3979 illique

726 3992 1076 4062 polliceretur
1132 4009 1190 4049 se
1250 4011 1468 4050 rursum
1523 3996 2018 4053 thesaurizaturum
2076 4016 2199 4056 esse
2252 4012 2307 4056 et

725 4083 948 4154 quidem
1010 4085 1261 4140 meliores
1292 4086 1600 4142 thesauros.
1640 4086 1696 4142 In
1718 4089 1873 4145 caelis
1894 4090 2065 4154 enim,
2105 4090 2303 4159 inquit,

730 4174 957 4229 habebis
992 4176 1333 4231 thesaurum.
1364 4176 1617 4233 Ostendit
1663 4189 1844 4233 autem
1874 4195 1974 4249 per
1998 4181 2114 4235 haec
2141 4182 2305 4238 verba

729 4275 975 4335 paratum
1038 4284 1252 4337 semper
1298 4271 1364 4324 iis
1392 4272 1484 4341 qui
1536 4286 1658 4326 eam
1713 4282 1995 4328 merentur
2036 4273 2304 4328 bonarum

728 4356 1002 4411 actionum
1040 4359 1362 4413 mercedem.
1402 4376 1419 4409 ι
1464 4359 1701 4415 Veniens
1738 4374 1966 4430 sequere
2003 4376 2111 4427 me,
2165 4380 2185 4414 ι
2232 4363 2310 4417 di-

730 4448 873 4501 citur
930 4462 1029 4517 pro
1073 4449 1287 4503 ambula
1335 4450 1388 4504 in
1430 4465 1566 4505 mea:
1608 4453 1733 4507 vitae
1780 4452 2046 4523 vestigiis,
2083 4461 2138 4507 et
2172 4454 2309 4511 meis

733 4538 945 4608 legibus
987 4538 1328 4610 obtempera.
1387 4540 1445 4595 ιι]
1483 4552 1534 4596 te
1563 4543 1735 4608 deest,
1771 4544 2009 4614 quilegis
2042 4555 2306 4615 praecepta

734 4628 1060 4697 adimplesti.
1088 4658 1156 4668 —-
1192 4647 1211 4682 ι
1264 4630 1558 4697 Postquam
1614 4642 1795 4687 autem
1852 4636 1967 4691 haec
2005 4636 2171 4691 verba
2206 4651 2308 4691 au-

733 4718 833 4772 diit
896 4719 1214 4774 adolescens
1278 4722 1411 4776 abiit
1455 4724 1647 4779 tristis.
1701 4724 1944 4781 llahebat
1978 4728 2124 4782 enim
2164 4728 2307 4782 bona

739 4810 909 4865 multa
948 4829 1010 4863 τι
1077 4810 1292 4875 Quanto
1346 4813 1552 4881 majora
1602 4815 1934 4883 possidebat,
1962 4826 2114 4871 tanto
2136 4820 2307 4888 magis

2403 3720 2499 3774 τοῦ
2546 3722 2933 3792 ἀκολουθῆσαι,
2982 3721 3198 3774 κελεύει
3247 3722 3275 3774 6
3320 3722 3559 3792 Χριστὸς
3587 3722 3667 3792 τῷ
3713 3723 3987 3794 νεανίσκῳ

2408 3813 2661 3882 πωλῆσαι
2685 3813 2857 3867 ταῦτα
2893 3814 2989 3867 καὶ
3017 3813 3202 3867 δοῦναι
3225 3816 3483 3883 πτωχοῖς,
3512 3816 3607 3867 καὶ
3634 3814 3812 3878 οὕτως
3833 3816 3988 3868 ἐλευ-

2406 3903 2719 3974 θερωθῆναι
2746 3906 2842 3958 καὶ
2856 3904 3172 3958 ἀκολουθεῖν
3202 3905 3371 3975 αὐτῷ.
3399 3906 3583 3970 Ἐξεις
3604 3906 3661 3959 δὲ
3683 3906 3987 3978 θησαυρὸν,

2406 3989 2531 4047 εἷπε
2560 3994 2641 4064 τῷ
2687 3997 2958 4064 νεανίσκῳ
2984 3995 3013 4048 6
3061 3996 3289 4065 Κύριος,
3333 3996 3839 4065 παραμυθούμενος
3885 4001 3987 4069 τὴν

2407 4084 2847 4155 φιλοχρηματίαν
2891 4086 3083 4152 αὐτοῦ,
3116 4086 3211 4139 καὶ
3246 4087 3747 4157 ἐπαγγελλόμενος,
3779 4090 3864 4143 ὅτι
3891 4089 3991 4161 θη-

2409 4177 2663 4246 σαυρίσει
2690 4176 2876 4243 πάλιν,
2908 4178 3006 4231 καὶ
3035 4178 3097 4231 οὐ
3118 4177 3277 4232 τοῦτο
3310 4180 3492 4248 μόνον,
3526 4180 3664 4235 ἀλλά
3691 4183 3989 4251 κρείττονα

2408 4267 2706 4337 θησαυρόν.
2759 4268 2849 4323 Ἐν
2908 4268 3125 4339 οὐρανῷ
3171 4270 3305 4346 γὰρ,
3349 4265 3522 4335 εἶπεν,
3557 4271 3640 4324 ὅτι
3694 4272 3839 4336 ἔξεις
3892 4273 3992 4344 θη-

2410 4358 2637 4427 σαυρόν.
2678 4359 2954 4429 Ἐδήλωσε
2980 4360 3037 4414 δὲ
3066 4360 3157 4413 διά
3185 4360 3377 4414 τούτου
3408 4363 3503 4415 καὶ
3545 4364 3644 4431 τὴν
3679 4365 3990 4436 ἀποκειμέ-

2407 4468 2507 4521 νην
2540 4452 2629 4505 ἀεὶ
2655 4454 2770 4515 τοῖς
2796 4451 2970 4516 ἀξίοις
2996 4451 3239 4521 ἀμοιϐὴν
3274 4452 3384 4505 τῶν
3420 4455 3888 4524 κατορθωμάτων.
3913 4456 3989 4509 Τὸ

2414 4562 2435 4596 ε
2468 4543 2640 4613 Δεῦρο
2668 4542 2957 4597 ἀκολούθει
2989 4560 3104 4614 μοι,
3136 4562 3155 4595 ι
3185 4544 3306 4598 ἀντὶ
3335 4544 3429 4596 τοῦ
3460 4545 3652 4609 Βάδιζε
3683 4547 3810 4598 κατ’
3841 4550 3989 4618 ἴχνος

2405 4635 2508 4700 τῆς
2540 4637 2677 4704 ἐμῆς
2711 4635 3011 4699 πολιτείας,
3047 4635 3145 4689 καὶ
3172 4636 3459 4690 ἀκολούθει
3497 4638 3615 4699 ταῖς
3641 4640 3806 4704 ἐμαῖς
3843 4642 3993 4694 ὲντο-

2407 4724 2551 4789 λαῖς.
2590 4724 2764 4778 Τοῦτο
2805 4726 2919 4797 γάρ
2976 4743 3060 4779 σοι
3090 4725 3272 4779 λείπει
3330 4729 3432 4789 τὰς
3480 4730 3714 4797 νομικὰς
3763 4731 3989 4793 ἐντολὰς

2410 4816 2843 4886 κατορθώσαντι.
2874 4834 2893 4867 ε
2939 4817 3205 4879 Ἀκούσας
3228 4817 3287 4870 δὲ
3316 4819 3343 4870 ὁ
3365 4818 3656 4882 νεανίσκος
3678 4820 3775 4873 τὸν
3800 4819 3986 4889 λόγον,

738 4917 925 4955 eorum
958 4917 1148 4957 servus
1177 4914 1311 4958 erat.
1336 4904 1548 4959 Etenim
1589 4906 1900 4960 divitiarum
1932 4918 2297 4975 augmentum,

2412 4907 2626 4976 ἀπῆλθε
2650 4908 2993 4978 λυπούμενος
3016 4926 3030 4939 ·
3059 4904 3129 4979 ἦν
3152 4909 3262 4979 γάρ
3284 4907 3420 4979 ἔχων
3452 4911 3712 4978 κτήματα
3736 4914 3932 4968 πολλὰ.
3961 4932 3984 4966 ι

734 5000 1085 5060 augmentum
1150 4992 1275 5045 facit
1342 4996 1609 5051 avaritiae.
1668 4994 1847 5051 Causa
1916 4998 2078 5067 igitur
2139 5000 2303 5069 hujus

734 5080 966 5134 tristitia:
992 5092 1043 5134 et
1072 5081 1409 5137 ditiiedentiae
1437 5094 1553 5137 erat
1590 5100 1783 5155 magna
1805 5086 2117 5142 divitiarum
2180 5105 2308 5157 pos-

732 5171 929 5225 resSiO.
993 5170 1127 5223 Cum
1186 5174 1328 5225 enim
1377 5188 1481 5226 non
1534 5184 1717 5242 posset
1743 5178 1917 5246 sequi,
1953 5180 2084 5232 abiit
2115 5180 2307 5235 tristis.

733 5287 803 5296 —
843 5276 861 5310 ι
901 5256 1060 5314 Jesus
1088 5270 1267 5315 autem
1293 5264 1430 5317 dixit
1456 5265 1741 5333 discipulis
1770 5268 1889 5323 suis
1925 5284 1941 5321 :
1980 5270 2149 5325 Arnen
2183 5272 2307 5326 dico

816 5437 928 5505 (ίο)
965 5438 1261 5514 Κᾳθᾳρῶς,
1297 5440 1333 5492 i.
1360 5457 1409 5492 ιι.
1441 5442 1647 5509 σαφῶς.
1678 5442 1768 5497 Sic
1796 5443 1883 5497 hic
1906 5458 2045 5514 saepe
2073 5446 2154 5499 uti
2177 5446 2313 5500 solet

742 5506 845 5561 hoc
882 5510 1155 5561 vocabulo.

815 5577 925 5643 (ll)
954 5577 1154 5639 Καθὼς
1182 5579 1246 5631 δὲ
1287 5605 1353 5618 -——
1384 5579 1756 5643 κατώρθωσε.
1800 5584 1923 5634 Haec
1984 5584 2099 5637 sine
2146 5584 2311 5638 dubio

745 5659 1008 5721 corrupta.
1030 5657 1177 5721 sunt,
1217 5665 1314 5721 nec
1344 5650 1566 5715 adjuvat
1600 5652 1683 5703 hic
1714 5654 1881 5704 codex
1910 5652 1966 5706 Β.
1997 5657 2088 5721 qui
2123 5657 2174 5707 in
2204 5655 2307 5707 alia

747 5716 1207 5791 omnia__tliscedit.
1246 5718 1533 5791 Forte-hic
1575 5722 1724 5791 locus
1780 5722 1857 5775 sic
1909 5716 2165 5776 cOInStitui
2214 5739 2308 5791 po-

746 5793 851 5838 test
882 5802 895 5838 :
922 5786 1115 5849 Καλῶς
1148 5789 1204 5840 δὲ
1255 5784 1406 5839 εἶπεν
1447 5791 1473 5840 ὁ
1498 5790 1811 5856 μιεαίίσκος,
1845 5793 1903 5844 Et
1930 5792 2169 5860 ἐφύλαξα
2208 5784 2303 5857 τὰς

2411 4998 2581 5052 Ὅσον
2616 4995 2730 5068 εἶχε
2763 4998 2939 5052 πολλά
2967 5001 2994 5051 6
3027 4999 3332 5065 νεανίσκος,
3363 5000 3617 5054 τοσοῦτον
3644 5002 3833 5066 αὐτοῖς
3874 5005 3989 5057 ἑδε-

2413 5088 2683 5142 δούλωτο’
2718 5090 2811 5142 καὶ
2836 5090 2944 5159 γὰρ
2976 5092 3009 5160 ἡ
3051 5090 3337 5162 προσθήκη
3389 5090 3484 5143 τοῦ
3525 5091 3767 5145 πλούτου
3820 5108 3990 5164 προσο

2414 5179 2590 5247 θήκην
2625 5182 2766 5232 ποιεῖ
2816 5180 2918 5249 τῆς
2974 5179 3370 5251 φιλαργυρίαν
3421 5183 3643 5250 γέγονεν
3691 5182 3791 5236 οὖν
3836 5186 3991 5238 αἰτία

2413 5276 2511 5343 τῆς
2553 5272 2731 5342 λύπης
2782 5275 2879 5327 καὶ
2925 5274 3027 5342 τῆς
3079 5274 3368 5337 ἀπειθείας
3414 5276 3448 5346 ἡ
3498 5275 3986 5347 πολυκτημοσύνη.

2419 5446 2515 5499 τοῦ
2546 5446 2710 5512 νόμου
2751 5445 2994 5508 ἐντολὰς,
3034 5444 3242 5514 μεγάλα
3271 5444 3486 5505 πάντως
3516 5444 3883 5513 κατώρθωσα.

2493 5517 2602 5582 (42)
2636 5516 2756 5579 Πᾶς
2787 5514 2853 5564 δὲ
2897 5517 3029 5580 (ira;
3049 5531 3207 5579 (uxor;
3240 5518 3507 5577 πλησίον
3538 5515 3797 5582 λέγεται.
3841 5516 3986 5579 "me,

2420 5586 2471 5638 ni
2507 5586 2686 5647 lallur,
2722 5586 2912 5636 abesse
2934 5594 3200 5650 poterant.
3230 5584 3407 5647 Certe,
3438 5601 3599 5652 quam
3637 5589 3743 5637 \‘itn
3774 5586 3865 5640 hic
3892 5592 3989 5643 ha-

2417 5656 2544 5709 bere
2581 5655 2808 5722 possint,
2849 5669 2953 5704 non
2992 5652 3251 5721 intelligo.

2485 5725 2595 5794 (45)
2632 5722 2746 5775 Tui:
2778 5722 3157 5794 -Ιέἰιαγγ-εςίίουν
3197 5723 3480 5789 μάλιστα.
3519 5723 3679 5779 Forte
3738 5740 3836 5783 t‘ro
3890 5728 3991 5790 μάο

2413 5792 2583 5847 λιστα
2602 5792 2885 5861 legendum
2920 5792 3181 5857 μαθηταί.
