  <div class='ocr_page' id='page_1' title='image "/cluster/home/n/w/nwhite01/storage/ocr_20150623/120/nnc1.0046979972/604.png"; bbox 0 0 4182 6454; ppageno 0'>
   <div class='ocr_carea' id='block_1_1' title="bbox 237 386 378 454">
    <p class='ocr_par' dir='ltr' id='par_1_1' title="bbox 237 386 378 454">
     <span class='ocr_line' id='line_1_1' title="bbox 237 386 378 454; baseline 0.007 -4"><span class='ocrx_word' id='word_1_1' title='bbox 237 386 378 454; x_wconf 74' lang='grc'><strong>1217</strong></span> 
     </span>
    </p>
   </div>
   <div class='ocr_carea' id='block_1_2' title="bbox 1656 389 2109 460">
    <p class='ocr_par' dir='ltr' id='par_1_2' title="bbox 1656 389 2109 460">
     <span class='ocr_line' id='line_1_2' title="bbox 1656 389 2109 460; baseline 0.015 -8"><span class='ocrx_word' id='word_1_2' title='bbox 1656 389 2109 460; x_wconf 80' lang='lat' dir='ltr'><strong>ORATIONES.</strong></span> 
     </span>
    </p>
   </div>
   <div class='ocr_carea' id='block_1_3' title="bbox 3379 412 3514 477">
    <p class='ocr_par' dir='ltr' id='par_1_3' title="bbox 3379 412 3514 477">
     <span class='ocr_line' id='line_1_3' title="bbox 3379 412 3514 477; baseline 0.007 -2"><span class='ocrx_word' id='word_1_3' title='bbox 3379 412 3514 477; x_wconf 80' lang='lat'><strong>1218</strong></span> 
     </span>
    </p>
   </div>
   <div class='ocr_carea' id='block_1_4' title="bbox 244 503 1811 592">
    <p class='ocr_par' dir='ltr' id='par_1_4' title="bbox 244 503 1811 580">
     <span class='ocr_line' id='line_1_4' title="bbox 244 503 1811 580; baseline 0.005 -24"><span class='ocrx_word' id='word_1_4' title='bbox 244 503 403 558; x_wconf 76' lang='grc' dir='ltr'>Ἐπεὶ</span> <span class='ocrx_word' id='word_1_5' title='bbox 453 505 559 576; x_wconf 86' lang='grc' dir='ltr'><strong>γὰρ</strong></span> <span class='ocrx_word' id='word_1_6' title='bbox 613 506 714 559; x_wconf 82' lang='grc' dir='ltr'>οὐκ</span> <span class='ocrx_word' id='word_1_7' title='bbox 741 507 984 577; x_wconf 80' lang='grc' dir='ltr'><strong>ἠδυνήθη</strong></span> <span class='ocrx_word' id='word_1_8' title='bbox 1044 506 1430 578; x_wconf 82' lang='grc' dir='ltr'>ἀκολουθῆσαι,</span> <span class='ocrx_word' id='word_1_9' title='bbox 1467 508 1676 580; x_wconf 80' lang='grc' dir='ltr'>ἀπῆλθε</span> <span class='ocrx_word' id='word_1_10' title='bbox 1722 511 1811 564; x_wconf 91' lang='grc' dir='ltr'>λυ-</span> 
     </span>
    </p>
   </div>
   <div class='ocr_carea' id='block_1_5' title="bbox 1910 503 3510 592">
    <p class='ocr_par' dir='ltr' id='par_1_5' title="bbox 1922 511 3510 592">
     <span class='ocr_line' id='line_1_5' title="bbox 1922 511 3510 592; baseline 0.008 -26"><span class='ocrx_word' id='word_1_11' title='bbox 1922 511 2104 577; x_wconf 85' lang='lat' dir='ltr'><strong>vobis,</strong></span> <span class='ocrx_word' id='word_1_12' title='bbox 2146 513 2274 584; x_wconf 88' lang='lat' dir='ltr'><strong>quia</strong></span> <span class='ocrx_word' id='word_1_13' title='bbox 2315 513 2536 571; x_wconf 94' lang='lat' dir='ltr'><strong>difﬁcile</strong></span> <span class='ocrx_word' id='word_1_14' title='bbox 2561 516 2712 572; x_wconf 80' lang='lat' dir='ltr'><strong>dives</strong></span> <span class='ocrx_word' id='word_1_15' title='bbox 2744 517 2964 574; x_wconf 90' lang='lat' dir='ltr'><strong>intrabit</strong></span> <span class='ocrx_word' id='word_1_16' title='bbox 2997 521 3048 575; x_wconf 91' lang='lat' dir='ltr'><strong>in</strong></span> <span class='ocrx_word' id='word_1_17' title='bbox 3086 537 3309 592; x_wconf 78' lang='lat' dir='ltr'><strong>regnum</strong></span> <span class='ocrx_word' id='word_1_18' title='bbox 3340 527 3510 580; x_wconf 85' lang='lat' dir='ltr'><strong>ccelo-</strong></span> 
     </span>
    </p>
   </div>
   <div class='ocr_carea' id='block_1_6' title="bbox 231 594 1816 670">
    <p class='ocr_par' dir='ltr' id='par_1_6' title="bbox 231 594 1816 670">
     <span class='ocr_line' id='line_1_6' title="bbox 231 594 1816 670; baseline 0.006 -25"><span class='ocrx_word' id='word_1_19' title='bbox 231 595 530 665; x_wconf 74' lang='grc' dir='ltr'>πούμενος.</span> <span class='ocrx_word' id='word_1_20' title='bbox 571 613 590 647; x_wconf 88' lang='grc' dir='ltr'><strong>ι</strong></span> <span class='ocrx_word' id='word_1_21' title='bbox 626 596 687 649; x_wconf 90' lang='lat'><strong>&#39;0</strong></span> <span class='ocrx_word' id='word_1_22' title='bbox 733 597 788 650; x_wconf 80' lang='grc' dir='ltr'>δὲ</span> <span class='ocrx_word' id='word_1_23' title='bbox 839 597 1048 668; x_wconf 83' lang='grc' dir='ltr'>Ἰησοῦς</span> <span class='ocrx_word' id='word_1_24' title='bbox 1083 594 1205 652; x_wconf 82' lang='grc' dir='ltr'>εἷπε</span> <span class='ocrx_word' id='word_1_25' title='bbox 1247 601 1363 663; x_wconf 90' lang='grc' dir='ltr'>τοῖς</span> <span class='ocrx_word' id='word_1_26' title='bbox 1409 600 1686 670; x_wconf 79' lang='grc' dir='ltr'><strong>μαθηταῖς</strong></span> <span class='ocrx_word' id='word_1_27' title='bbox 1716 603 1816 654; x_wconf 84' lang='grc' dir='ltr'>αύ-</span> 
     </span>
    </p>
   </div>
   <div class='ocr_carea' id='block_1_7' title="bbox 228 687 1817 761">
    <p class='ocr_par' dir='ltr' id='par_1_7' title="bbox 228 687 1817 761">
     <span class='ocr_line' id='line_1_7' title="bbox 228 687 1817 761; baseline 0.006 -22"><span class='ocrx_word' id='word_1_28' title='bbox 228 687 350 749; x_wconf 87' lang='grc' dir='ltr'>τοῦ,</span> <span class='ocrx_word' id='word_1_29' title='bbox 390 688 566 760; x_wconf 75' lang='grc' dir='ltr'>’Λμὴν</span> <span class='ocrx_word' id='word_1_30' title='bbox 614 689 759 758; x_wconf 74' lang='grc' dir='ltr'>λέγω</span> <span class='ocrx_word' id='word_1_31' title='bbox 793 690 945 761; x_wconf 87' lang='grc' dir='ltr'>ύμῖν,</span> <span class='ocrx_word' id='word_1_32' title='bbox 980 693 1062 745; x_wconf 80' lang='grc' dir='ltr'>ὅτι</span> <span class='ocrx_word' id='word_1_33' title='bbox 1107 692 1384 757; x_wconf 74' lang='grc' dir='ltr'><strong>δυσκόλως</strong></span> <span class='ocrx_word' id='word_1_34' title='bbox 1425 694 1680 758; x_wconf 78' lang='grc' dir='ltr'>πλούσιος</span> <span class='ocrx_word' id='word_1_35' title='bbox 1703 695 1817 748; x_wconf 86' lang='grc' dir='ltr'>εἰσ-</span> 
     </span>
    </p>
   </div>
   <div class='ocr_carea' id='block_1_8' title="bbox 233 779 1816 858">
    <p class='ocr_par' dir='ltr' id='par_1_8' title="bbox 233 779 1816 858">
     <span class='ocr_line' id='line_1_8' title="bbox 233 779 1816 858; baseline 0.006 -27"><span class='ocrx_word' id='word_1_36' title='bbox 233 779 522 833; x_wconf 78' lang='grc' dir='ltr'>ελεύσεται</span> <span class='ocrx_word' id='word_1_37' title='bbox 593 783 673 846; x_wconf 82' lang='grc' dir='ltr'><strong>είς</strong></span> <span class='ocrx_word' id='word_1_38' title='bbox 722 783 822 853; x_wconf 77' lang='grc' dir='ltr'>τὴν</span> <span class='ocrx_word' id='word_1_39' title='bbox 884 784 1164 853; x_wconf 85' lang='grc' dir='ltr'>βασιλείαν</span> <span class='ocrx_word' id='word_1_40' title='bbox 1217 787 1326 842; x_wconf 90' lang='grc' dir='ltr'><strong>τῶν</strong></span> <span class='ocrx_word' id='word_1_41' title='bbox 1377 788 1664 858; x_wconf 80' lang='grc' dir='ltr'><strong>οὐρανῶν·</strong></span> <span class='ocrx_word' id='word_1_42' title='bbox 1706 805 1726 840; x_wconf 76' lang='grc' dir='ltr'><strong>ι</strong></span> <span class='ocrx_word' id='word_1_43' title='bbox 1765 788 1816 841; x_wconf 84' lang='grc' dir='ltr'><strong>εί</strong></span> 
     </span>
    </p>
   </div>
   <div class='ocr_carea' id='block_1_9' title="bbox 229 870 1814 950">
    <p class='ocr_par' dir='ltr' id='par_1_9' title="bbox 229 870 1814 950">
     <span class='ocr_line' id='line_1_9' title="bbox 229 870 1814 950; baseline 0.006 -26"><span class='ocrx_word' id='word_1_44' title='bbox 229 870 288 924; x_wconf 79' lang='grc' dir='ltr'>δὲ</span> <span class='ocrx_word' id='word_1_45' title='bbox 324 875 351 924; x_wconf 89' lang='lat'><strong>6</strong></span> <span class='ocrx_word' id='word_1_46' title='bbox 377 871 635 937; x_wconf 84' lang='grc' dir='ltr'>πλούσιος</span> <span class='ocrx_word' id='word_1_47' title='bbox 679 875 979 942; x_wconf 86' lang='grc' dir='ltr'>δυσκόλως,</span> <span class='ocrx_word' id='word_1_48' title='bbox 1011 879 1038 930; x_wconf 97' lang='lat'><strong>6</strong></span> <span class='ocrx_word' id='word_1_49' title='bbox 1079 878 1418 950; x_wconf 83' lang='grc' dir='ltr'><strong>πλεονέκτης</strong></span> <span class='ocrx_word' id='word_1_50' title='bbox 1464 881 1696 944; x_wconf 84' lang='grc' dir='ltr'>ούδόλως</span> <span class='ocrx_word' id='word_1_51' title='bbox 1717 897 1732 912; x_wconf 81' lang='grc'>⁶</span> <span class='ocrx_word' id='word_1_52' title='bbox 1764 883 1814 934; x_wconf 81' lang='grc' dir='ltr'><strong>εί</strong></span> 
     </span>
    </p>
   </div>
   <div class='ocr_carea' id='block_1_10' title="bbox 230 963 1820 1044">
    <p class='ocr_par' dir='ltr' id='par_1_10' title="bbox 230 963 1820 1044">
     <span class='ocr_line' id='line_1_10' title="bbox 230 963 1820 1044; baseline 0.009 -31"><span class='ocrx_word' id='word_1_53' title='bbox 230 963 344 1031; x_wconf 68' lang='grc' dir='ltr'>γὰρ</span> <span class='ocrx_word' id='word_1_54' title='bbox 375 964 404 1015; x_wconf 89' lang='lat'><strong>6</strong></span> <span class='ocrx_word' id='word_1_55' title='bbox 436 963 512 1035; x_wconf 83' lang='grc' dir='ltr'>μὴ</span> <span class='ocrx_word' id='word_1_56' title='bbox 547 965 674 1029; x_wconf 80' lang='grc' dir='ltr'>δοὺς</span> <span class='ocrx_word' id='word_1_57' title='bbox 707 968 774 1021; x_wconf 71' lang='grc' dir='ltr'><strong>τὰ</strong></span> <span class='ocrx_word' id='word_1_58' title='bbox 799 969 996 1023; x_wconf 78' lang='grc' dir='ltr'>ἑαυτοῦ</span> <span class='ocrx_word' id='word_1_59' title='bbox 1027 971 1444 1042; x_wconf 88' lang='grc' dir='ltr'>κατακρίνεται,</span> <span class='ocrx_word' id='word_1_60' title='bbox 1480 972 1661 1042; x_wconf 81' lang='grc' dir='ltr'>πολλῷ</span> <span class='ocrx_word' id='word_1_61' title='bbox 1687 973 1820 1044; x_wconf 77' lang='grc' dir='ltr'>μᾶλ-</span> 
     </span>
    </p>
   </div>
   <div class='ocr_carea' id='block_1_11' title="bbox 228 1053 1816 1133">
    <p class='ocr_par' dir='ltr' id='par_1_11' title="bbox 228 1053 1816 1133">
     <span class='ocr_line' id='line_1_11' title="bbox 228 1053 1816 1133; baseline 0.009 -29"><span class='ocrx_word' id='word_1_62' title='bbox 228 1053 322 1106; x_wconf 87' lang='grc' dir='ltr'><strong>λον</strong></span> <span class='ocrx_word' id='word_1_63' title='bbox 355 1055 382 1106; x_wconf 84' lang='lat'><strong>6</strong></span> <span class='ocrx_word' id='word_1_64' title='bbox 439 1058 532 1109; x_wconf 80' lang='grc' dir='ltr'>καὶ</span> <span class='ocrx_word' id='word_1_65' title='bbox 583 1058 654 1110; x_wconf 80' lang='grc' dir='ltr'><strong>τὰ</strong></span> <span class='ocrx_word' id='word_1_66' title='bbox 703 1059 908 1130; x_wconf 77' lang='grc' dir='ltr'>ἐτέρων</span> <span class='ocrx_word' id='word_1_67' title='bbox 937 1061 1228 1132; x_wconf 76' lang='grc' dir='ltr'>ἁρπάξων.</span> <span class='ocrx_word' id='word_1_68' title='bbox 1270 1081 1290 1115; x_wconf 80' lang='grc' dir='ltr'><strong>ι</strong></span> <span class='ocrx_word' id='word_1_69' title='bbox 1332 1065 1502 1117; x_wconf 83' lang='grc' dir='ltr'>Πάλιν</span> <span class='ocrx_word' id='word_1_70' title='bbox 1559 1064 1614 1116; x_wconf 84' lang='grc' dir='ltr'>δὲ</span> <span class='ocrx_word' id='word_1_71' title='bbox 1671 1065 1816 1133; x_wconf 88' lang='grc' dir='ltr'>λέγω</span> 
     </span>
    </p>
   </div>
   <div class='ocr_carea' id='block_1_12' title="bbox 229 1144 1816 1225">
    <p class='ocr_par' dir='ltr' id='par_1_12' title="bbox 229 1144 1816 1225">
     <span class='ocr_line' id='line_1_12' title="bbox 229 1144 1816 1225; baseline 0.008 -30"><span class='ocrx_word' id='word_1_72' title='bbox 229 1144 386 1214; x_wconf 80' lang='grc' dir='ltr'>ὑμῖν,</span> <span class='ocrx_word' id='word_1_73' title='bbox 422 1146 818 1221; x_wconf 78' lang='grc' dir='ltr'>Εὖκοπὼτερόν</span> <span class='ocrx_word' id='word_1_74' title='bbox 862 1152 980 1205; x_wconf 76' lang='grc' dir='ltr'>ἐστι</span> <span class='ocrx_word' id='word_1_75' title='bbox 1034 1153 1283 1223; x_wconf 85' lang='grc' dir='ltr'>κάμηλον</span> <span class='ocrx_word' id='word_1_76' title='bbox 1330 1154 1420 1207; x_wconf 77' lang='grc' dir='ltr'>διὰ</span> <span class='ocrx_word' id='word_1_77' title='bbox 1453 1154 1816 1225; x_wconf 82' lang='grc' dir='ltr'><strong>τρυπήματος</strong></span> 
     </span>
    </p>
   </div>
   <div class='ocr_carea' id='block_1_13' title="bbox 231 1235 1809 1314">
    <p class='ocr_par' dir='ltr' id='par_1_13' title="bbox 231 1235 1809 1314">
     <span class='ocr_line' id='line_1_13' title="bbox 231 1235 1809 1314; baseline 0.006 -28"><span class='ocrx_word' id='word_1_78' title='bbox 231 1235 462 1304; x_wconf 70' lang='grc' dir='ltr'>ῥαφίδος</span> <span class='ocrx_word' id='word_1_79' title='bbox 488 1237 742 1304; x_wconf 81' lang='grc' dir='ltr'><strong>διελθεῖν,</strong></span> <span class='ocrx_word' id='word_1_80' title='bbox 779 1241 812 1311; x_wconf 77' lang='grc' dir='ltr'>ἦ</span> <span class='ocrx_word' id='word_1_81' title='bbox 857 1241 1117 1296; x_wconf 83' lang='grc' dir='ltr'>πλούσιον</span> <span class='ocrx_word' id='word_1_82' title='bbox 1149 1244 1230 1306; x_wconf 90' lang='grc' dir='ltr'><strong>εἰς</strong></span> <span class='ocrx_word' id='word_1_83' title='bbox 1270 1243 1370 1312; x_wconf 78' lang='grc' dir='ltr'>τὴν</span> <span class='ocrx_word' id='word_1_84' title='bbox 1400 1244 1680 1314; x_wconf 84' lang='grc' dir='ltr'>βασιλείαν</span> <span class='ocrx_word' id='word_1_85' title='bbox 1714 1242 1809 1296; x_wconf 90' lang='grc' dir='ltr'><strong>τοῦ</strong></span> 
     </span>
    </p>
   </div>
   <div class='ocr_carea' id='block_1_14' title="bbox 225 1324 1812 1404">
    <p class='ocr_par' dir='ltr' id='par_1_14' title="bbox 225 1324 1812 1404">
     <span class='ocr_line' id='line_1_14' title="bbox 225 1324 1812 1404; baseline 0.007 -27"><span class='ocrx_word' id='word_1_86' title='bbox 225 1324 370 1378; x_wconf 85' lang='grc' dir='ltr'>Θεοῦ</span> <span class='ocrx_word' id='word_1_87' title='bbox 421 1327 724 1382; x_wconf 74' lang='grc' dir='ltr'>εἰσελθεῖνο</span> <span class='ocrx_word' id='word_1_88' title='bbox 768 1349 788 1383; x_wconf 86' lang='grc'><strong>›</strong></span> <span class='ocrx_word' id='word_1_89' title='bbox 826 1332 998 1386; x_wconf 84' lang='grc' dir='ltr'>εἰπὼν</span> <span class='ocrx_word' id='word_1_90' title='bbox 1049 1334 1114 1386; x_wconf 79' lang='grc' dir='ltr'>τὸ</span> <span class='ocrx_word' id='word_1_91' title='bbox 1173 1337 1409 1404; x_wconf 79' lang='grc' dir='ltr'>πρᾶγμα</span> <span class='ocrx_word' id='word_1_92' title='bbox 1473 1335 1736 1389; x_wconf 81' lang='grc' dir='ltr'>δύσκολον</span> <span class='ocrx_word' id='word_1_93' title='bbox 1784 1336 1812 1388; x_wconf 90' lang='lat'><strong>6</strong></span> 
     </span>
    </p>
   </div>
   <div class='ocr_carea' id='block_1_15' title="bbox 227 1418 1814 1498">
    <p class='ocr_par' dir='ltr' id='par_1_15' title="bbox 227 1418 1814 1498">
     <span class='ocr_line' id='line_1_15' title="bbox 227 1418 1814 1498; baseline 0.005 -28"><span class='ocrx_word' id='word_1_94' title='bbox 227 1418 495 1488; x_wconf 81' lang='grc' dir='ltr'>Χριστὸς,</span> <span class='ocrx_word' id='word_1_95' title='bbox 523 1420 716 1474; x_wconf 79' lang='grc' dir='ltr'>ἔπειτα</span> <span class='ocrx_word' id='word_1_96' title='bbox 745 1421 899 1490; x_wconf 80' lang='grc' dir='ltr'><strong>λέγει</strong></span> <span class='ocrx_word' id='word_1_97' title='bbox 928 1422 1090 1476; x_wconf 86' lang='grc' dir='ltr'>τοῦτο</span> <span class='ocrx_word' id='word_1_98' title='bbox 1126 1425 1224 1476; x_wconf 71' lang='grc' dir='ltr'>καὶ</span> <span class='ocrx_word' id='word_1_99' title='bbox 1265 1425 1553 1492; x_wconf 83' lang='grc' dir='ltr'>ἀδύνατον,</span> <span class='ocrx_word' id='word_1_100' title='bbox 1587 1429 1683 1480; x_wconf 67' lang='grc' dir='ltr'>καὶ</span> <span class='ocrx_word' id='word_1_101' title='bbox 1716 1427 1814 1498; x_wconf 80' lang='grc' dir='ltr'><strong>οὐχ</strong></span> 
     </span>
    </p>
   </div>
   <div class='ocr_carea' id='block_1_16' title="bbox 233 1510 1814 1580">
    <p class='ocr_par' dir='ltr' id='par_1_16' title="bbox 233 1510 1814 1580">
     <span class='ocr_line' id='line_1_16' title="bbox 233 1510 1814 1580; baseline 0.008 -19"><span class='ocrx_word' id='word_1_102' title='bbox 233 1510 426 1574; x_wconf 81' lang='grc' dir='ltr'>ἁπλῶς</span> <span class='ocrx_word' id='word_1_103' title='bbox 456 1510 742 1580; x_wconf 79' lang='grc' dir='ltr'>ἀδύνατον,</span> <span class='ocrx_word' id='word_1_104' title='bbox 793 1513 932 1567; x_wconf 81' lang='grc' dir='ltr'><strong>ἀλλά</strong></span> <span class='ocrx_word' id='word_1_105' title='bbox 971 1515 1065 1568; x_wconf 77' lang='grc' dir='ltr'>καὶ</span> <span class='ocrx_word' id='word_1_106' title='bbox 1095 1514 1190 1567; x_wconf 89' lang='grc' dir='ltr'><strong>τοῦ</strong></span> <span class='ocrx_word' id='word_1_107' title='bbox 1223 1516 1490 1571; x_wconf 78' lang='grc' dir='ltr'><strong>ἀδυνάτου</strong></span> <span class='ocrx_word' id='word_1_108' title='bbox 1541 1517 1814 1573; x_wconf 83' lang='grc' dir='ltr'>ἀδυνατώ-</span> 
     </span>
    </p>
   </div>
   <div class='ocr_carea' id='block_1_17' title="bbox 227 1603 1815 1679">
    <p class='ocr_par' dir='ltr' id='par_1_17' title="bbox 227 1603 1815 1679">
     <span class='ocr_line' id='line_1_17' title="bbox 227 1603 1815 1679; baseline 0.006 -25"><span class='ocrx_word' id='word_1_109' title='bbox 227 1618 411 1673; x_wconf 84' lang='grc' dir='ltr'>τερον.</span> <span class='ocrx_word' id='word_1_110' title='bbox 452 1603 742 1658; x_wconf 81' lang='grc' dir='ltr'>Ἀδύνατον</span> <span class='ocrx_word' id='word_1_111' title='bbox 794 1605 896 1674; x_wconf 75' lang='grc' dir='ltr'>μὲν</span> <span class='ocrx_word' id='word_1_112' title='bbox 924 1606 1032 1677; x_wconf 77' lang='grc' dir='ltr'><strong>γὰρ</strong></span> <span class='ocrx_word' id='word_1_113' title='bbox 1062 1607 1162 1675; x_wconf 74' lang='grc' dir='ltr'>τὴν</span> <span class='ocrx_word' id='word_1_114' title='bbox 1193 1609 1444 1679; x_wconf 83' lang='grc' dir='ltr'>κάμηλον</span> <span class='ocrx_word' id='word_1_115' title='bbox 1466 1610 1526 1662; x_wconf 84' lang='grc' dir='ltr'>τὸ</span> <span class='ocrx_word' id='word_1_116' title='bbox 1561 1610 1701 1673; x_wconf 78' lang='grc' dir='ltr'>ζῶον</span> <span class='ocrx_word' id='word_1_117' title='bbox 1725 1611 1815 1665; x_wconf 78' lang='grc' dir='ltr'><strong>διὰ</strong></span> 
     </span>
    </p>
   </div>
   <div class='ocr_carea' id='block_1_18' title="bbox 225 1693 1813 1768">
    <p class='ocr_par' dir='ltr' id='par_1_18' title="bbox 225 1693 1813 1768">
     <span class='ocr_line' id='line_1_18' title="bbox 225 1693 1813 1768; baseline 0.005 -24"><span class='ocrx_word' id='word_1_118' title='bbox 225 1693 595 1763; x_wconf 84' lang='grc' dir='ltr'>τρυπήματος</span> <span class='ocrx_word' id='word_1_119' title='bbox 647 1693 875 1765; x_wconf 75' lang='grc' dir='ltr'>βελόνης</span> <span class='ocrx_word' id='word_1_120' title='bbox 931 1695 1200 1749; x_wconf 83' lang='grc' dir='ltr'>διελθεῖν·</span> <span class='ocrx_word' id='word_1_121' title='bbox 1271 1697 1684 1768; x_wconf 80' lang='grc' dir='ltr'>ἀδυνατώτερον</span> <span class='ocrx_word' id='word_1_122' title='bbox 1755 1699 1813 1753; x_wconf 80' lang='grc' dir='ltr'>δὲ</span> 
     </span>
    </p>
   </div>
   <div class='ocr_carea' id='block_1_19' title="bbox 225 1785 1814 1861">
    <p class='ocr_par' dir='ltr' id='par_1_19' title="bbox 225 1785 1814 1861">
     <span class='ocr_line' id='line_1_19' title="bbox 225 1785 1814 1861; baseline 0.007 -25"><span class='ocrx_word' id='word_1_123' title='bbox 225 1785 422 1838; x_wconf 80' lang='grc' dir='ltr'>τούτου</span> <span class='ocrx_word' id='word_1_124' title='bbox 465 1786 546 1852; x_wconf 83' lang='grc' dir='ltr'><strong>τὸ,</strong></span> <span class='ocrx_word' id='word_1_125' title='bbox 581 1786 848 1840; x_wconf 72' lang='grc' dir='ltr'>εἰσελθεῖν</span> <span class='ocrx_word' id='word_1_126' title='bbox 881 1788 1136 1841; x_wconf 86' lang='grc' dir='ltr'>πλούσιον</span> <span class='ocrx_word' id='word_1_127' title='bbox 1162 1791 1241 1853; x_wconf 86' lang='grc' dir='ltr'><strong>εἰς</strong></span> <span class='ocrx_word' id='word_1_128' title='bbox 1272 1791 1371 1861; x_wconf 78' lang='grc' dir='ltr'>τὴν</span> <span class='ocrx_word' id='word_1_129' title='bbox 1395 1791 1677 1860; x_wconf 86' lang='grc' dir='ltr'>βασιλείαν</span> <span class='ocrx_word' id='word_1_130' title='bbox 1705 1793 1814 1848; x_wconf 87' lang='grc' dir='ltr'><strong>τῶν</strong></span> 
     </span>
    </p>
   </div>
   <div class='ocr_carea' id='block_1_20' title="bbox 227 1861 1891 1954">
    <p class='ocr_par' dir='ltr' id='par_1_20' title="bbox 227 1861 1891 1954">
     <span class='ocr_line' id='line_1_20' title="bbox 227 1861 1891 1954; baseline 0.008 -28"><span class='ocrx_word' id='word_1_131' title='bbox 227 1875 511 1944; x_wconf 75' lang='grc' dir='ltr'>οὐρανῶν·</span> <span class='ocrx_word' id='word_1_132' title='bbox 569 1878 712 1941; x_wconf 76' lang='grc' dir='ltr'>τινὲς</span> <span class='ocrx_word' id='word_1_133' title='bbox 748 1877 806 1931; x_wconf 80' lang='grc' dir='ltr'>δὲ</span> <span class='ocrx_word' id='word_1_134' title='bbox 858 1878 1108 1950; x_wconf 85' lang='grc' dir='ltr'>κάμηλον</span> <span class='ocrx_word' id='word_1_135' title='bbox 1144 1879 1257 1952; x_wconf 71' lang='grc' dir='ltr'><strong>(Η)</strong></span> <span class='ocrx_word' id='word_1_136' title='bbox 1310 1882 1526 1950; x_wconf 85' lang='grc' dir='ltr'>λέγουσι</span> <span class='ocrx_word' id='word_1_137' title='bbox 1580 1886 1815 1954; x_wconf 76' lang='grc' dir='ltr'>σχοινίον</span> <span class='ocrx_word' id='word_1_138' title='bbox 1848 1861 1891 1918; x_wconf 74' lang='grc' dir='ltr'><strong>Β</strong></span> 
     </span>
    </p>
   </div>
   <div class='ocr_carea' id='block_1_21' title="bbox 227 1965 1813 2044">
    <p class='ocr_par' dir='ltr' id='par_1_21' title="bbox 227 1965 1813 2044">
     <span class='ocr_line' id='line_1_21' title="bbox 227 1965 1813 2044; baseline 0.006 -25"><span class='ocrx_word' id='word_1_139' title='bbox 227 1967 381 2038; x_wconf 77' lang='grc' dir='ltr'>παχὺ</span> <span class='ocrx_word' id='word_1_140' title='bbox 411 1967 508 2022; x_wconf 89' lang='grc' dir='ltr'><strong>τοῦ</strong></span> <span class='ocrx_word' id='word_1_141' title='bbox 560 1969 776 2036; x_wconf 90' lang='grc' dir='ltr'>πλοίου,</span> <span class='ocrx_word' id='word_1_142' title='bbox 810 1965 854 2038; x_wconf 81' lang='grc' dir='ltr'>ᾧ</span> <span class='ocrx_word' id='word_1_143' title='bbox 891 1972 1154 2042; x_wconf 84' lang='grc' dir='ltr'>δεσμοῦσι</span> <span class='ocrx_word' id='word_1_144' title='bbox 1183 1974 1282 2036; x_wconf 80' lang='grc' dir='ltr'><strong>τὰς</strong></span> <span class='ocrx_word' id='word_1_145' title='bbox 1311 1974 1560 2044; x_wconf 82' lang='grc' dir='ltr'>ἀγκύρας</span> <span class='ocrx_word' id='word_1_146' title='bbox 1589 1977 1641 2027; x_wconf 88' lang='grc' dir='ltr'><strong>οἰ</strong></span> <span class='ocrx_word' id='word_1_147' title='bbox 1681 1975 1813 2029; x_wconf 78' lang='grc' dir='ltr'>ναῦο</span> 
     </span>
    </p>
   </div>
   <div class='ocr_carea' id='block_1_22' title="bbox 225 2059 1815 2132">
    <p class='ocr_par' dir='ltr' id='par_1_22' title="bbox 225 2059 1815 2132">
     <span class='ocr_line' id='line_1_22' title="bbox 225 2059 1815 2132; baseline 0.006 -22"><span class='ocrx_word' id='word_1_148' title='bbox 225 2075 344 2110; x_wconf 84' lang='grc' dir='ltr'>ται.</span> <span class='ocrx_word' id='word_1_149' title='bbox 405 2059 593 2115; x_wconf 84' lang='grc' dir='ltr'>Ταῦτα</span> <span class='ocrx_word' id='word_1_150' title='bbox 643 2060 819 2131; x_wconf 85' lang='grc' dir='ltr'>λέγων</span> <span class='ocrx_word' id='word_1_151' title='bbox 865 2064 893 2116; x_wconf 95' lang='lat'><strong>6</strong></span> <span class='ocrx_word' id='word_1_152' title='bbox 944 2063 1205 2132; x_wconf 82' lang='grc' dir='ltr'>Χριστὸς,</span> <span class='ocrx_word' id='word_1_153' title='bbox 1260 2065 1322 2117; x_wconf 84' lang='grc' dir='ltr'>οὑ</span> <span class='ocrx_word' id='word_1_154' title='bbox 1382 2065 1666 2119; x_wconf 74' lang='grc' dir='ltr'>διαϐάλλει</span> <span class='ocrx_word' id='word_1_155' title='bbox 1721 2066 1815 2122; x_wconf 83' lang='grc' dir='ltr'>τὸν</span> 
     </span>
    </p>
   </div>
   <div class='ocr_carea' id='block_1_23' title="bbox 225 2149 1812 2228">
    <p class='ocr_par' dir='ltr' id='par_1_23' title="bbox 225 2149 1812 2228">
     <span class='ocr_line' id='line_1_23' title="bbox 225 2149 1812 2228; baseline 0.007 -27"><span class='ocrx_word' id='word_1_156' title='bbox 225 2149 486 2216; x_wconf 77' lang='grc' dir='ltr'>πλοῦτον,</span> <span class='ocrx_word' id='word_1_157' title='bbox 520 2153 658 2206; x_wconf 78' lang='grc' dir='ltr'>ἀλλὰ</span> <span class='ocrx_word' id='word_1_158' title='bbox 708 2153 769 2207; x_wconf 85' lang='grc' dir='ltr'><strong>τδ</strong></span> <span class='ocrx_word' id='word_1_159' title='bbox 795 2154 1122 2208; x_wconf 74' lang='grc' dir='ltr'>δουλοῦσθαι</span> <span class='ocrx_word' id='word_1_160' title='bbox 1149 2155 1228 2226; x_wconf 83' lang='grc' dir='ltr'><strong>τῷ</strong></span> <span class='ocrx_word' id='word_1_161' title='bbox 1273 2155 1512 2227; x_wconf 84' lang='grc' dir='ltr'>πλούτῳ.</span> <span class='ocrx_word' id='word_1_162' title='bbox 1551 2158 1812 2228; x_wconf 77' lang='grc' dir='ltr'>Ἀριστον</span> 
     </span>
    </p>
   </div>
   <div class='ocr_carea' id='block_1_24' title="bbox 224 2241 1813 2320">
    <p class='ocr_par' dir='ltr' id='par_1_24' title="bbox 224 2241 1813 2320">
     <span class='ocr_line' id='line_1_24' title="bbox 224 2241 1813 2320; baseline 0.006 -26"><span class='ocrx_word' id='word_1_163' title='bbox 224 2241 284 2294; x_wconf 78' lang='grc' dir='ltr'>δὲ</span> <span class='ocrx_word' id='word_1_164' title='bbox 312 2243 410 2296; x_wconf 78' lang='grc' dir='ltr'>καὶ</span> <span class='ocrx_word' id='word_1_165' title='bbox 445 2245 751 2316; x_wconf 81' lang='grc' dir='ltr'>θαυμάσιον</span> <span class='ocrx_word' id='word_1_166' title='bbox 779 2247 840 2300; x_wconf 85' lang='grc' dir='ltr'>τὸ</span> <span class='ocrx_word' id='word_1_167' title='bbox 892 2247 1279 2318; x_wconf 84' lang='grc' dir='ltr'>παράδειγμα.</span> <span class='ocrx_word' id='word_1_168' title='bbox 1311 2249 1580 2320; x_wconf 79' lang='grc' dir='ltr'>Καθάπερ</span> <span class='ocrx_word' id='word_1_169' title='bbox 1613 2249 1721 2320; x_wconf 77' lang='grc' dir='ltr'>γὰρ</span> <span class='ocrx_word' id='word_1_170' title='bbox 1751 2249 1813 2303; x_wconf 78' lang='grc' dir='ltr'>τὸ</span> 
     </span>
    </p>
   </div>
   <div class='ocr_carea' id='block_1_25' title="bbox 225 2332 1810 2410">
    <p class='ocr_par' dir='ltr' id='par_1_25' title="bbox 225 2332 1810 2410">
     <span class='ocr_line' id='line_1_25' title="bbox 225 2332 1810 2410; baseline 0.007 -26"><span class='ocrx_word' id='word_1_171' title='bbox 225 2332 494 2404; x_wconf 82' lang='grc' dir='ltr'>τρύπημα</span> <span class='ocrx_word' id='word_1_172' title='bbox 525 2338 624 2407; x_wconf 84' lang='grc' dir='ltr'>τῆς</span> <span class='ocrx_word' id='word_1_173' title='bbox 656 2335 886 2407; x_wconf 85' lang='grc' dir='ltr'>βελόνης</span> <span class='ocrx_word' id='word_1_174' title='bbox 923 2338 983 2390; x_wconf 87' lang='grc' dir='ltr'><strong>ού</strong></span> <span class='ocrx_word' id='word_1_175' title='bbox 1021 2339 1195 2409; x_wconf 86' lang='grc' dir='ltr'>χωρεῖ</span> <span class='ocrx_word' id='word_1_176' title='bbox 1219 2338 1318 2409; x_wconf 77' lang='grc' dir='ltr'>τὴν</span> <span class='ocrx_word' id='word_1_177' title='bbox 1359 2339 1609 2410; x_wconf 84' lang='grc' dir='ltr'>κάμηλον</span> <span class='ocrx_word' id='word_1_178' title='bbox 1641 2339 1730 2395; x_wconf 82' lang='grc' dir='ltr'><strong>διά</strong></span> <span class='ocrx_word' id='word_1_179' title='bbox 1751 2357 1810 2394; x_wconf 88' lang='grc' dir='ltr'><strong>τε</strong></span> 
     </span>
    </p>
   </div>
   <div class='ocr_carea' id='block_1_26' title="bbox 223 2422 1812 2500">
    <p class='ocr_par' dir='ltr' id='par_1_26' title="bbox 223 2422 1812 2500">
     <span class='ocr_line' id='line_1_26' title="bbox 223 2422 1812 2500; baseline 0.005 -24"><span class='ocrx_word' id='word_1_180' title='bbox 223 2422 328 2494; x_wconf 76' lang='grc' dir='ltr'>τὴν</span> <span class='ocrx_word' id='word_1_181' title='bbox 386 2426 590 2498; x_wconf 83' lang='grc' dir='ltr'>πολλὴν</span> <span class='ocrx_word' id='word_1_182' title='bbox 633 2428 801 2482; x_wconf 81' lang='grc' dir='ltr'>αὑτοῦ</span> <span class='ocrx_word' id='word_1_183' title='bbox 837 2429 1156 2500; x_wconf 77' lang='grc' dir='ltr'>στενότητα,</span> <span class='ocrx_word' id='word_1_184' title='bbox 1211 2430 1309 2483; x_wconf 82' lang='grc' dir='ltr'>καὶ</span> <span class='ocrx_word' id='word_1_185' title='bbox 1359 2429 1448 2484; x_wconf 81' lang='grc' dir='ltr'>διὰ</span> <span class='ocrx_word' id='word_1_186' title='bbox 1494 2431 1586 2484; x_wconf 77' lang='grc' dir='ltr'><strong>τὸν</strong></span> <span class='ocrx_word' id='word_1_187' title='bbox 1643 2431 1812 2486; x_wconf 82' lang='grc' dir='ltr'>πολὺν</span> 
     </span>
    </p>
   </div>
   <div class='ocr_carea' id='block_1_27' title="bbox 222 2516 1812 2596">
    <p class='ocr_par' dir='ltr' id='par_1_27' title="bbox 222 2516 1812 2596">
     <span class='ocr_line' id='line_1_27' title="bbox 222 2516 1812 2596; baseline 0.007 -26"><span class='ocrx_word' id='word_1_188' title='bbox 222 2516 393 2586; x_wconf 73' lang='grc' dir='ltr'>δγκον</span> <span class='ocrx_word' id='word_1_189' title='bbox 424 2519 526 2589; x_wconf 85' lang='grc' dir='ltr'>τῆς</span> <span class='ocrx_word' id='word_1_190' title='bbox 576 2521 852 2594; x_wconf 78' lang='grc' dir='ltr'>καμήλου,</span> <span class='ocrx_word' id='word_1_191' title='bbox 883 2520 1027 2578; x_wconf 73' lang='grc' dir='ltr'>οὕτω</span> <span class='ocrx_word' id='word_1_192' title='bbox 1073 2523 1164 2577; x_wconf 78' lang='grc' dir='ltr'>καὶ</span> <span class='ocrx_word' id='word_1_193' title='bbox 1210 2523 1244 2596; x_wconf 75' lang='grc' dir='ltr'><strong>η</strong></span> <span class='ocrx_word' id='word_1_194' title='bbox 1291 2522 1472 2593; x_wconf 66' lang='grc' dir='ltr'>όδδςή</span> <span class='ocrx_word' id='word_1_195' title='bbox 1517 2522 1812 2596; x_wconf 66' lang='grc' dir='ltr'>ἀπάγουσα</span> 
     </span>
    </p>
   </div>
   <div class='ocr_carea' id='block_1_28' title="bbox 223 2611 1807 2689">
    <p class='ocr_par' dir='ltr' id='par_1_28' title="bbox 223 2611 1807 2689">
     <span class='ocr_line' id='line_1_28' title="bbox 223 2611 1807 2689; baseline 0.006 -27"><span class='ocrx_word' id='word_1_196' title='bbox 223 2611 310 2674; x_wconf 84' lang='grc' dir='ltr'><strong>εἰς</strong></span> <span class='ocrx_word' id='word_1_197' title='bbox 339 2611 441 2683; x_wconf 78' lang='grc' dir='ltr'>τὴν</span> <span class='ocrx_word' id='word_1_198' title='bbox 471 2613 618 2685; x_wconf 75' lang='grc' dir='ltr'>ζωὴν</span> <span class='ocrx_word' id='word_1_199' title='bbox 662 2616 762 2686; x_wconf 77' lang='grc' dir='ltr'>τὴν</span> <span class='ocrx_word' id='word_1_200' title='bbox 810 2617 1052 2681; x_wconf 84' lang='grc' dir='ltr'>αἰώνιον,</span> <span class='ocrx_word' id='word_1_201' title='bbox 1094 2617 1154 2670; x_wconf 76' lang='grc' dir='ltr'>οὐ</span> <span class='ocrx_word' id='word_1_202' title='bbox 1192 2621 1360 2689; x_wconf 86' lang='grc' dir='ltr'>χωρεῖ</span> <span class='ocrx_word' id='word_1_203' title='bbox 1393 2617 1484 2670; x_wconf 80' lang='grc' dir='ltr'><strong>τὸν</strong></span> <span class='ocrx_word' id='word_1_204' title='bbox 1531 2618 1807 2686; x_wconf 86' lang='grc' dir='ltr'>πλούσιον,</span> 
     </span>
    </p>
   </div>
   <div class='ocr_carea' id='block_1_29' title="bbox 221 2700 1810 2778">
    <p class='ocr_par' dir='ltr' id='par_1_29' title="bbox 221 2700 1810 2778">
     <span class='ocr_line' id='line_1_29' title="bbox 221 2700 1810 2778; baseline 0.007 -25"><span class='ocrx_word' id='word_1_205' title='bbox 221 2700 317 2756; x_wconf 77' lang='grc' dir='ltr'><strong>διά</strong></span> <span class='ocrx_word' id='word_1_206' title='bbox 374 2719 434 2755; x_wconf 86' lang='grc' dir='ltr'><strong>τε</strong></span> <span class='ocrx_word' id='word_1_207' title='bbox 484 2705 585 2772; x_wconf 74' lang='grc' dir='ltr'>τὴν</span> <span class='ocrx_word' id='word_1_208' title='bbox 634 2707 837 2776; x_wconf 79' lang='grc' dir='ltr'>ἑαυτῆς</span> <span class='ocrx_word' id='word_1_209' title='bbox 871 2708 1188 2778; x_wconf 82' lang='grc' dir='ltr'>στενότητα,</span> <span class='ocrx_word' id='word_1_210' title='bbox 1221 2711 1316 2762; x_wconf 83' lang='grc' dir='ltr'>καὶ</span> <span class='ocrx_word' id='word_1_211' title='bbox 1362 2709 1450 2763; x_wconf 79' lang='grc' dir='ltr'>διὰ</span> <span class='ocrx_word' id='word_1_212' title='bbox 1497 2709 1590 2763; x_wconf 78' lang='grc' dir='ltr'><strong>τὸν</strong></span> <span class='ocrx_word' id='word_1_213' title='bbox 1641 2711 1810 2764; x_wconf 78' lang='grc' dir='ltr'>πολὺν</span> 
     </span>
    </p>
   </div>
   <div class='ocr_carea' id='block_1_30' title="bbox 221 2791 1810 2870">
    <p class='ocr_par' dir='ltr' id='par_1_30' title="bbox 221 2791 1810 2870">
     <span class='ocr_line' id='line_1_30' title="bbox 221 2791 1810 2870; baseline 0.008 -27"><span class='ocrx_word' id='word_1_214' title='bbox 221 2791 396 2858; x_wconf 80' lang='grc' dir='ltr'>δγκον</span> <span class='ocrx_word' id='word_1_215' title='bbox 416 2793 511 2846; x_wconf 91' lang='grc' dir='ltr'><strong>τοῦ</strong></span> <span class='ocrx_word' id='word_1_216' title='bbox 534 2794 820 2851; x_wconf 87' lang='grc' dir='ltr'>πλουσίου.</span> <span class='ocrx_word' id='word_1_217' title='bbox 844 2800 1055 2868; x_wconf 85' lang='grc' dir='ltr'>Πρέπει</span> <span class='ocrx_word' id='word_1_218' title='bbox 1076 2795 1190 2864; x_wconf 77' lang='grc' dir='ltr'>οὖν,</span> <span class='ocrx_word' id='word_1_219' title='bbox 1227 2799 1448 2868; x_wconf 76' lang='grc' dir='ltr'>ἀδελφοί</span> <span class='ocrx_word' id='word_1_220' title='bbox 1470 2818 1600 2870; x_wconf 87' lang='grc' dir='ltr'>μου,</span> <span class='ocrx_word' id='word_1_221' title='bbox 1629 2801 1810 2856; x_wconf 83' lang='grc' dir='ltr'>πάντα</span> 
     </span>
    </p>
   </div>
   <div class='ocr_carea' id='block_1_31' title="bbox 222 2882 1811 2956">
    <p class='ocr_par' dir='ltr' id='par_1_31' title="bbox 222 2882 1811 2956">
     <span class='ocr_line' id='line_1_31' title="bbox 222 2882 1811 2956; baseline 0.007 -21"><span class='ocrx_word' id='word_1_222' title='bbox 222 2882 391 2950; x_wconf 77' lang='grc' dir='ltr'>ὄγκον</span> <span class='ocrx_word' id='word_1_223' title='bbox 420 2885 531 2954; x_wconf 70' lang='grc'><strong>(45)</strong></span> <span class='ocrx_word' id='word_1_224' title='bbox 555 2885 857 2943; x_wconf 84' lang='grc' dir='ltr'>ἀποθέσθαι</span> <span class='ocrx_word' id='word_1_225' title='bbox 883 2889 1028 2943; x_wconf 83' lang='grc' dir='ltr'>κατὰ</span> <span class='ocrx_word' id='word_1_226' title='bbox 1054 2890 1145 2944; x_wconf 81' lang='grc' dir='ltr'>τὸν</span> <span class='ocrx_word' id='word_1_227' title='bbox 1165 2889 1308 2942; x_wconf 88' lang='grc' dir='ltr'>θεῖον</span> <span class='ocrx_word' id='word_1_228' title='bbox 1344 2890 1690 2956; x_wconf 83' lang='grc' dir='ltr'>Ἀπόστολον,</span> <span class='ocrx_word' id='word_1_229' title='bbox 1715 2893 1811 2946; x_wconf 74' lang='grc' dir='ltr'>καὶ</span> 
     </span>
    </p>
   </div>
   <div class='ocr_carea' id='block_1_32' title="bbox 221 2975 1837 3053">
    <p class='ocr_par' dir='ltr' id='par_1_32' title="bbox 221 2975 1837 3053">
     <span class='ocr_line' id='line_1_32' title="bbox 221 2975 1837 3053; baseline 0.006 -27"><span class='ocrx_word' id='word_1_230' title='bbox 221 2975 595 3047; x_wconf 81' lang='grc' dir='ltr'>λεπτυνθῆναι</span> <span class='ocrx_word' id='word_1_231' title='bbox 643 2978 714 3032; x_wconf 74' lang='grc' dir='ltr'>δι’</span> <span class='ocrx_word' id='word_1_232' title='bbox 763 2979 1016 3033; x_wconf 77' lang='grc' dir='ltr'>ἑκουσίου</span> <span class='ocrx_word' id='word_1_233' title='bbox 1050 2981 1263 3046; x_wconf 82' lang='grc' dir='ltr'>πενίας,</span> <span class='ocrx_word' id='word_1_234' title='bbox 1317 2980 1461 3034; x_wconf 86' lang='grc' dir='ltr'>ὥστε</span> <span class='ocrx_word' id='word_1_235' title='bbox 1513 2982 1837 3053; x_wconf 75' lang='grc' dir='ltr'>δυνηθῆναι·</span> 
     </span>
    </p>
   </div>
   <div class='ocr_carea' id='block_1_33' title="bbox 221 3067 1808 3144">
    <p class='ocr_par' dir='ltr' id='par_1_33' title="bbox 221 3067 1808 3144">
     <span class='ocr_line' id='line_1_33' title="bbox 221 3067 1808 3144; baseline 0.006 -25"><span class='ocrx_word' id='word_1_236' title='bbox 221 3067 312 3120; x_wconf 69' lang='grc' dir='ltr'>διᾶ</span> <span class='ocrx_word' id='word_1_237' title='bbox 347 3071 445 3138; x_wconf 86' lang='grc' dir='ltr'>τῆς</span> <span class='ocrx_word' id='word_1_238' title='bbox 475 3071 673 3141; x_wconf 77' lang='grc' dir='ltr'>στενῆς</span> <span class='ocrx_word' id='word_1_239' title='bbox 711 3070 832 3125; x_wconf 81' lang='grc' dir='ltr'>όδοῦ</span> <span class='ocrx_word' id='word_1_240' title='bbox 857 3072 1122 3126; x_wconf 76' lang='grc' dir='ltr'>εἰσελθεῖν</span> <span class='ocrx_word' id='word_1_241' title='bbox 1149 3075 1232 3137; x_wconf 88' lang='grc' dir='ltr'><strong>εἰς</strong></span> <span class='ocrx_word' id='word_1_242' title='bbox 1258 3074 1360 3144; x_wconf 77' lang='grc' dir='ltr'>τὴν</span> <span class='ocrx_word' id='word_1_243' title='bbox 1391 3073 1675 3144; x_wconf 87' lang='grc' dir='ltr'>βασιλείαν</span> <span class='ocrx_word' id='word_1_244' title='bbox 1698 3075 1808 3129; x_wconf 92' lang='grc' dir='ltr'><strong>τῶν</strong></span> 
     </span>
    </p>
   </div>
   <div class='ocr_carea' id='block_1_34' title="bbox 220 3157 1874 3253">
    <p class='ocr_par' dir='ltr' id='par_1_34' title="bbox 220 3157 1874 3253">
     <span class='ocr_line' id='line_1_34' title="bbox 220 3157 1874 3253; baseline 0.007 -42"><span class='ocrx_word' id='word_1_245' title='bbox 220 3161 492 3253; x_wconf 76' lang='grc' dir='ltr'>οὐρανῶν.</span> <span class='ocrx_word' id='word_1_246' title='bbox 529 3157 699 3233; x_wconf 77' lang='grc' dir='ltr'>Στενὴ</span> <span class='ocrx_word' id='word_1_247' title='bbox 747 3165 857 3237; x_wconf 75' lang='grc' dir='ltr'><strong>γὰρ</strong></span> <span class='ocrx_word' id='word_1_248' title='bbox 905 3169 1000 3218; x_wconf 81' lang='grc' dir='ltr'>καὶ</span> <span class='ocrx_word' id='word_1_249' title='bbox 1059 3166 1401 3237; x_wconf 77' lang='grc' dir='ltr'>τεθλιμμένη</span> <span class='ocrx_word' id='word_1_250' title='bbox 1429 3169 1462 3239; x_wconf 75' lang='grc' dir='ltr'>ἡ</span> <span class='ocrx_word' id='word_1_251' title='bbox 1495 3167 1671 3238; x_wconf 76' lang='grc' dir='ltr'><strong>ὁδὸςή</strong></span> <span class='ocrx_word' id='word_1_252' title='bbox 1703 3170 1806 3222; x_wconf 83' lang='grc' dir='ltr'><strong>ἀπ-</strong></span> <span class='ocrx_word' id='word_1_253' title='bbox 1829 3189 1874 3253; x_wconf 81' lang='lat' dir='ltr'><strong><em>C</em></strong></span> 
     </span>
    </p>
   </div>
   <div class='ocr_carea' id='block_1_35' title="bbox 223 3251 1809 3330">
    <p class='ocr_par' dir='ltr' id='par_1_35' title="bbox 223 3251 1809 3330">
     <span class='ocr_line' id='line_1_35' title="bbox 223 3251 1809 3330; baseline 0.004 -24"><span class='ocrx_word' id='word_1_254' title='bbox 223 3251 440 3321; x_wconf 77' lang='grc' dir='ltr'>άγουσα</span> <span class='ocrx_word' id='word_1_255' title='bbox 469 3255 550 3318; x_wconf 85' lang='grc' dir='ltr'><strong>εἰς</strong></span> <span class='ocrx_word' id='word_1_256' title='bbox 578 3255 678 3324; x_wconf 77' lang='grc' dir='ltr'><strong>τὴν</strong></span> <span class='ocrx_word' id='word_1_257' title='bbox 701 3254 868 3326; x_wconf 75' lang='grc' dir='ltr'>ζωὴν,</span> <span class='ocrx_word' id='word_1_258' title='bbox 899 3259 996 3311; x_wconf 77' lang='grc' dir='ltr'><strong>καί</strong></span> <span class='ocrx_word' id='word_1_259' title='bbox 1018 3258 1188 3326; x_wconf 83' lang='grc' dir='ltr'>ὀλίγοι</span> <span class='ocrx_word' id='word_1_260' title='bbox 1211 3258 1352 3313; x_wconf 78' lang='grc' dir='ltr'>εἰσὶν</span> <span class='ocrx_word' id='word_1_261' title='bbox 1384 3260 1433 3312; x_wconf 87' lang='grc' dir='ltr'><strong>οἰ</strong></span> <span class='ocrx_word' id='word_1_262' title='bbox 1462 3260 1809 3330; x_wconf 80' lang='grc' dir='ltr'>εὑρίσκοντες</span> 
     </span>
    </p>
   </div>
   <div class='ocr_carea' id='block_1_36' title="bbox 223 3344 1808 3421">
    <p class='ocr_par' dir='ltr' id='par_1_36' title="bbox 223 3344 1808 3421">
     <span class='ocr_line' id='line_1_36' title="bbox 223 3344 1808 3421; baseline 0.004 -25"><span class='ocrx_word' id='word_1_263' title='bbox 223 3345 427 3414; x_wconf 71' lang='grc' dir='ltr'>αὑτήν.</span> <span class='ocrx_word' id='word_1_264' title='bbox 465 3362 486 3396; x_wconf 78' lang='grc' dir='ltr'><strong>ι</strong></span> <span class='ocrx_word' id='word_1_265' title='bbox 530 3344 891 3410; x_wconf 81' lang='grc' dir='ltr'>Ἀκούσαντες</span> <span class='ocrx_word' id='word_1_266' title='bbox 912 3347 967 3400; x_wconf 86' lang='grc' dir='ltr'>δὲ</span> <span class='ocrx_word' id='word_1_267' title='bbox 987 3348 1037 3402; x_wconf 81' lang='grc' dir='ltr'>οἱ</span> <span class='ocrx_word' id='word_1_268' title='bbox 1074 3348 1318 3420; x_wconf 79' lang='grc' dir='ltr'>μαθηταὶ</span> <span class='ocrx_word' id='word_1_269' title='bbox 1347 3350 1515 3403; x_wconf 77' lang='grc' dir='ltr'>αὑτοῦ</span> <span class='ocrx_word' id='word_1_270' title='bbox 1540 3349 1808 3421; x_wconf 70' lang='grc' dir='ltr'>ἐξεπλήσ-</span> 
     </span>
    </p>
   </div>
   <div class='ocr_carea' id='block_1_37' title="bbox 225 3437 1801 3512">
    <p class='ocr_par' dir='ltr' id='par_1_37' title="bbox 225 3437 1801 3512">
     <span class='ocr_line' id='line_1_37' title="bbox 225 3437 1801 3512; baseline 0.004 -24"><span class='ocrx_word' id='word_1_271' title='bbox 225 3452 386 3489; x_wconf 87' lang='grc' dir='ltr'>σοντο</span> <span class='ocrx_word' id='word_1_272' title='bbox 411 3437 639 3509; x_wconf 67' lang='grc' dir='ltr'>σφόδρα,</span> <span class='ocrx_word' id='word_1_273' title='bbox 662 3438 937 3508; x_wconf 72' lang='grc' dir='ltr'>λέγοντες,</span> <span class='ocrx_word' id='word_1_274' title='bbox 965 3441 1062 3502; x_wconf 85' lang='grc' dir='ltr'>Τίς</span> <span class='ocrx_word' id='word_1_275' title='bbox 1085 3441 1194 3510; x_wconf 76' lang='grc' dir='ltr'>ἄρα</span> <span class='ocrx_word' id='word_1_276' title='bbox 1229 3440 1459 3496; x_wconf 90' lang='grc' dir='ltr'>δύναται</span> <span class='ocrx_word' id='word_1_277' title='bbox 1489 3442 1730 3512; x_wconf 83' lang='grc' dir='ltr'>σωθῆναι</span> <span class='ocrx_word' id='word_1_278' title='bbox 1750 3459 1801 3510; x_wconf 70' lang='grc' dir='ltr'>ς»</span> 
     </span>
    </p>
   </div>
   <div class='ocr_carea' id='block_1_38' title="bbox 235 3527 1808 3605">
    <p class='ocr_par' dir='ltr' id='par_1_38' title="bbox 235 3527 1808 3605">
     <span class='ocr_line' id='line_1_38' title="bbox 235 3527 1808 3605; baseline 0.004 -25"><span class='ocrx_word' id='word_1_279' title='bbox 235 3527 690 3599; x_wconf 77' lang='grc' dir='ltr'>Ἐξεπλήσσοντο,</span> <span class='ocrx_word' id='word_1_280' title='bbox 743 3531 866 3586; x_wconf 77' lang='grc' dir='ltr'>ἀντὶ</span> <span class='ocrx_word' id='word_1_281' title='bbox 925 3530 1022 3585; x_wconf 89' lang='grc' dir='ltr'><strong>τοῦ</strong></span> <span class='ocrx_word' id='word_1_282' title='bbox 1075 3531 1452 3602; x_wconf 74' lang='grc' dir='ltr'>ἐθορυϐοῦντο.</span> <span class='ocrx_word' id='word_1_283' title='bbox 1508 3535 1654 3604; x_wconf 80' lang='grc' dir='ltr'>Πλὴν</span> <span class='ocrx_word' id='word_1_284' title='bbox 1708 3535 1808 3605; x_wconf 71' lang='grc' dir='ltr'><strong>οὐχ</strong></span> 
     </span>
    </p>
   </div>
   <div class='ocr_carea' id='block_1_39' title="bbox 223 3619 1809 3696">
    <p class='ocr_par' dir='ltr' id='par_1_39' title="bbox 223 3619 1809 3696">
     <span class='ocr_line' id='line_1_39' title="bbox 223 3619 1809 3696; baseline 0.003 -23"><span class='ocrx_word' id='word_1_285' title='bbox 223 3619 369 3690; x_wconf 75' lang='grc' dir='ltr'>ὑπὲρ</span> <span class='ocrx_word' id='word_1_286' title='bbox 410 3621 620 3674; x_wconf 76' lang='grc' dir='ltr'>ἑαυτῶν</span> <span class='ocrx_word' id='word_1_287' title='bbox 675 3621 929 3694; x_wconf 82' lang='grc' dir='ltr'>(πένητες</span> <span class='ocrx_word' id='word_1_288' title='bbox 963 3625 1073 3693; x_wconf 85' lang='grc' dir='ltr'>γὰρ</span> <span class='ocrx_word' id='word_1_289' title='bbox 1131 3619 1316 3695; x_wconf 82' lang='grc' dir='ltr'>ἦσαν),</span> <span class='ocrx_word' id='word_1_290' title='bbox 1365 3624 1480 3677; x_wconf 80' lang='grc' dir='ltr'>ἀλλ’</span> <span class='ocrx_word' id='word_1_291' title='bbox 1531 3626 1671 3696; x_wconf 78' lang='grc' dir='ltr'>ὑπὲρ</span> <span class='ocrx_word' id='word_1_292' title='bbox 1700 3626 1809 3678; x_wconf 89' lang='grc' dir='ltr'><strong>τῶν</strong></span> 
     </span>
    </p>
   </div>
   <div class='ocr_carea' id='block_1_40' title="bbox 223 3712 1808 3784">
    <p class='ocr_par' dir='ltr' id='par_1_40' title="bbox 223 3712 1808 3784">
     <span class='ocr_line' id='line_1_40' title="bbox 223 3712 1808 3784; baseline 0.003 -20"><span class='ocrx_word' id='word_1_293' title='bbox 223 3712 504 3765; x_wconf 83' lang='grc' dir='ltr'>πλουσίων</span> <span class='ocrx_word' id='word_1_294' title='bbox 526 3731 540 3746; x_wconf 79' lang='grc' dir='ltr'><strong>ο</strong></span> <span class='ocrx_word' id='word_1_295' title='bbox 600 3713 838 3784; x_wconf 71' lang='grc' dir='ltr'>ἦρξαντο</span> <span class='ocrx_word' id='word_1_296' title='bbox 865 3714 975 3784; x_wconf 75' lang='grc' dir='ltr'><strong>γὰρ</strong></span> <span class='ocrx_word' id='word_1_297' title='bbox 1009 3713 1296 3783; x_wconf 76' lang='grc' dir='ltr'>σπλάγχνα</span> <span class='ocrx_word' id='word_1_298' title='bbox 1335 3715 1638 3784; x_wconf 83' lang='grc' dir='ltr'>οἰκτιρμῶν</span> <span class='ocrx_word' id='word_1_299' title='bbox 1675 3717 1808 3770; x_wconf 83' lang='grc' dir='ltr'>ἀνα-</span> 
     </span>
    </p>
   </div>
   <div class='ocr_carea' id='block_1_41' title="bbox 224 3804 1806 3877">
    <p class='ocr_par' dir='ltr' id='par_1_41' title="bbox 224 3804 1806 3877">
     <span class='ocr_line' id='line_1_41' title="bbox 224 3804 1806 3877; baseline 0.001 -20"><span class='ocrx_word' id='word_1_300' title='bbox 224 3804 420 3858; x_wconf 81' lang='grc' dir='ltr'>λασιῖν</span> <span class='ocrx_word' id='word_1_301' title='bbox 453 3807 501 3858; x_wconf 84' lang='grc' dir='ltr'><strong>οἰ</strong></span> <span class='ocrx_word' id='word_1_302' title='bbox 531 3806 847 3873; x_wconf 77' lang='grc' dir='ltr'>ἀπόστολοι,</span> <span class='ocrx_word' id='word_1_303' title='bbox 894 3808 988 3860; x_wconf 77' lang='grc' dir='ltr'>καὶ</span> <span class='ocrx_word' id='word_1_304' title='bbox 1014 3807 1350 3877; x_wconf 84' lang='grc' dir='ltr'>ὑπιραλγεῖν</span> <span class='ocrx_word' id='word_1_305' title='bbox 1381 3808 1483 3877; x_wconf 78' lang='grc' dir='ltr'>τῆς</span> <span class='ocrx_word' id='word_1_306' title='bbox 1525 3807 1806 3871; x_wconf 78' lang='grc' dir='ltr'>ἀπωλείας</span> 
     </span>
    </p>
   </div>
   <div class='ocr_carea' id='block_1_42' title="bbox 223 3894 1808 3966">
    <p class='ocr_par' dir='ltr' id='par_1_42' title="bbox 223 3894 1808 3966">
     <span class='ocr_line' id='line_1_42' title="bbox 223 3894 1808 3966; baseline -0.001 -17"><span class='ocrx_word' id='word_1_307' title='bbox 223 3895 338 3949; x_wconf 87' lang='grc' dir='ltr'><strong>τῶν</strong></span> <span class='ocrx_word' id='word_1_308' title='bbox 371 3894 697 3966; x_wconf 79' lang='grc' dir='ltr'>ἀνθρώπων,</span> <span class='ocrx_word' id='word_1_309' title='bbox 743 3894 1028 3964; x_wconf 74' lang='grc' dir='ltr'>λέγοντεςο</span> <span class='ocrx_word' id='word_1_310' title='bbox 1059 3896 1156 3962; x_wconf 90' lang='grc' dir='ltr'><strong>Τίς</strong></span> <span class='ocrx_word' id='word_1_311' title='bbox 1203 3896 1312 3965; x_wconf 77' lang='grc' dir='ltr'>ἄρα</span> <span class='ocrx_word' id='word_1_312' title='bbox 1349 3895 1576 3949; x_wconf 88' lang='grc' dir='ltr'>δύναται</span> <span class='ocrx_word' id='word_1_313' title='bbox 1623 3897 1808 3965; x_wconf 85' lang='grc' dir='ltr'><strong>σωθῆ-</strong></span> 
     </span>
    </p>
   </div>
   <div class='ocr_carea' id='block_1_43' title="bbox 225 3984 1806 4059">
    <p class='ocr_par' dir='ltr' id='par_1_43' title="bbox 225 3984 1806 4059">
     <span class='ocr_line' id='line_1_43' title="bbox 225 3984 1806 4059; baseline 0.001 -18"><span class='ocrx_word' id='word_1_314' title='bbox 225 4006 358 4056; x_wconf 83' lang='grc' dir='ltr'>ναι;</span> <span class='ocrx_word' id='word_1_315' title='bbox 391 4007 410 4042; x_wconf 90' lang='grc' dir='ltr'><strong>ι</strong></span> <span class='ocrx_word' id='word_1_316' title='bbox 459 3987 762 4058; x_wconf 77' lang='grc' dir='ltr'>Ἐμῦλέψας</span> <span class='ocrx_word' id='word_1_317' title='bbox 802 3987 860 4040; x_wconf 73' lang='grc' dir='ltr'>δὲ</span> <span class='ocrx_word' id='word_1_318' title='bbox 892 3989 921 4040; x_wconf 86' lang='lat'><strong>6</strong></span> <span class='ocrx_word' id='word_1_319' title='bbox 962 3987 1171 4059; x_wconf 82' lang='grc' dir='ltr'>Ἰησοῦς</span> <span class='ocrx_word' id='word_1_320' title='bbox 1219 3984 1372 4041; x_wconf 78' lang='grc' dir='ltr'>εἶπεν</span> <span class='ocrx_word' id='word_1_321' title='bbox 1417 3988 1633 4051; x_wconf 77' lang='grc' dir='ltr'>αὐτοῖς·</span> <span class='ocrx_word' id='word_1_322' title='bbox 1670 3987 1806 4059; x_wconf 83' lang='grc' dir='ltr'>Παρ⁹</span> 
     </span>
    </p>
   </div>
   <div class='ocr_carea' id='block_1_44' title="bbox 223 4079 1806 4152">
    <p class='ocr_par' dir='ltr' id='par_1_44' title="bbox 223 4079 1806 4152">
     <span class='ocr_line' id='line_1_44' title="bbox 223 4079 1806 4152; baseline -0.001 -16"><span class='ocrx_word' id='word_1_323' title='bbox 223 4080 539 4152; x_wconf 63' lang='grc' dir='ltr'>ἀνθρώποις</span> <span class='ocrx_word' id='word_1_324' title='bbox 595 4079 757 4133; x_wconf 86' lang='grc' dir='ltr'>τοῦτο</span> <span class='ocrx_word' id='word_1_325' title='bbox 809 4080 1107 4134; x_wconf 69' lang='grc' dir='ltr'><strong>ἀδύνατον⁸</strong></span> <span class='ocrx_word' id='word_1_326' title='bbox 1143 4081 1401 4152; x_wconf 68' lang='grc' dir='ltr'>Παρὰιδὶ</span> <span class='ocrx_word' id='word_1_327' title='bbox 1460 4081 1579 4150; x_wconf 87' lang='grc' dir='ltr'><strong>Θεῴ</strong></span> <span class='ocrx_word' id='word_1_328' title='bbox 1627 4082 1806 4134; x_wconf 85' lang='grc' dir='ltr'>πάντα</span> 
     </span>
    </p>
   </div>
   <div class='ocr_carea' id='block_1_45' title="bbox 225 4170 1804 4242">
    <p class='ocr_par' dir='ltr' id='par_1_45' title="bbox 225 4170 1804 4242">
     <span class='ocr_line' id='line_1_45' title="bbox 225 4170 1804 4242; baseline -0.001 -17"><span class='ocrx_word' id='word_1_329' title='bbox 225 4171 452 4225; x_wconf 83' lang='grc' dir='ltr'>δυνατά.</span> <span class='ocrx_word' id='word_1_330' title='bbox 499 4188 518 4223; x_wconf 78' lang='grc' dir='ltr'><strong>ι</strong></span> <span class='ocrx_word' id='word_1_331' title='bbox 561 4170 788 4241; x_wconf 88' lang='grc' dir='ltr'>Πρῶτον</span> <span class='ocrx_word' id='word_1_332' title='bbox 843 4171 1038 4242; x_wconf 76' lang='grc' dir='ltr'>ἡμέρῳ</span> <span class='ocrx_word' id='word_1_333' title='bbox 1089 4171 1366 4242; x_wconf 81' lang='grc' dir='ltr'>βλέμματι</span> <span class='ocrx_word' id='word_1_334' title='bbox 1418 4171 1519 4241; x_wconf 86' lang='grc' dir='ltr'>τὴν</span> <span class='ocrx_word' id='word_1_335' title='bbox 1563 4171 1804 4225; x_wconf 84' lang='grc' dir='ltr'>διάνοιαν</span> 
     </span>
    </p>
   </div>
   <div class='ocr_carea' id='block_1_46' title="bbox 225 4260 1806 4334">
    <p class='ocr_par' dir='ltr' id='par_1_46' title="bbox 225 4260 1806 4334">
     <span class='ocr_line' id='line_1_46' title="bbox 225 4260 1806 4334; baseline 0 -21"><span class='ocrx_word' id='word_1_336' title='bbox 225 4261 336 4314; x_wconf 89' lang='grc' dir='ltr'><strong>τῶν</strong></span> <span class='ocrx_word' id='word_1_337' title='bbox 372 4260 630 4331; x_wconf 84' lang='grc' dir='ltr'>μαθητῶν</span> <span class='ocrx_word' id='word_1_338' title='bbox 677 4261 1014 4334; x_wconf 77' lang='grc' dir='ltr'>φρίττουσαν</span> <span class='ocrx_word' id='word_1_339' title='bbox 1052 4261 1148 4314; x_wconf 83' lang='grc' dir='ltr'>καὶ</span> <span class='ocrx_word' id='word_1_340' title='bbox 1189 4261 1597 4331; x_wconf 76' lang='grc' dir='ltr'>θορυϐουμένην</span> <span class='ocrx_word' id='word_1_341' title='bbox 1664 4277 1806 4331; x_wconf 87' lang='grc' dir='ltr'>παρ-</span> 
     </span>
    </p>
   </div>
   <div class='ocr_carea' id='block_1_47' title="bbox 224 4350 1804 4426">
    <p class='ocr_par' dir='ltr' id='par_1_47' title="bbox 224 4350 1804 4426">
     <span class='ocr_line' id='line_1_47' title="bbox 224 4350 1804 4426; baseline 0.001 -20"><span class='ocrx_word' id='word_1_342' title='bbox 224 4354 502 4426; x_wconf 85' lang='grc' dir='ltr'>ηγόρησεν</span> <span class='ocrx_word' id='word_1_343' title='bbox 531 4355 558 4407; x_wconf 88' lang='grc' dir='ltr'>ὁ</span> <span class='ocrx_word' id='word_1_344' title='bbox 585 4355 838 4424; x_wconf 73' lang='grc' dir='ltr'>Χριστὸς,</span> <span class='ocrx_word' id='word_1_345' title='bbox 863 4350 982 4408; x_wconf 75' lang='grc' dir='ltr'>εἶτα</span> <span class='ocrx_word' id='word_1_346' title='bbox 1001 4352 1178 4419; x_wconf 88' lang='grc' dir='ltr'>εἶπεν,</span> <span class='ocrx_word' id='word_1_347' title='bbox 1205 4357 1286 4409; x_wconf 80' lang='grc' dir='ltr'>ὅτι</span> <span class='ocrx_word' id='word_1_348' title='bbox 1319 4357 1471 4426; x_wconf 80' lang='grc' dir='ltr'>παρὰ</span> <span class='ocrx_word' id='word_1_349' title='bbox 1495 4355 1804 4426; x_wconf 82' lang='grc' dir='ltr'>ἀνθρώποις</span> 
     </span>
    </p>
   </div>
   <div class='ocr_carea' id='block_1_48' title="bbox 224 4447 1800 4520">
    <p class='ocr_par' dir='ltr' id='par_1_48' title="bbox 224 4447 1800 4520">
     <span class='ocr_line' id='line_1_48' title="bbox 224 4447 1800 4520; baseline 0.001 -20"><span class='ocrx_word' id='word_1_350' title='bbox 224 4448 508 4510; x_wconf 82' lang='grc' dir='ltr'>πλουσίοις</span> <span class='ocrx_word' id='word_1_351' title='bbox 552 4447 712 4501; x_wconf 85' lang='grc' dir='ltr'>τοῦτο</span> <span class='ocrx_word' id='word_1_352' title='bbox 749 4448 951 4517; x_wconf 78' lang='grc' dir='ltr'>δηλαδὴ</span> <span class='ocrx_word' id='word_1_353' title='bbox 1005 4449 1067 4500; x_wconf 83' lang='grc' dir='ltr'>τὸ</span> <span class='ocrx_word' id='word_1_354' title='bbox 1113 4449 1351 4518; x_wconf 75' lang='grc' dir='ltr'>σωθῆναι</span> <span class='ocrx_word' id='word_1_355' title='bbox 1399 4449 1664 4503; x_wconf 81' lang='grc' dir='ltr'>ἀδύνατόν</span> <span class='ocrx_word' id='word_1_356' title='bbox 1689 4448 1800 4520; x_wconf 71' lang='grc' dir='ltr'><strong>(ιδ)</strong></span> 
     </span>
    </p>
   </div>
   <div class='ocr_carea' id='block_1_49' title="bbox 1932 603 3513 676">
    <p class='ocr_par' dir='ltr' id='par_1_49' title="bbox 1932 603 3513 676">
     <span class='ocr_line' id='line_1_49' title="bbox 1932 603 3513 676; baseline 0.008 -18"><span class='ocrx_word' id='word_1_357' title='bbox 1932 619 2073 658; x_wconf 93' lang='lat' dir='ltr'><strong>rum.</strong></span> <span class='ocrx_word' id='word_1_358' title='bbox 2111 623 2130 656; x_wconf 74' lang='grc' dir='ltr'><strong>ι</strong></span> <span class='ocrx_word' id='word_1_359' title='bbox 2167 603 2224 660; x_wconf 90' lang='lat' dir='ltr'><strong>Si</strong></span> <span class='ocrx_word' id='word_1_360' title='bbox 2253 620 2380 660; x_wconf 89' lang='lat' dir='ltr'><strong>vero</strong></span> <span class='ocrx_word' id='word_1_361' title='bbox 2406 605 2626 663; x_wconf 91' lang='lat' dir='ltr'><strong>difﬁcile</strong></span> <span class='ocrx_word' id='word_1_362' title='bbox 2672 608 2843 676; x_wconf 85' lang='lat' dir='ltr'><strong>dives,</strong></span> <span class='ocrx_word' id='word_1_363' title='bbox 2869 612 3020 666; x_wconf 90' lang='lat' dir='ltr'><strong>nullo</strong></span> <span class='ocrx_word' id='word_1_364' title='bbox 3055 614 3218 668; x_wconf 92' lang='lat' dir='ltr'><strong>modo</strong></span> <span class='ocrx_word' id='word_1_365' title='bbox 3251 616 3513 670; x_wconf 85' lang='lat' dir='ltr'><strong>ambitio-</strong></span> 
     </span>
    </p>
   </div>
   <div class='ocr_carea' id='block_1_50' title="bbox 1927 693 3504 771">
    <p class='ocr_par' dir='ltr' id='par_1_50' title="bbox 1927 693 3504 771">
     <span class='ocr_line' id='line_1_50' title="bbox 1927 693 3504 771; baseline 0.006 -24"><span class='ocrx_word' id='word_1_366' title='bbox 1927 706 2044 748; x_wconf 80' lang='lat' dir='ltr'><strong>sus.</strong></span> <span class='ocrx_word' id='word_1_367' title='bbox 2101 693 2158 749; x_wconf 89' lang='lat' dir='ltr'><strong>Si</strong></span> <span class='ocrx_word' id='word_1_368' title='bbox 2181 695 2324 749; x_wconf 90' lang='lat' dir='ltr'><strong>enim</strong></span> <span class='ocrx_word' id='word_1_369' title='bbox 2361 696 2450 766; x_wconf 84' lang='lat' dir='ltr'><strong>qui</strong></span> <span class='ocrx_word' id='word_1_370' title='bbox 2475 712 2580 751; x_wconf 90' lang='lat' dir='ltr'><strong>non</strong></span> <span class='ocrx_word' id='word_1_371' title='bbox 2607 698 2698 752; x_wconf 87' lang='lat' dir='ltr'><strong>dat</strong></span> <span class='ocrx_word' id='word_1_372' title='bbox 2731 715 2856 765; x_wconf 86' lang='lat' dir='ltr'><strong>sua,</strong></span> <span class='ocrx_word' id='word_1_373' title='bbox 2879 703 3297 771; x_wconf 75' lang='lat' dir='ltr'><strong>condemnatur,</strong></span> <span class='ocrx_word' id='word_1_374' title='bbox 3329 705 3504 759; x_wconf 90' lang='lat' dir='ltr'><strong>multo</strong></span> 
     </span>
    </p>
   </div>
   <div class='ocr_carea' id='block_1_51' title="bbox 1919 785 3511 861">
    <p class='ocr_par' dir='ltr' id='par_1_51' title="bbox 1919 785 3511 861">
     <span class='ocr_line' id='line_1_51' title="bbox 1919 785 3511 861; baseline 0.006 -23"><span class='ocrx_word' id='word_1_375' title='bbox 1919 787 2092 855; x_wconf 77' lang='lat' dir='ltr'><strong>magis</strong></span> <span class='ocrx_word' id='word_1_376' title='bbox 2119 785 2212 856; x_wconf 89' lang='lat' dir='ltr'><strong>qui</strong></span> <span class='ocrx_word' id='word_1_377' title='bbox 2242 788 2380 841; x_wconf 91' lang='lat' dir='ltr'><strong>bona</strong></span> <span class='ocrx_word' id='word_1_378' title='bbox 2433 787 2665 843; x_wconf 84' lang='lat' dir='ltr'><strong>aliorum</strong></span> <span class='ocrx_word' id='word_1_379' title='bbox 2693 791 2912 861; x_wconf 91' lang='lat' dir='ltr'><strong>abripit.</strong></span> <span class='ocrx_word' id='word_1_380' title='bbox 2941 813 3059 853; x_wconf 87' lang='grc' dir='ltr'><strong>--.ι</strong></span> <span class='ocrx_word' id='word_1_381' title='bbox 3104 797 3304 852; x_wconf 89' lang='lat' dir='ltr'><strong>lterum</strong></span> <span class='ocrx_word' id='word_1_382' title='bbox 3329 805 3511 850; x_wconf 88' lang='lat' dir='ltr'><strong>autem</strong></span> 
     </span>
    </p>
   </div>
   <div class='ocr_carea' id='block_1_52' title="bbox 1918 878 3514 953">
    <p class='ocr_par' dir='ltr' id='par_1_52' title="bbox 1918 878 3514 953">
     <span class='ocr_line' id='line_1_52' title="bbox 1918 878 3514 953; baseline 0.006 -21"><span class='ocrx_word' id='word_1_383' title='bbox 1918 878 2041 933; x_wconf 86' lang='lat' dir='ltr'><strong>dico</strong></span> <span class='ocrx_word' id='word_1_384' title='bbox 2061 879 2216 934; x_wconf 93' lang='lat' dir='ltr'><strong>vobis</strong></span> <span class='ocrx_word' id='word_1_385' title='bbox 2249 895 2261 932; x_wconf 92' lang='lat'><strong>:</strong></span> <span class='ocrx_word' id='word_1_386' title='bbox 2301 880 2536 935; x_wconf 86' lang='lat' dir='ltr'><strong>Facilius</strong></span> <span class='ocrx_word' id='word_1_387' title='bbox 2561 891 2644 935; x_wconf 85' lang='lat' dir='ltr'><strong>est</strong></span> <span class='ocrx_word' id='word_1_388' title='bbox 2675 884 2942 937; x_wconf 88' lang='lat' dir='ltr'><strong>camelum</strong></span> <span class='ocrx_word' id='word_1_389' title='bbox 2973 900 3069 953; x_wconf 91' lang='lat' dir='ltr'><strong>per</strong></span> <span class='ocrx_word' id='word_1_390' title='bbox 3111 885 3356 942; x_wconf 90' lang='lat' dir='ltr'><strong>foramen</strong></span> <span class='ocrx_word' id='word_1_391' title='bbox 3381 903 3514 942; x_wconf 85' lang='lat' dir='ltr'><strong>acus</strong></span> 
     </span>
    </p>
   </div>
   <div class='ocr_carea' id='block_1_53' title="bbox 1919 971 3504 1045">
    <p class='ocr_par' dir='ltr' id='par_1_53' title="bbox 1919 971 3504 1045">
     <span class='ocr_line' id='line_1_53' title="bbox 1919 971 3504 1045; baseline 0.004 -22"><span class='ocrx_word' id='word_1_392' title='bbox 1919 971 2153 1026; x_wconf 90' lang='lat' dir='ltr'><strong>transire</strong></span> <span class='ocrx_word' id='word_1_393' title='bbox 2226 987 2390 1042; x_wconf 84' lang='lat' dir='ltr'><strong>quam</strong></span> <span class='ocrx_word' id='word_1_394' title='bbox 2455 973 2680 1027; x_wconf 87' lang='lat' dir='ltr'><strong>divitem</strong></span> <span class='ocrx_word' id='word_1_395' title='bbox 2767 975 2822 1028; x_wconf 90' lang='lat' dir='ltr'><strong>in</strong></span> <span class='ocrx_word' id='word_1_396' title='bbox 2922 990 3148 1045; x_wconf 79' lang='lat' dir='ltr'><strong>regnum</strong></span> <span class='ocrx_word' id='word_1_397' title='bbox 3213 979 3504 1044; x_wconf 61' lang='lat' dir='ltr'><strong>caelorum,</strong></span> 
     </span>
    </p>
   </div>
   <div class='ocr_carea' id='block_1_54' title="bbox 1919 1060 3506 1131">
    <p class='ocr_par' dir='ltr' id='par_1_54' title="bbox 1919 1060 3506 1131">
     <span class='ocr_line' id='line_1_54' title="bbox 1919 1060 3506 1131; baseline 0.006 -19"><span class='ocrx_word' id='word_1_398' title='bbox 1919 1060 2175 1127; x_wconf 75' lang='lat' dir='ltr'><strong>introire.</strong></span> <span class='ocrx_word' id='word_1_399' title='bbox 2237 1061 2534 1131; x_wconf 79' lang='lat' dir='ltr'><strong>Postquam</strong></span> <span class='ocrx_word' id='word_1_400' title='bbox 2586 1063 2639 1118; x_wconf 90' lang='lat' dir='ltr'><strong>id</strong></span> <span class='ocrx_word' id='word_1_401' title='bbox 2665 1062 2888 1118; x_wconf 88' lang='lat' dir='ltr'><strong>difﬁcile</strong></span> <span class='ocrx_word' id='word_1_402' title='bbox 2912 1080 3033 1120; x_wconf 91' lang='lat' dir='ltr'><strong>esse</strong></span> <span class='ocrx_word' id='word_1_403' title='bbox 3069 1065 3506 1126; x_wconf 69' lang='lat' dir='ltr'><strong>dixitCht‘istus.</strong></span> 
     </span>
    </p>
   </div>
   <div class='ocr_carea' id='block_1_55' title="bbox 1917 1152 3504 1228">
    <p class='ocr_par' dir='ltr' id='par_1_55' title="bbox 1917 1152 3504 1228">
     <span class='ocr_line' id='line_1_55' title="bbox 1917 1152 3504 1228; baseline 0.006 -20"><span class='ocrx_word' id='word_1_404' title='bbox 1917 1152 2116 1208; x_wconf 89' lang='lat' dir='ltr'><strong>deinde</strong></span> <span class='ocrx_word' id='word_1_405' title='bbox 2170 1155 2221 1210; x_wconf 89' lang='lat' dir='ltr'><strong>id</strong></span> <span class='ocrx_word' id='word_1_406' title='bbox 2251 1155 2386 1211; x_wconf 92' lang='lat' dir='ltr'><strong>dicit</strong></span> <span class='ocrx_word' id='word_1_407' title='bbox 2436 1172 2554 1212; x_wconf 87' lang='lat' dir='ltr'><strong>esse</strong></span> <span class='ocrx_word' id='word_1_408' title='bbox 2583 1159 2942 1228; x_wconf 84' lang='lat' dir='ltr'><strong>impOssibile,</strong></span> <span class='ocrx_word' id='word_1_409' title='bbox 2975 1168 3166 1216; x_wconf 88' lang='lat' dir='ltr'><strong>etnon</strong></span> <span class='ocrx_word' id='word_1_410' title='bbox 3199 1161 3362 1216; x_wconf 89' lang='lat' dir='ltr'><strong>modo</strong></span> <span class='ocrx_word' id='word_1_411' title='bbox 3395 1163 3504 1217; x_wconf 85' lang='lat' dir='ltr'><strong>im-</strong></span> 
     </span>
    </p>
   </div>
   <div class='ocr_carea' id='block_1_56' title="bbox 1915 1244 3506 1318">
    <p class='ocr_par' dir='ltr' id='par_1_56' title="bbox 1915 1244 3506 1318">
     <span class='ocr_line' id='line_1_56' title="bbox 1915 1244 3506 1318; baseline 0.006 -21"><span class='ocrx_word' id='word_1_412' title='bbox 1915 1244 2193 1313; x_wconf 90' lang='lat' dir='ltr'><strong>possibile,</strong></span> <span class='ocrx_word' id='word_1_413' title='bbox 2247 1245 2342 1300; x_wconf 91' lang='lat' dir='ltr'><strong>sed</strong></span> <span class='ocrx_word' id='word_1_414' title='bbox 2400 1248 2623 1303; x_wconf 89' lang='lat' dir='ltr'><strong>omnino</strong></span> <span class='ocrx_word' id='word_1_415' title='bbox 2650 1249 3006 1318; x_wconf 88' lang='lat' dir='ltr'><strong>impossibile.</strong></span> <span class='ocrx_word' id='word_1_416' title='bbox 3049 1249 3388 1318; x_wconf 89' lang='lat' dir='ltr'><strong>lmpossibile</strong></span> <span class='ocrx_word' id='word_1_417' title='bbox 3421 1260 3506 1308; x_wconf 90' lang='lat' dir='ltr'><strong>est</strong></span> 
     </span>
    </p>
   </div>
   <div class='ocr_carea' id='block_1_57' title="bbox 1916 1333 3502 1406">
    <p class='ocr_par' dir='ltr' id='par_1_57' title="bbox 1916 1333 3502 1406">
     <span class='ocr_line' id='line_1_57' title="bbox 1916 1333 3502 1406; baseline 0.005 -19"><span class='ocrx_word' id='word_1_418' title='bbox 1916 1333 2063 1387; x_wconf 88' lang='lat' dir='ltr'><strong>enim</strong></span> <span class='ocrx_word' id='word_1_419' title='bbox 2093 1335 2361 1389; x_wconf 90' lang='lat' dir='ltr'><strong>camelum</strong></span> <span class='ocrx_word' id='word_1_420' title='bbox 2423 1336 2626 1390; x_wconf 86' lang='lat' dir='ltr'><strong>animal</strong></span> <span class='ocrx_word' id='word_1_421' title='bbox 2657 1352 2752 1406; x_wconf 86' lang='lat' dir='ltr'><strong>per</strong></span> <span class='ocrx_word' id='word_1_422' title='bbox 2783 1337 3029 1392; x_wconf 86' lang='lat' dir='ltr'><strong>foramen</strong></span> <span class='ocrx_word' id='word_1_423' title='bbox 3071 1352 3204 1394; x_wconf 88' lang='lat' dir='ltr'><strong>acus</strong></span> <span class='ocrx_word' id='word_1_424' title='bbox 3246 1341 3502 1406; x_wconf 87' lang='lat' dir='ltr'><strong>transire,</strong></span> 
     </span>
    </p>
   </div>
   <div class='ocr_carea' id='block_1_58' title="bbox 1921 1421 3496 1498">
    <p class='ocr_par' dir='ltr' id='par_1_58' title="bbox 1921 1421 3496 1498">
     <span class='ocr_line' id='line_1_58' title="bbox 1921 1421 3496 1498; baseline 0.006 -24"><span class='ocrx_word' id='word_1_425' title='bbox 1921 1421 2314 1490; x_wconf 88' lang='lat' dir='ltr'><strong>impossibilius</strong></span> <span class='ocrx_word' id='word_1_426' title='bbox 2346 1432 2525 1478; x_wconf 91' lang='lat' dir='ltr'><strong>autem</strong></span> <span class='ocrx_word' id='word_1_427' title='bbox 2566 1434 2651 1480; x_wconf 84' lang='lat' dir='ltr'><strong>est</strong></span> <span class='ocrx_word' id='word_1_428' title='bbox 2689 1425 2907 1479; x_wconf 87' lang='lat' dir='ltr'><strong>divitem</strong></span> <span class='ocrx_word' id='word_1_429' title='bbox 2933 1427 3144 1498; x_wconf 77' lang='lat' dir='ltr'><strong>intrare</strong></span> <span class='ocrx_word' id='word_1_430' title='bbox 3175 1427 3227 1480; x_wconf 89' lang='lat' dir='ltr'><strong>in</strong></span> <span class='ocrx_word' id='word_1_431' title='bbox 3267 1443 3496 1498; x_wconf 78' lang='lat' dir='ltr'><strong>regnum</strong></span> 
     </span>
    </p>
   </div>
   <div class='ocr_carea' id='block_1_59' title="bbox 1917 1511 3504 1591">
    <p class='ocr_par' dir='ltr' id='par_1_59' title="bbox 1917 1511 3504 1591">
     <span class='ocr_line' id='line_1_59' title="bbox 1917 1511 3504 1591; baseline 0.005 -26"><span class='ocrx_word' id='word_1_432' title='bbox 1917 1512 2202 1567; x_wconf 63' lang='lat' dir='ltr'><strong>calorum.</strong></span> <span class='ocrx_word' id='word_1_433' title='bbox 2223 1511 2454 1577; x_wconf 85' lang='lat' dir='ltr'><strong>Quidam</strong></span> <span class='ocrx_word' id='word_1_434' title='bbox 2509 1524 2690 1568; x_wconf 88' lang='lat' dir='ltr'><strong>autem</strong></span> <span class='ocrx_word' id='word_1_435' title='bbox 2723 1514 2912 1570; x_wconf 90' lang='lat' dir='ltr'><strong>dicunt</strong></span> <span class='ocrx_word' id='word_1_436' title='bbox 2950 1517 3224 1591; x_wconf 83' lang='lat' dir='ltr'><strong>camelum</strong></span> <span class='ocrx_word' id='word_1_437' title='bbox 3259 1532 3381 1573; x_wconf 85' lang='lat' dir='ltr'><strong>esse</strong></span> <span class='ocrx_word' id='word_1_438' title='bbox 3407 1533 3504 1572; x_wconf 83' lang='lat' dir='ltr'><strong>va-</strong></span> 
     </span>
    </p>
   </div>
   <div class='ocr_carea' id='block_1_60' title="bbox 1916 1603 3496 1678">
    <p class='ocr_par' dir='ltr' id='par_1_60' title="bbox 1916 1603 3496 1678">
     <span class='ocr_line' id='line_1_60' title="bbox 1916 1603 3496 1678; baseline 0.004 -20"><span class='ocrx_word' id='word_1_439' title='bbox 1916 1603 2082 1658; x_wconf 89' lang='lat' dir='ltr'><strong>lidum</strong></span> <span class='ocrx_word' id='word_1_440' title='bbox 2121 1604 2317 1674; x_wconf 74' lang='lat' dir='ltr'><strong>navigii</strong></span> <span class='ocrx_word' id='word_1_441' title='bbox 2364 1605 2572 1670; x_wconf 86' lang='lat' dir='ltr'><strong>funem,</strong></span> <span class='ocrx_word' id='word_1_442' title='bbox 2598 1621 2708 1677; x_wconf 92' lang='lat' dir='ltr'><strong>quo</strong></span> <span class='ocrx_word' id='word_1_443' title='bbox 2738 1607 3005 1662; x_wconf 87' lang='lat' dir='ltr'><strong>anchoras</strong></span> <span class='ocrx_word' id='word_1_444' title='bbox 3041 1617 3219 1662; x_wconf 65' lang='lat' dir='ltr'><strong>nauta</strong></span> <span class='ocrx_word' id='word_1_445' title='bbox 3248 1609 3496 1678; x_wconf 73' lang='lat' dir='ltr'><strong>alligant.</strong></span> 
     </span>
    </p>
   </div>
   <div class='ocr_carea' id='block_1_61' title="bbox 1916 1692 3502 1762">
    <p class='ocr_par' dir='ltr' id='par_1_61' title="bbox 1916 1692 3502 1762">
     <span class='ocr_line' id='line_1_61' title="bbox 1916 1692 3502 1762; baseline 0.005 -15"><span class='ocrx_word' id='word_1_446' title='bbox 1916 1692 2033 1750; x_wconf 86' lang='lat' dir='ltr'><strong>lloc</strong></span> <span class='ocrx_word' id='word_1_447' title='bbox 2092 1695 2278 1750; x_wconf 87' lang='lat' dir='ltr'><strong>dicens</strong></span> <span class='ocrx_word' id='word_1_448' title='bbox 2323 1695 2573 1753; x_wconf 83' lang='lat' dir='ltr'><strong>Christus</strong></span> <span class='ocrx_word' id='word_1_449' title='bbox 2620 1698 2840 1753; x_wconf 84' lang='lat' dir='ltr'><strong>divitias</strong></span> <span class='ocrx_word' id='word_1_450' title='bbox 2879 1713 2988 1754; x_wconf 89' lang='lat' dir='ltr'><strong>non</strong></span> <span class='ocrx_word' id='word_1_451' title='bbox 3022 1708 3263 1762; x_wconf 81' lang='lat' dir='ltr'><strong>accusat,</strong></span> <span class='ocrx_word' id='word_1_452' title='bbox 3285 1700 3380 1754; x_wconf 91' lang='lat' dir='ltr'><strong>sed</strong></span> <span class='ocrx_word' id='word_1_453' title='bbox 3413 1700 3502 1755; x_wconf 91' lang='lat' dir='ltr'><strong>di-</strong></span> 
     </span>
    </p>
   </div>
   <div class='ocr_carea' id='block_1_62' title="bbox 1915 1787 3504 1858">
    <p class='ocr_par' dir='ltr' id='par_1_62' title="bbox 1915 1787 3504 1858">
     <span class='ocr_line' id='line_1_62' title="bbox 1915 1787 3504 1858; baseline 0.006 -23"><span class='ocrx_word' id='word_1_454' title='bbox 1915 1787 2167 1842; x_wconf 83' lang='lat' dir='ltr'><strong>vitiarum</strong></span> <span class='ocrx_word' id='word_1_455' title='bbox 2197 1788 2447 1842; x_wconf 82' lang='lat' dir='ltr'><strong>servilem</strong></span> <span class='ocrx_word' id='word_1_456' title='bbox 2484 1804 2749 1844; x_wconf 88' lang='lat' dir='ltr'><strong>amorem.</strong></span> <span class='ocrx_word' id='word_1_457' title='bbox 2779 1789 3056 1858; x_wconf 87' lang='lat' dir='ltr'><strong>Optimum</strong></span> <span class='ocrx_word' id='word_1_458' title='bbox 3103 1799 3156 1844; x_wconf 89' lang='lat' dir='ltr'><strong>et</strong></span> <span class='ocrx_word' id='word_1_459' title='bbox 3182 1789 3504 1845; x_wconf 80' lang='lat' dir='ltr'><strong>admirabile</strong></span> 
     </span>
    </p>
   </div>
   <div class='ocr_carea' id='block_1_63' title="bbox 1915 1877 3502 1948">
    <p class='ocr_par' dir='ltr' id='par_1_63' title="bbox 1915 1877 3502 1948">
     <span class='ocr_line' id='line_1_63' title="bbox 1915 1877 3502 1948; baseline 0.001 -15"><span class='ocrx_word' id='word_1_460' title='bbox 1915 1878 2251 1948; x_wconf 78' lang='lat' dir='ltr'><strong>exemplum.</strong></span> <span class='ocrx_word' id='word_1_461' title='bbox 2308 1877 2779 1944; x_wconf 81' lang='lat' dir='ltr'><strong>Quemadmodum</strong></span> <span class='ocrx_word' id='word_1_462' title='bbox 2836 1879 2981 1933; x_wconf 92' lang='lat' dir='ltr'><strong>enim</strong></span> <span class='ocrx_word' id='word_1_463' title='bbox 3055 1895 3188 1936; x_wconf 88' lang='lat' dir='ltr'><strong>acus</strong></span> <span class='ocrx_word' id='word_1_464' title='bbox 3251 1879 3502 1934; x_wconf 87' lang='lat' dir='ltr'><strong>foramen</strong></span> 
     </span>
    </p>
   </div>
   <div class='ocr_carea' id='block_1_64' title="bbox 1916 1968 3504 2040">
    <p class='ocr_par' dir='ltr' id='par_1_64' title="bbox 1916 1968 3504 2040">
     <span class='ocr_line' id='line_1_64' title="bbox 1916 1968 3504 2040; baseline 0 -16"><span class='ocrx_word' id='word_1_465' title='bbox 1916 1984 2024 2024; x_wconf 88' lang='lat' dir='ltr'><strong>non</strong></span> <span class='ocrx_word' id='word_1_466' title='bbox 2075 1970 2272 2038; x_wconf 89' lang='lat' dir='ltr'><strong>accipit</strong></span> <span class='ocrx_word' id='word_1_467' title='bbox 2315 1971 2612 2036; x_wconf 88' lang='lat' dir='ltr'><strong>camelum,</strong></span> <span class='ocrx_word' id='word_1_468' title='bbox 2671 1968 2796 2040; x_wconf 85' lang='lat' dir='ltr'><strong>quia</strong></span> <span class='ocrx_word' id='word_1_469' title='bbox 2833 1969 3125 2025; x_wconf 88' lang='lat' dir='ltr'><strong>admodum</strong></span> <span class='ocrx_word' id='word_1_470' title='bbox 3176 1980 3388 2025; x_wconf 84' lang='lat' dir='ltr'><strong>arctnm</strong></span> <span class='ocrx_word' id='word_1_471' title='bbox 3418 1977 3504 2024; x_wconf 88' lang='lat' dir='ltr'><strong>est</strong></span> 
     </span>
    </p>
   </div>
   <div class='ocr_carea' id='block_1_65' title="bbox 1915 2061 3502 2132">
    <p class='ocr_par' dir='ltr' id='par_1_65' title="bbox 1915 2061 3502 2132">
     <span class='ocr_line' id='line_1_65' title="bbox 1915 2061 3502 2132; baseline -0.001 -17"><span class='ocrx_word' id='word_1_472' title='bbox 1915 2061 2070 2126; x_wconf 90' lang='lat' dir='ltr'><strong>illud,</strong></span> <span class='ocrx_word' id='word_1_473' title='bbox 2135 2061 2375 2116; x_wconf 84' lang='lat' dir='ltr'><strong>camelos</strong></span> <span class='ocrx_word' id='word_1_474' title='bbox 2405 2071 2585 2116; x_wconf 89' lang='lat' dir='ltr'><strong>autem</strong></span> <span class='ocrx_word' id='word_1_475' title='bbox 2619 2061 3023 2132; x_wconf 86' lang='lat' dir='ltr'><strong>corpulentum,</strong></span> <span class='ocrx_word' id='word_1_476' title='bbox 3059 2062 3131 2116; x_wconf 87' lang='lat' dir='ltr'><strong>ita</strong></span> <span class='ocrx_word' id='word_1_477' title='bbox 3185 2073 3238 2116; x_wconf 88' lang='lat' dir='ltr'><strong>et</strong></span> <span class='ocrx_word' id='word_1_478' title='bbox 3268 2063 3356 2115; x_wconf 89' lang='lat' dir='ltr'><strong>via</strong></span> <span class='ocrx_word' id='word_1_479' title='bbox 3380 2075 3502 2130; x_wconf 73' lang='lat' dir='ltr'><strong>qua:</strong></span> 
     </span>
    </p>
   </div>
   <div class='ocr_carea' id='block_1_66' title="bbox 1914 2151 3499 2222">
    <p class='ocr_par' dir='ltr' id='par_1_66' title="bbox 1914 2151 3499 2222">
     <span class='ocr_line' id='line_1_66' title="bbox 1914 2151 3499 2222; baseline -0.001 -14"><span class='ocrx_word' id='word_1_480' title='bbox 1914 2151 2066 2208; x_wconf 92' lang='lat' dir='ltr'><strong>ducit</strong></span> <span class='ocrx_word' id='word_1_481' title='bbox 2142 2153 2207 2206; x_wconf 90' lang='lat' dir='ltr'><strong>ad</strong></span> <span class='ocrx_word' id='word_1_482' title='bbox 2263 2152 2429 2206; x_wconf 88' lang='lat' dir='ltr'><strong>vitam</strong></span> <span class='ocrx_word' id='word_1_483' title='bbox 2491 2163 2751 2206; x_wconf 67' lang='lat' dir='ltr'><strong>aeternam</strong></span> <span class='ocrx_word' id='word_1_484' title='bbox 2804 2168 2910 2207; x_wconf 89' lang='lat' dir='ltr'><strong>non</strong></span> <span class='ocrx_word' id='word_1_485' title='bbox 2961 2153 3158 2222; x_wconf 84' lang='lat' dir='ltr'><strong>accipit</strong></span> <span class='ocrx_word' id='word_1_486' title='bbox 3229 2151 3499 2220; x_wconf 86' lang='lat' dir='ltr'><strong>divitem,</strong></span> 
     </span>
    </p>
   </div>
   <div class='ocr_carea' id='block_1_67' title="bbox 1912 2243 3502 2316">
    <p class='ocr_par' dir='ltr' id='par_1_67' title="bbox 1912 2243 3502 2316">
     <span class='ocr_line' id='line_1_67' title="bbox 1912 2243 3502 2316; baseline -0.001 -16"><span class='ocrx_word' id='word_1_487' title='bbox 1912 2247 2041 2316; x_wconf 91' lang='lat' dir='ltr'><strong>quia</strong></span> <span class='ocrx_word' id='word_1_488' title='bbox 2112 2246 2201 2300; x_wconf 93' lang='lat' dir='ltr'><strong>illa</strong></span> <span class='ocrx_word' id='word_1_489' title='bbox 2252 2245 2474 2314; x_wconf 92' lang='lat' dir='ltr'><strong>quidem</strong></span> <span class='ocrx_word' id='word_1_490' title='bbox 2535 2255 2767 2315; x_wconf 80' lang='lat' dir='ltr'><strong>angusta</strong></span> <span class='ocrx_word' id='word_1_491' title='bbox 2793 2252 2898 2310; x_wconf 82' lang='lat' dir='ltr'><strong>est,</strong></span> <span class='ocrx_word' id='word_1_492' title='bbox 2938 2243 3090 2299; x_wconf 81' lang='lat' dir='ltr'><strong>dives</strong></span> <span class='ocrx_word' id='word_1_493' title='bbox 3132 2254 3313 2299; x_wconf 89' lang='lat' dir='ltr'><strong>autem</strong></span> <span class='ocrx_word' id='word_1_494' title='bbox 3340 2244 3502 2298; x_wconf 83' lang='lat' dir='ltr'><strong>valde</strong></span> 
     </span>
    </p>
   </div>
   <div class='ocr_carea' id='block_1_68' title="bbox 1912 2335 3500 2407">
    <p class='ocr_par' dir='ltr' id='par_1_68' title="bbox 1912 2335 3500 2407">
     <span class='ocr_line' id='line_1_68' title="bbox 1912 2335 3500 2407; baseline -0.003 -14"><span class='ocrx_word' id='word_1_495' title='bbox 1912 2346 2106 2393; x_wconf 90' lang='lat' dir='ltr'><strong>tumet.</strong></span> <span class='ocrx_word' id='word_1_496' title='bbox 2199 2336 2363 2393; x_wconf 87' lang='lat' dir='ltr'><strong>Decet</strong></span> <span class='ocrx_word' id='word_1_497' title='bbox 2413 2336 2615 2406; x_wconf 80' lang='lat' dir='ltr'><strong>igitur,</strong></span> <span class='ocrx_word' id='word_1_498' title='bbox 2667 2335 2888 2402; x_wconf 88' lang='lat' dir='ltr'><strong>fratres,</strong></span> <span class='ocrx_word' id='word_1_499' title='bbox 2927 2351 3142 2391; x_wconf 88' lang='lat' dir='ltr'><strong>omnem</strong></span> <span class='ocrx_word' id='word_1_500' title='bbox 3191 2336 3500 2407; x_wconf 88' lang='lat' dir='ltr'><strong>superbiam</strong></span> 
     </span>
    </p>
   </div>
   <div class='ocr_carea' id='block_1_69' title="bbox 1913 2428 3502 2499">
    <p class='ocr_par' dir='ltr' id='par_1_69' title="bbox 1913 2428 3502 2499">
     <span class='ocr_line' id='line_1_69' title="bbox 1913 2428 3502 2499; baseline -0.003 -15"><span class='ocrx_word' id='word_1_501' title='bbox 1913 2429 2148 2498; x_wconf 88' lang='lat' dir='ltr'><strong>abjicere</strong></span> <span class='ocrx_word' id='word_1_502' title='bbox 2208 2429 2364 2499; x_wconf 77' lang='lat' dir='ltr'><strong>juxta</strong></span> <span class='ocrx_word' id='word_1_503' title='bbox 2413 2429 2657 2484; x_wconf 87' lang='lat' dir='ltr'><strong>divinum</strong></span> <span class='ocrx_word' id='word_1_504' title='bbox 2701 2429 3024 2499; x_wconf 79' lang='lat' dir='ltr'><strong>Apostolom</strong></span> <span class='ocrx_word' id='word_1_505' title='bbox 3053 2437 3145 2497; x_wconf 89' lang='lat' dir='ltr'><strong>,et</strong></span> <span class='ocrx_word' id='word_1_506' title='bbox 3186 2428 3358 2483; x_wconf 88' lang='lat' dir='ltr'><strong>minui</strong></span> <span class='ocrx_word' id='word_1_507' title='bbox 3403 2441 3502 2497; x_wconf 88' lang='lat' dir='ltr'><strong>per</strong></span> 
     </span>
    </p>
   </div>
   <div class='ocr_carea' id='block_1_70' title="bbox 1911 2521 3503 2593">
    <p class='ocr_par' dir='ltr' id='par_1_70' title="bbox 1911 2521 3503 2593">
     <span class='ocr_line' id='line_1_70' title="bbox 1911 2521 3503 2593; baseline -0.007 -11"><span class='ocrx_word' id='word_1_508' title='bbox 1911 2522 2276 2582; x_wconf 82' lang='lat' dir='ltr'><strong>voluntariam</strong></span> <span class='ocrx_word' id='word_1_509' title='bbox 2327 2529 2720 2593; x_wconf 85' lang='lat' dir='ltr'><strong>paupertatem,</strong></span> <span class='ocrx_word' id='word_1_510' title='bbox 2761 2521 2836 2577; x_wconf 90' lang='lat' dir='ltr'><strong>ita</strong></span> <span class='ocrx_word' id='word_1_511' title='bbox 2868 2532 2926 2576; x_wconf 91' lang='lat' dir='ltr'><strong>ut</strong></span> <span class='ocrx_word' id='word_1_512' title='bbox 2952 2521 3225 2591; x_wconf 86' lang='lat' dir='ltr'><strong>possimus</strong></span> <span class='ocrx_word' id='word_1_513' title='bbox 3277 2536 3372 2591; x_wconf 90' lang='lat' dir='ltr'><strong>per</strong></span> <span class='ocrx_word' id='word_1_514' title='bbox 3402 2535 3503 2576; x_wconf 86' lang='lat' dir='ltr'><strong>an-</strong></span> 
     </span>
    </p>
   </div>
   <div class='ocr_carea' id='block_1_71' title="bbox 1909 2612 3502 2688">
    <p class='ocr_par' dir='ltr' id='par_1_71' title="bbox 1909 2612 3502 2688">
     <span class='ocr_line' id='line_1_71' title="bbox 1909 2612 3502 2688; baseline 0 -18"><span class='ocrx_word' id='word_1_515' title='bbox 1909 2624 2126 2688; x_wconf 73' lang='lat' dir='ltr'><strong>gustam</strong></span> <span class='ocrx_word' id='word_1_516' title='bbox 2161 2615 2305 2669; x_wconf 84' lang='lat' dir='ltr'><strong>viam</strong></span> <span class='ocrx_word' id='word_1_517' title='bbox 2339 2613 2564 2666; x_wconf 89' lang='lat' dir='ltr'><strong>introire</strong></span> <span class='ocrx_word' id='word_1_518' title='bbox 2591 2613 2642 2666; x_wconf 91' lang='lat' dir='ltr'><strong>in</strong></span> <span class='ocrx_word' id='word_1_519' title='bbox 2678 2627 2907 2682; x_wconf 75' lang='lat' dir='ltr'><strong>regnum</strong></span> <span class='ocrx_word' id='word_1_520' title='bbox 2932 2612 3220 2667; x_wconf 66' lang='lat' dir='ltr'><strong>caelorum.</strong></span> <span class='ocrx_word' id='word_1_521' title='bbox 3255 2614 3502 2683; x_wconf 74' lang='lat' dir='ltr'><strong>Angusta</strong></span> 
     </span>
    </p>
   </div>
   <div class='ocr_carea' id='block_1_72' title="bbox 1916 2702 3498 2773">
    <p class='ocr_par' dir='ltr' id='par_1_72' title="bbox 1916 2702 3498 2773">
     <span class='ocr_line' id='line_1_72' title="bbox 1916 2702 3498 2773; baseline 0 -13"><span class='ocrx_word' id='word_1_522' title='bbox 1916 2707 2060 2761; x_wconf 86' lang='lat' dir='ltr'><strong>enim</strong></span> <span class='ocrx_word' id='word_1_523' title='bbox 2088 2714 2170 2760; x_wconf 89' lang='lat' dir='ltr'><strong>est</strong></span> <span class='ocrx_word' id='word_1_524' title='bbox 2200 2712 2254 2758; x_wconf 88' lang='lat' dir='ltr'><strong>et</strong></span> <span class='ocrx_word' id='word_1_525' title='bbox 2283 2714 2432 2757; x_wconf 91' lang='lat' dir='ltr'><strong>arcta</strong></span> <span class='ocrx_word' id='word_1_526' title='bbox 2464 2705 2551 2758; x_wconf 89' lang='lat' dir='ltr'><strong>via</strong></span> <span class='ocrx_word' id='word_1_527' title='bbox 2587 2712 2710 2772; x_wconf 58' lang='lat' dir='ltr'><strong>qua!</strong></span> <span class='ocrx_word' id='word_1_528' title='bbox 2745 2704 2893 2756; x_wconf 80' lang='lat' dir='ltr'><strong>ducit</strong></span> <span class='ocrx_word' id='word_1_529' title='bbox 2931 2702 2997 2755; x_wconf 91' lang='lat' dir='ltr'><strong>ad</strong></span> <span class='ocrx_word' id='word_1_530' title='bbox 3028 2703 3189 2756; x_wconf 69' lang='lat' dir='ltr'><strong>vitam</strong></span> <span class='ocrx_word' id='word_1_531' title='bbox 3221 2711 3314 2770; x_wconf 85' lang='lat' dir='ltr'><strong>;et</strong></span> <span class='ocrx_word' id='word_1_532' title='bbox 3334 2706 3498 2773; x_wconf 90' lang='lat' dir='ltr'><strong>pauci</strong></span> 
     </span>
    </p>
   </div>
   <div class='ocr_carea' id='block_1_73' title="bbox 1910 2793 3502 2863">
    <p class='ocr_par' dir='ltr' id='par_1_73' title="bbox 1910 2793 3502 2863">
     <span class='ocr_line' id='line_1_73' title="bbox 1910 2793 3502 2863; baseline 0.001 -13"><span class='ocrx_word' id='word_1_533' title='bbox 1910 2805 2037 2850; x_wconf 83' lang='lat' dir='ltr'><strong>sunt</strong></span> <span class='ocrx_word' id='word_1_534' title='bbox 2077 2796 2169 2863; x_wconf 90' lang='lat' dir='ltr'><strong>qui</strong></span> <span class='ocrx_word' id='word_1_535' title='bbox 2208 2795 2493 2849; x_wconf 86' lang='lat' dir='ltr'><strong>inveniunt</strong></span> <span class='ocrx_word' id='word_1_536' title='bbox 2545 2808 2689 2847; x_wconf 88' lang='lat' dir='ltr'><strong>eam.</strong></span> <span class='ocrx_word' id='word_1_537' title='bbox 2728 2812 2745 2844; x_wconf 87' lang='grc' dir='ltr'><strong>ι</strong></span> <span class='ocrx_word' id='word_1_538' title='bbox 2782 2793 3078 2848; x_wconf 79' lang='lat' dir='ltr'><strong>Audientes</strong></span> <span class='ocrx_word' id='word_1_539' title='bbox 3127 2803 3308 2849; x_wconf 84' lang='lat' dir='ltr'><strong>autem</strong></span> <span class='ocrx_word' id='word_1_540' title='bbox 3333 2795 3502 2852; x_wconf 30' lang='lat' dir='ltr'><strong>discis</strong></span> 
     </span>
    </p>
   </div>
   <div class='ocr_carea' id='block_1_74' title="bbox 1909 2884 3502 2956">
    <p class='ocr_par' dir='ltr' id='par_1_74' title="bbox 1909 2884 3502 2956">
     <span class='ocr_line' id='line_1_74' title="bbox 1909 2884 3502 2956; baseline 0.003 -17"><span class='ocrx_word' id='word_1_541' title='bbox 1909 2885 2022 2954; x_wconf 86' lang='lat' dir='ltr'><strong>puli</strong></span> <span class='ocrx_word' id='word_1_542' title='bbox 2081 2886 2388 2939; x_wconf 89' lang='lat' dir='ltr'><strong>timuerunt</strong></span> <span class='ocrx_word' id='word_1_543' title='bbox 2439 2884 2593 2940; x_wconf 81' lang='lat' dir='ltr'><strong>valde</strong></span> <span class='ocrx_word' id='word_1_544' title='bbox 2649 2884 2940 2940; x_wconf 87' lang='lat' dir='ltr'><strong>dicentes:</strong></span> <span class='ocrx_word' id='word_1_545' title='bbox 2975 2884 3109 2950; x_wconf 81' lang='lat' dir='ltr'><strong>Quis</strong></span> <span class='ocrx_word' id='word_1_546' title='bbox 3164 2900 3295 2956; x_wconf 75' lang='lat' dir='ltr'><strong>ergo</strong></span> <span class='ocrx_word' id='word_1_547' title='bbox 3323 2896 3502 2956; x_wconf 84' lang='lat' dir='ltr'><strong>potest</strong></span> 
     </span>
    </p>
   </div>
   <div class='ocr_carea' id='block_1_75' title="bbox 1911 2973 3499 3043">
    <p class='ocr_par' dir='ltr' id='par_1_75' title="bbox 1911 2973 3499 3043">
     <span class='ocr_line' id='line_1_75' title="bbox 1911 2973 3499 3043; baseline 0.002 -12"><span class='ocrx_word' id='word_1_548' title='bbox 1911 2974 2156 3031; x_wconf 87' lang='lat' dir='ltr'><strong>salvari?</strong></span> <span class='ocrx_word' id='word_1_549' title='bbox 2189 2993 2208 3026; x_wconf 73' lang='grc' dir='ltr'><strong>ι</strong></span> <span class='ocrx_word' id='word_1_550' title='bbox 2245 2973 2594 3039; x_wconf 84' lang='lat' dir='ltr'><strong>Timuerunt,</strong></span> <span class='ocrx_word' id='word_1_551' title='bbox 2625 2990 2721 3043; x_wconf 86' lang='lat' dir='ltr'><strong>pro</strong></span> <span class='ocrx_word' id='word_1_552' title='bbox 2748 2975 2949 3029; x_wconf 84' lang='lat' dir='ltr'><strong>turbati</strong></span> <span class='ocrx_word' id='word_1_553' title='bbox 2988 2984 3149 3041; x_wconf 91' lang='lat' dir='ltr'><strong>sunt;</strong></span> <span class='ocrx_word' id='word_1_554' title='bbox 3187 2992 3295 3030; x_wconf 88' lang='lat' dir='ltr'><strong>non</strong></span> <span class='ocrx_word' id='word_1_555' title='bbox 3315 2987 3499 3034; x_wconf 78' lang='lat' dir='ltr'><strong>tamen</strong></span> 
     </span>
    </p>
   </div>
   <div class='ocr_carea' id='block_1_76' title="bbox 1910 3070 3498 3141">
    <p class='ocr_par' dir='ltr' id='par_1_76' title="bbox 1910 3070 3498 3141">
     <span class='ocr_line' id='line_1_76' title="bbox 1910 3070 3498 3141; baseline 0.002 -15"><span class='ocrx_word' id='word_1_556' title='bbox 1910 3071 1977 3126; x_wconf 90' lang='lat' dir='ltr'><strong>de</strong></span> <span class='ocrx_word' id='word_1_557' title='bbox 2024 3070 2241 3141; x_wconf 90' lang='lat' dir='ltr'><strong>seipsis,</strong></span> <span class='ocrx_word' id='word_1_558' title='bbox 2269 3085 2534 3140; x_wconf 85' lang='lat' dir='ltr'><strong>pauperes</strong></span> <span class='ocrx_word' id='word_1_559' title='bbox 2588 3070 2930 3132; x_wconf 87' lang='lat' dir='ltr'><strong>enimerant,</strong></span> <span class='ocrx_word' id='word_1_560' title='bbox 2961 3074 3053 3124; x_wconf 90' lang='lat' dir='ltr'><strong>sed</strong></span> <span class='ocrx_word' id='word_1_561' title='bbox 3095 3070 3162 3126; x_wconf 87' lang='lat' dir='ltr'><strong>de</strong></span> <span class='ocrx_word' id='word_1_562' title='bbox 3209 3071 3498 3129; x_wconf 87' lang='lat' dir='ltr'><strong>divitibus.</strong></span> 
     </span>
    </p>
   </div>
   <div class='ocr_carea' id='block_1_77' title="bbox 1909 3162 3500 3234">
    <p class='ocr_par' dir='ltr' id='par_1_77' title="bbox 1909 3162 3500 3234">
     <span class='ocr_line' id='line_1_77' title="bbox 1909 3162 3500 3234; baseline 0.002 -16"><span class='ocrx_word' id='word_1_563' title='bbox 1909 3162 2246 3233; x_wconf 86' lang='lat' dir='ltr'><strong>lncipiebant</strong></span> <span class='ocrx_word' id='word_1_564' title='bbox 2298 3164 2442 3218; x_wconf 89' lang='lat' dir='ltr'><strong>enim</strong></span> <span class='ocrx_word' id='word_1_565' title='bbox 2502 3163 2712 3217; x_wconf 84' lang='lat' dir='ltr'><strong>viscera</strong></span> <span class='ocrx_word' id='word_1_566' title='bbox 2776 3162 3169 3217; x_wconf 59' lang='lat' dir='ltr'><strong>misericordia:</strong></span> <span class='ocrx_word' id='word_1_567' title='bbox 3219 3166 3500 3234; x_wconf 87' lang='lat' dir='ltr'><strong>suscipere</strong></span> 
     </span>
    </p>
   </div>
   <div class='ocr_carea' id='block_1_78' title="bbox 1913 3255 3494 3327">
    <p class='ocr_par' dir='ltr' id='par_1_78' title="bbox 1913 3255 3494 3327">
     <span class='ocr_line' id='line_1_78' title="bbox 1913 3255 3494 3327; baseline 0 -17"><span class='ocrx_word' id='word_1_568' title='bbox 1913 3256 2168 3327; x_wconf 89' lang='lat' dir='ltr'><strong>apostoli,</strong></span> <span class='ocrx_word' id='word_1_569' title='bbox 2192 3267 2246 3310; x_wconf 91' lang='lat' dir='ltr'><strong>et</strong></span> <span class='ocrx_word' id='word_1_570' title='bbox 2266 3256 2448 3310; x_wconf 91' lang='lat' dir='ltr'><strong>dolere</strong></span> <span class='ocrx_word' id='word_1_571' title='bbox 2468 3255 2534 3309; x_wconf 88' lang='lat' dir='ltr'><strong>de</strong></span> <span class='ocrx_word' id='word_1_572' title='bbox 2573 3255 2852 3309; x_wconf 82' lang='lat' dir='ltr'><strong>hominum</strong></span> <span class='ocrx_word' id='word_1_573' title='bbox 2879 3257 3183 3324; x_wconf 80' lang='lat' dir='ltr'><strong>perditione</strong></span> <span class='ocrx_word' id='word_1_574' title='bbox 3204 3257 3450 3312; x_wconf 85' lang='lat' dir='ltr'><strong>dicentes</strong></span> <span class='ocrx_word' id='word_1_575' title='bbox 3479 3272 3494 3310; x_wconf 92' lang='lat'><strong>:</strong></span> 
     </span>
    </p>
   </div>
   <div class='ocr_carea' id='block_1_79' title="bbox 1919 3345 3496 3415">
    <p class='ocr_par' dir='ltr' id='par_1_79' title="bbox 1919 3345 3496 3415">
     <span class='ocr_line' id='line_1_79' title="bbox 1919 3345 3496 3415; baseline 0.003 -17"><span class='ocrx_word' id='word_1_576' title='bbox 1919 3363 1940 3398; x_wconf 80' lang='grc' dir='ltr'><strong>ι</strong></span> <span class='ocrx_word' id='word_1_577' title='bbox 1980 3345 2115 3412; x_wconf 90' lang='lat' dir='ltr'><strong>Quis</strong></span> <span class='ocrx_word' id='word_1_578' title='bbox 2189 3359 2319 3414; x_wconf 74' lang='lat' dir='ltr'><strong>ergo</strong></span> <span class='ocrx_word' id='word_1_579' title='bbox 2389 3353 2564 3415; x_wconf 86' lang='lat' dir='ltr'><strong>potest</strong></span> <span class='ocrx_word' id='word_1_580' title='bbox 2637 3345 2892 3399; x_wconf 75' lang='lat' dir='ltr'><strong>salvari?</strong></span> <span class='ocrx_word' id='word_1_581' title='bbox 2955 3363 2974 3397; x_wconf 75' lang='grc' dir='ltr'><strong>ι</strong></span> <span class='ocrx_word' id='word_1_582' title='bbox 3023 3348 3246 3401; x_wconf 88' lang='lat' dir='ltr'><strong>lntuens</strong></span> <span class='ocrx_word' id='word_1_583' title='bbox 3313 3357 3496 3402; x_wconf 89' lang='lat' dir='ltr'><strong>autem</strong></span> 
     </span>
    </p>
   </div>
   <div class='ocr_carea' id='block_1_80' title="bbox 1908 3435 3498 3506">
    <p class='ocr_par' dir='ltr' id='par_1_80' title="bbox 1908 3435 3498 3506">
     <span class='ocr_line' id='line_1_80' title="bbox 1908 3435 3498 3506; baseline 0.001 -13"><span class='ocrx_word' id='word_1_584' title='bbox 1908 3437 2087 3505; x_wconf 80' lang='lat' dir='ltr'><strong>Jesns,</strong></span> <span class='ocrx_word' id='word_1_585' title='bbox 2118 3437 2249 3493; x_wconf 90' lang='lat' dir='ltr'><strong>dicit</strong></span> <span class='ocrx_word' id='word_1_586' title='bbox 2279 3436 2385 3492; x_wconf 90' lang='lat' dir='ltr'><strong>illis</strong></span> <span class='ocrx_word' id='word_1_587' title='bbox 2418 3453 2433 3490; x_wconf 90' lang='lat'><strong>:</strong></span> <span class='ocrx_word' id='word_1_588' title='bbox 2477 3455 2496 3488; x_wconf 89' lang='grc' dir='ltr'><strong>ι</strong></span> <span class='ocrx_word' id='word_1_589' title='bbox 2533 3435 2687 3506; x_wconf 84' lang='lat' dir='ltr'><strong>Apud</strong></span> <span class='ocrx_word' id='word_1_590' title='bbox 2735 3436 2988 3491; x_wconf 84' lang='lat' dir='ltr'><strong>homines</strong></span> <span class='ocrx_word' id='word_1_591' title='bbox 3022 3437 3127 3492; x_wconf 89' lang='lat' dir='ltr'><strong>hoc</strong></span> <span class='ocrx_word' id='word_1_592' title='bbox 3157 3437 3498 3506; x_wconf 86' lang='lat' dir='ltr'><strong>impossibile</strong></span> 
     </span>
    </p>
   </div>
   <div class='ocr_carea' id='block_1_81' title="bbox 1907 3529 3494 3601">
    <p class='ocr_par' dir='ltr' id='par_1_81' title="bbox 1907 3529 3494 3601">
     <span class='ocr_line' id='line_1_81' title="bbox 1907 3529 3494 3601; baseline -0.003 -15"><span class='ocrx_word' id='word_1_593' title='bbox 1907 3540 2024 3596; x_wconf 91' lang='lat' dir='ltr'><strong>est;</strong></span> <span class='ocrx_word' id='word_1_594' title='bbox 2059 3530 2204 3601; x_wconf 89' lang='lat' dir='ltr'><strong>apud</strong></span> <span class='ocrx_word' id='word_1_595' title='bbox 2248 3529 2415 3586; x_wconf 90' lang='lat' dir='ltr'><strong>Deum</strong></span> <span class='ocrx_word' id='word_1_596' title='bbox 2445 3538 2631 3584; x_wconf 88' lang='lat' dir='ltr'><strong>autem</strong></span> <span class='ocrx_word' id='word_1_597' title='bbox 2664 3530 2846 3584; x_wconf 88' lang='lat' dir='ltr'><strong>omnia</strong></span> <span class='ocrx_word' id='word_1_598' title='bbox 2877 3529 3160 3598; x_wconf 83' lang='lat' dir='ltr'><strong>possibilia</strong></span> <span class='ocrx_word' id='word_1_599' title='bbox 3197 3539 3344 3586; x_wconf 87' lang='lat' dir='ltr'><strong>sunt.</strong></span> <span class='ocrx_word' id='word_1_600' title='bbox 3375 3548 3395 3582; x_wconf 74' lang='grc' dir='ltr'><strong>ι</strong></span> <span class='ocrx_word' id='word_1_601' title='bbox 3423 3557 3494 3572; x_wconf 88' lang='lat'><em>-</em></span> 
     </span>
    </p>
   </div>
   <div class='ocr_carea' id='block_1_82' title="bbox 1909 3621 3495 3693">
    <p class='ocr_par' dir='ltr' id='par_1_82' title="bbox 1909 3621 3495 3693">
     <span class='ocr_line' id='line_1_82' title="bbox 1909 3621 3495 3693; baseline -0.001 -17"><span class='ocrx_word' id='word_1_602' title='bbox 1909 3622 2060 3677; x_wconf 92' lang='lat' dir='ltr'><strong>Dulci</strong></span> <span class='ocrx_word' id='word_1_603' title='bbox 2125 3623 2359 3693; x_wconf 90' lang='lat' dir='ltr'><strong>primum</strong></span> <span class='ocrx_word' id='word_1_604' title='bbox 2413 3621 2608 3675; x_wconf 88' lang='lat' dir='ltr'><strong>intuitu</strong></span> <span class='ocrx_word' id='word_1_605' title='bbox 2665 3630 2905 3676; x_wconf 85' lang='lat' dir='ltr'><strong>mentem</strong></span> <span class='ocrx_word' id='word_1_606' title='bbox 2951 3621 3342 3689; x_wconf 87' lang='lat' dir='ltr'><strong>discipulorum</strong></span> <span class='ocrx_word' id='word_1_607' title='bbox 3385 3630 3495 3674; x_wconf 72' lang='lat' dir='ltr'><strong>tre~</strong></span> 
     </span>
    </p>
   </div>
   <div class='ocr_carea' id='block_1_83' title="bbox 1907 3710 3490 3780">
    <p class='ocr_par' dir='ltr' id='par_1_83' title="bbox 1907 3710 3490 3780">
     <span class='ocr_line' id='line_1_83' title="bbox 1907 3710 3490 3780; baseline -0.001 -12"><span class='ocrx_word' id='word_1_608' title='bbox 1907 3719 2279 3780; x_wconf 56' lang='lat' dir='ltr'><strong>mentemlet</strong></span> <span class='ocrx_word' id='word_1_609' title='bbox 2354 3710 2626 3766; x_wconf 88' lang='lat' dir='ltr'><strong>turbatam</strong></span> <span class='ocrx_word' id='word_1_610' title='bbox 2704 3711 3018 3766; x_wconf 83' lang='lat' dir='ltr'><strong>consolatus</strong></span> <span class='ocrx_word' id='word_1_611' title='bbox 3064 3717 3149 3766; x_wconf 85' lang='lat' dir='ltr'><strong>est</strong></span> <span class='ocrx_word' id='word_1_612' title='bbox 3218 3713 3490 3778; x_wconf 83' lang='lat' dir='ltr'><strong>Christus,</strong></span> 
     </span>
    </p>
   </div>
   <div class='ocr_carea' id='block_1_84' title="bbox 1907 3800 3487 3872">
    <p class='ocr_par' dir='ltr' id='par_1_84' title="bbox 1907 3800 3487 3872">
     <span class='ocr_line' id='line_1_84' title="bbox 1907 3800 3487 3872; baseline 0.001 -16"><span class='ocrx_word' id='word_1_613' title='bbox 1907 3801 2108 3856; x_wconf 85' lang='lat' dir='ltr'><strong>deinde</strong></span> <span class='ocrx_word' id='word_1_614' title='bbox 2139 3801 2300 3866; x_wconf 76' lang='lat' dir='ltr'><strong>dixit,</strong></span> <span class='ocrx_word' id='word_1_615' title='bbox 2362 3801 2505 3872; x_wconf 87' lang='lat' dir='ltr'><strong>apud</strong></span> <span class='ocrx_word' id='word_1_616' title='bbox 2545 3801 2742 3856; x_wconf 85' lang='lat' dir='ltr'><strong>divites</strong></span> <span class='ocrx_word' id='word_1_617' title='bbox 2780 3800 3068 3854; x_wconf 86' lang='lat' dir='ltr'><strong>manifeste</strong></span> <span class='ocrx_word' id='word_1_618' title='bbox 3095 3801 3328 3857; x_wconf 83' lang='lat' dir='ltr'><strong>salutem</strong></span> <span class='ocrx_word' id='word_1_619' title='bbox 3361 3817 3487 3858; x_wconf 81' lang='lat' dir='ltr'><strong>esse</strong></span> 
     </span>
    </p>
   </div>
   <div class='ocr_carea' id='block_1_85' title="bbox 1907 3891 3491 3964">
    <p class='ocr_par' dir='ltr' id='par_1_85' title="bbox 1907 3891 3491 3964">
     <span class='ocr_line' id='line_1_85' title="bbox 1907 3891 3491 3964; baseline 0 -16"><span class='ocrx_word' id='word_1_620' title='bbox 1907 3891 2304 3962; x_wconf 85' lang='lat' dir='ltr'><strong>impossibilem</strong></span> <span class='ocrx_word' id='word_1_621' title='bbox 2336 3909 2353 3947; x_wconf 89' lang='lat'><strong>:</strong></span> <span class='ocrx_word' id='word_1_622' title='bbox 2391 3891 2566 3947; x_wconf 83' lang='lat' dir='ltr'><strong>valide</strong></span> <span class='ocrx_word' id='word_1_623' title='bbox 2620 3892 2863 3946; x_wconf 74' lang='lat' dir='ltr'><strong>avaritiae</strong></span> <span class='ocrx_word' id='word_1_624' title='bbox 2918 3891 3150 3948; x_wconf 81' lang='lat' dir='ltr'><strong>vinculis</strong></span> <span class='ocrx_word' id='word_1_625' title='bbox 3198 3893 3348 3964; x_wconf 79' lang='lat' dir='ltr'><strong>ligati</strong></span> <span class='ocrx_word' id='word_1_626' title='bbox 3392 3909 3491 3964; x_wconf 88' lang='lat' dir='ltr'><strong>per</strong></span> 
     </span>
    </p>
   </div>
   <div class='ocr_carea' id='block_1_86' title="bbox 1907 3982 3488 4056">
    <p class='ocr_par' dir='ltr' id='par_1_86' title="bbox 1907 3982 3488 4056">
     <span class='ocr_line' id='line_1_86' title="bbox 1907 3982 3488 4056; baseline 0 -16"><span class='ocrx_word' id='word_1_627' title='bbox 1907 3985 2116 4056; x_wconf 84' lang='lat' dir='ltr'><strong>seipsos</strong></span> <span class='ocrx_word' id='word_1_628' title='bbox 2140 3991 2416 4054; x_wconf 83' lang='lat' dir='ltr'><strong>nequeunt</strong></span> <span class='ocrx_word' id='word_1_629' title='bbox 2477 3983 2547 4037; x_wconf 91' lang='lat' dir='ltr'><strong>ab</strong></span> <span class='ocrx_word' id='word_1_630' title='bbox 2619 3983 2724 4038; x_wconf 88' lang='lat' dir='ltr'><strong>ista</strong></span> <span class='ocrx_word' id='word_1_631' title='bbox 2753 3983 3039 4053; x_wconf 82' lang='lat' dir='ltr'><strong>tyrannide</strong></span> <span class='ocrx_word' id='word_1_632' title='bbox 3068 3982 3308 4038; x_wconf 89' lang='lat' dir='ltr'><strong>liberari.</strong></span> <span class='ocrx_word' id='word_1_633' title='bbox 3343 3983 3488 4040; x_wconf 87' lang='lat' dir='ltr'><strong>Deus</strong></span> 
     </span>
    </p>
   </div>
   <div class='ocr_carea' id='block_1_87' title="bbox 1907 4073 3488 4144">
    <p class='ocr_par' dir='ltr' id='par_1_87' title="bbox 1907 4073 3488 4144">
     <span class='ocr_line' id='line_1_87' title="bbox 1907 4073 3488 4144; baseline -0.003 -14"><span class='ocrx_word' id='word_1_634' title='bbox 1907 4086 2091 4130; x_wconf 85' lang='lat' dir='ltr'><strong>autem</strong></span> <span class='ocrx_word' id='word_1_635' title='bbox 2119 4089 2229 4129; x_wconf 90' lang='lat' dir='ltr'><strong>non</strong></span> <span class='ocrx_word' id='word_1_636' title='bbox 2271 4074 2432 4128; x_wconf 88' lang='lat' dir='ltr'><strong>modo</strong></span> <span class='ocrx_word' id='word_1_637' title='bbox 2479 4083 2656 4144; x_wconf 87' lang='lat' dir='ltr'><strong>potest</strong></span> <span class='ocrx_word' id='word_1_638' title='bbox 2679 4074 2910 4138; x_wconf 86' lang='lat' dir='ltr'><strong>salvare,</strong></span> <span class='ocrx_word' id='word_1_639' title='bbox 2940 4074 3038 4128; x_wconf 90' lang='lat' dir='ltr'><strong>sed</strong></span> <span class='ocrx_word' id='word_1_640' title='bbox 3066 4073 3302 4142; x_wconf 85' lang='lat' dir='ltr'><strong>quodvis</strong></span> <span class='ocrx_word' id='word_1_641' title='bbox 3341 4073 3488 4127; x_wconf 90' lang='lat' dir='ltr'><strong>aliud</strong></span> 
     </span>
    </p>
   </div>
   <div class='ocr_carea' id='block_1_88' title="bbox 1907 4165 3489 4239">
    <p class='ocr_par' dir='ltr' id='par_1_88' title="bbox 1907 4165 3489 4239">
     <span class='ocr_line' id='line_1_88' title="bbox 1907 4165 3489 4239; baseline -0.001 -17"><span class='ocrx_word' id='word_1_642' title='bbox 1907 4178 2108 4239; x_wconf 87' lang='lat' dir='ltr'><strong>potest.</strong></span> <span class='ocrx_word' id='word_1_643' title='bbox 2171 4166 2415 4221; x_wconf 86' lang='lat' dir='ltr'><strong>Salvabit</strong></span> <span class='ocrx_word' id='word_1_644' title='bbox 2475 4181 2643 4237; x_wconf 92' lang='lat' dir='ltr'><strong>porro</strong></span> <span class='ocrx_word' id='word_1_645' title='bbox 2705 4167 2903 4221; x_wconf 89' lang='lat' dir='ltr'><strong>divites</strong></span> <span class='ocrx_word' id='word_1_646' title='bbox 2933 4165 3092 4230; x_wconf 85' lang='lat' dir='ltr'><strong>Deus,</strong></span> <span class='ocrx_word' id='word_1_647' title='bbox 3121 4165 3166 4222; x_wconf 91' lang='lat' dir='ltr'><strong>si</strong></span> <span class='ocrx_word' id='word_1_648' title='bbox 3204 4182 3305 4235; x_wconf 90' lang='lat' dir='ltr'><strong>pro</strong></span> <span class='ocrx_word' id='word_1_649' title='bbox 3349 4166 3489 4222; x_wconf 79' lang='lat' dir='ltr'><strong>virili</strong></span> 
     </span>
    </p>
   </div>
   <div class='ocr_carea' id='block_1_89' title="bbox 1907 4259 3486 4331">
    <p class='ocr_par' dir='ltr' id='par_1_89' title="bbox 1907 4259 3486 4331">
     <span class='ocr_line' id='line_1_89' title="bbox 1907 4259 3486 4331; baseline -0.001 -16"><span class='ocrx_word' id='word_1_650' title='bbox 1907 4270 2062 4331; x_wconf 91' lang='lat' dir='ltr'><strong>parte</strong></span> <span class='ocrx_word' id='word_1_651' title='bbox 2125 4269 2453 4330; x_wconf 87' lang='lat' dir='ltr'><strong>operantes,</strong></span> <span class='ocrx_word' id='word_1_652' title='bbox 2505 4259 2683 4328; x_wconf 89' lang='lat' dir='ltr'><strong>ipsum</strong></span> <span class='ocrx_word' id='word_1_653' title='bbox 2742 4260 3123 4314; x_wconf 86' lang='lat' dir='ltr'><strong>invocaverint</strong></span> <span class='ocrx_word' id='word_1_654' title='bbox 3157 4260 3486 4327; x_wconf 30' lang='lat' dir='ltr'><strong>‘adjutorent</strong></span> 
     </span>
    </p>
   </div>
   <div class='ocr_carea' id='block_1_90' title="bbox 1906 4350 3486 4419">
    <p class='ocr_par' dir='ltr' id='par_1_90' title="bbox 1906 4350 3486 4419">
     <span class='ocr_line' id='line_1_90' title="bbox 1906 4350 3486 4419; baseline -0.003 -14"><span class='ocrx_word' id='word_1_655' title='bbox 1906 4361 1960 4406; x_wconf 91' lang='lat' dir='ltr'><strong>et</strong></span> <span class='ocrx_word' id='word_1_656' title='bbox 1981 4353 2244 4406; x_wconf 86' lang='lat' dir='ltr'><strong>libertatis</strong></span> <span class='ocrx_word' id='word_1_657' title='bbox 2261 4351 2527 4413; x_wconf 88' lang='lat' dir='ltr'><strong>datorem,</strong></span> <span class='ocrx_word' id='word_1_658' title='bbox 2551 4350 2765 4404; x_wconf 83' lang='lat' dir='ltr'><strong>divitias</strong></span> <span class='ocrx_word' id='word_1_659' title='bbox 2788 4350 3123 4419; x_wconf 88' lang='lat' dir='ltr'><strong>pauperibus</strong></span> <span class='ocrx_word' id='word_1_660' title='bbox 3149 4350 3486 4403; x_wconf 83' lang='lat' dir='ltr'><strong>distribuen-</strong></span> 
     </span>
    </p>
   </div>
   <div class='ocr_carea' id='block_1_91' title="bbox 1908 4440 3476 4508">
    <p class='ocr_par' dir='ltr' id='par_1_91' title="bbox 1908 4440 3476 4508">
     <span class='ocr_line' id='line_1_91' title="bbox 1908 4440 3476 4508; baseline -0.003 -10"><span class='ocrx_word' id='word_1_661' title='bbox 1908 4454 2012 4507; x_wconf 89' lang='lat' dir='ltr'><strong>tes,</strong></span> <span class='ocrx_word' id='word_1_662' title='bbox 2066 4450 2119 4497; x_wconf 88' lang='lat' dir='ltr'><strong>et</strong></span> <span class='ocrx_word' id='word_1_663' title='bbox 2148 4441 2458 4494; x_wconf 87' lang='lat' dir='ltr'><strong>divitiarum</strong></span> <span class='ocrx_word' id='word_1_664' title='bbox 2492 4440 2802 4508; x_wconf 84' lang='lat' dir='ltr'><strong>cupiditatis</strong></span> <span class='ocrx_word' id='word_1_665' title='bbox 2832 4441 3010 4508; x_wconf 79' lang='lat' dir='ltr'><strong>ignem</strong></span> <span class='ocrx_word' id='word_1_666' title='bbox 3043 4440 3476 4508; x_wconf 79' lang='lat' dir='ltr'><strong>exstinguentes.</strong></span> 
     </span>
    </p>
   </div>
   <div class='ocr_carea' id='block_1_92' title="bbox 225 4524 1811 4611">
    <p class='ocr_par' dir='ltr' id='par_1_92' title="bbox 225 4539 1801 4611">
     <span class='ocr_line' id='line_1_92' title="bbox 225 4539 1801 4611; baseline 0 -19"><span class='ocrx_word' id='word_1_667' title='bbox 225 4540 369 4603; x_wconf 70' lang='grc' dir='ltr'>ἔστι,</span> <span class='ocrx_word' id='word_1_668' title='bbox 406 4539 684 4610; x_wconf 81' lang='grc' dir='ltr'>δεδεμένοι</span> <span class='ocrx_word' id='word_1_669' title='bbox 723 4539 959 4610; x_wconf 74' lang='grc' dir='ltr'>ἰσχυρῶς</span> <span class='ocrx_word' id='word_1_670' title='bbox 994 4543 1114 4603; x_wconf 89' lang='grc' dir='ltr'>ταῖς</span> <span class='ocrx_word' id='word_1_671' title='bbox 1151 4543 1358 4611; x_wconf 78' lang='grc' dir='ltr'>σειραῖς</span> <span class='ocrx_word' id='word_1_672' title='bbox 1393 4541 1492 4610; x_wconf 79' lang='grc' dir='ltr'>τῆς</span> <span class='ocrx_word' id='word_1_673' title='bbox 1528 4542 1801 4611; x_wconf 76' lang='grc' dir='ltr'>φιλαργυο</span> 
     </span>
    </p>
   </div>
   <div class='ocr_carea' id='block_1_93' title="bbox 1910 4524 3487 4611">
    <p class='ocr_par' dir='ltr' id='par_1_93' title="bbox 1910 4530 3487 4600">
     <span class='ocr_line' id='line_1_93' title="bbox 1910 4530 3487 4600; baseline -0.003 -12"><span class='ocrx_word' id='word_1_674' title='bbox 1910 4534 2046 4588; x_wconf 86' lang='lat' dir='ltr'><strong>Ecce</strong></span> <span class='ocrx_word' id='word_1_675' title='bbox 2095 4531 2272 4587; x_wconf 88' lang='lat' dir='ltr'><strong>edocti</strong></span> <span class='ocrx_word' id='word_1_676' title='bbox 2326 4547 2518 4586; x_wconf 86' lang='lat' dir='ltr'><strong>sumus</strong></span> <span class='ocrx_word' id='word_1_677' title='bbox 2568 4541 2620 4585; x_wconf 86' lang='lat' dir='ltr'><strong>et</strong></span> <span class='ocrx_word' id='word_1_678' title='bbox 2653 4530 3487 4600; x_wconf 85' lang='lat' dir='ltr'><strong>didicimus,fratres,impossi-</strong></span> 
     </span>
    </p>
   </div>
   <div class='ocr_carea' id='block_1_94' title="bbox 218 4627 1798 4702">
    <p class='ocr_par' dir='ltr' id='par_1_94' title="bbox 218 4627 1798 4702">
     <span class='ocr_line' id='line_1_94' title="bbox 218 4627 1798 4702; baseline 0.003 -22"><span class='ocrx_word' id='word_1_679' title='bbox 218 4627 353 4700; x_wconf 85' lang='grc' dir='ltr'>’ρίας</span> <span class='ocrx_word' id='word_1_680' title='bbox 383 4629 738 4683; x_wconf 79' lang='grc' dir='ltr'>ἀδυνατοῦσιν</span> <span class='ocrx_word' id='word_1_681' title='bbox 769 4630 863 4698; x_wconf 84' lang='grc' dir='ltr'><strong>ἀφ’</strong></span> <span class='ocrx_word' id='word_1_682' title='bbox 898 4630 1110 4684; x_wconf 77' lang='grc' dir='ltr'>ἑαυτῶν</span> <span class='ocrx_word' id='word_1_683' title='bbox 1145 4632 1307 4700; x_wconf 87' lang='grc' dir='ltr'>μόνον</span> <span class='ocrx_word' id='word_1_684' title='bbox 1341 4631 1452 4700; x_wconf 65' lang='grc'><strong>(47)</strong></span> <span class='ocrx_word' id='word_1_685' title='bbox 1496 4631 1798 4702; x_wconf 67' lang='grc' dir='ltr'>ὲλευθερωυ</span> 
     </span>
    </p>
   </div>
   <div class='ocr_carea' id='block_1_95' title="bbox 227 4719 1801 4791">
    <p class='ocr_par' dir='ltr' id='par_1_95' title="bbox 227 4719 1801 4791">
     <span class='ocr_line' id='line_1_95' title="bbox 227 4719 1801 4791; baseline 0.002 -20"><span class='ocrx_word' id='word_1_686' title='bbox 227 4719 392 4788; x_wconf 78' lang='grc' dir='ltr'>θῆναι</span> <span class='ocrx_word' id='word_1_687' title='bbox 423 4721 520 4788; x_wconf 82' lang='grc' dir='ltr'>τῆς</span> <span class='ocrx_word' id='word_1_688' title='bbox 543 4720 802 4790; x_wconf 85' lang='grc' dir='ltr'>τοιαύτης</span> <span class='ocrx_word' id='word_1_689' title='bbox 828 4720 1164 4791; x_wconf 76' lang='grc' dir='ltr'>τυραννίδος.</span> <span class='ocrx_word' id='word_1_690' title='bbox 1209 4722 1267 4774; x_wconf 84' lang='lat'><strong>&#39;0</strong></span> <span class='ocrx_word' id='word_1_691' title='bbox 1291 4721 1346 4773; x_wconf 81' lang='grc' dir='ltr'>δὲ</span> <span class='ocrx_word' id='word_1_692' title='bbox 1377 4721 1509 4784; x_wconf 72' lang='grc' dir='ltr'>Θεὸς</span> <span class='ocrx_word' id='word_1_693' title='bbox 1532 4721 1593 4773; x_wconf 83' lang='grc' dir='ltr'><strong>ού</strong></span> <span class='ocrx_word' id='word_1_694' title='bbox 1638 4723 1801 4791; x_wconf 83' lang='grc' dir='ltr'>μόνον</span> 
     </span>
    </p>
   </div>
   <div class='ocr_carea' id='block_1_96' title="bbox 227 4812 1799 4882">
    <p class='ocr_par' dir='ltr' id='par_1_96' title="bbox 227 4812 1799 4882">
     <span class='ocr_line' id='line_1_96' title="bbox 227 4812 1799 4882; baseline 0.001 -17"><span class='ocrx_word' id='word_1_695' title='bbox 227 4812 402 4865; x_wconf 86' lang='grc' dir='ltr'>σῶσαι</span> <span class='ocrx_word' id='word_1_696' title='bbox 426 4812 676 4876; x_wconf 81' lang='grc' dir='ltr'>δύναται,</span> <span class='ocrx_word' id='word_1_697' title='bbox 711 4813 850 4866; x_wconf 78' lang='grc' dir='ltr'>ἀλλὰ</span> <span class='ocrx_word' id='word_1_698' title='bbox 881 4814 976 4866; x_wconf 70' lang='grc' dir='ltr'><strong>καλ⁵</strong></span> <span class='ocrx_word' id='word_1_699' title='bbox 1004 4815 1111 4866; x_wconf 74' lang='grc' dir='ltr'><strong>πᾶν</strong></span> <span class='ocrx_word' id='word_1_700' title='bbox 1139 4812 1328 4882; x_wconf 81' lang='grc' dir='ltr'>ἕτερον</span> <span class='ocrx_word' id='word_1_701' title='bbox 1350 4813 1596 4869; x_wconf 80' lang='grc' dir='ltr'>δύναται.</span> <span class='ocrx_word' id='word_1_702' title='bbox 1629 4814 1799 4867; x_wconf 81' lang='grc' dir='ltr'>Σώσει</span> 
     </span>
    </p>
   </div>
   <div class='ocr_carea' id='block_1_97' title="bbox 224 4901 1801 4972">
    <p class='ocr_par' dir='ltr' id='par_1_97' title="bbox 224 4901 1801 4972">
     <span class='ocr_line' id='line_1_97' title="bbox 224 4901 1801 4972; baseline 0.003 -18"><span class='ocrx_word' id='word_1_703' title='bbox 224 4903 282 4955; x_wconf 77' lang='grc' dir='ltr'>δὲ</span> <span class='ocrx_word' id='word_1_704' title='bbox 313 4902 437 4964; x_wconf 69' lang='grc' dir='ltr'>τοὺς</span> <span class='ocrx_word' id='word_1_705' title='bbox 461 4901 748 4965; x_wconf 82' lang='grc' dir='ltr'>πλουσίους</span> <span class='ocrx_word' id='word_1_706' title='bbox 769 4905 796 4956; x_wconf 91' lang='lat'><strong>6</strong></span> <span class='ocrx_word' id='word_1_707' title='bbox 821 4903 975 4966; x_wconf 85' lang='grc' dir='ltr'>Θεὸς,</span> <span class='ocrx_word' id='word_1_708' title='bbox 1003 4903 1098 4955; x_wconf 76' lang='grc' dir='ltr'><strong>ἐὰν</strong></span> <span class='ocrx_word' id='word_1_709' title='bbox 1121 4905 1222 4972; x_wconf 71' lang='grc' dir='ltr'>τὴν</span> <span class='ocrx_word' id='word_1_710' title='bbox 1248 4905 1372 4972; x_wconf 80' lang='grc' dir='ltr'>παρ’</span> <span class='ocrx_word' id='word_1_711' title='bbox 1400 4903 1608 4956; x_wconf 77' lang='grc' dir='ltr'>ἑαυτῶν</span> <span class='ocrx_word' id='word_1_712' title='bbox 1637 4922 1801 4958; x_wconf 87' lang='grc' dir='ltr'>σπου-</span> 
     </span>
    </p>
   </div>
   <div class='ocr_carea' id='block_1_98' title="bbox 223 4992 1794 5066">
    <p class='ocr_par' dir='ltr' id='par_1_98' title="bbox 223 4992 1794 5066">
     <span class='ocr_line' id='line_1_98' title="bbox 223 4992 1794 5066; baseline 0 -18"><span class='ocrx_word' id='word_1_713' title='bbox 223 4997 319 5066; x_wconf 74' lang='grc' dir='ltr'>δὴν</span> <span class='ocrx_word' id='word_1_714' title='bbox 353 4995 694 5065; x_wconf 73' lang='grc' dir='ltr'>εἰσφέροντες</span> <span class='ocrx_word' id='word_1_715' title='bbox 734 4992 1167 5046; x_wconf 72' lang='grc' dir='ltr'>ἐπικαλέσωνται</span> <span class='ocrx_word' id='word_1_716' title='bbox 1206 4996 1300 5045; x_wconf 69' lang='grc' dir='ltr'>καὶ</span> <span class='ocrx_word' id='word_1_717' title='bbox 1351 4994 1538 5046; x_wconf 88' lang='grc' dir='ltr'>τοῦτον</span> <span class='ocrx_word' id='word_1_718' title='bbox 1565 4994 1794 5048; x_wconf 77' lang='grc' dir='ltr'>ἐπίκου-</span> 
     </span>
    </p>
   </div>
   <div class='ocr_carea' id='block_1_99' title="bbox 227 5081 1798 5154">
    <p class='ocr_par' dir='ltr' id='par_1_99' title="bbox 227 5081 1798 5154">
     <span class='ocr_line' id='line_1_99' title="bbox 227 5081 1798 5154; baseline 0.001 -19"><span class='ocrx_word' id='word_1_719' title='bbox 227 5102 319 5153; x_wconf 89' lang='grc' dir='ltr'><strong>ρον</strong></span> <span class='ocrx_word' id='word_1_720' title='bbox 351 5086 445 5136; x_wconf 80' lang='grc' dir='ltr'>καὶ</span> <span class='ocrx_word' id='word_1_721' title='bbox 481 5083 830 5154; x_wconf 82' lang='grc' dir='ltr'>συλλήπτορα</span> <span class='ocrx_word' id='word_1_722' title='bbox 871 5083 971 5153; x_wconf 81' lang='grc' dir='ltr'>τῆς</span> <span class='ocrx_word' id='word_1_723' title='bbox 1001 5081 1342 5152; x_wconf 83' lang='grc' dir='ltr'>ἐλευθερίας,</span> <span class='ocrx_word' id='word_1_724' title='bbox 1393 5083 1678 5147; x_wconf 83' lang='grc' dir='ltr'>κενοῦντες</span> <span class='ocrx_word' id='word_1_725' title='bbox 1706 5085 1798 5137; x_wconf 78' lang='grc' dir='ltr'>τὸν</span> 
     </span>
    </p>
   </div>
   <div class='ocr_carea' id='block_1_100' title="bbox 224 5161 1798 5244">
    <p class='ocr_par' dir='ltr' id='par_1_100' title="bbox 224 5161 1798 5244">
     <span class='ocr_line' id='line_1_100' title="bbox 224 5161 1798 5244; baseline 0.003 -23"><span class='ocrx_word' id='word_1_726' title='bbox 224 5161 457 5223; x_wconf 82' lang='grc' dir='ltr'>πλοῦτον</span> <span class='ocrx_word' id='word_1_727' title='bbox 490 5172 569 5234; x_wconf 86' lang='grc' dir='ltr'><strong>εἰς</strong></span> <span class='ocrx_word' id='word_1_728' title='bbox 597 5171 722 5232; x_wconf 82' lang='grc' dir='ltr'>τοὺς</span> <span class='ocrx_word' id='word_1_729' title='bbox 772 5174 1015 5239; x_wconf 80' lang='grc' dir='ltr'>πένητας</span> <span class='ocrx_word' id='word_1_730' title='bbox 1056 5172 1153 5224; x_wconf 77' lang='grc' dir='ltr'>καὶ</span> <span class='ocrx_word' id='word_1_731' title='bbox 1205 5171 1551 5236; x_wconf 77' lang='grc' dir='ltr'>σϐεννύοντες</span> <span class='ocrx_word' id='word_1_732' title='bbox 1582 5174 1642 5225; x_wconf 81' lang='grc' dir='ltr'>τὸ</span> <span class='ocrx_word' id='word_1_733' title='bbox 1687 5175 1798 5244; x_wconf 89' lang='grc' dir='ltr'><strong>πῦρ</strong></span> 
     </span>
    </p>
   </div>
   <div class='ocr_carea' id='block_1_101' title="bbox 227 5262 1799 5336">
    <p class='ocr_par' dir='ltr' id='par_1_101' title="bbox 227 5262 1799 5336">
     <span class='ocr_line' id='line_1_101' title="bbox 227 5262 1799 5336; baseline 0.002 -21"><span class='ocrx_word' id='word_1_734' title='bbox 227 5265 329 5330; x_wconf 77' lang='grc' dir='ltr'>τῆς</span> <span class='ocrx_word' id='word_1_735' title='bbox 379 5263 484 5316; x_wconf 89' lang='grc' dir='ltr'><strong>τῶν</strong></span> <span class='ocrx_word' id='word_1_736' title='bbox 535 5264 836 5333; x_wconf 84' lang='grc' dir='ltr'>χρημάτων</span> <span class='ocrx_word' id='word_1_737' title='bbox 892 5264 1208 5331; x_wconf 75' lang='grc' dir='ltr'>ἐπιθυμίας.</span> <span class='ocrx_word' id='word_1_738' title='bbox 1256 5262 1384 5318; x_wconf 79' lang='grc' dir='ltr'>Ἰδοὺ</span> <span class='ocrx_word' id='word_1_739' title='bbox 1439 5265 1799 5336; x_wconf 77' lang='grc' dir='ltr'>ἐδιδάχθημεν</span> 
     </span>
    </p>
   </div>
   <div class='ocr_carea' id='block_1_102' title="bbox 231 5352 1797 5423">
    <p class='ocr_par' dir='ltr' id='par_1_102' title="bbox 231 5352 1797 5423">
     <span class='ocr_line' id='line_1_102' title="bbox 231 5352 1797 5423; baseline -0.001 -16"><span class='ocrx_word' id='word_1_740' title='bbox 231 5356 322 5408; x_wconf 73' lang='grc' dir='ltr'>καὶ</span> <span class='ocrx_word' id='word_1_741' title='bbox 355 5352 656 5422; x_wconf 79' lang='grc' dir='ltr'>ἐμάθομεν,</span> <span class='ocrx_word' id='word_1_742' title='bbox 709 5353 928 5420; x_wconf 77' lang='grc' dir='ltr'>ἀδελφοί</span> <span class='ocrx_word' id='word_1_743' title='bbox 961 5370 1089 5422; x_wconf 87' lang='grc' dir='ltr'>μου,</span> <span class='ocrx_word' id='word_1_744' title='bbox 1131 5355 1212 5405; x_wconf 79' lang='grc' dir='ltr'>ὅτι</span> <span class='ocrx_word' id='word_1_745' title='bbox 1260 5352 1524 5407; x_wconf 85' lang='grc' dir='ltr'>ἀδύνατον</span> <span class='ocrx_word' id='word_1_746' title='bbox 1559 5353 1797 5423; x_wconf 73' lang='grc' dir='ltr'>σωθῆναι</span> 
     </span>
    </p>
   </div>
   <div class='ocr_carea' id='block_1_103' title="bbox 229 5445 1799 5518">
    <p class='ocr_par' dir='ltr' id='par_1_103' title="bbox 229 5445 1799 5518">
     <span class='ocr_line' id='line_1_103' title="bbox 229 5445 1799 5518; baseline 0 -18"><span class='ocrx_word' id='word_1_747' title='bbox 229 5447 582 5518; x_wconf 78' lang='grc' dir='ltr'>φιλάργυρον,</span> <span class='ocrx_word' id='word_1_748' title='bbox 614 5447 710 5500; x_wconf 72' lang='grc' dir='ltr'><strong>ἐὰν</strong></span> <span class='ocrx_word' id='word_1_749' title='bbox 744 5446 820 5515; x_wconf 84' lang='grc' dir='ltr'>μὴ</span> <span class='ocrx_word' id='word_1_750' title='bbox 842 5445 942 5515; x_wconf 81' lang='grc' dir='ltr'>τὴν</span> <span class='ocrx_word' id='word_1_751' title='bbox 969 5445 1098 5514; x_wconf 84' lang='grc' dir='ltr'>παρ’</span> <span class='ocrx_word' id='word_1_752' title='bbox 1125 5446 1323 5499; x_wconf 79' lang='grc' dir='ltr'>ἑαυτοῦ</span> <span class='ocrx_word' id='word_1_753' title='bbox 1353 5447 1588 5516; x_wconf 73' lang='grc' dir='ltr'>σπουδὴν</span> <span class='ocrx_word' id='word_1_754' title='bbox 1619 5447 1799 5514; x_wconf 70' lang='grc' dir='ltr'>εἰσφέ-</span> 
     </span>
    </p>
   </div>
   <div class='ocr_carea' id='block_1_104' title="bbox 307 5580 1798 5655">
    <p class='ocr_par' dir='ltr' id='par_1_104' title="bbox 307 5580 1798 5655">
     <span class='ocr_line' id='line_1_104' title="bbox 307 5580 1798 5655; baseline 0.001 -19"><span class='ocrx_word' id='word_1_755' title='bbox 307 5580 412 5655; x_wconf 75' lang='grc' dir='ltr'><strong>(Η)</strong></span> <span class='ocrx_word' id='word_1_756' title='bbox 465 5581 750 5650; x_wconf 72' lang='grc' dir='ltr'>Κὰμηλον</span> <span class='ocrx_word' id='word_1_757' title='bbox 799 5581 1070 5650; x_wconf 72' lang='grc' dir='ltr'>λέγουσι.</span> <span class='ocrx_word' id='word_1_758' title='bbox 1103 5580 1302 5655; x_wconf 78' lang='lat' dir='ltr'><strong>Catena</strong></span> <span class='ocrx_word' id='word_1_759' title='bbox 1361 5581 1584 5655; x_wconf 87' lang='lat' dir='ltr'><strong>inedita,</strong></span> <span class='ocrx_word' id='word_1_760' title='bbox 1643 5581 1798 5655; x_wconf 78' lang='lat' dir='ltr'><strong>cujus</strong></span> 
     </span>
    </p>
   </div>
   <div class='ocr_carea' id='block_1_105' title="bbox 230 5653 1792 5720">
    <p class='ocr_par' dir='ltr' id='par_1_105' title="bbox 230 5653 1792 5720">
     <span class='ocr_line' id='line_1_105' title="bbox 230 5653 1792 5720; baseline -0.004 -10"><span class='ocrx_word' id='word_1_761' title='bbox 230 5653 322 5710; x_wconf 71' lang='lat' dir='ltr'><strong>est</strong></span> <span class='ocrx_word' id='word_1_762' title='bbox 360 5656 730 5720; x_wconf 75' lang='lat' dir='ltr'><strong>apographum</strong></span> <span class='ocrx_word' id='word_1_763' title='bbox 766 5656 908 5718; x_wconf 88' lang='lat' dir='ltr'><strong>apud</strong></span> <span class='ocrx_word' id='word_1_764' title='bbox 939 5668 1043 5716; x_wconf 86' lang='lat' dir='ltr'><strong>tne,</strong></span> <span class='ocrx_word' id='word_1_765' title='bbox 1073 5655 1137 5704; x_wconf 90' lang='lat' dir='ltr'><strong>ad</strong></span> <span class='ocrx_word' id='word_1_766' title='bbox 1188 5653 1333 5706; x_wconf 88' lang='lat' dir='ltr'><strong>hunc</strong></span> <span class='ocrx_word' id='word_1_767' title='bbox 1369 5654 1546 5705; x_wconf 83' lang='lat' dir='ltr'><strong>laeum</strong></span> <span class='ocrx_word' id='word_1_768' title='bbox 1584 5657 1660 5706; x_wconf 79' lang='lat' dir='ltr'><strong>sic</strong></span> <span class='ocrx_word' id='word_1_769' title='bbox 1691 5653 1792 5705; x_wconf 86' lang='lat' dir='ltr'><strong>ba-</strong></span> 
     </span>
    </p>
   </div>
   <div class='ocr_carea' id='block_1_106' title="bbox 232 5719 1793 5792">
    <p class='ocr_par' dir='ltr' id='par_1_106' title="bbox 232 5719 1793 5792">
     <span class='ocr_line' id='line_1_106' title="bbox 232 5719 1793 5792; baseline -0.002 -14"><span class='ocrx_word' id='word_1_770' title='bbox 232 5728 318 5778; x_wconf 83' lang='lat' dir='ltr'><strong>bct</strong></span> <span class='ocrx_word' id='word_1_771' title='bbox 350 5741 365 5778; x_wconf 87' lang='lat'><strong>:</strong></span> <span class='ocrx_word' id='word_1_772' title='bbox 398 5719 681 5792; x_wconf 22' lang='grc' dir='ltr'>ίκαμὶηλον</span> <span class='ocrx_word' id='word_1_773' title='bbox 730 5722 785 5774; x_wconf 78' lang='grc' dir='ltr'>δὲ</span> <span class='ocrx_word' id='word_1_774' title='bbox 816 5719 939 5786; x_wconf 71' lang='grc' dir='ltr'>ὦδε,</span> <span class='ocrx_word' id='word_1_775' title='bbox 971 5723 1030 5773; x_wconf 78' lang='grc' dir='ltr'>οὐ</span> <span class='ocrx_word' id='word_1_776' title='bbox 1066 5723 1124 5774; x_wconf 84' lang='grc' dir='ltr'>τὸ</span> <span class='ocrx_word' id='word_1_777' title='bbox 1159 5723 1314 5785; x_wconf 78' lang='grc' dir='ltr'>ζῶον,</span> <span class='ocrx_word' id='word_1_778' title='bbox 1366 5722 1503 5774; x_wconf 78' lang='grc' dir='ltr'>ἀλλὰ</span> <span class='ocrx_word' id='word_1_779' title='bbox 1537 5725 1598 5774; x_wconf 86' lang='grc' dir='ltr'>τὸ</span> <span class='ocrx_word' id='word_1_780' title='bbox 1650 5724 1793 5792; x_wconf 73' lang='grc' dir='ltr'>παχὺ</span> 
     </span>
    </p>
   </div>
   <div class='ocr_carea' id='block_1_107' title="bbox 235 5788 1605 5865">
    <p class='ocr_par' dir='ltr' id='par_1_107' title="bbox 235 5788 1605 5865">
     <span class='ocr_line' id='line_1_107' title="bbox 235 5788 1605 5865; baseline 0 -19"><span class='ocrx_word' id='word_1_781' title='bbox 235 5794 487 5864; x_wconf 78' lang='grc' dir='ltr'>σχοινίον,</span> <span class='ocrx_word' id='word_1_782' title='bbox 605 5791 862 5862; x_wconf 70' lang='grc' dir='ltr'>δεσμοῦσι</span> <span class='ocrx_word' id='word_1_783' title='bbox 892 5797 987 5855; x_wconf 73' lang='grc' dir='ltr'>τὰς</span> <span class='ocrx_word' id='word_1_784' title='bbox 1019 5793 1268 5862; x_wconf 76' lang='grc' dir='ltr'>ἀγκύρας</span> <span class='ocrx_word' id='word_1_785' title='bbox 1300 5793 1350 5844; x_wconf 74' lang='lat' dir='ltr'><strong>oi</strong></span> <span class='ocrx_word' id='word_1_786' title='bbox 1392 5793 1605 5846; x_wconf 76' lang='grc' dir='ltr'>ναῦται.</span> 
     </span>
    </p>
   </div>
   <div class='ocr_carea' id='block_1_108' title="bbox 1903 4622 3482 4690">
    <p class='ocr_par' dir='ltr' id='par_1_108' title="bbox 1903 4622 3482 4690">
     <span class='ocr_line' id='line_1_108' title="bbox 1903 4622 3482 4690; baseline -0.001 -13"><span class='ocrx_word' id='word_1_787' title='bbox 1903 4624 2012 4678; x_wconf 87' lang='lat' dir='ltr'><strong>bile</strong></span> <span class='ocrx_word' id='word_1_788' title='bbox 2043 4638 2163 4678; x_wconf 86' lang='lat' dir='ltr'><strong>esse</strong></span> <span class='ocrx_word' id='word_1_789' title='bbox 2210 4622 2408 4675; x_wconf 79' lang='lat' dir='ltr'><strong>salvari</strong></span> <span class='ocrx_word' id='word_1_790' title='bbox 2441 4622 2684 4689; x_wconf 77' lang='lat' dir='ltr'><strong>pecunia:</strong></span> <span class='ocrx_word' id='word_1_791' title='bbox 2732 4623 3038 4675; x_wconf 88' lang='lat' dir='ltr'><strong>studiosum</strong></span> <span class='ocrx_word' id='word_1_792' title='bbox 3077 4623 3180 4675; x_wconf 92' lang='lat' dir='ltr'><strong>nisi</strong></span> <span class='ocrx_word' id='word_1_793' title='bbox 3208 4623 3482 4690; x_wconf 83' lang='lat' dir='ltr'><strong>propriam</strong></span> 
     </span>
    </p>
   </div>
   <div class='ocr_carea' id='block_1_109' title="bbox 1905 4710 3481 4781">
    <p class='ocr_par' dir='ltr' id='par_1_109' title="bbox 1905 4710 3481 4781">
     <span class='ocr_line' id='line_1_109' title="bbox 1905 4710 3481 4781; baseline -0.002 -13"><span class='ocrx_word' id='word_1_794' title='bbox 1905 4729 2092 4770; x_wconf 90' lang='lat' dir='ltr'><strong>curam</strong></span> <span class='ocrx_word' id='word_1_795' title='bbox 2160 4712 2446 4775; x_wconf 87' lang='lat' dir='ltr'><strong>adhibens,</strong></span> <span class='ocrx_word' id='word_1_796' title='bbox 2510 4710 2680 4765; x_wconf 87' lang='lat' dir='ltr'><strong>Deum</strong></span> <span class='ocrx_word' id='word_1_797' title='bbox 2735 4713 3034 4781; x_wconf 85' lang='lat' dir='ltr'><strong>adjutorem</strong></span> <span class='ocrx_word' id='word_1_798' title='bbox 3089 4714 3358 4775; x_wconf 90' lang='lat' dir='ltr'><strong>habuerit,</strong></span> <span class='ocrx_word' id='word_1_799' title='bbox 3391 4715 3481 4781; x_wconf 91' lang='lat' dir='ltr'><strong>qui</strong></span> 
     </span>
    </p>
   </div>
   <div class='ocr_carea' id='block_1_110' title="bbox 1901 4803 3484 4876">
    <p class='ocr_par' dir='ltr' id='par_1_110' title="bbox 1901 4803 3484 4876">
     <span class='ocr_line' id='line_1_110' title="bbox 1901 4803 3484 4876; baseline -0.004 -16"><span class='ocrx_word' id='word_1_800' title='bbox 1901 4807 2073 4876; x_wconf 76' lang='lat' dir='ltr'><strong>ipsum</strong></span> <span class='ocrx_word' id='word_1_801' title='bbox 2142 4806 2210 4858; x_wconf 91' lang='lat' dir='ltr'><strong>ab</strong></span> <span class='ocrx_word' id='word_1_802' title='bbox 2270 4805 2570 4858; x_wconf 88' lang='lat' dir='ltr'><strong>istiusmodi</strong></span> <span class='ocrx_word' id='word_1_803' title='bbox 2615 4805 2908 4871; x_wconf 80' lang='lat' dir='ltr'><strong>cupiditate</strong></span> <span class='ocrx_word' id='word_1_804' title='bbox 2999 4803 3211 4856; x_wconf 88' lang='lat' dir='ltr'><strong>liberet.</strong></span> <span class='ocrx_word' id='word_1_805' title='bbox 3287 4805 3484 4856; x_wconf 75' lang='lat' dir='ltr'><strong>Dicunt</strong></span> 
     </span>
    </p>
   </div>
   <div class='ocr_carea' id='block_1_111' title="bbox 1901 4893 3483 4965">
    <p class='ocr_par' dir='ltr' id='par_1_111' title="bbox 1901 4893 3483 4965">
     <span class='ocr_line' id='line_1_111' title="bbox 1901 4893 3483 4965; baseline -0.003 -15"><span class='ocrx_word' id='word_1_806' title='bbox 1901 4907 2080 4950; x_wconf 89' lang='lat' dir='ltr'><strong>autem</strong></span> <span class='ocrx_word' id='word_1_807' title='bbox 2111 4913 2122 4949; x_wconf 91' lang='lat'><strong>:</strong></span> <span class='ocrx_word' id='word_1_808' title='bbox 2158 4894 2214 4950; x_wconf 91' lang='lat' dir='ltr'><strong>Si</strong></span> <span class='ocrx_word' id='word_1_809' title='bbox 2263 4897 2446 4950; x_wconf 89' lang='lat' dir='ltr'><strong>omnia</strong></span> <span class='ocrx_word' id='word_1_810' title='bbox 2488 4895 2767 4965; x_wconf 84' lang='lat' dir='ltr'><strong>possibilia</strong></span> <span class='ocrx_word' id='word_1_811' title='bbox 2804 4893 3081 4955; x_wconf 89' lang='lat' dir='ltr'><strong>suntDeo,</strong></span> <span class='ocrx_word' id='word_1_812' title='bbox 3124 4895 3194 4947; x_wconf 91' lang='lat' dir='ltr'><strong>illi</strong></span> <span class='ocrx_word' id='word_1_813' title='bbox 3227 4895 3483 4962; x_wconf 87' lang='lat' dir='ltr'><strong>possibile</strong></span> 
     </span>
    </p>
   </div>
   <div class='ocr_carea' id='block_1_112' title="bbox 1899 4986 3477 5054">
    <p class='ocr_par' dir='ltr' id='par_1_112' title="bbox 1899 4986 3477 5054">
     <span class='ocr_line' id='line_1_112' title="bbox 1899 4986 3477 5054; baseline -0.004 -10"><span class='ocrx_word' id='word_1_814' title='bbox 1899 5005 2019 5044; x_wconf 88' lang='lat' dir='ltr'><strong>esse</strong></span> <span class='ocrx_word' id='word_1_815' title='bbox 2049 4998 2102 5043; x_wconf 87' lang='lat' dir='ltr'><strong>et</strong></span> <span class='ocrx_word' id='word_1_816' title='bbox 2145 4993 2373 5043; x_wconf 90' lang='lat' dir='ltr'><strong>malum.</strong></span> <span class='ocrx_word' id='word_1_817' title='bbox 2427 4990 2506 5041; x_wconf 78' lang='lat' dir='ltr'><strong>Ad</strong></span> <span class='ocrx_word' id='word_1_818' title='bbox 2557 4988 2675 5042; x_wconf 87' lang='lat' dir='ltr'><strong>illos</strong></span> <span class='ocrx_word' id='word_1_819' title='bbox 2701 4997 2880 5040; x_wconf 87' lang='lat' dir='ltr'><strong>autem</strong></span> <span class='ocrx_word' id='word_1_820' title='bbox 2913 4986 3243 5054; x_wconf 83' lang='lat' dir='ltr'><strong>respondent</strong></span> <span class='ocrx_word' id='word_1_821' title='bbox 3278 4987 3477 5039; x_wconf 88' lang='lat' dir='ltr'><strong>malum</strong></span> 
     </span>
    </p>
   </div>
   <div class='ocr_carea' id='block_1_113' title="bbox 1899 5077 3478 5150">
    <p class='ocr_par' dir='ltr' id='par_1_113' title="bbox 1899 5077 3478 5150">
     <span class='ocr_line' id='line_1_113' title="bbox 1899 5077 3478 5150; baseline -0.002 -15"><span class='ocrx_word' id='word_1_822' title='bbox 1899 5095 2020 5136; x_wconf 90' lang='lat' dir='ltr'><strong>esse</strong></span> <span class='ocrx_word' id='word_1_823' title='bbox 2067 5096 2174 5134; x_wconf 91' lang='lat' dir='ltr'><strong>non</strong></span> <span class='ocrx_word' id='word_1_824' title='bbox 2242 5081 2546 5150; x_wconf 87' lang='lat' dir='ltr'><strong>potestatis,</strong></span> <span class='ocrx_word' id='word_1_825' title='bbox 2610 5079 2703 5132; x_wconf 87' lang='lat' dir='ltr'><strong>sed</strong></span> <span class='ocrx_word' id='word_1_826' title='bbox 2765 5080 3118 5132; x_wconf 87' lang='lat' dir='ltr'><strong>inﬁrmitatis.</strong></span> <span class='ocrx_word' id='word_1_827' title='bbox 3151 5077 3275 5131; x_wconf 83' lang='lat' dir='ltr'><strong>Ideo</strong></span> <span class='ocrx_word' id='word_1_828' title='bbox 3309 5077 3478 5132; x_wconf 87' lang='lat' dir='ltr'><strong>David</strong></span> 
     </span>
    </p>
   </div>
   <div class='ocr_carea' id='block_1_114' title="bbox 1900 5168 3480 5242">
    <p class='ocr_par' dir='ltr' id='par_1_114' title="bbox 1900 5168 3480 5242">
     <span class='ocr_line' id='line_1_114' title="bbox 1900 5168 3480 5242; baseline -0.004 -16"><span class='ocrx_word' id='word_1_829' title='bbox 1900 5183 2119 5242; x_wconf 90' lang='lat' dir='ltr'><strong>peccata</strong></span> <span class='ocrx_word' id='word_1_830' title='bbox 2167 5172 2463 5225; x_wconf 60' lang='lat' dir='ltr'><strong>nominavit</strong></span> <span class='ocrx_word' id='word_1_831' title='bbox 2520 5169 2862 5223; x_wconf 86' lang='lat' dir='ltr'><strong>inﬁrmitates</strong></span> <span class='ocrx_word' id='word_1_832' title='bbox 2921 5169 3111 5222; x_wconf 87' lang='lat' dir='ltr'><strong>dicens</strong></span> <span class='ocrx_word' id='word_1_833' title='bbox 3172 5183 3186 5220; x_wconf 89' lang='lat'><strong>:</strong></span> <span class='ocrx_word' id='word_1_834' title='bbox 3243 5185 3261 5216; x_wconf 80' lang='grc' dir='ltr'><strong>ι</strong></span> <span class='ocrx_word' id='word_1_835' title='bbox 3315 5168 3480 5221; x_wconf 86' lang='lat' dir='ltr'><strong>Com-</strong></span> 
     </span>
    </p>
   </div>
   <div class='ocr_carea' id='block_1_115' title="bbox 1902 5256 3475 5333">
    <p class='ocr_par' dir='ltr' id='par_1_115' title="bbox 1902 5256 3475 5333">
     <span class='ocr_line' id='line_1_115' title="bbox 1902 5256 3475 5333; baseline -0.003 -18"><span class='ocrx_word' id='word_1_836' title='bbox 1902 5268 2055 5333; x_wconf 69' lang='lat' dir='ltr'><strong>pletre</strong></span> <span class='ocrx_word' id='word_1_837' title='bbox 2078 5271 2203 5316; x_wconf 89' lang='lat' dir='ltr'><strong>sunt</strong></span> <span class='ocrx_word' id='word_1_838' title='bbox 2236 5261 2577 5313; x_wconf 83' lang='lat' dir='ltr'><strong>inﬁrmitates</strong></span> <span class='ocrx_word' id='word_1_839' title='bbox 2609 5275 2822 5312; x_wconf 82' lang='lat' dir='ltr'><strong>eorum.</strong></span> <span class='ocrx_word' id='word_1_840' title='bbox 2868 5277 2886 5309; x_wconf 79' lang='grc' dir='ltr'><strong>ι</strong></span> <span class='ocrx_word' id='word_1_841' title='bbox 2917 5256 2982 5312; x_wconf 86' lang='grc' dir='ltr'><strong>Ει</strong></span> <span class='ocrx_word' id='word_1_842' title='bbox 3015 5258 3232 5311; x_wconf 79' lang='lat' dir='ltr'><strong>divinus</strong></span> <span class='ocrx_word' id='word_1_843' title='bbox 3273 5257 3475 5311; x_wconf 84' lang='lat' dir='ltr'><strong>Paulus</strong></span> 
     </span>
    </p>
   </div>
   <div class='ocr_carea' id='block_1_116' title="bbox 1899 5347 3481 5416">
    <p class='ocr_par' dir='ltr' id='par_1_116' title="bbox 1899 5347 3481 5416">
     <span class='ocr_line' id='line_1_116' title="bbox 1899 5347 3481 5416; baseline -0.005 -6"><span class='ocrx_word' id='word_1_844' title='bbox 1899 5355 2028 5410; x_wconf 88' lang='lat' dir='ltr'><strong>dicit</strong></span> <span class='ocrx_word' id='word_1_845' title='bbox 2091 5372 2104 5408; x_wconf 89' lang='lat'><strong>:</strong></span> <span class='ocrx_word' id='word_1_846' title='bbox 2147 5373 2163 5404; x_wconf 86' lang='grc' dir='ltr'><strong>ι</strong></span> <span class='ocrx_word' id='word_1_847' title='bbox 2203 5352 2338 5404; x_wconf 91' lang='lat' dir='ltr'><strong>Cum</strong></span> <span class='ocrx_word' id='word_1_848' title='bbox 2401 5367 2499 5405; x_wconf 91' lang='lat' dir='ltr'><strong>nos</strong></span> <span class='ocrx_word' id='word_1_849' title='bbox 2547 5351 2745 5404; x_wconf 90' lang='lat' dir='ltr'><strong>inﬁrmi</strong></span> <span class='ocrx_word' id='word_1_850' title='bbox 2809 5364 3076 5412; x_wconf 90' lang='lat' dir='ltr'><strong>essemus,</strong></span> <span class='ocrx_word' id='word_1_851' title='bbox 3121 5347 3174 5400; x_wconf 86' lang='lat' dir='ltr'><strong>id</strong></span> <span class='ocrx_word' id='word_1_852' title='bbox 3223 5360 3305 5402; x_wconf 89' lang='lat' dir='ltr'><strong>est</strong></span> <span class='ocrx_word' id='word_1_853' title='bbox 3356 5363 3481 5416; x_wconf 55' lang='lat' dir='ltr'><strong>pec.</strong></span> 
     </span>
    </p>
   </div>
   <div class='ocr_carea' id='block_1_117' title="bbox 1900 5437 3476 5509">
    <p class='ocr_par' dir='ltr' id='par_1_117' title="bbox 1900 5437 3476 5509">
     <span class='ocr_line' id='line_1_117' title="bbox 1900 5437 3476 5509; baseline -0.006 -10"><span class='ocrx_word' id='word_1_854' title='bbox 1900 5452 2109 5499; x_wconf 87' lang='lat' dir='ltr'><strong>catorcs</strong></span> <span class='ocrx_word' id='word_1_855' title='bbox 2132 5440 2385 5496; x_wconf 85' lang='lat' dir='ltr'><strong>Christus</strong></span> <span class='ocrx_word' id='word_1_856' title='bbox 2407 5455 2504 5509; x_wconf 90' lang='lat' dir='ltr'><strong>pro</strong></span> <span class='ocrx_word' id='word_1_857' title='bbox 2523 5440 2705 5509; x_wconf 88' lang='lat' dir='ltr'><strong>impiis</strong></span> <span class='ocrx_word' id='word_1_858' title='bbox 2729 5447 2980 5493; x_wconf 87' lang='lat' dir='ltr'><strong>mortuus</strong></span> <span class='ocrx_word' id='word_1_859' title='bbox 3005 5447 3139 5492; x_wconf 67' lang='lat' dir='ltr'><strong>est.»</strong></span> <span class='ocrx_word' id='word_1_860' title='bbox 3167 5437 3232 5492; x_wconf 89' lang='lat' dir='ltr'><strong>Et</strong></span> <span class='ocrx_word' id='word_1_861' title='bbox 3259 5438 3476 5490; x_wconf 84' lang='lat' dir='ltr'><strong>aliunde</strong></span> 
     </span>
    </p>
   </div>
   <div class='ocr_carea' id='block_1_118' title="bbox 1972 5576 3303 5648">
    <p class='ocr_par' dir='ltr' id='par_1_118' title="bbox 1972 5576 3303 5648">
     <span class='ocr_line' id='line_1_118' title="bbox 1972 5576 3303 5648; baseline -0.003 -16"><span class='ocrx_word' id='word_1_862' title='bbox 1972 5579 2085 5648; x_wconf 71' lang='lat' dir='ltr'><strong>(l5)</strong></span> <span class='ocrx_word' id='word_1_863' title='bbox 2111 5577 2310 5631; x_wconf 73' lang='grc' dir='ltr'>Πάντα</span> <span class='ocrx_word' id='word_1_864' title='bbox 2349 5578 2526 5644; x_wconf 71' lang='grc' dir='ltr'>ὄγκον</span> <span class='ocrx_word' id='word_1_865' title='bbox 2550 5578 2896 5648; x_wconf 70' lang='grc' dir='ltr'>ἀποθέσθαι.</span> <span class='ocrx_word' id='word_1_866' title='bbox 2930 5577 3088 5630; x_wconf 78' lang='lat' dir='ltr'><strong>Ilebr.</strong></span> <span class='ocrx_word' id='word_1_867' title='bbox 3121 5593 3216 5648; x_wconf 74' lang='lat' dir='ltr'><strong>xit,</strong></span> <span class='ocrx_word' id='word_1_868' title='bbox 3252 5576 3303 5630; x_wconf 81' lang='grc'><strong>1.</strong></span> 
     </span>
    </p>
   </div>
   <div class='ocr_carea' id='block_1_119' title="bbox 1970 5646 3472 5719">
    <p class='ocr_par' dir='ltr' id='par_1_119' title="bbox 1970 5646 3472 5719">
     <span class='ocr_line' id='line_1_119' title="bbox 1970 5646 3472 5719; baseline -0.001 -17"><span class='ocrx_word' id='word_1_869' title='bbox 1970 5646 2080 5719; x_wconf 61' lang='lat'><strong>(&#39;46)</strong></span> <span class='ocrx_word' id='word_1_870' title='bbox 2128 5648 2448 5719; x_wconf 57' lang='grc' dir='ltr'><strong>’.4δὺιάτῷιρ</strong></span> <span class='ocrx_word' id='word_1_871' title='bbox 2473 5648 2622 5719; x_wconf 76' lang='grc' dir='ltr'>ἐστι,</span> <span class='ocrx_word' id='word_1_872' title='bbox 2645 5647 2946 5715; x_wconf 64' lang='grc' dir='ltr'>δεδεμένοι</span> <span class='ocrx_word' id='word_1_873' title='bbox 2977 5646 3260 5716; x_wconf 73' lang='grc' dir='ltr'>ἰσχυρῶς.</span> <span class='ocrx_word' id='word_1_874' title='bbox 3295 5646 3472 5700; x_wconf 74' lang='lat' dir='ltr'><strong>Malim</strong></span> 
     </span>
    </p>
   </div>
   <div class='ocr_carea' id='block_1_120' title="bbox 1899 5717 3078 5785">
    <p class='ocr_par' dir='ltr' id='par_1_120' title="bbox 1899 5717 3078 5785">
     <span class='ocr_line' id='line_1_120' title="bbox 1899 5717 3078 5785; baseline -0.005 -10"><span class='ocrx_word' id='word_1_875' title='bbox 1899 5717 2161 5775; x_wconf 81' lang='grc' dir='ltr'>ἀδύνατόν</span> <span class='ocrx_word' id='word_1_876' title='bbox 2201 5721 2337 5781; x_wconf 78' lang='grc' dir='ltr'>ἐστι,</span> <span class='ocrx_word' id='word_1_877' title='bbox 2374 5717 2649 5785; x_wconf 81' lang='grc' dir='ltr'>δεδεμένοι</span> <span class='ocrx_word' id='word_1_878' title='bbox 2682 5721 2788 5785; x_wconf 77' lang='grc' dir='ltr'>γὰρ</span> <span class='ocrx_word' id='word_1_879' title='bbox 2823 5718 3078 5784; x_wconf 79' lang='grc' dir='ltr'>ἰσχυρῶς.</span> 
     </span>
    </p>
   </div>
   <div class='ocr_carea' id='block_1_121' title="bbox 1971 5784 3188 5860">
    <p class='ocr_par' dir='ltr' id='par_1_121' title="bbox 1971 5784 3188 5860">
     <span class='ocr_line' id='line_1_121' title="bbox 1971 5784 3188 5860; baseline -0.002 -17"><span class='ocrx_word' id='word_1_880' title='bbox 1971 5791 2080 5860; x_wconf 60' lang='lat'><strong>(47)</strong></span> <span class='ocrx_word' id='word_1_881' title='bbox 2125 5785 2244 5856; x_wconf 55' lang='grc' dir='ltr'><strong>Ἀφ’</strong></span> <span class='ocrx_word' id='word_1_882' title='bbox 2267 5784 2496 5854; x_wconf 73' lang='grc' dir='ltr'>ὲαιντῷν</span> <span class='ocrx_word' id='word_1_883' title='bbox 2524 5787 2735 5855; x_wconf 75' lang='grc' dir='ltr'>μόνον.</span> <span class='ocrx_word' id='word_1_884' title='bbox 2761 5784 2950 5840; x_wconf 78' lang='lat' dir='ltr'><strong>Malim</strong></span> <span class='ocrx_word' id='word_1_885' title='bbox 2986 5792 3188 5857; x_wconf 78' lang='grc' dir='ltr'>μόνων.</span> 
     </span>
    </p>
   </div>
  </div>
