4182 6454
717 377 841 443 1231

1696 372 1748 431 J.
1792 370 2177 429 Xli’HILlNl
2219 369 2329 428 (ΣΡ.
2371 368 2881 432 PATRHRCILE

3837 380 3963 442 [232

710 486 1118 544 contrariorum
1168 494 1383 549 natura,
1420 482 1564 536 malo
1619 491 1810 547 nempe
1841 494 1965 531 cum
2006 479 2148 531 bono
2180 477 2283 528 im-

2388 480 2705 551 παραδείσῳ
2734 482 2929 547 φαγεῖν
2978 482 3354 551 ἐπιτρέπουσα
3390 483 3481 537 τὸν
3536 485 3730 553 Ἀδὰμ,
3769 493 3962 553 ἀπεῖρ-

714 584 901 647 misto,
964 589 1191 635 mortem
1234 576 1625 633 comminatum
1672 574 1720 625 ei
1753 572 1844 639 qui
1887 571 2055 637 legem
2102 577 2281 620 trans-

710 674 1048 742 grederetur.
1085 671 1219 724 Cum
1264 676 1445 720 autem
1479 665 1645 718 homo
1678 661 1980 715 voluntarie
2015 658 2181 711 vitam
2212 672 2278 711 ex

709 764 925 819 duobus
987 761 1349 831 compositam
1428 757 1551 811 vitre
1623 768 1730 808 non
1816 751 1961 805 malo
2027 749 2279 804 immista:

711 857 1059 927 praetulisset,
1108 868 1216 907 non
1270 851 1491 920 reliquit
1543 861 1667 901 eum
1704 843 1847 899 Deus
1902 840 2279 897 inemendabi—

713 951 851 1012 lem;
885 946 979 1000 sed
1014 955 1307 1014 postquam
1351 956 1500 995 mors
1532 938 1740 993 homini
1774 935 2051 1006 peccatori
2085 947 2278 1002 super-

714 1038 884 1099 renit,
911 1037 1203 1106 dupliciter
1236 1033 1421 1087 divisit
1450 1041 1503 1087 et
1532 1030 1699 1086 vitam
1732 1031 1785 1083 in
1826 1027 2100 1083 carnalem
2138 1026 2279 1080 hanc

708 1140 760 1183 et
794 1129 847 1183 in
890 1128 1149 1191 futuram,
1186 1142 1292 1180 non
1348 1125 1465 1195 pari
1498 1123 1802 1178 durationis
1845 1134 2139 1185 mensura;
2184 1118 2278 1171 sed

708 1230 1024 1289 prmsentem
1076 1220 1295 1289 quidem
1345 1217 1667 1273 brevissimo
1718 1223 1960 1284 tempore
2003 1210 2277 1273 deﬁnivit;

710 1314 944 1369 futuram
1002 1327 1131 1366 vero
1187 1312 1240 1365 in
1294 1318 1558 1364 aeternum
1618 1306 1891 1376 produxit.
1952 1302 2278 1357 Libertatem

708 1405 871 1473 igitur
929 1404 1054 1459 fecit
1103 1403 1246 1457 Dens
1308 1418 1405 1470 per
1461 1398 1895 1453 misericordiam
1955 1396 2278 1450 alterutrum

705 1496 959 1565 eligendi.
1022 1495 1223 1548 bonum
1273 1502 1327 1545 et
1368 1492 1567 1545 malum
1618 1506 1713 1560 per
1770 1489 1991 1543 brevem
2047 1489 2185 1540 hanc
2227 1492 2281 1539 et

706 1590 966 1641 eadm-am
1008 1586 1193 1648 vitam,
1246 1594 1339 1637 aut
1372 1600 1468 1654 per
1501 1583 1768 1635 inlinitam
1825 1581 1971 1633 illam
2013 1586 2067 1632 et
2115 1585 2280 1631 :eter-

709 1695 852 1731 nam.
889 1676 1111 1731 Eodem
1160 1676 1378 1729 nomine
1406 1675 1609 1727 dicitur
1640 1674 1839 1725 bonum
1877 1680 1931 1724 et
1976 1670 2177 1723 malum
2225 1678 2281 1723 et

708 1770 851 1824 inter
885 1767 1242 1834 intelligibilia
1294 1773 1348 1818 et
1402 1761 1683 1817 sensibilia
1732 1761 2155 1830 unumquodque
2186 1774 2279 1813 eo-

707 1876 825 1913 rum
876 1858 1157 1911 dividitur.
1207 1855 1273 1909 Et
1322 1854 1415 1908 alii
1472 1852 1753 1908 sensibilia
1801 1853 1939 1905 bona
1995 1860 2051 1905 et
2088 1850 2282 1920 gaudia

708 1946 1041 2018 prmferunt,
1093 1946 1182 1998 alii
1230 1954 1412 1998 autem
1467 1942 1584 1997 sola
1641 1941 2002 2008 intelligibilia
2052 1940 2283 1994 credunt

704 2056 824 2095 esse
870 2040 1012 2091 bona
1054 2046 1107 2090 et
1161 2035 1461 2089 nominari.
1493 2032 1703 2099 Quibus
1746 2047 1911 2101 porro
1963 2044 2117 2085 mens
2170 2044 2280 2084 non

710 2131 1012 2199 intelligens
1050 2144 1225 2197 neque
1274 2125 1515 2180 melioris
1558 2125 1858 2193 indagatrix
1892 2131 1999 2187 est,
2040 2124 2076 2176 ii
2124 2137 2281 2176 vora-

705 2226 869 2277 citate
920 2238 1017 2276 sua
1069 2222 1123 2275 in
1186 2219 1391 2274 carnali
1440 2220 1545 2270 vita
1597 2217 1838 2270 debitam
1897 2226 2106 2269 natura:
2149 2213 2279 2268 boni

710 2327 915 2386 partem
967 2315 1121 2383 prius
1172 2314 1491 2374 absumunt,
1549 2310 1682 2363 nihil
1730 2308 1929 2362 lutura:
1988 2309 2108 2360 vitae
2151 2320 2282 2375 pro-

705 2419 1004 2471 curantes;
1068 2405 1162 2475 qui
1223 2420 1351 2457 vero
1415 2401 1744 2457 discernenti
1842 2400 2053 2453 ratione
2123 2411 2278 2451 suam

704 2501 963 2553 ordinant
1012 2497 1200 2558 vitam,
1256 2497 1322 2549 iis
1368 2493 1462 2563 qui
1508 2507 1704 2547 sensus
1742 2491 1945 2545 laedunt
1981 2488 2189 2556 alliicti,
2224 2491 2278 2541 in

704 2593 948 2646 futurum
985 2590 1244 2645 saeculum
1294 2588 1495 2641 bonum
1530 2585 1633 2639 sibi
1671 2592 1983 2654 procurant.
2018 2582 2095 2636 lla
2130 2591 2189 2636 ut
2226 2582 2279 2635 in

707 2698 911 2740 acterna
946 2682 1057 2736 vita
1094 2681 1289 2735 melior
1310 2678 1465 2748 quies
1509 2677 1575 2730 iis
1600 2675 1940 2745 protenditur
1978 2682 2032 2727 et
2064 2673 2167 2727 hoc
2196 2681 2281 2727 est

705 2780 874 2832 chaos
916 2774 1062 2843 quod
1108 2786 1216 2825 non
1259 2770 1317 2824 iit
1362 2778 1503 2824 terra
1535 2768 1801 2831 hiscente,
1849 2766 1942 2820 sed
1992 2763 2281 2819 sententiis

707 2883 801 2936 per
834 2866 997 2919 vitam
1037 2863 1091 2917 in
1124 2862 1372 2917 diversas
1409 2860 1707 2914 electiones
1733 2858 1948 2913 divisis.
1984 2858 2089 2923 Qui
2131 2859 2278 2911 enim

706 2959 876 3014 semel
913 2972 1007 3026 per
1058 2957 1198 3009 hanc
1233 2955 1397 3006 vitam
1443 2952 1636 3021 gaudia
1673 2951 1969 3021 praeposuit
2013 2963 2281 3016 suamque

706 3049 1040 3104 dementiam
1069 3060 1163 3113 per
1199 3040 1577 3110 paenitentiam
1614 3054 1719 3093 non
1754 3038 1993 3097 sanavit,
2033 3037 2282 3089 inacceso

2385 589 2556 639 γουσα
2592 573 2647 624 δὲ
2682 574 2773 625 καὶ
2810 573 3096 626 κωλύουσα
3147 577 3357 629 ἐκεῖνον
3395 577 3530 648 (89),
3563 573 3606 647 ᾧ
3654 579 3963 648 σύμμικτος

2381 659 2453 734 ἦν
2479 664 2546 717 ἐκ
2578 664 2689 717 τῶν
2717 665 2978 717 ἐναντίων
3005 668 3036 735 ἡ
3072 667 3260 736 φύσις,
3280 668 3375 720 τοῦ
3403 669 3577 722 κακοῦ
3610 670 3749 739 πρὸς
3777 672 3838 723 τὸ
3871 690 3964 723 κα-

2382 753 2473 806 λὸν
2508 757 3028 824 συγκεκραμμένου,
3061 756 3291 811 θάνατον
3320 757 3576 812 ἐπιθεῖσα
3610 759 3691 830 τῷ
3714 777 3961 830 παρανο-

2386 844 2621 915 μήσαντι
2648 846 2749 915 τὴν
2795 846 3021 919 ζημίαν.
3061 847 3169 901 Τοῦ
3202 848 3492 919 ἀνθρώπου
3532 852 3664 918 γοῦν
3698 854 3965 914 ἑκουσίως

2380 940 2479 1008 τὴν
2496 940 2682 993 ἐκτῶν
2702 940 2963 994 ἐναντίων
2982 941 3291 1012 σύγκρατον
3310 941 3457 1011 ζωὴν
3491 943 3588 995 τοῦ
3621 944 3862 1012 ἀμιγοῦς
3892 944 3965 1012 τῷ

2383 1032 2587 1103 χείρονι
2613 1032 2729 1103 (90)
2756 1035 3220 1103 προτιμήσαντος,
3242 1036 3340 1088 οὐκ
3358 1035 3534 1103 ἀφῆκε
3558 1034 3749 1087 τοῦτον
3778 1040 3807 1088 ὀ
3835 1036 3965 1099 633.;

2384 1124 2736 1194 ἀδιόρθωτον,
2786 1124 2904 1179 ἀλλ’
2957 1126 3144 1196 ἐπειδὴ
3192 1128 3220 1179 ό
3266 1127 3495 1189 Θάνατος
3545 1126 3965 1197 παραϐεϐηκότι

2382 1216 2814 1286 ἐπηκολούθησε,
2856 1218 2974 1288 διχῆ
3036 1218 3252 1289 μερίζει
3302 1218 3401 1271 καὶ
3437 1218 3538 1289 τὴν
3569 1218 3734 1289 ζωὴν,
3766 1220 3852 1283 εἷς
3902 1237 3962 1272 τε

2379 1306 2480 1376 τὴν
2512 1306 2785 1376 σαρκικὴν
2840 1306 3070 1377 ταύτην,
3110 1309 3207 1359 καὶ
3261 1309 3341 1370 εἰς
3387 1309 3489 1378 τὴν
3539 1310 3871 1379 μέλλουσαν,
3902 1312 3963 1362 οὑ

2382 1397 2524 1449 κατὰ
2555 1399 2615 1450 τὸ
2650 1396 2763 1450 ἴσον
2802 1397 3000 1469 μέτρον
3032 1398 3127 1451 τοῦ
3154 1398 3545 1469 διαστήματος,
3573 1403 3710 1454 ά).λά
3739 1404 3839 1471 τὴν
3867 1405 3966 1471 μὲν

2386 1488 2693 1560 παροῦσαν,
2726 1492 2786 1542 ὲν
2831 1489 3159 1560 βραχυτάτῳ
3194 1493 3301 1543 τινὶ
3351 1493 3531 1563 χρόνῳ
3566 1495 3926 1565 περιγράψας
3950 1511 3963 1523 '

2386 1582 2486 1650 τὴν
2512 1581 2569 1635 δὲ
2622 1581 2927 1651 μέλλουσαν
2972 1582 3310 1653 παρατείνας
3350 1585 3431 1647 εἰς
3477 1584 3579 1654 τὴν
3612 1587 3785 1638 ἀΐδιοι
3818 1587 3963 1655 (9|).

2397 1674 2680 1739 Ἐξουσίαν
2712 1674 2895 1726 τοίνυν
2917 1674 3151 1729 δέδωκεν
3171 1678 3199 1728 ό
3223 1676 3354 1735 Θεὸς
3385 1677 3492 1729 ὑπὸ
3520 1676 3966 1747 φιλανθρωπίας,

2387 1766 2444 1819 ἐν
2478 1756 2521 1831 ᾧ
2554 1764 2668 1834 (92)
2701 1781 2787 1827 τις
2819 1764 3072 1833 βούλεται
3097 1765 3303 1819 τούτων
3326 1767 3473 1837 ἔχειν
3501 1769 3786 1839 ἑκάτερον,
3816 1770 3879 1820 τό
3907 1787 3964 1822 τε

2384 1856 2592 1923 ἀγαθὸν
2626 1855 2803 1908 καὶτὸ
2832 1856 3025 1919 κακὸν,
3053 1856 3085 1925 ἢ
3113 1858 3256 1909 κατά
3285 1859 3377 1910 τὸν
3408 1858 3616 1928 βραχὺν
3647 1858 3842 1911 τοῦτον
3875 1862 3967 1912 καὶ

2384 1947 2726 2018 πρόσκαιρον
2760 1946 2894 2017 βίον,
2946 1948 3152 2016 ἥκατά
3191 1949 3285 2000 τὸν
3332 1948 3699 2020 ἀτελεύτητον
3757 1953 3968 2003 ἐκεῖνον

2383 2041 2479 2093 καῖ⁷
2509 2040 2682 2093 ἀΐδιον
2703 2057 2716 2071 ο
2751 2040 3063 2109 ὁμωνύμως
3090 2040 3145 2093 δὲ
3174 2041 3464 2110 λεγομένου
3490 2042 3602 2112 (95)
3623 2044 3717 2095 τοῦ
3741 2062 3797 2095 τε
3829 2045 3968 2109 ἀγα-

2384 2130 2479 2185 θοῦ
2512 2133 2608 2185 καὶ
2635 2131 2730 2184 τοῦ
2767 2131 2964 2198 κακοῦ,
2998 2135 3095 2186 καὶ
3127 2132 3266 2203 πρὸς
3299 2134 3368 2187 τά
3402 2134 3568 2206 νοητά
3599 2139 3693 2187 καὶ
3728 2137 3967 2203 αἰσθητὰ

2383 2223 2651 2292 ἑκατέρου
2694 2222 2903 2275 τούτων
2947 2222 3335 2294 μεριζομένου,
3368 2226 3462 2279 καὶ
3511 2226 3623 2278 τῶν
3660 2227 3783 2295 μὲν,
3819 2230 3887 2279 τα
3912 2229 3969 2279 ἐν

2381 2314 2634 2383 αἰσθήσει
2660 2313 2842 2380 ἀγαθὰ
2868 2314 2963 2366 καὶ
2988 2315 3117 2385 ἡδέα
3142 2316 3577 2386 προκρινόντων,
3605 2319 3715 2369 τῶν
3737 2319 3792 2370 δὲ
3829 2318 3969 2386 μόνα

2380 2406 2449 2457 τά
2482 2403 2627 2457 κατά
2660 2404 2899 2457 διάνοιαν
2931 2405 3303 2459 πιστευόντων
3331 2408 3426 2460 καὶ⁵
3452 2403 3594 2461 εἶναι
3626 2408 3836 2475 ἀγαθὰ,
3874 2410 3970 2460 καὶ

2380 2496 2773 2565 ὀνομάζεσθαι,
2816 2493 2896 2561 οἷς
2930 2498 3029 2567 μὲν
3068 2501 3096 2551 ὁ
3132 2499 3393 2568 λογισμὸς
3439 2499 3703 2562 ἀσύνετος
3747 2504 3845 2552 καὶ
3875 2499 3969 2552 τοῦ

2384 2587 2651 2658 βελτίονος
2676 2588 3047 2652 ἀνεπίσκοπος
3076 2589 3213 2659 (94),
3237 2586 3386 2642 οὗτοι
3409 2591 3516 2642 ὑπὸ
3544 2591 3885 2660 λαιμαργίας
3913 2594 3971 2642 ἐν

2380 2680 2461 2751 τῷ
2495 2680 2739 2749 σαρκίνῳ
2788 2681 2890 2751 βίῳ
2936 2682 3036 2752 τὴν
3068 2684 3525 2755 χρεωστουμένην
3558 2688 3625 2755 τῇ
3665 2687 3827 2750 φύσει
3874 2685 3970 2737 τοῦ

2380 2770 2592 2840 ἀγαθοῦ
2654 2775 2855 2843 μοῖραν
2905 2773 3426 2841 προαναλίσκουσιν,
3480 2775 3638 2827 οὐδὲν
3695 2776 3774 2844 τῷ
3830 2780 3970 2844 μετά

2384 2864 2563 2918 ταῦτα
2595 2862 2695 2933 βίῳ
2726 2864 3151 2932 ταμιευόμενοιο
3187 2865 3237 2916 οἱ
3271 2864 3328 2916 δὲ
3360 2864 3608 2935 λογισμῷ
3638 2865 3969 2934 διακριτικῷ

2382 2957 2484 3026 τὴν
2518 2955 2728 3008 ἑαυτῶν
2761 2954 3175 3023 οἰκονομοῦντες
3201 2955 3371 3027 ζωὴν,
3395 2956 3483 3010 διὰ
3512 2957 3620 3010 τῶν
3644 2957 3742 3028 τὴν
3773 2957 3969 3025 αἴσθη-

2387 3063 2472 3099 σιν
2511 3045 2832 3099 λυπούντων
2859 3044 3196 3108 ἀνιαθέντες,
3223 3046 3303 3113 τῷ
3334 3046 3531 3116 ἑφεξῆς
3551 3048 3712 3100 αἰῶνι
3742 3049 3803 3099 τὺ
3826 3050 3967 3113 ἀγα-

705 3142 923 3201 sibilem
959 3138 1061 3193 sibi
1087 3146 1271 3205 p0stea
1298 3135 1611 3201 angelorum
1640 3131 1819 3185 sedem
1854 3127 2051 3193 efﬁcit;
2084 3128 2284 3194 imper-

2387 3135 2478 3189 θδν
2536 3135 2915 3207 ταμιεύονται,
2967 3135 3108 3188 ὥστε
3158 3135 3341 3199 αὐτοῖς
3396 3140 3463 3207 τῇ
3512 3138 3669 3206 ἀϊδίῳ
3704 3138 3820 3207 ζωῇ
3870 3140 3970 3205 τὴν

710 3233 996 3288 meabilem
1033 3229 1178 3283 hunc
1223 3227 1535 3287 transitum,
1570 3233 1828 3292 tanquam
1866 3221 2195 3273 immensum
2231 3227 2285 3270 et

708 3328 913 3382 invium
945 3321 1260 3377 barathrum
1294 3319 1479 3371 subter
1504 3331 1562 3371 se
1588 3315 1916 3384 perfodiens.
1953 3330 1972 3363 ι
1998 3312 2065 3365 Ει
2094 3312 2239 3365 dixit
2267 3324 2281 3361 :

713 3419 862 3484 Ilogo
909 3428 1039 3483 ergo
1087 3421 1156 3475 te,
1214 3419 1389 3479 pater,
1446 3416 1505 3462 ut
1558 3406 1741 3459 mittas
1791 3420 1914 3458 eum
1961 3403 2014 3455 in
2060 3403 2282 3455 donmm

711 3505 883 3574 patris
914 3502 1040 3555 mei.
1085 3500 1270 3552 llabeo
1292 3497 1438 3551 enim
1476 3495 1719 3564 quinque
1749 3492 1982 3558 lratres;
2021 3501 2083 3544 ut
2122 3500 2279 3543 teste-

713 3603 802 3648 tur
830 3594 939 3647 illis
966 3606 1031 3644 ne
1053 3598 1105 3643 et
1137 3588 1242 3658 ipsi
1267 3586 1483 3640 veniant
1504 3586 1558 3637 in
1590 3584 1737 3637 hunc
1771 3584 1948 3636 locum
1982 3589 2287 3633 tormento-

714 3702 857 3740 rum.
890 3684 978 3738 Ait
1010 3682 1084 3735 illi
1115 3679 1388 3734 Abraham
1422 3695 1434 3731 :
1467 3677 1673 3731 Habent
1707 3676 1943 3746 llloysem
1978 3687 2033 3729 et
2057 3673 2285 3743 prophe-

715 3787 796 3829 tas
830 3791 844 3827 :
878 3772 1104 3827 audiant
1179 3770 1327 3824 illos.
1389 3768 1458 3821 At
1526 3768 1616 3820 ille
1674 3766 1812 3820 dixit
1854 3782 1868 3818 :
1903 3764 2021 3817 Non
2051 3803 2067 3829 ,
2132 3773 2288 3832 pater

713 3866 1022 3926 Abraham;
1071 3861 1164 3916 sed
1207 3860 1253 3915 si
1291 3859 1416 3927 quis
1466 3872 1530 3911 ex
1580 3856 1809 3909 mortuis
1867 3855 1989 3908 ierit
2049 3853 2115 3906 ad
2168 3866 2284 3915 eos,

716 3955 1090 4027 pmnitentiam
1131 3962 1312 4023 agent.
1352 3950 1442 4005 Ait
1486 3960 1664 4003 autem
1711 3948 1787 4001 illi
1819 3962 1836 4002 :
1866 3946 1923 3999 Si
1951 3944 2189 4013 Moysen:
2235 3952 2288 3998 et

716 4049 1009 4119 pr0pbetas
1040 4060 1145 4099 non
1184 4044 1451 4109 audiunt;
1490 4055 1668 4111 neque
1716 4039 1760 4094 si
1794 4039 1918 4108 quis
1952 4054 2018 4092 ex
2056 4037 2289 4091 mortuis

720 4136 1102 4198 resurrexerit,
1132 4135 1379 4190 credent.
1415 4153 1434 4185 ι

791 4230 1002 4294 Videte,
1050 4228 1249 4282 fratres
1277 4266 1292 4291 ,
1342 4224 1618 4295 quomodo
1664 4238 1730 4277 ex
1769 4221 2033 4292 supplicio
2092 4221 2144 4273 in
2201 4235 2290 4272 rc-

719 4319 1095 4389 sipiscentiam
1136 4312 1345 4368 venerit
1388 4314 1565 4376 dives,
1616 4320 1670 4365 et
1699 4310 1793 4378 qui
1822 4308 1980 4376 prius
2019 4304 2288 4358 Lazarum

719 4422 845 4465 ante
888 4416 1101 4478 portam
1153 4419 1311 4459 suam
1358 4403 1630 4469 iacentem
1683 4408 1738 4455 et
1778 4399 1924 4453 fame
1970 4405 2287 4467 pereuntem

2385 3227 2675 3294 κρείττονα
2701 3224 2853 3295 λῆξιν
2886 3225 3423 3294 συμπαρατείνεσθαι
3452 3242 3467 3256 ·
3504 3225 3661 3279 τοῦτο
3689 3225 3823 3292 γοῦν
3860 3225 3970 3294 (95)

2385 3321 2502 3371 ἔστι
2528 3317 2590 3370 τὸ
2620 3316 2831 3386 χάσμα,
2864 3316 3003 3385 ὅπερ
3040 3318 3160 3386 οὐχὶ
3198 3316 3304 3385 γῆς
3352 3317 3681 3387 διασχούσης
3733 3318 3968 3385 γίνεται,

2384 3409 2499 3463 ἀλλ’
2532 3411 2565 3480 ἡ
2604 3409 2756 3478 παρὰ
2779 3409 2869 3462 τὸν
2896 3407 3013 3478 βίον
3040 3408 3223 3477 κρίσις
3250 3407 3387 3477 πρὸς
3415 3409 3514 3469 τάς
3552 3408 3803 3470 ὲναντέας
3831 3422 3969 3475 προ-

2384 3498 2629 3569 αιρέσεις
2657 3500 2963 3567 σχισθεῖσα.
3001 3497 3062 3549 '0
3088 3496 3197 3568 γάρ
3228 3496 3376 3561 am:
3407 3496 3548 3550 κατά
3575 3497 3666 3549 τὸν
3706 3496 3826 3565 βίον
3850 3495 3969 3548 τού-

2384 3609 2477 3645 τον
2511 3592 2769 3662 ἑλόμενος
2818 3591 2881 3643 τὸ
2909 3590 3031 3660 ἡδὺ,
3074 3590 3169 3642 καὶ
3216 3589 3291 3660 μὴ
3318 3589 3669 3659 θεραπεύσας
3701 3592 3766 3642 ἐκ
3800 3608 3969 3659 μετα-

2390 3685 2614 3756 μελείας
2662 3683 2762 3753 τὴν
2800 3682 3081 3747 ἀδουλίαν,
3128 3682 3329 3735 ἄϐατον
3376 3683 3553 3751 ἐαυτῷ
3611 3685 3754 3750 μετά
3800 3683 3971 3735 ταῦτα

2386 3776 2477 3825 τὸν
2519 3774 2629 3826 τῶν
2679 3773 2925 3840 ἀγγέλων
2959 3771 3139 3841 χῶρον
3169 3769 3485 3841 ἐργάζεται,
3518 3771 3617 3843 τὴν
3670 3773 3737 3825 ἀδ
3766 3775 3969 3825 άϐατον

2386 3864 2592 3934 ταύτην
2643 3862 2919 3926 διάϐασιν,
2974 3861 3228 3932 καθάπερ
3264 3880 3315 3915 τι
3353 3862 3633 3933 βάραθρον
3682 3865 3885 3933 ἀχανές
3912 3880 3970 3915 τε

2390 3957 2487 4010 καὶ
2532 3955 2907 4026 ἀπαρόδευτον
2950 3954 3070 4006 καθ’
3107 3955 3305 4007 ἑαυτοῦ
3342 3955 3615 4026 διορύξας,
3658 3973 3676 4005 ι
3701 3954 3837 4008 Eius
3868 3958 3961 4009 δέ·

2400 4046 2627 4118 Ἐρωτῶ
2658 4043 2753 4099 οὖν
2773 4063 2854 4109 σε,
2885 4047 3082 4114 πάτερ,
3114 4045 3200 4097 ῖνα
3230 4045 3453 4116 πέμψῃς
3480 4047 3645 4098 αὐτὸν
3676 4047 3757 4107 εἰς
3784 4048 3875 4098 τὸν
3892 4043 3972 4097 οἶ-

2389 4156 2487 4193 κον
2536 4136 2631 4190 τοῦ
2686 4137 2892 4207 πατρός
2950 4153 3077 4205 μου,
3123 4136 3229 4206 ἔχω
3296 4138 3406 4207 γὰρ
3466 4136 3625 4188 πέντε
3685 4136 3972 4203 ἀδελφοὺς,

2394 4230 2543 4291 ὅπως
2577 4228 3022 4298 διαμαρτύρηται
3058 4229 3266 4293 αὐτοῖς,
3303 4228 3389 4280 ἵνα
3435 4230 3511 4297 μὴ
3558 4228 3653 4280 καὶ
3687 4229 3845 4282 αὐτοὶ
3885 4230 3973 4281 Ei.-

2390 4318 2557 4370 θωσιν
2605 4318 2686 4379 εἰς
2738 4316 2829 4369 τὸν
2887 4319 3054 4369 τόπον
3106 4317 3295 4368 τοῦτον
3334 4315 3434 4383 τῆς
3490 4315 3750 4384 βασάνου.
3810 4319 3976 4385 Λέγει

2392 4409 2584 4478 αύτῷὸ
2613 4406 2887 4477 Ἀϐραάμ·
2917 4406 3140 4476 Ἔχουσι
3162 4406 3366 4459 Μωσέα
3398 4409 3491 4457 καὶ
3510 4410 3633 4469 tab;
3667 4411 3973 4477 προφήτας,

718 4496 1123 4559 contenmebat,
1173 4508 1318 4547 nunc
1366 4492 1432 4545 de
1479 4491 1601 4543 aliis
1653 4489 1971 4543 absentibus
2020 4487 2284 4542 sollicitus

2396 4500 2785 4554 ἀκουσάτωσαν
2849 4498 3049 4551 αὐτῶν.
3124 4499 3185 4551 '0
3231 4499 3288 4550 δὲ
3345 4496 3533 4551 εἶπεν·
3588 4500 3746 4567 Oili,
3804 4502 3977 4567 πάτ;ρ

720 4591 813 4650 sit,
843 4594 897 4639 et
926 4582 1159 4652 postulet
1190 4590 1247 4633 ut
1277 4579 1517 4633 Lalarus
1550 4592 1617 4631 ex
1647 4577 1878 4629 mortuis
1915 4575 1968 4627 in
2002 4573 2179 4643 patris
2204 4573 2291 4626 sui

720 4684 943 4731 domum
1000 4673 1273 4727 mittatur.
1336 4668 1401 4723 Et
1451 4684 1557 4722 non
1617 4666 1939 4735 simpliciter
1994 4681 2161 4719 unum
2227 4679 2292 4718 ex

725 4766 978 4827 mortuis,
1019 4764 1113 4817 sed
1160 4761 1463 4824 Lazarum;
1523 4769 1580 4811 ut
1617 4758 1837 4810 videant
1885 4771 2009 4810 eum
2060 4769 2293 4809 corona-

726 4877 865 4927 tum,
914 4870 965 4914 et
998 4860 1052 4913 in
1098 4858 1269 4928 gloria
1316 4867 1368 4909 et
1413 4854 1647 4908 sanitate
1677 4852 1770 4921 qui
1807 4868 1932 4905 eum
1964 4852 2211 4905 viderant
2244 4851 2296 4902 in

726 4955 992 5008 dedecore
1032 4961 1087 5006 et
1133 4948 1472 5012 inﬁrmitate,
1508 4957 1561 5001 et
1596 4946 1688 5014 qui
1723 4944 1842 5015 ejus
1890 4944 2091 5013 inopiae
2130 4950 2300 4997 testes

801 5133 913 5199 (89)
948 5130 1279 5185 κωλύουσα
1312 5129 1570 5185 ἐκεῖνον.
1603 5127 1780 5181 Malim
1806 5126 1897 5181 hic
1927 5126 2183 5199 omittere
2207 5134 2302 5182 καὶ

732 5196 1038 5263 κωλύουσα,
1101 5210 1158 5252 et
1190 5216 1286 5269 pro
1342 5202 1551 5252 ἐκεῖνον
1601 5199 1782 5269 legere
1832 5198 2071 5269 ἐκείνου.
2116 5196 2303 5269 _Magis

736 5282 881 5341 certe
912 5264 1285 5341 perspicuum,
1318 5264 1691 5341 qukodlegitu'r
1721 5267 1774 5320 in
1802 5266 1924 5341 cod.
1961 5264 2208 5341 llr-como
2229 5264 2303 5321 δὲ

734 5340 872 5394 καὶὸ
903 5336 1115 5409 πρῶτος
1147 5336 1243 5390 τοῦ
1271 5336 1592 5407 Θεοῠμόμος
1619 5341 1640 5388 ὲ
1651 5336 1989 5409 μαρτύρεται
2016 5337 2154 5409 (sic:
2188 5339 2304 5405 lege

737 5420 831 5463 aut
882 5408 1238 5478 ἐμαρτύρετο,
1273 5422 1369 5462 aut
1426 5408 1866 5478 μεμαρτύρηται)
1904 5409 1931 5456 ὁ
1970 5408 2077 5457 ἀπὸ
2106 5410 2306 5470 παντὸς

741 5482 841 5547 μὲν
882 5476 1037 5545 ξύλου
1080 5476 1173 5530 τοῦ
1202 5481 1257 5529 ἐν
1289 5478 1366 5547 τῷ
1399 5476 1712 5545 παραδείσῳ
1747 5478 1941 5541 φαγεῖν
1968 5478 2303 5546 ἐπιτρέπων,

740 5550 1022 5619 ἀπείργων
1043 5548 1095 5600 6‘:
1124 5549 1353 5603 ἐκείνου.
1379 5566 1432 5600 κ.
1462 5564 1511 5599 τ.
1532 5549 1582 5601 λ.

810 5614 1039 5687 (90)Ὑῴ
1073 5620 1319 5685 χείρονι.
1355 5620 1488 5671 Cod.
1527 5617 1586 5669 Β.
1621 5616 1715 5668 τοῦ
1764 5614 2002 5683 χείρους.
2036 5620 2178 5685 quod
2213 5634 2307 5686 per

742 5690 1184 5741 coiisnetudinem
1231 5691 1424 5755 lingttm
1460 5688 1588 5741 ferul
1624 5688 1836 5752 quidem
1873 5696 2067 5753 potest.
2102 5703 2309 5757 perspi-

742 5760 997 5814 cuit-atem
1038 5768 1214 5811 tamen
1242 5762 1519 5825 paululum
1554 5762 1755 5811 turbat.
1803 5757 2036 5823 Ἀμιγὴς
2063 5774 2180 5810 eum
2208 5759 2306 5811 da-

2410 4590 2685 4662 Ἀϐραὰμ,
2711 4588 2827 4643 ἀλλ’
2857 4592 2952 4644 ἐάν
2983 4606 3069 4653 τις
3099 4590 3164 4641 ἐκ
3194 4589 3401 4659 νεκρῶν
3441 4590 3683 4658 πορευθῇ
3714 4590 3853 4659 πρὸς
3882 4594 3977 4641 α)-

2396 4679 2549 4743 τοὺς,
2585 4680 3036 4749 μετανοήσουσιν.
3085 4677 3221 4732 Εἷπε
3278 4680 3333 4731 δὲ
3384 4680 3570 4750 αὐτῷ’
3609 4680 3675 4733 Εἰ
3730 4682 3975 4743 Μωσέως

2399 4771 2497 4823 καὶ
2524 4770 2633 4823 τῶν
2666 4772 2963 4841 προφητῶν
3010 4773 3111 4824 οὐκ
3140 4772 3456 4833 ἀκούουσιν,
3494 4774 3612 4825 οὐδὲ
3661 4774 3757 4826 ἐάν
3797 4792 3881 4836 τις
3914 4779 3975 4825 ἐκ

2403 4862 2614 4935 νεκρῶν
2662 4865 2898 4934 ἀναστῇ,
2951 4865 3363 4935 πεισθήσονται.
3397 4885 3416 4918 ι
3468 4866 3725 4928 Βλέπετε,
3761 4868 3977 4934 ἀδελφοί

2405 4972 2532 5023 μου,
2561 4954 2679 5017 πῶς
2717 4954 2825 5007 ὑπὸ
2863 4955 2965 5025 τῆς
3012 4957 3282 5019 κολάσεως
3313 4958 3393 5020 εἰς
3435 4958 3788 5027 συναίσθησιν
3818 4955 3978 5029 ἦλθε)

2408 5134 2524 5205 tivo_
2548 5134 2688 5203 apud
2721 5134 3041 5205 Alcipbron.
3069 5135 3189 5189 Lib.
3222 5152 3280 5198 ιι,
3311 5136 3411 5205 Ep.
3444 5135 3533 5200 IV,
3567 5152 3617 5204 p.
3645 5136 3776 5190 96:2.

2479 5203 2591 5275 (9i)
2615 5206 2717 5267 Εἰς
2748 5204 2862 5275 τῂν
2902 5205 3116 5258 ἀΐδιον.
3143 5207 3314 5275 Ζωήν·

2636 5275 2735 5325 Ἑν
2850 5276 3055 5345 ,Χρόνῳ
3085 5278 3117 5345 ἦ
3149 5269 3271 5343 βίῳξ

2484 5343 2593 5412 (95)
2634 5344 2993 5411 Λεγομὲνοιν.
3028 5343 3116 5398 sn;
3171 5346 3286 5397 dedi
3321 5363 3385 5400 ex
3428 5348 3549 5400 eod.
3586 5345 3643 5398 Β.
3679 5344 3814 5397 Nam
3862 5350 3975 5399 eod.

2408 5414 2473 5465 A.
2507 5424 2699 5465 \‘tttose
2737 5417 2967 5466 habebat
2997 5414 3226 5481 λέγομεν
3258 5417 3338 5467 ού.

2481 5481 2593 5549 (94)
2630 5484 3089 5545 Ἀνεπίσιιοπος.
3128 5487 3552 5549 ’Λνεπίσκεπτος
3574 5488 3631 5542 Β.
3664 5491 3981 5541 Ἀνεττξσιο·

2411 5569 2509 5611 πος
2543 5554 2700 5622 Labrl
2736 5554 2958 5622 Urrgut‘.
2999 5554 3128 5606 Not.
3161 5571 3209 5621 ιδ.
3250 5555 3365 5609 179.

2481 5621 2595 5689 (93))
2635 5622 2814 5673 Τοῦτο
2852 5621 3035 5691 fair.
3073 5624 3240 5675 Τουτο
3283 5627 3372 5679 οὖν
3407 5628 3466 5684 Β.
3520 5628 3638 5681 .‘iiox
3674 5630 3885 5682 corrui
3917 5644 3979 5679 εκ

2412 5695 2601 5769 ruderi}
2640 5693 2791 5769 παρα
2822 5710 2909 5746 τον
2950 5696 3082 5763 βίον,
3120 5710 3215 5762 pro
3251 5699 3397 5766 παρὰ
3444 5702 3534 5757 τοῦ
3570 5701 3707 5769 3.0a,
3742 5702 3887 5766 quod
3926 5714 3983 5751 ιιι

2414 5764 2532 5817 τού.
2567 5763 2628 5813 Α.
2667 5762 2879 5831 legitur.
2956 5762 2961 5763 ⁷
3332 5762 3343 5766 ⁷
3571 5762 3579 5769 ”
