4182 6454
266 407 403 472 1233

1678 406 2136 469 ΟΒΛΤΙΟΝΕΞ.

3398 396 3532 463 1934

258 527 288 577 ὁ
324 522 605 588 πλούσιος,
649 523 744 578 καὶ
773 526 802 578 ὁ
830 525 925 579 τοῦ
958 526 1211 599 Λαζάρου
1236 526 1369 597 πρὶν
1391 527 1751 597 καταφρονῶν
1791 532 1848 581 ἐν

1959 529 2193 591 luerant,
2228 528 2263 579 ii
2287 538 2338 579 et
2379 525 2567 596 gloria:
2615 531 2951 593 spectatores
2989 519 3138 575 fiant.
3191 517 3331 584 Quid
3367 516 3531 587 igitur

258 615 340 685 τῷ
372 616 583 669 πυλῶνι
635 616 804 671 αὑτοῦ
858 620 1113 689 κειμένου
1176 620 1273 674 καὶ⁵
1319 619 1704 689 λιμώττοντας,
1755 621 1852 673 νῦν

259 708 471 777 ἐτέρων
503 708 753 762 ἀπόντων
786 711 1066 779 φροντίζει
1107 712 1200 764 καὶ
1248 710 1562 780 παρακαλεί
1592 712 1849 781 πεμφθῆ-

259 818 350 854 ναι
403 801 497 856 τὸν
539 800 794 871 Λάζαρον
826 803 890 856 ἐκ
930 803 1040 856 τῶν
1070 802 1283 871 νεκρῶν
1326 806 1407 865 είς
1438 802 1530 855 τὸν
1571 797 1723 855 οἶκον
1756 802 1850 855 τοῦ

258 891 471 963 πατρὸς
531 892 718 951 αὑτοῦ.
768 894 877 947 Καὶ
929 894 1026 964 οὐχ
1085 893 1269 957 ἁπλῶς
1299 894 1394 947 ἕνα
1455 894 1565 947 τῶν
1615 895 1849 962 νεκρῶν,

257 982 398 1035 ἀλλά
465 985 559 1039 τὸν
634 985 910 1055 Λάζαρον,
950 986 1101 1049 ὅπως
1159 986 1227 1040 ἂν
1277 985 1465 1039 ἴδωσιν
1511 985 1675 1038 αύτδν
1730 1002 1853 1038 στε-

262 1073 592 1140 φανωθέντα
622 1077 721 1131 καὶ
757 1077 817 1129 ἐν
845 1075 971 1147 δόξῃ
1003 1078 1098 1131 καὶ
1138 1077 1322 1147 ύγείᾳ,
1359 1076 1409 1130 oi
1450 1076 1651 1139 ἰδόντες
1684 1075 1850 1129 αὑτὸν

257 1164 320 1217 ἐν
349 1166 551 1236 ἀτιμίᾳ
580 1166 678 1220 καὶ
706 1168 1011 1239 ἀρρωστίᾳ,
1044 1168 1141 1223 καὶ
1168 1169 1220 1222 οἱ
1248 1168 1351 1240 τῆς
1383 1170 1577 1233 πενίας
1617 1168 1848 1238 γενόμε-

257 1273 341 1309 νοι
382 1257 687 1329 μάρτυρες,
721 1260 877 1314 αὐτοὶ
905 1262 998 1315 καὶ
1023 1264 1119 1332 τῆς
1143 1262 1303 1333 δόξης
1335 1260 1603 1331 γένωνται
1632 1260 1842 1317 θεαταί.

259 1348 328 1400 Τί
359 1344 456 1403 οὖν
482 1351 512 1403 ό
552 1351 844 1423 Ἀϐραάμ;
884 1374 903 1407 ι
945 1356 1170 1425 Ἔχουσι
1198 1355 1406 1410 Μωσέα
1436 1355 1531 1410 καὶ
1560 1356 1688 1419 τοὺς
1716 1371 1850 1426 προ-

258 1441 461 1512 φήτας.
500 1461 520 1495 ι
550 1444 755 1498 Μωσέα
788 1446 901 1518 (96)
936 1448 1032 1501 καὶ
1062 1450 1191 1511 τοὺς
1225 1447 1512 1517 προφήτας
1554 1446 1748 1515 λέγων,
1781 1447 1851 1500 τὰ

260 1535 524 1602 μωσαῖκά
538 1535 637 1589 καὶ
653 1539 970 1609 προφητικά
992 1539 1403 1609 συγγράμματα
1415 1539 1507 1592 καὶ
1518 1539 1848 1608 διδάγματα.

256 1625 373 1693 Οὐχ
399 1626 563 1693 οὕτω,
623 1630 760 1699 φησὶ
796 1630 931 1701 (97),
975 1631 1065 1695 σὺ,
1103 1630 1350 1695 πλούσιε,
1382 1630 1694 1699 φροντίζεις
1736 1631 1848 1684 τῶν

1958 619 2266 675 Abraham?
2289 639 2305 669 ι
2330 618 2540 671 llahent
2564 615 2798 683 Moysetn
2818 625 2870 669 et
2890 613 3184 683 prophetas
3206 626 3251 674 ;›
3288 607 3527 677 Moysem

1957 722 2011 767 et
2044 712 2344 782 prOphetas
2380 712 2570 767 dicens
2603 708 2836 763 Mosaica
2873 718 2927 760 et
2959 702 3280 774 prophetica
3326 701 3525 767 scripta

1958 814 2011 858 et
2053 806 2329 872 dogmata.
2361 802 2476 857 Non
2511 812 2746 858 tantum.
2786 796 2981 867 inquit,
3006 807 3085 856 tu,
3122 794 3298 855 dives,
3336 789 3533 843 fratres

1961 907 2083 952 tuos
2138 912 2324 960 curas,
2383 908 2647 965 quantum
2704 892 2797 963 qui
2850 889 2979 945 fecit
3026 901 3122 941 eos
3172 884 3337 939 Deus.
3390 879 3536 933 Mille

1958 990 2104 1044 cnim
2130 988 2368 1043 instituit
2396 987 2504 1040 illis
2536 986 2846 1055 magistros.
2877 981 3037 1035 Dives
3075 987 3259 1032 autem
3292 991 3307 1027 :
3343 993 3360 1025 ι
3391 972 3533 1030 Non.

1959 1089 2112 1151 pater
2156 1080 2459 1144 Abraham,
2500 1098 2518 1132 ι
2570 1077 2724 1132 dicit.
2764 1075 2899 1130 Cum
2946 1073 3093 1127 enim
3140 1071 3256 1141 ipse
3305 1067 3535 1122 audiens

1958 1168 2273 1240 Seripturas
2314 1170 2525 1226 ditiisus
2578 1176 2728 1224 esset
2774 1175 2829 1221 et
2869 1164 3082 1219 fabulas
3133 1177 3257 1217 esse
3302 1173 3366 1214 ea
3414 1174 3535 1227 qua:

1953 1263 2210 1318 dicebant
2239 1262 2585 1326 credidisset,
2616 1260 2827 1317 similes
2869 1257 2972 1314 sibi
3009 1270 3130 1312 esse
3167 1253 3368 1309 fratres
3402 1265 3533 1306 suos

1949 1356 2185 1428 putavit,
2238 1366 2291 1410 et
2350 1371 2415 1409 ex
2474 1353 2959 1423 seipsojudicans,
3009 1348 3223 1403 dicebat
3279 1360 3376 1400 eos
3415 1359 3520 1397 non

1948 1448 2234 1503 audituros
2272 1460 2398 1502 esse
2438 1443 2775 1513 Scripturas,
2805 1439 3268 1510 quemadmodum
3319 1444 3373 1491 et
3408 1435 3524 1504 ipsi:

1951 1554 2058 1594 non
2091 1538 2367 1605 audierat;
2408 1555 2425 1589 ι
2460 1535 2565 1591 Sed
2589 1535 2633 1590 si
2657 1534 2780 1605 quis
2801 1548 2865 1587 ex
2892 1531 3125 1587 mortuis
3155 1524 3545 1587 resurrcxerit,

1949 1631 2193 1686 credent.
2228 1648 2248 1683 ι

255 1691 649 1784 ἀδελφῶνςῶς
754 1691 990 1790 ποιήσας
1030 1691 1231 1785 αὐτοὺς
1259 1691 1440 1784 (ie-6;."
1477 1691 1708 1791 μυρίους
1732 1718 1843 1791 γάρ
1881 1717 2186 1789 ἐπέστησεν
2209 1718 2393 1783 αὐτοῖς
2443 1718 2820 1780 διδασκάλους.
2854 1715 2914 1769 '0
2957 1714 3014 1768 δὲ
3054 1711 3329 1777 πλούσιος,
3360 1728 3379 1762 ι
3408 1691 3544 1777 Οὐχὶ

257 1810 438 1881 πάτερ
482 1813 761 1885 Ἀϐραὰμ,
796 1815 967 1884 λέγει.
1008 1834 1028 1868 ι
1079 1817 1296 1889 Ἐπειδὴ
1324 1819 1433 1888 γὰρ
1463 1817 1626 1881 αὐτὸς
1671 1816 1889 1870 ἀκούων
1928 1815 2037 1869 τῶν
2066 1816 2305 1886 Γραφῶν
2332 1817 2575 1888 ἠπίστει,
2620 1815 2821 1884 μύθους
2869 1807 3009 1866 εἶναι
3048 1808 3267 1880 ἐνόμιζε
3299 1806 3367 1861 τὰ
3389 1805 3541 1873 λεγό-

260 1923 422 1973 μενα,
454 1909 653 1978 ὁμοίως
692 1910 836 1980 ἐχειν
869 1910 967 1965 καὶ
1020 1913 1145 1975 τοὺς
1210 1911 1475 1979 ἀδελφοὺς
1529 1910 1938 1982 ὑπελάμϐανεν,
1972 1914 2067 1965 καὶ¹
2118 1912 2213 1982 ἀφ’
2244 1911 2441 1965 ἐαυτοῦ
2488 1910 2714 1981 κρίνων,
2766 1909 2973 1975 ἔλεγεν,
3013 1906 3096 1958 ὅτι
3135 1904 3238 1957 οὐκ
3287 1902 3544 1958 ἀκούουσι

254 2006 369 2058 τῶν
423 1974 682 2074 Γραφῶν,
723 1974 941 2076 -.ὥσπερ
996 2007 1090 2062 οὖν
1122 1974 1243 2061 ούδέ
1282 1974 1501 2070 αὐτός’
1533 2025 1551 2057 ι
1605 1974 1749 2060 δΔλλ⁹
1787 2006 1884 2061 ἐάν
1921 1974 2004 2071 τις
2046 2009 2111 2062 ἐκ
2144 1974 2353 2079 νεκρῶν
2386 1974 2619 2076 ἀναστῇ,
2658 1974 3059 2058 πιστεύσουσιν.
3092 2022 3110 2057 ι

328 2098 576 2161 Τοιοῦτοι
608 2101 702 2153 καὶ
732 2099 829 2155 νῦν
853 2102 1012 2163 εἰσιν,
1048 2100 1097 2153 οἳ
1143 2100 1365 2167 λέγουσι
1387 2115 1403 2133 ο
1427 2100 1522 2162 Τίς
1555 2095 1664 2153 εἶδε
1689 2101 1762 2153 τά
1790 2102 1848 2154 ἐν

2025 2100 2232 2157 Revera
2276 2109 2331 2156 et
2360 2116 2509 2155 nunc
2558 2108 2686 2155 sunt
2710 2099 2805 2168 qui
2861 2097 3048 2152 dicant
3081 2114 3094 2151 :
3124 2095 3263 2162 Quis
3293 2094 3431 2149 vidis
3480 2090 3545 2148 ea

259 2193 419 2265 ᾅδου,
472 2169 821 2257 τίέέκείθεν
869 2192 1038 2247 ἐλθὼν
1071 2192 1411 2264 ἀπήγγειλεν
1468 2193 1635 2262 ήμϊνς
1683 2192 1850 2247 Ἀλλά

1963 2205 2084 2261 quae
2112 2199 2243 2245 sunt
2272 2190 2326 2244 in
2358 2189 2610 2245 inferno?
2631 2189 2762 2257 Quis
2787 2187 2912 2243 inde
2942 2187 3158 2242 rediens
3193 2186 3543 2240 annuntiavit

256 2286 658 2341 ἀκουσάτωσαν
690 2287 784 2341 τοῦ
828 2287 1085 2358 ’Λόραάμ
1105 2302 1120 2319 ο
1153 2287 1238 2339 ὃτι
1271 2288 1319 2339 εἰ
1347 2286 1457 2340 τῶν
1487 2286 1726 2355 Γραφῶν
1752 2286 1854 2340 οὐκ

1961 2282 2166 2339 nobis?
2213 2284 2318 2338 Sed
2380 2284 2609 2337 audiant
2666 2283 3043 2339 Ahrahamum
3076 2297 3090 2336 :
3128 2280 3176 2336 si
3234 2278 3546 2348 Scriptor-as

258 2378 559 2448 ἀκούομεν.
583 2378 705 2431 ούδέ
730 2382 845 2441 τοῖς
868 2378 927 2445 ἐξ
953 2379 1081 2449 ᾅδου
1108 2377 1424 2448 ἐρχομένοις
1452 2377 1846 2447 πιστεύσομεν,

260 2472 376 2525 Καὶ
419 2470 583 2524 τοῦτο
631 2472 914 2541 ἐδήλωσαν
944 2473 993 2525 οἱ
1044 2471 1318 2537 Ἰουδαῖοι,
1356 2471 1555 2533 οἵτινες
1588 2471 1711 2524 ἐπεὶ
1743 2471 1858 2541 (98)

261 2561 376 2614 τῶν
403 2562 440 2613 Γ
446 2561 639 2631 ραφῶν
672 2562 772 2614 οὐκ
804 2562 1024 2630 ἤκουον,
1056 2561 1179 2615 ούδέ
1224 2561 1456 2631 νεκροὺς
1498 2561 1699 2624 ἰδόντες
1728 2563 1860 2615 ἀνα-

260 2652 500 2715 στάντας
559 2654 910 2718 ἐπίστευσαν,
958 2652 1094 2706 ἀλλά
1147 2654 1242 2707 καὶ
1287 2653 1381 2705 τὸν
1431 2652 1686 2720 Λάζαρον
1724 2652 1858 2706 ἀνε-

258 2745 376 2797 λεῖν
410 2744 734 2815 ἐπεχείρουν
764 2745 903 2813 (99),
939 2746 1036 2799 καὶ
1083 2744 1143 2796 ἐν
1182 2744 1259 2814 τῷ
1291 2745 1512 2814 σταυρῷ
1531 2744 1744 2797 πολλῶν
1774 2761 1857 2797 νε-

259 2836 415 2908 κρῶν
441 2837 814 2899 ἀναστάντων,
871 2837 1022 2906 ὅμως
1062 2838 1175 2897 τοῖς
1219 2837 1538 2899 ἀποστόλοις
1578 2835 1855 2889 ἐπετίθεν-

261 2946 328 2983 το
377 2930 455 2999 (1)
487 2929 875 2998 φονικώτερον.
902 2929 964 2980 Εἰ
992 2927 1048 2980 δὲ
1087 2928 1287 2997 ὠφέλει
1326 2928 1475 2998 ἡμᾶς
1509 2929 1590 2991 είς
1640 2926 1853 2991 πίστιν,

263 3022 364 3073 καὶ
391 3020 549 3074 τοῦτο
587 3021 762 3073 ἐποίει
796 3020 864 3073 ἂν
898 3020 1159 3089 συχνάκις
1190 3022 1218 3072 ὁ
1248 3019 1473 3089 Κύριος,
1502 3018 1597 3071 νῦν
1619 3020 1675 3073 δὲ
1700 3021 1857 3073 οὐδὲν

260 3109 439 3175 οὕτως
486 3112 706 3180 ὠφελεῖ,
755 3112 831 3173 ὡς
870 3113 902 3183 ή
935 3111 1045 3165 τῶν
1087 3112 1322 3181 Γραφῶν
1372 3110 1610 3183 ἀκριϐὴς
1658 3110 1859 3181 ἔρευνα

261 3210 361 3261 καὶ
409 3206 677 3271 ἐξέτασις.
715 3207 964 3278 Νεκροὺς
1002 3208 1059 3261 δέ
1110 3209 1339 3279 ἀνιστᾷν
1382 3208 1677 3276 ἐσοφίσατο
1726 3208 1793 3261 ἂν
1828 3208 1856 3260 ὁ

262 3296 540 3363 διάϐολος,
576 3301 671 3354 καὶ
716 3300 804 3353 διά
845 3300 1056 3355 τούτων
1088 3300 1396 3372 ἐπλάνησεν
1424 3300 1494 3354 ἂν
1532 3299 1659 3363 τοὺς
1689 3300 1856 3370 ἀνοή-

257 3405 414 3455 τους,
449 3390 581 3461 περὶ
622 3390 731 3444 τῶν
763 3393 823 3443 ἐν
856 3391 987 3462 ᾅδου
1031 3391 1279 3461 δόγματα
1333 3390 1460 3456 ἀξια
1502 3392 1604 3461 τῆς
1649 3391 1857 3454 οἰκείας
1885 3419 1927 3477 c

258 3484 658 3554 κατασπείρων
688 3482 912 3545 κακίας.
940 3484 1068 3536 Τῶν
1105 3483 1160 3535 δὲ
1208 3484 1442 3554 Γραφῶν
1478 3484 1648 3551 ὑγιῶς
1690 3486 1851 3554 ἐρευ-

261 3574 549 3642 νωμένων,
583 3572 738 3626 οὐδὲν
790 3572 966 3643 ίσχύει
1010 3573 1256 3627 τοιοῦτον
1300 3573 1649 3641 σοφίσασθαι.
1684 3571 1855 3629 Αὗται

260 3666 374 3735 γάρ
432 3667 539 3717 sic:
591 3664 785 3736 λύχνος
837 3666 932 3719 καὶ
964 3666 1102 3734 φῶς,
1154 3668 1250 3720 καὶ
1309 3667 1507 3720 τούτου
1569 3668 1856 3737 φαίνοντος

261 3758 292 3808 ὁ
346 3755 591 3825 κλέπτης
644 3756 724 3826 (2)
756 3756 1010 3825 φαίνεται
1060 3759 1171 3829 καὶ,
1205 3756 1547 3827 εὑρίσκεται.
1589 3757 1857 3827 Φύγωμεν

261 3844 382 3912 οὖν,
407 3849 640 3917 ’ἀδελφοί
666 3830 795 3916 ρου,
821 3847 917 3902 τοῦ
940 3849 1198 3901 πλουσίου
1221 3847 1323 3919 τὴν
1349 3850 1606 3920 μίμησιν,
1639 3852 1733 3903 καὶ
1758 3852 1858 3921 τὴν

263 3938 479 3992 ἐκείνου
535 3938 939 4007 ἀπανθρωπίαν
989 3940 1355 4009 μισήσωμεν⁶
1418 3936 1753 4007 ζηλώσωμεν
1800 3938 1858 3992 δέ

261 4029 365 4098 τὴν
424 4028 521 4080 τοῦ
572 4028 830 4098 Λαζάρου
876 4030 1202 4099 φιλοσοφίαν
1238 4030 1337 4083 καὶ
1387 4029 1710 4099 καρτερίαν.
1756 4028 1858 4082 Διά

262 4121 375 4190 γὰρ
430 4120 588 4174 τοῦτο
649 4120 824 4174 ταῦτα
859 4121 1213 4192 προείρηται,
1250 4120 1340 4173 ἴνα
1380 4119 1456 4191 μὴ
1499 4121 1566 4173 τά
1594 4120 1734 4174 αὐτὰ
1778 4119 1858 4191 τῷ

263 4211 514 4281 πλουσίῳ
542 4211 829 4281 πάθωμεν.
871 4213 931 4264 Ei
961 4212 1069 4282 γὰρ
1101 4212 1355 4264 ἐϐούλετο
1376 4211 1624 4275 κολάσαι,
1658 4210 1759 4263 οὐκ
1790 4211 1857 4263 ἂν

261 4304 442 4356 ταῦτα
480 4307 745 4372 προεῖπεν
774 4320 792 4337 ο
824 4303 1013 4373 ἐπειδὴ
1043 4303 1099 4375 δέ
1136 4303 1293 4356 τοῦτο
1326 4305 1385 4357 οὐ
1424 4303 1701 4373 βούλεται,
1731 4302 1859 4356 τού-

262 4413 365 4449 του
398 4397 563 4466 χάριν
594 4396 876 4465 προλέγει,
911 4397 999 4449 ἶνα
1027 4399 1093 4467 τῇ
1121 4399 1430 4469 προρρήσει
1456 4395 1859 4468 σωφρονισθένο

266 4504 362 4547 τες
414 4488 514 4555 τὴν
568 4488 658 4541 διὰ
700 4488 793 4541 τοῦ
852 4490 1181 4558 πράγματος
1234 4492 1431 4559 πεῖραν
1489 4487 1854 4558 ἐκκλίνωμεν.

278 4582 677 4651 Ἀνανήψωμεν
695 4584 907 4647 τοίνυν,
942 4583 1246 4652 ἀγαπητοὶ,
1277 4584 1374 4636 καὶ
1392 4582 1497 4645 ἓως
1524 4584 1717 4653 καιρός
1742 4585 1858 4636 ἐστι

270 4676 591 4745 μετανοίας,
625 4678 724 4739 τὰς
760 4676 1039 4747 ἁμαρτίας
1074 4676 1495 4746 ἀπονιψώμεθα,
1535 4678 1630 4730 καὶ
1658 4678 1734 4747 μὴ
1758 4677 1857 4748 τὴν

1963 2391 2071 2430 non
2104 2376 2423 2435 audiamus.
2458 2390 2639 2445 neque
2672 2390 2735 2429 ex
2786 2373 2999 2429 inferno
3049 2372 3393 2427 venientibus
3431 2386 3547 2425 ere—

1961 2466 2176 2522 demus.
2209 2465 2323 2521 Hoc
2354 2477 2407 2520 ct
2431 2462 2983 2520 ostenderuntJudaei
3013 2479 3254 2534 quoque,
3293 2463 3387 2533 qui
3419 2478 3540 2518 cum

1965 2556 2286 2627 Scripturas
2324 2573 2434 2611 non
2468 2556 2830 2621 audivissent,
2865 2568 3041 2624 neque
3080 2564 3372 2624 postquam
3405 2568 3549 2608 mor-

1962 2661 2084 2704 tuos
2120 2657 2470 2718 resurgentes
2500 2647 2705 2711 videre,
2740 2645 3114 2708 crediderunt,
3159 2645 3254 2699 sed
3286 2652 3341 2698 et
3374 2643 3546 2698 Laza-

1962 2758 2081 2796 rum
2119 2743 2431 2797 intcriicere
2480 2742 2660 2796 conati
2698 2748 2850 2803 sunt,
2894 2747 2946 2793 et
2981 2736 3229 2807 quamvis
3272 2736 3326 2789 in
3362 2736 3542 2790 cruci-

1961 2836 2162 2888 lixione
2188 2834 2344 2888 multi
2375 2833 2577 2887 mortui
2602 2830 3027 2894 resurrexerint,
3056 2838 3237 2883 tamen
3264 2828 3547 2897 apostolos

1961 2928 2237 2996 persecuti
2308 2935 2441 2980 sunt
2488 2927 2657 2981 aedis
2708 2925 2985 2980 avidiores
3030 2922 3179 2978 facti.
3228 2923 3295 2977 Et
3338 2922 3383 2976 si
3417 2922 3545 2992 quid

1960 3036 2062 3077 nos
2102 3022 2389 3090 atljuvaret
2422 3022 2556 3075 illud
2603 3020 2671 3075 ad
2721 3020 2903 3082 iidem.
2935 3018 3141 3073 faceret
3176 3031 3321 3084 saepe
3362 3014 3545 3070 Domi--

1959 3129 2086 3168 ntts.
2123 3110 2278 3166 Nunc
2306 3121 2486 3167 autem
2516 3111 2654 3166 nihil
2689 3112 2761 3166 ita
2798 3127 2900 3165 nos
2927 3110 3171 3179 adjuvat,
3209 3118 3269 3163 ut
3296 3107 3543 3176 Scriptu-

1960 3218 2146 3257 rarum
2196 3213 2453 3258 accurata
2504 3204 2855 3272 investigatio
2890 3211 2945 3257 et
2976 3202 3363 3273 perscrutatio.
3399 3199 3543 3254 Illor-

1960 3304 2088 3349 tuos
2138 3295 2409 3349 suscitare
2457 3295 2689 3350 subdole
2723 3302 2958 3350 conatus
2997 3303 3143 3350 esset
3185 3302 3240 3348 et
3271 3293 3543 3357 diabolus,

1960 3400 2026 3440 ac
2047 3401 2143 3456 per
2169 3401 2264 3441 eos
2299 3387 2524 3441 insanos
2558 3387 2612 3441 in
2648 3401 2892 3441 errorem
2926 3386 3206 3452 traxisset,
3237 3385 3305 3440 de
3331 3385 3399 3440 iis
3423 3399 3544 3454 qua:

1961 3480 2014 3534 in
2050 3479 2268 3534 inferno
2303 3489 2435 3535 sunt
2480 3478 2691 3532 malitia
2735 3494 2834 3533 sua
2876 3479 3041 3549 digna
3080 3476 3338 3547 dogmata
3374 3475 3541 3531 semi-

1958 3588 2119 3627 nans.
2162 3572 2219 3624 Si
2252 3580 2435 3625 autem
2467 3569 2767 3641 Scripturae
2792 3580 2938 3624 recte
2968 3568 3374 3632 examinentur,
3408 3568 3545 3620 nihil

1960 3663 2278 3734 hujusmodi
2327 3664 2555 3720 subdole
2610 3673 2822 3718 tentare
2852 3663 3015 3717 valet.
3056 3662 3168 3716 Illae
3216 3661 3365 3716 cnim
3418 3670 3547 3716 sunt

1958 3753 2049 3807 fax
2078 3761 2133 3809 et
2161 3753 2369 3820 lumen,
2403 3768 2513 3823 quo
2552 3762 2849 3824 apparente
2880 3759 3106 3822 apparet
3140 3750 3228 3805 l‘ur
3253 3760 3307 3805 et
3336 3750 3543 3820 detegi-

1962 3851 2071 3900 tur.
2149 3844 2447 3915 Fugiamus
2523 3844 2731 3914 igitur,
2808 3843 3052 3906 fratres,
3115 3842 3302 3897 divitis
3378 3840 3545 3909 huius

1959 3937 2298 4007 exemplum,
2326 3949 2381 3992 et
2411 3936 2531 4005 ejus
2563 3935 3025 3991 inhumanitatem
3062 3934 3189 3989 odio
3221 3934 3541 3988 habeamus.

1965 4026 2316 4081 [Etnulemur
2354 4038 2537 4081 autem
2572 4026 2764 4081 Lazari
2791 4025 3203 4096 phil050phiam
3240 4033 3295 4078 et
3328 4024 3543 4094 patieu~

1964 4117 2116 4172 tiam.
2166 4118 2240 4172 Ea
2294 4119 2441 4171 enim
2478 4117 2737 4187 praedicta
2796 4125 2947 4183 sunt,
3008 4132 3076 4171 ne
3127 4116 3321 4171 eadem
3377 4129 3541 4184 quam

1959 4211 2109 4267 dives
2160 4212 2457 4281 patiamur.
2520 4210 2577 4265 Si
2628 4212 2773 4266 enim
2806 4210 2968 4266 vellet
3006 4210 3222 4280 punire,
3271 4226 3378 4263 uon
3428 4208 3544 4263 haec

1958 4303 2301 4373 prtediceret,
2334 4302 2475 4358 Cum
2506 4313 2691 4357 autem
2741 4301 2796 4356 id
2844 4316 2952 4357 non
2984 4300 3130 4364 Velit,
3166 4300 3373 4354 idcirco
3404 4313 3541 4367 pra:-

1961 4396 2117 4459 dicit,
2175 4405 2233 4450 ut
2272 4397 2633 4466 prazdictione
2682 4395 2773 4448 illa
2830 4396 3111 4464 sapientes
3164 4391 3315 4457 facti,
3360 4392 3539 4462 ipsum

1960 4492 2396 4559 esperimentum
2446 4490 2810 4546 declinemus.
2868 4478 3305 4561 Resipiscamus}
3354 4489 3540 4557 igitur,

1962 4584 2295 4647 charissitui,
2334 4593 2387 4638 et
2416 4584 2545 4638 dum
2581 4595 2795 4653 tempus
2829 4594 2911 4637 est
2948 4583 3309 4653 pmnitentiae,
3343 4582 3535 4652 culpas

1965 4676 2276 4741 abluamus,
2330 4692 2509 4745 neque
2552 4676 2797 4746 patulam
2835 4684 2890 4729 et
2936 4675 3101 4728 latam
3136 4674 3359 4727 malitia:
3402 4675 3541 4725 viam

267 4766 540 4821 πλατεῖαν
575 4769 670 4820 καὶ
705 4767 1024 4838 εὐρύχωρον
1062 4767 1163 4837 τῆς
1195 4768 1395 4830 κακίας
1436 4767 1575 4831 ὁδὸν,
1604 4768 1703 4836 τῆς
1736 4784 1856 4820 στε-

1963 4776 2206 4837 augusta:
2268 4775 2321 4820 et
2366 4776 2530 4820 arcta:
2590 4767 2853 4821 virtutum
2908 4767 3010 4821 via:
3055 4766 3433 4836 pra-feramus.
3488 4766 3542 4819 Si

264 4858 367 4927 νῆς
399 4860 495 4911 καὶ
543 4859 919 4930 τεθλιμμένης
972 4860 1082 4913 τῶν
1129 4860 1345 4930 ἀρετῶν
1402 4862 1856 4932 προτιμήσωμεν.

266 4949 334 5007 Εἰ
365 4952 474 5017 γὰρ
506 4948 600 5003 καὶ
626 4949 983 5020 πλατείαῖςό)
1025 4950 1121 5002 καὶ
1162 4951 1425 5020 ἀνειμένη
1456 4952 1488 5020 ὴ
1522 4950 1621 5017 τῆς
1658 4949 1862 5013 κακίας

1958 4860 2103 4913 enim
2152 4872 2205 4912 et
2244 4860 2351 4913 lata
2395 4868 2450 4913 et
2478 4859 2654 4914 facilis
2698 4867 2783 4913 est
2836 4859 3058 4913 malitia:
3105 4859 3209 4921 via,
3265 4859 3543 4912 nihilomi-

1962 4965 2066 5003 nus
2109 4950 2159 5003 in
2198 4957 2413 5003 arctum
2452 4950 2613 5002 linem
2649 4950 2901 5013 vertitur,
2947 4949 3012 5001 ad
3046 4950 3245 5002 anima:
3281 4949 3540 5018 perditior

264 5038 412 5103 ὁδὸς,
442 5038 556 5092 ἀλλ’
588 5040 668 5102 είς
700 5039 890 5093 στενὸν
918 5038 1291 5110 καταστρέφει
1314 5040 1491 5105 τέλος,
1517 5040 1613 5093 ἐπὶ
1639 5038 1739 5110 τὴν
1762 5041 1856 5109 τῆς

1965 5056 2089 5095 nem
2150 5041 2361 5096 ducens
2420 5051 2474 5095 et
2524 5041 2591 5095 ad
2652 5040 2901 5096 divinum
2944 5039 3185 5095 tribunal
3234 5055 3540 5095 arcessens.

340 5240 458 5311 (96)
497 5242 716 5297 Μωσέα
745 5240 845 5294 καί
875 5269 945 5280 -—
973 5239 1325 5309 διδάγματα.
1361 5240 1475 5297 Hac
1518 5242 1849 5311 interpreta-

270 5314 445 5373 tione,
479 5312 533 5365 ni
571 5312 747 5373 fallor,
781 5312 1141 5380 supersedere
1164 5322 1397 5377 poterat.

492 5383 668 5461 (ξησί.
701 5383 870 5461 timuit!
902 5380 1071 5461 a_djeci
1099 5394 1164 5433 ex
1191 5384 1312 5435 cod.

344 5449 459 5519 (98)
508 5452 687 5506 Ἐπεί.
726 5449 817 5504 Sic
837 5449 957 5505 dedi
982 5451 1049 5505 de
1077 5464 1220 5516 meo,
1258 5466 1355 5521 pro
1381 5452 1498 5516 ἐπί,
1530 5452 1672 5522 quod
1702 5462 1850 5507 uter-

272 5537 382 5591 que
421 5523 601 5591 codex
625 5524 805 5574 habet.

346 5592 461 5658 (99)
494 5590 758 5659 Λάζὶιρον
786 5590 1031 5646 ἀνελεῖν
1060 5591 1437 5659 ἐπεχείρουν.
1473 5590 1535 5644 ν.
1565 5592 1723 5647 Joan.
1754 5608 1849 5653 xu,

275 5662 363 5721 ίυ,
397 5662 791 5713 ἐδουλεύσαντο
816 5663 873 5714 δέ
905 5665 976 5723 ol,
1011 5680 1064 5713 κ.
1101 5679 1153 5715 τ.
1176 5664 1226 5716 λ.

345 5732 423 5798 (l)
475 5732 862 5785 Ἐπετίθεντο.
894 5731 981 5786 Sic
1014 5734 1222 5785 correxi
1264 5750 1360 5798 pro
1396 5733 1697 5784 ὲπιτίθενττι
1747 5735 1819 5781 (ἴεν

274 5803 375 5855 tit“
420 5801 477 5852 ii.
524 5803 743 5857 omissis
774 5804 1051 5867 omnibus,
1099 5819 1218 5871 qum
1254 5808 1491 5869 leguntur
1549 5807 1675 5855 inter
1722 5822 1797 5850 »με

1954 5243 2067 5295 λεῖν
2089 5254 2142 5298 et
2169 5244 2507 5305 ἐπετίθεντο,
2531 5244 2693 5298 habet
2717 5244 3026 5314 ἐπεπήδων,
3056 5243 3200 5308 quod
3228 5260 3332 5298 non
3359 5245 3538 5299 minus

1962 5314 2091 5368 huic
2121 5315 2240 5368 loco
2270 5317 2545 5376 convenit,
2593 5330 2756 5385 quam
2791 5313 3130 5379 ἐπετίθεντο,
3162 5324 3328 5385 atque
3371 5314 3534 5370 etiam

1962 5385 2223 5452 majorem
2254 5386 2359 5437 vim
2391 5385 2571 5439 habet.
2602 5412 2619 5433 ι’
2646 5384 2651 5389 “

2035 5456 2111 5525 (:2)
2157 5454 2220 5505 '0
2257 5454 2549 5521 κλέπτης.
2596 5455 2900 5514 ’Λπατεὼν,
2930 5455 3211 5523 σοφιστής.

2035 5524 2111 5593 (5)
2138 5524 2205 5573 Ei
2237 5525 2346 5593 γὰρ
2381 5526 2475 5577 καί
2532 5525 2808 5578 πλατεῖα.
2850 5526 2957 5577 Καί
2994 5526 3173 5578 addidi
3207 5542 3272 5578 ex
3316 5527 3436 5579 cod.
3477 5527 3533 5578 [ἴ.

1966 5594 2083 5645 Mox
2141 5595 2355 5648 correxi
2390 5611 2605 5662 qtmque
2654 5612 2715 5648 ex
2748 5596 2935 5648 eodem
2982 5595 3075 5647 ἐπὶ
3109 5594 3207 5663 τὴν
3232 5596 3329 5663 τῆς
3359 5596 3537 5664 ψυχῆς

1967 5664 2291 5716 καταντῶσα
2339 5664 2636 5718 ἀπώλειαν.
2670 5679 2767 5732 pro
2796 5666 2999 5733 quibus
3030 5666 3226 5719 vitiose
3259 5666 3453 5734 it‘gillll‘
3482 5668 3533 5715 in

1961 5736 2080 5789 aud.
2115 5734 2171 5786 Λ.
2233 5736 2352 5787 Ἐπὶ
2392 5737 2489 5802 τῆς
2518 5737 2694 5803 ψυχῆς
2740 5736 3067 5789 καταντῷσα
3102 5737 3184 5797 εἰς
3235 5736 3529 5789 ἀπώλειαν.
