4182 6454
232 432 367 499 1237

1668 432 2111 494 OllATIONES

3373 412 3508 479 1238

230 546 260 596 6
292 544 572 615 ὀφθαλμός
596 561 610 576 ⁸
637 545 735 601 ἐὰν
774 548 801 600 6
844 545 1122 616 ὀφθαλμός
1157 562 1248 597 σου
1277 541 1478 605 ἁπλοῦς
1509 538 1567 614 ᾖ,
1604 542 1725 594 ὅλον
1759 541 1821 593 τδ

1940 551 2029 609 εει,
2061 541 2300 597 tenebrae
2327 547 2477 604 sunt,
2518 536 2646 607 ipsa:
2677 533 2911 590 tenebrae
2940 545 3157 601 quanta:
3178 528 3372 583 erunt?
3396 545 3411 576 ι
3440 555 3506 566 -

1516 589 1543 614 ιι

234 633 397 705 σῶμά
447 654 538 689 σου
562 636 824 706 φωτεινδν
856 637 1009 691 ἔσται
1042 654 1055 668 ·
1098 639 1193 690 ἐὰν
1236 636 1292 690 δὲ
1328 637 1354 689 ό
1400 633 1677 705 ὀφθαλμός
1725 651 1818 686 σου

234 729 475 799 πονηρὸς
576 730 697 783 ὅλον
727 730 788 783 τὸ
820 730 979 799 σῶμά
1009 748 1101 782 σου
1132 729 1406 782 σκοτεινὸν
1438 728 1613 781 ἔσται.
1646 728 1707 779 Εἰ
1728 726 1823 779 οῦν

232 818 295 870 τὸ
325 819 461 886 φῶς,
494 820 555 871 τδ
580 822 639 871 ἐν
671 823 778 885 σοὶ,
832 821 1024 883 σκότος
1053 820 1192 880 ἐστὶ,
1225 820 1287 871 ab
1311 819 1501 880 σκότος
1546 818 1711 869 πόσον
1752 835 1764 881 ;
1798 836 1815 867 ι

235 912 423 964 Θέλων
452 914 480 964 6
505 911 714 983 Κύριος
760 912 1127 983 ἐλευθερῶσαι
1159 913 1305 981 ἡμᾶς
1344 910 1438 962 τοῦ
1484 908 1691 971 πάθους
1725 906 1825 976 τῆς

236 1007 637 1076 φιλαργυρίας,
676 1007 882 1076 μᾶλλον
928 1007 985 1060 δὲ
1031 1006 1133 1074 τῆς
1180 1004 1418 1067 ἀδικίας,
1468 1004 1562 1056 καὶ
1605 1002 1716 1054 τῶν
1762 1003 1827 1054 ὲκ

232 1097 446 1167 ταύτης
479 1098 694 1162 παθῶν,
728 1099 819 1152 τὸν
852 1099 984 1168 περὶ
1018 1097 1117 1166 τῆς
1152 1095 1541 1165 ὰκτημοσύνης
1580 1093 1825 1147 διδάσκει

233 1190 421 1256 λόγον,
483 1193 578 1243 καὶ
635 1191 723 1244 διὰ
775 1189 991 1242 πολλῶν
1044 1188 1508 1257 παραδειγμάτων
1560 1186 1685 1247 τοὺς
1734 1202 1824 1237 πι-

242 1282 543 1343 στεύοντας
570 1283 729 1352 φέρει
755 1284 834 1344 εἰς
864 1280 963 1351 τὴν
988 1281 1095 1333 τῶν
1118 1279 1430 1348 λεγομένων
1462 1277 1710 1344 ὑπακοὴν
1736 1275 1830 1329 καὶ

238 1375 578 1428 εὐπείθειαν.
614 1374 724 1427 Καὶ
771 1372 941 1426 εἰπὼν
989 1372 1205 1442 πρῶτον
1243 1372 1377 1437 (Η),
1428 1370 1509 1421 ὅτι
1540 1388 1556 1419 ι
1591 1368 1681 1437 Μὴ
1735 1367 1833 1430 θη-

238 1466 533 1534 σαυρίζετε
562 1466 693 1534 ὑμῖν
726 1465 1040 1535 θησαυροὺς
1066 1464 1157 1515 ἐπὶ
1188 1463 1284 1530 τῆς
1314 1463 1439 1529 γῆς,
1469 1459 1831 1529 θησαυρίζετε

234 1557 295 1609 δὲ
341 1557 558 1618 ἑαυτοῖς
594 1556 907 1626 θησαυροὺς
939 1557 996 1609 ὲν
1036 1555 1150 1618 τοῖς
1196 1554 1449 1623 οὐρανοῖς
1477 1570 1488 1583 ·
1525 1570 1542 1603 ι
1581 1556 1675 1605 καὶ
1726 1551 1834 1604 δεί-

240 1650 343 1714 ξας
394 1650 495 1717 μὲν
541 1650 633 1702 τὸν
686 1652 743 1702 ἐν
793 1649 1046 1717 οὐρανοῖς
1077 1647 1350 1717 θησαυρὸν
1388 1646 1693 1714 ἄφθαρτον,
1734 1643 1832 1696 καὶ

240 1741 615 1811 ἁδαπάνητον,
644 1741 741 1793 καὶ
797 1741 1032 1793 πάντοτε
1086 1738 1449 1808 διαμένοντα’
1499 1736 1593 1790 τον
1644 1734 1703 1788 δὲ
1742 1734 1833 1788 ἐπὶ

239 1832 349 1899 γῆς
385 1831 661 1901 Θησαυρὸν
694 1830 831 1899 πρὸς
862 1830 1044 1898 ὀλίγον
1077 1830 1402 1898 φαινόμενον
1436 1826 1533 1880 καὶ
1568 1823 1832 1891 ἀφανιζό-

248 1937 435 1989 μενον,
477 1920 617 1991 μετὰ
667 1920 840 1974 ταῦτα
889 1920 984 1973 κοιλ⁸
1037 1920 1225 1990 ἕτερον
1278 1916 1631 1988 παράδειγμα
1677 1914 1833 1983 φέρει

241 2008 421 2075 λέγων
442 2025 456 2041 ·
492 2028 510 2061 ι
548 2009 610 2063 '0
642 2009 835 2081 λύχνος
856 2009 950 2064 τοῦ
975 2008 1228 2080 σώματός
1259 2009 1408 2062 ἐστιν
1435 2010 1461 2060 6
1484 2005 1785 2074 ὀφθαλμός.
1811 2024 1828 2057 ι

245 2100 430 2170 Ὅπερ
467 2103 575 2170 γάρ
605 2103 760 2156 ἐστιν
793 2103 821 2155 6
854 2101 1139 2171 ὀφθαλμὸς
1166 2102 1223 2154 ἐν
1252 2099 1487 2170 σώματι,
1522 2098 1684 2151 τοῦτο
1711 2097 1835 2161 νοῦς

244 2194 397 2246 ἐστιν
426 2197 484 2247 ὲν
511 2197 577 2264 τῇ
616 2193 765 2266 ψυχῇ
797 2210 810 2224 ’
853 2195 947 2247 καὶ
977 2194 1167 2265 ὥσπερ
1190 2195 1217 2246 6
1245 2191 1528 2261 ὀφθαλμὸς
1568 2191 1728 2261 ὑγιὴς
1759 2189 1835 2244 ὢν

244 2290 477 2360 φωτίζει
502 2292 563 2342 τὸ
615 2291 799 2361 σῶμα,
841 2291 1079 2360 νοσώδης
1110 2290 1165 2342 δὲ
1204 2288 1465 2354 σκοτίζει,
1512 2286 1654 2340 οὕτω
1687 2288 1778 2338 καὶ
1807 2288 1835 2339 6

242 2380 393 2445 νοῦς,
432 2382 526 2434 ἐὰν
569 2381 667 2451 μὲν
715 2380 957 2452 καθαρὸς
987 2376 1044 2454 ᾖ,
1089 2381 1182 2434 καλ⁵
1216 2380 1353 2449 πρὸς
1398 2378 1536 2450 μόνα
1570 2377 1742 2449 βλέπῃ
1769 2375 1835 2429 τὰ

245 2472 370 2525 θεῖα
404 2474 500 2526 καὶ
526 2473 733 2538 δίκαια,
759 2474 855 2527 καὶ⁵
884 2474 1020 2544 πρὸς
1048 2473 1232 2526 ἐκεῖνα
1269 2471 1359 2526 διὰ
1393 2471 1596 2534 παντὸς
1628 2486 1836 2541 γρηγο-

248 2564 360 2633 ρῶν
395 2570 553 2636 μένῃ.
599 2566 694 2619 καὶ
724 2567 756 2635 ἡ
791 2565 938 2635 ψυχὴ
965 2565 1061 2627 τὰς
1093 2564 1150 2631 ἐξ
1178 2563 1345 2618 αὐτοῦ
1377 2564 1593 2633 δέχεται
1614 2562 1837 2632 λαμπη-

240 2657 406 2715 δόνας
453 2658 548 2711 καὶ
587 2658 884 2726 φωτίζεται
934 2659 1031 2711 καὶ
1085 2658 1453 2727 καθαίρεται·
1508 2657 1604 2709 ἐὰν
1655 2655 1712 2708 δὲ
1756 2657 1836 2720 είς

246 2751 521 2820 πονηρίαν
581 2753 831 2822 ἐκτραπῇ
869 2751 1060 2821 (6(15)
1117 2749 1286 2819 νοῦς),
1324 2750 1418 2802 καὶ
1470 2752 1536 2820 τῇ
1593 2748 1835 2818 φροντίδι

242 2843 357 2893 τῶν
392 2844 694 2914 χρημάτων
728 2843 759 2913 ἢ
800 2845 865 2913 τῇ
906 2843 1172 2912 ἐπιθυμίᾳ
1206 2843 1315 2893 τῶν
1352 2840 1541 2893 παοῶν
1585 2840 1834 2912 κρατηοῇ

248 2936 348 2988 καὶ
401 2932 757 3005 π’ροσηλωθῇ,
793 2933 1093 3003 τυφλοῦται
1125 2934 1217 2986 καὶ
1272 2934 1599 2997 σκοτίζεται.
1640 2934 1748 2985 Τοῦ
1780 2933 1837 2986 δὲ

244 3025 342 3078 νοῦ
388 3024 799 3089 σκοτωθέντος,
830 3025 926 3078 καὶ
958 3026 991 3094 ὴ
1034 3024 1184 3094 ψυχὴ
1224 3024 1415 3085 σκότος
1455 3023 1686 3092 γίνεται,
1742 3027 1837 3076 καὶ

245 3116 386 3167 πσλὺ
419 3116 582 3168 πλέον
610 3116 673 3169 τὸ
709 3114 886 3185 σῶμα.
931 3114 993 3167 '0
1023 3114 1132 3184 γὰρ
1159 3112 1249 3165 τὸν
1299 3112 1426 3166 νοῦν
1466 3113 1736 3180 ἀφανίσας
1768 3115 1834 3184 τῇ

1926 635 2131 689 Volens
2162 630 2427 686 Dominus
2470 643 2571 684 nos
2628 628 2695 681 ab
2736 624 2980 680 avaritiae
3024 621 3323 689 cupiditate
3369 618 3505 672 libo—

1928 742 2074 788 rare,
2138 725 2222 778 rel
2276 724 2456 793 potius
2515 721 2583 776 ab
2634 718 2899 788 iniustitia
2961 730 3014 771 et
3064 712 3321 769 omnibus
3380 711 3508 765 inde

1929 802 2293 873 nascentibus.
2327 814 2496 877 vitiis,
2530 827 2841 867 sermonem
2889 808 3050 891 habet
3100 808 3166 861 de
3213 804 3419 874 inOpia,
3456 811 3510 855 ct

1931 909 2120 964 multis
2151 907 2415 974 exemplis
2450 904 2636 960 ﬁdeles
2684 905 2749 959 ad
2794 901 3156 957 obedientiam
3202 907 3257 953 et
3283 912 3508 967 persua-

1931 1000 2140 1054 sionem
2179 999 2423 1053 adducit.
2449 996 2662 1050 Etdixit
2695 996 2930 1065 primum
2962 1010 2977 1045 :
3012 1010 3030 1042 ι
3059 990 3237 1044 Nolite
3284 990 3508 1043 thesau-

1932 1093 2106 1147 rizare
2135 1092 2295 1147 vobis
2336 1094 2625 1146 thesauros
2650 1089 2703 1142 in
2756 1096 2941 1151 terra;
2982 1083 3353 1141 thesaurizate
3404 1097 3508 1135 au-

1932 1194 2037 1238 tem
2067 1185 2218 1238 vobis
2243 1184 2528 1237 thesauros
2559 1182 2612 1236 in
2642 1181 2785 1235 cmlo
2809 1196 2822 1244 ;
2849 1198 2864 1229 ι
2906 1187 2959 1231 et
2989 1176 3234 1231 ostendit
3282 1173 3504 1243 quidem

1932 1278 2185 1331 caelestes
2227 1277 2518 1329 thesauros
2552 1271 3021 1342 incorruptibiles,
3071 1271 3511 1334 inconsumptos,

1932 1375 1985 1421 ct
2025 1373 2285 1435 perpetuo
2316 1367 2624 1430 durantcs;
2672 1364 2960 1417 thesauros
3003 1368 3184 1415 autem
3225 1364 3513 1412 terrestres

1933 1459 2213 1528 paululum
2268 1458 2532 1527 tempovis
2577 1457 2963 1525 COITllplibiiCS
2999 1464 3051 1508 et
3098 1460 3510 1506 evanescentcs.

1938 1554 2141 1608 Deinde
2171 1565 2225 1610 ct
2259 1556 2493 1609 alterum
2544 1555 2854 1623 exemplum
2890 1552 3047 1629 aﬂ‘ert
3079 1552 3306 1605 dicens:
3346 1567 3364 1600 ι
3404 1548 3516 1603 Lu-

1936 1662 2099 1702 cerna
2125 1648 2373 1718 corporis
2405 1657 2487 1703 est
2523 1647 2738 1702 oculus.
2781 1664 2800 1698 ι
2837 1646 2991 1711 Quod
3017 1643 3161 1697 enim
3191 1644 3247 1696 in
3283 1654 3519 1711 corpore

1936 1750 2017 1794 est
2045 1739 2260 1800 oculus.
2291 1738 2345 1794 id
2393 1755 2545 1794 meus
2588 1748 2671 1794 est
2714 1738 2765 1792 in
2800 1737 3005 1792 anima.
3058 1734 3122 1788 Et
3153 1732 3515 1802 quemadmo—

1939 1833 2067 1885 dum
2126 1832 2342 1894 oculus,
2388 1832 2433 1886 si
2489 1847 2657 1888 sanus
2712 1832 2804 1895 sit,
2855 1845 3058 1901 corpus
3108 1827 3415 1891 illuminat;
3470 1825 3517 1880 si

1937 1940 2101 1995 mger,
2136 1925 2460 1979 obnubilat:
2502 1924 2574 1977 ita
2605 1933 2659 1978 et
2699 1939 2873 1986 mens,
2910 1923 2952 1977 si
2987 1922 3055 1976 sit
3101 1920 3303 1973 munda
3352 1925 3518 1987 atque

1937 2017 2002 2071 ad
2053 2018 2169 2072 sola
2218 2017 2403 2071 divina
2447 2026 2501 2071 et
2540 2011 2689 2086 jusla
2736 2013 3017 2083 respiciat,
3068 2011 3245 2081 iisque
3300 2025 3520 2079 semper

1945 2107 2214 2177 invigilet,
2250 2109 2433 2162 anima
2466 2122 2530 2162 ex
2558 2121 2624 2161 eo
2658 2108 2843 2161 lumen
2876 2104 3079 2173 accipit
3111 2111 3167 2157 et
3200 2103 3515 2158 illuminata

1938 2200 2283 2269 puriﬁcatur.
2322 2198 2378 2253 Si
2412 2209 2592 2253 autem
2638 2213 2697 2253 se
2738 2200 2805 2252 ad
2838 2197 3043 2251 malum
3075 2205 3249 2251 vertat
3290 2206 3345 2251 et
3380 2195 3522 2249 divi-

1938 2293 2140 2347 tiarum
2176 2291 2451 2348 desiderio
2491 2290 2575 2346 vel
2620 2289 2986 2359 cupiditatum
3024 2290 3221 2343 ardore
3270 2286 3521 2341 vincatur

1936 2394 1990 2442 et
2032 2386 2308 2453 dometur,
2355 2401 2498 2442 caeca
2550 2385 2608 2438 lit
2652 2392 2708 2440 et
2750 2385 3063 2440 tenebrosa.
3111 2381 3287 2437 Mente
3337 2389 3519 2434 autem

1938 2478 2257 2541 obscurata,
2299 2486 2351 2534 et
2383 2477 2566 2531 anima
2602 2474 2660 2531 ﬁt
2699 2476 3012 2539 tenebrosa,
3044 2483 3099 2528 et
3131 2474 3304 2527 multo
3346 2472 3522 2538 magis

1938 2584 2163 2640 corpus.
2192 2568 2294 2633 Qui
2326 2567 2473 2620 enim
2504 2574 2740 2620 mentem
2775 2563 3084 2634 inquinavit
3116 2561 3523 2631 voluptatibus,

1937 2675 2171 2731 eamque
2241 2660 2604 2729 cupiditatum
2663 2656 2859 2711 ardore
2917 2655 3280 2717 obscuravit,
3331 2667 3523 2707 omnes

1938 2768 2070 2809 suas
2100 2752 2354 2820 prasenti
2383 2752 2491 2804 vita
2523 2750 2772 2803 actiones
2794 2747 3057 2803 exstinxit
3090 2753 3145 2800 et
3168 2744 3437 2813 corrupit,
3469 2749 3526 2797 et

1938 2845 2067 2901 inde
2098 2846 2315 2898 iri-itum
2346 2844 2474 2899 fecit
2498 2844 2691 2898 salutis
2721 2856 2836 2895 sua
2863 2838 3149 2909 impetum.
3178 2838 3526 2908 Quapropter

1938 2936 2073 2991 dicit
2116 2936 2410 2991 Christus:
2448 2954 2465 2985 ς
2503 2931 2559 2987 Si
2596 2933 2763 3003 igitur
2807 2932 2991 2985 lumen
3040 2928 3186 2999 quod
3238 2928 3292 2981 in
3346 2935 3397 2982 te
3440 2936 3528 2982 est

1939 3029 2176 3084 tenebrae
2206 3036 2355 3091 sunt,
2405 3025 2643 3081 tenebrae
2673 3032 2897 3095 quantae
2945 3022 3141 3076 erunt?
3184 3040 3202 3073 ι
3246 3022 3297 3075 id
3332 3028 3437 3085 est,
3477 3017 3525 3072 si

1938 3137 2093 3177 ruens
2124 3136 2245 3191 quae
2284 3120 2524 3174 animam
2578 3132 2630 3172 et
2660 3132 2859 3187 corpus
2891 3125 3043 3171 tuum
3076 3114 3349 3169 illuminat
3379 3122 3528 3166 tene-

244 3208 359 3260 τῶν
397 3209 601 3261 ὑλικῶν
634 3207 1003 3278 προ-σπαθείᾳ,
1041 3207 1135 3259 καὶ
1184 3210 1249 3276 τῇ
1283 3207 1551 3276 ἐπιθυμίᾳ
1583 3204 1693 3258 τῶν
1730 3222 1834 3259 πα-

1942 3215 2053 3269 brae
2090 3214 2181 3268 iiat
2215 3214 2531 3268 divitiarum
2575 3211 2946 3267 sollicitudine
2979 3220 3031 3263 et
3067 3208 3334 3262 malarum
3365 3203 3525 3273 cupi-

245 3299 362 3352 θῶν
400 3300 659 3362 σκοτίσας
713 3299 883 3353 αὑτοῦ
920 3299 1056 3370 (16),
1086 3298 1270 3361 πάσας
1322 3298 1490 3350 αὑτοῦ
1539 3298 1639 3361 τὰς
1681 3300 1738 3349 ἐν
1768 3299 1834 3368 τῇ

250 3390 511 3461 παρούσῃ
545 3391 658 3461 ζωῇ
699 3393 929 3461 πράξεις
961 3390 1151 3443 ἔσϐεσε
1183 3391 1281 3445 καὶ
1304 3390 1561 3454 ὲῦόλωσε,
1593 3390 1686 3442 καὶ
1717 3389 1829 3442 λοι-

247 3484 354 3534 πον
389 3484 703 3551 ἐματαίωσε
735 3484 835 3547 τὰς
868 3484 968 3553 τῆς
998 3484 1297 3555 ίσωτηρίας
1335 3482 1502 3536 αὑτοῦ
1557 3484 1834 3552 ἀφορμάς.

252 3574 351 3626 Διὰ
396 3574 555 3627 τοῦτο
583 3575 733 3643 λέγει
768 3576 795 3627 6
821 3576 1091 3647 Χριστός·
1137 3594 1154 3626 ι
1189 3576 1251 3627 Ei
1299 3570 1391 3627 οὖν
1442 3573 1501 3626 τὸ
1531 3573 1648 3642 φῶς
1691 3571 1753 3625 τὸ
1782 3574 1840 3625 ὲν

246 3667 331 3717 σοὶ
364 3667 554 3730 σκότος
602 3668 739 3732 ἐστὶ,
790 3666 853 3719 τὸ
882 3667 1073 3730 σκότος
1117 3667 1319 3731 πόσονς
1354 3685 1371 3718 ι
1405 3665 1704 3728 τουτέστιν,
1742 3664 1837 3717 ἐὰν

245 3758 277 3809 6
313 3757 463 3821 νοῦς,
497 3758 751 3826 φωτίζων
783 3776 877 3811 σου
900 3758 999 3829 τὴν
1021 3758 1199 3828 ψυχὴν
1231 3759 1323 3812 καὶ
1353 3757 1415 3810 τὸ
1442 3756 1625 3826 σῶμα,
1649 3758 1840 3819 σκότος

246 3848 480 3918 γένηται
515 3852 579 3919 τῇ
624 3850 867 3919 φροντίδι
909 3850 1020 3903 τῶν
1072 3851 1373 3921 χρημάτων
1405 3848 1498 3901 καὶ
1531 3850 1596 3919 τῇ
1649 3847 1843 3900 ἐπιθυ-

253 3939 357 4011 μίᾳ
389 3939 501 3992 τῶν
550 3940 773 3995 ἀτόπων
816 3940 1008 3996 παθῶν
1046 3941 1376 4010 τυφλωθεὶς,
1430 3941 1583 4011 πόσῳ
1639 3940 1842 4010 μᾶλλον

248 4031 672 4101 σκοτισθήσεται
696 4035 727 4103 ή
758 4034 908 4104 ψυχὴ
941 4034 1117 4087 καὶτὸ
1146 4034 1305 4103 σῶμα
1333 4034 1345 4085 l
1378 4035 1551 4087 Ὅταν
1577 4034 1686 4103 γὰρ
1712 4033 1840 4087 σϐε-

250 4121 356 4191 σθῇ
389 4123 416 4173 6
450 4122 646 4193 λύχνος
678 4124 778 4194 τῆς
815 4124 999 4195 ψυχῆς
1027 4127 1123 4177 καὶ
1163 4124 1257 4177 τοῦ
1308 4124 1582 4194 σώματος,
1616 4125 1785 4194 ἦγουν
1815 4127 1841 4178 ὁ

259 4216 403 4280 ρούς,
435 4218 563 4268 ποία
614 4218 801 4270 λοιπὸν
839 4220 1128 4287 γενήσεται
1180 4218 1456 4289 σωτηρίας
1508 4217 1699 4283 ἐλπίς;
1753 4219 1843 4278 Ὠς

258 4310 377 4376 φῶς
406 4310 463 4362 δὲ
488 4310 581 4363 καὶ
614 4310 737 4374 νοῦς
774 4310 1013 4381 καθαρὸς
1048 4312 1098 4364 οἱ
1139 4313 1195 4363 ἐν
1228 4310 1497 4375 ἐξουσίαις
1524 4314 1618 4364 καὶ
1648 4315 1843 4382 ἀρχαῖς

253 4406 659 4471 πνευματικαῖς
705 4420 764 4456 τε
814 4404 909 4455 καὶ
958 4406 1255 4473 κοσμικαῖς
1298 4404 1627 4474 τεταγμένοι
1674 4405 1732 4455 ἐν
1766 4403 1843 4474 τῷ

252 4496 454 4565 κόσμῳ
486 4496 798 4563 ὀφείλουσιν
832 4490 998 4562 εἷναι,
1024 4494 1165 4548 ὥστε
1194 4496 1454 4564 φωτίζειν
1481 4497 1607 4559 τοὺς
1631 4495 1844 4567 ἀνθρὼ-

252 4604 392 4649 ττους
433 4589 571 4657 πρὸς
599 4588 668 4640 τὰ
705 4587 847 4642 καλὰ
876 4588 972 4640 καὶ
1000 4590 1269 4657 σωτήρια,
1299 4590 1396 4641 καὶ
1424 4587 1717 4656 φυλάττειν
1748 4591 1842 4640 καὶ

252 4683 547 4751 συντηρεῖν
577 4680 778 4744 αὐτοὺς
807 4681 917 4734 ἀπὸ
934 4682 1114 4751 πάσης
1144 4680 1373 4750 βλάϐης,
1407 4682 1502 4735 καὶ
1519 4680 1835 4750 ἐπιϐουλῆς,

250 4773 349 4826 καὶ
400 4770 733 4833 κακώσεως·
774 4773 823 4825 εί
875 4771 933 4824 δὲ
959 4767 1106 4826 οῦτοι
1143 4774 1263 4835 ταῖς
1309 4772 1544 4832 ἀδικίαις
1582 4770 1834 4841 χαίρουσι

250 4865 349 4918 καὶ
383 4866 504 4926 ταῖς
534 4865 814 4933 ἁρπαγαῖς
839 4864 934 4915 καὶ
974 4865 1095 4925 ταῖς
1128 4862 1467 4927 πλεονεξίαις
1493 4862 1832 4929 δουλεύουσι,

252 4957 350 5008 καὶ
414 4953 636 5023 ἀμελῶς
688 4953 784 5007 καὶ
844 4951 1107 5023 ῥᾳθύμως
1140 4954 1277 5024 πρδς
1333 4953 1479 5025 ἆπερ
1534 4953 1838 5022 ὀφείλουσι,

247 5050 577 5110 διάκεινται,
610 5047 665 5099 τί
693 5046 943 5099 πείσεται
976 5046 1232 5111 ὁτούτοις
1264 5048 1625 5117 ὑποκείμενος
1652 5048 1841 5112 λοιπὸς

248 5140 402 5203 λαὸς,
427 5139 486 5202 ὃς
523 5138 676 5206 μόλις
706 5138 845 5206 πρὸς
867 5142 929 5192 τι
956 5139 1121 5193 καλὸν
1142 5139 1363 5209 ἔρχεται
1409 5142 1475 5209 τῇ
1506 5138 1616 5192 τῶν
1641 5156 1831 5210 κρειτ-

252 5234 425 5287 τόνων
469 5232 689 5304 όδηγίᾳ,
742 5232 838 5286 καλ⁸
880 5234 946 5302 τῇ
977 5232 1116 5302 καλῇ
1166 5233 1263 5285 καὶ⁸
1319 5232 1455 5303 ὀρθῇ
1517 5232 1616 5300 τῆς
1664 5232 1841 5302 ἀρχῆς

252 5326 348 5378 καὶ
372 5323 475 5392 τῆς
496 5324 745 5390 ἐξουσίας
774 5323 883 5375 τῶν
901 5324 1177 5393 ποιμένων
1210 5324 1305 5375 καὶ
1329 5323 1665 5377 διδασκάλων
1699 5323 1834 5391 (17).

255 5415 420 5470 οὕτω
453 5415 561 5485 γὰρ
590 5417 685 5469 καὶ
710 5418 759 5468 0i
788 5415 937 5483 ἅγιοι
969 5418 1061 5467 καὶ
1087 5415 1223 5467 θεῖοι
1249 5414 1540 5468 ἀπόστολοι
1564 5415 1836 5486 ὀφθαλμοὶ

329 5528 447 5597 (l6)
481 5528 744 5597 Πρῶτον.
787 5530 1095 5600 Ἀνωτέρω.
1132 5530 1191 5584 Β.
1227 5529 1486 5600 Rrspicit.
1520 5546 1570 5585 ν.
1610 5531 1699 5586 19.

331 5600 445 5669 (15)
478 5602 697 5661 Omittit
731 5602 856 5655 cod.
896 5601 952 5654 Il.
983 5610 1037 5652 et
1063 5602 1259 5655 abesse
1292 5612 1543 5665 possunt.

330 5670 444 5739 (16)
476 5671 773 5735 Σκοτίσας
798 5669 1009 5725 αὑτοῦ.
1047 5669 1209 5724 Forte
1241 5674 1320 5725 sic
1353 5670 1707 5739 accipiendus
1752 5672 1841 5726 hic

260 5741 455 5793 locus:
496 5742 555 5810 f0
603 5744 712 5810 γὰρ
752 5742 843 5793 τὸν
890 5743 1013 5792 νοῦν
1050 5742 1346 5807 ἀφανίσας,
1396 5744 1462 5809 τῇ
1495 5742 1603 5794 τῶν
1640 5742 1841 5794 ῦλικῶν

263 5808 614 5879 προσπαθεία
664 5808 760 5863 καὶ
789 5815 855 5878 τῇ
888 5810 1159 5880 ἐπιθυμίᾳ
1204 5812 1312 5862 τῶν
1368 5808 1557 5863 παοὼν
1586 5811 1843 5873 σκοτίσας

264 5880 447 5944 αὑτὸν,
497 5881 692 5945 πάσας,
732 5897 785 5937 κ.
826 5898 867 5935 τ.
902 5880 954 5936 λ.
1016 5882 1198 5937 tiudcv
1247 5881 1304 5936 li.
1351 5881 1435 5937 hic
1494 5884 1703 5938 nullum
1739 5883 1842 5938 l'crt

1941 3306 2172 3361 ditatum
2208 3304 2406 3361 ardore
2442 3305 2715 3359 obcaecata
2743 3342 2757 3366 ,
2794 3310 3001 3372 quanto
3055 3299 3229 3369 magis
3265 3299 3528 3353 obscura-

1942 3398 2147 3453 buntur
2212 3399 2392 3451 anima
2439 3406 2494 3451 et
2535 3396 2773 3466 corpus!
2832 3393 2889 3448 Si
2936 3392 3082 3447 enim
3134 3391 3407 3447 exstincta
3456 3391 3529 3445 sit

1941 3492 2163 3546 lucerna
2204 3490 2401 3544 animae
2430 3499 2483 3543 et
2511 3486 2782 3555 corporis,
2817 3484 3028 3539 scilicet
3062 3499 3245 3542 meus.
3273 3496 3525 3551 qua'nam

1942 3583 2035 3639 [iet
2067 3582 2132 3637 de
2166 3594 2365 3637 caetero
2410 3580 2605 3636 salutis
2653 3578 2819 3648 spes?
2842 3576 2911 3631 Ut
2941 3576 3031 3629 lux
3076 3586 3129 3630 et
3165 3588 3319 3629 mens
3365 3589 3526 3642 puta,

1942 3678 2121 3748 quiin
2164 3673 2525 3745 dignitatibus
2558 3681 2613 3727 et
2670 3669 3084 3739 magistratibus
3135 3665 3527 3737 spiritualibus

1942 3782 1996 3828 et
2025 3771 2284 3826 ci~ilibus
2315 3766 2599 3825 constituti
2634 3773 2762 3821 sunt
2802 3764 2854 3818 in
2904 3761 3112 3817 mundo
3151 3775 3273 3815 esse
3304 3758 3526 3821 debent,

1943 3874 2001 3917 ut
2036 3862 2103 3916 ad
2135 3862 2274 3916 bona
2318 3869 2371 3915 et
2403 3858 2665 3914 salutaria
2710 3856 2959 3911 homines
2996 3852 3311 3907 illuminent
3339 3859 3395 3903 et
3434 3865 3530 3904 eos

1944 3955 2012 4007 ab
2058 3952 2205 4007 omni
2258 3953 2381 4007 labe
2416 3960 2469 4007 et
2514 3948 2756 4021 periculo
2804 3957 2859 4001 et
2910 3944 3117 3999 malitia
3169 3951 3410 3998 servent.
3467 3939 3525 3994 Si

1943 4054 2128 4101 autem
2188 4046 2262 4099 illi
2317 4043 2606 4113 injttstitiis
2662 4041 3013 4096 delectantur
3075 4051 3138 4089 ac
3205 4034 3412 4102 rapinis
3474 4042 3529 4087 ct

1944 4138 2189 4192 avidita‘ti
2226 4136 2553 4197 inserviunt,
2606 4145 2659 4186 ct
2718 4130 3060 4201 negligenter
3109 4128 3528 4194 indolentcrque

1948 4228 2013 4281 iis
2050 4242 2172 4296 qua:
2220 4226 2354 4295 ipsis
2409 4224 2651 4281 curanda
2703 4230 2832 4276 sunt
2863 4230 3083 4285 vacant,
3125 4219 3254 4285 quid
3295 4218 3529 4287 patietur

1946 4320 2053 4375 illis
2099 4320 2380 4388 subjemus
2424 4318 2677 4387 populus,
2724 4314 2817 4383 qui
2859 4314 2948 4367 vix
3000 4312 3068 4365 ad
3126 4312 3330 4365 licitum
3374 4312 3527 4364 venit

1946 4411 2315 4484 potentiorum
2351 4409 2649 4463 directione
2684 4414 2738 4461 et
2769 4405 2908 4459 bona
2944 4413 3203 4471 rectaque
3248 4411 3529 4471 pastorum

1950 4504 2445 4571 magistrorumque
2478 4499 2735 4569 potentia:
2784 4505 2837 4550 et
2888 4496 3246 4566 magistratus
3292 4493 3533 4546 admini-

1949 4595 2267 4652 stratione?
2324 4593 2415 4647 Sic
2463 4592 2606 4645 enim
2656 4601 2711 4645 et
2757 4589 2933 4644 sancti
2970 4597 3024 4642 et
3071 4587 3241 4641 divini
3297 4584 3532 4655 apostoli

1949 4688 2094 4744 oculi
2126 4696 2179 4741 et
2209 4687 2393 4741 lumen
2423 4685 2593 4739 tutius
2619 4682 2768 4737 orbis
2805 4679 3098 4737 constituti
3131 4688 3281 4732 sunt.
3322 4678 3446 4731 Ideo
3479 4689 3533 4731 et

1947 4783 2163 4838 dicebat
2195 4781 2315 4834 illos
2366 4794 2597 4833 monens
2630 4776 2896 4831 Dominus
2926 4792 2939 4828 :
2974 4771 3031 4828 Si
3085 4772 3242 4827 stetis
3275 4786 3390 4835 vos,
3434 4786 3533 4825 nec

1946 4874 2260 4945 vertamiui,
2290 4887 2415 4925 cum
2448 4871 2570 4925 sitis
2612 4868 2863 4937 corporis
2894 4866 3105 4930 lumen,
3142 4880 3270 4919 ecce
3307 4864 3532 4917 univer-

1947 4982 2069 5023 sum
2106 4964 2296 5020 mundi
2318 4980 2521 5033 corpus
2551 4962 2922 5017 illuminatum
2956 4968 3077 5023 est;
3111 4958 3156 5012 si
3188 4965 3372 5011 autem
3406 4972 3529 5018 vos,

1947 5060 2041 5129 qui
2073 5058 2206 5114 estis
2237 5058 2339 5121 sal,
2372 5056 2521 5110 stulti
2556 5055 2734 5117 ﬁalis;
2770 5054 2815 5108 si
2848 5067 2968 5117 vos,
3013 5050 3107 5120 qui
3140 5050 3326 5103 lumen
3374 5048 3530 5108 estis,

1948 5147 2361 5210 obscurcmini,
2410 5144 2648 5200 tenebrae
2701 5152 2923 5212 quantae
2994 5141 3164 5201 ﬁent,
3222 5156 3345 5209 qua:
3402 5147 3533 5192 sunt

1951 5240 2232 5294 mundus!
2294 5237 2519 5307 Magnus
2566 5246 2749 5290 autem
2786 5234 3077 5302 theologus
3119 5232 3441 5301 Gregorius,
3478 5241 3533 5284 et

1946 5330 2165 5386 divinus
2209 5328 2367 5382 Pater
2418 5335 2607 5381 noster
2659 5325 2773 5379 inec
2828 5322 2937 5377 Deo
2981 5324 3321 5376 consecratis
3353 5319 3527 5373 dicit:

1952 5420 2118 5475 Vobis
2183 5420 2461 5491 imprimis
2502 5418 2626 5473 dico
2671 5418 2766 5488 qui
2820 5416 3138 5473 cathedram
3195 5411 3528 5471 ascenditis.

1945 5535 2230 5620 auxilium:
2268 5534 2464 5620 Omnia
2492 5536 2665 5615 enim,
2692 5550 2814 5616 qua).
2846 5532 3104 5603 leguntur
3149 5529 3287 5582 inter
3329 5526 3529 5595 ἀφανί-

1945 5623 2043 5668 σας
2072 5616 2125 5659 et
2152 5606 2335 5668 πάσας
2366 5605 2557 5668 αὐτοῦ,
2597 5605 2820 5659 omittit.

2019 5667 2130 5743 (l7)
2171 5679 2278 5730 Kal
2314 5667 2726 5731 διδασκάλων.
2778 5672 2875 5726 llic
2910 5686 3104 5727 rursus
3136 5668 3348 5743 videtur
3378 5667 3529 5743 cxci:

1944 5736 2095 5801 disse
2113 5736 2204 5802 'vel
2234 5749 2520 5816 διοικήσει,
2554 5746 2637 5801 vel
2666 5744 2935 5815 πολιτείᾳ,
2970 5743 3052 5796 vel
3080 5737 3408 5810 προστασίᾳ,
3448 5736 3540 5788 vel.

1949 5818 2092 5874 aliud
2121 5820 2250 5887 quid
2281 5820 2401 5874 tulc.
