4182 6454
695 368 827 433 1239

1712 376 1766 435 J.
1812 378 2200 440 Xil’lliLlNI
2244 382 2350 441 [ΣΡ.
2399 384 2906 443 ΡΛΤΜᾹΗΕΙΙΕ

3803 386 3820 450 1
3834 394 3940 457 240

686 488 861 533 estote
908 479 1050 533 oculi
1090 496 1195 532 non
1240 480 1477 533 tenebris
1529 480 1707 545 pleni.
1764 500 1940 554 neque.
1988 489 2251 556 prmsmt-s

2357 491 2450 543 xui
2478 491 2593 559 φῶς
2636 492 2758 545 ὅλου
2813 492 2909 545 τοῦ
2960 494 3168 563 κόσμου
3220 494 3505 564 ἐτέθησαν.
3539 496 3819 551 Auito-31:9
3848 508 3940 556 καὶ

598 633 600 636 ν
686 572 811 626 mali
847 572 1158 625 videamini.
1199 570 1252 624 Si
1304 570 1449 624 enim
1492 572 1595 625 tale
1647 580 1728 625 est
1781 577 1985 639 lumen,
2021 578 2256 631 tenebrae

683 671 905 731 quanta:
969 663 1169 718 erunt?
1227 682 1245 714 ι
1280 662 1449 716 Nemo
1504 672 1684 733 potest
1737 664 1953 721 duobus
2016 669 2255 724 dominis

685 757 933 819 servire;
974 765 1067 833 aut
1113 755 1256 808 enim
1289 769 1460 809 unum
1527 754 1655 808 odio
1683 755 1905 811 habebit
1936 768 1987 812 et
2019 760 2252 814 alterum

684 848 909 914 diliget;
945 854 1037 899 aut
1059 861 1227 899 unum
1257 844 1548 899 sustinebit
1570 855 1624 899 et
1654 846 1884 901 alterum
1912 858 2253 906 contemnet.

682 938 801 993 Non
829 939 1055 1007 potestis
1096 938 1204 992 Deo
1238 940 1444 991 servire
1475 947 1530 991 et
1561 954 1906 993 mammonae.
1944 958 1961 989 ι
2217 938 2220 941 λ

2363 580 2549 647 ἔλεγεν
2598 584 2779 646 αὐτοῖς
2810 586 3211 655 παραγγέλλων
3232 587 3260 638 ό
3290 586 3494 656 Κύριος
3521 603 3536 618 ⁸
3575 606 3594 639 t
3619 589 3759 641 Ἐάν
3778 592 3939 658 ὑμεῖς

2364 674 2529 739 στῆτε
2560 676 2654 727 καὶ
2710 676 2787 743 μὴ
2837 676 3111 744 τραπῆτε,
3179 677 3296 745 φῶς
3328 679 3482 741 ὄντες
3524 679 3619 733 τοῦ
3662 681 3936 752 σώματος,

2365 765 2474 819 ίδοὺ
2502 768 2621 821 ὅλον
2645 769 2706 821 τὸ
2732 769 2896 839 σῶμα
2950 770 3044 823 τοῦ
3098 775 3303 840 κόσμου
3352 774 3700 839 πεφὼτισται
3732 792 3747 806 ⁸
3801 778 3853 829 εἰ
3880 777 3935 826 δὲ

2361 859 2522 927 ὑμεῖς
2556 860 2691 921 ἃλας
2733 862 2885 924 ὄντες
2951 864 3299 933 μωρανθῆτε.
3352 866 3447 918 καὶ
3477 867 3593 934 φῶς
3622 868 3775 930 ὄντες
3813 885 3938 919 σκο-

2358 948 2604 1017 τισθῆτε,
2638 950 2700 1002 τὸ
2749 953 2940 1014 σκότος
2970 954 3133 1005 πόσον
3186 955 3499 1024 γενήσεται,
3529 956 3556 1008 ὅ
3602 957 3718 1010 ἐστι
3744 960 3773 1010 ό
3809 959 3939 1009 κόσ-

683 1048 803 1101 μος.
850 1030 987 1083 ’0δέ
1020 1030 1192 1098 μέγας
1227 1032 1285 1083 ἐν
1350 1030 1600 1103 θεολογίᾳ
1658 1033 1957 1103 Γρηγόριος
2011 1036 2102 1086 καὶ
2142 1038 2284 1100 θεῖος
2351 1040 2539 1110 Πατὴρ
2585 1041 2745 1111 ἡμῶν
2790 1042 2966 1096 ταῦτά
3028 1061 3163 1115 φησι
3203 1048 3316 1108 τοῖς
3390 1047 3715 1117 ίερωμένοις
3770 1049 3894 1117 Θεῷ
3923 1069 3935 1081 ·

691 1124 854 1194 ’Υμϊν
886 1122 1031 1187 λέγω
1057 1122 1290 1191 μάλιστα
1311 1125 1425 1187 τοῖς
1453 1124 1546 1177 τοῦ
1568 1124 1829 1193 βήματος,
1894 1124 2172 1193 ὀφθαλμὸν
2231 1122 2372 1181 εἶναι
2412 1130 2487 1199 μὴ
2538 1132 2761 1195 σκότους
2789 1133 3172 1203 πεπλησμένον
3205 1173 3222 1198 ,
3290 1134 3426 1204 μηδέ
3507 1136 3786 1207 πρόεδροι.
3838 1141 3937 1190 τοῦ

676 1213 852 1269 κακοῦ
879 1210 1204 1295 φαινοίμεθα
1242 1212 1373 1283 (l8).
1412 1212 1473 1265 El
1524 1213 1631 1284 γὰρ
1666 1213 1727 1266 τὸ
1770 1214 1884 1283 φῶς
1948 1216 2190 1268 τοιοῦτον
2224 1218 2364 1285 (19),
2402 1219 2464 1271 τὸ
2530 1221 2721 1285 σκότος
2742 1223 2944 1287 πόσονς
2981 1243 3000 1276 ι
3033 1225 3221 1287 υύδεὶς
3284 1225 3510 1279 δύναται
3542 1226 3664 1282 δυσὶ
3722 1228 3939 1299 κυρίοις

677 1308 970 1373 δουλεύειν,
1004 1307 1035 1376 ἢ
1083 1307 1191 1377 γὰρ
1238 1309 1329 1362 τὸν
1374 1307 1471 1359 ἕνα
1528 1310 1773 1378 μισήσει,
1807 1312 1898 1362 καὶ
1942 1312 2029 1362 τὸν
2059 1310 2248 1381 ἕτερον
2290 1313 2655 1387 ἀγαπήσει,ῆ
2711 1318 2828 1382 ἐνὸς
2854 1319 3156 1385 ἀνθέξεται,
3200 1320 3295 1373 καὶ
3336 1321 3537 1391 ἐτέρου
3578 1326 3937 1393 καταφρονῇ-

682 1420 763 1456 σει
798 1417 813 1433 ⁸
844 1401 904 1454 ού
930 1400 1158 1454 δύνασθε
1188 1399 1307 1469 Θεῷ
1334 1399 1605 1453 δουλεύειν
1657 1402 1751 1455 καὶ
1802 1407 2056 1474 μαμωνᾷ.
2097 1424 2114 1456 ι

759 1495 980 1549 Duobus
1046 1492 1283 1548 dominis
1357 1496 1630 1549 contraria
1683 1497 2003 1565 jubentibus
2089 1514 2249 1554 nemo

680 1598 858 1659 potest
917 1586 1163 1647 servire,
1227 1587 1318 1641 sed
1378 1588 1611 1641 alterum
1675 1589 1955 1643 sustinens
2018 1589 2249 1660 ejusque

2444 1506 2669 1574 κυρίοις
2685 1505 2838 1558 δυσὶν
2866 1506 3083 1559 ἐναντία
3097 1507 3482 1561 ἐπιτάττουσιν
3507 1506 3685 1572 οὐδεὶς
3705 1507 3940 1561 δύναται

2355 1596 2658 1662 δουλεῦσαι,
2708 1597 2845 1650 ἀλλά
2894 1596 2990 1650 τοῦ
3024 1598 3140 1660 ἐνὸς
3195 1599 3576 1669 ἀντεχόμενος,
3612 1598 3938 1653 auito-.3131:

680 1680 938 1733 mandata
978 1689 1308 1743 exsequens,
1360 1677 1592 1729 alterum
1644 1678 1872 1731 omnino
1908 1688 2245 1743 contemnet,

2357 1690 2583 1761 πληρῶν
2606 1690 2675 1743 τὰ
2696 1689 3001 1756 θελήματα,
3026 1688 3118 1742 τοῦ
3156 1690 3343 1759 ἐτέρου
3392 1690 3611 1754 πάντως
3648 1708 3936 1760 καταφρο-

680 1779 733 1822 ct
766 1768 997 1821 alterum
1033 1766 1260 1819 omnino
1307 1764 1514 1834 diliget,
1562 1767 1792 1820 alterum
1831 1768 1960 1821 odio
2005 1770 2246 1823 habebit.

679 1859 785 1914 Sed
836 1872 1011 1927 neque
1049 1856 1305 1927 possibile
1348 1866 1431 1911 est
1483 1859 1590 1911 Deo
1641 1860 1847 1914 servire
1904 1870 1957 1914 et
2004 1861 2247 1925 divitiis;

677 1950 807 2020 quia
861 1950 1171 2004 divitiarum
1239 1964 1394 2002 amor
1464 1965 1573 2001 non
1637 1950 1800 2003 modo
1875 1965 1973 2005 nos
2043 1968 2069 2005 a
2141 1951 2249 2007 Deo

677 2043 968 2104 abstrahit.
1006 2042 1098 2095 sed
1147 2051 1201 2094 et
1244 2054 1565 2094 mammona:
1591 2041 1809 2110 subjieit
1844 2058 1858 2095 :
1908 2043 2249 2102 Mammonas

675 2145 761 2193 est
809 2133 1099 2203 injustitia.
1144 2132 1223 2186 Ex
1254 2132 1517 2200 injustitia
1567 2134 1709 2186 enim
1757 2136 2080 2205 plerumque
2112 2137 2250 2191 divi-

677 2232 767 2284 tia:
823 2227 1096 2282 oriuntur.
1138 2226 1482 2294 Quapmpter
1533 2237 1581 2279 et
1629 2225 1970 2296 impossibile
2012 2238 2093 2282 est
2136 2230 2248 2284 Deo

632 2311 884 2377 {servire
948 2329 1002 2373 et
1079 2317 1377 2386 lnjustitiae.
1453 2315 1719 2384 lnjustitia
1793 2319 1937 2373 enim
1999 2320 2249 2389 abripere

679 2416 793 2468 vult
857 2414 1071 2477 aliena,
1138 2410 1530 2466 fornicationes
1586 2419 1866 2475 sectatur,
1936 2414 2244 2482 adulteria,

674 2509 994 2571 ebrietates,
1026 2505 1286 2569 delicias;
1313 2504 1599 2574 praesentia
1633 2503 1908 2573 amplecti,
1938 2516 1990 2559 et
2024 2507 2246 2574 fugitiva

678 2600 940 2656 admirari
990 2598 1216 2667 appetit.
1252 2598 1395 2651 Deus
1449 2608 1627 2649 autem
1669 2606 1723 2650 et
1773 2611 1834 2650 ea
1886 2614 2006 2666 quae
2063 2611 2246 2653 nostra

682 2681 815 2748 sunt
856 2701 909 2743 et
937 2688 1155 2757 propria
1198 2686 1354 2740 nobis
1387 2695 1536 2751 sunt,
1574 2702 1671 2742 nos
1696 2688 1851 2755 jubet
1882 2689 2248 2758 indigentibus

679 2782 835 2841 dare,
870 2778 1134 2844 nobisque
1175 2775 1419 2844 praecipit
1467 2783 1526 2828 ιιι
1574 2790 1855 2847 sapiamus
1902 2788 1955 2833 et
2003 2787 2244 2833 ventrem

679 2871 987 2928 domcmus.
1011 2878 1061 2921 et
1081 2867 1365 2937 praesentia
1387 2868 1567 2921 omnia
1588 2879 2000 2924 contemnamus
2026 2881 2077 2924 et
2094 2886 2248 2924 exse-

678 2976 917 3014 crentur.
964 2958 1093 3013 Ideo
1136 2967 1188 3011 et
1234 2957 1575 3025 impossibile
1616 2968 1700 3014 est
1744 2971 1801 3013 ut
1849 2960 2244 3028 cupiditatibus

2356 1785 2535 1853 νήσει,
2574 1782 2669 1834 καὶ
2696 1781 2788 1833 τὸν
2838 1782 2935 1834 ἕνα
2952 1783 3228 1849 ἀγαπήσει
3274 1785 3513 1845 πάντως,
3541 1783 3635 1835 τὸν
3658 1784 3716 1835 δὲ
3743 1784 3937 1853 ἕτερον

2359 1873 2584 1943 μισήσει
2609 1885 2625 1900 ⁸
2660 1871 2776 1923 ἀλλ’
2807 1870 2931 1923 οὐδὲ
2963 1870 3192 1923 δυνατόν
3219 1871 3336 1923 ἐστι
3366 1869 3485 1940 Θεῷ
3526 1869 3807 1923 δουλεύειν
3844 1872 3941 1923 καὶ

2351 1965 2620 2035 χρήμασι,
2670 1961 2866 2031 διότιή
2919 1960 3328 2032 φιλοχρηματία
3364 1962 3426 2014 οὐ
3487 1962 3652 2030 μόνον
3707 1960 3939 2013 ἀπὸτοῦ

2352 2056 2490 2109 Θεοῦ
2520 2054 2776 2107 ἐκϐάλλει
2802 2054 2973 2122 ἡμᾶς,
3007 2052 3144 2105 ἀλλὰ
3199 2053 3293 2105 κα)⁵
3321 2070 3398 2122 τῳ
3426 2055 3665 2123 μαμωνᾷ
3691 2052 3937 2105 ὑποτάσ-

2352 2164 2436 2200 σει
2464 2164 2482 2179 ⁸
2530 2147 2794 2216 μαμωνᾶς
2849 2145 2907 2198 δέ
2936 2145 3146 2214 ἐστινὴ
3177 2142 3385 2198 ἀδικία⁸
3432 2143 3492 2207 ἐξ
3552 2143 3767 2207 ἀδικίας
3826 2143 3936 2211 γάρ

2350 2238 2425 2299 ὡς
2475 2237 2571 2289 ἐπὶ
2596 2236 2657 2289 τδ
2689 2236 2942 2289 πλεῖστον
3002 2235 3071 2288 τά
3124 2237 3404 2306 χρήματα.
3470 2235 3566 2287 Διά
3620 2235 3782 2286 τοῦτο
3841 2235 3939 2285 καὶ

2352 2324 2619 2376 ἀδύνατόν
2678 2325 2795 2374 ἐστι
2843 2322 2963 2391 Θεῷ
3000 2322 3275 2376 δουλεύεν
3320 2324 3416 2376 καὶ
3478 2323 3697 2392 ἀδικὶᾳσ
3734 2326 3768 2391 ἠ
3825 2324 3937 2391 γάρ

2352 2415 2535 2469 ἀδικία
2593 2414 2860 2485 ἁρπάζειν
2912 2414 3159 2483 βούλεται
3213 2416 3281 2469 τὰ
3313 2415 3587 2485 ἀλλότρια,
3642 2415 3938 2486 πορνεύειν

2351 2506 2465 2579 (20)
2503 2506 2676 2577 ζητεῖ,
2723 2506 3020 2577 μοιχεύειν,
3082 2506 3326 2575 μεθύειν,
3376 2509 3613 2576 τρυφᾷν,
3644 2507 3755 2559 τῶν
3791 2523 3939 2576 παρ-

2348 2601 2519 2651 όντων
2553 2597 2877 2667 ἀντέχεσθαι
2898 2600 2993 2652 καὶ
3020 2598 3319 2667 θαυμάζειν
3341 2600 3408 2652 τὰ
3434 2599 3748 2669 πρόσκαιρα
3774 2616 3789 2629 ·
3813 2600 3841 2651 ό
3880 2598 3940 2650 δὲ

2349 2689 2480 2751 Θεὸς
2511 2689 2626 2759 (21)
2657 2689 2753 2742 καὶ
2782 2689 2850 2742 τὰ
2875 2690 3005 2743 ὄντα
3041 2690 3222 2758 ἡμῶν,
3296 2690 3489 2760 ἤγουν,
3542 2689 3612 2743 τὸ.
3670 2690 3783 2741 ἴδια
3834 2690 3931 2741 καὶ

2348 2784 2527 2835 οἰκεῖα
2548 2781 2750 2834 διδόναι
2776 2781 3114 2850 προστάσσει
3146 2783 3260 2844 τοῖς
3286 2782 3588 2851 δεομένοις,
3623 2782 3933 2850 σωφρονεῖν

2350 2874 2503 2943 ἡμᾶς
2529 2872 2928 2945 παραγγέλλει,
2975 2874 3072 2925 καὶ
3100 2873 3337 2941 γαστρὸς
3366 2874 3672 2943 ύπερορᾷν,
3708 2871 3939 2925 καὶτῶν

2350 2964 2635 3036 παρόντων
2687 2963 2907 3017 πάντων
2961 2967 3329 3033 καταφρονεῖν
3384 2966 3481 3017 καὶ
3516 2963 3931 3033 βδελύττεσθαυ

681 3054 806 3108 victi
861 3062 915 3106 et
962 3046 1195 3121 improbi
1238 3050 1438 3104 diaboli
1489 3052 1745 3121 operibus
1794 3051 2023 3120 subjecti
2061 3067 2088 3103 a
2141 3050 2249 3104 Deo

2356 3061 2574 3129 ἀγαπᾷν
2599 3057 2676 3123 δὲ,
2736 3058 2925 3127 τιμᾷν,
2984 3055 3315 3125 ἐργάζεσθαι
3374 3055 3472 3126 τὴν
3532 3055 3757 3125 ἀρετήν.
3838 3053 3941 3105 Διά

682 3146 1012 3213 diligamur;
1058 3144 1150 3199 sed
1193 3144 1455 3213 quamdiu
1497 3141 1779 3212 iniustitiae
1820 3152 1874 3197 et
1919 3142 2159 3196 avaritiae
2196 3153 2250 3195 et

681 3238 921 3291 infamia:
983 3236 1378 3306 cupiditatibus
1437 3236 1645 3289 servire
1697 3235 2074 3296 voluerimus,
2141 3232 2251 3285 Deo

680 3331 911 3384 odibiles
965 3338 1017 3382 et
1075 3328 1283 3381 inimici
1338 3329 1562 3381 erimus.
1632 3325 1987 3381 Excutiamus
2045 3327 2249 3396 (igitur,

681 3439 810 3489 oro,
865 3421 1147 3475 aviditalis
1196 3429 1250 3474 et
1294 3419 1576 3488 injustitize
1627 3427 1681 3472 et
1738 3419 1981 3473 avaritia:
2037 3418 2251 3487 pondus

684 3530 860 3584 neque
894 3513 1216 3567 libidinibus
1251 3511 1651 3579 indulgeamus.
1681 3510 2002 3580 Largiamur
2032 3511 2253 3564 divitias

682 3617 947 3675 quantum
978 3605 1306 3675 poterimus,
1332 3614 1385 3656 et
1409 3604 1602 3656 demus
1629 3604 1978 3671 pauperibus,
2011 3612 2069 3655 ut
2091 3600 2254 3669 justi-

683 3704 755 3757 tia
805 3709 985 3755 nostra
1028 3707 1246 3752 maneat
1288 3700 1340 3751 in
1393 3705 1679 3751 aeternum.
1728 3697 2021 3749 Dominum
2071 3705 2250 3748 autem

686 3789 899 3842 vocavit
938 3800 1330 3845 mammonam,
1376 3802 1482 3839 non
1516 3794 1738 3854 propter
1777 3785 2050 3854 propriam
2096 3793 2256 3839 natu-

688 3895 825 3942 ram,
854 3880 945 3933 sed
989 3888 1213 3948 propter
1272 3877 1511 3941 illorum,
1545 3877 1636 3945 qui
1673 3876 1720 3929 ei
1773 3877 2004 3945 subjecti
2045 3885 2172 3931 sunt
2201 3886 2255 3932 et

684 3972 952 4035 serviunt,
986 3969 1376 4024 obedientiam.
1413 3969 1473 4022 Et
1502 3980 1752 4023 ventrem
1787 3969 1948 4023 deum
1987 3971 2252 4038 appellat,

688 4080 794 4119 non
818 4065 945 4134 quia
972 4063 1197 4117 herilem
1225 4062 1542 4131 dignitatem
1580 4061 1763 4124 habet,
1800 4062 1894 4116 sed
1925 4064 2050 4132 quia
2078 4063 2252 4130 gulosl

684 4153 734 4206 ei
785 4150 1019 4220 subjecti
1078 4160 1206 4203 sunt
1271 4159 1326 4203 et
1400 4148 1665 4203 serviunt.
1719 4147 1839 4213 Quo
1891 4150 2035 4201 enim
2090 4149 2259 4203 libido

689 4248 966 4300 hominem
1024 4246 1228 4308 trahit,
1284 4259 1346 4297 ea
1412 4243 1527 4312 ipsa
1588 4257 1677 4296 res
1721 4244 1810 4295 cui
1874 4242 2110 4297 hominis
2165 4257 2259 4297 cor

686 4339 996 4407 colligatur,
1026 4337 1102 4390 illi
1127 4335 1271 4390 Deus
1300 4344 1401 4388 est.
1448 4354 1465 4386 ι
1499 4333 1622 4389 ldeo
1661 4334 1786 4389 dico
1828 4333 2005 4398 vobis,
2040 4351 2107 4388 ne
2146 4335 2257 4389 sol-

690 4430 819 4483 liciti
864 4428 986 4484 sitis
1027 4428 1222 4481 anima:
1255 4432 1450 4480 vestra:
1478 4424 1609 4493 quid
1653 4424 1994 4479 manducetis
2040 4434 2093 4478 et
2122 4425 2251 4494 quid

687 4520 911 4581 bibatis,
948 4532 1124 4586 neque
1159 4518 1373 4586 corpori
1409 4525 1590 4570 vestro
1623 4515 1751 4585 quid
1789 4515 2117 4569 induamini.
2153 4535 2170 4567 ι

759 4607 901 4673 Quia
942 4606 1146 4659 divitiis
1188 4622 1218 4659 ιι
1270 4606 1377 4659 Deo
1421 4620 1764 4674 separamur,
1803 4620 1901 4659 nos
1946 4604 2103 4673 jubet
2151 4603 2258 4660 Do-

692 4700 877 4754 minus
907 4714 1013 4752 non
1050 4712 1173 4752 esse
1207 4696 1496 4760 sollicitos,
1529 4711 1706 4767 neque
1731 4696 2048 4749 divitiarum
2074 4709 2259 4751 amore

691 4803 873 4859 neque
926 4788 1244 4841 libidinibus
1304 4788 1599 4857 inquinari.
1675 4788 1869 4839 Anima
1918 4794 2101 4840 autem
2148 4800 2254 4839 non

695 4882 1007 4945 manducat,
1058 4881 1150 4933 sed
1184 4880 1484 4933 secundum
1518 4894 1862 4933 communem
1902 4878 2256 4932 consuetudi-

692 4989 816 5027 nem
849 4972 1109 5041 loquitur.
1142 4971 1243 5025 Per
1276 4972 1456 5025 cibum
1502 4972 1646 5025 enim
1690 4972 1980 5026 roboratur
2029 4984 2251 5039 corpus,

763 5132 873 5201 (Ῑῖι)
898 5132 1273 5199 Φαινοίμεθα.
1298 5128 1640 5201 Φαινώμεθα.

764 5195 876 5273 (ἶθ)
949 5202 1019 5255 Τὸ
1050 5195 1178 5273 εξῶς
1216 5195 1506 5273 τοιοῦτον.
1558 5199 1808 5273 Τοιοῦτον
1866 5196 2085 5268 petiiex
2133 5195 2257 5250 cod.

696 5272 754 5325 Β.
774 5267 998 5327 ”Ιιι’(;οι1.
1034 5267 1096 5323 Ᾱ.
1133 5272 1268 5322 male
1304 5269 1493 5335 legitur
1519 5267 1789 5319 τοσοῦτον.

765 5343 876 5410 (20)
932 5341 1345 5410 Hopreuew:-
1374 5336 1625 5410 τρυφᾷν.
1684 5335 1826 5410 llzec,
1860 5346 1917 5410 ut
1982 5345 2136 5410 puto,
2170 5335 2258 5387 hic

696 5406 947 5465 omittere
980 5406 1229 5462 debebat.
1260 5406 1369 5460 Nec
1395 5410 1535 5459 enim
1570 5406 1657 5457 hic
1690 5408 1755 5458 de
1789 5408 1932 5459 vitiis
1966 5415 2019 5458 et
2046 5407 2252 5471 impro-

699 5481 865 5534 bitate
907 5483 959 5533 in
993 5482 1305 5531 universum
1330 5478 1527 5546 {direre
1567 5476 1755 5533 voluit,
1816 5478 1907 5529 sed
1936 5477 2001 5527 de
2028 5476 2253 5527 avatitia

697 5560 749 5601 et
796 5553 963 5605 vitiis.
996 5564 1117 5613 ιιιιιιι
1157 5562 1220 5599 ex
1249 5563 1309 5599 ea
1337 5546 1491 5614 quasi
1524 5555 1903 5612 propagantur.

774 5620 882 5688 (ﬁt)
924 5622 979 5670 Ὀ
1010 5616 1077 5668 δὲ
1108 5618 1271 5680 Θεός.
1302 5622 1365 5666 Ai
1399 5615 1776 5688 omittiteodex
1806 5630 1821 5678 ;
1858 5614 2024 5683 adjeci
2055 5624 2257 5674 autem,

696 5686 1109 5767 gutafeutentia
1156 5690 1223 5767 ita
1262 5688 1534 5767 postulare
1576 5686 1874 5767 videbatur.

734 5757 881 5825 '12?)
921 5757 1023 5811 Καὶ
1088 5757 1306 5811 ,πάθεσι
1362 5756 1734 5824 prmia-alter.
1780 5755 1866 5808 Sic
1899 5756 2061 5811 codex
2114 5756 2168 5805 Α.
2221 5755 2253 5804 Α

2350 3148 2510 3202 τοῦτο
2544 3151 2636 3200 καὶ
2686 3148 2950 3201 ἀδύνατόν
3004 3148 3121 3199 ἐστι
3184 3148 3589 3217 κρατουμένους
3640 3147 3795 3215 ἡμεῖς
3830 3144 3939 3197 ὑπὸ

2349 3241 2460 3292 τῶν
2494 3239 2708 3305 παθῶν,
2788 3239 2886 3291 καὶ
2944 3239 3380 3309 προσκειμένους
3437 3239 3550 3299 τοῖς
3597 3238 3783 3305 ἔργοις
3840 3233 3937 3288 τοῦ

2353 3331 2591 3402 πονηροῦ
2651 3331 2897 3385 διαϐόλου
2924 3372 2941 3396 ,
3034 3329 3355 3397 φιλιωθῆναί
3422 3345 3554 3381 ποτε
3629 3330 3708 3395 τῇ
3763 3327 3885 3395 Θεῷ
3916 3366 3932 3390 ,

2351 3425 2485 3477 ἀλλὰ
2546 3423 2738 3493 μέχρις
2800 3422 2866 3475 ἂν
2917 3422 3144 3474 πάθεσιν
3223 3419 3436 3481 ἀδικίας
3498 3420 3593 3472 καὶ
3671 3418 3941 3486 φιλοχρη-

2357 3520 2553 3585 ματίας
2617 3515 2714 3567 καὶ
2756 3514 2978 3582 ἀτιμίας
3039 3513 3313 3566 δουλεύειν
3366 3510 3695 3582 βουλόμεθα,
3749 3510 3939 3580 ἐχθροὶ

2352 3608 2446 3660 τοῦ
2504 3606 2640 3659 Θεοῦ
2705 3605 3124 3676 καθεστήκαμιν
3200 3605 3296 3658 καὶ
3352 3603 3627 3672 πολέμιοι.
3686 3602 3942 3656 Ἀποστε-

2354 3699 2575 3768 σὼμεθα
2628 3698 2839 3762 τοίνυν,
2889 3698 3216 3768 παρακαλῶ,
3278 3697 3339 3749 τὸ
3386 3696 3549 3767 βάρος
3623 3696 3728 3763 τῆς
3779 3695 3941 3747 πλεο-

2354 3791 2539 3855 νεξίας
2562 3792 2658 3844 καὶ
2704 3793 2805 3861 τῆς
2864 3791 3102 3855 ἀδικίας,
3164 3788 3391 3858 καὶτῆς
3441 3787 3814 3856 φιλαργυρίας
3842 3787 3941 3838 καὶ

2353 3882 2553 3937 πάθεσι
2614 3883 2936 3951 μισήσωμεν
2999 3881 3114 3951 (22)
3172 3896 3187 3910 ⁸
3239 3880 3631 3949 σκορπξσωμιν
3675 3878 3790 3947 (23)
3844 3876 3941 3928 τὸν

2355 3972 2589 4026 πλοῦτον
2622 3970 2767 4024 κατὰ
2792 3970 2854 4022 τὸ
2886 3970 3136 4034 δυνατὸν,
3174 3971 3269 4022 καὶ
3307 3969 3489 4038 δῶμεν
3544 3969 3657 4029 τοῖς
3710 3967 3937 4033 πένησι,

2356 4064 2445 4116 ἵνα
2474 4064 2507 4132 ἠ
2534 4059 2853 4129 δικαιοσύνη
2882 4060 3042 4129 ἡμῶν
3077 4058 3215 4128 μένῃ
3238 4058 3320 4121 εἰς
3350 4057 3445 4109 τὸν
3494 4055 3691 4109 αἰῶνα.
3726 4053 3939 4123 Κύριον

2355 4156 2411 4207 δέ
2439 4154 2664 4206 ἐκάλεσε
2696 4152 2789 4205 τὸν
2856 4152 3118 4221 μαμωνᾶ,
3149 4150 3208 4201 ού
3239 4149 3328 4201 διὰ
3362 4149 3461 4219 τὴν
3481 4147 3695 4200 οἰκείαν
3746 4147 3937 4214 φύσιν,

2358 4246 2496 4298 ἀλλά
2510 4245 2597 4296 διὰ
2614 4243 2711 4314 τὴν
2724 4242 2834 4296 τῶν
2858 4242 3265 4312 προσκειμένων
3285 4241 3379 4294 καὶ
3394 4239 3756 4292 δουλευόντων
3778 4236 3931 4303 αύτῷ

2360 4337 2639 4404 ὑποταγὴν
2696 4336 2810 4402 (24)
2874 4348 2887 4386 2
2947 4332 3042 4386 καὶ
3066 4332 3166 4401 τὴν
3203 4330 3411 4384 κοιλίαν
3447 4329 3579 4382 Θεὸν
3635 4329 3813 4388 καλεῖ,
3842 4328 3941 4396 ούχ

2361 4427 2444 4478 ὅτι
2471 4423 2787 4477 δεσποτικὸν
2809 4423 3026 4492 ἀξίωμα
3053 4421 3188 4487 ἔχει,
3213 4420 3330 4471 ἀλλ’
3355 4419 3501 4472 ὃτιοί
3523 4416 3939 4485 γαστρίμαργοι

2360 4514 2532 4586 ταύτῃ
2579 4514 2978 4567 ὕποτάσσονται
3028 4514 3123 4565 καὶ
3176 4509 3543 4563 δουλεύουσιν.
3589 4506 3770 4562 Ὅπου
3828 4507 3937 4573 γὰρ

2362 4608 2397 4677 ἡ
2420 4605 2683 4673 ἐπιθυμία
2717 4602 2871 4673 σύρει
2904 4602 2996 4655 τόν
3037 4601 3345 4673 ἄνθρωπον,
3396 4602 3489 4655 καὶ
3522 4602 3601 4660 είς
3627 4599 3656 4651 ὃ
3700 4600 3937 4667 πρᾶγμα

2361 4698 2396 4766 ἡ
2424 4693 2621 4765 καρδία
2674 4691 2818 4755 τινος
2868 4690 3098 4756 δέδεται,
3125 4690 3304 4743 ἐκεῖνό
3351 4692 3499 4743 ἐστιν
3537 4688 3686 4757 αὐτῷ
3719 4688 3748 4737 ό
3780 4687 3941 4749 Θεός.

2367 4804 2388 4837 ι
2434 4785 2532 4837 Διά
2576 4784 2737 4837 τοῦτο
2788 4783 2933 4851 λέγω
2997 4783 3147 4852 ὑμῖν,
3208 4782 3284 4852 μὴ
3333 4782 3635 4851 μεριμνᾶτε
3674 4781 3746 4849 τῇ
3790 4780 3937 4847 ψυχῇ

2363 4878 2541 4948 ὑμῶν,
2587 4877 2641 4930 τί
2667 4877 2903 4945 φάγητε,
2958 4876 3054 4928 καὶ
3080 4875 3133 4927 τί
3167 4874 3350 4944 πίητε,
3409 4873 3542 4943 μηδὲ
3589 4872 3668 4940 τῷ
3719 4871 3940 4940 σώματι

2362 4969 2537 5039 ὑμῶν,
2569 4968 2623 5021 τί
2655 4966 2971 5037 ἐνδύσησθε.
3010 4985 3029 5019 ι
3066 4965 3164 5018 Διά
3188 4966 3248 5018 τὸ
3272 4962 3802 5033 ἐκϐάλλεσθαιήμᾶς
3831 4962 3940 5014 ἀπὸ

2369 5126 2559 5181 codice
2600 5126 2659 5180 Β.
2692 5127 2779 5180 hic
2819 5136 2963 5180 totus
3027 5125 3180 5179 locus
3214 5123 3386 5177 abest.
3435 5122 3595 5175 Forte
3646 5120 3937 5189 legendum

2367 5206 2471 5259 est,
2498 5196 2598 5248 καὶ
2621 5196 2818 5248 πάθεσι
2852 5197 2926 5264 μὴ
2952 5194 3227 5262 συζῶμεν.
3261 5191 3343 5264 Ει-
3374 5194 3452 5261 μὴ
3506 5192 3759 5264 ωζῷμεν
3787 5200 3938 5264 certe

2367 5266 2547 5319 scriba
2579 5260 3195 5335 properansfdeceptus
3227 5262 3347 5316 soni
3374 5260 3753 5324 Sitiiilittttlitie,
3780 5260 3936 5313 latile

2366 5335 2541 5403 potuit
2596 5340 2771 5388 tacere
2800 5336 3139 5403 μισήσωμεν.

2366 5395 2382 5403 ’
2434 5404 2547 5471 (25)
2578 5395 3042 5471 imputatuer
3097 5402 3376 5471 Expressit
3410 5398 3663 5464 Ps.CXl,
3693 5398 3730 5452 9
3788 5408 3842 5451 et
3891 5395 3933 5449 il

2364 5473 2610 5526 Corinth.
2645 5474 2736 5526 IX.
2766 5474 2820 5526 9.

2391 5473 2610 5528 lut'iulh.
2645 5474 2736 5533 IX,
2766 5474 2820 5526 9.

2438 5544 2547 5607 ('24)
2570 5542 2736 5606 Αὐτῷ
2774 5542 3107 5610 ὑποταγὴν.
3154 5540 3483 5610 ’Υποταγήν,
3526 5538 3671 5607 quod
3704 5538 3860 5610 deest
3888 5538 3936 5587 in

2366 5618 2488 5666 eod.
2524 5617 2561 5664 Α
2596 5613 2773 5665 addidi
2806 5628 2871 5665 ex
2917 5613 2954 5662 ὓ
2978 5609 3165 5664 Ριιιιιο
3197 5621 3319 5663 ante
3340 5609 3501 5663 etiam
3531 5609 3749 5662 correxi
3773 5622 3940 5676 προτ-

2372 5686 2639 5750 κειμένων
2669 5696 2765 5749 pro
2829 5686 3225 5750 προκειμένων.
