4182 6454
272 389 407 455 1281

1686 411 2143 483 ORATlthES.

3396 434 3525 498 ῐῖίῖ

262 506 359 605 τοῦ
388 508 525 563 Θεοῦ
552 510 684 605 ηὕπὸ
742 511 851 568 τῶν
880 519 1205 587 χρημάτων,
1262 520 1338 593 μὴ
1387 528 1663 597 μεριμνᾷ-ι
1687 547 1848 600 προς-

1960 535 2012 590 in
2037 552 2147 605 quo
2176 536 2443 595 retinetur
2479 542 2684 598 anima.
2720 542 2947 601 Videtur
2986 552 3132 601 enim
3165 552 3347 603 anima
3381 549 3533 603 nolle.

260 599 471 693 τάσσει
488 603 515 654 6
549 602 774 674 Κύριος,
799 607 935 677 μηδὲ
963 613 1082 673 ταῖς
1118 615 1366 683 φροντίσι
1426 617 1526 689 τῆς
1575 620 1834 693 φιλοχρη-

263 683 487 784 ματίαξ,
518 694 613 784 καὶ
643 698 763 760 ταῖς
794 698 1112 772 ἐπιθυμίαις
1143 683 1669 779 κατατήκεσθαιίἪ

258 776 316 872 δὲ
339 781 441 834 οὐκ
471 783 660 851 ἐσθίει,
684 787 824 840 κατά
846 788 900 843 δὲ
925 790 1024 861 τὴν
1048 776 1460 869 συνήθειαν-τὴν
1486 776 1846 872 κοινὴν

258 870 436 939 λέγει.
486 876 587 928 Διά
642 879 753 949 γὰρ
792 882 1004 951 τροφῆς
1036 886 1356 941 συνίσταται
1387 891 1449 942 τὸ
1477 870 1658 962 σῶμα,
1710 894 1767 947 ἒν
1799 889 1843 960 ᾧ

255 964 638 1035 διακρατεῖται
669 971 701 1040 ἠ
730 971 903 1041 ψυχή.
947 977 1110 1030 Δοκεῖ
1142 978 1250 1048 γάρ
1290 981 1363 1051 μὴ
1396 983 1683 1054 ἀνέχεσθαι
1704 984 1845 1041 εῖναι

256 1055 316 1107 ἐν
341 1056 421 1125 τῷ
442 1058 659 1129 σώματι
697 1063 730 1132 ἠ
758 1062 925 1137 ψυχὴ,
952 1068 1001 1119 εί
1040 1069 1115 1138 μὴ
1148 1071 1405 1141 τρέφοιτο
1432 1076 1464 1146 ἡ
1492 1076 1649 1144 σάρξ.
1694 1096 1714 1130 ι
1753 1079 1845 1151 Μὴ

259 1153 571 1239 μεριμνᾶτε
602 1156 669 1223 τῇ
700 1154 845 1226 ψυχῇ
874 1157 1114 1226 ύμῶν,τί
1138 1162 1376 1234 φάγητε,
1406 1167 1500 1220 καὶ
1524 1170 1577 1220 τί
1597 1169 1783 1239 πίητε.
1820 1190 1840 1223 ι

258 1234 536 1310 Πρόδηλον
558 1242 635 1307 δὲ,
689 1245 774 1298 ὅτι
836 1250 1010 1319 χωρὶς
1066 1253 1164 1322 τῆς
1194 1253 1375 1325 ψυχῆς
1416 1234 1718 1329 τρέφεσθαι
1752 1263 1846 1317 τὸν

255 1330 550 1400 ἄνθρωπον
582 1334 683 1389 ούκ
707 1336 884 1395 ἔσται.
916 1342 987 1394 Τὸ
1011 1344 1122 1414 γὰρ
1167 1348 1361 1416 νεκρὸν
1413 1350 1573 1421 σῶμα
1601 1355 1845 1408 ἐνδύεται

259 1424 446 1516 μόνον,
481 1427 540 1480 οὐ
560 1430 823 1499 τρέφεται
844 1431 937 1485 δέ·
992 1434 1087 1488 τοῦ
1142 1437 1391 1509 ἐμψύχου
1415 1443 1534 1497 ἐστὶ
1564 1445 1623 1498 τὸ
1652 1446 1849 1516 τρέφε-

258 1515 385 1569 σθαι
416 1534 432 1549 ο
480 1518 543 1571 ού
600 1518 709 1574 τῶν
750 1524 1050 1594 χρημάτων
1098 1526 1155 1581 δὲ
1187 1528 1303 1601 (25)
1361 1533 1524 1601 μόνον
1582 1515 1700 1590 καῖ
1738 1515 1847 1591 τῶν

256 1606 435 1673 ἡδέων
470 1610 691 1665 πάντων
747 1614 844 1667 τοῦ
878 1616 1086 1687 κόσμου
1121 1627 1509 1693 καταφρονεῖν,
1539 1625 1676 1681 ἀλλὰ
1711 1628 1846 1698 μηδὲ

256 1699 402 1767 ὑπὲρ
433 1701 537 1770 τῆς
561 1703 874 1773 ἀναγκαίας
903 1711 1117 1780 τροφῆς
1154 1715 1449 1786 μεριμνᾷν.
1502 1716 1616 1770 Ούκ
1654 1717 1848 1772 ἐκϐάλ-
1928 1724 1931 1727 ’

253 1794 339 1847 is:
366 1796 424 1848 δὲ
449 1799 597 1868 ἡμᾶς
623 1801 746 1855 οὐδὲ
763 1804 1048 1873 ἐμποδίζει
1075 1808 1431 1877 ἐργάζεσθαιο
1470 1810 1529 1865 '0
1548 1812 1656 1885 γὰρ
1675 1813 1846 1885 ἀργὸς

261 1887 404 1955 μηδὲ
434 1889 689 1958 ἐσθιέτω,
732 1871 902 1965 φησὶν
929 1897 958 1948 6
986 1871 1130 1961 θεῖος
1152 1871 1163 1877 ⁷
1184 1871 1510 1966 ’Ᾰπόστολος
1542 1871 1570 1935 ο,
1607 1871 1848 1960 ἀλλιῖτδ
1876 1871 1924 1930 Β

250 1979 459 2035 ὄιδόναι
488 1983 646 2049 ὅλους
681 1988 800 2051 ταῖς
830 1992 1081 2059 φροντίσι
1112 1992 1207 2045 καὶ
1240 1994 1464 2061 ἀμελεῖν
1484 1996 1622 2053 Θεοῦ
1647 2014 1661 2028 ·
1685 1999 1845 2054 τοῦτο

255 2073 459 2128 κωλύει
483 2091 499 2105 ·
527 2078 650 2131 ἐπεὶ
679 2078 793 2150 (26)
825 2080 921 2134 καὶ
964 2085 1238 2153 γεωργεῖν
1258 2084 1341 2138 δεῖ
1376 2087 1527 2157 ἡμᾶς
1557 2090 1651 2142 καὶ
1677 2089 1846 2159 ιργά-

253 2164 452 2231 ζεσθαι
504 2170 648 2224 κατά
707 2173 969 2246 δύναμιν,
1004 2178 1146 2233 ἀλλά
1174 2182 1268 2235 καὶ
1301 2183 1401 2253 τῆς
1428 2182 1703 2253 σωτηρίας
1731 2183 1845 2238 τῶν

253 2262 554 2332 ἡμετέρων
609 2266 801 2337 ψυχῶν
846 2272 1159 2341 φροντίζειν
1194 2277 1334 2346 μετά
1380 2278 1561 2348 πάσης
1605 2278 1844 2350 σπουδῆς

250 2354 351 2408 καὶ
387 2355 752 2429 θερμότητος,
808 2363 906 2415 καὶ
940 2364 1079 2434 πρὸς
1108 2366 1201 2420 τὸν
1241 2366 1377 2421 Θεὸν
1409 2369 1632 2440 βλέπειν
1658 2369 1844 2439 μόνον,

249 2454 345 2506 τὸν
376 2454 594 2511 διδόντα
630 2459 842 2531 τροφὴν
889 2464 1003 2527 τοῖς
1055 2464 1308 2530 πεινῶσι,
1343 2466 1438 2518 καί⁵
1482 2465 1844 2535 ὲμπιπλῶντα

250 2549 311 2600 ἐν
331 2548 562 2616 ἀγαθοῖς
586 2552 686 2621 τὴν
724 2552 875 2624 ζωὴν
912 2555 1093 2626 ήμῶν.
1143 2576 1162 2610 ι
1191 2558 1329 2627 Οὐχὶ
1364 2559 1397 2628 ἡ
1440 2558 1589 2630 ψυχὴ
1640 2558 1846 2612 πλείων

247 2640 371 2694 ἐστὶ
394 2642 495 2710 τῆς
532 2646 761 2716 τροφῆς,
806 2648 902 2701 καὶ
956 2649 1017 2701 τὸ
1058 2649 1219 2720 σῶμα
1275 2650 1372 2704 τοῦ
1425 2651 1772 2721 ἐνδύματος;
1821 2669 1840 2703 ι

1951 632 2006 685 in
2045 646 2278 701 corpore
2309 649 2454 699 esse,
2491 636 2595 691 nisi
2636 638 2912 693 nutriatur
2951 654 3104 693 caro.
3135 657 3155 692 ι
3185 637 3263 694 Ne
3309 640 3533 694 solliciti

1949 723 2071 777 sitis
2107 724 2307 779 anima:
2338 733 2537 781 vestrae
2566 726 2698 798 quid
2750 730 3090 785 manducetis
3121 739 3175 785 et
3208 730 3341 800 quid
3378 730 3533 785 biba-

1952 813 2042 869 tis.
2072 833 2090 865 »
2126 812 2282 868 Patet
2314 824 2496 870 autem
2545 817 2822 873 hominem
2853 820 2974 875 sine
3002 822 3184 875 anima
3223 837 3331 876 non
3370 837 3534 892 posse

1949 905 2167 959 nutriri.
2215 904 2490 961 Murtuum
2549 925 2679 964 vero
2723 925 2930 981 corpus
2986 902 3237 967 induitur
3282 922 3533 975 tantum.

1948 1011 2059 1050 non
2092 998 2352 1053 nutritur.
2386 1000 2464 1053 Ad
2495 1000 2795 1055 animatum
2825 1003 3063 1073 pertinet
3096 1004 3317 1059 nutriri.
3349 1006 3523 1075 Opor-

1949 1095 2026 1142 tet
2051 1098 2231 1143 autem
2262 1105 2363 1145 nos
2393 1106 2499 1145 non
2528 1090 2747 1148 divitias
2770 1102 2982 1149 tantum
3014 1106 3067 1150 et
3089 1110 3283 1151 omnes
3343 1097 3535 1168 mundi

1949 1180 2255 1250 voluptates
2294 1193 2665 1248 contemnere,
2715 1185 2810 1240 scd
2846 1201 2915 1243 ne
2945 1186 3013 1242 de
3059 1188 3375 1243 necessario
3407 1187 3537 1258 qui-

1948 1268 2072 1323 dem
2110 1270 2233 1324 cibo
2264 1271 2534 1328 sollicitos
2571 1289 2716 1330 esse.
2752 1274 2872 1329 Non
2912 1284 3093 1330 autem
3140 1290 3243 1331 nos
3272 1276 3534 1331 dehorta-

1952 1370 2040 1415 tur
2070 1376 2246 1431 ncque
2293 1373 2489 1418 avocat
2530 1379 2560 1418 a
2605 1364 2813 1420 labore.
2847 1366 2949 1432 Qui
3007 1381 3115 1419 non
3149 1366 3382 1430 laborat,
3430 1381 3533 1421 nec

1950 1455 2267 1520 manducet,
2318 1455 2499 1525 inquit
2531 1457 2748 1512 divinus
2790 1460 3113 1528 Apostolus;
3145 1460 3240 1513 sed
3280 1458 3536 1529 prohibet

1952 1561 2019 1600 ne
2045 1561 2147 1600 nos
2174 1546 2530 1603 sollicitudini
2563 1558 2707 1605 totos
2754 1549 2951 1606 demus
2998 1566 3063 1607 ac
3089 1552 3155 1606 de
3184 1550 3293 1607 Deo
3323 1550 3535 1606 dillida-

1950 1654 2096 1695 mus.
2147 1640 2373 1710 Oportet
2398 1642 2545 1696 enim
2599 1658 2699 1699 nos
2734 1658 2833 1713 pro
2864 1643 3077 1699 viribus
3110 1658 3270 1698 arare
3304 1652 3359 1697 et
3398 1656 3535 1712 ope-

1954 1732 2087 1796 rari,
2119 1733 2232 1803 sed]
2259 1746 2314 1787 et
2344 1734 2650 1791 animarum
2699 1745 3015 1792 nostrarum
3064 1737 3296 1791 salutem
3335 1747 3533 1788 curare

1952 1838 2077 1876 cum
2115 1825 2268 1877 omni
2303 1826 2422 1879 zelo
2448 1836 2503 1879 ct
2533 1826 2747 1890 ardore,
2780 1834 2835 1881 et
2868 1826 2935 1881 ad
2965 1825 3135 1880 Deum
3178 1825 3355 1881 solum
3381 1823 3531 1894 aspi—

1950 1929 2097 1981 cere,
2148 1915 2241 1984 qui
2294 1915 2391 1971 dat
2441 1917 2625 1973 cibum
2687 1917 3084 1984 esurientibus,
3143 1925 3198 1972 et
3244 1915 3419 1985 replet
3474 1914 3529 1969 in

1948 2005 2113 2061 bonis
2148 2008 2388 2062 animam
2434 2020 2702 2064 nostram.
2758 2028 2777 2061 ι
2813 2008 3005 2065 Nonne
3046 2009 3229 2063 anima
3278 2007 3402 2076 plus
3446 2015 3532 2060 est

1952 2112 2114 2167 quam
2162 2113 2311 2165 esca,
2364 2109 2419 2154 et
2465 2114 2669 2169 corpus
2702 2098 2993 2170 plusquam
3042 2095 3524 2153 vestimentum?»

1950 2188 2007 2247 Id
2045 2201 2149 2258 est,
2185 2191 2285 2259 Qui
2322 2192 2499 2260 majus
2526 2191 2696 2257 dedit,
2726 2206 2925 2261 nempe
2948 2190 3042 2262 qui
3073 2190 3317 2245 animam
3349 2186 3525 2250 dedit,

1948 2294 2003 2339 et
2052 2300 2254 2354 corpus
2311 2283 2811 2352 formavit,_nonne
2838 2283 2989 2338 dabit
3035 2297 3220 2339 escam
3264 2290 3321 2335 et
3361 2278 3499 2334 vesti

1950 2375 2173 2430 menta?
2230 2394 2249 2427 ι
2285 2374 2530 2444 Aspicite
2582 2374 2830 2429 volatilia
2878 2374 3039 2439 cteli,
3103 2371 3364 2443 quoniam
3417 2383 3529 2424 non

1949 2475 2163 2530 serunt.
2214 2483 2392 2538 neque
2438 2477 2670 2533 metunt,
2702 2483 2880 2538 neque
2927 2473 3265 2537 congregant
3298 2464 3352 2518 in
3395 2461 3528 2516 hor-

1947 2575 2072 2627 rea;
2104 2570 2158 2615 et
2188 2559 2346 2615 Pater
2374 2574 2555 2616 vester
2578 2561 2828 2618 caelestis
2862 2560 3042 2632 pascit
3072 2558 3187 2614 illa.
3214 2555 3408 2611 Nonne
3434 2567 3529 2608 vos

1949 2653 2126 2722 magis
2157 2652 2333 2722 pluris
2357 2654 2492 2708 estis
2521 2653 2669 2707 illis?
2699 2672 2718 2707 ι

248 2735 512 2789 Τουτέστι
551 2738 613 2789 '0
648 2739 706 2792 τὸ
738 2743 923 2809 μεῖζον
957 2742 1101 2809 δοὺς,
1130 2745 1300 2816 ἤγουν
1334 2747 1361 2799 6
1390 2749 1490 2818 τὴν
1519 2745 1700 2816 ψυχὴν
1731 2745 1875 2809 δοὺς,
1915 2748 2012 2800 καὶ
2040 2746 2101 2799 1:6
2134 2748 2295 2818 σῶμα
2335 2748 2694 2812 ¹διαπλάσας.
2729 2748 2791 2801 ού
2822 2746 2987 2801 δώσει
3011 2744 3224 2816 τροφὴν
3259 2742 3353 2796 καὶ
3380 2739 3523 2793 ὲνδύ·

250 2848 441 2900 ματα;
493 2852 512 2885 t
563 2835 903 2907 Ἐμϐλέψατε
938 2840 1017 2901 είς
1073 2840 1144 2894 τὰ
1189 2844 1415 2896 πετεινὰ
1441 2843 1538 2896 τοῦ
1570 2842 1830 2914 ούρανοῦ,
1864 2843 1948 2896 ὅτι
1970 2845 2031 2897 ού
2067 2847 2411 2917 σπείρουσιν,
2448 2846 2569 2899 οὐδὲ
2634 2844 2971 2914 θερίζουσιν,
3002 2841 3125 2895 οὐδὲ
3184 2837 3520 2905 συνάγουσιν

244 2930 333 2990 είς
364 2928 672 2998 ἀποθήκας,
704 2932 798 2984 καὶ
824 2933 852 2985 6
882 2932 1074 3003 Πατὴρ
1099 2934 1256 3003 ὑμῶν
1285 2937 1313 2987 6
1342 2936 1596 3007 οὐράνιος
1626 2937 1823 3007 τρέφει
1863 2938 2029 2992 αύτά.
2059 2940 2174 2993 Οὐκ
2208 2941 2367 3009 ὑμεῖς
2398 2940 2601 3009 μᾶλλον
2673 2938 2962 3007 διαφέρετε
2993 2932 3213 2997 αὑτῶνς
3247 2951 3266 2984 ι

322 3019 451 3073 Τῶν
502 3021 769 3077 πετεινῶν
800 3022 1081 3094 μέμνηται
1107 3024 1136 3077 6
1164 3025 1396 3097 Κύριος,
1430 3027 1517 3080 ἵνα
1561 3028 1845 3101 ἀποδείξῃ,

250 3110 335 3165 ὅτι
361 3112 689 3166 καὶτούτων
719 3112 1054 3186 ἀλογώτεροί
1106 3117 1298 3186 ἐσμεν,
1342 3117 1440 3171 καὶ
1503 3117 1843 3188 καταισχύνῃ

2029 3027 2284 3084 Volatilia
2340 3039 2609 3085 memorat
2654 3028 2965 3092 Dominus.
3008 3025 3382 3090 utsostemlat
3429 3025 3532 3079 nos

1954 3120 2061 3175 illis
2109 3122 2416 3176 insaniores
2465 3136 2588 3175 esse
2626 3129 2680 3174 et
2729 3117 3033 3173 confundat
3075 3130 3201 3181 nos,
3241 3123 3405 3185 atque
3445 3124 3529 3180 ut.

266 3203 443 3271 ἡμᾶς,
487 3204 583 3255 καὶ
606 3204 715 3267 ἵνα,
752 3206 891 3276 ὅπερ
916 3204 1103 3276 ἔχουσι
1136 3208 1207 3261 τὰ
1245 3209 1468 3262 πετεινά
1508 3211 1573 3263 ἐκ
1599 3210 1839 3278 φύσεως,

1950 3213 2090 3282 quod
2138 3222 2328 3266 natura
2381 3212 2621 3266 volatilia
2672 3210 2905 3272 habent,
2966 3223 3164 3277 nempe
3219 3221 3326 3260 non
3390 3220 3517 3260 esse

250 3294 313 3347 τὸ
348 3297 425 3366 μὴ
452 3297 762 3368 ’μεριμνᾷν,
808 3297 970 3351 τοῦτο
996 3300 1161 3369 ἡμεῖς
1189 3302 1254 3355 ἐκ
1292 3307 1680 3373 προαιρέσεως
1708 3322 1847 3375 κτη-

251 3384 515 3455 θώμεθα⁸
575 3389 604 3440 6
659 3388 767 3457 γὰρ
815 3388 1052 3468 εὐτελῶν
1108 3390 1409 3460 στρουθίων
1493 3394 1843 3464 φροντίζων.

251 3478 438 3549 πολλῷ
463 3478 667 3548 μᾶλλον
697 3479 808 3534 τῶν
836 3480 1037 3550 τιμίων
1078 3481 1385 3553 ἀνθρώπων
1416 3486 1716 3554 φροντίσει.
1746 3488 1846 3541 Διά

252 3572 418 3625 τοῦτο
456 3572 874 3642 ὑπομιμνήσκει
942 3574 1092 3645 ἡμᾶς
1124 3577 1152 3628 6
1190 3575 1396 3647 Κύριος
1450 3578 1548 3646 τῆς
1602 3580 1845 3649 ἀρχαίας

249 3663 474 3733 ἐκείνης
528 3661 833 3733 διαγωγῆς,
861 3663 951 3717 ὅτε
974 3664 1003 3717 6
1030 3663 1164 3728 Θεὸς
1223 3664 1419 3734 ἔτρεφε
1464 3668 1557 3719 τὸν
1594 3667 1763 3737 Ἀδὰμ
1788 3668 1846 3721 ἐν

250 3754 572 3824 παραδείσῳ
590 3754 666 3824 μὴ
694 3755 1009 3826 σπείροντα,
1029 3759 1128 3828 τῆς
1157 3757 1261 3827 γῆς
1280 3759 1679 3832 παρασχούσης
1696 3759 1847 3831 αύτῷ

248 3846 320 3898 τά
348 3844 486 3914 πρὸς
550 3845 1003 3916 τροφήνοτρέφει
1030 3848 1086 3901 δὲ
1110 3849 1179 3902 τὰ
1245 3856 1471 3905 πετεινὰ
1503 3852 1533 3905 6
1559 3852 1715 3917 Θεὸς,
1748 3871 1848 3922 φυ-

252 3938 416 4008 σικὴν
446 3937 651 4007 γνῶσιν
682 3938 859 4003 ἐνθεὶς
887 3940 1073 4005 αὐτοῖς
1101 3942 1237 4012 πρὸς
1254 3943 1316 3997 τὸ
1335 3944 1597 4014 συνάγειν
1629 3947 1841 4017 τροφὰς

248 4031 341 4085 διὰ
370 4031 470 4102 τὴν
494 4031 685 4084 τούτου
712 4032 1065 4104 κυὸἐρνησιν.
1122 4053 1142 4086 ι
1188 4035 1285 4098 Τίς
1311 4037 1371 4102 ἐξ
1390 4037 1545 4106 ὑμῶν
1560 4039 1847 4109 μεριμνῶν

252 4124 482 4177 δύναται
539 4124 858 4195 προσθεῖναι
910 4128 1003 4180 ἐπὶ
1053 4126 1153 4196 τὴν
1180 4127 1397 4197 ἡλικίαν
1429 4128 1596 4181 αὑτοῦ
1657 4129 1843 4200 πῆχυν

251 4220 392 4285 Eva;
438 4239 457 4270 ι
502 4219 745 4273 δείκνυσι
797 4224 826 4273 6
862 4221 1122 4290 Χριστὸς,
1170 4222 1255 4275 ὄτι
1324 4223 1386 4276 τὸ
1444 4222 1605 4294 σῶμα
1653 4224 1714 4278 τὸ
1764 4224 1849 4278 δο-

252 4313 387 4365 κοῦν
430 4312 585 4378 αύξει
616 4314 753 4383 (27),
817 4314 918 4367 οὐκ
975 4313 1084 4367 ἀπὸ
1121 4314 1330 4383 τροφῆς
1361 4313 1540 4379 αὔξει,
1600 4314 1741 4368 ἀλλά
1772 4317 1837 4386 τῇ

251 4406 422 4458 αὖτοῦ
454 4406 684 4476 προνοίᾳ
723 4408 820 4459 καὶ
846 4408 1053 4477 χάριτι.
1094 4404 1235 4459 Οΰτε
1268 4408 1378 4478 γὰρ
1438 4408 1661 4479 ἠλικίαν
1688 4408 1848 4461 δύνα-

251 4498 344 4549 ταί
377 4515 461 4559 τις
488 4498 807 4566 προσθεῖναι
840 4497 1082 4568 σώματι,
1114 4496 1240 4551 οὔτε
1268 4499 1479 4569 τροφῆς
1516 4492 1843 4569 προνοῆσαι,

252 4583 304 4635 εἱ
330 4582 409 4652 μὴ
441 4584 469 4635 6
490 4582 642 4649 Θεὸς,
669 4585 728 4636 ὲν
752 4578 831 4647 οἷς
851 4583 1121 4653 δοκοῦμεν
1154 4587 1425 4658 ἐνεργεῖν,
1460 4587 1644 4641 τὸπᾶν
1670 4587 1844 4651 ἀνύει,

250 4674 328 4736 ὡς
368 4673 642 4742 βούλεται.
706 4675 847 4738 Τοὺς
880 4676 990 4745 γὰρ
1041 4674 1297 4740 δοθέντας
1340 4678 1500 4745 ὄρους
1532 4680 1685 4750 παρὰ
1706 4680 1845 4733 Θεοῦ

251 4766 435 4829 οὐδεὶς
461 4766 687 4820 δύναται
725 4768 1021 4840 αὐξῆσαιῆ
1072 4770 1347 4839 μειῶσαι·
1384 4771 1445 4824 ού
1470 4771 1578 4841 γὰρ
1613 4774 1647 4844 ἡ
1684 4773 1847 4826 πολυ-

251 4861 430 4930 φαγία
456 4860 609 4926 αύξει
636 4864 698 4914 τὸ
726 4864 907 4933 σῶμα,
933 4864 1185 4919 ἀλλὰκαὶ
1212 4865 1613 4937 ἀσθενέστερον
1640 4867 1845 4937 μᾶλλον

250 4954 389 5007 αὐτὸ
441 4955 608 5007 ποιεῖ.
675 4954 821 5008 Είτδ
868 4957 1002 5027 περὶ
1068 4959 1202 5026 μιᾶς
1254 4958 1470 5028 ἡμέρας
1530 4959 1843 5028 φροντίζειν

250 5046 416 5118 βαρὺ,
451 5047 546 5099 καὶ
581 5048 867 5101 κακωτικὺ
881 5066 932 5113 ν,
972 5048 1089 5113 πῶς
1119 5050 1180 5102 τὸ
1211 5050 1467 5121 περιττὸν
1503 5050 1606 5104 ούκ
1638 5052 1851 5122 ἀφόρη-

250 5157 346 5192 τον
373 5141 518 5209 ςάρα
539 5138 632 5192 οὖν
664 5142 986 5207 κακώσεως,
1015 5142 1344 5212 κα“·ιόδύνης,
1378 5142 1475 5196 καὶ
1499 5143 1728 5213 μόχθου,
1751 5145 1849 5199 καὶ

253 5231 662 5301 ταλαιπωρίας,
693 5232 792 5286 καὶ
854 5234 1022 5287 πόνου
1067 5235 1100 5302 ἡ
1131 5233 1387 5303 παροῦσα
1423 5235 1612 5304 ἡμέρα
1636 5250 1650 5264 ·
1702 5234 1847 5288 ὥστε

251 5322 363 5376 κᾶν
424 5325 721 5393 μεριμνᾷς,
772 5324 1033 5394 ἄνθρωπε
1063 5363 1078 5386 ,
1132 5323 1236 5377 κᾶν
1295 5326 1592 5397 φροντίζεις
1627 5366 1642 5391 ,
1694 5326 1849 5379 οὐδὲν

256 5415 460 5479 ποιεῖς,
489 5414 567 5484 μὴ
604 5413 855 5478 θέλοντος
886 5415 983 5468 τοῦ
1016 5414 1175 5470 Θεοῦ.
1206 5416 1269 5469 Τί
1305 5417 1489 5469 τοίνυν
1547 5435 1846 5487 ματαιοπο-

332 5596 446 5661 (25)
480 5598 564 5651 Οὐ
586 5596 706 5651 τῶν
732 5597 1055 5666 χρημάτων
1075 5627 1143 5640 -—
1167 5596 1482 5665 μεριμνᾶν.
1514 5596 1568 5649 In
1613 5596 1698 5649 his
1724 5613 1850 5650 rura

259 5682 355 5722 Sus
393 5668 547 5721 deest
600 5667 683 5720 vel
716 5667 950 5728 κελεύει,
987 5670 1065 5720 vel
1120 5667 1220 5730 δεῖ,
1262 5670 1342 5720 vel
1369 5668 1515 5720 aliud
1552 5668 1680 5735 quid
1715 5667 1843 5723 tale.

328 5735 444 5802 (‘26)
523 5737 688 5790 Ἐπεί
721 5739 841 5791 καί.
884 5738 1038 5790 Ἐπεὶ
1068 5737 1190 5789 dedi
1234 5752 1331 5805 pro
1361 5737 1473 5791 ἐπί.

330 5808 441 5875 ('27)
500 5806 820 5863 Τιῖιδοκοῦν
876 5808 1065 5873 αὔξει.
1116 5806 1268 5862 Haud
1306 5807 1469 5863 dubie
1494 5807 1840 5865 scribendum

1878 4540 1925 4597 D

1948 3304 2208 3366 sollicita,
2242 3319 2343 3359 nos
2386 3319 2452 3357 ex
2505 3303 2793 3356 voluntate
2828 3299 3201 3369 acquiramus.
3242 3296 3346 3363 Qui
3382 3296 3529 3350 cnim

1946 3396 2135 3450 vilium
2176 3394 2616 3464 passerculorum
2660 3406 2848 3448 curam
2898 3390 3086 3452 habet,
3143 3388 3317 3443 multo
3352 3385 3527 3454 magis

1948 3486 2258 3550 hominum,
2305 3487 2398 3555 qui
2458 3484 2594 3538 tanti
2644 3483 2802 3553 pretii
2843 3492 2993 3546 suut,
3043 3494 3230 3534 curam
3284 3476 3526 3532 habebit.

1947 3578 2074 3633 ldeo
2125 3579 2179 3633 in
2235 3578 2553 3632 memoriam
2607 3575 2767 3630 nobis
2822 3574 3032 3629 reducit
3080 3571 3349 3626 Dominus
3393 3568 3528 3623 illud

1947 3671 2233 3740 antiquum
2270 3670 2390 3724 vitae
2414 3668 2750 3732 institutum,
2782 3666 3006 3737 quando
3034 3663 3306 3717 Adamum
3344 3660 3528 3716 Domi-

1949 3777 2054 3816 nus
2101 3762 2283 3816 alebat
2327 3775 2431 3815 non
2475 3761 2860 3816 seminantem.
2899 3767 3043 3811 terra
3094 3756 3169 3809 illi
3201 3768 3265 3808 ea
3302 3768 3424 3823 quae
3457 3752 3524 3807 ad

1947 3868 2132 3909 escam
2182 3858 2493 3909 necessaria
2545 3862 2725 3914 erant,
2777 3846 3299 3921 privstante.Nutrit
3338 3855 3521 3900 autem

1951 3949 2090 4003 Deus
2116 3948 2378 4011 volatilia,
2418 3946 2730 4001 naturalem
2766 3945 2871 3998 illis
2908 3944 3161 3997 inserens
3202 3940 3525 3994 instinctum

1948 4049 2009 4094 ut
2062 4055 2158 4108 per
2228 4040 2405 4109 ipsius
2453 4037 2909 4107 gubernationem
2972 4034 3127 4088 cibos
3172 4038 3509 4099 congregem

1954 4151 1973 4184 ι
2006 4131 2140 4197 Quis
2175 4141 2359 4185 autem
2395 4140 2637 4184 vestrum
2681 4129 2930 4197 cogitans
2960 4132 3144 4195 potest
3186 4122 3426 4191 adjicere
3459 4120 3529 4175 ad

1951 4234 2221 4284 staturam
2254 4239 2408 4278 suam
2443 4222 2685 4276 cubitum
2708 4219 2913 4274 unum?
2943 4237 2961 4270 ι
3007 4214 3259 4272 Ostendit
3275 4214 3530 4270 Christus

1948 4333 2150 4388 corpus
2192 4317 2336 4385 quod
2385 4315 2600 4368 videtur
2648 4326 2917 4376 crescere,
2950 4324 3058 4364 non
3104 4309 3229 4363 cibo
3257 4321 3529 4370 crescere,

1950 4411 2044 4465 sed
2096 4423 2191 4480 per
2255 4422 2411 4462 suam
2465 4405 2866 4474 providentiam
2922 4411 2980 4456 et
3039 4401 3293 4471 gratiam.
3357 4394 3522 4452 Nemc

1952 4501 2095 4557 enim
2137 4508 2405 4555 staturam
2457 4496 2678 4567 corpori
2729 4509 2832 4551 suo
2884 4493 3086 4548 addere
3116 4496 3317 4561 potest,
3350 4503 3532 4557 neque

1953 4594 2061 4649 sibi
2095 4593 2277 4647 cibum
2325 4603 2649 4660 procurare,
2698 4588 2803 4643 nisi
2846 4585 3011 4648 Deus,
3048 4582 3273 4656 quando
3313 4580 3529 4651 operari

1951 4686 2225 4749 videmur,
2273 4684 2461 4738 omnia
2500 4681 2766 4751 perliciat,
2810 4688 2872 4733 ut
2916 4676 3167 4733 voluerit.
3200 4672 3350 4739 Quos
3383 4670 3529 4726 enim

1952 4777 2155 4832 limites
2201 4775 2465 4831 Dominus
2490 4773 2695 4842 posuit,
2729 4787 2889 4827 nemo
2915 4783 3113 4839 augere
3161 4778 3257 4821 aut
3285 4764 3532 4819 minuere

1950 4876 2152 4937 potest.
2180 4867 2301 4920 Non
2341 4866 2485 4920 enim
2521 4863 2791 4918 voracitas
2822 4860 3043 4931 augebit
3080 4871 3305 4927 corpus,
3348 4852 3445 4909 sed
3478 4861 3534 4908 ct

1950 4961 2081 5015 illud
2114 4959 2384 5014 intirmius
2413 4960 2583 5012 multo
2614 4956 2802 5012 faciet.
2838 4955 2894 5009 Si
2921 4952 3070 5008 enim
3104 4951 3187 5005 vel
3216 4950 3285 5004 de
3309 4961 3416 5001 una
3442 4946 3531 5000 die

1948 5052 2246 5107 sollicitum
2303 5066 2426 5108 esse
2472 5065 2637 5122 grave
2684 5058 2769 5104 est
2819 5056 2872 5103 et
2924 5044 3204 5109 nocivum,
3252 5040 3531 5111 quomodo

1951 5144 2344 5199 sollicitudinis
2410 5158 2670 5198 excessus
2738 5156 2847 5196 non
2914 5146 3062 5195 esset
3127 5128 3533 5190 intolerabilis?

1950 5235 2120 5306 Igitur
2154 5238 2318 5301 malo,
2346 5246 2398 5291 ct
2434 5236 2643 5300 dolore,
2670 5244 2725 5289 et
2754 5234 2961 5296 labore,
3001 5239 3054 5285 ct
3083 5233 3425 5299 paupertate,
3474 5229 3533 5276 et

1951 5345 2109 5400 Ροεηιι
2148 5332 2304 5400 plena
2344 5341 2426 5386 est
2460 5344 2704 5396 przcsens
2740 5327 2879 5382 dics.
2910 5324 2985 5379 lta
3011 5332 3093 5388 ut,
3124 5317 3342 5374 etiamsi
3374 5313 3532 5370 solli-

1949 5419 2093 5474 citus
2127 5422 2227 5483 sis,
2258 5435 2291 5473 ο
2321 5420 2509 5483 homo,
2542 5418 2757 5475 etiamsi
2788 5416 3015 5485 cogites,
3052 5410 3189 5465 nihil
3222 5406 3362 5464 facis
3420 5400 3532 5459 Deo

1958 5599 2018 5651 τὸ
2041 5598 2232 5653 δοκοῦν
2261 5597 2465 5675 αὖξειν.
2498 5600 2588 5654 Bis
2622 5598 3092 5675 deincepsantein
3123 5596 3211 5650 hic
3235 5591 3424 5675 αῖρξειν
3447 5600 3532 5675 est

1951 5684 2180 5743 crescere
2235 5671 2439 5743 augeri,
2480 5680 2538 5743 ut
2609 5684 2733 5723 mox
2772 5666 2831 5743 in,
2859 5668 3094 5725 Matthxi
3153 5666 3356 5730 verbis,
3408 5666 3529 5724 πῶς

1950 5738 2229 5811 αὐξάνειά
2254 5738 2555 5811 οσέΓκοπιᾷ,
2602 5756 2656 5793 κ.
2682 5756 2732 5793 τ.
2797 5739 2851 5794 λ.
