4182 6454
691 345 825 411 12ιῖ

1712 360 1770 422 Ι.
1814 361 2204 423 XIPIIILINI
2245 362 2355 425 ΟΡ.
2398 364 2910 431 PATRIARCII/E

3813 368 3948 433 ιιιε

685 466 789 519 lem
822 464 1127 534 profectum
1165 468 1369 526 tendat.
1403 469 1673 538 Quoniam
1720 474 1883 543 igitur
1922 475 2037 531 haec
2088 476 2160 530 ita
2212 489 2268 530 se

2375 477 2564 531 ἄλλοτε
2598 479 2674 543 δὲ,
2714 484 2844 551 περὶ
2871 481 3038 552 ἄλλης
3088 484 3541 556 παραινούμενοι,
3577 486 3670 538 καὶ
3708 487 3946 552 σννεχιῖς

686 558 907 625 habent,
925 577 989 617 ex
1006 563 1333 634 evangelicis
1349 568 1528 621 verbis
1545 567 1703 622 hodie
1715 562 1991 624 discamus
2008 576 2268 637 quantum

689 648 894 703 malum
930 650 1001 705 sit
1035 661 1342 721 peccatum,
1372 654 1614 726 illudque
1641 658 1875 711 animam
1911 656 2139 711 multum
2172 657 2269 711 fte-

686 737 820 793 dare
845 750 899 793 ct
921 742 1288 811 corporalium
1319 744 1632 800 morborum
1648 746 1967 815 plerumque
1994 761 2117 800 esse
2143 761 2272 799 cau-

688 845 827 885 sam.
863 829 935 887 lta
972 848 1134 902 porro
1188 849 1247 889 se
1282 834 1446 892 habet
1486 838 1747 894 hodierna
1784 834 1968 893 lectio.
2017 856 2036 888 ι
2083 834 2141 890 In
2174 836 2269 890 illo

685 933 932 994 tempore
952 926 1256 983 ascendens
1271 926 1431 985 Jcsus
1456 926 1508 983 in
1538 931 1840 986 naviculam
1866 929 2263 993 transfretavit;

684 1025 739 1071 et
760 1017 903 1071 venit
934 1016 986 1071 in
1014 1019 1289 1075 ctvitatem
1332 1037 1509 1079 suam.
1534 1016 1599 1078 Et
1619 1038 1745 1079 ecce
1774 1022 2069 1079 oﬂ‘ercbant
2094 1020 2141 1079 ei
2174 1038 2269 1092 pa-

683 1106 970 1179 ralyticum
990 1109 1258 1179 iacentem
1292 1113 1347 1167 in
1375 1113 1536 1168 lecto.
1578 1132 1598 1165 ι
1650 1114 1942 1186 Egreditur
1971 1118 2185 1185 quidem
2235 1133 2267 1174 e

686 1197 1087 1257 Gerasenorum
1120 1203 1321 1260 ﬁnibus
1350 1204 1615 1261 Dominus
1642 1208 1711 1262 ab
1743 1208 1849 1263 illis
1872 1209 2145 1265 invitatus.
2177 1208 2267 1265 Ti-

688 1300 945 1345 muerant
972 1293 1115 1346 enim
1150 1293 1439 1363 Geraseni,
1477 1300 1623 1367 quod
1658 1314 1855 1368 porcos
1895 1317 2026 1357 suos
2065 1303 2267 1358 amise-

690 1393 833 1449 rant,
867 1400 935 1438 ne
964 1386 1201 1441 similem
1238 1386 1507 1443 facturam
1534 1399 1862 1459 paterentur.
1922 1394 2048 1449 Ideo
2076 1404 2129 1448 ct
2175 1394 2261 1449 in-

688 1474 863 1528 ritant
892 1474 1172 1531 Christum
1235 1489 1290 1533 et
1321 1482 1599 1549 postulant
1645 1483 1714 1537 ab
1763 1498 1828 1537 eo
1884 1494 1944 1538 ut
1992 1499 2022 1539 e
2065 1485 2265 1541 ﬁnibus

690 1566 809 1619 suis
834 1576 1011 1622 exeat.
1050 1566 1167 1623 Non
1201 1570 1346 1624 enim
1382 1573 1531 1640 digni
1566 1574 1956 1629 erantDomini
1991 1578 2261 1635 doctrina.

692 1656 809 1711 Non
866 1660 1067 1713 restitit
1110 1661 1385 1727 Christus,
1427 1664 1519 1717 sed
1553 1665 1720 1719 multa
1764 1682 1888 1721 cum
1927 1668 2259 1741 indulgentia

686 1756 741 1800 et
783 1751 1205 1806 mansuetudine
1268 1754 1377 1809 illis
1408 1756 1650 1811 indulsit.
1689 1758 1788 1813 [Μ
1819 1759 1961 1813 enim
1988 1770 2073 1815 est
2132 1778 2259 1830 por-

684 1838 809 1893 cina
841 1841 1043 1907 vita,et
1073 1845 1246 1899 malus
1272 1847 1429 1911 odor,
1446 1857 1499 1902 et
1521 1864 1765 1913 caenum,
1797 1861 1854 1906 et
1881 1852 2258 1910 bonidetesta-

687 1933 785 1994 tio,
824 1932 894 1986 ibi
938 1949 1045 1988 non
1073 1947 1253 1992 manet
1283 1937 1554 1995 Christus.
1618 1941 1755 1995 Sivit
1779 1952 1958 1997 autem
1990 1958 2082 1999 eos
2109 1947 2198 2015 qui
2228 1960 2258 1999 a

687 2023 1025 2081 daemonibus
1055 2028 1266 2084 liberati
1288 2040 1444 2085 erant
1480 2041 1534 2087 et
1578 2032 1669 2101 qui
1720 2049 1914 2103 porcos
1943 2037 2257 2104 pascebant,

686 2116 869 2170 dicere
889 2125 943 2171 et
978 2120 1315 2185 proclamare
1330 2138 1449 2191 qua:
1478 2122 1621 2178 facta
1650 2136 1805 2179 erant
1834 2128 2115 2183 miracula.
2146 2149 2163 2180 ι
2198 2130 2262 2185 Ει

686 2223 815 2264 ecce
840 2209 1175 2265 adducebant
1200 2213 1247 2264 ei
1282 2214 1636 2283 paralyticum
1662 2215 1929 2283 jacrntem
1972 2219 2023 2271 in
2066 2220 2254 2273 lecto.»

691 2295 986 2367 Postquam
1021 2299 1085 2353 ad
1123 2302 1421 2356 curandam
1464 2306 1759 2376 paralysim
1792 2308 2090 2364 invalidam
2137 2326 2259 2366 esse

688 2388 1025 2443 medicorum
1068 2400 1241 2445 artem
1281 2392 1630 2448 manifestum
1683 2395 1881 2459 funerat,
1950 2398 2015 2451 ad
2070 2415 2263 2466 super-

689 2496 817 2535 num
858 2489 914 2534 ct
946 2481 1220 2538 caelestem
1257 2484 1549 2549 medicum,
1589 2487 1876 2540 Dominum
1911 2498 2152 2544 nostrum
2174 2490 2261 2546 Je-

688 2585 809 2622 sum
842 2570 1118 2623 Christum
1168 2584 1197 2622 a
1225 2572 1340 2625 suis
1372 2573 1708 2642 paralyticus
1760 2576 1859 2628 iste
1913 2576 2259 2633 oil‘erebatur.

691 2662 865 2716 Unum
902 2670 955 2715 et
978 2662 1227 2716 eumdem
1262 2664 1620 2733 paralyticum
1656 2679 1779 2720 esse
1830 2666 1974 2735 apud
2028 2678 2264 2735 quatuor

687 2753 1047 2822 evangelistas
1085 2766 1442 2808 memoratum
1478 2756 1637 2809 multi
1687 2760 1937 2822 credunt,
1977 2761 2070 2829 qui
2128 2762 2264 2815 divi-

690 2859 789 2898 nas
832 2843 1142 2909 Scripturas
1177 2845 1499 2914 simpliciter
1560 2856 1615 2901 et
1655 2859 1908 2903 accurate
1948 2851 2147 2917 legunt,
2210 2864 2264 2908 et

691 2936 936 2989 nonnulli
967 2935 1319 3006 evangelistis
1364 2937 1516 2991 litem
1550 2938 1777 3003 faciunt,
1830 2948 2087 3009 tanquam
2124 2943 2265 2998 inter

690 3042 750 3081 se
792 3012 1244 3095 pugnantibus-et
1270 3028 1733 3085 dissentientibus.
1758 3029 1934 3087 Falso.
1973 3031 2085 3085 Una
2119 3035 2263 3088 enim

2376 563 2552 623 ταῦτα
2583 574 2965 643 παιδευόμενοι
3000 576 3098 629 καὶ
3133 578 3560 648 γυμναζόμενοι,
3596 576 3945 647 δυνησόμεθα

2377 659 2471 710 καὶ
2499 658 2659 712 αὐτοὶ
2694 662 2793 726 τὰς
2846 660 3048 733 ἀρετάς
3078 666 3446 736 κατορθῶσαι,
3481 667 3577 721 καὶ
3606 666 3699 720 τὸν
3732 667 3799 720 ἐκ
3824 666 3947 717 τού-

2371 768 2480 803 των
2503 751 2884 823 ὲντικτόμενον
2907 756 3031 818 ταῖς
3055 758 3357 826 ἡμετέραις
3388 759 3589 829 ψυχαῖς
3622 758 3947 828 γλυκασμὸν

2371 858 2429 894 τε
2458 844 2551 895 καὶ
2583 847 2888 914 φωτισμὸν,
2919 846 2996 911 ὡς
3031 849 3155 919 μέλι
3187 852 3284 904 καὶ
3314 850 3507 921 κηρίον
3564 853 3947 921 προσαγαγεῖν

2369 932 2449 1002 τῷ
2470 933 2609 1003 Θεῷ.
2659 935 2772 989 ’Δεὶ
2795 939 2902 1008 γάρ
2927 941 2960 1008 ὴ
2986 940 3108 995 θεία
3129 943 3323 1015 Γραφὴ
3348 942 3415 995 τά
3447 942 3673 1011 θεοφιλῆ
3712 944 3810 995 καὶ
3844 959 3947 995 σω-

2367 1026 2531 1094 τήρια
2560 1026 2799 1083 διδάσκει
2824 1030 2918 1085 καὶ
2945 1031 3255 1103 ὑποτίθησι,
3275 1033 3373 1087 καὶ
3394 1035 3546 1088 οὐδέν
3574 1036 3692 1087 ἐστι
3715 1033 3944 1103 ταύτης

2368 1116 2507 1188 ὅπερ
2535 1116 2612 1189 μὴ
2651 1119 2788 1188 πρὸς
2810 1121 3049 1193 ψυχικὴν
3118 1124 3418 1177 συντείνειν
3441 1124 3737 1194 ὠφέλειαν.
3793 1125 3948 1177 Ἐπεὶ

2366 1202 2459 1259 οῦν
2496 1207 2671 1260 ταῦτα
2697 1207 2871 1274 οὕτως
2902 1210 3039 1282 ἔχει,
3080 1212 3347 1283 μάθωμεν
3388 1215 3633 1285 σήμερον
3685 1214 3799 1268 ἀπὸ
3835 1213 3947 1266 τῶν

2366 1298 2739 1365 εύαγγελικῶν
2767 1304 3055 1371 ῥημάτων,
3085 1304 3209 1358 ὅσον
3252 1304 3421 1359 κακὸν
3452 1308 3484 1376 ἡ
3516 1305 3767 1373 ἁμαρτία
3799 1306 3944 1368 ἐστὶ,

2367 1391 2461 1442 καὶ
2486 1390 2569 1443 ὅτι
2589 1394 2657 1461 τῇ
2690 1390 2839 1464 ψυχῇ
2864 1394 3191 1463 λυμαίνεται
3222 1396 3455 1465 σφόδρα,
3488 1397 3583 1449 καὶ
3608 1398 3719 1450 τῶν
3752 1414 3945 1467 σωμα-

2364 1481 2536 1533 τικῶν
2563 1480 2621 1535 δὲ
2659 1484 2985 1553 νοσημάτων
3006 1486 3082 1549 ὡς
3127 1488 3221 1539 ἐπὶ
3250 1487 3311 1540 τὸ
3334 1488 3591 1541 πλεῖστον
3616 1487 3757 1557 αῦτη
3792 1490 3947 1542 αἰτία

2366 1571 2729 1644 καθέστηκεν.
2767 1576 2922 1646 Ἐχει
2977 1576 3036 1630 δὲ
3104 1578 3171 1631 τὰ
3218 1578 3317 1646 τῆς
3374 1578 3688 1641 ὑποθέσεως
3740 1578 3941 1641 οὕτως’

2370 1683 2388 1716 ι
2439 1664 2531 1735 Τῷ
2571 1666 2753 1737 καιρῷ
2776 1669 2971 1739 ἐκείνῳ
3003 1670 3178 1737 έμὸἀς
3206 1670 3282 1738 (7)
3308 1671 3336 1722 6
3374 1666 3584 1740 Ἰησοῦς
3608 1671 3692 1731 είς
3754 1671 3946 1722 πλοῖον

2361 1759 2677 1827 διεπέρασε,
2707 1760 2799 1811 καὶ
2831 1756 2997 1821 ἦλθεν
3022 1763 3103 1823 είς
3130 1760 3229 1828 τὴν
3259 1760 3394 1813 ίδίαν
3445 1760 3629 1813 πόλιν.
3684 1760 3801 1812 Καὶ
3831 1757 3945 1810 ἰδοὺ

2364 1849 2706 1918 προσέφερον
2738 1849 2887 1920 αῦτῷ
2933 1851 3309 1919 παραλυτικὸν
3364 1852 3457 1903 ἐπὶ
3516 1851 3705 1919 κλίνης
3744 1848 3950 1918 βεϐλη-

2368 1938 2557 2008 μένον.
2588 1958 2605 1991 ι
2647 1938 2959 2009 Ἐξὲρχεται
2987 1941 3088 2011 μὲν
3110 1941 3211 2010 τῆς
3237 1941 3346 1994 τῶν
3375 1940 3732 2012 Γεργεσηνῶν
3763 1938 3948 2010 χώρας

2361 2030 2618 2101 δΚύριος
2673 2031 2766 2084 ὑπ’
2819 2032 3049 2085 ἐκείνων
3108 2031 3509 2101 παρακληθείς.
3559 2030 3948 2100 Ἐφοσήθησαν

2363 2118 2471 2192 γὰρ
2494 2123 2543 2174 οί
2592 2123 2959 2193 Γεργεσηνοὶ,
3006 2124 3148 2177 διότι
3204 2125 3492 2177 ἀπώλεσαν
3539 2125 3668 2184 τοὺς
3724 2122 3949 2190 χοίρους

2362 2214 2560 2278 αὐτῶν,
2597 2216 2807 2285 μήποτε
2839 2217 2934 2269 καὶ
2984 2216 3113 2269 ἄλλο
3139 2234 3195 2269 τι
3235 2215 3531 2285 ἐπιζήμιον
3572 2213 3815 2268 πάθωσι.
3846 2214 3951 2265 Διά

2362 2305 2522 2357 τοῦτο
2550 2307 2647 2359 καὶ
2680 2306 3066 2376 παρακαλοῦσι
3089 2306 3181 2360 τὸν
3211 2307 3469 2377 Χριστὸν,
3505 2306 3601 2359 καὶ
3624 2303 3851 2375 ζητοῦσι
3870 2305 3948 2373 (8)

2366 2397 2668 2466 μεταϐῆναι
2719 2397 2826 2449 ἀπὸ
2881 2399 2991 2449 τῶν
3044 2399 3209 2468 ὁρίων
3255 2398 3438 2450 αὐτῶν
3462 2414 3476 2427 ι
3506 2396 3627 2450 οὐδὲ
3662 2396 3771 2464 γὰρ
3804 2390 3952 2465 ἦσαν

2362 2488 2504 2553 ἄξιοι
2538 2489 2637 2559 τῆς
2667 2488 2760 2541 τοῦ
2782 2490 3058 2542 Δεσπότου
3093 2488 3471 2551 διδασκαλίας.
3504 2488 3620 2541 υύκ
3667 2486 3949 2539 ἀντέτεινε

2361 2578 2418 2632 δὲ
2441 2582 2469 2632 6
2498 2580 2751 2648 Χριστὸς,
2774 2580 2889 2632 ἀλλ’
2917 2579 3235 2649 ἀνεχώρησε
3266 2579 3408 2649 μετά
3435 2580 3613 2649 πάσης
3639 2577 3949 2639 ἐπιεικείας

2364 2673 2460 2723 κα)⁸
2494 2671 2826 2742 πραότητος.
2856 2672 3024 2725 Ἔνθα
3060 2672 3323 2742 χοιρὼδης
3354 2671 3433 2740 (9)
3478 2670 3615 2739 βίος,
3645 2671 3744 2721 καί¹
3770 2670 3953 2722 δυσω-

2362 2765 2479 2829 δία,
2527 2765 2623 2817 καὶ
2668 2764 2956 2833 βόρϐορος,
3018 2765 3114 2816 καὶ
3165 2763 3505 2831 παραίτησις
3558 2759 3653 2812 τοῦ
3704 2759 3955 2820 καλοῦ,έ.

2362 2856 2600 2925 Χριστὸς
2633 2854 2695 2907 ού
2732 2856 2886 2922 μένει
2934 2856 3089 2907 ὲκείο
3135 2855 3320 2922 ἀφῆκε
3377 2854 3422 2906 δ’
3469 2853 3622 2922 ὅμως
3692 2853 3823 2914 τοὺς
3882 2854 3951 2904 ἐκ

2364 2949 2474 3001 τῶν
2498 2948 2613 3017 (10)
2631 2947 2913 3015 δαιμόνων
2942 2946 3381 3013 ἀπαλλαγέντας,
3407 2945 3501 2997 καὶ
3516 2946 3641 3006 τοὺς
3652 2944 3953 3013 βόσκοντας

2365 3042 2491 3102 τοὺς
2522 3039 2735 3109 χοίρους
2770 3038 2956 3106 λέγειν
2986 3054 3001 3068 ·
3028 3039 3121 3091 καὶ
3152 3037 3557 3107 ἀνακηρύττειν
3586 3037 3654 3092 τά
3712 3052 3952 3103 γεγενηο

687 3126 918 3187 estquae
944 3118 995 3171 in
1030 3116 1136 3173 illis
1173 3128 1398 3187 operata
1438 3128 1522 3174 est
1567 3122 1739 3189 gratia
1784 3122 2022 3191 Spiritus
2067 3125 2262 3180 sancti.

2371 3132 2506 3201 μένα
2533 3132 2835 3201 θαυμάσια.
2886 3150 2905 3183 ι
2936 3131 3046 3183 Καὶ
3079 3131 3187 3183 ίδοὺ
3217 3130 3559 3199 προσέφερον
3590 3127 3741 3197 αύτῷ
3764 3144 3950 3197 παρι-

693 3209 790 3263 Ubi
822 3218 1002 3264 autem
1023 3218 1106 3263 est
1149 3210 1321 3279 gratia
1372 3208 1610 3280 Spiritus
1641 3214 1837 3277 sancti,
1888 3214 1962 3267 ibi
2005 3215 2266 3279 charitas,

690 3300 873 3354 ltetitia
910 3311 966 3353 et
1001 3315 1123 3370 pax.
1165 3301 1265 3357 Ubi
1317 3312 1498 3356 autem
1537 3311 1622 3358 est
1660 3318 1784 3372 pax,
1854 3305 1979 3359 inde
2035 3308 2270 3376 abigitur

689 3392 870 3447 omnis
909 3406 1089 3461 pugna
1146 3402 1202 3445 et
1251 3393 1547 3462 oppositio,
1604 3396 2027 3467 sustolliturque
2091 3400 2270 3455 omnis

692 3490 1020 3560 ambiguitas
1045 3501 1099 3544 et
1143 3491 1508 3548 dissonantia.
1552 3491 1731 3547 Locus
1755 3494 1924 3559 enim,
1970 3504 2025 3548 et
2055 3503 2270 3565 tempus

692 3594 748 3638 et
776 3584 915 3647 dies,
959 3594 1012 3638 et
1036 3584 1337 3639 curationis
1367 3584 1921 3654 modusjctgqnaadam
1948 3587 2051 3640 alia
2087 3597 2274 3642 osten-

692 3678 829 3731 dunt
877 3677 966 3743 iis,
1018 3677 1110 3744 qui
1159 3679 1656 3746 quomodocunque
1711 3688 1946 3732 mentem
1984 3678 2270 3747 adhibent,

692 3771 925 3825 alterum
959 3783 1083 3824 esse
1106 3768 1250 3824 hunc
1302 3768 1682 3840 paralyticum,
1706 3770 1938 3825 alterum
1970 3782 2150 3825 autem
2178 3774 2269 3841 qui

692 3859 835 3928 apud
881 3858 1150 3913 Joannem
1201 3870 1555 3913 memoratur.
1614 3860 1710 3914 Ille
1739 3860 1884 3913 enim
1942 3862 2273 3931 paralyticus

695 3952 1085 4023 Hierosolymis
1114 3959 1358 4016 sanatur,
1387 3952 1474 4006 hic
1501 3968 1629 4007 vero
1653 3951 1704 4005 in
1736 3952 2149 4023 Capharnaum;
2184 3955 2274 4009 ille

692 4056 858 4110 prope
881 4040 1169 4110 piscinam,
1200 4041 1289 4095 hic
1316 4043 1368 4093 in
1406 4042 1639 4111 quadam
1672 4043 1856 4106 domo,
1910 4053 1967 4095 ut
2019 4043 2193 4098 Lucas
2220 4054 2274 4099 et

693 4132 909 4185 Marcus
938 4132 1146 4185 dicunt.
1184 4132 1249 4184 Et
1280 4131 1368 4184 ille
1398 4132 1615 4201 quidem
1652 4134 1988 4201 paralyticus
2015 4135 2103 4187 die
2136 4134 2274 4188 festo

695 4224 1038 4276 sanationem
1063 4233 1318 4291 expertus
1341 4232 1423 4277 cst
1443 4263 1457 4287 ,
1489 4222 1576 4276 hic
1596 4239 1724 4277 vero
1756 4239 1862 4278 non
1888 4225 1975 4278 die
2008 4226 2274 4288 festo,sed

695 4315 799 4367 alia
831 4314 940 4369 die.
978 4311 1073 4365 llle
1100 4312 1319 4383 triginta
1352 4323 1477 4368 octo
1511 4330 1689 4369 annos
1720 4316 1954 4369 habebat
1980 4317 2032 4368 in
2065 4317 2165 4369 hac
2196 4319 2276 4369 in-

694 4404 985 4468 ﬁrmitate;
1039 4404 1105 4457 de
1152 4403 1254 4457 hoc
1307 4413 1489 4458 autem
1528 4405 1663 4458 nihil
1707 4406 1813 4459 tale
1852 4406 1986 4460 dicit
2036 4420 2273 4475 evange-

2369 3220 2587 3273 λυτικὸν
2635 3221 2730 3273 ἀπὶ
2784 3220 2975 3288 κλίνης
3023 3217 3419 3288 βεϐλημένον.»
3476 3217 3699 3285 Ἐπειδὴ
3731 3216 3873 3285 πρὸς
3895 3218 3957 3269 τδ

2371 3311 2707 3380 θεραπεῦσαι
2756 3311 3061 3381 παράλυσιν
3090 3310 3123 3379 ἡ
3152 3309 3262 3361 τῶν
3318 3307 3518 3378 ίατρῶν
3578 3306 3747 3376 τέχνη
3783 3306 3955 3359 ἀσθε-

2370 3405 2535 3457 νοῦσα
2569 3402 2830 3472 ἠλέγχετο
2884 3402 3022 3471 προς
3071 3402 3165 3453 τὸν
3202 3400 3433 3461 ἀνωθεν,
3484 3398 3579 3452 καὶ
3605 3398 3667 3462 ἐξ
3699 3396 3957 3468 οὐρανῶν

2375 3496 2581 3566 ίατρδν,
2644 3496 2735 3549 τὸν
2789 3494 2994 3563 Κύριον
3047 3493 3205 3561 ἡμῶν
3252 3491 3458 3561 Ἰησοῦν
3508 3491 3746 3558 Χριστὸν
3801 3490 3958 3559 παρᾶ

2371 3590 2478 3643 τῶν
2550 3588 2766 3642 οἰκείων
2844 3590 2872 3640 6
2953 3586 3268 3655 παράλυτος
3340 3579 3494 3645 οὗτος
3557 3583 3957 3648 ἀπεκομίζετο.

2373 3682 2511 3736 "Eva
2549 3681 2606 3732 δὲ
2641 3681 2734 3732 καὶ
2795 3679 2887 3730 τὸν
2937 3676 3099 3730 αὑτὸν
3152 3676 3469 3746 παράλυτον
3510 3673 3601 3726 τὸν
3655 3674 3814 3742 παρά
3840 3676 3961 3733 τοῖς

2372 3773 2669 3840 τέσσαρσιν
2690 3768 3101 3838 εύαγγελισταῖς
3136 3768 3428 3835 λεγόμενον
3460 3764 3783 3832 νομίζουσιν
3817 3759 3961 3816 εἶναι

2373 3861 2561 3915 πολλοὶ
2585 3860 2693 3912 τῶν
2724 3858 2911 3919 ἁπλῶς
2928 3857 3416 3923 ἀναγινωσκόντων
3449 3856 3542 3906 καὶ
3607 3852 3963 3916 ἀνεξεταστι-

2371 3954 2483 4014 κῶς
2507 3954 2604 4015 τὰς
2642 3951 2791 4011 θείας
2848 3949 3093 4019 Γραφάς,
3147 3948 3240 3999 καὶ
3310 3944 3603 4014 έγκαλοῦσί
3666 3961 3814 4006 τινες
3847 3946 3961 4005 τοῖς

2372 4046 2810 4113 εύαγγελισταίς,
2839 4046 2915 4104 ὠς
2945 4039 3276 4109 μαχομένοις
3304 4038 3558 4107 ἀλλήλοις
3588 4037 3684 4089 καὶ
3737 4037 3955 4103 διαφωο

2371 4134 2575 4190 νοῦσιν.
2611 4134 2723 4186 Οὐκ
2780 4131 2983 4183 ἔστιδὲ
3008 4130 3198 4183 τοῦτο’
3258 4129 3334 4199 μὴ
3390 4128 3623 4195 γένοιτο.
3685 4127 3804 4180 Μία
3853 4127 3961 4195 γὰρ

2373 4230 2407 4297 ἡ
2434 4230 2492 4279 ὲν
2523 4225 2732 4288 τούτοις
2762 4225 3107 4294 ὲνεργήσασα
3126 4222 3288 4291 χάρις
3317 4222 3409 4272 τοῦ
3424 4222 3579 4287 ἀγίου
3612 4220 3958 4286 ηνεύματος,

2372 4320 2508 4372 ὅπου
2537 4319 2595 4370 δὲ
2640 4317 2801 4386 χάρις
2833 4315 2929 4368 τοῦ
2966 4315 3126 4381 ἀγίου
3175 4313 3492 4379 Πνεύματος
3558 4312 3679 4362 ὲκεί
3740 4312 3962 4377 ἀγάπη,

2377 4414 2543 4482 χαρά,
2577 4412 2770 4480 εἰρήνη
2800 4423 2813 4437 ·
2841 4407 2971 4460 ἔνθα
3004 4408 3060 4459 δὲ
3094 4407 3311 4475 εἰρήνη,
3355 4404 3569 4456 ἐκεῖθεν
3604 4406 3757 4455 πᾶσα
3812 4406 3963 4472 μάχη

695 4494 838 4547 lista.
896 4494 1063 4548 Porro
1095 4492 1185 4547 ille
1212 4492 1449 4548 Sabbato
1494 4504 1721 4548 sanatus
1756 4504 1874 4560 est;
1941 4494 2032 4548 hic
2090 4472 2268 4548 autem

2531 4472 2847 4561 έναντίωσις
2900 4472 3397 4564 ἀπελήλαταιςκαὶ
3442 4494 3591 4545 πᾶσα
3656 4492 3963 4560 ἀμφιϐολία

694 4591 796 4642 alia
830 4589 953 4643 diei
993 4588 1049 4642 Si
1073 4590 1218 4643 enim
1251 4589 1490 4643 Sabbato
1513 4590 1601 4643 ille
1631 4599 1858 4643 curatus
1893 4599 2058 4653 esset,
2096 4589 2146 4642 id
2172 4604 2278 4643 non

696 4681 953 4750 tacuisset
1014 4680 1377 4745 evangelista,
1437 4694 1615 4747 neque
1675 4678 1846 4733 Judaei
1918 4679 2275 4748 quievissent.

694 4768 791 4822 llic
825 4770 1044 4838 quidem
1069 4771 1401 4839 paralyticus
1435 4770 1500 4823 ad
1524 4770 1802 4825 Christum
1824 4770 2025 4823 dicitur
2040 4771 2236 4825 allatus
2261 4786 2276 4835 ;

697 4862 761 4911 ad
808 4860 960 4914 illum
995 4860 1249 4914 Christus
1278 4863 1391 4929 ipse
1427 4861 1593 4915 vadit.
1644 4860 1711 4914 Et
1750 4861 1825 4913 illi
1858 4861 2077 4930 quidem
2113 4877 2273 4930 para-

693 4952 859 5022 lytico
899 4968 1059 5006 nemo
1088 4962 1207 5007 erat
1236 4954 1328 5022 qui
1358 4968 1513 5021 opem
1546 4952 1733 5007 ferret.
1764 4951 2051 5022 lnquiebat
2084 4955 2229 5006 enim
2260 4971 2276 5010 :

700 5045 978 5108 iDomine,
999 5044 1268 5099 hominem
1290 5060 1394 5099 non
1417 5046 1641 5102 linteo.)
1662 5044 1759 5101 llic
1777 5056 1955 5099 autem
1975 5047 2173 5099 multos
2190 5048 2281 5099 ha-

698 5137 857 5189 bebat
902 5145 1146 5191 astantes
1195 5140 1289 5207 qui
1323 5154 1447 5192 eum
1476 5140 1789 5208 portabant.
1819 5138 1926 5193 Sed
1951 5149 2005 5193 et
2032 5140 2279 5192 curatio-

698 5227 787 5281 nis
804 5228 998 5283 modus
1024 5229 1077 5282 in
1110 5237 1345 5299 utroque
1371 5231 1584 5285 videtur
1606 5232 1936 5299 discrepare.
1979 5232 2129 5284 llhus
2155 5231 2276 5298 qui-

701 5318 823 5371 dem
850 5333 1049 5389 corpus
1069 5331 1196 5376 ante
1227 5323 1464 5376 animam
1509 5324 1744 5377 sanavit.
1799 5322 2094 5389 Postquam
2129 5322 2272 5375 enim

700 5409 820 5477 ejus
871 5412 1160 5482 paralysim
1214 5414 1479 5481 coercuit,
1512 5423 1640 5468 tunc
1667 5415 1798 5467 dixit
1835 5432 1847 5466 :
1892 5432 1910 5464 ι
1946 5413 2081 5467 Ecce
2109 5426 2277 5466 sanus

774 5612 855 5679 (Tt
909 5610 994 5675 Τῷ
1024 5611 1205 5678 καιρῷ
1228 5612 1436 5673 ἐκείνῳ
1455 5611 1657 5680 ἐμϐάς.
1686 5612 1877 5665 Matth.
1912 5611 2003 5675 ΙΧ,
2050 5612 2071 5663 1
2116 5626 2272 5680 seqq.

774 5682 854 5750 (8)
904 5684 1008 5735 Καὶ
1038 5682 1307 5748 ζητοῦσι.
1344 5682 1522 5744 l’nt'tc,
1560 5686 1651 5733 καί
1685 5683 1919 5734 αἰτοῦσι.

780 5751 860 5821 (9)
933 5753 1117 5807 "Eri/ct
1178 5751 1489 5819 χοιρώὸης.
1546 5751 1750 5815 Valte,
1815 5754 1944 5805 ἔνθα
2010 5753 2119 5820 γὰρ
2174 5767 2277 5817 χοιι

2384 4594 2479 4646 καὶ
2524 4591 2790 4660 διαφωνία
2822 4590 3112 4659 ἀνῄρηται.
3156 4588 3216 4638 '0
3272 4585 3438 4647 τόπος
3465 4584 3595 4653 γάρ,
3652 4583 3751 4635 καὶ
3775 4586 3803 4635 ὁ
3833 4584 3965 4652 χρό-

2382 4700 2493 4745 νος,
2523 4685 2615 4735 καὶ
2645 4685 2673 4734 6
2707 4682 2917 4750 καιρδς.
2972 4678 3069 4730 καὶ
3132 4679 3164 4745 η
3220 4676 3427 4746 ἡμέρα,
3457 4677 3549 4727 καὶ
3575 4675 3602 4725 ὁ
3637 4674 3841 4742 τρόπος
3865 4675 3965 4740 τῆς

2383 4776 2707 4845 θεραπείας,
2740 4774 2834 4826 καὶ
2864 4774 3032 4841 ἒτερά
3064 4788 3189 4823 τινα
3218 4769 3528 4822 δεικνύουσι
3564 4770 3677 4828 τοῖς
3706 4766 3965 4819 ὁπωσοῦν

2384 4868 2768 4937 προσέχουσιν,
2804 4864 2887 4916 ὅτι
2919 4863 3107 4931 ἕτερος
3137 4860 3236 4929 μέν
3297 4863 3443 4911 ἐστιν
3472 4852 3627 4920 οὗτος
3662 4859 3692 4909 6
3722 4860 3967 4923 παράλυο

2381 4976 2474 5021 τος
2509 4995 2524 5019 ,
2588 4958 2776 5026 ἕτερος
2806 4955 2864 5006 δὲ
2904 4956 2931 5006 6
2967 4954 3119 5021 παρὰ
3180 4950 3258 5018 τῷ
3300 4949 3522 5018 Ἰωάννῃ
3589 4946 3668 5015 τῷ
3727 4947 3967 5015 θεολόγῳ

2384 5048 2866 5115 καὶῖεὑαγγελιστῇ
2894 5045 3209 5113 λεγόμενος.
3248 5042 3485 5102 Ἐκεῖνος
3519 5040 3616 5109 μὲν
3650 5039 3760 5107 γὰρ
3791 5040 3820 5090 ὁ
3860 5055 3968 5088 πα-

2388 5141 2614 5208 ράλυτος
2668 5141 2728 5191 ὲν
2795 5134 3192 5206 Ἱεροσολύμοις
3253 5129 3661 5200 θεραπεύεται·
3722 5122 3967 5189 οὗτοςόὲ

2385 5234 2442 5284 ὲν
2472 5227 2879 5298 Κιιπερναούμ⁹
2932 5227 3139 5284 ἐκεῖνος
3188 5224 3339 5293 παρά
3395 5221 3495 5291 τὴν
3526 5220 3915 5288 κολυμεήθραν
3947 5233 3964 5248 ο

2381 5313 2535 5378 οὗτος
2570 5318 2629 5368 ἐν
2658 5315 2884 5379 οἰκίσκῳ
2926 5313 3053 5375 τινὶ,
3105 5311 3179 5375 ὡς
3219 5311 3246 5361 6
3281 5312 3497 5372 Λουκᾶς
3548 5310 3647 5361 καὶ
3672 5310 3702 5359 6
3736 5309 3963 5375 Μάρκος

2385 5410 2660 5477 λέγουσιν’
2692 5409 2943 5467 κάκεῖνος
2999 5404 3101 5474 μὲν
3129 5407 3157 5458 6
3215 5403 3525 5475 παράλυτος
3578 5402 3636 5454 ὲν
3676 5400 3842 5469 ἑορτῇ
3868 5400 3966 5465 τὴν

2380 5612 2576 5751 ρωῗίίῖί
2608 5681 2753 5748 Τοὺς
2793 5681 2859 5733 ἑκ
2893 5678 3025 5733 τῶν.
3085 5676 3262 5731 Malim
3300 5675 3555 5730 omittere
3583 5674 3672 5730 ἐκ.
