4182 6454
212 393 346 458 1210

1615 388 2070 449 UllATlONES.

3321 391 3462 458 1250

201 510 351 561 ἴασιν
412 506 604 560 ἔλασεν
624 520 638 536 ·
702 499 855 568 οὗτος
892 504 946 558 δὲ
978 505 1076 559 οὐκ
1102 504 1158 559 ἐν
1187 505 1371 576 ἑορτῇ,
1409 504 1523 558 ἀλλ’
1552 506 1610 557 ὲν
1638 506 1774 577 ἄλλῃ

1891 507 2054 560 iactus
2071 519 2152 568 es,
2175 503 2286 573 jam
2326 504 2432 559 noli
2468 518 2711 574 peccare.
2728 524 2745 558 ι
2771 504 2867 561 Hic
2889 512 3068 562 autem
3090 520 3199 561 non
3225 508 3323 563 sic.
3353 510 3460 565 Sed

202 597 387 668 ἡμέρᾳ
411 612 429 630 ⁸
462 600 671 659 ἐκεῖνος
697 597 991 667 τριάκοντα
1018 596 1113 650 καὶ
1151 595 1295 649 ὀκτὼ
1319 596 1414 664 ἐτη
1459 592 1604 663 εἶχεν
1625 597 1683 649 ἐν
1707 600 1774 668 τῇ

198 689 503 760 ἀσθενείαυ
563 691 694 760 περὶ
748 692 940 741 τούτου
976 688 1031 742 δέ
1096 687 1248 740 οὐδὲν
1297 687 1507 739 τοιοῦτο
1570 687 1720 754 λέγει
1750 690 1779 741 6

199 783 621 853 εύαγγελιστής·
643 783 895 845 κάκεῖνος
924 780 1022 851 μὲν
1051 781 1107 833 ὲν
1128 778 1396 847 Σαϐϐάτῳ
1411 779 1777 850 ἐθεραπεύθηο

198 874 355 942 οὗτος
394 877 452 932 δὲ
484 880 542 931 ὲν
572 876 707 947 ἄλλῃ
727 877 934 945 ἡμέρᾳ.
971 873 1031 925 Ei
1063 872 1172 943 γὰρ
1203 871 1262 923 ἐν
1292 869 1556 939 Σαϐϐάτῳ
1587 870 1781 941 ἐθερα-

199 969 383 1039 πεύθη
420 968 510 1021 καὶ
540 960 713 1032 οὗτος,
733 967 832 1019 οὐκ
864 966 929 1019 ἂν
953 960 1347 1032 παρεσιὼπησε
1374 958 1535 1012 τοῦτο
1563 960 1590 1011 6
1618 960 1785 1025 εὐαγ-

199 1060 482 1130 γελιστὴς,
512 1059 621 1113 οὐδ’
651 1058 717 1112 ἂν
746 1057 797 1109 oi
841 1056 1086 1109 Ἰουδαῖοι
1112 1055 1420 1125 ἡσύχασαν.
1458 1045 1627 1113 Οὗτος
1685 1055 1785 1120 μὲν

200 1153 229 1203 ὁ
268 1152 583 1222 παράλυτος
645 1149 781 1220 πρὸς
836 1149 928 1201 τὸν
964 1147 1203 1217 Χριστὸν
1255 1146 1482 1216 φέρεται
1520 1142 1784 1212 βασταζό-

203 1259 369 1309 μενος
401 1255 414 1269 ·
474 1240 612 1312 πρὸς
644 1241 848 1293 ἐκεῖνον
886 1239 941 1291 δὲ
982 1238 1146 1300 αὐτὸς
1179 1238 1208 1289 ὁ
1272 1234 1511 1306 Χριστὸς
1548 1233 1781 1301 παραγί-

1884 597 2036 667 prius
2077 595 2241 664 hujus
2267 595 2503 648 animam
2545 597 2754 650 curavit
2782 595 2971 651 dicens
3007 613 3021 651 :
3055 614 3075 649 ι
3102 596 3463 654 Dimittuntur

1888 688 1981 739 tibi
2024 696 2242 755 peccata
2278 698 2407 753 tua;
2443 705 2461 738 ι
2488 695 2541 741 et
2580 696 2707 740 tunc
2743 689 2985 758 corporis
3009 688 3276 760 paralysis
3304 690 3459 743 abiit.

1888 778 1955 832 Et
1983 778 2048 832 de
2104 779 2205 832 hoc
2248 778 2465 847 quidem
2501 779 2797 849 paralytico
2848 780 3115 835 siluerunt
3152 781 3359 836 Scriba?
3410 791 3464 837 et

1887 867 2187 935 Pharisaei;
2216 869 2359 923 illius
2397 886 2523 923 vero
2570 886 2760 935 causa,
2816 872 3083 940 persecuti
3130 883 3257 927 sunt
3298 873 3462 928 Citri-

1883 975 2049 1026 stnm,
2091 970 2144 1016 et
2195 980 2605 1018 murmurarcre
2633 974 2684 1018 et
2716 980 3067 1021 accusavere.
3119 964 3269 1019 Alter
3300 965 3464 1033 igitur

1883 1061 1965 1105 est
2003 1052 2089 1105 hic
2119 1052 2485 1122 [paralyticus,
2512 1061 2563 1105 et
2588 1051 2724 1106 alter
2746 1053 2855 1118 ille,
2884 1064 2943 1108 ut
2978 1069 3044 1110 ex
3087 1055 3173 1108 his
3206 1052 3462 1107 omnibus

1883 1142 2157 1196 evidenter
2181 1153 2232 1196 et
2257 1142 2542 1197 manifeste
2560 1142 2989 1199 demonstratur.
3019 1165 3037 1196 ι
3068 1144 3134 1199 Et
3158 1146 3347 1199 videns
3374 1142 3464 1196 Je-

1885 1250 1979 1288 sus
2006 1236 2162 1287 tidem
2189 1234 2428 1299 illorum,
2459 1237 2597 1290 dixit
2634 1236 2952 1307 paralytico.
2999 1255 3018 1287 ι

199 1351 387 1387 νειιιαι⁸
428 1334 670 1404 κάκείνῳ
698 1334 801 1404 μὲν
828 1334 908 1404 τῷ
952 1332 1253 1403 παραλύτῳ
1302 1330 1478 1393 οὐδεὶς
1503 1325 1572 1399 ἦν
1601 1330 1629 1380 6
1653 1330 1938 1402 βοηθήσων
1997 1332 2045 1395 (ι
2070 1331 2263 1401 Κύριε,
2293 1332 2422 1401 γὰρ,
2480 1332 2689 1399 ἔλεγεν,
2760 1333 3085 1403 ’Ἄνθρωπον
3117 1333 3219 1385 ούκ
3257 1331 3385 1401 ἔχω’
3415 1330 3462 1400 ι)

196 1422 355 1490 οὗτος
384 1426 441 1479 δὲ
507 1428 735 1489 πολλοὺς
774 1420 887 1495 εἶχε
919 1427 1045 1487 τοὺς
1104 1424 1505 1494 προσήκοντας,
1530 1424 1729 1486 οἵτινες
1762 1425 1853 1475 καὶ
1887 1422 2249 1492 βαστάζοντες
2273 1423 2431 1475 αὑτὸν
2459 1423 2676 1493 ἔφερον.
2723 1425 2883 1478 Ἀλλὰ
2918 1425 3104 1479 καὶτὸ
3166 1425 3265 1494 τῆς
3299 1426 3466 1494 θερα-

198 1518 363 1579 πείας
427 1518 485 1569 ὲν
534 1518 815 1587 ἑκατέροις
887 1514 1339 1585 παρηλλαγμένον
1400 1515 1670 1583 φαίνεται.
1725 1514 1967 1565 Ἐκείνου
2024 1512 2121 1582 μὲν
2182 1514 2244 1566 τὸ
2304 1513 2463 1580 σῶμα
2512 1513 2619 1582 πρὸ
2673 1516 2772 1583 τῆς
2826 1515 3003 1586 ψυχῆς
3039 1514 3466 1586 ὲθεράπευσενδ

198 1593 469 1676 Χριστδςο
503 1608 602 1678 τὴν
671 1608 779 1677 γάρ
850 1607 1158 1676 παράλυσιν
1183 1606 1348 1659 αὑτοῦ
1382 1606 1617 1673 σφίγξας
1669 1606 1804 1675 (ll),
1850 1605 1971 1658 τότε
2024 1604 2228 1674 ἔλεγεν.
2276 1624 2295 1657 ι
2337 1606 2441 1659 Ἴδε
2485 1606 2644 1677 ὑγιὴς
2711 1608 2963 1675 γέγονας,
3032 1608 3226 1677 μηκίτι
3284 1608 3467 1677 άμάρ·

194 1717 348 1753 τανε.
393 1718 412 1750 t
495 1699 763 1754 Ἐνταῦθα
835 1700 890 1751 δὲ
944 1700 1041 1768 ούχ
1095 1698 1298 1761 οῦτως·
1366 1698 1503 1751 ἀλλὰ
1564 1698 1835 1768 πρότερον
1899 1697 1998 1768 τὴν
2027 1696 2207 1767 ψυχὴν
2248 1697 2415 1751 αὐτοῦ
2473 1700 2687 1765 ἰάσατο,
2748 1699 2964 1764 εἰπὼν,
3013 1699 3318 1769 Ἀφέωνταί
3381 1716 3465 1752 σοι

197 1798 254 1846 αξ
292 1794 559 1866 ἁμαρτίαι
609 1812 725 1863 σου,
768 1798 861 1849 καὶ
908 1795 1029 1848 τότε
1105 1793 1201 1865 τὴν
1256 1793 1567 1864 παράλυσιν
1591 1793 1686 1846 τοῦ
1727 1792 1978 1862 σώματος
2014 1792 2365 1864 διορθώσατο.
2416 1796 2526 1848 Καὶ
2549 1794 2643 1848 ἐπὶ
2671 1794 2860 1849 τούτου
2895 1794 2995 1864 μὲν
3023 1793 3119 1846 τοῦ
3153 1790 3464 1864 παραλύτου

198 1889 249 1939 οί
286 1890 643 1959 Γραμματεῑς
666 1892 760 1945 καὶ
792 1892 841 1943 οί
910 1891 1192 1960 Φαρισαῖοι
1221 1890 1522 1960 ἐσίγησανο
1592 1889 1681 1941 ἐπ’
1730 1887 1939 1942 ἐκείνου
1996 1889 2053 1943 δὲ
2101 1891 2371 1944 ἐνέκειντο
2409 1889 2717 1954 διώκοντες,
2784 1894 2877 1945 καὶ
2936 1890 3301 1960 γογγύζοντες
3372 1890 3468 1943 καὶ

198 1980 655 2050 κατηγοροῦντες.
713 1981 903 2044 Ἄλλος
928 1975 1019 2033 οῦν
1052 1981 1200 2034 ἐστὶν
1249 1983 1277 2033 6
1336 1979 1646 2049 παράλυτος
1665 1973 1843 2042 οὗτος,
1889 1980 1985 2033 καὶ
2055 1979 2215 2044 ἄλλος
2265 1983 2493 2045 ἐκεῖνος,
2524 1982 2599 2046 ὡς
2644 1982 2752 2036 άπὸ
2781 1982 2989 2036 τούτων
3023 1983 3243 2037 πάντων
3277 1984 3467 2053 σαφῶς

200 2073 298 2123 καὶ
339 2069 597 2139 καθαρῶς
659 2070 1058 2123 ἀποδέδεικται.
1101 2089 1119 2121 ι
1157 2069 1264 2123 Καὶ
1322 2069 1445 2122 ίδὼν
1471 2072 1500 2123 6
1527 2069 1738 2137 Ἰησοῦς
1779 2071 1880 2139 τὴν
1903 2070 2083 2126 πίστιν
2111 2073 2313 2137 αύτῶν,
2348 2069 2564 2143 εἶπετῷ
2594 2074 2970 2144 παραλυτικῷ.
3018 2094 3036 2126 ι

270 2162 452 2233 Δεκτὴ
504 2163 676 2225 ὅντως
724 2164 947 2230 γέγονεν
986 2160 1157 2231 ἡτῶν
1199 2160 1608 2231 προσελθόντων
1641 2161 1780 2231 μετὰ

1959 2160 2279 2233 Opportuna
2317 2180 2443 2219 vere
2486 2176 2603 2220 erat
2632 2180 2847 2231 eormn,
2878 2166 2971 2236 qui
3015 2182 3142 2221 cum
3173 2167 3468 2238 paralytico

198 2253 297 2307 τοῦ
323 2254 640 2324 παραλύτου
690 2253 873 2317 πίστις
917 2253 1054 2321 πρὸς
1083 2253 1174 2307 τὸν
1236 2253 1441 2322 ἀγαθὸν
1469 2254 1653 2324 ίατρὸν
1689 2254 1782 2307 καὶ

202 2350 437 2417 Σωτῆρα
458 2347 640 2418 ἡμῶν,
697 2348 792 2401 τὸν
834 2346 1109 2418 βλέποντα
1164 2347 1263 2408 τὰς
1295 2346 1526 2418 καρδίας
1566 2347 1768 2401 αὐτῶν.

202 2439 366 2503 Τινὲς
393 2440 448 2493 δὲ
481 2440 756 2508 λέγουσιν,
786 2439 869 2492 δτι
897 2441 995 2508 τὴν
1031 2439 1215 2492 πίστιν
1251 2440 1279 2491 6
1308 2437 1513 2507 Κύριος
1536 2432 1645 2491 εἶδε
1674 2437 1784 2492 τῶν

202 2525 578 2595 κομισάντων,
601 2526 663 2578 ού
693 2524 788 2578 τοῦ
826 2526 1300 2596 παραλελυμένου.
1335 2526 1491 2579 Ἔστι
1543 2525 1672 2596 γὰρ,
1694 2527 1785 2579 ὅτε

204 2616 306 2667 καὶ
326 2612 509 2676 ἄλλοις
545 2614 613 2668 δι’
649 2614 828 2669 ἄλλων
876 2615 1062 2670 πίστιν
1111 2617 1504 2687 θεραπεύεται,
1570 2617 1646 2681 ὡς
1690 2618 1784 2670 ἐπὶ

203 2705 303 2760 τοῦ
336 2705 717 2777 βαπτίσματος
791 2706 886 2759 τοῦ
928 2705 1207 2777 διδομένου
1249 2710 1364 2770 τοῖς
1416 2708 1675 2772 παιδίοις.
1722 2709 1785 2762 Ἦ

206 2798 325 2868 γάρ
355 2798 466 2850 τῶν
528 2797 920 2866 προσαγόντων
966 2799 1172 2867 γονέων
1200 2799 1383 2862 πίστις
1440 2802 1676 2872 ἐνεργεῖ·
1710 2801 1788 2865 ὡς

210 2893 309 2943 καὶ
338 2893 431 2943 ἐπὶ
467 2891 566 2960 τῆς
605 2890 922 2951 Χαναναίας
951 2908 965 2921 ο
1009 2892 1381 2961 πιστευσάσης
1433 2894 1543 2961 γάρ
1594 2894 1785 2963 αὐτῆς,

207 2984 244 3052 ἡ
278 2982 527 3051 θυγάτηρ
581 2984 964 3053 ἐθεραπεύετο.
1031 2984 1141 3037 Καὶ
1173 2984 1266 3036 τοῦ
1303 2984 1701 3057 ἑκ;ιτοντάρχου
1730 2988 1787 3040 δὲ

212 3072 623 3137 πιστεύσαντος,
657 3073 686 3123 6
716 3073 843 3134 παῖς
904 3071 1111 3125 ἐκείνου
1162 3072 1434 3127 ἀνίστατο.
1471 3074 1656 3137 υύτως
1689 3077 1784 3129 οῦν

211 3164 439 3232 λέγουσι
490 3163 583 3216 καὶ
612 3162 849 3215 ἐνταῦθα
880 3161 969 3214 διά
1026 3162 1128 3231 τὴν
1156 3161 1265 3215 τῶν
1300 3166 1781 3232 προσενεγκάντων

212 3257 403 3310 πίστιν
430 3254 523 3308 τὸν
552 3254 868 3325 παράλυτον
897 3254 1115 3323 ἰαθῆναι
1144 3270 1158 3285 °
1191 3254 1306 3309 ἀλλ’
1335 3257 1433 3309 οὑκ
1459 3255 1577 3309 ἐστι
1612 3257 1786 3311 τοῦτο.

221 3349 374 3404 Ἰδὼν
397 3351 525 3420 γὰρ,
592 3349 750 3418 φησὶ,
797 3346 895 3418 τὴν
920 3346 1101 3400 πίστιν
1152 3347 1356 3412 αὐτῶν,
1385 3349 1448 3401 οὐ
1480 3348 1589 3400 τῶν
1615 3366 1787 3419 προσ-

210 3442 463 3511 αγόντων
528 3442 709 3511 μόνον,
757 3440 891 3493 ἀλλὰ
919 3440 1013 3493 καὶ
1069 3438 1162 3492 τοῦ
1212 3438 1554 3509 παραλΰτου.
1582 3442 1654 3493 Ού
1681 3444 1790 3513 γάρ

1884 2265 2257 2322 accesserant,
2319 2256 2455 2311 fides
2477 2255 2532 2310 in
2571 2256 2773 2311 bonum
2827 2256 3097 2312 medicum
3130 2268 3183 2313 et
3216 2259 3468 2313 Salvato-

1885 2364 1998 2402 rem
2035 2359 2310 2414 nostrum,
2334 2348 2634 2402 intuentem
2675 2347 2839 2401 corda
2870 2358 3073 2403 nostra.
3104 2348 3336 2415 Quidam
3366 2366 3467 2403 att-

1886 2449 1992 2495 tein
2021 2440 2208 2495 dicunt
2238 2438 2530 2493 Dominum
2560 2439 2760 2494 vidisse
2782 2439 2941 2495 ﬁdem
2964 2454 3154 2494 eorum
3186 2441 3277 2509 qui
3308 2456 3470 2511 para-

1889 2527 2117 2598 lyticum
2183 2528 2503 2591 attulerant,
2552 2542 2662 2581 non
2737 2529 2911 2597 ipsius
2975 2528 3279 2599 paralytici.
3318 2527 3466 2585 Fieri

1886 2620 2031 2674 enim
2066 2626 2244 2688 potest
2292 2629 2351 2673 ut
2399 2618 2490 2673 alii
2544 2633 2640 2689 per
2677 2618 2909 2673 aliorum
2961 2620 3120 2674 tidem
3184 2632 3468 2686 sanentur,

1889 2720 1948 2764 ut
2019 2709 2072 2763 in
2127 2710 2451 2779 baptismate
2515 2709 2755 2780 parvulis
2804 2708 2932 2764 dato
3004 2722 3226 2779 apparet
3282 2711 3470 2767 :iides

1885 2802 2029 2857 enim
2096 2812 2379 2870 parentum
2450 2800 2545 2870 qui
2601 2814 2698 2855 eos
2745 2800 3015 2862 aderunt.
3064 2814 3350 2872 operatur;
3408 2815 3470 2857 ut

1885 2892 2052 2948 etiam
2087 2893 2141 2946 in
2189 2891 2494 2946 Cbananaza
2523 2898 2748 2959 apparet
2779 2907 2795 2943 :
2833 2891 2961 2961 quia
3024 2893 3169 2945 enim
3216 2894 3467 2957 credidit,

1886 2986 2006 3055 ejus
2034 2984 2141 3039 tilia
2176 2996 2367 3040 sanata
2400 2994 2505 3039 est.
2531 2982 2596 3038 Et
2622 2985 2750 3055 quia
2776 2984 3025 3038 centurio
3052 2985 3301 3049 credidit,
3336 3000 3468 3051 puer

1888 3080 2010 3146 ejus
2069 3076 2385 3129 resurrexit.
2434 3073 2512 3127 ita
2552 3076 2717 3144 igitur
2781 3074 2971 3128 dicunt
3011 3085 3063 3128 et
3098 3084 3223 3128 tunc
3250 3085 3468 3144 propter

1888 3184 2077 3222 eorum
2110 3168 2202 3236 qui
2228 3182 2352 3220 eum
2380 3166 2675 3221 attulerant
2705 3167 2885 3231 (idem,
2918 3168 3273 3237 paralytieum
3304 3183 3467 3222 sana-

1892 3268 2004 3312 tum
2043 3271 2184 3312 esse.
2221 3256 2325 3312 Sed
2356 3271 2464 3310 non
2512 3257 2587 3311 ita
2620 3272 2678 3311 se
2712 3258 2892 3312 habet.
2941 3276 2959 3309 ι
2999 3256 3222 3321 Videtis,
3263 3259 3464 3328 inquit,

1893 3348 2049 3402 ﬁdem
2085 3362 2300 3410 eorum,
2330 3366 2348 3399 ι
2378 3360 2488 3401 non
2522 3356 2731 3400 tantum
2777 3362 2967 3402 eorum
3014 3349 3107 3417 qui
3144 3364 3266 3402 cum
3298 3350 3468 3401 addu-

1892 3448 2104 3503 xerant,
2159 3438 2252 3493 sed
2276 3446 2335 3492 et
2370 3439 2675 3509 paralytici.
2712 3436 2829 3492 Non
2861 3440 3004 3492 enim
3063 3451 3281 3509 propter
3333 3440 3469 3493 alte—

210 3509 408 3603 ἐτέρου
467 3509 889 3595 πιστεύσαντος,
951 3530 1139 3600 ἔτερος
1175 3529 1409 3592 σώζεται
1465 3515 1607 3601 (12),
1643 3509 1788 3603 είμῆ

1894 3527 2009 3581 rius
2030 3527 2213 3593 iidem,
2245 3527 2382 3581 alter
2406 3539 2679 3593 servatur,
2734 3528 2840 3582 nisi
2870 3537 3029 3583 attate
3064 3530 3373 3589 immatura.
3409 3540 3467 3582 ut

211 3627 305 3680 διὰ
357 3626 576 3696 ἠλικίαν
600 3623 801 3695 ἄωρον,
827 3624 904 3687 ὠς
926 3624 1020 3678 ἐπὶ
1075 3624 1186 3676 τῶν
1234 3625 1463 3690 παίδων,
1503 3626 1685 3691 καθὼς
1715 3628 1794 3681 ετ-

216 3734 418 3788 πομεν,
455 3716 487 3787 ἢ
522 3715 591 3769 δι’
622 3716 906 3769 ἀσθένειαν
964 3717 1431 3787 ύπερδάλλουσαν,
1482 3720 1609 3772 ὅταν
1655 3714 1793 3775 ὦσιν

213 3803 578 3873 ἐξεστηκότες
649 3802 699 3854 oi
760 3802 1118 3873 κατεχόμενοι
1173 3804 1278 3858 ὑπὸ
1338 3804 1432 3858 τοῦ
1461 3809 1789 3877 νοσήματος,

215 3897 314 3947 καὶ
368 3891 461 3946 διά
524 3891 684 3946 τοῦτο
741 3892 1023 3957 ἀδυνάτως
1075 3894 1245 3964 ἔχωσι
1305 3897 1639 3963 πιστεῦσαι,
1717 3900 1793 3963 ὠς

211 3985 310 4039 ἐπὶ
372 3985 474 4054 τῆς
539 3982 823 4053 θυγατρὸς
859 3987 961 4055 τῆς
1019 3987 1356 4052 Χαναναίας.
1396 4008 1416 4042 t
1454 3990 1521 4043 Ἢ
1547 3991 1793 4062 θυγάτηρ

216 4093 351 4147 μου,
386 4075 572 4144 ἔλεγεν
602 4075 813 4147 ἐκείνη,
865 4077 1053 4140 κακῶς
1113 4078 1505 4149 δαιμονίζεται,
1540 4083 1632 4135 καὶ
1663 4083 1795 4135 ποτὲ

217 4170 319 4239 μὲν
369 4167 559 4220 πίπτει
612 4169 691 4230 εις
724 4167 785 4219 τὸ
817 4166 987 4237 ὕδωρ,
1025 4170 1159 4223 ποτὲ
1208 4172 1265 4224 δὲ
1302 4171 1382 4234 εἰς
1403 4175 1463 4226 τὸ
1492 4173 1661 4245 πῦρ.»
1730 4174 1793 4229 Ἦ

214 4262 273 4314 δὲ
323 4259 658 4325 δαιμονῶσα,
720 4260 813 4313 καὶ
875 4261 952 4331 μὴ
984 4262 1183 4331 ἑαυτῆς
1218 4264 1489 4335 δυναμένη
1542 4268 1794 4335 γενέσθαι

222 4352 386 4418 ποτὲ,
440 4350 560 4413 πῶς
590 4354 659 4405 ἂν
687 4352 925 4422 ἠδυνήθη
970 4353 1257 4407 πιστεῦσαι
1285 4374 1299 4421 ;
1344 4355 1546 4425 ὁμοίως
1575 4359 1672 4411 καὶ⁷
1701 4359 1795 4411 ἐπὶ

218 4444 315 4498 τοῦ
338 4443 763 4514 ἑκατοντάρχου.
818 4444 909 4497 Ἐν
937 4446 1004 4514 τῇ
1029 4446 1173 4517 οἰκίᾳ
1226 4449 1255 4500 6
1287 4450 1413 4512 παίς
1440 4450 1650 4503 ἐκείνου
1681 4452 1797 4504 ἑδέ-

218 4539 410 4607 6λητο,
444 4540 538 4590 καὶ
571 4536 691 4589 οὐδὲ
736 4536 897 4599 αὐτὸς
940 4537 1057 4607 ᾔδει
1106 4540 1199 4592 τὸν
1252 4540 1510 4610 Χριστὸν,
1554 4543 1703 4606 ὅστις
1729 4540 1797 4611 ἦν

1893 3626 2024 3673 sunt
2049 3618 2223 3686 pueri,
2259 3618 2721 3687 quemadmodum
2754 3619 3012 3682 diximus,
3048 3629 3144 3673 aut
3190 3622 3244 3673 in
3296 3620 3467 3672 nimia

1893 3709 2230 3775 inﬁrmitate,
2259 3710 2480 3780 quando
2507 3720 2687 3765 mente
2717 3710 2971 3789 destituti
3002 3721 3125 3765 sunt
3145 3712 3236 3781 qui
3275 3713 3467 3766 inorbo

1891 3802 2225 3865 detinentur,
2252 3812 2416 3873 atque
2475 3803 2596 3857 ideo
2634 3812 2910 3873 nequeunt
2938 3804 3097 3858 ﬁdem
3131 3805 3351 3867 habere,
3408 3816 3469 3859 ut

1890 3902 2007 3947 erat
2036 3892 2146 3946 lilia
2194 3893 2535 3948 Chananeus.
2565 3910 2585 3945 ι
2625 3891 2760 3947 Filia
2800 3909 2943 3960 mea,
2969 3896 3142 3964 inquit
3167 3895 3300 3956 hinc.
3325 3898 3466 3949 male

1891 3999 1923 4039 a
1962 3985 2231 4038 daemonio
2277 3992 2586 4055 torquetur.
2634 3995 2687 4039 et
2739 3985 2901 4039 modo
2945 3987 3092 4040 cadit
3130 3986 3185 4039 in
3240 4002 3463 4057 aquam.

1896 4075 2058 4127 modo
2092 4075 2147 4129 in
2188 4073 2391 4144 ignem.
2422 4093 2441 4126 ι
2472 4074 2603 4140 Quae
2642 4085 2823 4129 autem
2852 4090 2884 4129 a
2917 4075 3187 4130 daemonio
3219 4087 3465 4140 vexatur,

1895 4181 2070 4234 neque
2121 4166 2294 4235 ipsius
2329 4180 2556 4235 compos
2604 4182 2728 4222 esse
2788 4176 2969 4235 potest
3019 4182 3281 4237 unquam,
3330 4182 3471 4238 quo-

1894 4254 2059 4307 modo
2081 4264 2267 4323 posset
2304 4253 2461 4307 {idem
2516 4254 2756 4309 habere?
2797 4252 3067 4308 Similiter
3101 4265 3155 4308 et
3186 4254 3253 4309 de
3285 4264 3475 4308 centu-

1893 4347 2069 4401 rione.
2108 4344 2262 4400 Domi
2296 4362 2430 4416 puer
2456 4347 2602 4401 illius
2629 4347 2862 4417 jacebat,
2899 4362 3075 4416 neque
3105 4347 3473 4415 noveratquis

1894 4452 2038 4497 esset
2075 4442 2343 4495 Christus.
2382 4441 2667 4506 Quomodo
2724 4441 3001 4495 debuisset
3041 4442 3095 4493 in
3157 4456 3283 4495 eum
3312 4456 3473 4509 quem

1897 4540 2197 4610 ignorabat,
2255 4538 2414 4593 [idem
2450 4538 2709 4597 .liabere?
2738 4538 2925 4603 Quoad
2985 4538 3141 4601 tales,
3177 4539 3313 4590 alter
3381 4552 3476 4608 per

218 4641 378 4681 tota.
441 4627 562 4689 [ιὼς
615 4623 708 4680 οῦν
758 4626 983 4696 ἔμελλεν
1038 4628 1117 4691 είς
1149 4630 1239 4682 τὸν
1294 4632 1681 4700 ἀγνοούμενοιν
1714 4653 1788 4687 πι-

1898 4633 2126 4686 alterius
2159 4632 2316 4684 tidem
2349 4632 2613 4684 salvatur.
2653 4628 2753 4682 llic
2784 4640 2965 4682 autem
2996 4630 3130 4682 nihil
3168 4627 3477 4694 huiusmodi

220 4719 469 4781 στεύειν;
532 4717 624 4767 ἐπὶ
650 4719 750 4784 μὲν
775 4713 868 4770 οὖν
887 4717 993 4770 τῶν
1048 4718 1328 4781 τοιούτων,
1382 4722 1474 4774 καὶ
1507 4722 1691 4791 ἕτερος
1719 4725 1788 4777 δι’

1898 4722 2000 4775 diei
2044 4729 2257 4790 potest;
2302 4720 2416 4780 ,sed
2452 4718 2979 4786 paralyticuthaud
3031 4718 3193 4771 dubie
3225 4717 3475 4779 credidit,

221 4810 415 4878 ἑτέρου
449 4808 633 4860 πίστιν
668 4809 904 4871 σώζεται
937 4825 954 4843 ο
1000 4810 1235 4863 ἐνταῦθα
1270 4812 1325 4862 δὲ
1351 4812 1449 4865 οὐκ
1476 4812 1590 4865 ἐστι
1637 4814 1788 4867 τοῦτο

1903 4825 1953 4868 ct
1978 4816 2027 4867 id
2060 4830 2125 4866 cx
2172 4814 2357 4865 multis
2430 4810 2782 4864 manifestum
2817 4820 2919 4864 est.
2977 4811 3165 4880 Cogita
3212 4820 3476 4878 quantum

222 4904 444 4954 ειπεῑν·
511 4900 645 4953 ἀλλὰ
707 4902 860 4954 καὶό
912 4902 1225 4972 παράλυτος
1278 4903 1617 4965 ἁδιστάκτως
1678 4905 1788 4957 ἐπί-

1908 4908 1988 4961 sit
2018 4909 2291 4960 inlirmnnt
2316 4907 2603 4973 quemdam
2659 4915 2803 4957 tanta
2839 4904 2945 4972 pati
2992 4913 3046 4955 et
3075 4902 3317 4955 sull'erre.
3361 4901 3479 4953 Sci-

222 5009 440 5054 σεευσε,
474 4991 586 5063 (l5)
611 4993 702 5045 καὶ
727 4994 883 5045 τοῦτο
909 4993 1063 5060 δῆλον
1097 4996 1205 5047 ἀπὸ
1234 4996 1464 5050 πολλῶν.
1498 4997 1788 5064 Ἐννόησον,

1909 5014 2030 5051 inus
2058 4999 2300 5066 apprime
2332 5005 2653 5065 :rgrotautes
2703 4996 2989 5048 adeu'esse
3029 4992 3399 5060 pusillanimes
3429 5002 3482 5044 et

221 5090 351 5140 ὅσον
383 5088 554 5148 ἐστὶν,
610 5084 1003 5154 ἀρρωστοῦντα
1038 5102 1183 5147 τινα,
1217 5087 1451 5138 τοσαῦτα
1485 5089 1678 5138 παθεῖν
1705 5091 1788 5139 καὶ

1911 5106 2160 5144 morosos
2196 5098 2253 5142 ut
2285 5092 2448 5142 etiam
2482 5090 2533 5139 iit
2582 5089 2722 5140 lecto
2751 5087 2993 5154 jacenles
3022 5085 3317 5136 medicinas
3345 5083 3481 5134 ell'u-

224 5170 538 5244 ανὲχεσθαι.
575 5174 903 5226 Γινώσκεται
935 5176 1172 5237 πάντως,
1199 5176 1279 5227 ὅτι
1309 5180 1454 5228 οὓτω
1480 5178 1783 5245 μικρὸψυχο

1911 5180 2060 5247 giant
2092 5195 2154 5231 ac
2192 5190 2441 5231 recusent
2470 5187 2522 5229 et
2576 5177 2774 5243 stepins
2834 5176 3025 5227 melius
3062 5189 3182 5226 esse
3234 5181 3485 5240 reputt-ut

1916 5272 2228 5324 llllll'iwl'lllli
2264 5270 2476 5319 dolores
2506 5268 2644 5318 ferre
2676 5282 2834 5333 quam
2862 5265 3047 5316 auxilii
3082 5263 3361 5330 cujusdam
3392 5276 3484 5312 ne-

1914 5364 2219 5417 cessitatem
2252 5377 2313 5412 ac
2346 5360 2647 5411 molestiam
2687 5358 2895 5411 subire.
2932 5354 3027 5409 llic
3058 5352 3237 5406 aulem
3269 5353 3483 5421 paraly-

1916 5456 2055 5508 ticus
2086 5462 2137 5505 ct
2164 5468 2192 5505 e
2228 5452 2390 5503 duino
2425 5465 2523 5504 sua
2560 5451 2708 5504 exire
2756 5446 3017 5503 sustinuit
3049 5455 3102 5500 et
3128 5444 3362 5497 medium
3402 5445 3484 5495 l'o-

229 5271 325 5320 καὶ
360 5266 682 5336 δυσάρεστοί
731 5267 866 5318 εἰσιν
896 5268 943 5317 οἱ
972 5267 1276 5329 νοσοῦντες,
1322 5267 1391 5330 ὡς
1436 5270 1527 5320 καὶ
1584 5271 1677 5319 ἐπὶ
1706 5272 1802 5336 τῆς

229 5360 418 5428 κλίνης
454 5362 549 5421 τὰς
592 5359 884 5427 θεραπείας
933 5358 1254 5411 ἁποόιώκειν
1309 5362 1402 5412 καὶ
1448 5361 1800 5428 δακρύεσθαι,

231 5451 329 5505 καὶ
361 5452 617 5515 πολλάκις
656 5452 908 5522 ἡγεῖσθαι
957 5452 1194 5515 κάλλιον,
1254 5455 1352 5515 τὰς
1380 5453 1486 5505 ἀπὸ
1514 5453 1616 5504 τῶν
1649 5470 1803 5521 war}-

304 5631 418 5699 (ll)
481 5631 785 5702 Σφίγξαςη
808 5630 1090 5698 Eleganlcr
1123 5647 1216 5700 pro
1248 5633 1610 5702 θεραπεύσας.

306 5704 425 5775 με),
476 5700 741 5775 Σώζεται.
766 5701 857 5758 Sic
890 5703 1014 5759 dedi
1062 5718 1126 5759 ex
1162 5706 1280 5760 cod.
1313 5700 1371 5759 Β.
1414 5722 1513 5775 pro
1548 5704 1802 5768 ἐσώζετο,

232 5776 377 5844 quod
416 5772 574 5827 habet
598 5771 661 5827 Δ.

1985 5635 2092 5701 (13)
2141 5631 2525 5693 Ἀδιστάκτως
2562 5630 2913 5683 ἐπίστευσε.
2970 5625 3110 5681 Bene
3167 5625 3267 5679 hoc
3310 5623 3362 5677 iit
3397 5623 3486 5691 iis,

1914 5721 2031 5771 qua:
2059 5719 2176 5755 mox
2213 5704 2455 5769 subiicit,
2493 5705 2669 5754 docet.
