4182 6454
657 400 797 465 1255

1681 400 1735 460 Ι.
1780 394 2173 457 XIPIIILINI
2214 395 2324 455 ΟΡ.
2366 393 2883 453 ΡΑΤΒΙΛΠΟΠΕ

3792 384 3936 450 1255

662 531 775 578 tem
806 528 862 576 et
896 517 1075 574 ventis
1131 519 1377 587 marique
1421 514 1763 570 minitantem
1805 521 1859 568 et
1918 512 2107 567 omnia
2127 510 2245 564 hzec

2365 507 2743 578 ρυγαδεύοντα,
2770 510 2863 562 καὶ
2891 509 3152 578 δαίμονας
3184 510 3561 565 ἀπελαύνοντα
3589 510 3683 563 καὶ
3710 511 3938 580 ἀνέμοις

659 627 825 682 supra
860 613 1161 666 humanum
1213 609 1432 665 modum
1466 616 1807 676 operantem.
1846 605 1952 661 Sed
1988 604 2085 668 illi,
2120 615 2247 656 cum

657 704 896 773 propriis
950 701 1338 772 cupiditatibus
1395 708 1805 768 torquerentur,
1882 696 2127 751 infideles
2196 701 2252 747 et

662 794 862 862 ingrati
892 792 1281 848 existimabant
1306 790 1530 846 easdem
1577 799 1631 843 et
1663 787 1834 843 Deum
1882 787 2019 857 pati.
2068 785 2251 851 Atque

667 888 903 940 aliorqu
959 885 1237 940 beneficiis
1274 882 1600 938 insidiantes
1647 880 1966 941 turbantur,
2013 885 2067 930 et
2111 874 2252 928 indi-

662 986 921 1050 gnantur,
956 987 1011 1033 et
1038 984 1410 1041 murmurant,
1436 983 1489 1028 et
1521 971 1881 1041 blasphemiis
1911 964 2251 1025 Salvator‘em

663 1083 718 1128 et
753 1074 1042 1129 Dominum
1070 1073 1354 1124 accusant.
1382 1062 1616 1119 tVideus
1648 1071 1829 1116 autem
1861 1061 2019 1116 Jesus
2043 1058 2252 1127 cogita—

666 1168 841 1221 tiones
863 1178 1075 1227 eorum,
1108 1160 1245 1215 dixit
1276 1175 1290 1213 :
1330 1158 1509 1224 Quare
1538 1154 1787 1224 cogitatis
1818 1154 1957 1207 mala
1990 1152 2043 1205 in
2073 1150 2252 1203 cordi-

666 1258 767 1310 bus
799 1255 1033 1322 vestris?
1061 1273 1079 1306 ι
1111 1251 1250 1306 Ecce
1278 1260 1333 1304 et
1359 1248 1589 1303 alterum
1615 1246 1704 1298 hie
1734 1254 1915 1299 etnon
1944 1243 2169 1297 dubium
2200 1250 2254 1295 et

667 1345 1017 1407 manifestum
1046 1358 1162 1398 sua:
1207 1339 1513 1395 divinitatis
1544 1337 1760 1407 signum
1796 1334 2048 1389 Christus
2071 1341 2253 1387 osten-

666 1438 769 1501 dit,
804 1448 859 1492 et
887 1450 1002 1491 sua:
1058 1447 1185 1488 cum
1232 1430 1396 1487 Patre
1443 1427 1795 1499 aequalitatis.
1838 1426 2068 1481 Novisse
2103 1424 2249 1479 enim

665 1529 919 1585 cordium
966 1540 1183 1588 sensus,
1226 1523 1399 1578 solius
1436 1529 1520 1576 est
1559 1519 1677 1574 Dei.
1707 1518 1974 1573 Similiter
2026 1525 2081 1569 et
2123 1530 2250 1585 pec-

666 1630 788 1675 cata
806 1617 1103 1673 dimittere.
1127 1614 1406 1683 Scriptum
1437 1608 1681 1665 csteuim
1720 1624 1735 1661 :
1768 1626 1786 1657 ι
1812 1605 1891 1660 Tu
1910 1604 2052 1658 nosti
2088 1602 2251 1657 corda

669 1713 844 1766 solus.
872 1728 891 1761 ι
918 1710 982 1763 Ει
1002 1722 1222 1761 rursum
1246 1722 1261 1758 :
1293 1703 1588 1757 «Scrutaris
1606 1697 1773 1755 corda
1794 1705 1849 1751 et
1874 1710 2032 1749 renes
2056 1692 2249 1747 Deus.»

673 1802 738 1858 Et
769 1802 896 1856 alibi
923 1818 937 1859 :
966 1819 985 1852 ι
1012 1799 1187 1853 [Ionio
1218 1794 1440 1865 quidem
1482 1791 1685 1847 videbit
1712 1790 1944 1854 vultum,
1982 1785 2125 1840 Deus
2155 1800 2253 1838 au-

671 1904 777 1948 tem
816 1891 1116 1946 intuebitur
1138 1903 1287 1943 cor.»
1311 1884 1447 1941 Cum
1477 1884 1642 1954 igitur
1674 1879 1879 1935 Scribae
1909 1886 2254 1948 peccatorum

671 1984 1096 2046 remissionem,
1154 1994 1276 2049 qua:
1333 1974 1691 2047 impossibilis
1744 1971 1879 2041 ipsis
1946 1968 2251 2033 videbatur,

672 2092 782 2131 non
838 2085 1113 2144 acceptam
1177 2069 1538 2131 habuissent,
1597 2065 1732 2121 dicit
1798 2061 1944 2133 quod
2006 2060 2257 2129 sequitur

670 2167 949 2231 Christus,
980 2174 1038 2218 ut
1070 2177 1179 2216 non
1214 2161 1534 2230 ambiguum
1560 2172 1576 2212 :
1611 2156 1820 2222 «Quare
1838 2152 2089 2223 cogitatis
2115 2153 2256 2208 mala

673 2261 729 2315 in
756 2258 1013 2314 cordibus
1041 2253 1271 2309 vestris?
1298 2270 1316 2303 ι
1343 2253 1446 2306 Per
1470 2251 1572 2305 hoc
1596 2249 1726 2303 illud
1746 2248 1899 2319 prius
1922 2248 2258 2305 confirmans

672 2361 729 2407 et
783 2350 1021 2421 quodam
1075 2346 1239 2400 modo
1284 2342 1494 2399 Scribis
1545 2343 1734 2397 dicens
1776 2344 2051 2398 neminem
2093 2352 2257 2410 passe

673 2449 900 2514 peccata
953 2438 1254 2501 dimittere,
1304 2435 1412 2489 nisi
1454 2433 1547 2489 ille
1579 2434 1730 2489 solus
1774 2435 1867 2505 qui
1897 2431 2258 2501 cogitationes

675 2537 960 2592 hominum
1020 2533 1189 2587 videt.
1240 2549 1259 2582 ι
1302 2530 1443 2598 Quid
1486 2530 1632 2584 enim
1682 2529 1896 2585 facilius
1918 2529 2255 2584 estdicere:

674 2626 1047 2680 liemittuntur
1086 2621 1182 2675 tibi
1222 2628 1464 2689 peccata,
1496 2634 1563 2672 an
1598 2619 1777 2673 dicere
1815 2618 2029 2688 :Snrge
2060 2627 2113 2672 et
2142 2630 2257 2669 am-

676 2716 801 2768 bula
821 2712 847 2765 ?
868 2732 887 2764 ι
914 2711 1050 2766 Cum
1082 2710 1227 2764 enim
1250 2709 1606 2777 blasphemus
1639 2708 1795 2762 vobis
1824 2708 2028 2769 videor,
2061 2706 2256 2776 inquit,

675 2824 709 2857 ι)
749 2804 975 2867 Scribm,
1008 2803 1208 2872 quippe
1245 2801 1337 2869 qui
1356 2808 1576 2870 peccata
1603 2800 1872 2854 dimittam
1904 2808 1960 2854 et
1994 2799 2260 2867 meipsum

678 2895 789 2949 Deo
814 2908 1004 2964 parem
1038 2890 1260 2957 faciam,
1300 2892 1627 2960 respondete
1668 2890 1801 2943 mihi
1829 2906 1845 2955 ;
1881 2889 2013 2959 quid
2045 2888 2262 2942 facilius

674 2996 760 3041 est
794 2986 1022 3040 dicere:
1064 2982 1428 3038 Dimittuntur
1472 2983 1568 3036 tibi
1608 2992 1833 3053 peccata
1882 2992 2013 3043 tua,
2048 2996 2118 3036 an
2172 2981 2260 3035 di-

680 3091 849 3131 cere:
888 3074 1062 3145 Surge
1084 3085 1139 3130 et
1189 3074 1449 3129 ambula?
1495 3075 1667 3130 Erant
1716 3084 1899 3129 autem
1955 3074 2070 3129 haec
2127 3073 2259 3138 duo,

2355 601 2453 655 καὶ
2502 599 2749 672 θαλάσσῃ
2787 600 3152 668 ἐπιτιμῶντα,
3204 602 3299 655 καὶ
3365 601 3545 655 πάντα
3610 602 3792 654 ταῦτα
3816 602 3937 653 διαον

2354 693 2732 762 πραττόμενον
2763 692 2905 762 ὑπὲρ
2927 693 3241 764 ἄνθρωπον.
3291 693 3437 747 Ἀλλ’
3488 695 3690 748 ἐκεῖνοι
3730 693 3800 744 τὰ
3832 692 3938 745 ἴδια

2353 784 2502 855 πάθη
2544 782 2911 849 ἐκδικοῦντες,
2949 787 3000 838 οἱ
3023 786 3273 850 ἀπειθεῖς
3309 787 3406 839 καὶ
3453 784 3800 855 ἀγνώμονες,
3828 784 3931 837 £65-

2354 895 2484 931 κουν
2523 878 2615 930 τὸν
2644 876 2777 930 Θεὸν
2821 878 3092 930 ἐκδικεῖν·
3141 879 3235 931 καὶ
3290 880 3412 941 ταῖς
3450 879 3659 948 ἑτέρων
3711 878 3915 947 εὐεργε

2357 969 2505 1032 σίαις
2562 969 3009 1029 ὲπιῦουλεύοντες
3038 970 3404 1040 ταράττονται
3434 970 3530 1022 καὶ
3561 969 3933 1038 ἀγανακτοῦν.

2352 1078 2446 1125 τες
2484 1059 2597 1130 (27)
2639 1062 2735 1114 καὶ
2789 1061 3147 1130 γογγύζουσι,
3196 1062 3294 1115 καὶ
3354 1060 3716 1131 βλασφημίαν
3773 1077 3934 1127 κατη-

2353 1154 2577 1225 γοροῦσι
2636 1153 2733 1208 τοῦ
2778 1156 3035 1225 Σωτῆρος
3082 1155 3177 1208 καὶ
3235 1154 3532 1208 Δεσπότου.
3576 1171 3597 1204 ι
3646 1152 3798 1204 Ἰδὼν
3829 1151 3939 1204 δὲδ

2367 1247 2572 1315 Ἰησοῦς
2590 1247 2690 1309 τὰς
2726 1247 3054 1317 ἐνθυμήσεις
3078 1247 3282 1311 αὐτῶν,
3320 1242 3476 1299 εἶπεν
3502 1261 3519 1276 ·
3578 1243 3746 1297 Ἰνατί
3780 1243 3940 1307 ὑμεῖς

2355 1336 2677 1406 ἐνθυμεῖσθε
2721 1339 2935 1406 πονηρά
2958 1340 3015 1389 ὲν
3038 1340 3156 1400 ταῖς
3196 1336 3450 1403 καρδίαις
3487 1334 3641 1403 ὑμῶν
3674 1351 3689 1398 ;
3729 1352 3748 1384 ι
3806 1332 3938 1384 Ἰδοὺ

2356 1429 2453 1481 καὶ
2490 1430 2679 1499 ἕτερον
2703 1428 2959 1493 ἐνταῦθα,
2986 1430 3083 1482 καὶ
3148 1430 3548 1500 ἀναντίρρητον
3581 1431 3675 1480 καὶ
3704 1426 3939 1495 φανερίν

2358 1521 2587 1588 σημεῖον
2644 1518 2917 1572 δείκνυσιν
2962 1521 2990 1572 ὁ
3022 1519 3258 1589 Χριστὸς
3306 1519 3405 1589 τῆς
3440 1517 3609 1571 αὑτοῦ
3660 1517 3939 1586 θεότητος,

2357 1610 2453 1662 καὶ
2494 1610 2595 1677 τῆς
2635 1610 2774 1681 πρὸς
2839 1610 2932 1664 τὲν
2974 1611 3197 1680 Πατέρα
3242 1611 3509 1680 ἰσότητος.
3540 1609 3614 1661 Τδ
3642 1609 3752 1679 γὰρ
3776 1607 3941 1674 γινώ-

2358 1718 2512 1755 σκειν
2541 1703 2670 1765 τοὺς
2714 1701 3102 1770 διαλογισμοὺς
3154 1702 3265 1753 τῶν
3317 1701 3577 1771 καρδιῶν,
3609 1700 3776 1768 μόνου
3826 1698 3944 1751 ἐστὶ

2360 1793 2498 1848 Θεοῦ
2526 1810 2542 1827 ⁸
2576 1794 2780 1864 ὁμοίως
2813 1796 2908 1847 καὶ
2931 1795 2991 1847 τὸ
3021 1794 3239 1861 ἀφιέναι
3290 1794 3589 1863 ἁμαρτίας.
3621 1793 3941 1859 Γέγραπται

2357 1887 2491 1956 γὰρ,
2532 1886 2635 1937 «Σὺ
2679 1886 2973 1938 ἐπίστασαι
3013 1888 3128 1955 (‘28)
3161 1886 3353 1946 καδίας
3382 1884 3698 1954 μονώτατος
3726 1901 3739 1913 ·
3794 1904 3812 1935 ι
3852 1884 3944 1936 καὶ

2356 1978 2520 2032 πάλιν
2550 1993 2565 2009 ·
2596 1994 2615 2028 ι
2640 1976 2883 2040 Ἐτάζων
2904 1977 3018 2046 (29}
3061 1977 3289 2046 καρδίας
3310 1977 3406 2029 καὶ
3435 1976 3713 2043 νεφροὺςό
3730 1974 3867 2037 Θιός
3893 1991 3938 2027 ἰ

2357 2070 2453 2123 καὶ
2476 2069 2720 2139 ἀλλαχοῦ
2758 2088 2777 2122 t
2802 2069 2861 2124 ’0
2888 2070 2988 2140 μὶν
3011 2069 3301 2140 ἄνθρωπος
3315 2068 3505 2137 ὄψεται
3530 2067 3666 2135 (29⁸)
3692 2068 3774 2128 εἰς
3812 2068 3950 2136 πρό-

2360 2176 2565 2227 σωπον,
2597 2158 2627 2212 ὁ
2651 2161 2709 2214 δὲ
2748 2160 2883 2224 Θεὸς
2907 2160 3102 2230 ὄψεται
3138 2162 3220 2224 είς
3243 2160 3496 2229 καρδίαν.
3544 2178 3562 2211 ι
3585 2159 3743 2211 Ἐπεὶ
3772 2154 3869 2210 οὖν
3899 2158 3947 2208 ci

2358 2251 2719 2321 Γραμματετς
2749 2252 2810 2304 τδ
2840 2252 3062 2320 ἀφιέναι
3127 2252 3426 2321 ἁμαρτίας,
3454 2252 3530 2311 ὠς
3560 2250 3826 2303 ἀδύνατον
3856 2249 3949 2301 αὖ·

2357 2343 2472 2405 τοῖς
2498 2341 2670 2413 φανὲν
2700 2341 2802 2395 οὐκ
2834 2341 3106 2408 ἐδέξαντο,
3168 2342 3317 2410 λέγει
3360 2341 3517 2394 τοῦτο
3542 2340 3732 2393 λοιπὸν
3764 2344 3792 2391 ὁ
3820 2341 3950 2409 X9.-

2362 2439 2510 2504 στος,
2548 2438 2624 2501 ὡς
2654 2437 3049 2507 ἀναμφωολον,
3087 2436 3151 2490 τό
3184 2454 3199 2469 ο
3244 2455 3263 2488 ι
3286 2436 3450 2489 ἰνατί
3490 2424 3820 2503 ἐνθυμεῖσθε
3857 2451 3953 2486 πο-

2360 2531 2503 2601 νηρά
2530 2531 2589 2583 ὲν
2614 2532 2736 2593 ταῖς
2782 2529 3036 2599 καρδίαις
3094 2528 3250 2598 ὑμῶν
3285 2544 3348 2594 ς»
3391 2528 3490 2580 Διά
3527 2526 3689 2580 τοῦτο
3726 2528 3953 2579 κάκεῖνο

2364 2621 2618 2692 βεϐαιῶν,
2661 2622 2757 2675 καὶ
2808 2622 3011 2690 τρόπον
3048 2622 3172 2674 τινὰ
3226 2619 3401 2688 λέγων
3425 2619 3562 2690 πρὸς
3592 2620 3719 2681 τοὺς
3751 2620 3791 2670 Γ
3805 2635 3952 2687 ραμ-

2366 2718 2577 2785 ματεῖς,
2610 2714 2693 2767 ὅτι
2723 2715 2932 2776 Ὄντως
2960 2712 3137 2774 οὐδεὶς
3158 2711 3383 2765 δύναται
3402 2712 3623 2780 ἀφιέναι
3647 2711 3952 2779 ἁμαρτίας,

2365 2809 2415 2860 εἰ
2444 2808 2520 2878 μὴ
2548 2801 2628 2870 εἷς
2657 2810 2685 2859 ὁ
2723 2805 2935 2875 βλέπων
2970 2805 3071 2869 τὰς
3099 2805 3430 2875 ἐνθυμήσεις
3454 2803 3564 2856 τῶν
3613 2802 3948 2872 ἀνθρώπων.

2370 2899 2464 2951 ιΤί
2498 2898 2606 2966 γὰρ
2627 2897 3007 2967 εὐκοπώτερον
3025 2895 3545 2965 είπεῖν,⁹Δφέωνταί
3568 2911 3661 2947 σου
3694 2896 3747 2946 αἱ
3772 2895 3957 2964 ἀμαρ-

2364 2991 2495 3055 τίαι,
2518 2990 2553 3061 ἢ
2571 2991 2766 3053 εἰπεῖν,
2795 2989 3047 3059 Ἔγειραι
3080 2990 3175 3043 καὶ
3194 2988 3487 3059 περιπάτει
3508 3004 3522 3053 ;
3541 2985 3761 3055 Ἐπειδὴ
3783 2983 3951 3055 glis-

2365 3098 2546 3151 φημος
2575 3081 2703 3151 ὑμῖν
2750 3081 2915 3146 δοκῶ,
2945 3081 3133 3150 φησὶν,
3183 3074 3228 3134 ὦ
3271 3081 3651 3151 Γραμματεῖς.
3682 3080 3757 3142 ώς
3792 3079 3953 3147 ἀφεὶς

681 3184 805 3241 qua:
863 3183 960 3223 eos
1015 3168 1387 3239 interrogabat
1418 3206 1434 3232 ,
1488 3168 1602 3223 Deo
1655 3167 1877 3238 quidem
1932 3167 2254 3238 possibilia,

2365 3172 2661 3243 ἁμαρτίας,
2698 3172 2792 3225 καὶ
2826 3172 2901 3234 ὠς
2936 3170 3049 3225 ῐσον
3072 3172 3309 3241 ἐμαυτὸν
3332 3171 3502 3223 ποιῶν
3528 3170 3607 3241 τῷ
3638 3170 3780 3238 Θεῷ,
3812 3171 3954 3222 ἀπο-

682 3261 893 3316 bomini
924 3270 1107 3315 autem
1155 3259 1537 3330 impossibilia.
1570 3258 1789 3317 Etenim
1821 3268 2048 3331 peccata
2077 3260 2263 3314 dimit-

685 3365 801 3408 tere
834 3353 1008 3407 solius
1044 3353 1138 3407 Dei
1174 3360 1282 3418 est,
1313 3353 1566 3408 similiter
1595 3363 1779 3408 autem
1820 3362 1874 3407 et
1901 3353 2122 3422 propria
2162 3365 2261 3422 po—

682 3444 888 3499 testate'
902 3444 1141 3499 excitare
1170 3455 1225 3498 et
1246 3458 1441 3500 sanare
1471 3444 1855 3515 paralyticum;
1882 3442 2095 3498 Domini
2117 3442 2261 3497 enim

678 3554 765 3601 est
794 3561 1014 3601 servum
1069 3555 1388 3616 peccantem
1445 3548 1749 3617 castigare:
1815 3548 2137 3618 castigantis
2165 3561 2267 3601 au-

693 3651 800 3693 tem
834 3653 899 3693 ac
948 3640 1255 3709 praesertim
1308 3638 1403 3692 Dei
1436 3640 1501 3693 ad
1549 3638 1989 3695 misericordiam
2045 3654 2269 3695 rursum

684 3728 976 3793 inclinare,
1009 3737 1064 3783 et
1101 3729 1521 3798 castigationem
1564 3730 1798 3785 solvere.
1844 3731 2039 3786 Ablata
2084 3739 2267 3785 autem

689 3821 1089 3889 castigatione,
1146 3821 1445 3876 ditnittitur
1492 3822 1718 3877 omnino
1754 3833 2064 3892 peccatum,
2123 3823 2270 3880 unde

685 3912 842 3981 plaga
886 3921 1007 3966 orta
1038 3922 1179 3968 erat.
1222 3911 1279 3967 Si
1308 3925 1489 3968 autem
1536 3924 1692 3971 curat
1734 3914 2021 3981 Dominus,
2057 3916 2273 3971 indubi-

689 4010 871 4056 tanter
914 4010 972 4055 et
1034 4001 1152 4071 ipse
1197 4003 1447 4070 punivit;
1500 4004 1545 4058 si
1591 4014 1771 4058 autem
1801 4005 1981 4076 punit,
2031 4004 2269 4059 manife-

688 4100 834 4146 stum
862 4100 947 4146 est
978 4091 1053 4145 illi
1092 4102 1417 4163 potestatem
1456 4108 1577 4149 esse
1612 4095 1951 4164 puoitiouem
2001 4098 2269 4164 solvendi;

686 4181 732 4233 si
763 4189 943 4235 autem
968 4195 1206 4249 poenam,
1237 4189 1291 4235 et
1315 4181 1489 4251 ipsam
1532 4184 1774 4253 culpam,
1806 4185 1950 4238 unde
1976 4200 2133 4254 paena
2154 4195 2271 4238 orta

687 4279 792 4325 est.
840 4289 858 4322 ι
885 4269 955 4325 Ut
1000 4282 1179 4326 autem
1228 4271 1414 4328 sciatis
1448 4273 1644 4327 Filium
1683 4275 1922 4330 hominis
1953 4285 2271 4346 potestatem

692 4362 889 4417 habere
929 4362 981 4417 in
1029 4374 1172 4417 terra
1226 4365 1531 4420 dimittendi
1584 4376 1867 4436 peccata.)
1909 4366 1980 4421 Ut
2045 4367 2273 4430 sciatis,

692 4452 897 4523 inquit,
946 4466 1070 4507 eum
1107 4456 1201 4524 qui
1250 4455 1406 4509 vobis
1447 4456 1610 4510 homo
1656 4457 1907 4522 videtur,
1952 4466 2272 4528 potestatem

2366 3263 2591 3335 κρίθητέ
2625 3280 2739 3334 μοι,
2768 3266 2921 3316 ποῖον
2940 3263 3303 3334 εὐκολώτερον
3336 3263 3429 3316 καὶ
3455 3264 3844 3334 εὐχερέστερον
3876 3265 3953 3327 είς

2365 3354 2752 3426 πρᾶξιν,τοῦτο
2763 3358 2824 3408 τὸ
2841 3357 3035 3419 εἰπεῖν,
3053 3355 3347 3423 Ἀφέωνταί
3370 3372 3451 3407 σοι
3468 3357 3524 3409 αἱ
3544 3356 3813 3425 ἁμαρτίαι
3834 3372 3951 3417 σου,

2368 3448 2402 3517 ἢ
2419 3446 2787 3515 είπεῖν,Ἕγει
2799 3464 2891 3516 ραι
2913 3448 3008 3499 καὶ
3029 3447 3345 3515 περιπάτει.
3376 3441 3559 3499 Ἦσαν
3576 3445 3633 3499 δὲ
3663 3448 3758 3498 καὶ
3774 3447 3959 3515 ἀμφό-

2366 3557 2501 3610 τερα
2521 3539 2716 3600 ταῦτα,
2750 3540 2883 3610 περὶ
2902 3532 2978 3592 ὧν
3004 3539 3295 3608 ἠρώτησεν
3324 3538 3542 3600 αὐτοὺς,
3576 3537 3697 3606 Θεῴ
3723 3540 3826 3606 μὲν
3861 3539 3957 3590 δυ-

2368 3634 2524 3698 νατὰ,
2550 3630 2827 3699 ἀνθρώπῳ
2850 3632 2907 3684 δὲ
2956 3631 3216 3685 ἀδύνατα·
3237 3632 3330 3683 καὶ
3361 3631 3469 3700 γὰρ
3509 3631 3605 3682 καὶ
3643 3630 3707 3681 τὸ
3733 3630 3957 3697 ἀφιέναι

2372 3724 2671 3795 ἁμαρτίας,
2694 3724 2829 3777 Θεοῦ
2847 3724 3009 3794 μόνου
3034 3723 3205 3786 ἐστὶν,
3230 3723 3434 3790 ὁμοίως
3457 3721 3513 3773 δὲ
3538 3722 3635 3774 καὶ
3652 3721 3713 3773 τὸ
3731 3723 3853 3774 κατ’
3874 3722 3958 3785 ἐξ·

2369 3814 2561 3868 ουσίαν
2580 3816 2791 3885 ἐγεῖραι
2817 3813 2912 3866 καὶ
2927 3814 3196 3883 ἀρτιῶσαι
3218 3814 3311 3865 τὸν
3327 3812 3659 3881 παραλυτον·
3685 3812 3956 3865 δεσπότιν

2370 3906 2478 3974 γάρ
2496 3906 2612 3957 ἐστι
2632 3904 2691 3957 τὸ
2712 3903 2963 3967 κολάζειν
2979 3905 3198 3974 οἰκέτην
3220 3903 3957 3974 ἁμαρτάνονταοκολὰζοντος

2369 3997 2447 4063 δὲ,
2479 3999 2575 4049 καὶ
2606 3998 2843 4064 μάλιστα
2887 3997 3044 4062 Θεοῦ,
3080 3998 3145 4050 τὸ
3178 3998 3314 4067 πρὸς
3342 3997 3760 4068 φιλανθρωπίαν
3791 3998 3959 4050 πάλιν

2373 4087 2680 4153 ἀπονεύειν,
2706 4088 2800 4142 καὶ
2830 4088 3090 4143 ἀπολύειν
3122 4090 3221 4156 τῆς
3255 4090 3542 4159 μάστιγος·
3571 4090 3667 4160 τῆς
3686 4090 3744 4143 δὲ
3766 4092 3962 4159 μάστι-

2372 4198 2469 4251 γος
2498 4182 2813 4252 ἀνεθείσης,
2876 4186 2910 4253 ἡ
2952 4182 3198 4254 ἁμαρτία
3238 4182 3456 4246 πάντως
3507 4184 3755 4249 ἀφίεται,
3790 4183 3861 4235 δι’
3893 4184 3960 4253 ἦν

2372 4276 2406 4344 η
2438 4274 2621 4344 πληγὴ
2649 4274 3096 4343 συγκεχώρηται.
3131 4274 3192 4327 Εἰ
3228 4274 3284 4327 δὲ
3315 4276 3462 4328 ἰᾶται
3490 4276 3518 4327 ὁ
3556 4274 3729 4344 Κύριο
3744 4293 3785 4339 ς,
3822 4278 3962 4329 aziw-

2375 4384 2481 4429 τως
2520 4367 2615 4417 καὶ
2650 4364 2813 4428 αὐτὸς
2847 4365 3167 4418 ἐπαίδευσεν
3190 4380 3203 4395 ’
3228 4367 3275 4417 εἰ
3309 4365 3365 4418 δὲ
3393 4365 3661 4430 παιδεύει,
3693 4367 3857 4434 δῆλον
3884 4369 3961 4432 ὡς

2379 4456 2627 4521 ἐξουσίαν
2658 4455 2770 4526 ἔχει
2799 4458 2893 4508 καὶ
2921 4456 3020 4526 τὴν
3046 4456 3298 4509 παιδείαν
3330 4455 3487 4508 λῦσαι
3513 4472 3528 4487 ·
3563 4457 3613 4507 εἰ
3645 4457 3705 4508 δὲ
3729 4457 3961 4525 ταύτην,

697 4552 754 4597 ιιι
785 4545 954 4599 Deum
989 4545 1211 4612 habere,
1242 4556 1299 4601 et
1359 4549 1625 4605 noveritis
1675 4550 1945 4603 incertum
1995 4560 2049 4604 et
2087 4551 2262 4605 invisi-

2380 4549 2474 4600 καὶ
2524 4548 2585 4600 τὸ
2643 4521 3026 4617 πλημμέλημα
3057 4583 3073 4609 ,
3123 4549 3362 4610 παντως,
3423 4546 3493 4599 δι’
3546 4547 3685 4616 ὅπερ
3738 4548 3771 4617 ἠ
3832 4521 3965 4599 παι-

693 4632 801 4687 bile
824 4648 891 4688 ex
919 4634 1146 4689 visibili.
1172 4635 1309 4689 Cum
1338 4636 1443 4690 sim
1474 4637 1619 4691 enim
1655 4637 1799 4693 Deus
1834 4637 2085 4702 Verbum,
2115 4639 2277 4692 homo

693 4724 871 4779 factus
914 4726 1037 4779 'sum
1069 4741 1167 4795 per
1210 4728 1610 4795 providentiam
1643 4739 1697 4783 et
1732 4730 1785 4783 iu
1835 4739 1979 4783 terra
2015 4744 2199 4784 versor
2225 4739 2279 4784 et

704 4814 911 4879 habito,
934 4826 991 4872 et
1029 4829 1377 4886 peccatorum
1402 4821 1783 4876 remissionem
1829 4822 1972 4875 tlouo
2005 4824 2071 4877 iis
2098 4822 2193 4891 qui
2220 4823 2274 4876 in

695 4918 784 4959 me
810 4906 1062 4960 credunt.
1094 4907 1218 4963 ldeo
1247 4909 1386 4963 dixit
1423 4926 1437 4962 :
1466 4928 1484 4961 ι
1514 4911 1567 4964 in
1595 4913 1767 4978 terra,
1799 4930 1817 4963 ι
1858 4922 1919 4967 ιιι
1945 4914 2197 4967 ostendat
2220 4928 2279 4967 se

696 4995 750 5048 iu
784 4998 942 5051 terris
975 5001 1174 5063 visum,
1206 4998 1377 5054 Deum
1409 5017 1532 5057 esse
1562 5004 1865 5057 secundum
1899 5013 2175 5067 naturam,
2224 5012 2279 5058 et

700 5095 761 5140 ut
813 5088 1089 5144 discamus
1140 5102 1363 5160 peccata
1420 5096 1474 5148 in
1538 5106 1685 5149 terra
1734 5097 1955 5151 dimitti.
2024 5097 2275 5163 Quandiu

698 5178 845 5230 enim
902 5194 1093 5234 sumus
1140 5181 1193 5235 in
1252 5193 1419 5250 terra,
1468 5199 1769 5256 possumus
1819 5198 2040 5257 peccata
2088 5197 2275 5240 nostra

700 5269 943 5337 abluere,
979 5273 1178 5329 fratres
1206 5277 1335 5331 mei.
1363 5277 1663 5347 Postquam
1691 5293 1873 5334 autem
1914 5281 2039 5334 inde
2071 5278 2274 5348 migra-

773 5448 886 5522 (27)
932 5451 1459 5519 Ἀγανακτοῦντες.
1482 5453 1702 5522 Corrige
1736 5453 2128 5521 ἀγανακτοῦσι.

781 5520 925 5592 pint
964 5522 1047 5573 Σὺ
1069 5523 1420 5592 ἐπίστασαι.
1454 5523 1518 5576 ιιι
1551 5520 1680 5592 ιιρέ.
1708 5520 1843 5586 \‘lll,
1870 5524 1959 5578 59.

772 5592 884 5665 ('19)
914 5589 1186 5665 Ἐτάζξυν.
1223 5593 1310 5646 Ps.
1349 5592 1483 5653 VIII,
1518 5594 1602 5665 10.
1626 5589 1763 5648 Cod.
1794 5595 1855 5647 Β.
1899 5592 2045 5665 Ἐγὼ
2075 5594 2280 5665 Κύριος

706 5662 913 5739 έτάξων
935 5664 1316 5739 ἕαρδίαςὴκαὶ
1373 5664 1687 5735 δοκιμάζων
1720 5664 1980 5735 νεφρούς,
2015 5662 2279 5734 quodest

702 5729 902 5784 Jereut.
935 5729 1123 5793 XVIII,
1150 5731 1237 5787 10.

776 5799 912 5869 (29⁸)
945 5802 1292 5870 Ἄνθρωπος
1342 5804 1568 5870 ἕψεται.
1604 5814 1622 5859 i
1660 5805 1790 5871 [ιρις.
1832 5803 1972 5869 XVI,
2007 5808 2060 5859 7.

2378 4638 2517 4701 δεία,
2553 4636 2836 4707 συνεχώρη
2871 4636 3007 4707 (50).
3065 4655 3083 4688 ι
3119 4639 3237 4690 Ἵνα
3280 4638 3336 4690 δὲ
3376 4639 3575 4708 εἰδῆτε,
3599 4638 3680 4690 ὃτι
3709 4639 3964 4701 ἐξουσξαν

2380 4730 2553 4799 ἔχειὸ
2587 4729 2715 4790 Υἱὸς
2772 4729 2865 4781 τοῦ
2933 4728 3224 4798 ἀνθρώπου
3291 4730 3383 4779 ἐπὶ
3445 4730 3545 4793 τῆς
3602 4730 3703 4798 γῆς
3736 4730 3963 4796 ἀφιέναι

2378 4821 2679 4890 ἁμαρτίας.
2731 4839 2747 4870 ι
2813 4819 2931 4873 ἰνα
2994 4820 3335 4888 γνωρίσηται
3390 4820 3527 4888 (51),
3594 4822 3781 4889 φησιν,
3832 4823 3964 4874 ὃτιό

2380 4913 2707 4981 φαινόμενος
2748 4914 2879 4980 ὑμῖν
2911 4911 3220 4981 ἄνθρωπος,
3254 4913 3506 4978 ἐξουσίαν
3534 4912 3676 4981 ἔχει,
3707 4912 3783 4975 ὡς
3807 4914 3961 4974 Θεὸς,

2380 5004 2615 5074 suem
2643 5005 2737 5056 καὶ
2771 5007 3144 5073 κατανοήσατε
3186 5005 3245 5057 τὸ
3274 5004 3471 5073 ἄδηλον
3531 5005 3624 5056 καὶ
3655 5004 3716 5055 τὸ
3754 5005 3964 5071 ἀφανὲς

2378 5099 2445 5149 ὲκ
2473 5095 2569 5148 τοῦ
2598 5095 2858 5165 φανεροῦ.
2889 5096 3025 5157 Θεὸς
3057 5098 3168 5166 γαρ
3212 5098 3393 5161 Λόγος
3428 5096 3715 5165 ὑπάρχων,
3749 5095 3962 5165 ἀνθρω-

2379 5204 2482 5250 πος
2518 5189 2717 5255 γέγονα
2775 5187 2844 5240 δι’
2878 5188 3225 5257 οἰκονομίαν,
3297 5188 3393 5240 καὶ
3430 5190 3522 5240 επὶ
3556 5186 3658 5255 τῆς
3678 5189 3782 5255 γῆς
3814 5189 3965 5238 πολι-

2378 5280 2607 5349 τεύομαι
2635 5281 2728 5333 καὶ
2754 5280 3189 5350 ἀναστρέφομαι,
3213 5280 3309 5332 καὶ
3331 5280 3752 5348 ἁμαρτημάτων
3768 5278 3963 5344 ἄφεσιν

2459 5454 2571 5523 (30)
2652 5454 2992 5524 Συνεχώρη.
3052 5456 3165 5511 Hoc
3212 5458 3448 5511 fortasse
3494 5468 3676 5511 ortum
3710 5470 3774 5509 cx
3812 5471 3966 5509 swa-

2385 5527 2632 5594 χωρήθη.
2661 5526 2841 5579 Codex
2902 5528 2961 5579 Β.
2995 5528 3153 5580 habet
3176 5530 3570 5597 iunprEZtat.

2457 5597 2568 5664 (5|)
2605 5597 2738 5649 Ἵνα
2760 5597 3142 5664 γνωρίσηται.
3172 5596 3356 5660 Forte,
3385 5599 3503 5650 Ἵνα
3534 5598 3869 5667 γνωρίσητε,
3909 5611 3965 5650 rt:

2384 5667 2587 5719 sciatis.
2634 5668 2787 5736 ὃαιριι
2838 5671 2979 5719 enim
3000 5668 3237 5734 syllabas
3269 5668 3515 5736 ejusdem
3566 5671 3688 5724 soni
3719 5670 3776 5724 in
3812 5672 3967 5723 libris

2385 5738 2605 5805 scriptis
2640 5738 2895 5791 contundi
2927 5751 3085 5793 nemo
3124 5739 3357 5808 ignorat.
