4182 6454
278 396 412 459 1269

1645 392 2095 455 ORA'I'IONES.

3388 393 3524 456 i210

272 503 681 571 ἑπιτεταμέιως
729 503 1138 569 Ἀρνησὰσθω,
1175 503 1446 564 τουτέστι,
1480 501 1644 571 μηδὲν
1672 499 1853 553 κοινὸν

1972 508 2100 564 teat,
2129 499 2220 554 sed
2263 499 2487 568 objiciat
2516 514 2574 554 se
2606 501 2999 556 certaminibus
3029 509 3082 557 et
3117 502 3403 570 periculis,
3436 517 3535 561 nec

276 595 448 662 ἐχέτω
470 594 604 663 πρὸς
623 594 837 658 ἑαυτὸν,
862 594 975 646 ἀλλ’
1003 593 1257 646 ἐκδιδότω
1279 595 1392 656 τοῖς
1417 591 1591 659 ἀγῶσι
1617 592 1709 644 καὶ
1736 591 1848 652 τοῖς

279 683 569 747 κινδύνοις,
613 686 708 736 καὶ
741 686 814 747 ὡς
852 685 1041 754 ἑτέρου
1085 685 1408 753 πάσχοντος,
1452 681 1595 736 οὕτω
1643 683 1849 736 διακεί-

279 778 412 827 σοω.
460 775 586 826 Ἐπὶ
610 775 666 828 δὲ
705 775 928 828 πλείονα
969 775 1141 828 ποιῶν
1197 775 1479 840 ἐπίτασιν,
1534 777 1634 829 οὐκ
1695 774 1850 829 εἶπεν

292 865 702 932 Ἀρνησάσθω,
732 866 848 918 ἀλλ’
884 867 1380 934 Ἀπαρνησάσοω,
1400 870 1467 938 τῇ
1488 870 1658 938 μικρᾷ
1682 868 1853 940 ταύτῃ

280 956 572 1028 προσθήκῃ
603 958 845 1027 μεγάλην
893 959 1170 1027 ἐμφαίνων
1222 959 1321 1029 τὴν
1378 960 1686 1030 ὑπερϐολήν
1713 979 1724 990 °
1760 961 1889 1014 καὶ·

278 1047 389 1116 γὰρ
448 1048 611 1100 πλέον
648 1047 808 1100 τοῦτο
863 1049 1075 1102 ἐκείνου
1133 1049 1302 1102 ἐστίν.
1354 1051 1618 1121 Ἀρνησις
1668 1052 1852 1121 μέντοι

275 1139 430 1191 ἐστὶν
466 1140 662 1190 ἑαυτοῦ
697 1141 728 1206 ἡ
773 1139 1044 1210 παντελὴς
1083 1139 1192 1192 τῶν
1253 1140 1635 1212 παρελθόντων
1688 1143 1850 1212 λήθη,

276 1227 371 1278 καὶ
399 1229 431 1296 ἡ
456 1226 549 1280 τοῦ
579 1230 782 1281 οἰκείου
807 1229 1112 1298 θελήματος
1141 1230 1511 1302 ἀναχώρησις,
1536 1234 1568 1303 ὴ
1603 1233 1740 1301 πρὸς
1763 1234 1853 1287 τὸν

276 1321 371 1369 επὶ
405 1319 639 1389 Χριστοῦ
672 1322 903 1375 θάνατον
931 1321 1221 1390 ἐπιθυμία,
1271 1325 1366 1378 καὶ
1424 1325 1690 1393 νέκρωσις
1746 1325 1855 1378 τῶν

281 1409 461 1478 μελῶν
486 1412 594 1463 τῶν
627 1411 722 1463 ἐπὶ
777 1414 900 1480 γῆς,
941 1415 1036 1466 καὶ
1069 1413 1132 1466 το
1195 1415 1662 1484 παρατιταμὲνως
1718 1418 1855 1488 πρὸς

280 1502 460 1555 πάντα
512 1503 605 1555 τὸν
633 1504 1035 1574 ὑπὲρΧριστοῦ
1065 1505 1370 1560 διακεῖσθαι
1414 1507 1683 1574 κίνδυνον,
1739 1511 1854 1574 καὶ,

279 1594 337 1647 τὸ
357 1595 727 1662 ἀπροσπαθῶς
753 1598 898 1667 ἔχειν
935 1597 1065 1666 πρὸς
1092 1598 1191 1669 τήν
1215 1599 1496 1670 παροῦσαν
1525 1601 1688 1670 ζωὴν,
1715 1602 1859 1654 τοῦτ’

278 1689 396 1739 ἔστι
424 1690 483 1739 τὸ
516 1685 649 1760 ἆραι
673 1692 765 1742 τὸν
791 1691 1025 1760 σταυρὸν
1053 1692 1270 1749 ἑαυτοῦ.
1296 1693 1439 1746 Ἀλλ’
1466 1695 1501 1765 ἡ
1534 1694 1633 1764 μὲν
1657 1696 1858 1749 τελειό-

277 1795 375 1846 re;
398 1779 546 1830 ἐστὶν
613 1781 672 1833 ἐν
714 1781 792 1849 τῷ
848 1782 909 1834 τὸ
960 1783 1323 1853 ἀπροσπαθὲς
1356 1785 1727 1855 κατορθῶσαι,
1758 1790 1854 1842 καὶ

278 1872 415 1941 πρὸς
445 1873 578 1924 αὐτὸ
606 1872 666 1924 τὸ
696 1873 794 1943 ζῇν
852 1877 946 1927 καὶ
1003 1877 1065 1928 τὸ
1111 1877 1401 1947 ἀπόκριμα
1462 1877 1557 1931 τοῦ
1617 1880 1853 1934 θανάτου

277 1964 484 2029 ὁμοίως
511 1964 674 2034 ἔχειν·
706 1965 848 2018 ὥστε
881 1968 956 2037 μὴ
982 1967 1068 2034 ἐρ’
1099 1968 1295 2022 ἑαυτοῦ
1335 1971 1679 2026 πεποιθέναι.

358 2056 624 2125 Ἀρχεται
667 2057 724 2109 δὲ
760 2060 824 2110 ἐκ
868 2063 968 2129 τῆς
1007 2060 1209 2124 ἔξωθεν
1259 2062 1695 2132 ἀλλοτριώσεως,
1749 2062 1859 2118 οἷον

281 2149 787 2217 κ·ημάτων,⁶δόξης
813 2151 1074 2218 ματαίας,
1143 2151 1176 2220 ἢ
1239 2153 1432 2216 ἁπλῶς
1483 2157 1858 2224 προσπαθείας

277 2240 392 2291 τῶν
429 2242 746 2309 ἀνωφελῶν,
772 2242 914 2295 mea
941 2246 1032 2297 καὶ
1071 2244 1120 2296 οί
1151 2244 1295 2312 ἅγιοι
1327 2246 1419 2300 τοῦ
1446 2247 1655 2317 Κυρίου
1687 2249 1860 2317 μαθη-

279 2331 515 2395 ταὶ,καὶ
552 2333 841 2398 ὑπέδειξαν
886 2335 1042 2400 ἡμῖν,
1114 2334 1370 2398 Ἰάκωϐος
1431 2339 1523 2389 καὶ
1583 2337 1856 2404 Ἰωάννης,

281 2422 680 2487 καταλιπόντες
710 2426 800 2476 τὶν
827 2426 1040 2495 πατέρα
1085 2428 1177 2477 καὶ
1211 2429 1344 2480 αὐτὸ
1405 2428 1466 2480 τδ
1528 2429 1712 2482 πλοῖον
1762 2431 1860 2498 τὴν

285 2499 466 2566 πᾶιταν
497 2515 752 2584 ἀφορμὴν
780 2517 875 2569 τοῦ
913 2517 1051 2587 βίου.
1124 2519 1402 2582 Ματθαῖος
1425 2521 1504 2583 δὲ,
1554 2522 1649 2574 ἀπ’
1696 2522 1858 2576 αὐτοῦ

280 2607 378 2660 τοῦ
409 2608 666 2660 τελωνίου
697 2609 1022 2673 ἐξαναστὰς,
1059 2611 1151 2664 καὶ
1203 2613 1580 2680 ἀκολουθήσας
1613 2615 1692 2685 τῷ
1733 2617 1863 2688 Χρι-

285 2698 420 2764 στῷ,
451 2697 514 2749 οὐ
540 2698 605 2749 τά
637 2699 803 2770 κέρδη
832 2701 991 2768 μόνον
1029 2701 1374 2768 καταλιπὼν,
1404 2704 1543 2756 ἀλλά
1595 2707 1691 2758 καὶ
1749 2706 1860 2757 τῶν

287 2789 552 2844 κινδύνων
587 2793 875 2861 ὑπεριδὼν,
912 2793 946 2847 ει
1004 2795 1393 2850 ἐπακολουθεῖν
1438 2795 1662 2867 ἔμελλον
1714 2800 1863 2868 αὖτῷ

288 2884 445 2954 παρά
464 2885 560 2954 τῆς
592 2885 843 2951 ἐξουσίας
901 2888 1116 2950 ἀτελεῖς
1158 2890 1284 2952 τοὺς
1325 2889 1516 2956 λόγους
1564 2892 1658 2945 τοῦ
1697 2895 1863 2946 τελω·

284 2983 404 3031 νὶου
435 2979 928 3047 καταλιμπάνοντι.
968 2980 1164 3051 Παύλῳ
1201 2982 1258 3034 δὲ
1287 2982 1431 3036 καὶὸ
1489 2983 1712 3052 σύμπας
1768 2986 1861 3037 κό-

287 3089 428 3141 σμος
459 3072 774 3141 ὲσταύρωτο
802 3076 895 3126 καὶ
921 3075 1082 3138 αὐτὸς
1116 3075 1195 3145 τῷ
1235 3077 1446 3146 κόσμῳ.
1517 3078 1752 3150 Ἑτέρως
1806 3080 1863 3132 δὲ

1955 607 2115 647 secus
2136 591 2420 656 aﬂicialur,
2444 607 2608 663 quant
2640 594 2684 648 si
2713 595 2853 649 alius
2877 602 3174 664 pateretur.
3201 595 3322 660 Quo
3347 601 3530 648 autem

1954 683 2216 752 majorem
2246 684 2353 738 vim
2388 685 2560 740 verbo
2586 685 2827 750 adderet,
2863 702 2972 741 non
3004 676 3142 741 dixit
3194 685 3361 756 Neget
3388 725 3404 751 ,
3435 683 3531 740 sed

1953 775 2218 846 Abneget;
2259 791 2426 845 parvo
2469 777 2574 832 boc
2613 777 2984 832 additamenta
3029 794 3286 849 magnum
3329 781 3406 833 rei
3445 779 3533 832 in-

1953 879 2292 922 crementum
2331 869 2620 923 insinuans
2650 887 2664 922 :
2698 869 2900 925 etenim
2935 870 3040 924 hoc
3073 872 3196 938 plus
3228 881 3330 937 est,
3365 885 3531 941 quam

1954 959 2103 1013 illud.
2137 959 2360 1032 Negatio
2389 961 2591 1030 quippe
2621 962 2705 1016 sui
2727 972 2808 1017 est
2860 961 3101 1033 perfecta
3133 965 3531 1033 prmteritorum

1956 1052 2176 1117 oblivio,
2213 1064 2266 1108 et
2298 1053 2537 1124 propria:
2569 1053 2871 1109 voluntatis
2912 1055 3166 1121 remotio,
3201 1055 3530 1110 desiderium

1959 1142 2225 1196 moriendi
2255 1143 2309 1197 in
2339 1142 2578 1208 Christo,
2608 1142 2955 1198 ntortilicatio
2986 1145 3356 1199 membrorum
3412 1159 3535 1213 qua

1958 1243 2088 1287 sunt
2127 1247 2292 1303 super
2323 1246 2561 1303 terram,
2612 1236 2867 1291 alacriter
2896 1250 3026 1290 vero
3067 1234 3298 1306 quodvis
3335 1235 3535 1290 discri-

1961 1338 2083 1377 men
2109 1323 2311 1378 Christi
2344 1339 2513 1379 cuusa
2544 1326 2716 1391 adire,
2741 1325 2962 1396 penitus
2995 1339 3106 1380 non
3134 1324 3274 1380 allici
3304 1326 3369 1379 ad
3397 1340 3534 1395 pra:-

1961 1425 2170 1470 scntem
2220 1418 2408 1478 vitam,
2453 1415 2508 1470 id
2549 1416 2662 1486 jam
2712 1426 2796 1472 est
2842 1418 3038 1473 tollere
3085 1431 3307 1474 crucem
3352 1431 3534 1472 suam.

1963 1507 2066 1560 Sed
2101 1505 2364 1576 perfectio
2396 1506 2454 1560 in
2489 1519 2556 1560 co
2594 1513 2712 1570 est.
2743 1515 2804 1561 ut
2830 1507 3084 1562 affectum
3114 1506 3332 1576 penitus
3361 1520 3536 1561 exua-

1964 1613 2118 1664 mus,
2154 1607 2317 1668 atque
2361 1599 2429 1653 ad
2473 1598 2637 1655 vitam
2684 1599 2986 1669 mortisque
3028 1599 3532 1654 condemnationem

1964 1689 2186 1756 perinde
2226 1690 2460 1746 animati.
2489 1691 2696 1757 simus,
2723 1701 2775 1746 et
2822 1700 2882 1745 ut
2925 1705 3055 1761 erga
3103 1694 3202 1745 nos
3246 1690 3394 1760 ipsos
3429 1703 3536 1743 non

1964 1777 2285 1833 amriamttr.

2033 2060 2367 2129 Principium
2399 2075 2566 2130 porro
2592 2061 2814 2116 ducitur
2837 2062 2907 2116 ab
2931 2069 3155 2117 externa
3187 2060 3537 2124 alienatione,

1964 2161 2021 2205 ut
2046 2153 2473 2221 possessionum,
2498 2166 2650 2207 vana:
2677 2154 2883 2224 glorizr,
2913 2162 3005 2207 aut
3031 2153 3256 2207 omnino
3283 2153 3536 2208 desiderii

1965 2258 2144 2296 rerqu
2178 2242 2454 2296 inutilium
2490 2261 2504 2296 :
2541 2244 3000 2312 quemadmodum
3045 2259 3144 2299 nos
3170 2245 3330 2298 etiam
3365 2245 3538 2298 sancti

1963 2337 2262 2388 docuerunt
2303 2333 2513 2388 Domini
2559 2334 2841 2403 discipuli,
2883 2334 3121 2391 Jacobus
3175 2343 3231 2390 et
3274 2332 3538 2393 Joannes.

1965 2425 2154 2479 relicto
2178 2433 2351 2492 patre,
2384 2425 2614 2494 ipsoque
2650 2425 2888 2494 navigio,
2913 2426 3281 2493 omnibusque
3311 2424 3539 2478 faculta-

1967 2518 2132 2572 tibus.
2165 2517 2450 2573 Mattbazus
2480 2527 2661 2572 autem
2694 2520 2761 2572 ab
2793 2519 2916 2588 ipso
2955 2518 3161 2572 telonio
3189 2518 3452 2582 surrexit,
3489 2526 3544 2572 ct

1965 2611 2243 2664 Clu-istum
2293 2621 2514 2666 secutus
2557 2619 2672 2676 est,
2720 2625 2827 2665 non
2880 2612 3058 2666 solum
3101 2611 3268 2665 lucris
3314 2609 3540 2671 relictis.

1966 2701 2057 2754 sed
2105 2701 2269 2756 etiam
2315 2703 2642 2771 contemptis
2674 2703 2936 2772 periculis
2989 2718 3111 2770 qua:
3148 2719 3178 2757 a
3220 2703 3541 2772 magistratu

1968 2791 2355 2855 imminebant,
2393 2792 2536 2861 quod
2576 2791 2923 2862 imperfectas
2955 2795 3140 2848 telonii
3183 2794 3421 2849 rationes
3459 2809 3543 2848 re-

1969 2884 2236 2951 liquisset.
2264 2882 2382 2938 Jam
2411 2882 2578 2938 Paulo
2603 2894 2747 2939 totus
2773 2885 2937 2940 etiam
2963 2887 3200 2941 mundus
3248 2876 3545 2945 cruciﬁxus

1966 2983 2107 3037 erat,
2139 2984 2192 3027 et
2227 2975 2342 3043 ipse
2382 2975 2606 3030 mundo.
2641 2977 2758 3029 Alia
2803 2977 3011 3031 ratione
3054 2985 3214 3048 negat
3243 2977 3368 3048 quis
3431 2981 3549 3034 sei-

1969 3080 2148 3134 psum,
2170 3065 2389 3134 quando
2423 3068 2588 3121 vitam
2624 3082 2778 3122 suam
2811 3083 3092 3138 perperam
3143 3077 3197 3123 et
3226 3069 3418 3124 vitiose
3450 3085 3546 3124 an-

285 3161 536 3230 ὀρνεῖταί
561 3179 642 3225 τις
680 3163 896 3228 ἑαυτὸν,
944 3166 1036 3217 τὸν
1071 3166 1202 3220 ἴδιον
1255 3167 1370 3236 βίον
1417 3171 1683 3240 πρότερον
1724 3175 1863 3225 κατά

1972 3165 2198 3211 teaetau.
2255 3159 2522 3226 condigna
2612 3159 2918 3213 mutatione
2967 3160 3266 3215 oblitterat.
3329 3159 3419 3224 Ut,
3452 3159 3546 3231 qui

289 3253 491 3306 κακίαν
526 3255 892 3322 γεγενημένον
915 3258 981 3326 τῇ
1009 3255 1278 3327 ἀξιολόγῳ
1319 3260 1591 3330 μεταϐολῇ
1635 3263 1834 3316 ἀπαλεί

287 3363 428 3415 φων.
461 3343 584 3398 Οἷον
617 3347 646 3399 ό
670 3347 835 3400 πάλαι
863 3348 1164 3412 ἀκόλαστος
1227 3351 1474 3420 ἀρνεῖται
1526 3354 1721 3407 ἑαυτὸν
1745 3356 1871 3408 ἀκό-

288 3439 509 3501 λαστον,
548 3440 927 3509 σωφρονήσας·
961 3444 1054 3493 καὶ
1102 3442 1131 3494 ό
1166 3443 1334 3497 πάλαι
1387 3445 1571 3507 ἄδικος
1623 3449 1871 3515 ἀρνεῖται

290 3529 488 3580 ἑαυτὸν
517 3529 718 3594 ἄδικον,
744 3530 1240 3602 δικαιοπραγήσας.
1276 3535 1387 3587 Καὶ
1439 3535 1632 3599 ἀπλῶς
1690 3539 1870 3606 πάσης

292 3624 391 3688 τῆς
417 3621 693 3691 ἁμαρτίας
736 3624 913 3695 ἀποχὴ
963 3624 1195 3694 ἄρνησίς
1246 3627 1400 3681 ἔστιν
1448 3628 1643 3682 ἑαυτοῦ
1698 3630 1874 3684 όπίσω

296 3712 540 3780 φέρουσα
573 3711 667 3764 τοῦ
703 3714 941 3784 Χριστοῦ
976 3754 992 3768 .
1025 3716 1144 3770 Ἵνα
1194 3717 1251 3770 δὲ
1307 3719 1383 3787 μὴ
1420 3719 1618 3791 νομίζῃ
1667 3737 1750 3783 τις
1791 3723 1874 3776 ὅτι

300 3805 496 3872 μέχρις
537 3803 746 3873 ὕϐρεων
775 3807 866 3858 καὶ
900 3805 1124 3871 πληγῶν
1165 3809 1258 3860 καὶ
1330 3810 1655 3880 ὀνειδισμῶν
1691 3812 1875 3882 ἀπαρ-

297 3894 505 3948 νεῖσθαι
532 3895 632 3959 δεῖ,
662 3898 994 3968 προσέθηκε,
1036 3897 1143 3952 Καὶ
1200 3898 1396 3968 ἀράτω
1445 3901 1552 3955 τὸν
1611 3903 1878 3972 σταυρόν

298 3987 507 4049 αὑτοῦ,
540 3988 716 4056 δηλῶν
774 3990 936 4059 μέχρι
986 3990 1155 4043 πόσου
1207 3992 1289 4044 δεῖ
1345 3992 1733 4063 ἀπαρνεῖσθαι,
1781 3997 1868 4047 ὃτι

305 4078 470 4147 μέχρι
502 4078 756 4145 θανάτου,
790 4083 883 4134 καὶ
914 4081 1146 4135 θανάτου
1170 4083 1564 4138 ἐπονειδίστου.
1595 4085 1694 4139 Διά
1716 4086 1875 4140 τοῦτο

301 4170 664 4240 προσέθηκεν·
708 4172 917 4240 Ἀράτω
959 4175 1064 4227 τὸν
1089 4175 1360 4244 σταυρὸν
1399 4177 1609 4232 αὐτοῦ.
1649 4179 1876 4247 Ἕτερος

301 4262 414 4330 γὰρ
448 4263 679 4326 θάνατος
709 4265 809 4317 οὐκ
835 4260 904 4335 ἦν
933 4264 1076 4319 οὕτω
1107 4267 1408 4338 παράδοξος
1457 4269 1554 4322 καὶ
1613 4270 1879 4323 ἐπονείδι-

305 4356 449 4416 στος,
481 4352 555 4415 ὼς
577 4355 604 4404 ό
634 4353 719 4406 διὰ
740 4356 994 4427 σταυροῦ.
1024 4356 1158 4410 Οὐδὲ
1182 4358 1289 4429 γάρ
1316 4358 1475 4426 μόνον
1502 4361 1636 4429 φησὶ
1666 4362 1876 4429 τρυτῆς

303 4443 399 4494 καὶ
425 4443 582 4513 δόξης
616 4448 1000 4514 καταφρονεῖν,
1061 4447 1196 4500 ἀλλά
1255 4447 1351 4500 xa‘t
1392 4448 1588 4517 μέχρις
1642 4450 1876 4519 αἵματος

305 4535 816 4599 ἀντικαθίστασθαι,
845 4539 938 4590 καὶ
979 4537 1081 4597 ἕως
1141 4537 1233 4590 τοῦ
1285 4539 1649 4590 ἐπονειδίστου
1714 4539 1874 4591 θανά-

305 4641 398 4677 του
443 4626 618 4678 πάντα
679 4627 870 4697 φέρειν
927 4628 1210 4694 γενναίως,
1269 4631 1364 4683 καὶ
1431 4632 1603 4701 ταύτῃ
1676 4632 1878 4699 μᾶλλον

304 4714 505 4778 ἀγάλλε
515 4715 656 4770 σθαι.

377 4805 574 4857 Σκόπει
603 4807 657 4858 δὲ
692 4807 807 4870 πῶς
837 4808 937 4860 οὐκ
970 4803 1090 4860 εἷπε
1119 4808 1210 4859 τὸν
1267 4810 1502 4878 στα-αρἰν
1563 4811 1884 4875 ἀπολύτως,

307 4893 444 4945 ἀλλά
466 4894 556 4945 τὸν
596 4896 835 4963 σταυρὸν
872 4897 1059 4959 αὑτοῦ,
1090 4895 1237 4948 τοῦτ’
1267 4897 1380 4948 ἐστι
1410 4898 1500 4949 τὸν
1526 4898 1879 4965 όνρειλόμενον

309 4982 461 5050 αὐτῷ
503 4981 758 5050 θάνατον,
796 4985 855 5037 ὃν
888 4985 1001 5052 ἔχει
1043 4984 1202 5057 χρέος
1271 4985 1390 5037 καθ’
1456 4987 1692 5057 ἑκάστην
1750 4991 1885 5042 ἀπο-

312 5073 556 5142 πληροῦν
587 5076 726 5129 κατὶ
751 5076 843 5128 τὸν
876 5076 1122 5144 λέγοντα·
1167 5079 1307 5131 Καθ’
1341 5079 1568 5147 ἡμέραν
1615 5081 1884 5146 ἀποθνή-

309 5181 459 5218 σκω.
502 5167 572 5219 Ἦ
606 5169 700 5220 καὶ
736 5169 909 5233 ἄλλως
937 5171 1170 5240 σταυρὸν
1202 5172 1493 5238 βαστάζειν
1516 5173 1680 5240 φησὶν
1712 5174 1883 5242 ἡμᾶς,

310 5259 458 5310 τοῦτ’
487 5259 635 5312 ἔστιν
668 5261 930 5330 διηνεκῶς
959 5264 1328 5332 ἐγρηγορέναι
1356 5266 1446 5316 τον
1491 5265 1638 5328 νοῦν,
1675 5266 1768 5318 καὶ
1829 5269 1886 5318 ὲν

313 5351 434 5409 τοῖς
462 5351 682 5419 ἀρεταῖς
715 5351 801 5419 ἐφ’
828 5351 996 5421 ὕψους
1033 5353 1306 5416 ἵστασθαι,
1342 5353 1434 5405 τοῦ
1475 5355 1548 5422 μὴ
1611 5353 1889 5405 κατελθεῖν

317 5442 426 5492 ἀπὸ
456 5441 550 5492 τοῦ
594 5442 855 5512 σταυροῦ·
909 5445 1077 5512 ἤγουν
1127 5446 1556 5515 ὲγκρατεύεσθαι
1622 5446 1730 5499 ἀπὸ
1783 5447 1889 5497 τῶν

319 5532 531 5596 παθῶν,
561 5535 662 5596 ἕως
701 5532 758 5587 οὗ
806 5534 1027 5606 ἐκκόψει
1082 5537 1220 5590 αὑτά
1280 5539 1374 5590 καὶ
1437 5541 1642 5607 ἀναστῇ
1709 5537 1890 5589 λοιπὸν

318 5625 608 5693 ἀήττητος.
652 5626 708 5676 '0
735 5627 840 5694 γὰρ
866 5628 1098 5698 σταυρὸς
1142 5629 1314 5699 πάσης
1355 5629 1634 5698 ἁμαρτίας
1689 5630 1893 5700 κατὰρ·

389 5786 406 5816 ⁷
447 5781 479 5848 1,
505 5784 628 5839 (τοι.
679 5801 762 5849 ιγ,
794 5787 881 5837 Tui.

1905 4505 1955 4564 D

1971 3247 2403 3314 intemperantia:
2425 3249 2558 3301 olim
2586 3249 2802 3302 deditus
2825 3259 2964 3316 erat,
2997 3259 3159 3318 negat
3189 3251 3429 3320 scipsum
3459 3251 3545 3304 iu-

1970 3347 2383 3408 temperantem,
2414 3341 2460 3395 si
2491 3342 2910 3410 temperantiam
2939 3341 3298 3410 amplectatur
3328 3358 3342 3393 :
3370 3349 3426 3396 et
3453 3341 3547 3412 qui

1973 3432 2208 3499 injustus
2260 3441 2378 3486 erat
2422 3432 2591 3499 olim,
2647 3441 2810 3502 negat
2858 3431 3097 3501 scipsum
3145 3433 3446 3501 injustum,
3501 3433 3547 3488 si

1973 3523 2191 3578 studeat
2228 3523 2477 3593 justitiae.
2533 3523 2598 3579 Et
2651 3525 2707 3579 in
2758 3540 2971 3581 summa
3007 3526 3303 3596 cujuslibet
3343 3527 3552 3602 peccati

1975 3614 2136 3683 luga,
2181 3616 2396 3686 negatio
2431 3616 2516 3672 sui
2552 3625 2670 3683 est,
2707 3617 2915 3672 ducens
2959 3627 3084 3688 post
3125 3618 3430 3673 Christum.
3477 3617 3554 3672 Ne

1975 3710 2098 3777 quis
2140 3721 2322 3763 autem
2369 3708 2710 3763 existimaret
2752 3723 2928 3778 usque
2973 3708 3041 3764 ad
3081 3709 3469 3775 contumelias,
3501 3717 3555 3762 et

1976 3800 2184 3867 plagas,
2219 3808 2276 3853 et
2307 3799 2503 3868 probra
2530 3799 2910 3869 abnegandum
2952 3815 3012 3856 se
3039 3799 3170 3865 sibi,
3199 3800 3410 3856 addidit
3436 3818 3449 3853 :
3485 3798 3553 3852 Et

1977 3891 2133 3945 tollat
2192 3907 2396 3945 crucem
2429 3907 2614 3958 ruant,-
2651 3898 2713 3946 ut
2744 3891 3010 3947 indicaret
3039 3902 3308 3962 quatenus
3341 3901 3558 3962 oporte-

1981 3991 2062 4037 ret
2091 3985 2363 4055 abnegare
2396 3983 2661 4053 seipsum,
2697 3983 2956 4039 nimirttm
2991 3999 3164 4055 usque
3195 3985 3261 4039 ad
3299 3991 3554 4051 mortem,

1978 4092 2214 4147 eamque
2266 4077 2773 4147 probrosissimam.
2827 4076 3041 4133 Idcirco
3095 4077 3314 4147 adjecit,
3372 4077 3553 4133 Totlat

1979 4187 2186 4225 crucem
2211 4185 2388 4224 tuaac.
2437 4169 2560 4225 Alia
2590 4171 2737 4225 enim
2779 4184 2929 4224 mors
2957 4183 3067 4224 non
3101 4177 3248 4225 esset
3277 4170 3351 4224 ita
3388 4170 3552 4224 mira-

1981 4264 2106 4319 bilis
2131 4273 2184 4319 et
2211 4264 2502 4333 probrosa,
2539 4271 2600 4318 ut
2631 4277 2781 4317 mors
2809 4262 3012 4318 crucis.
3045 4261 3231 4332 Neque
3260 4263 3406 4317 enim
3437 4272 3556 4317 tan-

1983 4363 2096 4408 tum
2128 4354 2280 4419 dicit,
2313 4366 2372 4408 ut
2403 4355 2738 4425 voluptatem
2776 4363 2830 4409 et
2860 4354 3086 4425 gloriam
3121 4364 3558 4415 contemnamus,

1983 4445 2076 4499 sed
2107 4448 2272 4499 etiam
2317 4455 2377 4499 ut
2408 4459 2584 4514 usque
2627 4445 2694 4499 ad
2744 4445 3065 4513 sanguinem
3111 4445 3466 4509 resistamus,
3509 4454 3560 4499 et

1988 4551 2162 4604 usque
2187 4536 2253 4590 ad
2278 4535 2889 4590 contumeliosissimam
2923 4544 3151 4590 mortem
3185 4536 3368 4591 omnia
3395 4551 3559 4606 gene-

1988 4641 2109 4682 rose
2134 4625 2395 4690 teranms,
2422 4641 2594 4695 eaque
2622 4641 2677 4681 re
2708 4626 2886 4695 potius
2915 4627 3277 4682 exsultemus.

2060 4805 2358 4859 Considera
2407 4805 2637 4869 deinde,
2695 4804 3156 4874 quemadmodum
3207 4819 3313 4860 non
3366 4805 3564 4861 dixerit

1992 4911 2206 4951 crucem
2241 4896 2517 4960 absolute,
2555 4896 2648 4951 sed
2693 4909 2912 4949 crucem
2940 4911 3097 4950 suam
3120 4934 3134 4960 ,
3179 4896 3233 4950 id
3266 4904 3378 4961 est,
3412 4912 3565 4951 mor-

1996 4999 2101 5040 tem
2149 5002 2313 5056 quam
2356 4987 2550 5049 debet,
2591 5001 2867 5055 quamque
2907 4995 3121 5056 oportet
3154 5001 3278 5041 eum
3319 4989 3566 5057 quotidie

1994 5091 2279 5145 oppetere,
2312 5093 2461 5132 more
2505 5078 2651 5131 illius
2711 5079 2802 5147 qui
2841 5079 2916 5132 ait
2950 5095 2964 5132 :
3000 5077 3246 5144 Quotidie
3279 5082 3479 5133 morior
3509 5082 3552 5135 ⁷.

1995 5171 2098 5221 Aut
2126 5169 2290 5221 etiam
2318 5169 2472 5222 aliter
2495 5184 2714 5224 crucem
2741 5178 2959 5238 portare
3007 5185 3108 5227 nos
3131 5171 3305 5242 jubet,
3331 5174 3433 5229 boc
3461 5185 3567 5238 est.

1995 5262 2338 5314 cutttinentcr
2380 5260 2607 5328 vigilare
2651 5261 2865 5327 animo,
2912 5271 2968 5317 et
3005 5263 3301 5318 virtutibus
3358 5265 3411 5318 in
3459 5268 3570 5322 alto

1997 5361 2164 5415 stare,
2204 5368 2380 5421 neque
2416 5353 2483 5406 de
2512 5368 2674 5407 cruce
2707 5354 3070 5409 descendere:
3111 5357 3363 5413 videlicet
3395 5361 3570 5415 conti-

2000 5458 2127 5496 nere
2174 5458 2368 5512 pravas
2407 5443 2754 5508 all‘i-ctiones,
2797 5445 2974 5500 donec
3017 5448 3301 5502 exscindat
3362 5464 3455 5503 eas
3519 5460 3573 5504 ct

1999 5535 2321 5588 extet-minet
2352 5535 2610 5604 deinceps
2643 5535 2897 5590 invictus.
2930 5535 3075 5590 Crux
3105 5539 3251 5592 enim
3283 5548 3364 5593 est
3394 5543 3572 5594 omnis

2003 5628 2206 5695 peccati
2237 5628 2479 5684 abolitio.
2509 5629 2780 5697 Cruciligc
2801 5645 2928 5698 ergo
2955 5630 3188 5698 teipsum
3215 5631 3577 5688 szecularibus
