4182 6454
680 354 819 420 1⁴ὶ75

1700 356 1754 416 Ι.
1804 356 2191 416 XIPHILINI
2227 357 2339 417 Cl’.
2381 356 2890 419 PATRIARCH/E

3801 345 3942 409 1916

676 471 846 525 rebus
879 466 1137 523 omnibus
1176 464 1525 521 laudabiliter
1562 466 1829 531 moritur;
1868 465 2257 526 sensibilibns,

2395 465 2665 525 παινεπῶς
2715 464 3006 519 ἀποθανών
3034 478 3049 493 '
3080 466 3190 526 τοῖς
3244 462 3344 531 μὲν
3392 461 3665 531 αἰσθητοῖς
3698 462 3766 529 τῇ
3801 463 3946 513 ἀποο

677 561 1009 633 deponendo
1049 576 1310 617 sensuum
1344 575 1505 614 usum
1534 569 1588 613 et
1624 558 1899 625 fructum;
1934 556 2251 626 iutelligibi-

676 651 856 714 libus,
901 667 1164 706 sensuum
1218 652 1460 705 motione
1514 649 1879 718 reprimenda.
1943 648 2258 704 Laudabilis

678 746 823 797 enim
872 759 1018 797 mors
1061 744 1229 798 animi
1302 754 1387 797 est
1436 743 1662 797 interior
1699 742 1769 796 ab
1805 743 2061 797 omnibus
2094 744 2256 798 rebus

680 834 1046 897 abalienatio,
1106 850 1212 902 qua
1260 843 1535 888 transacta
1574 834 1812 886 divinam
1859 834 2046 901 gratia:
2090 834 2257 887 vitam

682 940 838 978 mens
870 926 1148 992 suscipere
1174 927 1330 987 solet,
1356 934 1407 977 et
1432 940 1529 994 pro
1560 924 1730 979 rebus
1755 932 2031 978 auctorem
2052 939 2255 979 rerum.

681 1016 975 1084 Postquam
1017 1032 1143 1070 vero
1179 1016 1398 1069 diXiSSl‘l
1451 1016 1751 1076 Dominus,
1800 1030 1926 1069 eum
1950 1052 1967 1077 ,
2005 1016 2096 1084 qui
2134 1015 2262 1069 velit

684 1105 922 1158 animam
959 1104 1164 1156 salvam
1203 1104 1401 1167 facere,
1432 1103 1773 1171 perditurum
1796 1119 1918 1158 esse
1942 1104 2126 1169 illam;
2164 1104 2257 1173 qui

682 1205 861 1250 autem
909 1192 1236 1263 perdiderit,
1281 1206 1624 1249 servaturum
1653 1236 1667 1260 ,
1722 1196 1904 1265 ibique
1945 1197 2174 1251 salutem
2210 1206 2264 1251 et

688 1286 1080 1351 perditionem,
1109 1295 1162 1340 et
1191 1287 1277 1340 hic
1301 1289 1531 1339 salutem
1565 1302 1628 1340 ac
1662 1287 2019 1356 perditionem
2051 1288 2262 1356 posuis-

691 1387 766 1430 set
798 1392 810 1426 :
842 1391 909 1429 ne
940 1379 1064 1445 quis
1087 1379 1444 1440 existimaret,
1476 1379 1736 1445 aequalem
1762 1393 1881 1432 esse
1906 1378 2261 1449 perditionem

692 1472 830 1522 banc
864 1477 918 1523 et
948 1470 1208 1542 illam_ac
1272 1472 1540 1530 salutem;
1576 1472 1668 1527 sed
1704 1474 1978 1540 sapienter
2008 1473 2262 1534 disceret,

693 1570 899 1612 tantum
932 1562 1070 1614 inter
1096 1562 1235 1614 bane
1264 1572 1319 1616 et
1350 1563 1493 1615 illam
1529 1563 1753 1616 salutem
1782 1564 2065 1626 interesse,
2099 1578 2266 1631 quan-

687 1660 799 1707 tum
840 1651 980 1705 inter
1006 1652 1361 1722 perditionem
1390 1666 1443 1707 et
1470 1655 1696 1708 salutem
1723 1692 1741 1719 ,
1773 1654 1973 1709 idcirco
2004 1654 2260 1721 subjicit:

2366 556 2513 609 θέσει
2542 556 2639 624 τῆς
2671 557 2792 608 κατ’
2837 556 3090 626 αἴσθησιν
3128 554 3413 623 ἐνεργείας
3439 593 3454 617 ,
3496 556 3609 616 τοῖς
3635 552 3693 605 δὲ
3728 555 3949 621 νοητςῖς

2363 649 2432 716 τῇ
2461 648 2559 715 τῆς
2586 648 2708 701 κατ’
2737 646 2991 715 αἴσθησιν
3014 645 3324 698 ἀποσπάσει
3359 646 3644 714 κινήσεως.
3683 643 3797 695 Νοῦ
3833 644 3947 710 γὰρ

2366 737 2597 801 θάνατος
2622 738 3010 807 ἐπαινούμενος
3036 740 3066 807 ἡ
3098 737 3234 807 πρὸς
3267 736 3445 790 πάντα
3470 738 3539 788 τὰ
3563 736 3694 788 ὄντα
3731 751 3953 801 γνωμι-

2366 829 2439 899 κὴ
2462 829 2785 897 ἀπογένεσις
2808 847 2820 861 ·
2877 828 3000 898 μεθ’
3034 828 3103 897 ἢν
3154 827 3254 897 τὴν
3294 826 3446 880 θείαν
3479 829 3535 879 ὲν
3576 828 3762 895 χάριτι
3800 826 3953 892 ζωὴν

2368 922 2723 991 ὑποδέχεσθαι
2756 922 2991 989 πέφυκε,
3041 922 3164 973 ἀντὶ
3199 920 3307 972 τῶν
3336 920 3503 971 ὄντων
3549 920 3608 969 τὸ
3632 918 3810 971 αἴτιον
3838 917 3953 968 τιτν

2368 1011 2538 1065 ὄντων
2567 1012 2833 1080 ἑννοήτως
2872 1010 3188 1065 ἀπολαϐών.
3231 1011 3450 1079 Ἐπειδὴ
3493 1010 3547 1061 δὲ
3593 1006 3746 1060 εἶπεν
3778 1010 3806 1059 6
3838 1007 3955 1062 Κύ·

2374 1120 2489 1173 ριος
2518 1104 2599 1156 ὅτι
2628 1104 2657 1156 6
2690 1104 2867 1156 θέλων.
2890 1103 3084 1165 σώζειν
3103 1104 3201 1171 τὴν
3237 1102 3417 1171 ψυχὴν
3451 1098 3707 1152 ἀπολέσει
3730 1100 3911 1165 αὐτήν
3931 1112 3951 1130 ο

2368 1195 2427 1256 ὃς
2456 1194 2501 1247 δ’
2532 1194 2600 1247 ἀν
2626 1193 2889 1264 ἀπολέσῃ,
2928 1194 3092 1247 σώσει
3116 1211 3132 1225 ·
3166 1194 3328 1247 κάκεῖ
3355 1194 3631 1262 σωτηρίαν
3664 1193 3758 1244 καὶ
3792 1190 3953 1242 ἀπώ-

2369 1286 2543 1349 λειαν,
2561 1288 2655 1340 καὶ
2679 1286 2909 1339 ἐνταῦθα
2940 1288 3215 1356 σωτηρίαν
3236 1286 3329 1338 καὶ
3360 1284 3636 1337 ἀπώλειαν
3654 1283 3905 1336 τέθεικεν
3938 1294 3955 1311 ⁸

2372 1380 2458 1432 ἵνα
2496 1378 2571 1449 μὴ
2602 1379 2799 1449 νομίσῃ
2824 1396 2907 1439 τις
2946 1380 3068 1449 ίσην
3113 1375 3253 1431 εἷναι
3287 1378 3386 1447 τὴν
3434 1377 3711 1430 ἀπώλειαν
3742 1377 3960 1441 ταύτην

2371 1472 2655 1541 κάκείνην,
2698 1472 2791 1524 καὶ
2819 1470 2916 1542 τὴν
2949 1471 3244 1541 σωτηρίαν,
3283 1471 3423 1523 ἀλλά
3461 1471 3612 1542 μάθῃ
3649 1469 3837 1537 σαφῶς
3869 1469 3959 1520 ὅτι

2371 1563 2629 1619 τοσοῦτον
2689 1567 2908 1636 ἐκείνης
2960 1566 3061 1635 τῆς
3124 1566 3401 1636 σωτηρίας
3473 1566 3568 1617 καὶ
3629 1564 3833 1627 ταύτης
3894 1562 3960 1612 τὸ

2377 1659 2564 1728 μέσον,
2627 1660 2753 1713 ὅσον
2802 1658 3078 1722 ἀπωλείας
3130 1660 3224 1711 καὶ
3281 1656 3556 1728 σωτηρίας
3600 1674 3614 1687 ο
3652 1655 3741 1708 δεά
3795 1653 3962 1706 τοῦτο

2374 1752 2589 1818 ἐπάγειο

768 1837 911 1903 Quid
965 1838 1104 1891 enim
1147 1838 1376 1907 proderit
1425 1838 1664 1902 homini,
1710 1839 1757 1891 si
1802 1847 1967 1891 totum
2020 1840 2269 1891 mundum

2453 1846 2514 1898 Τί
2558 1843 2668 1913 γὰρ
2717 1843 3021 1914 ὠφελήσει
3055 1844 3391 1912 ἄνθρωπον,
3439 1842 3549 1897 ἐὰν
3586 1842 3693 1896 τὸν
3722 1841 3965 1907 κόσμω-

691 1927 963 1993 lucretur,
1015 1939 1065 1982 et
1114 1931 1305 1983 anime
1336 1930 1380 1959 ”
1411 1946 1523 1983 suae
1571 1930 1943 1982 detrimentum
1994 1930 2276 1996 patiatur?

692 2031 785 2074 aut
840 2036 998 2087 quam
1050 2020 1196 2075 dabit
1229 2022 1384 2073 homo
1440 2021 1902 2073 commutationem
1951 2037 2046 2089 pro
2097 2022 2274 2075 anima

694 2112 833 2164 sua?
865 2112 1054 2163 Vidisti
1078 2112 1534 2180 quemadmodum
1565 2114 1881 2181 temporalis
1909 2114 2104 2167 anima:
2129 2114 2277 2167 salus

695 2185 1005 2271 perditione
1043 2205 1283 2257 deterior
1318 2205 1419 2268 sit,
1455 2205 1655 2273 quippe
1688 2205 2033 2266 ineurabilis,
2069 2214 2126 2259 et
2158 2220 2279 2274 quae

694 2295 828 2350 nihil
875 2311 982 2365 quo
1044 2295 1338 2349 redimatur
1387 2295 1653 2365 reliquum
1725 2294 1914 2349 faciat.
1946 2295 2082 2349 Cum
2126 2297 2275 2350 enim

696 2388 991 2459 quispiam,
1018 2388 1082 2441 ad
1114 2396 1410 2457 praesentes
1453 2390 1575 2441 vitae
1607 2387 1835 2442 delicias
1882 2388 2155 2451 intentus,
2190 2404 2278 2442 re-

700 2487 858 2533 cusat
890 2477 1025 2548 pati,
1054 2478 1445 2547 splendideque
1479 2478 1661 2532 vivere
1690 2479 1903 2542 studet,
1927 2479 2030 2533 etsi
2063 2480 2280 2533 divitias

704 2558 928 2633 habeat,
971 2572 1071 2625 etsi
1109 2571 1317 2639 copiam
1358 2572 1714 2640 pecuniarum
1740 2611 1753 2632 ,
1803 2573 1931 2640 quid
1970 2570 2094 2625 inde
2133 2573 2282 2625 utili-

703 2664 833 2717 tatis
859 2663 925 2717 ad
968 2679 1090 2716 cum
1128 2665 1297 2726 redit,
1346 2669 1526 2717 anima
1566 2662 1815 2731 perdita?
1860 2662 2105 2716 Prmterit
2144 2662 2285 2715 enim

703 2755 878 2825 ﬁgura
912 2757 1271 2826 mundihnjus
1300 2758 1363 2821 “,
1398 2768 1451 2810 et
1486 2760 1802 2810 umbrarum
1843 2757 2013 2810 instar
2048 2756 2282 2811 reclina-

704 2855 817 2909 tur,
849 2854 905 2898 et
944 2846 1170 2899 divitum
1204 2860 1334 2919 opes
1370 2845 1608 2899 avolant.
1643 2844 1759 2897 Non
1796 2846 1939 2898 enim
1972 2847 2287 2915 proderunt

708 2936 955 2989 thesauri
1008 2938 1259 3006 iniquis:
1301 2938 1511 3006 iustitia
1558 2948 1738 2990 autem
1788 2937 1981 2991 liberat
2023 2952 2051 2991 a
2089 2945 2284 2990 morte.

707 3029 879 3084 Totus
917 3030 1153 3084 mundus
1189 3032 1344 3084 vanis
1379 3030 1645 3098 ejusmodi
1685 3030 2003 3084 hominibus
2038 3029 2289 3099 plenissi-

2376 1934 2527 1989 ὅλον
2552 1936 2843 2005 κερδήσῃ,
2878 1936 2977 1991 καί
3005 1936 3119 2002 τὴν
3146 1934 3360 2003 ψυχὴν
3386 1934 3573 1990 αὑτοῦ
3601 1929 3897 2001 ζημιωθῇἒ
3924 1930 3962 1995 ἦ

2378 2030 2435 2081 τί
2454 2025 2630 2081 δώσει
2646 2029 2959 2096 ἄνθρωπος
2975 2027 3368 2096 ἀντάλλαγμα
3386 2025 3496 2092 τῆς
3520 2024 3729 2094 ψυχῆς
3746 2021 3965 2085 αὐτοῦς

2382 2114 2537 2180 Εἶδες
2572 2118 2643 2179 ὡς
2678 2119 2709 2187 ἡ
2746 2120 2877 2187 περὶ
2899 2117 2959 2170 τὸ
2989 2117 3136 2170 ἔνδον
3173 2098 3272 2186 τῆς
3313 2117 3491 2186 ψυχῆς
3522 2114 3769 2183 σωτηρία
3803 2111 3963 2164 ἀπώ-

2379 2208 2501 2261 λεια
2533 2210 2732 2279 χείρων
2759 2211 2911 2263 ἐστὶν
2941 2209 3035 2262 ἅτε
3064 2209 3128 2277 δὴ
3163 2210 3255 2261 καὶ
3285 2209 3502 2271 ἀνίατός
3535 2210 3651 2260 ἐστι
3678 2205 3758 2273 τῷ
3792 2203 3967 2274 μηδὲν

2382 2296 2521 2353 εἶναι
2554 2301 2744 2354 λοιπὸν
2774 2302 2835 2357 τὸ
2862 2303 3069 2370 ταύτην
3097 2299 3483 2371 ὲξωνούμενον.
3514 2301 3687 2353 Ὀταν
3715 2297 3825 2366 γαρ
3855 2313 3964 2358 τις,

2380 2393 2461 2455 είς
2495 2393 2556 2445 τὸ
2592 2396 2913 2465 παραυτίκα
2946 2394 3043 2463 ἡδὺ
3085 2394 3178 2447 τοῦ
3211 2393 3329 2463 βίου
3372 2392 3720 2455 ἀποϐλέπων,
3752 2406 3965 2458 παραι-

2380 2487 2621 2555 τησηται
2652 2486 2713 2539 τὺ
2748 2487 2851 2556 μέν
2894 2504 2976 2539 τοι
3018 2486 3231 2553 παθεῖν,
3266 2487 3442 2555 ἔχοιτο
3483 2486 3540 2539 δὲ
3581 2486 3643 2537 τδ
3672 2483 3971 2539 διαϐιῶναι

2383 2576 2654 2647 λαμπρῶς
2677 2592 2692 2608 ⁶
2727 2577 2831 2631 κᾶν
2863 2576 3090 2629 πλοῦτον
3114 2578 3235 2650 ἔχῃ,
3265 2577 3367 2630 κᾶν
3398 2576 3714 2646 περιουσίαν
3748 2592 3857 2644 χρη
3869 2573 3973 2642 μί-

2384 2685 2513 2732 των,
2533 2670 2586 2722 τί
2629 2667 2690 2721 τὸ
2721 2668 2914 2737 ὄφελος
2950 2668 3199 2723 ἐντεῦθεν
3223 2668 3375 2738 αὺτῷ
3409 2669 3509 2738 τὴν
3541 2669 3720 2737 ψυχὴν
3766 2666 3973 2720 ἀπολέ-

2389 2777 2594 2826 σαντι;
2650 2762 2981 2831 Παράγεται
3032 2761 3143 2830 γὰρ
3196 2760 3261 2813 τὸ
3311 2759 3518 2829 σχῆμα
3572 2760 3681 2813 τοῦ
3732 2763 3974 2827 κόσμου

2392 2854 2611 2906 τούτου
2641 2868 2655 2883 ο
2687 2853 2783 2905 καὶ
2815 2853 2873 2905 ὲν
2919 2852 3019 2921 ίσῳ
3056 2854 3239 2913 σκιαῖς
3273 2851 3343 2903 τὰ
3380 2851 3591 2921 τερπνὰ
3645 2852 3975 2919 μετακλὶνε-

2389 2957 2505 3001 ται.
2540 2942 2637 2993 καὶ
2666 2940 2777 2992 τῶν
2806 2941 3039 3010 ἐχόντων
3069 2942 3097 2993 6
3126 2938 3357 3003 πλοῦτος
3395 2940 3723 3007 ἀφίπταται.
3752 2940 3830 2991 Οὐ
3866 2938 3971 3008 γὰρ

2392 3032 2737 3102 ὠφελήσουσι
2771 3032 3041 3101 θησαυροὶ
3068 3030 3305 3101 ἀνόμους
3340 3047 3354 3060 ·
3402 3030 3719 3099 δικαιοσύνη
3752 3029 3811 3083 δὲ
3852 3031 3975 3098 ῥύε-

713 3135 836 3174 mus
866 3130 949 3174 cst
983 3121 1064 3191 (ιιι
1096 3121 1256 3174 talem
1292 3122 1371 3173 eis
1405 3130 1636 3174 mentem
1671 3121 1893 3185 injicere
1925 3136 2145 3176 necesse
2178 3136 2282 3176 non

2391 3141 2478 3177 ται
2522 3127 2586 3178 ἐκ
2615 3124 2869 3179 θανάτου.
2905 3123 3299 3193 Περιττότατος
3338 3122 3457 3183 ὅλος
3496 3124 3525 3175 6
3564 3124 3794 3191 κόσμος.
3828 3122 3973 3174 Διοτι

708 3212 941 3281 sit).qui
977 3214 1369 3267 testationibus
1403 3213 1807 3281 quodammodo
1842 3213 2198 3277 inebricntur,
2234 3223 2287 3268 et

710 3301 993 3357 inutilibus
1015 3302 1261 3356 dimiiaut
1284 3304 1671 3369 voluptatibus.
1712 3301 1864 3357 Unde
1894 3303 1990 3366 iis,
2017 3305 2111 3373 qui
2140 3314 2289 3359 recte

711 3394 892 3448 vivere
921 3395 1234 3458 instituunt.
1276 3395 1562 3463 superﬂuae
1596 3404 1724 3449 sunt
1762 3395 2031 3449 illecebrae
2065 3397 2274 3461 carnis,

713 3494 768 3538 et
798 3500 986 3553 sapere
1031 3502 1092 3539 ea
1133 3503 1254 3555 qua:
1308 3488 1360 3539 in
1392 3486 1593 3539 mundo
1633 3488 1763 3539 sunt
1833 3483 2025 3547 efﬁcit,
2063 3494 2120 3539 ut
2152 3501 2181 3539 a
2209 3501 2292 3539 re-

716 3592 838 3630 rum
889 3578 1101 3631 utilium
1157 3594 1219 3630 ac
1274 3576 1709 3632 necessariarum
1759 3577 1875 3646 ipsa
1924 3577 2071 3631 velut
2122 3577 2290 3645 janua

717 3672 1013 3726 aberrent:
1048 3673 1092 3724 si
1129 3672 1346 3740 quidem
1376 3688 1557 3725 verum
1591 3680 1694 3733 est,
1723 3672 2041 3740 sapientiam
2097 3671 2279 3723 carnis

720 3763 998 3816 inimicam
1037 3778 1163 3815 esse
1197 3762 1338 3824 Deo,
1371 3772 1426 3815 et
1459 3776 1613 3827 eum,
1650 3762 1744 3831 qni
1780 3762 1919 3831 sapit
1953 3776 2072 3831 quae
2104 3761 2292 3815 mundi

718 3864 868 3919 sunt,
905 3855 1187 3909 inimicum
1224 3854 1315 3909 Dei
1345 3855 1631 3909 constitui.

795 3945 1141 4014 Super-ﬂuam
1164 3961 1296 4015 ergo
1328 3962 1513 4001 revera
1537 3956 1621 4001 est
1647 3960 1839 4015 sapere
1869 3961 1989 4015 qua:
2013 3947 2064 3999 in
2094 3945 2296 4000 mundo

720 4039 1205 4107 sunt..Eapropter
1253 4039 1421 4093 dicit:
1448 4038 1585 4106 Quid
1610 4039 1753 4091 enim
1788 4038 2027 4106 proderit
2056 4038 2289 4102 homini,

721 4131 766 4186 si
802 4132 1062 4184 mundum
1098 4132 1414 4184 universum
1451 4120 1717 4194 lucretur,
1748 4141 1802 4184 et
1830 4132 2025 4184 animze
2057 4147 2171 4185 suae
2198 4130 2297 4185 de—

722 4226 1037 4279 trimentum
1070 4228 1343 4294 patiatur?
1367 4225 1445 4279 Ne
1474 4228 1619 4281 enim
1654 4227 1809 4289 mibi,
1841 4226 2038 4296 inquit,
2068 4225 2296 4289 dixeris,

723 4334 847 4370 eum
890 4319 1095 4371 salvam
1140 4318 1335 4373 fecisse
1379 4320 1613 4372 animam
1654 4326 1731 4371 tot
1771 4319 2045 4387 tantisque
2082 4319 2299 4374 evitatis

725 4408 1009 4477 periculis.
1060 4407 1116 4461 Si
1160 4424 1394 4478 namque
1438 4425 1543 4462 una
1581 4424 1703 4464 cum
1750 4410 1930 4463 anima
1974 4425 2072 4463 sua
2113 4411 2297 4465 orbem

2400 3216 2533 3285 δρᾷν
2564 3215 2691 3277 τοὺς
2715 3214 2889 3267 ταῦτα
2928 3217 3146 3282 φρονεῖν
3178 3213 3468 3283 ἑλομένους
3509 3215 3617 3267 τῶν
3656 3215 3975 3280 ἀναγκαίων

2397 3306 2550 3360 οὐδέν
2568 3323 2581 3336 ·
2618 3306 2847 3369 είκαίοις
2879 3305 3028 3359 ὥσπε
3039 3322 3069 3376 ρ
3090 3304 3460 3373 καταμεθύειν
3500 3307 3831 3374 πειρασμοῖς
3849 3322 3862 3333 ·
3886 3306 3976 3358 καὶ

2397 3397 2837 3469 διαρῤιπτεῖσθαι
2870 3398 3070 3466 τρόπον
3098 3398 3220 3451 τινὰ
3252 3397 3389 3466 πρὸς
3416 3398 3673 3469 ἀχρείους
3736 3398 3933 3469 ἡδονάς

2397 3490 2523 3544 ὅθεν
2567 3491 2682 3552 τοῖς
2729 3488 3008 3543 ἐθέλουσιν
3032 3488 3210 3561 ὀρθῶς
3244 3490 3475 3560 περιττά
3524 3490 3591 3541 τὰ
3622 3489 3722 3557 τῆς
3750 3491 3975 3560 σαρκὸς,

2400 3582 2496 3635 καὶ
2520 3582 2582 3634 τδ
2613 3583 2829 3651 φρονεῖν
2859 3581 2929 3635 τά
2960 3582 3020 3634 ὲν
3051 3581 3263 3651 κόσμῳ,
3290 3582 3389 3651 τὴν
3412 3580 3507 3633 τοῦ
3535 3579 3814 3649 χρησίμου
3838 3620 3853 3645 ,
3888 3583 3978 3634 καὶ

2401 3672 2705 3741 ἀναγκαίου
2750 3670 3097 3741 διημάρτηκε
3132 3670 3302 3739 θύραν
3327 3688 3341 3702 ·
3393 3670 3551 3737 εἴπερ
3580 3669 3731 3721 ἐστὶν
3782 3668 3978 3737 ἀληθὲς

2401 3767 2485 3820 ὅτι
2513 3765 2764 3836 φρόνημα
2798 3764 2894 3832 τῆς
2927 3764 3128 3832 σαρκὸς
3153 3761 3322 3833 ἔχθρα
3354 3763 3432 3823 εἰς
3460 3762 3592 3815 Θεόν
3617 3778 3632 3792 ο
3668 3761 3755 3814 καὶ
3793 3764 3820 3812 ὁ
3852 3776 3979 3829 gge-

2404 3858 2510 3911 νῶν
2535 3857 2604 3909 τὰ
2633 3857 2727 3910 τοῦ
2763 3856 2967 3925 κόσμου
2999 3856 3192 3926 ἐχθρὸς
3225 3855 3320 3908 τοῦ
3352 3854 3487 3907 Θεοῦ
3519 3854 3878 3908 καθίσταται.

2476 3949 2807 4019 Περιττότης
2850 3944 2944 4001 οὖν
2979 3946 3195 4016 ἀληθῶς
3236 3948 3300 4000 τὸ
3345 3949 3564 4016 φρονεῖν
3598 3946 3667 3998 τὰ
3701 3947 3758 3997 ὲν
3784 3946 3866 4013 τῷ
3896 3946 3984 3995 κέ-

2407 4035 2555 4111 σμῳζ
2584 4040 2681 4093 Διά
2707 4038 2871 4093 τοῦτο
2901 4039 3055 4108 λέγει
3086 4055 3102 4069 ⁸
3132 4039 3201 4091 Τί
3230 4039 3338 4109 γὰρ
3365 4037 3637 4107 ὠφελήσει
3669 4038 3981 4106 ἄνθρωπον,

2406 4131 2501 4183 ἐὰν
2530 4131 2621 4184 τὸν
2650 4132 2856 4200 κόσμον
2890 4129 3010 4183 ὅλον
3043 4128 3306 4200 κερδήσῃ,
3341 4128 3434 4181 καὶ
3471 4128 3569 4199 τὴν
3603 4128 3785 4198 ψυχὴν
3816 4130 3981 4181 αὑτοῦ

2408 4222 2697 4293 ζημιωθῇ;
2736 4223 2829 4292 Μὴ
2869 4222 2978 4292 γάρ
3011 4239 3123 4292 μοι,
3159 4224 3318 4291 φησὶ,
3362 4220 3507 4289 λέγε,
3542 4223 3625 4274 ὅτι
3660 4223 3760 4292 τὴν
3808 4222 3987 4291 ψυχὴν

2409 4315 2584 4367 ἔσωσε
2616 4314 2906 4375 τοσούτους
2958 4313 3241 4375 κινδύνους
3267 4313 3568 4381 διαφυγών.
3606 4313 3668 4365 Εἰ
3709 4314 3819 4382 γὰρ
3854 4314 3989 4383 μετά

2409 4409 2511 4477 τῆς
2536 4407 2721 4477 ψυψῆς
2760 4406 2926 4459 αὑτοῦ
2966 4408 3060 4459 καὶ
3092 4406 3192 4474 τὴν
3221 4405 3550 4471 οἰκουμένην
3584 4405 3852 4473 κερδήσει
3908 4421 3987 4465 1-,;

728 4517 946 4569 quoque
989 4510 1254 4555 terrarum
1301 4502 1425 4571 quis
1476 4502 1717 4555 lucretur
1770 4501 2121 4564 universum,
2172 4503 2282 4571 qui:

2410 4503 2649 4562 ἅπασαν,
2695 4500 2748 4552 τί
2802 4500 2860 4551 τὸ
2917 4501 3080 4552 πλέον
3139 4497 3289 4567 αύτῷ
3335 4498 3589 4550 ἐντεῦθεν
3655 4499 3753 4566 τῆς
3808 4498 3985 4567 gap";

728 4594 1080 4646 emolumenti
1116 4595 1240 4646 inde
1270 4594 1476 4660 capiet,
1512 4593 1691 4644 anima
1730 4592 1936 4661 perdita
1960 4630 1975 4654 ,
2011 4607 2135 4644 cum
2193 4606 2302 4662 qua

730 4700 801 4737 ne
849 4686 1140 4738 universus
1191 4683 1411 4752 quidem
1464 4684 1700 4735 mundus
1748 4686 2149 4749 cotuparandus
2203 4691 2306 4737 est.

730 4775 916 4845 Neque
939 4778 1079 4829 enim
1112 4778 1339 4844 pecunia
1376 4778 1498 4829 licet
1524 4776 1754 4829 salutem
1783 4786 2142 4829 commutare.
2173 4774 2306 4829 Nam

735 4868 780 4920 si
812 4868 860 4920 id
895 4868 1105 4929 liceret,
1129 4869 1221 4934 qui
1247 4869 1492 4921 lucratus
1519 4877 1635 4923 erat
1671 4868 1959 4929 mundum,
1985 4876 2040 4919 at
2070 4868 2306 4920 animam

733 4959 1069 5029 perdiderat,
1104 4960 1342 5013 dedisset
1390 4969 1501 5013 tum
1534 4976 1657 5014 eum
1682 4960 1916 5015 ﬂammis
1964 4960 2303 5014 cruciaretur

734 5063 788 5105 et
818 5053 1077 5107 liberatus
1122 5052 1336 5107 fuisset.
1381 5052 1486 5106 Sed
1530 5069 1633 5107 nou
1679 5053 1804 5107 licet
1842 5053 1963 5115 hoc,
2014 5066 2119 5104 non
2157 5051 2305 5104 licet.

742 5145 811 5197 ιί
850 5145 992 5197 enim
1039 5145 1213 5197 servis
1247 5147 1299 5197 in
1331 5144 1540 5198 deliciis
1584 5145 1826 5213 luxuque
1866 5142 2210 5206 viventibus,
2261 5141 2305 5196 si

736 5234 994 5287 dominus
1039 5235 1093 5286 in
1137 5236 1400 5287 extremis
1436 5235 1640 5289 interea
1686 5243 1929 5288 versetur
1961 5233 2139 5297 malis,
2175 5232 2307 5286 nihil

736 5323 875 5377 iucri
905 5340 969 5376 ex
996 5338 1061 5378 eo
1088 5325 1339 5393 percipit,
1369 5324 1512 5391 quod
1545 5325 1800 5378 dominus
1829 5325 1900 5378 sit
1927 5342 1938 5375 :
1972 5324 2044 5376 ita
2073 5324 2234 5375 etiam
2263 5321 2308 5375 si

742 5423 927 5467 venter
954 5414 1184 5469 delicate
1215 5416 1362 5469 vivat
1392 5425 1447 5470 et
1475 5414 1715 5484 opipare,
1747 5416 1838 5469 sed
1866 5413 2045 5468 anima
2076 5414 2309 5466 futuram

740 5515 1014 5575 exspectet
1034 5508 1392 5575 perditionem
1417 5546 1434 5572 ,
1463 5506 1598 5561 nihil
1620 5506 1669 5560 ei
1695 5505 1915 5575 prodest
1942 5543 1957 5569 ,
1992 5520 2057 5559 ae
2079 5504 2315 5558 maxime

743 5616 865 5654 eum
898 5615 1005 5655 non
1041 5599 1217 5669 possis
1244 5601 1405 5656 ullam
1439 5616 1539 5671 pro
1564 5615 1627 5655 ea
1650 5598 2133 5655 commutationem
2164 5598 2312 5654 dare.

856 5761 895 5791 ⁸ο
921 5759 1081 5815 Eccli.
1109 5776 1167 5820 ll,
1193 5759 1279 5812 22.
1364 5762 1398 5792 "
1432 5759 1446 5813 Ι
1477 5759 1598 5814 Cor.
1629 5775 1721 5825 vn,
1744 5759 1830 5812 5|.

2408 4593 2818 4661 ἀπολλυμένης,
2848 4584 2912 4663 ἦς
2946 4591 3055 4643 οὐδ’
3081 4592 3109 4641 6
3139 4589 3342 4655 κόσμος
3393 4590 3539 4651 ἅπας
3587 4588 3734 4640 ἐστὶν
3770 4591 3985 4641 [sauti-

2410 4699 2565 4746 σιος;
2609 4683 2682 4753 μὴ
2713 4682 2821 4751 γὰρ
2846 4681 3146 4752 χρημάτων
3195 4679 3314 4732 ἑστι
3361 4679 3463 4749 τὴν
3512 4681 3788 4749 σωτηρίαν
3835 4681 3990 4733 ἀλλὰ·

2411 4775 2625 4838 ξασθαι,
2676 4775 2762 4836 Ὠς
2806 4776 2913 4826 εἴτε
2950 4771 3107 4825 τοῦτο
3139 4768 3206 4843 ἦν
3249 4773 3277 4823 6
3314 4771 3589 4839 κερδάνας
3631 4772 3724 4823 τὶν
3760 4774 3987 4840 κόσμον,

2408 4865 2506 4936 τὴν
2530 4866 2585 4917 δὲ
2620 4865 2800 4935 ψυχὴν
2837 4864 3127 4929 ἀπολέσας,
3161 4864 3361 4915 ἔδωκεν
3394 4864 3459 4915 ἂν
3485 4864 3743 4931 χρήματα
3769 4864 3894 4915 τίίτε
3937 4866 3990 4915 ὲν

2410 4961 2476 5027 τῇ
2510 4958 2669 5027 φλογὶ
2696 4956 3123 5027 τηγανιζόμενος
3154 4957 3248 5009 καὶ
3281 4954 3535 5024 nemon.
3582 4953 3723 5005 Ἀλλ’
3748 4956 3850 5005 οὐκ
3878 4954 3992 5005 ἔστι

2411 5050 2593 5113 τοῦτο,
2622 5051 2723 5104 οὐκ
2757 5050 2925 5103 εστιν.
2955 5049 3170 5116 Ὠσπερ
3207 5048 3315 5116 γὰρ
3344 5048 3413 5108 εἰ,
3456 5046 3563 5097 τῶν
3605 5047 3835 5097 οἰκετῶν
3870 5064 3988 5112 τρυ-

2418 5144 2665 5211 φώντων,
2714 5139 3139 5200 σπαταλὼντων,
3167 5141 3195 5191 6
3238 5138 3504 5205 δεσπότης
3553 5137 3610 5187 ἐν
3647 5138 3843 5196 κακοῖς
3883 5137 3994 5197 τοῖς

2416 5234 2664 5302 ἐσχάτοις
2700 5227 2759 5306 ᾗ,
2798 5232 2950 5285 οὐδὲν
2979 5232 3117 5293 ὅλως
3148 5228 3421 5298 κερδαίνει
3470 5228 3534 5279 ὲκ
3576 5225 3671 5278 τοῦ
3720 5226 3991 5278 δεσπότου

2411 5324 2801 5387 εἶναιοοῦτως
2857 5324 2905 5376 εί
2950 5324 3046 5375 καὶ
3102 5322 3201 5392 τῆς
3253 5319 3490 5388 γαστρὸς
3545 5317 3845 5386 τρυφώσης
3903 5319 3991 5369 καὶ

2418 5415 2781 5486 πλουτούσης,
2810 5416 2843 5485 ἡ
2878 5412 3029 5485 ψυχὴ
3077 5414 3179 5483 τὴν
3229 5412 3529 5480 μέλλουσαν
3556 5408 3838 5460 ἀπώλειαν
3867 5410 3994 5461 ἀνα-

2423 5507 2583 5579 μένῃ,
2609 5507 2834 5577 οὐδεμία
2864 5506 3036 5579 ταύτῃ
3073 5504 3310 5574 ὠφέλεια
3334 5521 3348 5535 ο
3384 5503 3478 5556 καὶ
3518 5501 3755 5569 μάλιστα
3783 5501 3864 5553 ὅτι
3896 5503 3994 5553 οὐκ

2423 5596 2540 5649 ἔστι
2563 5613 2615 5650 τι
2645 5595 2827 5649 δοῦναι
2877 5594 3080 5664 ταύτης
3113 5591 3492 5660 ἀντάλλαγμα.
3524 5587 3615 5657 Μὴ
3647 5587 3759 5655 γὰρ
3796 5585 3991 5656 ἑτέραν
