4132 6332
998 520 1488 537 ῄᾙ-
1775 529 1909 539 ο*-
1976 531 2063 540 —

183 517 3388 592 Μ...

1509 713 1676 755 ANNO
1720 712 1949 755 DOMINI
1998 713 2110 756 MV.

1279 864 1569 1042 AN
1582 868 2279 1043 ONYMI

249 1151 928 1357 VlTA
1045 1159 1250 1363 S.
1388 1160 1948 1362 NILI
2072 1163 3297 1376 JUNIORIS

734 1467 1064 1529 ABBATIS
1106 1469 1442 1532 CllYPTIE
1483 1468 1880 1533 FERRATIE
1926 1471 2001 1530 ΙΝ
2061 1471 2278 1531 AGliO
2350 1474 2829 1535 TUSCULANO.

979 1757 1929 1846 COMMENTARIUS
1985 1763 2576 1856 PBz‘EVIUS.

792 1949 933 2014 (Acta
959 1955 1245 2002 Sanctorum
1276 1949 1523 2009 Bolland.,
1546 1949 1828 2012 Septembr.
1854 1956 1970 2002 tom.
2003 1952 2110 2014 Vll,
2139 1955 2195 2003 ad
2223 1953 2352 2011 diem
2374 1955 2450 2012 26,
2472 1969 2563 2021 pag
2605 1956 2729 2016 279.)

530 2201 748 2256 Notitia
777 2202 1006 2258 locorum
1040 2219 1058 2258 :
1111 2201 1228 2257 Vita
1260 2203 1446 2258 Sancti
1477 2207 1674 2268 scripta
1701 2221 1732 2257 a
1762 2219 2198 2275 conteinporaneo
2228 2225 2246 2262 :
2285 2208 2396 2276 ejus
2438 2210 2769 2264 diro-notatis
2796 2212 2986 2284 aliqua.

216 2343 260 2396 l.
295 2343 570 2398 Sanctum
621 2343 804 2399 Nilum
838 2344 1087 2399 abbatem
1129 2343 1375 2404 nomino.
1409 2353 1462 2397 et
1501 2341 1718 2414 Cryptze

151 2432 376 2488 Feri-ate
419 2436 650 2498 nuntio,
681 2445 938 2504 tanquam
973 2435 1016 2489 si
1052 2434 1252 2488 ibidem
1285 2433 1428 2487 diem
1452 2435 1716 2488 obiissct:

155 2526 395 2579 ttsilalzun
432 2527 506 2579 ab
555 2527 682 2580 aliis
736 2540 941 2580 morem
988 2527 1189 2594 potius,
1251 2539 1416 2591 quam
1472 2531 1718 2576 nostrum

153 2617 469 2683 scrupulose
536 2625 788 2669 secutus.
831 2614 1180 2668 Pratlaturam
1213 2613 1538 2668 abbalialem
1570 2627 1715 2666 sem-

152 2720 235 2772 per
279 2706 360 2759 sic.
378 2704 697 2758 declinavit
731 2714 975 2768 sanctus,
1006 2712 1066 2758 ut
1109 2712 1291 2757 tamen
1324 2719 1536 2771 semper
1587 2703 1717 2757 sub-

151 2793 282 2847 ditos
316 2803 370 2847 et
445 2809 724 2863 sequaces
774 2795 1077 2849 monachos
1131 2794 1395 2862 plurimos
1444 2793 1712 2848 habuerit.

148 2880 283 2936 Obiit.
315 2893 510 2937 autem
569 2885 625 2938 in
689 2885 1028 2938 monasterio
1076 2885 1133 2939 S.
1181 2885 1426 2952 Agathae,
1482 2883 1717 2938 distante

150 2979 298 3037 tertio
335 2977 573 3029 milliari
622 2992 650 3029 a
677 2975 1258 3047 Cryptae-Ferratensi,
1296 2977 1363 3030 ad
1389 2979 1532 3046 quod
1559 2991 1712 3032 sacra

147 3066 254 3133 ejus
283 3067 505 3122 cimelia
544 3067 810 3122 translata
845 3067 1018 3130 fuere,
1063 3068 1281 3136 ubique,
1313 3075 1369 3120 ut
1405 3068 1565 3137 primi
1593 3069 1712 3136 ejus

148 3158 367 3212 abbatia:
397 3158 744 3225 fundatoris,
789 3159 1064 3228 pracipuo
1103 3158 1308 3213 honore
1335 3161 1480 3213 culta
1511 3168 1564 3214 et
1586 3172 1710 3228 pro-

148 3245 292 3315 digiis
345 3263 373 3300 a
427 3248 546 3303 Deo
592 3252 863 3304 illustrata
911 3249 1080 3304 fuere.
1130 3249 1394 3304 Baronius
1447 3250 1511 3304 ad
1567 3251 1711 3305 hunc

149 3338 276 3391 diem
307 3339 377 3391 26
409 3338 764 3408 Septembris
808 3339 867 3394 S.
896 3338 1076 3392 Nilum
1127 3342 1196 3392 ita
1252 3343 1467 3395 nuntiat
1519 3341 1572 3396 in
1602 3341 1708 3396 Ro-

150 3441 303 3483 mano
327 3429 772 3499 Martyrologio:
813 3449 833 3482 ‹
880 3430 938 3484 ln
988 3445 1118 3499 agro
1147 3428 1459 3484 Tusculano
1501 3429 1560 3484 Β.
1603 3430 1707 3486 Nili

145 3517 364 3586 abbatis,
394 3521 713 3575 {iiiidatoris
733 3522 1046 3575 monasterii
1073 3519 1284 3591 Crypta:
1309 3519 1562 3581 Ferratae,
1595 3538 1708 3576 ma-

146 3620 250 3674 gna
287 3611 611 3664 sanctitatis
640 3610 763 3663 viri.
798 3629 817 3661 ι
859 3609 1088 3664 Frustra
1138 3610 1315 3663 sancti
1349 3625 1545 3664 nomen
1567 3609 1707 3680 apud

147 3702 546 3771 martyrologos
585 3701 848 3756 classicos
881 3717 1116 3770 quaeras,
1141 3714 1269 3752 cum
1325 3700 1430 3752 illis
1454 3701 1706 3756 omnibus

148 3789 208 3842 tit
255 3793 563 3858 posterior,
598 3801 785 3861 utpote
837 3799 1046 3846 tantum
1100 3790 1257 3846 initio
1311 3791 1496 3846 saeuit
1532 3807 1584 3846 ιι
1637 3792 1705 3846 ad

147 3894 360 3948 superos
396 3882 731 3936 translatus.
779 3879 967 3945 Wion,
1031 3880 1345 3946 Menardus,
1401 3880 1705 3952 Dorganius

148 3967 286 4022 lastis
335 3973 525 4026 sacris
575 3972 1055 4026 Benedictinorum
1116 3972 1381 4026 insertum
1445 3972 1644 4026 habent
1685 3988 1699 4025 :

145 4063 278 4127 quia,
334 4063 562 4118 etiamsi
612 4079 718 4118 non
768 4061 935 4115 fuerit
1014 4063 1318 4117 monachus
1378 4063 1585 4118 ordinis
1642 4065 1699 4120 S.

144 4150 433 4216 Benedicti,
459 4152 560 4208 sed
593 4151 649 4205 S.
675 4151 878 4216 Basilii,
917 4151 1039 4204 «diu
1070 4162 1276 4216 tamen,
1305 4151 1702 4220 inquitMenar.

145 4239 233 4294 dus
261 4244 311 4294 in
359 4243 886 4304 Observationibus,
949 4241 1214 4295 habitavit
1271 4242 1324 4294 in
1372 4245 1698 4300 monasterio

145 4328 193 4380 S.
230 4330 506 4386 Bonifacii
533 4344 586 4386 et
637 4333 813 4388 Alexii
873 4330 1073 4392 Romae,
1141 4331 1285 4400 quod
1358 4337 1442 4385 est
1494 4333 1696 4386 ordinis

143 4419 190 4474 8.
223 4422 528 4479 Benedicti.
569 4442 588 4474 ι
641 4423 816 4488 Quam
859 4422 947 4475 diu
988 4421 1183 4476 ibidem
1209 4422 1382 4489 egerit
1423 4422 1478 4474 S.
1517 4421 1694 4487 Nilus,

142 4510 186 4562 in
216 4512 451 4568 decursu
475 4513 786 4566 videbimus
819 4528 835 4564 :
867 4511 1080 4564 interim
1114 4511 1424 4579 dispiciam,
1462 4527 1691 4578 quorum

139 4603 370 4666 interest,
405 4619 480 4656 an
542 4604 654 4656 haec
686 4604 824 4655 ratio
893 4600 966 4653 sit
1010 4598 1303 4665 suﬁiciens,
1360 4609 1418 4650 ut
1473 4615 1693 4656 sanctus

141 4691 248 4755 quis
304 4691 491 4746 ordini
538 4691 771 4759 cuipiam
803 4689 1125 4744 ascribatur.
1151 4686 1434 4741 Ferrarius
1459 4687 1691 4742 inCata-

139 4779 248 4850 lngo
300 4792 628 4836 sanctorum
679 4781 850 4834 Italiae
898 4780 1118 4834 uberius
1158 4779 1223 4834 de
1274 4780 1332 4833 6.
1391 4778 1510 4832 Nilo
1555 4781 1685 4848 agit,

139 4876 476 4934 contrahens.
527 4887 648 4941 quae
681 4872 821 4940 apud
855 4871 1150 4924 Barouium
1189 4870 1242 4922 in
1286 4870 1584 4922 Annalibus
1619 4871 1683 4923 ad

141 4974 319 5013 annum
363 4963 471 5015 976
503 4972 556 5016 et
588 4962 716 5015 alibi
765 4977 954 5030 sparsa
983 4961 1207 5028 legerat.
1231 4957 1472 5013 Junioris
1521 4975 1686 5028 agno.

143 5067 244 5105 men
274 5060 510 5108 sortitus
554 5065 640 5107 est
671 5066 893 5107 sanctus
919 5052 1088 5105 abbas
1134 5049 1510 5103 distinctionis
1556 5066 1684 5120 ergo

143 5155 246 5195 eum
275 5144 444 5198 altero
477 5144 808 5214 homonyma
844 5144 900 5196 S.
970 5140 1091 5196 Nilo
1119 5141 1300 5194 itidem
1333 5139 1539 5202 Gnaeo,
1592 5141 1683 5209 qui

143 5228 410 5287 Theodosii
444 5235 686 5288 Juoioris
707 5233 1066 5301 temporibus,
1099 5231 1394 5286 honoribus
1429 5238 1480 5282 et
1510 5230 1680 5284 titulis

141 5327 383 5387 excussis,
406 5325 801 5380 monasterium
830 5321 1299 5389 Constantinopoli
1324 5337 1534 5374 summa
1555 5338 1675 5374 cum

143 5413 281 5467 laude
313 5416 733 5469 administravit.
762 5414 838 5468 De
885 5415 976 5468 illo
1007 5413 1258 5466 doctrina
1291 5419 1347 5465 et
1390 5411 1678 5465 sanctitate

141 5504 316 5559 celebri
367 5507 636 5575 agendum
689 5506 865 5560 veniet
917 5505 980 5558 ad
1041 5505 1180 5556 diem
1218 5502 1284 5555 12
1340 5500 1678 5562 Novembris,

141 5608 237 5659 'l’Jo
274 5596 516 5650 Romano
547 5595 926 5664 Martyrologio
975 5595 1270 5660 inscriptus
1309 5590 1521 5658 legitur.

200 5681 250 5734 ε.
281 5682 372 5739 Est
399 5699 563 5753 porro
596 5682 942 5738 Tusculanus
989 5697 1138 5752 ager.
1184 5680 1272 5733 ubi
1325 5679 1556 5734 decessit
1615 5677 1672 5730 S.

142 5768 299 5836 Nilus,
351 5773 599 5830 Romano
647 5776 966 5844 proximus:
1013 5775 1122 5827 imo
1146 5770 1454 5842 Campaniae
1480 5767 1676 5822 Roma-

395 5867 665 5927 Pnnon.
717 5866 834 5926 Gn.
882 5863 923 5922 C
938 5865 1065 5924 XX.

1831 2358 1912 2397 me
1946 2359 2092 2412 pars.
2131 2344 2337 2399 Civitas
2390 2346 2459 2398 ibi
2511 2346 2832 2414 episcopalis
2895 2355 3000 2409 est,
3051 2364 3208 2418 quam
3261 2350 3377 2414 lta'i

1829 2435 2102 2496 Fraacali,
2141 2434 2371 2506 indeque
2415 2439 2745 2491 recentiores
2793 2437 3010 2506 quidam
3069 2437 3378 2497 Frascatam

1826 2521 2020 2576 Latine
2048 2524 2320 2592 appellant
2359 2543 2370 2577 :
2419 2525 2586 2578 distat
2627 2525 2692 2579 12
2733 2527 3056 2581 milliaribus
3107 2529 3173 2581 ab
3212 2528 3373 2603 Urbe,

1827 2613 2269 2682 contendantque
2301 2614 2541 2682 plurimi,
2580 2616 2767 2669 eodem
2795 2617 2918 2670 loco
2948 2625 3100 2672 vetus
3161 2617 3376 2675 Tuscus

1827 2701 1938 2752 lum
1977 2700 2164 2764 fuisse,
2199 2719 2224 2754 a
2271 2720 2376 2771 quo
2401 2705 2614 2758 vicinus
2651 2719 2778 2773 ager
2827 2705 3002 2760 adhuc
3063 2722 3256 2761 nomen
3299 2725 3381 2767 τηε

1825 2791 1980 2843 tinet.
2032 2790 2155 2845 inde
2188 2793 2251 2845 ad
2295 2794 2572 2848 meridiem
2631 2811 2736 2848 uno
2762 2797 2977 2849 circiter
3019 2797 3234 2851 milliari
3281 2801 3366 2858 de-

1822 2880 2183 2943 clinantibus,
2230 2883 2318 2936 ubi
2385 2883 2510 2937 olim
2554 2883 2758 2936 Luculli
2806 2886 2929 2937 villa
2974 2884 3070 2943 fuit
3097 2886 3160 2944 ad
3182 2902 3373 2956 aquam

1823 2971 2101 3035 Crabram,
2136 2976 2375 3027 occurrit
2397 2976 2967 3041 celebreicmnohium,
2993 2978 3135 3046 quod
3166 2980 3220 3032 S.
3250 2979 3372 3037 Nilo

1822 3071 2006 3117 nostro
2035 3064 2248 3116 initium
2281 3081 2434 3118 suum
2490 3075 2540 3118 et
2573 3067 2913 3134 splendorem
2956 3069 3116 3122 debet
3143 3090 3155 3124 :
3182 3070 3370 3132 σκοτία

1820 3151 2045 3205 Ferrato
2069 3154 2134 3206 ab
2168 3154 2452 3222 indigenis.
2488 3169 2516 3206 a
2550 3153 2754 3209 Latinis
2773 3171 2900 3210 vero
2921 3157 3115 3226 Crypla
3141 3158 3368 3217 Feri-am

1820 3245 2110 3298 vocitatur.
2149 3243 2396 3298 Nominis
2425 3245 2686 3313 originem
2721 3245 2996 3300 deducunt
3026 3249 3110 3302 alii
3147 3266 3175 3302 a
3203 3267 3369 3320 specu

1819 3349 1977 3402 quem
2009 3334 2319 3388 incolebant
2358 3335 2636 3398 monachi,
2680 3337 2880 3405 quique
2927 3337 3115 3395 ferreis
3146 3341 3369 3395 clathris

1817 3426 2190 3487 claudebatur,
2226 3433 2284 3478 ιιι
2309 3426 2646 3479 contendunt
2681 3441 2747 3479 :a
2801 3426 2926 3481 ferri
2962 3429 3156 3487 ibidem
3192 3433 3363 3486 abun-

1814 3515 1995 3567 dantia
2037 3515 2285 3569 derivant
2317 3516 2428 3568 alii.
2462 3514 2756 3570 Kircherus
2810 3517 2860 3568 in
2905 3518 3060 3574 Latio
3125 3520 3365 3590 ανδρω-

1813 3599 2149 3654 erratensis
2184 3602 2412 3656 abbatis:
2444 3605 2664 3658 exordia
2686 3605 3081 3662 Bartholomreo
3140 3611 3197 3663 ὃ.
3258 3610 3362 3665 Nili

1811 3687 2076 3756 discipulo
2114 3690 2340 3744 ascribit
2375 3691 2568 3743 :lllum
2629 3693 2874 3762 sequitur
2903 3693 3091 3749 Piazza
3119 3697 3169 3749 io
3213 3697 3361 3752 [lier-

1811 3777 1992 3835 archia
2041 3779 2388 3835 Cardiualitia
2423 3798 2435 3833 :
2472 3792 2526 3834 at
2556 3783 2694 3839 infra
2724 3785 3043 3851 videbimus,
3073 3803 3355 3858 perperam

1807 3866 1859 3919 id
1927 3868 2061 3933 ﬁeri,
2114 3871 2454 3940 primumque
2508 3873 2655 3927 illius
2725 3886 3001 3936 auctorem
3054 3879 3354 3939 habendum

1806 3973 1924 4012 esse
1951 3970 2196 4013 sanctum
2239 3972 2510 4025 nostrum,
2550 3965 2620 4017 de
2661 3981 2769 4034 quo
2825 3983 2994 4034 pauca
3037 3971 3350 4035 admodum,

1803 4057 1878 4112 et,
1955 4049 1999 4102 si
2055 4051 2432 4105 chronotaxim
2487 4068 2821 4124 examenque
2881 4071 3351 4118 monumentorum

1805 4152 1901 4193 seu
1948 4137 2082 4194 Vitae
2108 4143 2406 4210 exceperis.
2451 4143 2594 4196 nulla
2626 4145 2738 4199 fere
2785 4146 2871 4201 hic
2899 4163 3128 4216 operose
3167 4152 3354 4207 discu-

1803 4230 1980 4282 tiemla
2047 4239 2190 4286 sunt.
2260 4232 2414 4297 Quod
2457 4249 2616 4302 porro
2671 4236 2737 4290 ad
2777 4238 2834 4292 ὃ.
2883 4239 2990 4294 Nili
3037 4240 3209 4306 Vitas,
3255 4258 3348 4298 seu

1801 4320 1979 4386 potius
2018 4319 2193 4374 Vitam
2218 4333 2445 4391 spectat.
2483 4325 2658 4379 omnis
2690 4326 2802 4381 fere
2840 4328 3198 4384 diﬂicultasin
3231 4334 3354 4401 ejus

1799 4413 2422 4481 auctoreinvestigando
2444 4417 2545 4469 sita
2595 4426 2677 4470 est
2713 4435 2727 4471 :
2764 4419 3047 4474 leviusculi
3070 4423 3214 4476 enim
3259 4440 3351 4485 er:

1797 4515 1951 4556 rores
1984 4502 2139 4556 facile
2163 4504 2413 4571 scriptori
2448 4512 2703 4572 poterunt
2773 4507 3058 4576 indulgeri,
3101 4513 3145 4564 si
3189 4514 3347 4567 modo

1794 4592 1913 4658 ejus
1947 4594 2077 4646 lldes
2100 4601 2152 4646 et
2189 4595 2490 4648 auctoritas
2515 4597 2734 4651 aliunde
2787 4599 3121 4666 probabitur.
3154 4602 3211 4656 S.
3241 4603 3344 4673 Nili

1801 4682 1912 4735 Vita
1946 4684 2270 4752 primigenia
2321 4685 2506 4739 Graeca
2550 4696 2649 4749 est,
2698 4703 2760 4741 ex
2804 4704 2993 4758 eaque,
3059 4693 3112 4743 ni
3161 4693 3344 4768 fallor,

1795 4777 1977 4837 unica,
2021 4775 2340 4843 prodierunt
2397 4774 2530 4828 Vita:
2587 4775 2792 4831 Latinae
2838 4795 2935 4847 pro
2987 4781 3342 4851 interpretum

1793 4865 2047 4919 metliodo
2081 4867 2293 4919 diversa
2328 4877 2602 4934 utcunque
2648 4867 2788 4922 inter
2842 4885 2901 4923 se
2947 4870 3339 4941 discrepantes.

1791 4957 1938 5006 illam
1969 4955 2206 5022 assignat
2241 4954 2506 5008 Barouius
2566 4956 2618 5008 in
2657 4958 2952 5013 Annalibus
3013 4961 3077 5013 ad
3139 4977 3337 5016 annum

1789 5029 1990 5097 Christi
2028 5044 2151 5108 976,
2181 5061 2328 5097 num.
2357 5045 2412 5110 9,
2447 5044 2500 5096 in
2526 5048 2749 5115 antiquo
2795 5049 2980 5102 codice
3024 5055 3338 5105 monasterii

1789 5136 2002 5204 Cryptae
2049 5135 2284 5187 Feirala:
2325 5150 2350 5186 a
2397 5136 2566 5188 sancti
2617 5135 2880 5204 discipulo
2933 5142 3338 5207 compositam;

1788 5227 2032 5279 eamdem
2085 5225 2306 5278 Barrius
2373 5224 2438 5277 de
2486 5224 2824 5292 Antiquitate
2876 5229 3137 5285 Calabriae
3175 5233 3266 5285 lib.
3307 5249 3339 5285 ν

1786 5332 1848 5368 ac
1922 5316 2155 5384 denique
2227 5314 2507 5369 Ferrarius
2556 5315 2611 5368 in
2665 5316 3028 5373 Annotatione
3083 5324 3333 5388 appellat.

1786 5404 2081 5459 Videamus
2136 5419 2320 5471 porro.
2383 5419 2448 5456 ao
2506 5420 2630 5459 vere
2696 5423 2800 5460 una
2868 5409 3162 5478 eademque
3216 5411 3334 5467 Vita

1782 5495 1967 5551 Graeca
2001 5496 2104 5564 sit,
2154 5495 2294 5550 unde
2328 5496 2552 5557 diversa:
2579 5498 2857 5553 versiones
2903 5499 3153 5567 profeetm
3183 5511 3332 5562 sunt,

1861 5586 1913 5638 3.
1947 5585 2210 5637 Barouius
2241 5584 2488 5636 laudatus
2520 5585 2593 5638 ita
2653 5587 2891 5654 loquitur
2928 5605 2940 5640 :
2999 5589 3200 5656 (Cujus
3249 5567 3332 5656 (δέ

1786 5675 1909 5743 Nili)
1943 5689 2028 5727 res
2061 5683 2240 5743 gestas
2261 5673 2446 5728 Graece
2469 5677 2811 5747 conscriptas
2834 5679 2902 5731 ah
2923 5678 3041 5743 ejus
3060 5681 3332 5748 diseipulq

1783 5765 2049 5821 Latinitas
2070 5765 2333 5819 hactenus
2367 5779 2642 5834 nunquam
2689 5764 2840 5821 vidit.
2895 5768 2994 5832 Qui
3055 5771 3201 5835 prius
3264 5787 3330 5845 ιιξ

2993 5859 3010 5920 l
