4158 6338
739 341 798 405 ει
2173 338 2521 399 ANONYMI
3905 345 3971 405 12

735 458 957 527 antiquo
1016 454 1201 511 codice
1268 456 1581 509 monasterii
1646 454 2126 525 Ciq'ptze'Fi-rrata:
2195 466 2303 506 tra-

734 547 872 600 didit
916 545 1222 610 Latinitati,
1257 545 1358 599 l‘uit
1386 555 1570 600 uoster
1598 544 1889 601 Federicus
1946 546 2165 609 Metius,
2192 544 2305 611 cpio

736 652 932 704 scopus
960 636 1405 700 Thermularum,
1440 653 1468 689 a
1523 653 1633 705 quo
1682 653 1781 706 ego
1815 638 2024 706 primus
2091 636 2303 703 accepi,

734 737 789 781 et
840 728 1099 782 nonnulla
1144 743 1209 781 ex
1261 727 1341 781 eis
1388 742 1486 796 pro
1534 728 1746 782 ratione
1800 727 2057 797 temporis
2094 727 2305 780 nostris

733 820 1046 874 Annalibus
1072 826 1381 887 opportuna
1411 821 1703 872 occasione
1735 819 2011 872 contexui.
2045 835 2064 868 ι
2102 816 2300 869 Eadem

736 912 827 977 illa
861 908 1199 964 combinavit
1230 924 1295 963 ex
1320 908 1552 963 Barouio
1588 898 1782 962 Surius
1811 916 1865 961 et
1898 910 1959 961 ad
1988 909 2134 961 hunc
2161 906 2302 958 diem

738 999 1048 1056 collectioni
1123 1014 1237 1054 sua:
1301 1000 1556 1053 inseruit.
1636 997 1955 1051 Versionem
2043 996 2188 1049 Μειὶί
2275 1007 2303 1044 a

734 1090 999 1147 Martenio
1068 1091 1305 1151 inferius
1383 1090 1677 1153 laudando,
1737 1091 1813 1143 uti
1873 1097 1927 1140 et
1997 1104 2022 1139 a
2098 1084 2303 1139 Jacobo

734 1182 1082 1245 Sciommari,
1131 1179 1337 1234 ordinis
1401 1176 1457 1231 S.
1505 1176 1689 1230 Basilii
1723 1185 1776 1229 et
1817 1174 2027 1244 Cryptc
2067 1172 2303 1227 Ferratre

737 1272 1010 1327 monacho
1056 1270 1109 1323 in
1140 1267 1294 1324 Notis
1330 1267 1398 1324 ad
1453 1266 1630 1321 Vitam
1687 1266 1744 1320 S.
1786 1266 2167 1319 Bartholomaci
2236 1264 2303 1315 ab

734 1364 855 1430 ipso
897 1359 1087 1414 ltalice
1131 1359 1362 1423 editam,
1395 1360 1608 1426 reperio
1643 1358 1998 1427 assignatam,
2032 1356 2123 1411 sed
2165 1370 2299 1424 prae-

734 1466 819 1510 ter
844 1470 904 1509 ea
929 1469 1049 1523 qua:
1080 1452 1195 1507 suis
1240 1448 1812 1509 Annalibusjnseruit
1856 1447 2146 1511 Baronius,
2194 1446 2299 1498 alia

735 1563 843 1602 non
893 1546 1149 1606 invenio;
1198 1542 1341 1596 unde
1386 1543 1599 1617 dubito,
1657 1556 1724 1593 an
1773 1540 2079 1592 versionem
2144 1550 2296 1590 suam

738 1641 878 1708 typis
910 1634 1145 1689 ediderit
1180 1632 1393 1697 Metius,
1421 1642 1474 1687 et
1514 1647 1621 1686 non
1655 1631 1829 1683 fuerit.
1863 1630 2044 1698 potius
2098 1628 2152 1684 in
2198 1627 2299 1679 Ba-

736 1726 879 1781 i-Onii
915 1724 1085 1779 solius
1108 1724 1337 1793 gratiam
1367 1722 1650 1775 adornata.
1683 1719 1954 1788 Quidquid
1986 1720 2077 1780 sit,
2102 1735 2224 1787 qum
2252 1718 2298 1771 is

736 1818 892 1872 nobis
925 1831 989 1869 ex
1019 1815 1271 1869 versione
1325 1812 1413 1865 illa
1472 1808 1906 1865 subministravit
1970 1810 2181 1863 abunde
2232 1809 2295 1863 ad

735 1924 848 1963 rem
878 1915 1201 1976 praesentem
1236 1911 1421 1960 erunt.
1463 1901 1782 1956 Edmundus
1828 1900 2065 1955 Martene
2117 1900 2297 1955 Colle-

734 1998 932 2055 ctionis
971 2005 1219 2050 veterum
1249 1991 1574 2061 scriptoium
1602 2002 1732 2045 tom.
1767 1991 1853 2051 Vl,
1892 1993 1998 2044 col.
2041 1991 2168 2055 887,
2202 1990 2294 2043 Vi-

737 2102 843 2145 tam
879 2088 933 2143 S.
968 2087 1071 2141 Nili
1138 2086 1386 2140 inseruit.
1446 2084 1619 2148 illam,
1686 2094 1745 2136 ut
1805 2085 1857 2136 in
1910 2082 2296 2137 Obscrvationc

736 2181 932 2251 praevia
966 2187 1171 2241 monet,
1202 2177 1363 2231 vertit
1389 2191 1455 2230 ex
1491 2173 1678 2229 Grtnco
1729 2173 2021 2229 cardinalis
2045 2172 2293 2238 Sirletus,

736 2270 1091 2338 Latinamque
1145 2267 1266 2335 ejus
1304 2266 1803 2336 interpretationem
1844 2265 1987 2319 illam
2023 2273 2296 2333 repercrat

735 2365 863 2417 olim
891 2361 945 2414 in
1000 2358 1189 2415 codice
1224 2354 1486 2409 Vaticano
1526 2353 1763 2409 Joannes
1815 2353 2103 2407 Durandus
2131 2367 2293 2406 accu-

738 2463 958 2521 rateque
991 2449 1316 2516 descriptam
1343 2447 1723 2500 transmiserat
1778 2445 1841 2498 ad
1901 2444 2293 2510 Mabillonium,

733 2549 895 2600 etiam
922 2542 1146 2598 Adriani
1181 2538 1384 2592 Valesii
1416 2539 1620 2603 judicio
1653 2539 1771 2590 lucc
1820 2536 2037 2604 publica
2077 2536 2292 2604 dignam

737 2651 966 2706 moxque
994 2633 1276 2696 edendam,
1316 2632 1419 2684 nisi
1455 2629 1600 2682 varia
1654 2626 2291 2695 studiaimpedivissent.

739 2726 1015 2782 Vcrsionis
1095 2721 1400 2775 Sirietianaa
1450 2718 1612 2772 etiam
1691 2716 1935 2769 meminit
1989 2716 2293 2770 laudandus

739 2832 879 2887 sirpe
917 2812 1335 2870 Sciommarius,
1374 2807 1604 2877 ejusque
1649 2806 1925 2874 exemplar
1951 2820 2052 2858 tus.
2092 2816 2148 2861 et
2195 2822 2294 2860 nos

741 2909 1001 2965 habemus
1029 2920 1095 2958 ex
1146 2900 1494 2955 Bibliotheca:
1540 2896 1811 2950 Vaticana:
1859 2896 1981 2953 cod.
2039 2912 2142 2949 ms.
2194 2897 2295 2950 sub

738 2997 889 3054 num.
917 2996 1077 3057 615l,
1096 2994 1185 3062 qui
1215 2993 1355 3044 idem
1376 2996 1480 3051 est,
1507 2987 1648 3042 unde
1693 3004 1850 3043 suum
1900 2988 2289 3056 apographuin,

740 3091 880 3159 quod
938 3103 1058 3143 cum
1086 3093 1276 3140 nostro
1312 3083 1377 3135 ad
1422 3082 1605 3150 apices
1651 3080 1933 3144 convenit,
1997 3079 2293 3133 adornasse

744 3180 1074 3239 Durandum,
1098 3175 1290 3231 scribit
1316 3172 1632 3227 Hartenius.

809 3274 865 3325 4.
898 3268 1105 3336 Adjecit
1136 3276 1327 3321 nostro
1375 3263 1801 3333 Papebrochius,
1832 3261 2110 3329 exemplar
2149 3259 2296 3315 Gras-

740 3378 862 3418 cum
919 3358 1118 3414 vidisse
1174 3374 1235 3411 se
1286 3357 1341 3411 in
1415 3355 1642 3425 Crypta
1677 3351 1911 3407 Fet-ratae
1939 3351 2290 3413 monasterio,

742 3452 1125 3520 consuluitque
1152 3463 1336 3503 coram
1366 3444 1668 3501 Romanum
1704 3444 1967 3505 codicem,
2004 3444 2069 3497 ad
2134 3456 2292 3510 quem

742 3546 944 3613 aliquid
976 3540 1303 3601 observavit,
1356 3548 1415 3592 ut
1469 3536 1607 3590 infra
1651 3534 1973 3589 videbimus.
2055 3530 2293 3602 Denique

744 3636 972 3690 Joannes
1048 3632 1331 3686 Matthteus
1385 3628 1778 3699 Caryophi‘lus,
1845 3624 2292 3694 archiepiscopus

742 3721 1329 3793 leoniensis,praeteriti
1363 3720 1541 3774 stt-culi
1570 3719 1725 3772 initio
1754 3716 1946 3769 Latine
1968 3716 2131 3769 vertit
2160 3728 2294 3768 una-

735 3832 846 3887 que
900 3830 1020 3868 cum
1077 3822 1223 3866 textu
1269 3811 1456 3865 Graeco
1501 3822 1565 3863 ex
1638 3809 1848 3877 Cryptae
1886 3806 2120 3860 Ferrataa
2189 3818 2289 3857 ms.

739 3904 997 3959 “omanis
1031 3900 1279 3955 Zannetti
1310 3898 1448 3968 typis
1492 3912 1633 3950 anno
1698 3887 1834 3947 162$
1880 3895 2047 3949 edidit
2116 3890 2293 3949 ’σιω

744 4000 799 4053 S.
833 3996 959 4061 Nili,
1009 4007 1173 4063 quam
1234 3990 1482 4060 queritur
1540 4002 1712 4055 usque
1771 3994 1883 4039 tum
1940 3987 1992 4038 in
2059 3983 2293 4040 tenabris

744 4085 1042 4138 delituisse.
1076 4078 1389 4149 Caryophili
1418 4078 1698 4147 diligentia
1734 4083 1786 4130 et
1822 4076 1875 4129 in
1908 4074 2113 4129 Latinis
2149 4086 2294 4142 aqua

744 4192 805 4228 ac
837 4172 1036 4227 Grtccis
1061 4170 1250 4240 peritia
1276 4169 1408 4221 nihil
1457 4169 1598 4220 circa
1630 4165 1804 4218 Vitam
1873 4164 2148 4235 praefatam
2202 4164 2294 4218 de-

744 4267 1039 4319 sideratum
1093 4261 1370 4327 relinquit,
1428 4266 1621 4329 prarter
1682 4258 1890 4310 hiatum
1967 4257 2190 4308 unicum
2238 4255 2291 4307 in

742 4355 917 4422 capite
964 4351 1016 4404 2.
1079 4350 1127 4404 is
1160 4350 1289 4401 mihi
1336 4348 1557 4400 dubium
1608 4347 1814 4415 injecit,
1870 4360 1936 4397 an
1981 4346 2173 4400 saltet)
2230 4358 2295 4395 ex

742 4444 928 4498 eodem
953 4440 1165 4511 Crypta:
1194 4438 1527 4493 Ferratensis
1555 4436 1863 4490 monasterii
1899 4437 2085 4491 codice
2112 4434 2294 4489 ἓέήαᾶ

744 4531 920 4585 versio
949 4531 1186 4599 proiecta
1215 4527 1304 4591 sit,
1338 4541 1460 4579 cum
1482 4526 1533 4577 in
1552 4524 1864 4593 Caryophili
1895 4534 2045 4578 textu
2064 4522 2293 4588 omissa,

742 4622 878 4675 duas
906 4624 1014 4672 fere
1038 4617 1319 4671 columnas
1351 4616 1404 4668 iii
1436 4613 1680 4667 Martenii
1717 4612 1954 4666 editione
2010 4615 2293 4681 impleant.

743 4714 811 4766 At
832 4722 1040 4762 summa
1072 4705 1197 4758 alibi
1232 4705 1429 4772 passim
1465 4702 1824 4754 consonantia
1879 4702 2085 4769 peperit
2120 4701 2293 4768 suspi—

743 4804 977 4861 rioncm,
1010 4812 1074 4850 ne
1106 4796 1243 4849 forte
1291 4804 1575 4861 postquam
1632 4792 1872 4847 codicem
1945 4790 2297 4844 consuluerat

744 4894 996 4952 Sirlettts,
1045 4889 1231 4943 folium
1285 4902 1351 4940 ex
1416 4900 1499 4948 eo,
1552 4885 1633 4939 vel
1684 4885 2007 4953 negligentia
2052 4884 2134 4937 vel
2190 4883 2296 4936 alio

744 5000 872 5039 casu
920 4981 1139 5051 perierit
1194 4977 1463 5044 Quidquid
1492 4978 1583 5040 sit,
1635 4990 1757 5028 cum
1799 4983 2002 5033 textum
2045 4974 2292 5027 Graecum

744 5074 973 5126 ediderit
1002 5069 1360 5139 Caryopliilns
1383 5076 1678 5132 exactaque
1732 5068 1976 5119 videatur
2029 5066 2147 5133 ejus
2210 5065 2297 5115 in-

747 5162 1084 5228 ti-rpretatio,
1119 5157 1295 5210 Vitam
1330 5173 1391 5209 ex
1422 5158 1511 5209 illo
1543 5156 1693 5209 edam
1732 5172 1744 5207 :
1773 5165 1825 5207 et
1861 5172 1925 5208 ne
1958 5156 2084 5223 quid
2129 5156 2296 5210 lector

743 5252 1012 5307 desideret
1072 5250 1385 5314 hiatumque
1437 5247 1687 5313 supplere
1747 5248 1943 5313 pUSsll,
1992 5251 2167 5299 locum
2229 5260 2293 5298 ex

745 5341 921 5396 Sirleti
955 5340 1200 5394 versione
1256 5338 1416 5389 dabo.
1472 5336 1543 5389 De
1598 5336 1892 5404 biographo
1969 5337 2049 5390 sic
2105 5336 2296 5392 scribit

745 5432 1099 5501 Carjophilus
1137 5440 1255 5493 post
1294 5428 1511 5480 initium
1546 5426 1884 5480 Praefationis
1912 5429 1979 5478 ad
2016 5428 2293 5480 lectorem:

753 5546 768 5574 ι
807 5521 1055 5575 Monachi
1080 5516 1256 5570 Vitam
1293 5520 1595 5569 monachus
1641 5518 1850 5579 scribit,
1919 5516 2159 5584 magistri
2216 5516 2299 5569 di-

746 5614 1005 5681 scipulus.
1060 5610 1194 5673 Quis
1224 5620 1399 5660 tamen
1436 5609 1521 5660 ille
1573 5606 1753 5670 fuerit,
1804 5624 1908 5659 non
1960 5608 2115 5673 plane
2167 5622 2300 5661 con-

744 5716 866 5759 sul.
930 5700 1377 5753 Bartbolonueum
1424 5698 1773 5765 suspicantur
1824 5697 2003 5757 multi,
2074 5696 2294 5763 (μήκη)

2414 458 2577 509 etiam
2651 467 2903 512 asserunt
2961 460 3136 512 virum
3187 469 3240 514 et
3310 461 3486 531 ipsum
3542 466 3972 533 sanctissimum,

2411 543 2512 597 Nili
2545 547 2715 601 civem
2764 559 2814 602 et
2855 550 3138 617 sapientiae
3163 551 3282 618 ejus
3309 560 3362 605 et
3390 554 3607 620 pietatis
3645 557 3966 609 haeredem.»

2411 634 2535 688 llaec
2588 637 2675 691 ille
2705 638 2933 691 aliorum
2964 655 3124 693 sensa
3150 640 3215 693 de
3268 642 3683 709 Bartliolomam,
3732 663 3834 699 non
3877 664 3973 701 sua

2411 740 2664 794 promens
2723 746 2737 779 :
2799 741 2851 781 et
2874 738 3034 785 caule
3065 746 3197 785 sane
3244 735 3387 787 sicut
3432 736 3751 803 prudentem
3798 740 3971 790 vii-om

2409 818 2630 870 decebat
2684 827 2796 871 tum
2818 834 2916 887 pro
2934 835 2997 873 ea
3027 835 3274 874 censura:
3304 835 3589 893 parte,qua
3616 826 3969 893 biographmr-

2517 904 2620 958 Nili
2658 918 3178 978 conteniporaneum
3213 912 3387 966 fuisse
3422 914 3641 977 asserit,
3706 926 3813 967 ltiiii
3875 931 3965 984 prr

2390 999 2601 1061 altera,
2634 1004 2737 1066 qua
2790 1007 2999 1053 asserta
3027 1002 3093 1055 de
3127 1001 3530 1056 Bartholonia‘o
3562 1006 3613 1057 in
3672 1005 3836 1059 dubio
3886 1020 3967 1057 rc-

2410 1088 2627 1156 linquit.

2474 1178 2527 1232 5.
2562 1175 3037 1247 Supervacaneum
3075 1192 3242 1246 esset,
3274 1197 3371 1250 pro
3396 1183 3807 1240 confirmatione
3866 1187 3972 1254 pri-

2405 1282 2503 1321 mae
2528 1270 2702 1337 partis
2730 1273 2995 1338 quaepiam
3047 1275 3303 1339 allegare,
3354 1288 3476 1326 cum
3529 1276 3775 1342 pluribus
3835 1276 3969 1330 locis

2404 1359 2563 1411 talem
2610 1374 2668 1413 se
2717 1361 3019 1415 lutulentcr
3060 1364 3379 1430 proliteatur
3425 1364 3779 1433 biographus.
3813 1366 3969 1431 Quod

2403 1448 2467 1501 ad
2494 1454 2787 1502 secundam
2830 1459 3059 1520 spectat,
3095 1452 3279 1521 plures
3342 1455 3516 1509 Vitam
3558 1456 3702 1508 illam
3736 1457 3791 1507 Β.
3837 1457 3969 1509 Bar-

2402 1543 2691 1596 tliolomaeo
2725 1544 3029 1607 ascribunt,
3098 1545 3238 1597 inter
3298 1561 3436 1615 quos
3485 1547 3875 1602 Sciomniarius
3917 1558 3972 1603 et

2402 1629 2721 1697 Mantenius;
2765 1640 2821 1686 at
2851 1632 2897 1687 is
2926 1634 3076 1686 solus
3108 1649 3170 1687 ex
3210 1634 3278 1689 iis
3308 1651 3449 1705 quos
3476 1636 3605 1700 vidi,
3660 1640 3851 1692 asserti
3884 1657 3971 1692 ra-

2401 1718 2601 1771 tionem
2637 1720 2835 1785 reddit,
2858 1735 3018 1789 quam
3064 1737 3328 1792 propono.
3365 1742 3383 1775 ι
3420 1724 3755 1795 Discipulum
3783 1739 3967 1783 autem

2400 1808 2571 1873 illum,
2609 1810 2803 1878 inquit,
2835 1811 2977 1865 haud
3016 1812 3179 1866 alium
3206 1812 3374 1866 fuisse
3403 1815 3510 1869 aB.
3549 1815 3966 1880 Bartliolomaeo,

2400 1900 2561 1952 tertio
2621 1909 2743 1968 post
2775 1898 3046 1955 S.INiluni
3080 1902 3561 1972 Cryptre-Ferratte
3601 1908 3815 1972 abbate,
3850 1909 3972 1971 eol-_

2400 1984 2641 2055 ligimus,
2696 2004 2817 2042 cum
2894 2006 2959 2044 ex
3010 1994 3389 2061 inscriptione,
3467 2010 3587 2062 quae
3667 1995 3800 2049 Viue
3844 1997 3966 2067 ejus

2399 2077 2693 2146 prodigitur
2723 2080 2776 2132 in
2809 2080 2997 2135 codice
3046 2081 3308 2137 Vaticano
3377 2082 3804 2139 MMMMMMCLI
3862 2088 3966 2141 hoc

2399 2170 2601 2221 modo:
2642 2186 2660 2220 ι
2697 2167 2846 2223 Hanc
2883 2170 3061 2225 Vitam
3090 2172 3149 2230 Β.
3180 2173 3603 2231 Bartholemaeus
3627 2178 3848 2247 scripsit
3877 2196 3890 2234 :
3937 2198 3957 2229 ι

2399 2268 2513 2312 tum
2550 2274 2612 2313 ex
2640 2260 2876 2315 breviori
2924 2262 3172 2332 ejusdem
3206 2264 3264 2321 S.
3289 2266 3668 2322 Bartholomaai
3717 2267 3859 2332 Vita,
3910 2272 3962 2323 in

2395 2366 2502 2420 qua
2530 2352 2642 2406 hinc
2682 2353 2916 2423 legimus
2951 2372 2963 2409 :
3004 2373 3022 2406 ι
3061 2355 3395 2427 Hymnorum
3420 2358 3766 2416 ciucubrator
3790 2375 3852 2415 ac
3879 2363 3964 2414 ni-

2418 2462 2436 2493 ι
2472 2444 2638 2496 mium
2682 2446 2962 2514 sapienter
3017 2460 3104 2503 res
3158 2457 3338 2515 gestas
3383 2447 3467 2502 sui
3514 2444 3861 2519 praeceptoris
3909 2460 3964 2505 ct

2403 2552 2421 2585 ς
2460 2534 2755 2589 multorum
2783 2545 3098 2591 sanctorum
3142 2536 3483 2592 describens.
3511 2559 3526 2590 ι
3562 2541 3812 2594 Reddunt
3839 2544 3963 2610 qui-

2396 2625 2517 2679 dem
2544 2635 2820 2693 postrema
2851 2627 2943 2679 illa
2977 2634 3186 2681 certum
3238 2636 3540 2698 utcunque,
3575 2630 3634 2684 Β.
3671 2632 3959 2688 Βετιιιοιοο

2399 2732 2590 2770 mamm
2651 2718 2947 2788 scripsisse
2999 2717 3179 2773 Vitam
3231 2722 3407 2775 sancti
3463 2724 3547 2776 sui
3611 2727 3961 2793 prmceptoris

2396 2806 2502 2861 Nili
2536 2824 2553 2873 ;
2587 2823 2795 2870 verum,
2819 2808 2965 2877 quod
3004 2807 3183 2863 Vitam
3215 2812 3463 2866 eamdem
3498 2814 3644 2867 illam
3668 2816 3961 2868 elucubra-

2396 2899 2489 2962 rit,
2527 2914 2691 2968 quam
2749 2900 3021 2969 hodieque
3069 2900 3353 2966 habemus,
3408 2919 3514 2957 non
3567 2919 3630 2959 ex
3692 2921 3754 2960 eo
3806 2921 3962 2972 aeque

2398 3000 2546 3044 certo
2576 2991 2763 3059 liquet.
2796 2990 2953 3057 Quod
2980 2993 3046 3045 ad
3097 2992 3338 3051 codicem
3378 2994 3695 3049 Vaticanum
3739 2996 3956 3058 attinet.

2397 3094 2588 3149 parum
2641 3097 2771 3135 sane
2804 3080 3064 3151 ponderis
3132 3092 3346 3140 asserto
3398 3086 3701 3149 accederet,
3743 3090 3959 3143 etiamsi

2396 3171 2668 3240 interpres
2704 3172 2956 3238 Sirletus,
2988 3174 3069 3227 vel
3120 3172 3212 3242 qui
3266 3175 3390 3242 ejus
3438 3176 3746 3230 versionem
3782 3179 3957 3231 codici

2397 3262 2695 3330 inscripsit,
2716 3262 2879 3317 verba
2909 3258 3232 3328 addidisset,
3273 3280 3395 3334 quae
3424 3266 3476 3318 in
3534 3259 3703 3319 textu.
3745 3265 3955 3328 Graeco,

2394 3368 2557 3421 quem
2626 3355 2805 3414 vertit,
2876 3371 2986 3408 non
3059 3354 3426 3423 legebantur:
3477 3357 3569 3411 sed
3621 3371 3689 3411 ne
3746 3366 3960 3412 tantum

2396 3444 2613 3512 quidem
2666 3444 2894 3498 subsidii
2930 3460 3026 3515 pro
3073 3461 3172 3499 sua
3238 3445 3495 3513 opinione
3561 3446 3723 3502 habet
3760 3445 3962 3501 Marte-

2395 3538 2538 3600 nius,
2601 3536 2804 3603 quique
2854 3550 2976 3591 cum
3030 3536 3122 3589 illo
3178 3536 3421 3590 sentiunt
3480 3551 3495 3588 :
3554 3535 3959 3606 Papebrochius

2393 3626 2559 3688 enim,
2629 3627 2720 3692 qui
2794 3624 3039 3679 codicem
3093 3622 3412 3679 Vaticanum
3475 3626 3713 3695 prepriis
3780 3629 3959 3683 oculis

2395 3716 2669 3777 lustravit,
2736 3716 2917 3768 addita
2970 3715 3036 3768 ad
3080 3716 3451 3785 apographum
3507 3726 3751 3769 nostrum
3822 3727 3956 3772 nota

2394 3806 2637 3859 studiose
2679 3815 2881 3868 monet,
2915 3805 3018 3859 alia
3046 3804 3275 3859 indubie
3309 3820 3474 3859 manu
3511 3812 3672 3860 verba
3721 3809 3955 3875 allegata

2394 3896 2566 3949 fuisse
2605 3895 2837 3964 adjecta,
2871 3910 3033 3963 quam
3065 3911 3169 3962 qua
3208 3897 3323 3949 Vita
3364 3906 3589 3950 exarata
3614 3906 3717 3952 est.
3769 3897 3954 3963 Plura,

2396 3988 2446 4039 ni
2480 3986 2661 4050 fallor,
2692 4001 2829 4054 Opus
2854 4002 2960 4040 non
2988 3996 3069 4039 est
3097 3986 3383 4052 addere,ut
3411 3988 3679 4043 rationem
3710 3990 3956 4051 reddam,

2397 4094 2563 4148 quare
2580 4079 3239 4133 sententiaeillustrissimi
3256 4080 3560 4147 tlaryophili
3586 4082 3954 4143 subscribam,

2397 4184 2494 4222 nec
2527 4168 2724 4229 Vitam,
2780 4170 2921 4236 quod
2957 4179 3133 4223 tamen
3186 4183 3284 4236 pro
3323 4169 3594 4237 probabili
3653 4170 3845 4235 habeo,
3890 4169 3954 4226 Β.

2397 4257 2793 4312 Bartholomaeo
2839 4256 3060 4312 iudubie
3113 4259 3407 4314 ascribam.
3450 4257 3641 4327 Major,
3690 4259 3883 4326 fateor,
3924 4277 3957 4315 a

2397 4347 2456 4401 B.
2497 4346 2891 4401 Bartholomaio
2916 4349 3209 4401 auctoritas
3248 4346 3381 4401 Vitae
3404 4352 3954 4419 accederet;atquam

2397 4439 2708 4493 habemusa
2740 4438 3007 4505 scriptore
3038 4452 3239 4502 coazvo,
3280 4438 3481 4505 quique
3513 4436 3571 4491 S.
3605 4438 3726 4495 Nilo
3754 4442 3808 4493 in
3834 4442 3956 4509 ipso

2400 4530 2514 4583 loco
2548 4528 2810 4592 convixit,
2833 4527 3232 4595 candoremque
3257 4540 3418 4580 suum
3434 4540 3542 4580 non
3563 4542 3670 4581 uno
3695 4529 3810 4583 loco
3829 4544 3959 4598 pro-

2398 4620 2508 4681 bat,
2538 4617 2697 4671 nobis
2736 4615 2956 4670 sufficit.

2467 4709 2519 4762 6.
2550 4707 2703 4761 Nunc
2736 4706 2800 4760 ad
2829 4704 3141 4775 quampiam
3171 4706 3544 4760 chronotaxim
3580 4705 3953 4760 deducendam

2398 4809 2449 4853 et
2492 4815 2660 4867 pauca
2694 4799 2876 4866 aliqua
2910 4798 3273 4853 examinanda
3310 4798 3729 4852 descendamus.
3781 4795 3955 4851 Natus

2397 4900 2480 4946 est
2510 4891 2566 4943 S.
2604 4890 2757 4943 Nilus
2827 4887 3061 4943 Rossani
3119 4889 3172 4942 in
3236 4888 3507 4948 Calabria,
3572 4890 3700 4942 olim
3763 4888 3954 4955 Magna

2399 4981 2604 5035 Graecia
2663 4978 2842 5033 vocari
2888 4978 3076 5031 solita.
3133 4976 3415 5032 Provincia
3482 4987 3565 5032 est
3621 4979 3954 5045 amplissima

2400 5070 2551 5138 regni
2592 5068 2931 5137 Neapolitani
2972 5069 3027 5121 in
3077 5068 3245 5121 italia:
3270 5068 3337 5121 ad
3394 5066 3652 5121 Austrum
3700 5069 3961 5124 extremis

2401 5162 2601 5215 ﬁnibus
2633 5160 2989 5227 maribusque
3042 5154 3250 5233 Siculo,
3285 5155 3435 5214 Ionio
3469 5155 3818 5226 etTyrrheuo
3855 5171 3956 5209 un-

2400 5254 2563 5319 dique
2600 5252 2803 5311 cincta,
2848 5258 3205 5317 praterquam
3244 5246 3452 5302 versus
3497 5249 3954 5319 Septentrionem,

2402 5345 2490 5396 tibi
2528 5344 2861 5412 provinciam
2909 5340 3253 5393 Basilicatam
3326 5341 3723 5393 conterminam
3769 5338 3956 5394 habet.

2402 5428 2730 5489 Rossanum,
2780 5426 2923 5494 quod
2976 5426 3064 5479 alii
3124 5426 3460 5480 Roscianum
3500 5429 3770 5489 scribunt,
3808 5428 3957 5493 prin-

2401 5520 2610 5588 cipatus
2651 5518 2807 5572 titulo
2837 5527 2893 5571 et
2924 5517 3373 5585 archiepiscojiali
3433 5517 3560 5569 sede
3622 5518 3948 5586 insignitum

2401 5617 2504 5672 est,
2555 5608 2830 5674 distatque
2864 5606 2951 5659 vix
3003 5605 3036 5657 3
3066 5603 3387 5657 milliaribus
3410 5592 3477 5655 ab
3518 5618 3609 5656 ora
3644 5606 3796 5657 sinus
3848 5605 3962 5661 Ta-

2409 5698 2630 5751 reutini.
2665 5696 2851 5763 Ampla
2879 5703 2932 5749 et
2962 5694 3128 5763 probe
3169 5693 3313 5746 culta
3345 5692 3610 5763 hodieque
3640 5695 3833 5747 civitas
3852 5706 3953 5751 est.
