4132 6332
174 365 226 426 i3
1319 362 1500 423 VlTA
1556 362 1624 421 S.
1660 360 1819 421 NIIJ
1865 360 2244 423 JUNIOBIS.
3318 358 3383 423 ιι

169 476 360 530 Saecula
396 492 453 539 ι,
483 474 561 528 uti
604 482 660 529 et
682 474 927 530 Calabria
964 475 1215 529 universa
1250 475 1478 545 imperio
1531 474 1718 529 Orien-

167 569 225 619 tis
264 565 438 619 adhuc
468 566 725 634 parebat,
760 574 984 635 eratque
1035 574 1089 619 et
1125 566 1309 635 lingua
1336 573 1389 617 et
1410 566 1548 620 ritus
1568 564 1716 617 Gree-

167 674 250 713 cus
292 658 343 711 in
367 674 499 719 usu,
520 656 738 725 quando
766 657 961 711 ibidem
989 666 1148 710 natus
1192 663 1275 709 cst
1307 654 1366 711 S.
1419 654 1591 710 Nilus.
1645 654 1717 709 De

168 751 470 819 parentibus
517 749 641 817 ejus
688 762 938 815 annoque
974 746 1141 799 natali
1201 745 1338 799 nihil
1387 744 1721 799 determina-

168 842 262 896 tius
293 842 492 912 legitur
520 841 574 893 in
609 838 747 893 Vita.
811 836 1031 896 Gabriel
1083 838 1305 891 Barrius
1361 836 1435 889 De
1458 837 1640 907 Antiq.
1664 842 1716 888 et

167 934 256 983 sint
290 930 551 985 Calabria
593 929 717 984 libri
756 945 783 981 ν
816 930 974 983 initio
1014 929 1235 992 scribit,
1289 926 1349 981 S.
1411 926 1591 979 Nilum
1654 940 1721 979 ex

168 1022 430 1077 nobilibus
503 1021 821 1091 parentibus
874 1029 1052 1072 ortum
1096 1034 1239 1083 esse,
1275 1024 1723 1083 assertorumqne

168 1121 339 1165 testem
387 1111 592 1179 allegat
647 1110 704 1164 Β.
764 1110 1214 1163 Bartholomazmn
1282 1108 1454 1165 sancti
1513 1107 1726 1176 biogra-

167 1204 344 1268 phum;
381 1209 433 1249 at
470 1200 552 1251 vel
602 1200 822 1264 vulgare
849 1207 933 1251 ost
991 1200 1093 1251 hoc
1130 1197 1321 1248 vitium
1358 1196 1715 1264 scriptorum,

166 1306 247 1356 qur
282 1300 507 1346 sanctos
533 1292 842 1343 stemmatis
869 1289 1076 1355 fulgore
1109 1288 1302 1356 quavis
1353 1287 1436 1339 via
1463 1286 1723 1339 decorare

167 1383 417 1443 laborant,
455 1382 539 1431 vel
586 1380 743 1431 aliam
776 1377 971 1439 Vitam,
1016 1379 1164 1443 quod
1203 1388 1384 1430 tamen
1415 1377 1502 1430 vix
1536 1376 1721 1438 credo,

169 1490 260 1541 pra:
297 1473 476 1525 oculis
509 1471 703 1524 habuit
756 1470 1000 1523 liarrius.
1062 1468 1114 1523 id
1148 1484 1280 1524 sane
1302 1467 1715 1537 nequeintextu

166 1562 337 1617 Graeco
392 1578 573 1629 neque
607 1562 658 1613 in
696 1561 1060 1625 versionibus,
1092 1573 1228 1629 quas
1244 1558 1417 1612 habeo
1435 1556 1720 1615 asseritur.

169 1652 303 1716 Qtiod
360 1651 426 1703 ad
491 1666 696 1712 annum
757 1651 993 1703 natalem
1046 1650 1261 1713 attinet,
1326 1647 1720 1703 Sciommarius

168 1743 284 1794 Nota
342 1742 373 1793 8
436 1745 502 1793 ad
544 1740 717 1795 Vitam
776 1741 835 1793 Β.
896 1739 1279 1795 Bartholomrei
1345 1738 1597 1806 designat
1622 1753 1718 1790 an-

168 1848 279 1885 num
302 1830 510 1886 Christi
551 1831 675 1897 910,
715 1844 766 1885 et
802 1840 949 1886 recte
990 1847 1005 1885 :
1042 1833 1245 1900 quippe
1277 1829 1412 1885 Vita;b
1467 1843 1619 1881 nunt.
1656 1827 1721 1879 87

166 1921 349 1977 dicitur
406 1920 465 1977 S.
546 1923 701 1977 Nilus
757 1923 959 1977 obiisse
1007 1938 1151 1974 anno
1198 1920 1374 1977 aetatis
1434 1918 1522 1973 95.
1582 1916 1724 1971 Mor-

168 2025 277 2066 tuus
351 2024 539 2069 autem
617 2024 702 2068 est
768 2028 914 2067 anno
978 2012 1184 2066 Christi
1243 2011 1423 2074 1005;
1484 2008 1623 2063 unde
1674 2007 1718 2061 si

170 2117 323 2158 annos
392 2104 467 2157 95
547 2104 909 2169 subtraxeris,
982 2104 1036 2158 in
1132 2116 1335 2157 annum
1401 2100 1503 2160 910
1574 2099 1722 2154 ἀειδ-

170 2194 317 2250 beris.

231 2284 277 2342 'i.
328 2283 727 2340 Porroannum
789 2284 996 2345 Christi
1050 2282 1191 2338 1005
1227 2284 1403 2343 sancti
1448 2282 1604 2337 morti
1640 2296 1723 2343 as-

168 2379 420 2446 signatum
482 2393 593 2433 non
632 2377 892 2431 habemus
938 2378 991 2430 in
1036 2375 1175 2439 Vita,
1200 2378 1294 2431 sed
1324 2377 1477 2430 illum
1508 2393 1572 2429 ex
1598 2377 1721 2431 aliis

173 2467 531 2521 monumentis
612 2468 767 2520 bona:
834 2476 975 2521 uotae
1026 2466 1259 2521 accersit
1308 2466 1719 2520 Sciommarius.

171 2556 310 2610 Juxta
334 2560 533 2611 turrim
562 2557 806 2611 ecclesiae
856 2559 1067 2626 Crypta:
1100 2556 1437 2617 Ferratensis
1465 2554 1719 2609 marmori

173 2648 421 2716 insculpta
455 2657 544 2701 est
572 2648 683 2703 haec
719 2649 1006 2716 inscriptio
1059 2665 1073 2701 :
1159 2633 1451 2716 Ἐκοιμήθη
1486 2647 1514 2697 ὁ
1569 2646 1719 2713 ἅγιος

174 2738 341 2800 Νεῖλος
392 2738 516 2799 ἔτος
587 2735 779 2819 θςφιγκ
837 2755 855 2788 t
900 2736 1238 2790 Obdormivit
1289 2736 1342 2793 S.
1392 2735 1543 2789 Nilus
1578 2750 1721 2789 anno

175 2829 315 2882 0515.
356 2848 375 2879 ι
410 2830 561 2887 Idem
594 2844 772 2883 annus
798 2830 956 2881 morti
992 2828 1051 2880 S.
1079 2826 1185 2881 Nili
1218 2827 1547 2896 assignatur,
1583 2835 1719 2888 teste

175 2919 543 2984 Sciommario,
598 2921 650 2971 in
695 2919 922 2986 antiquo
976 2916 1184 2981 codice,
1235 2918 1325 2985 qui
1358 2918 1541 2971 Basilii
1588 2916 1721 2971 Por-

176 3006 501 3077 phyrogeniti
540 3008 866 3074 appellatur,
895 3006 971 3059 uti
1005 3015 1059 3059 et
1138 3006 1191 3057 in
1233 3003 1438 3075 Typico
1491 3006 1716 3074 antiquo

178 3096 226 3153 Β.
259 3096 639 3150 Bartholomaei
672 3096 907 3164 aliisque
957 3093 1087 3153 Mss.
1145 3094 1535 3158 monumentis.
1578 3092 1717 3147 Eru-

177 3188 271 3243 dite
307 3202 491 3256 porro,
548 3186 827 3245 variorum
886 3185 1220 3253 scriptorum
1284 3185 1338 3238 in
1401 3184 1502 3240 hoc
1558 3183 1718 3238 modo

177 3278 516 3348 computandi
549 3277 821 3345 correptis
873 3276 1138 3347 lapsibus,
1209 3276 1406 3333 ibidem
1459 3276 1718 3339 ostendit,

179 3384 357 3425 annum
417 3367 611 3424 mundi
662 3366 980 3426 Graecorum
1021 3380 1173 3420 more
1229 3368 1498 3435 signatum
1559 3364 1717 3427 6515,

178 3476 280 3514 esse
313 3461 555 3528 vulgaris
583 3474 703 3511 tera:
732 3458 886 3512 l005.
925 3456 1123 3510 Omitto
1155 3463 1496 3523 argumenta,
1521 3456 1720 3523 quibus

180 3551 224 3611 id
266 3552 490 3611 indubie
548 3549 770 3613 evincit,
835 3562 1064 3616 quaeque
1122 3545 1261 3614 apud
1318 3547 1493 3614 ipsum
1551 3543 1721 3603 videri

180 3650 405 3710 possunt.
442 3639 666 3693 Interim
719 3637 984 3705 imprimis
1016 3646 1224 3689 certum
1259 3643 1364 3696 est,
1398 3632 1551 3703 juxta
1581 3632 1721 3691 hanc

180 3733 417 3800 epocham
434 3739 584 3784 recte
610 3728 934 3789 combinari.
967 3742 1088 3796 qua:
1110 3727 1164 3779 in
1192 3726 1313 3784 Vita
1340 3726 1406 3779 de
1433 3728 1719 3780 cOnventis

182 3821 362 3879 Ottone
430 3822 500 3877 111
530 3824 857 3893 imperatore
886 3828 941 3876 et
990 3818 1249 3886 Gregorio
1288 3815 1327 3870 V
1380 3817 1633 3887 pontiﬁce
1670 3817 1721 3870 in

183 3930 324 3969 causa
353 3915 581 3971 Joannis
609 3916 873 3982 antipapae
904 3919 1217 3973 narrantur,
1239 3924 1462 3978 qumque
1486 3918 1723 3977 pugnant

189 4010 307 4073 apud
343 4005 650 4067 Gabrielem
694 4004 962 4066 Barrium,
1013 4002 1282 4061 Lubinnm
1353 4002 1597 4069 aliosque
1662 4003 1716 4053 8.

185 4095 271 4149 Nili
304 4107 532 4154 mortem
569 4098 631 4146 ad
662 4110 862 4155 annum
909 4093 1032 4157 980,
1069 4096 1151 4148 vel
1176 4093 1382 4161 aliquot
1408 4092 1564 4153 annis
1599 4102 1723 4145 ante

185 4187 323 4239 ﬁnem
348 4188 535 4239 saeculi
565 4201 591 4237 χ
628 4185 956 4239 referentes:
994 4199 1113 4236 cum
1146 4184 1443 4236 cortumsit
1473 4196 1538 4233 ex
1570 4197 1719 4235 num.

188 4281 259 4343 8'1,
287 4279 748 4347 Quadragesimali
775 4287 1015 4345 tctupoi'e
1046 4275 1265 4334 lloniam
1297 4288 1359 4331 ea
1390 4288 1554 4336 causa
1600 4288 1729 4343 pro:

190 4372 361 4424 fectum
420 4380 696 4433 sanctum,
754 4370 913 4436 idque
952 4382 1093 4420 anno
1154 4366 1277 4426 998,
1318 4376 1369 4418 ut
1436 4367 1604 4433 liquet
1658 4381 1722 4419 ex

190 4461 593 4515 monutnenlisa
628 4457 921 4517 Muraturio
971 4460 1023 4510 in
1076 4455 1376 4520 Ann.:libus
1419 4456 1616 4517 ibidem
1651 4456 1724 4509 al-

190 4550 374 4619 legatis.
404 4550 593 4619 Neque
623 4550 801 4604 minus
856 4547 1082 4625 limpido
1122 4548 1417 4601 secundum
1446 4546 1728 4602 chronota-

192 4646 279 4697 tim
330 4644 509 4703 ﬂuunt
542 4646 645 4696 alia
690 4640 969 4701 nonnulla.
1004 4656 1124 4708 qua:
1155 4641 1301 4701 notis
1325 4640 1727 4708 cltronologicis

192 4736 235 4785 in
290 4733 403 4787 Vita
469 4734 884 4801 circumscripta
948 4739 1096 4785 sunt.
1170 4730 1395 4799 Quando
1450 4730 1507 4784 S.
1572 4731 1727 4787 Nilus

194 4826 371 4880 mundo
408 4826 688 4886 valedixit,
757 4824 994 4881 nondum
1022 4823 1333 4889 expleverat
1372 4835 1572 4875 annum
1634 4821 1724 4886 50,

196 4932 322 4969 num.
356 4917 388 4971 6
427 4934 437 4967 :
474 4917 639 4984 igitur
670 4930 927 4969 accessus
957 4915 1076 4981 ejus
1106 4912 1171 4971 ad
1229 4912 1527 4966 monachos
1583 4927 1726 4965 anno

197 5007 285 5059 910
313 5008 659 5077 velscquenti
716 5006 962 5079 contigit.
1017 5004 1250 5065 Numero
1310 5002 1444 5062 Vita:
1606 5001 1728 5056 Ste-

200 5098 380 5160 pilanus
424 5119 441 5149 ε
475 5100 795 5155 adolescens
820 5112 1087 5151 annorum
1152 5095 1264 5157 fere
1295 5095 1481 5164 viginti
1546 5096 1728 5163 iunxit

202 5200 248 5235 se
270 5185 644 5253 S.Ntlo,quud
678 5186 902 5255 contigit
934 5186 1099 5255 hujus
1145 5186 1384 5238 altero...
1420 5186 1473 5238 in
1508 5188 1729 5255 spelun-

202 5289 296 5326 cam
324 5279 649 5337 secessionis
680 5292 845 5339 anno,
885 5294 901 5327 ι
942 5292 1090 5329 unm.
1134 5275 1203 5339 2'1
1233 5277 1536 5345 Stephanus
1571 5294 1726 5342 gnum.

204 5366 260 5415 95
286 5370 691 5438 sepluugenarlo
725 5370 897 5434 major
929 5371 1175 5423 laborare
1211 5370 1407 5424 solitus
1441 5369 1610 5429 fuisse
1640 5369 1726 5425 di-

203 5457 336 5509 ritur.
387 5461 720 5527 Stephanum
767 5469 1039 5513 mortuum
1075 5462 1173 5514 sub
1216 5461 1463 5514 eumdem
1504 5476 1726 5524 annum,

207 5562 297 5611 quo
354 5549 470 5603 Otto
533 5551 598 5604 111
638 5552 929 5619 imperator
949 5549 1203 5614 decessit,
1238 5551 1405 5617 liquet
1442 5551 1638 5605 ibidem
1664 5568 1729 5604 ex

206 5640 465 5703 mljunctis.
506 5642 727 5696 Ottonis
766 5636 959 5696 ’obitus
1000 5657 1146 5695 anno
1189 5642 1319 5700 1001
1376 5644 1731 5713 consignatus

208 5737 310 5781 cst;
340 5734 473 5787 circa
506 5732 661 5789 illum
703 5733 895 5787 obierit
944 5732 1252 5807 Stephanus
1280 5752 1291 5793 ;
1330 5730 1576 5804 ejusdan
1610 5750 1725 5797 ωο-

1826 474 2051 528 nastica:
2100 474 2225 527 vitae
2260 470 2413 527 initia
2441 473 2588 527 circa
2624 486 2825 527 annum
2856 472 2961 527 945
2989 473 3075 544 figi
3106 481 3382 545 poterunt,

1824 562 2061 619 Rursum
2094 580 2222 617 num
2248 564 2314 617 95
2338 564 2726 619 monasterium
2763 562 3032 632 Serperis,
3067 583 3084 615 ‹
3159 566 3213 621 in
3273 581 3384 635 quo

1822 650 1889 703 ad
1922 666 2096 705 annos
2130 650 2195 704 10
2227 652 2577 704 monasticam
2610 651 2827 706 duxerit
2862 653 3047 717 vitam,
3082 671 3099 706 ι
3139 655 3382 709 deseruit

1827 740 1883 795 S.
1910 742 2061 797 Nilus
2105 752 2158 797 et
2204 743 2418 797 duobus
2447 751 2567 810 post
2598 745 2877 800 mensibus
2937 761 3085 803 num.
3124 744 3192 798 97
3221 746 3377 801 obiit.

1827 836 1905 891 Eo
1938 836 2102 905 igitur
2141 836 2431 895 accesserit
2468 850 2608 888 anno
2662 836 2763 890 994
2796 838 2878 891 vel
2942 838 3209 906 sequenti.
3272 838 3389 891 Nu-

1828 942 1977 981 mero
2023 925 2091 981 86
2128 928 2180 980 in
2210 925 2511 983 Vallelucio
2549 926 2658 995 egit
2712 929 3020 998 quindecim
3071 945 3263 991 annos,
3316 930 3385 983 ab

1826 1017 2081 1087 Aligerno
2118 1017 2427 1072 Cassinensi
2454 1016 2648 1071 abbate
2686 1015 2741 1069 in
2772 1016 2901 1071 illud
2926 1019 3196 1074 admissus
3228 1035 3380 1089 num,

1829 1106 1919 1170 62,
1947 1106 2181 1162 deducto
2242 1115 2524 1177 computo,
2574 1106 2675 1161 sub
2720 1121 2920 1160 annum
2960 1109 3083 1174 978,
3117 1126 3225 1181 quo
3262 1112 3381 1166 Ali-

1828 1213 2027 1267 gernus
2056 1200 2244 1268 agebat
2274 1200 2502 1259 abbatiae
2557 1200 2649 1266 29,
2686 1198 2777 1269 qui
2810 1208 3061 1259 mortuus
3088 1213 3192 1267 est,
3216 1218 3383 1261 asse-

1827 1300 1976 1343 rente
2001 1289 2304 1354 Mabillone,
2337 1306 2478 1345 anno
2510 1291 2635 1346 986.

1901 1381 1954 1434 8.
1984 1379 2121 1434 iliuc
2150 1384 2275 1434 anni
2313 1382 2342 1433 ἵ
2370 1382 2568 1435 residui
2604 1390 2730 1435 sunt
2749 1381 2995 1438 locandis
3020 1383 3105 1448 iis,
3134 1398 3253 1454 quae
3279 1384 3382 1450 sub

1828 1472 2063 1541 Aligerni
2099 1486 2412 1527 successore
2436 1487 2587 1525 num.
2626 1472 2692 1525 84
2722 1482 2773 1526 ct
2801 1468 3149 1543 sequentibus
3179 1474 3379 1535 ibidem

1828 1562 1884 1617 S.
1921 1564 2045 1618 Nilo
2078 1564 2369 1637 contigisse
2400 1575 2713 1628 narrantur,
2751 1565 2829 1619 uti
2862 1573 2914 1619 et
2956 1567 3247 1635 quaerendo
3287 1567 3381 1629 alii

1826 1654 2070 1708 solitario
2099 1655 2215 1708 loco
2243 1655 2631 1725 migranduque
2661 1656 2727 1709 ad
2772 1657 3159 1711 monasterium
3187 1655 3379 1725 Serpes

1826 1746 1901 1798 ris
1946 1764 1958 1798 :
1994 1753 2157 1813 atque
2198 1744 2277 1799 sic
2316 1744 2570 1801 ordinate
2609 1746 2990 1800 combinantur
3017 1746 3217 1801 omnia.
3273 1744 3380 1801 Ob-.

1826 1843 2006 1888 servat
2061 1849 2223 1904 porro
2253 1833 2650 1888 Sciommarius
2682 1850 2824 1905 saepe
2857 1835 3104 1894 laudatus
3127 1834 3265 1891 Nota
3306 1835 3373 1898 18

1825 1927 1890 1985 ad
1952 1924 2124 1982 Vitam
2162 1925 2221 1978 Β.
2255 1925 2655 1990 Bartholomaai,
2716 1934 2962 1981 sanctum
3004 1927 3056 1980 in
3107 1927 3377 1995 baptismo

1823 2016 2104 2071 Nicolaum
2145 2016 2313 2072 fuisse
2348 2017 2708 2074 nominatum.
2756 2017 2948 2077 Clarus
2969 2029 3052 2071 est
3118 2015 3170 2070 in
3236 2017 3378 2085 hanc

1824 2123 1934 2161 rem
1987 2110 2136 2161 locus
2162 2095 2429 2165 Paneratii
2461 2110 2511 2159 in
2574 2106 2903 2177 Panegyrico
2942 2108 3170 2163 dicentis
3215 2123 3231 2165 ε
3263 2106 3376 2178 Τὴν

1826 2200 1991 2269 μονὴν
2039 2202 2135 2267 τῆς
2170 2201 2601 2269 Κρυπτοφέρρης
2638 2200 3025 2268 ἀπαρξαμένου
3078 2199 3170 2252 τοῦ
3205 2201 3376 2269 μεγά-

1821 2292 1913 2345 λου
1943 2291 2206 2345 Νικῡλάου
2237 2289 2327 2354 τοῦ
2367 2291 2459 2343 καὶ
2494 2289 2652 2343 Νείλο
2683 2290 2951 2360 μόνοννος,
3002 2311 3020 2343 t
3058 2292 3190 2347 Cum
3230 2294 3379 2360 prin-.-

1822 2381 2021 2449 cipium
2053 2380 2287 2434 dedisset
2309 2380 2638 2433 monasterio
2666 2378 2876 2448 Crypta:
2896 2378 3127 2434 Ferrata:
3150 2396 3377 2451 magnus

1821 2468 2094 2532 Nicolaus,
2132 2471 2222 2539 qui
2250 2479 2302 2527 et
2336 2470 2488 2525 Nilus
2542 2468 2774 2536 solum,»
2809 2470 3034 2535 scilicet,
3079 2473 3379 2540 appellatus

1823 2570 1923 2616 est.
1964 2559 2103 2624 Nota
2148 2561 2217 2614 15
2262 2560 2491 2622 dixerat,
2538 2559 2591 2614 in
2646 2558 2834 2614 ordine
2888 2558 2946 2611 S.
2995 2559 3204 2627 Basilii,
3252 2576 3376 2615 cum

1828 2651 2064 2705 habitum
2104 2650 2228 2719 quis
2279 2648 2474 2713 induit,
2508 2663 2702 2702 nomen
2733 2648 2931 2700 mutari
2967 2647 3174 2714 solere;
3215 2658 3380 2720 atquq

1827 2740 1898 2792 ita
1935 2740 1993 2793 S.
2025 2737 2232 2792 Nicolai
2271 2752 2468 2797 nomen
2503 2738 2553 2789 in
2582 2734 2782 2800 Nilum,
2817 2734 2877 2790 Β.
2919 2734 3103 2790 Basilii
3138 2737 3193 2791 in
3246 2737 3381 2792 Bare-

1825 2830 2169 2886 tholomaeum
2202 2834 2465 2881 mutatum
2496 2825 2682 2880 fuisse.
2740 2823 2867 2891 Quae
2896 2824 2961 2885 ad
3001 2823 3376 2888 educationem

1824 2921 1942 2989 ejus
1968 2928 2022 2973 et
2058 2918 2475 2975 adolescentiam
2515 2926 2758 2977 exactam
2810 2925 3073 2986 spectant,
3114 2918 3376 2986 quaepiam

1823 3013 1876 3065 in
1909 3011 2032 3073 Vita
2060 3009 2392 3065 referuntur.
2426 3010 2688 3065 Baronius
2749 3009 2801 3064 in
2835 3010 3135 3070 Annalibus
3174 3011 3239 3064 ad
3275 3026 3375 3067 an-.

1826 3118 1953 3167 num
1985 3102 2184 3159 Christi
2223 3100 2347 3166 976,
2387 3115 2535 3154 num.
2565 3099 2621 3163 2,
2657 3099 2735 3153 sic
2770 3099 2952 3153 scribit
2980 3114 3041 3152 ex
3079 3098 3218 3153 Mctii
3254 3116 3376 3155 ver-

1826 3196 1999 3260 sione,
2029 3209 2190 3267 quam
2224 3207 2408 3247 secum
2467 3192 2923 3247 communicatam
2942 3191 3148 3249 dixerat
3180 3207 3193 3242 :
3222 3191 3379 3259 «Fuit

1826 3286 1979 3351 Nilus
2020 3288 2121 3345 iste
2173 3287 2240 3341 ab
2291 3284 2500 3352 origine
2544 3280 2748 3347 Graeca,
2785 3282 3015 3340 Bossani
3048 3284 3098 3336 in
3130 3282 3381 3345 Calabria

1826 3380 2041 3438 civitate
2066 3385 2245 3441 natus,
2289 3375 2534 3430 doctrina
2578 3383 2737 3443 atque
2763 3375 2959 3443 pietate
3012 3374 3265 3441 insignis,
3309 3374 3377 3435 ab

1827 3468 2053 3523 infantia
2104 3466 2198 3526 Dei
2234 3467 2412 3520 cultor
2448 3464 2681 3521 eximius
2718 3472 2771 3517 et
2813 3473 2935 3533 post
2978 3464 3375 3517 matrimonium

1826 3562 1987 3613 vitam
2035 3558 2393 3613 monasticam
2450 3563 2708 3609 sectatus.
2756 3573 2773 3605 ›
2825 3555 3024 3608 Eadem
3087 3555 3152 3609 de
3205 3554 3382 3619 sancti

1812 3651 2176 3707 matrimonio
2220 3650 2421 3706 habent
2453 3647 2645 3703 Surius
2689 3653 2742 3703 et
2791 3645 3046 3700 Baillctus
3098 3645 3165 3708 ad
3237 3646 3381 3711 hunc

1829 3741 1995 3794 diem.
2047 3740 2262 3805 Nescio,
2289 3754 2358 3799 an
2394 3738 2606 3793 diversa
2655 3737 2707 3791 in
2753 3751 2815 3793 eo
2878 3735 3039 3789 fuerit
3080 3735 3221 3789 Mclii
3266 3732 3385 3791 vcr-

1830 3833 1954 3897 sio;
1994 3832 2113 3886 atsi
2148 3830 2306 3884 habet
2336 3829 2531 3884 similia
2588 3828 2720 3893 illis,
2762 3841 2881 3895 quae
2921 3827 2973 3878 in
3022 3823 3141 3881 Vita
3174 3826 3381 3885 edenda

1828 3938 1948 3993 cap.
1976 3923 2029 3983 1,
2062 3936 2211 3974 num.
2238 3921 2269 3973 5
2304 3927 2355 3974 et
2376 3935 2516 3987 seq.,
2543 3926 2853 3979 narrantur,
2886 3925 3004 3971 utut
3038 3916 3231 3970 durum
3275 3926 3381 3986 est,

1829 4023 2047 4071 sanctos
2102 4013 2343 4081 gravium
2402 4024 2667 4061 noxarum
2712 4014 2996 4075 suspectos
3030 4006 3277 4072 reddere,
3335 4008 3383 4061 si

1830 4107 2039 4161 veritati
2107 4102 2367 4159 litandum
2414 4110 2514 4164 est,
2549 4099 2759 4155 difliteri
2802 4114 2907 4152 non
2963 4114 3203 4167 possum,
3268 4107 3380 4157 tam

1830 4197 2018 4252 saltem
2068 4194 2289 4249 dubium
2324 4208 2462 4252 esse,
2512 4191 2896 4259 anlcgitimum
2930 4188 3089 4241 fuerit
3118 4203 3385 4247 commer-

1830 4286 1972 4339 cium
2028 4283 2179 4345 illud,
2238 4292 2293 4333 ut
2332 4284 2553 4341 minime
2607 4290 2752 4337 certo
2805 4281 3204 4345 matrimonium
3258 4281 3382 4333 inde

1830 4376 1944 4431 erui
2006 4375 2179 4442 possit
2262 4372 2605 4424 Centrarium
2680 4384 2811 4423 sane
2891 4369 3103 4422 censuit
3166 4368 3380 4423 Gabriel

1834 4468 2075 4529 Barrius,
2106 4466 2230 4515 (lum
2276 4464 2367 4516 lib.
2406 4478 2428 4512 ν
2455 4462 2517 4511 de
2553 4460 2875 4528 Autiquitate
2905 4469 2951 4510 el
2974 4459 3093 4512 Situ
3120 4459 3383 4511 Calabria:

1831 4557 1897 4609 de
1950 4554 2006 4607 S.
2061 4551 2181 4611 Nilo
2249 4562 2433 4603 nostro
2509 4549 2697 4600 scribit
2749 4565 2760 4598 :
2814 4566 2831 4600 ι
2886 4546 3011 4600 Inde
3078 4562 3205 4601 vero
3272 4549 3378 4615 jam

1832 4646 2075 4700 exoletus
2105 4642 2364 4702 datmonis
2406 4655 2588 4708 opera,
2655 4655 2775 4697 cum
2851 4639 3056 4708 Virgine
3133 4640 3377 4707 quapiam

1832 4735 2145 4793 concubuit,
2175 4733 2446 4799 liliatnque
2479 4746 2542 4783 ex
2577 4744 2638 4782 ea
2690 4730 2947 4795 suscepit.
2993 4728 3256 4786 Crrterum
3290 4730 3383 4782 dc-

1832 4827 1956 4881 inde
2004 4825 2326 4891 resipiscens
2382 4837 2445 4875 ac
2493 4837 2551 4877 se
2598 4820 2885 4889 perpetrati
2945 4818 3166 4886 deliquii
3214 4822 3388 4888 pteui-

1834 4930 1971 4980 lens,
2037 4917 2223 4973 mundi
2278 4915 2674 4969 oblectamenta
2753 4927 2815 4970 ac
2862 4911 3079 4965 divitias
3141 4912 3388 4965 deseretc

1798 5084 1803 5087 ἱ
1832 5010 2041 5066 statuit.
2080 5028 2097 5059 υ

1902 5099 1954 5154 9.
1992 5098 2211 5159 Verum,
2242 5097 2383 5151 sicut
2412 5095 2811 5156 matrimonium
2838 5102 2988 5148 certo
3021 5101 3261 5145 astruere
3276 5106 3380 5145 non

1836 5205 2080 5263 possum,
2126 5190 2204 5243 sic
2228 5204 2325 5242 nec
2376 5198 2481 5240 tam
2524 5189 2688 5241 crude
2737 5202 2799 5239 ac
2824 5184 3399 5247 decretoriesanctum.

1834 5279 2205 5337 fornicationis
2236 5294 2459 5348 arguere
2492 5279 2663 5336 ausim
2692 5295 2705 5345 ;
2748 5286 2875 5330 sunt
2896 5276 3037 5329 enim
3062 5288 3123 5333 ex
3153 5282 3381 5339 utraque

1834 5383 1986 5441 parte
2017 5371 2296 5434 nonnulla,
2340 5386 2458 5438 qua;
2518 5384 2625 5422 rem
2682 5367 2983 5437 ambiguam
3045 5364 3378 5430 relinquunt.

1836 5462 2015 5534 Etpro
2052 5461 2402 5516 matrimonio
2441 5460 2656 5527 quidem
2684 5459 2859 5512 facere
2890 5456 3103 5509 videtur
3132 5454 3378 5509 studiosa

1836 5552 2127 5618 descriptio
2164 5551 2373 5620 puellae,
2417 5566 2537 5619 qua:
2571 5551 2708 5603 inter
2738 5550 2872 5605 alias
2908 5546 3249 5602 matrimonio
3274 5558 3381 5607 non

1837 5644 2118 5712 copulatas
2168 5642 2283 5712 ejus
2312 5640 2524 5697 amores
2572 5650 2836 5711 aucupata
2868 5647 2947 5695 est
2980 5649 3031 5696 et
3069 5637 3201 5691 ﬁxit.
3228 5635 3380 5701 Quod

1838 5736 2043 5801 scilicet
2108 5736 2503 5815 pulchritudine
2588 5742 2808 5789 cunetas
2868 5732 3230 5793 antecelleret,
3288 5728 3383 5783 sed
