  <div class='ocr_page' id='page_1' title='image "/cluster/home/n/w/nwhite01/storage/ocr_20150623/120/pst.000005714353/026.png"; bbox 0 0 4132 6332; ppageno 0'>
   <div class='ocr_carea' id='block_1_1' title="bbox 258 357 3482 440">
    <p class='ocr_par' dir='ltr' id='par_1_1' title="bbox 258 357 3482 440">
     <span class='ocr_line' id='line_1_1' title="bbox 258 357 3482 440; baseline 0.002 -19"><span class='ocrx_word' id='word_1_1' title='bbox 258 357 338 422; x_wconf 77' lang='grc'><strong>37</strong></span> <span class='ocrx_word' id='word_1_2' title='bbox 1400 363 1571 425; x_wconf 70' lang='lat' dir='ltr'><strong>VITA</strong></span> <span class='ocrx_word' id='word_1_3' title='bbox 1615 360 1879 423; x_wconf 52' lang='lat' dir='ltr'><strong>SleLl</strong></span> <span class='ocrx_word' id='word_1_4' title='bbox 1911 361 2288 424; x_wconf 79' lang='lat' dir='ltr'><strong>JUNIORIS.</strong></span> <span class='ocrx_word' id='word_1_5' title='bbox 3410 377 3482 440; x_wconf 79' lang='lat'><strong>33</strong></span> 
     </span>
    </p>
   </div>
   <div class='ocr_carea' id='block_1_2' title="bbox 330 469 1817 557">
    <p class='ocr_par' dir='ltr' id='par_1_2' title="bbox 330 469 1817 548">
     <span class='ocr_line' id='line_1_2' title="bbox 330 469 1817 548; baseline 0.002 -25"><span class='ocrx_word' id='word_1_6' title='bbox 330 471 418 540; x_wconf 84' lang='grc' dir='ltr'><strong>ιβ’.</strong></span> <span class='ocrx_word' id='word_1_7' title='bbox 455 469 566 536; x_wconf 76' lang='grc' dir='ltr'>Τῆς</span> <span class='ocrx_word' id='word_1_8' title='bbox 597 470 653 523; x_wconf 77' lang='grc' dir='ltr'><strong>δὲ</strong></span> <span class='ocrx_word' id='word_1_9' title='bbox 677 471 914 541; x_wconf 71' lang='grc' dir='ltr'>ἑσπέρας</span> <span class='ocrx_word' id='word_1_10' title='bbox 947 473 1376 546; x_wconf 73' lang='grc' dir='ltr'>καταλαῧούσης,</span> <span class='ocrx_word' id='word_1_11' title='bbox 1412 479 1506 529; x_wconf 62' lang='grc' dir='ltr'><strong>καὶ</strong></span> <span class='ocrx_word' id='word_1_12' title='bbox 1532 474 1817 548; x_wconf 80' lang='grc' dir='ltr'>πορευθέν-</span> 
     </span>
    </p>
   </div>
   <div class='ocr_carea' id='block_1_3' title="bbox 1918 469 3477 557">
    <p class='ocr_par' dir='ltr' id='par_1_3' title="bbox 1997 475 3477 557">
     <span class='ocr_line' id='line_1_3' title="bbox 1997 475 3477 557; baseline 0.017 -31"><span class='ocrx_word' id='word_1_13' title='bbox 1997 475 2082 528; x_wconf 76' lang='grc'><strong>12.</strong></span> <span class='ocrx_word' id='word_1_14' title='bbox 2121 478 2199 530; x_wconf 75' lang='lat' dir='ltr'><strong>Ad</strong></span> <span class='ocrx_word' id='word_1_15' title='bbox 2237 493 2520 547; x_wconf 81' lang='lat' dir='ltr'><strong>vesperum</strong></span> <span class='ocrx_word' id='word_1_16' title='bbox 2546 495 2668 534; x_wconf 92' lang='lat' dir='ltr'><strong>cum</strong></span> <span class='ocrx_word' id='word_1_17' title='bbox 2695 497 2752 536; x_wconf 88' lang='lat' dir='ltr'><strong>se</strong></span> <span class='ocrx_word' id='word_1_18' title='bbox 2795 483 2846 536; x_wconf 88' lang='lat' dir='ltr'><strong>in</strong></span> <span class='ocrx_word' id='word_1_19' title='bbox 2878 485 3069 540; x_wconf 80' lang='lat' dir='ltr'><strong>cellam</strong></span> <span class='ocrx_word' id='word_1_20' title='bbox 3092 488 3289 557; x_wconf 78' lang='lat' dir='ltr'><strong>quietis</strong></span> <span class='ocrx_word' id='word_1_21' title='bbox 3313 507 3477 550; x_wconf 56' lang='lat' dir='ltr'><strong>causa</strong></span> 
     </span>
    </p>
   </div>
   <div class='ocr_carea' id='block_1_4' title="bbox 245 561 1819 637">
    <p class='ocr_par' dir='ltr' id='par_1_4' title="bbox 245 561 1819 637">
     <span class='ocr_line' id='line_1_4' title="bbox 245 561 1819 637; baseline 0.003 -24"><span class='ocrx_word' id='word_1_22' title='bbox 245 579 340 622; x_wconf 83' lang='grc' dir='ltr'><strong>τος</strong></span> <span class='ocrx_word' id='word_1_23' title='bbox 372 561 539 614; x_wconf 82' lang='grc' dir='ltr'>αὑτοῦ</span> <span class='ocrx_word' id='word_1_24' title='bbox 565 563 784 631; x_wconf 77' lang='grc' dir='ltr'>ἡσύχως</span> <span class='ocrx_word' id='word_1_25' title='bbox 810 567 866 614; x_wconf 83' lang='grc' dir='ltr'>ἐν</span> <span class='ocrx_word' id='word_1_26' title='bbox 893 565 967 632; x_wconf 82' lang='grc' dir='ltr'><strong>τῷ</strong></span> <span class='ocrx_word' id='word_1_27' title='bbox 1003 566 1197 634; x_wconf 78' lang='grc' dir='ltr'>κελλῖῳ</span> <span class='ocrx_word' id='word_1_28' title='bbox 1225 568 1299 636; x_wconf 85' lang='grc' dir='ltr'>τῷ</span> <span class='ocrx_word' id='word_1_29' title='bbox 1332 569 1465 637; x_wconf 89' lang='grc' dir='ltr'>ίδίῳ,</span> <span class='ocrx_word' id='word_1_30' title='bbox 1498 567 1819 637; x_wconf 83' lang='grc' dir='ltr'>ὑπεισῆλοεν</span> 
     </span>
    </p>
   </div>
   <div class='ocr_carea' id='block_1_5' title="bbox 249 651 1814 728">
    <p class='ocr_par' dir='ltr' id='par_1_5' title="bbox 249 651 1814 728">
     <span class='ocr_line' id='line_1_5' title="bbox 249 651 1814 728; baseline 0.003 -24"><span class='ocrx_word' id='word_1_31' title='bbox 249 651 409 721; x_wconf 79' lang='grc' dir='ltr'><strong>αὑτῷ</strong></span> <span class='ocrx_word' id='word_1_32' title='bbox 433 655 693 720; x_wconf 72' lang='grc' dir='ltr'>λογισμὸς</span> <span class='ocrx_word' id='word_1_33' title='bbox 724 657 1078 723; x_wconf 79' lang='grc' dir='ltr'><strong>ἐκταράσσων</strong></span> <span class='ocrx_word' id='word_1_34' title='bbox 1105 659 1196 708; x_wconf 76' lang='grc' dir='ltr'><strong>καὶ</strong></span> <span class='ocrx_word' id='word_1_35' title='bbox 1227 659 1460 728; x_wconf 80' lang='grc' dir='ltr'>ἐνοχλῶν</span> <span class='ocrx_word' id='word_1_36' title='bbox 1497 660 1658 712; x_wconf 71' lang='grc' dir='ltr'>αὐτὸν</span> <span class='ocrx_word' id='word_1_37' title='bbox 1693 659 1814 725; x_wconf 71' lang='grc' dir='ltr'>σφόν</span> 
     </span>
    </p>
   </div>
   <div class='ocr_carea' id='block_1_6' title="bbox 245 744 1815 818">
    <p class='ocr_par' dir='ltr' id='par_1_6' title="bbox 245 744 1815 818">
     <span class='ocr_line' id='line_1_6' title="bbox 245 744 1815 818; baseline 0.004 -23"><span class='ocrx_word' id='word_1_38' title='bbox 245 744 376 814; x_wconf 80' lang='grc' dir='ltr'>δρα,</span> <span class='ocrx_word' id='word_1_39' title='bbox 404 744 507 812; x_wconf 74' lang='grc' dir='ltr'>εἴγ’</span> <span class='ocrx_word' id='word_1_40' title='bbox 543 745 630 814; x_wconf 81' lang='grc' dir='ltr'><strong>ἆρ’</strong></span> <span class='ocrx_word' id='word_1_41' title='bbox 652 746 680 797; x_wconf 85' lang='grc' dir='ltr'>ὀ</span> <span class='ocrx_word' id='word_1_42' title='bbox 705 747 877 814; x_wconf 83' lang='grc' dir='ltr'>μέγας</span> <span class='ocrx_word' id='word_1_43' title='bbox 918 747 1004 799; x_wconf 79' lang='grc' dir='ltr'><strong>ἐπ’</strong></span> <span class='ocrx_word' id='word_1_44' title='bbox 1039 749 1295 818; x_wconf 74' lang='grc' dir='ltr'><strong>ἀληθείας</strong></span> <span class='ocrx_word' id='word_1_45' title='bbox 1332 751 1626 818; x_wconf 83' lang='grc' dir='ltr'>ἐνέπληξεν</span> <span class='ocrx_word' id='word_1_46' title='bbox 1644 750 1815 818; x_wconf 75' lang='grc' dir='ltr'>αὐτῷ,</span> 
     </span>
    </p>
   </div>
   <div class='ocr_carea' id='block_1_7' title="bbox 249 835 1816 910">
    <p class='ocr_par' dir='ltr' id='par_1_7' title="bbox 249 835 1816 910">
     <span class='ocr_line' id='line_1_7' title="bbox 249 835 1816 910; baseline 0.003 -23"><span class='ocrx_word' id='word_1_47' title='bbox 249 835 327 897; x_wconf 83' lang='grc' dir='ltr'>ὡς</span> <span class='ocrx_word' id='word_1_48' title='bbox 363 837 544 897; x_wconf 86' lang='grc' dir='ltr'>κακῶς</span> <span class='ocrx_word' id='word_1_49' title='bbox 617 837 893 905; x_wconf 78' lang='grc' dir='ltr'>νενοηκότι</span> <span class='ocrx_word' id='word_1_50' title='bbox 921 839 1017 909; x_wconf 80' lang='grc' dir='ltr'><strong>τὴν</strong></span> <span class='ocrx_word' id='word_1_51' title='bbox 1055 842 1251 908; x_wconf 79' lang='grc' dir='ltr'>χρῆσιν</span> <span class='ocrx_word' id='word_1_52' title='bbox 1285 842 1378 893; x_wconf 86' lang='grc' dir='ltr'><strong>τοῦ</strong></span> <span class='ocrx_word' id='word_1_53' title='bbox 1412 842 1689 908; x_wconf 75' lang='grc' dir='ltr'>θεολόγου,</span> <span class='ocrx_word' id='word_1_54' title='bbox 1743 841 1816 910; x_wconf 84' lang='grc' dir='ltr'>μή</span> 
     </span>
    </p>
   </div>
   <div class='ocr_carea' id='block_1_8' title="bbox 251 927 1820 1000">
    <p class='ocr_par' dir='ltr' id='par_1_8' title="bbox 251 927 1820 1000">
     <span class='ocr_line' id='line_1_8' title="bbox 251 927 1820 1000; baseline 0.005 -23"><span class='ocrx_word' id='word_1_55' title='bbox 251 943 388 978; x_wconf 79' lang='grc' dir='ltr'>ποτε</span> <span class='ocrx_word' id='word_1_56' title='bbox 444 929 536 980; x_wconf 76' lang='grc' dir='ltr'>καὶ</span> <span class='ocrx_word' id='word_1_57' title='bbox 593 927 802 995; x_wconf 75' lang='grc' dir='ltr'>αἵρεσις</span> <span class='ocrx_word' id='word_1_58' title='bbox 870 929 1177 1000; x_wconf 77' lang='grc' dir='ltr'>λογισθείη”</span> <span class='ocrx_word' id='word_1_59' title='bbox 1223 931 1451 998; x_wconf 77' lang='grc' dir='ltr'><strong>ἢμόνον</strong></span> <span class='ocrx_word' id='word_1_60' title='bbox 1486 933 1820 985; x_wconf 72' lang='grc' dir='ltr'><strong>ταπεινῶσαι</strong></span> 
     </span>
    </p>
   </div>
   <div class='ocr_carea' id='block_1_9' title="bbox 253 1016 1820 1098">
    <p class='ocr_par' dir='ltr' id='par_1_9' title="bbox 253 1016 1820 1098">
     <span class='ocr_line' id='line_1_9' title="bbox 253 1016 1820 1098; baseline 0.005 -31"><span class='ocrx_word' id='word_1_61' title='bbox 253 1016 582 1086; x_wconf 83' lang='grc' dir='ltr'>βουλόμενος</span> <span class='ocrx_word' id='word_1_62' title='bbox 634 1023 730 1086; x_wconf 77' lang='grc' dir='ltr'>τὴν</span> <span class='ocrx_word' id='word_1_63' title='bbox 780 1021 1231 1092; x_wconf 57' lang='grc' dir='ltr'>ὑψηλοφροσύνην</span> <span class='ocrx_word' id='word_1_64' title='bbox 1271 1026 1364 1077; x_wconf 54' lang='grc' dir='ltr'><strong>καὶ⁹</strong></span> <span class='ocrx_word' id='word_1_65' title='bbox 1396 1025 1663 1098; x_wconf 83' lang='grc' dir='ltr'>μεγίστην</span> <span class='ocrx_word' id='word_1_66' title='bbox 1693 1024 1820 1076; x_wconf 83' lang='grc' dir='ltr'>ἁλα-</span> 
     </span>
    </p>
   </div>
   <div class='ocr_carea' id='block_1_10' title="bbox 249 1107 1818 1183">
    <p class='ocr_par' dir='ltr' id='par_1_10' title="bbox 249 1107 1818 1183">
     <span class='ocr_line' id='line_1_10' title="bbox 249 1107 1818 1183; baseline 0.006 -26"><span class='ocrx_word' id='word_1_67' title='bbox 249 1107 492 1168; x_wconf 78' lang='grc' dir='ltr'>ζονείαν.</span> <span class='ocrx_word' id='word_1_68' title='bbox 525 1112 630 1162; x_wconf 79' lang='grc' dir='ltr'>Καὶ</span> <span class='ocrx_word' id='word_1_69' title='bbox 656 1112 826 1173; x_wconf 84' lang='grc' dir='ltr'>ταῦτα</span> <span class='ocrx_word' id='word_1_70' title='bbox 875 1113 1349 1183; x_wconf 84' lang='grc' dir='ltr'>διενθυμούμενος,</span> <span class='ocrx_word' id='word_1_71' title='bbox 1382 1115 1578 1183; x_wconf 84' lang='grc' dir='ltr'>μικρὸν</span> <span class='ocrx_word' id='word_1_72' title='bbox 1615 1113 1818 1167; x_wconf 84' lang='grc' dir='ltr'>άπενύ-</span> 
     </span>
    </p>
   </div>
   <div class='ocr_carea' id='block_1_11' title="bbox 252 1199 1820 1275">
    <p class='ocr_par' dir='ltr' id='par_1_11' title="bbox 252 1199 1820 1275">
     <span class='ocr_line' id='line_1_11' title="bbox 252 1199 1820 1275; baseline 0.006 -27"><span class='ocrx_word' id='word_1_73' title='bbox 252 1199 474 1264; x_wconf 80' lang='grc' dir='ltr'>σταξεν.</span> <span class='ocrx_word' id='word_1_74' title='bbox 518 1201 573 1252; x_wconf 87' lang='grc' dir='ltr'><strong>Ὀ</strong></span> <span class='ocrx_word' id='word_1_75' title='bbox 599 1202 652 1253; x_wconf 79' lang='grc' dir='ltr'><strong>δὲ</strong></span> <span class='ocrx_word' id='word_1_76' title='bbox 693 1205 911 1256; x_wconf 82' lang='grc' dir='ltr'>πάντων</span> <span class='ocrx_word' id='word_1_77' title='bbox 939 1203 1044 1257; x_wconf 88' lang='grc' dir='ltr'><strong>τῶν</strong></span> <span class='ocrx_word' id='word_1_78' title='bbox 1091 1204 1317 1258; x_wconf 87' lang='grc' dir='ltr'>δικαίων</span> <span class='ocrx_word' id='word_1_79' title='bbox 1353 1207 1691 1275; x_wconf 82' lang='grc' dir='ltr'>παρατηρῶν</span> <span class='ocrx_word' id='word_1_80' title='bbox 1721 1206 1820 1269; x_wconf 79' lang='grc' dir='ltr'>τὰς</span> 
     </span>
    </p>
   </div>
   <div class='ocr_carea' id='block_1_12' title="bbox 251 1293 1820 1363">
    <p class='ocr_par' dir='ltr' id='par_1_12' title="bbox 251 1293 1820 1363">
     <span class='ocr_line' id='line_1_12' title="bbox 251 1293 1820 1363; baseline 0.006 -24"><span class='ocrx_word' id='word_1_81' title='bbox 251 1293 617 1360; x_wconf 63' lang='grc' dir='ltr'>παρατροπὰς</span> <span class='ocrx_word' id='word_1_82' title='bbox 643 1294 774 1350; x_wconf 71' lang='grc' dir='ltr'>τῶν,</span> <span class='ocrx_word' id='word_1_83' title='bbox 801 1294 996 1348; x_wconf 65' lang='grc' dir='ltr'>ἐνθέων</span> <span class='ocrx_word' id='word_1_84' title='bbox 1018 1295 1374 1363; x_wconf 76' lang='grc' dir='ltr'><strong>διαδημάτων</strong></span> <span class='ocrx_word' id='word_1_85' title='bbox 1393 1297 1486 1348; x_wconf 89' lang='grc' dir='ltr'><strong>τοῦ</strong></span> <span class='ocrx_word' id='word_1_86' title='bbox 1525 1297 1820 1352; x_wconf 76' lang='grc' dir='ltr'>ὑποσκελί-</span> 
     </span>
    </p>
   </div>
   <div class='ocr_carea' id='block_1_13' title="bbox 250 1381 1819 1456">
    <p class='ocr_par' dir='ltr' id='par_1_13' title="bbox 250 1381 1819 1456">
     <span class='ocr_line' id='line_1_13' title="bbox 250 1381 1819 1456; baseline 0.008 -25"><span class='ocrx_word' id='word_1_87' title='bbox 250 1381 406 1450; x_wconf 79' lang='grc' dir='ltr'>σαιῆ</span> <span class='ocrx_word' id='word_1_88' title='bbox 450 1382 658 1450; x_wconf 82' lang='grc' dir='ltr'>κρύψαι</span> <span class='ocrx_word' id='word_1_89' title='bbox 717 1386 941 1452; x_wconf 83' lang='grc' dir='ltr'><strong>παγίδα,</strong></span> <span class='ocrx_word' id='word_1_90' title='bbox 997 1385 1280 1456; x_wconf 71' lang='grc' dir='ltr'>βουληθεὶς</span> <span class='ocrx_word' id='word_1_91' title='bbox 1341 1389 1580 1442; x_wconf 77' lang='grc' dir='ltr'>σινιάσαι</span> <span class='ocrx_word' id='word_1_92' title='bbox 1614 1391 1819 1443; x_wconf 74' lang='grc' dir='ltr'>καὶτὸν</span> 
     </span>
    </p>
   </div>
   <div class='ocr_carea' id='block_1_14' title="bbox 248 1470 1818 1548">
    <p class='ocr_par' dir='ltr' id='par_1_14' title="bbox 248 1470 1818 1548">
     <span class='ocr_line' id='line_1_14' title="bbox 248 1470 1818 1548; baseline 0.007 -29"><span class='ocrx_word' id='word_1_93' title='bbox 248 1470 403 1521; x_wconf 78' lang='grc' dir='ltr'>ὅσιον</span> <span class='ocrx_word' id='word_1_94' title='bbox 435 1471 642 1534; x_wconf 87' lang='grc' dir='ltr'>τοῦτον,</span> <span class='ocrx_word' id='word_1_95' title='bbox 677 1473 930 1540; x_wconf 80' lang='grc' dir='ltr'>φαίνεται</span> <span class='ocrx_word' id='word_1_96' title='bbox 979 1476 1125 1546; x_wconf 80' lang='grc' dir='ltr'><strong>αῦτῷ</strong></span> <span class='ocrx_word' id='word_1_97' title='bbox 1153 1477 1275 1529; x_wconf 86' lang='grc' dir='ltr'>καθ’</span> <span class='ocrx_word' id='word_1_98' title='bbox 1313 1477 1460 1548; x_wconf 81' lang='grc' dir='ltr'>ῦπαρ</span> <span class='ocrx_word' id='word_1_99' title='bbox 1487 1479 1543 1530; x_wconf 83' lang='grc' dir='ltr'>ἐν</span> <span class='ocrx_word' id='word_1_100' title='bbox 1577 1479 1818 1548; x_wconf 85' lang='grc' dir='ltr'>σχήματι</span> 
     </span>
    </p>
   </div>
   <div class='ocr_carea' id='block_1_15' title="bbox 250 1563 1819 1639">
    <p class='ocr_par' dir='ltr' id='par_1_15' title="bbox 250 1563 1819 1639">
     <span class='ocr_line' id='line_1_15' title="bbox 250 1563 1819 1639; baseline 0.006 -25"><span class='ocrx_word' id='word_1_101' title='bbox 250 1563 350 1615; x_wconf 88' lang='grc' dir='ltr'><strong>δύο</strong></span> <span class='ocrx_word' id='word_1_102' title='bbox 382 1564 769 1635; x_wconf 92' lang='grc' dir='ltr'>πρεσϐυτέρων</span> <span class='ocrx_word' id='word_1_103' title='bbox 801 1569 1051 1635; x_wconf 77' lang='grc' dir='ltr'><strong>μεγάλων</strong></span> <span class='ocrx_word' id='word_1_104' title='bbox 1083 1569 1350 1638; x_wconf 77' lang='grc' dir='ltr'>λεγόντων</span> <span class='ocrx_word' id='word_1_105' title='bbox 1377 1586 1390 1602; x_wconf 79' lang='grc' dir='ltr'><strong>ο</strong></span> <span class='ocrx_word' id='word_1_106' title='bbox 1429 1570 1619 1639; x_wconf 81' lang='grc' dir='ltr'><strong>Ἡμεῖς</strong></span> <span class='ocrx_word' id='word_1_107' title='bbox 1651 1571 1819 1638; x_wconf 68' lang='grc' dir='ltr'>ἐσμεν</span> 
     </span>
    </p>
   </div>
   <div class='ocr_carea' id='block_1_16' title="bbox 255 1655 1819 1730">
    <p class='ocr_par' dir='ltr' id='par_1_16' title="bbox 255 1655 1819 1730">
     <span class='ocr_line' id='line_1_16' title="bbox 255 1655 1819 1730; baseline 0.006 -25"><span class='ocrx_word' id='word_1_108' title='bbox 255 1655 462 1723; x_wconf 81' lang='grc' dir='ltr'><strong>Πέτρος</strong></span> <span class='ocrx_word' id='word_1_109' title='bbox 493 1655 583 1708; x_wconf 71' lang='grc' dir='ltr'>καὶ</span> <span class='ocrx_word' id='word_1_110' title='bbox 609 1655 818 1719; x_wconf 84' lang='grc' dir='ltr'><strong>Παῦλος</strong></span> <span class='ocrx_word' id='word_1_111' title='bbox 837 1674 851 1687; x_wconf 91' lang='grc'><strong>·</strong></span> <span class='ocrx_word' id='word_1_112' title='bbox 890 1658 1088 1722; x_wconf 86' lang='grc' dir='ltr'>ιδόντες</span> <span class='ocrx_word' id='word_1_113' title='bbox 1116 1661 1172 1713; x_wconf 84' lang='grc' dir='ltr'>δέ</span> <span class='ocrx_word' id='word_1_114' title='bbox 1207 1677 1265 1712; x_wconf 86' lang='grc' dir='ltr'><strong>σε</strong></span> <span class='ocrx_word' id='word_1_115' title='bbox 1289 1659 1453 1730; x_wconf 75' lang='grc' dir='ltr'>φησὶν</span> <span class='ocrx_word' id='word_1_116' title='bbox 1485 1660 1819 1729; x_wconf 83' lang='grc' dir='ltr'><strong>ἀσχάλλοντα</strong></span> 
     </span>
    </p>
   </div>
   <div class='ocr_carea' id='block_1_17' title="bbox 251 1743 1812 1820">
    <p class='ocr_par' dir='ltr' id='par_1_17' title="bbox 251 1743 1812 1820">
     <span class='ocr_line' id='line_1_17' title="bbox 251 1743 1812 1820; baseline 0.006 -26"><span class='ocrx_word' id='word_1_117' title='bbox 251 1743 511 1813; x_wconf 72' lang='grc' dir='ltr'>περὶτῶν</span> <span class='ocrx_word' id='word_1_118' title='bbox 537 1745 698 1799; x_wconf 83' lang='grc' dir='ltr'>θείων</span> <span class='ocrx_word' id='word_1_119' title='bbox 719 1747 1025 1816; x_wconf 80' lang='grc' dir='ltr'><strong>δογμάτων,</strong></span> <span class='ocrx_word' id='word_1_120' title='bbox 1049 1750 1282 1820; x_wconf 69' lang='grc' dir='ltr'>ηλθομεν</span> <span class='ocrx_word' id='word_1_121' title='bbox 1301 1749 1393 1802; x_wconf 90' lang='grc' dir='ltr'><strong>τοῦ</strong></span> <span class='ocrx_word' id='word_1_122' title='bbox 1428 1752 1699 1804; x_wconf 81' lang='grc' dir='ltr'>συνετίσαι</span> <span class='ocrx_word' id='word_1_123' title='bbox 1735 1769 1812 1816; x_wconf 89' lang='grc' dir='ltr'><strong>σε,</strong></span> 
     </span>
    </p>
   </div>
   <div class='ocr_carea' id='block_1_18' title="bbox 252 1833 1816 1908">
    <p class='ocr_par' dir='ltr' id='par_1_18' title="bbox 252 1833 1816 1908">
     <span class='ocr_line' id='line_1_18' title="bbox 252 1833 1816 1908; baseline 0.004 -22"><span class='ocrx_word' id='word_1_124' title='bbox 252 1836 353 1886; x_wconf 78' lang='grc' dir='ltr'>καὶ</span> <span class='ocrx_word' id='word_1_125' title='bbox 409 1833 620 1900; x_wconf 77' lang='grc' dir='ltr'><strong>διδάξαι</strong></span> <span class='ocrx_word' id='word_1_126' title='bbox 679 1837 777 1906; x_wconf 86' lang='grc' dir='ltr'><strong>τὴν</strong></span> <span class='ocrx_word' id='word_1_127' title='bbox 827 1839 1086 1908; x_wconf 81' lang='grc' dir='ltr'>ἀλήθειαν</span> <span class='ocrx_word' id='word_1_128' title='bbox 1150 1842 1351 1896; x_wconf 78' lang='grc' dir='ltr'>πᾶσαν.</span> <span class='ocrx_word' id='word_1_129' title='bbox 1409 1837 1575 1892; x_wconf 73' lang='grc' dir='ltr'>Εἶπον</span> <span class='ocrx_word' id='word_1_130' title='bbox 1599 1837 1691 1894; x_wconf 78' lang='grc' dir='ltr'><strong>οῦν</strong></span> <span class='ocrx_word' id='word_1_131' title='bbox 1724 1845 1816 1895; x_wconf 77' lang='grc' dir='ltr'>καὶ</span> 
     </span>
    </p>
   </div>
   <div class='ocr_carea' id='block_1_19' title="bbox 251 1924 1814 2000">
    <p class='ocr_par' dir='ltr' id='par_1_19' title="bbox 251 1924 1814 2000">
     <span class='ocr_line' id='line_1_19' title="bbox 251 1924 1814 2000; baseline 0.007 -26"><span class='ocrx_word' id='word_1_132' title='bbox 251 1924 452 1992; x_wconf 87' lang='grc' dir='ltr'>χρῆσιν</span> <span class='ocrx_word' id='word_1_133' title='bbox 513 1925 635 1977; x_wconf 76' lang='grc' dir='ltr'>ὅσον</span> <span class='ocrx_word' id='word_1_134' title='bbox 666 1927 848 1992; x_wconf 80' lang='grc' dir='ltr'>τὸτῆς</span> <span class='ocrx_word' id='word_1_135' title='bbox 909 1929 1238 1997; x_wconf 78' lang='grc' dir='ltr'>δεσποτικῆς</span> <span class='ocrx_word' id='word_1_136' title='bbox 1303 1931 1468 2000; x_wconf 76' lang='grc' dir='ltr'>εὐχῆς</span> <span class='ocrx_word' id='word_1_137' title='bbox 1497 1930 1650 1999; x_wconf 70' lang='grc' dir='ltr'>ῦφος,</span> <span class='ocrx_word' id='word_1_138' title='bbox 1719 1933 1814 1986; x_wconf 73' lang='grc' dir='ltr'>καὶ</span> 
     </span>
    </p>
   </div>
   <div class='ocr_carea' id='block_1_20' title="bbox 253 2014 1815 2092">
    <p class='ocr_par' dir='ltr' id='par_1_20' title="bbox 253 2014 1815 2092">
     <span class='ocr_line' id='line_1_20' title="bbox 253 2014 1815 2092; baseline 0.007 -26"><span class='ocrx_word' id='word_1_139' title='bbox 253 2014 593 2085; x_wconf 83' lang='grc' dir='ltr'>ἀπέστησαν.</span> <span class='ocrx_word' id='word_1_140' title='bbox 639 2017 695 2070; x_wconf 88' lang='lat'><strong>&#39;0</strong></span> <span class='ocrx_word' id='word_1_141' title='bbox 717 2018 773 2070; x_wconf 82' lang='grc' dir='ltr'><strong>δὲ</strong></span> <span class='ocrx_word' id='word_1_142' title='bbox 800 2019 878 2082; x_wconf 81' lang='grc' dir='ltr'><strong>είς</strong></span> <span class='ocrx_word' id='word_1_143' title='bbox 904 2019 1095 2092; x_wconf 75' lang='grc' dir='ltr'>ἑαυτὸν</span> <span class='ocrx_word' id='word_1_144' title='bbox 1147 2020 1337 2085; x_wconf 72' lang='grc' dir='ltr'>ἐλθὼν,</span> <span class='ocrx_word' id='word_1_145' title='bbox 1395 2022 1514 2076; x_wconf 72' lang='grc' dir='ltr'>οὐδὲ</span> <span class='ocrx_word' id='word_1_146' title='bbox 1542 2023 1651 2092; x_wconf 81' lang='grc' dir='ltr'><strong>γάρ</strong></span> <span class='ocrx_word' id='word_1_147' title='bbox 1681 2025 1815 2077; x_wconf 86' lang='grc' dir='ltr'>καθ-</span> 
     </span>
    </p>
   </div>
   <div class='ocr_carea' id='block_1_21' title="bbox 253 2091 1817 2184">
    <p class='ocr_par' dir='ltr' id='par_1_21' title="bbox 253 2091 1817 2184">
     <span class='ocr_line' id='line_1_21' title="bbox 253 2091 1817 2184; baseline 0.006 -27"><span class='ocrx_word' id='word_1_148' title='bbox 253 2103 426 2157; x_wconf 77' lang='grc' dir='ltr'>εύδων</span> <span class='ocrx_word' id='word_1_149' title='bbox 481 2108 744 2177; x_wconf 80' lang='grc' dir='ltr'><strong>ὑπῆρχεν,</strong></span> <span class='ocrx_word' id='word_1_150' title='bbox 798 2091 1169 2179; x_wconf 63' lang='grc' dir='ltr'>ἰφιλοτίμείτο</span> <span class='ocrx_word' id='word_1_151' title='bbox 1237 2112 1371 2181; x_wconf 81' lang='grc' dir='ltr'>πρὸς</span> <span class='ocrx_word' id='word_1_152' title='bbox 1409 2111 1470 2164; x_wconf 82' lang='grc' dir='ltr'>τὺ</span> <span class='ocrx_word' id='word_1_153' title='bbox 1525 2091 1696 2184; x_wconf 83' lang='grc' dir='ltr'>παρὸν</span> <span class='ocrx_word' id='word_1_154' title='bbox 1722 2114 1817 2166; x_wconf 73' lang='grc' dir='ltr'>ἐπὶ</span> 
     </span>
    </p>
   </div>
   <div class='ocr_carea' id='block_1_22' title="bbox 251 2195 1817 2275">
    <p class='ocr_par' dir='ltr' id='par_1_22' title="bbox 251 2195 1817 2275">
     <span class='ocr_line' id='line_1_22' title="bbox 251 2195 1817 2275; baseline 0.008 -28"><span class='ocrx_word' id='word_1_155' title='bbox 251 2195 333 2264; x_wconf 82' lang='grc' dir='ltr'>τῷ</span> <span class='ocrx_word' id='word_1_156' title='bbox 367 2196 614 2270; x_wconf 79' lang='grc' dir='ltr'>ἀκαίρως</span> <span class='ocrx_word' id='word_1_157' title='bbox 648 2200 895 2267; x_wconf 81' lang='grc' dir='ltr'>φανέντι,</span> <span class='ocrx_word' id='word_1_158' title='bbox 935 2201 1028 2254; x_wconf 72' lang='grc' dir='ltr'>καὶ</span> <span class='ocrx_word' id='word_1_159' title='bbox 1060 2202 1158 2272; x_wconf 82' lang='grc' dir='ltr'>τὴν</span> <span class='ocrx_word' id='word_1_160' title='bbox 1192 2203 1388 2273; x_wconf 81' lang='grc' dir='ltr'>χρῆσιν</span> <span class='ocrx_word' id='word_1_161' title='bbox 1428 2203 1520 2258; x_wconf 69' lang='grc' dir='ltr'><strong>ἐπὶ</strong></span> <span class='ocrx_word' id='word_1_162' title='bbox 1550 2205 1817 2275; x_wconf 86' lang='grc' dir='ltr'>στόματος</span> 
     </span>
    </p>
   </div>
   <div class='ocr_carea' id='block_1_23' title="bbox 253 2278 1817 2361">
    <p class='ocr_par' dir='ltr' id='par_1_23' title="bbox 253 2278 1817 2361">
     <span class='ocr_line' id='line_1_23' title="bbox 253 2278 1817 2361; baseline 0.01 -26"><span class='ocrx_word' id='word_1_163' title='bbox 253 2278 425 2353; x_wconf 77' lang='grc' dir='ltr'>εἶχεν,</span> <span class='ocrx_word' id='word_1_164' title='bbox 457 2286 552 2355; x_wconf 77' lang='grc' dir='ltr'><strong>τὴν</strong></span> <span class='ocrx_word' id='word_1_165' title='bbox 579 2287 635 2341; x_wconf 72' lang='grc' dir='ltr'>δι</span> <span class='ocrx_word' id='word_1_166' title='bbox 669 2287 882 2342; x_wconf 78' lang='grc' dir='ltr'>ἔννοιαν</span> <span class='ocrx_word' id='word_1_167' title='bbox 909 2289 1082 2360; x_wconf 79' lang='grc' dir='ltr'>αὐτῆς</span> <span class='ocrx_word' id='word_1_168' title='bbox 1111 2292 1210 2344; x_wconf 78' lang='grc' dir='ltr'>οὐκ</span> <span class='ocrx_word' id='word_1_169' title='bbox 1238 2292 1466 2361; x_wconf 79' lang='grc' dir='ltr'>ἡρεύνα,</span> <span class='ocrx_word' id='word_1_170' title='bbox 1512 2296 1606 2346; x_wconf 79' lang='grc' dir='ltr'>καὶ</span> <span class='ocrx_word' id='word_1_171' title='bbox 1647 2293 1817 2350; x_wconf 80' lang='grc' dir='ltr'>ταῦτα</span> 
     </span>
    </p>
   </div>
   <div class='ocr_carea' id='block_1_24' title="bbox 252 2374 1819 2452">
    <p class='ocr_par' dir='ltr' id='par_1_24' title="bbox 252 2374 1819 2452">
     <span class='ocr_line' id='line_1_24' title="bbox 252 2374 1819 2452; baseline 0.008 -28"><span class='ocrx_word' id='word_1_172' title='bbox 252 2374 324 2425; x_wconf 82' lang='grc' dir='ltr'><strong>δι’</strong></span> <span class='ocrx_word' id='word_1_173' title='bbox 353 2375 475 2428; x_wconf 84' lang='grc' dir='ltr'>ὅλου</span> <span class='ocrx_word' id='word_1_174' title='bbox 531 2377 625 2430; x_wconf 88' lang='grc' dir='ltr'><strong>τοῦ</strong></span> <span class='ocrx_word' id='word_1_175' title='bbox 671 2377 867 2447; x_wconf 81' lang='grc' dir='ltr'>δρθρου</span> <span class='ocrx_word' id='word_1_176' title='bbox 896 2379 990 2433; x_wconf 77' lang='grc' dir='ltr'>καὶ</span> <span class='ocrx_word' id='word_1_177' title='bbox 1037 2380 1141 2444; x_wconf 72' lang='grc' dir='ltr'><strong>ἕως</strong></span> <span class='ocrx_word' id='word_1_178' title='bbox 1182 2383 1418 2451; x_wconf 76' lang='grc' dir='ltr'>πρωτας.</span> <span class='ocrx_word' id='word_1_179' title='bbox 1472 2385 1613 2452; x_wconf 73' lang='grc' dir='ltr'>Πρδς</span> <span class='ocrx_word' id='word_1_180' title='bbox 1673 2384 1819 2438; x_wconf 81' lang='grc' dir='ltr'>δὲτὸ</span> 
     </span>
    </p>
   </div>
   <div class='ocr_carea' id='block_1_25' title="bbox 253 2465 1816 2545">
    <p class='ocr_par' dir='ltr' id='par_1_25' title="bbox 253 2465 1816 2545">
     <span class='ocr_line' id='line_1_25' title="bbox 253 2465 1816 2545; baseline 0.006 -27"><span class='ocrx_word' id='word_1_181' title='bbox 253 2465 576 2536; x_wconf 78' lang='grc' dir='ltr'>διάφαυσμα</span> <span class='ocrx_word' id='word_1_182' title='bbox 605 2468 831 2537; x_wconf 67' lang='grc' dir='ltr'>ἡσυχίαν</span> <span class='ocrx_word' id='word_1_183' title='bbox 863 2468 1010 2536; x_wconf 77' lang='grc' dir='ltr'>ἄγων</span> <span class='ocrx_word' id='word_1_184' title='bbox 1034 2468 1272 2538; x_wconf 81' lang='grc' dir='ltr'>βαθεῖαν,</span> <span class='ocrx_word' id='word_1_185' title='bbox 1303 2474 1395 2525; x_wconf 80' lang='grc' dir='ltr'>καὶ</span> <span class='ocrx_word' id='word_1_186' title='bbox 1432 2474 1637 2540; x_wconf 82' lang='grc' dir='ltr'>μέλλων</span> <span class='ocrx_word' id='word_1_187' title='bbox 1661 2477 1816 2545; x_wconf 73' lang='grc' dir='ltr'>ὲρευο</span> 
     </span>
    </p>
   </div>
   <div class='ocr_carea' id='block_1_26' title="bbox 257 2556 1816 2635">
    <p class='ocr_par' dir='ltr' id='par_1_26' title="bbox 257 2556 1816 2635">
     <span class='ocr_line' id='line_1_26' title="bbox 257 2556 1816 2635; baseline 0.005 -24"><span class='ocrx_word' id='word_1_188' title='bbox 257 2557 421 2626; x_wconf 80' lang='grc' dir='ltr'>νῆσαι</span> <span class='ocrx_word' id='word_1_189' title='bbox 447 2557 506 2611; x_wconf 81' lang='grc' dir='ltr'><strong>τὸ</strong></span> <span class='ocrx_word' id='word_1_190' title='bbox 530 2558 630 2627; x_wconf 82' lang='grc' dir='ltr'><strong>τῆς</strong></span> <span class='ocrx_word' id='word_1_191' title='bbox 677 2560 1072 2631; x_wconf 73' lang='grc' dir='ltr'>ἀποκαλύψεως</span> <span class='ocrx_word' id='word_1_192' title='bbox 1129 2561 1310 2632; x_wconf 83' lang='grc' dir='ltr'><strong>βάθος,</strong></span> <span class='ocrx_word' id='word_1_193' title='bbox 1353 2556 1476 2633; x_wconf 74' lang='grc' dir='ltr'>εὗρε</span> <span class='ocrx_word' id='word_1_194' title='bbox 1509 2567 1567 2617; x_wconf 74' lang='grc' dir='ltr'>τὸ</span> <span class='ocrx_word' id='word_1_195' title='bbox 1601 2567 1816 2635; x_wconf 70' lang='grc' dir='ltr'>νομιζό-</span> 
     </span>
    </p>
   </div>
   <div class='ocr_carea' id='block_1_27' title="bbox 261 2648 1818 2724">
    <p class='ocr_par' dir='ltr' id='par_1_27' title="bbox 261 2648 1818 2724">
     <span class='ocr_line' id='line_1_27' title="bbox 261 2648 1818 2724; baseline 0.006 -24"><span class='ocrx_word' id='word_1_196' title='bbox 261 2664 423 2716; x_wconf 87' lang='grc' dir='ltr'>μενον</span> <span class='ocrx_word' id='word_1_197' title='bbox 482 2648 606 2718; x_wconf 86' lang='grc' dir='ltr'>μέλι</span> <span class='ocrx_word' id='word_1_198' title='bbox 665 2651 994 2720; x_wconf 83' lang='grc' dir='ltr'>πικρότερον</span> <span class='ocrx_word' id='word_1_199' title='bbox 1022 2651 1293 2720; x_wconf 60' lang='grc' dir='ltr'><strong>ἀψινθίου⁸</strong></span> <span class='ocrx_word' id='word_1_200' title='bbox 1333 2655 1425 2706; x_wconf 78' lang='grc' dir='ltr'><strong>καὶ</strong></span> <span class='ocrx_word' id='word_1_201' title='bbox 1450 2654 1548 2724; x_wconf 80' lang='grc' dir='ltr'>τὴν</span> <span class='ocrx_word' id='word_1_202' title='bbox 1581 2672 1818 2724; x_wconf 77' lang='grc' dir='ltr'>κρυπτο-</span> 
     </span>
    </p>
   </div>
   <div class='ocr_carea' id='block_1_28' title="bbox 260 2739 1815 2815">
    <p class='ocr_par' dir='ltr' id='par_1_28' title="bbox 260 2739 1815 2815">
     <span class='ocr_line' id='line_1_28' title="bbox 260 2739 1815 2815; baseline 0.005 -23"><span class='ocrx_word' id='word_1_203' title='bbox 260 2739 432 2808; x_wconf 86' lang='grc' dir='ltr'>μένην</span> <span class='ocrx_word' id='word_1_204' title='bbox 452 2739 764 2807; x_wconf 54' lang='grc' dir='ltr'>θεολογίαν,</span> <span class='ocrx_word' id='word_1_205' title='bbox 795 2741 1074 2811; x_wconf 76' lang='grc' dir='ltr'>προδήλως</span> <span class='ocrx_word' id='word_1_206' title='bbox 1092 2741 1302 2813; x_wconf 76' lang='grc' dir='ltr'>αἵρεσιν</span> <span class='ocrx_word' id='word_1_207' title='bbox 1326 2743 1654 2815; x_wconf 83' lang='grc' dir='ltr'>δεινοτάτην.</span> <span class='ocrx_word' id='word_1_208' title='bbox 1685 2748 1815 2800; x_wconf 80' lang='grc' dir='ltr'>Τότε</span> 
     </span>
    </p>
   </div>
   <div class='ocr_carea' id='block_1_29' title="bbox 253 2827 1817 2906">
    <p class='ocr_par' dir='ltr' id='par_1_29' title="bbox 253 2827 1817 2906">
     <span class='ocr_line' id='line_1_29' title="bbox 253 2827 1817 2906; baseline 0.007 -24"><span class='ocrx_word' id='word_1_209' title='bbox 253 2831 285 2882; x_wconf 82' lang='grc' dir='ltr'>ὁ</span> <span class='ocrx_word' id='word_1_210' title='bbox 314 2827 538 2893; x_wconf 79' lang='grc' dir='ltr'>ὀξύνους</span> <span class='ocrx_word' id='word_1_211' title='bbox 570 2831 778 2893; x_wconf 70' lang='grc' dir='ltr'>ἐκεῖνος</span> <span class='ocrx_word' id='word_1_212' title='bbox 803 2831 967 2902; x_wconf 77' lang='grc' dir='ltr'>ἀνὴρ,</span> <span class='ocrx_word' id='word_1_213' title='bbox 1004 2833 1098 2884; x_wconf 78' lang='grc' dir='ltr'><strong>καὶ</strong></span> <span class='ocrx_word' id='word_1_214' title='bbox 1124 2833 1294 2903; x_wconf 82' lang='grc' dir='ltr'>ταχὺς</span> <span class='ocrx_word' id='word_1_215' title='bbox 1322 2834 1398 2897; x_wconf 82' lang='grc' dir='ltr'><strong>είς</strong></span> <span class='ocrx_word' id='word_1_216' title='bbox 1434 2835 1493 2887; x_wconf 85' lang='grc' dir='ltr'><strong>τὸ</strong></span> <span class='ocrx_word' id='word_1_217' title='bbox 1546 2837 1817 2906; x_wconf 78' lang='grc' dir='ltr'>διακρῖναι</span> 
     </span>
    </p>
   </div>
   <div class='ocr_carea' id='block_1_30' title="bbox 256 2919 1818 2997">
    <p class='ocr_par' dir='ltr' id='par_1_30' title="bbox 256 2919 1818 2997">
     <span class='ocr_line' id='line_1_30' title="bbox 256 2919 1818 2997; baseline 0.005 -26"><span class='ocrx_word' id='word_1_218' title='bbox 256 2919 318 2971; x_wconf 80' lang='grc' dir='ltr'>τὸ</span> <span class='ocrx_word' id='word_1_219' title='bbox 349 2919 591 2990; x_wconf 81' lang='grc' dir='ltr'>καθαρὸν</span> <span class='ocrx_word' id='word_1_220' title='bbox 611 2921 720 2973; x_wconf 75' lang='grc' dir='ltr'><strong>άπὸ</strong></span> <span class='ocrx_word' id='word_1_221' title='bbox 749 2921 842 2974; x_wconf 85' lang='grc' dir='ltr'><strong>τοῦ</strong></span> <span class='ocrx_word' id='word_1_222' title='bbox 875 2922 1149 2992; x_wconf 84' lang='grc' dir='ltr'>κιϐδήλου,</span> <span class='ocrx_word' id='word_1_223' title='bbox 1183 2923 1514 2993; x_wconf 79' lang='grc' dir='ltr'>καταμαθὼν</span> <span class='ocrx_word' id='word_1_224' title='bbox 1545 2926 1637 2979; x_wconf 80' lang='grc' dir='ltr'><strong>τὸν</strong></span> <span class='ocrx_word' id='word_1_225' title='bbox 1673 2944 1818 2997; x_wconf 87' lang='grc' dir='ltr'>παμ-</span> 
     </span>
    </p>
   </div>
   <div class='ocr_carea' id='block_1_31' title="bbox 260 3007 1817 3084">
    <p class='ocr_par' dir='ltr' id='par_1_31' title="bbox 260 3007 1817 3084">
     <span class='ocr_line' id='line_1_31' title="bbox 260 3007 1817 3084; baseline 0.003 -22"><span class='ocrx_word' id='word_1_226' title='bbox 260 3007 519 3076; x_wconf 70' lang='grc' dir='ltr'>μὲγιστον</span> <span class='ocrx_word' id='word_1_227' title='bbox 574 3007 722 3060; x_wconf 80' lang='grc' dir='ltr'>δόλον</span> <span class='ocrx_word' id='word_1_228' title='bbox 785 3008 894 3062; x_wconf 88' lang='grc' dir='ltr'><strong>τῶν</strong></span> <span class='ocrx_word' id='word_1_229' title='bbox 941 3010 1145 3079; x_wconf 83' lang='grc' dir='ltr'>νοητῶν</span> <span class='ocrx_word' id='word_1_230' title='bbox 1204 3010 1496 3080; x_wconf 78' lang='grc' dir='ltr'>πολεμίων,</span> <span class='ocrx_word' id='word_1_231' title='bbox 1563 3013 1656 3066; x_wconf 74' lang='grc' dir='ltr'><strong>καὶ</strong></span> <span class='ocrx_word' id='word_1_232' title='bbox 1719 3015 1817 3084; x_wconf 81' lang='grc' dir='ltr'>τὴν</span> 
     </span>
    </p>
   </div>
   <div class='ocr_carea' id='block_1_32' title="bbox 256 3097 1882 3179">
    <p class='ocr_par' dir='ltr' id='par_1_32' title="bbox 256 3097 1882 3179">
     <span class='ocr_line' id='line_1_32' title="bbox 256 3097 1882 3179; baseline 0.004 -28"><span class='ocrx_word' id='word_1_233' title='bbox 256 3097 535 3167; x_wconf 69' lang='grc' dir='ltr'>ἄφραστον</span> <span class='ocrx_word' id='word_1_234' title='bbox 587 3101 922 3168; x_wconf 80' lang='grc' dir='ltr'>πανουργίαν</span> <span class='ocrx_word' id='word_1_235' title='bbox 983 3099 1219 3170; x_wconf 78' lang='grc' dir='ltr'>ἐκείνην,</span> <span class='ocrx_word' id='word_1_236' title='bbox 1252 3101 1576 3172; x_wconf 80' lang='grc' dir='ltr'>προστρέχει</span> <span class='ocrx_word' id='word_1_237' title='bbox 1604 3105 1671 3174; x_wconf 84' lang='grc' dir='ltr'>τῇ</span> <span class='ocrx_word' id='word_1_238' title='bbox 1720 3104 1811 3157; x_wconf 90' lang='grc' dir='ltr'><strong>τοῦ</strong></span> <span class='ocrx_word' id='word_1_239' title='bbox 1840 3125 1882 3179; x_wconf 76' lang='lat' dir='ltr'>c</span> 
     </span>
    </p>
   </div>
   <div class='ocr_carea' id='block_1_33' title="bbox 257 3186 1813 3262">
    <p class='ocr_par' dir='ltr' id='par_1_33' title="bbox 257 3186 1813 3262">
     <span class='ocr_line' id='line_1_33' title="bbox 257 3186 1813 3262; baseline 0.006 -23"><span class='ocrx_word' id='word_1_240' title='bbox 257 3186 510 3259; x_wconf 77' lang='grc' dir='ltr'>Σωτῆρος</span> <span class='ocrx_word' id='word_1_241' title='bbox 568 3193 892 3258; x_wconf 80' lang='grc' dir='ltr'>σταυρώσει,</span> <span class='ocrx_word' id='word_1_242' title='bbox 922 3190 1098 3259; x_wconf 80' lang='grc' dir='ltr'>ῥίπτει</span> <span class='ocrx_word' id='word_1_243' title='bbox 1129 3192 1316 3245; x_wconf 76' lang='grc' dir='ltr'>ἑαυτὸν</span> <span class='ocrx_word' id='word_1_244' title='bbox 1343 3191 1430 3246; x_wconf 67' lang='grc' dir='ltr'><strong>ἐπ’</strong></span> <span class='ocrx_word' id='word_1_245' title='bbox 1462 3191 1715 3262; x_wconf 72' lang='grc' dir='ltr'>ἐδάφους,</span> <span class='ocrx_word' id='word_1_246' title='bbox 1755 3197 1813 3248; x_wconf 80' lang='grc' dir='ltr'>ὲν</span> 
     </span>
    </p>
   </div>
   <div class='ocr_carea' id='block_1_34' title="bbox 259 3277 1813 3351">
    <p class='ocr_par' dir='ltr' id='par_1_34' title="bbox 259 3277 1813 3351">
     <span class='ocr_line' id='line_1_34' title="bbox 259 3277 1813 3351; baseline 0.008 -23"><span class='ocrx_word' id='word_1_247' title='bbox 259 3277 700 3349; x_wconf 63' lang='grc' dir='ltr'>συντετριμμένης]</span> <span class='ocrx_word' id='word_1_248' title='bbox 729 3279 819 3330; x_wconf 82' lang='grc' dir='ltr'>καὶ</span> <span class='ocrx_word' id='word_1_249' title='bbox 843 3283 1074 3350; x_wconf 75' lang='grc' dir='ltr'><strong>¹ταπεινῇ</strong></span> <span class='ocrx_word' id='word_1_250' title='bbox 1098 3282 1164 3351; x_wconf 81' lang='grc' dir='ltr'>τῇ</span> <span class='ocrx_word' id='word_1_251' title='bbox 1193 3280 1386 3351; x_wconf 76' lang='grc' dir='ltr'>καρδία</span> <span class='ocrx_word' id='word_1_252' title='bbox 1408 3283 1640 3338; x_wconf 82' lang='grc' dir='ltr'>αἰτεῖται</span> <span class='ocrx_word' id='word_1_253' title='bbox 1669 3285 1813 3341; x_wconf 75' lang='grc' dir='ltr'>άπάο</span> 
     </span>
    </p>
   </div>
   <div class='ocr_carea' id='block_1_35' title="bbox 256 3365 1813 3444">
    <p class='ocr_par' dir='ltr' id='par_1_35' title="bbox 256 3365 1813 3444">
     <span class='ocr_line' id='line_1_35' title="bbox 256 3365 1813 3444; baseline 0.004 -24"><span class='ocrx_word' id='word_1_254' title='bbox 256 3365 435 3437; x_wconf 76' lang='grc' dir='ltr'>λειψιν</span> <span class='ocrx_word' id='word_1_255' title='bbox 466 3368 528 3420; x_wconf 79' lang='grc' dir='ltr'>ὲκ</span> <span class='ocrx_word' id='word_1_256' title='bbox 557 3369 786 3436; x_wconf 84' lang='grc' dir='ltr'>καρδίας</span> <span class='ocrx_word' id='word_1_257' title='bbox 843 3370 942 3438; x_wconf 84' lang='grc' dir='ltr'>τῆς</span> <span class='ocrx_word' id='word_1_258' title='bbox 1002 3373 1244 3440; x_wconf 76' lang='grc' dir='ltr'>πονηρᾶς</span> <span class='ocrx_word' id='word_1_259' title='bbox 1289 3373 1501 3443; x_wconf 75' lang='grc' dir='ltr'>ἐκείνης</span> <span class='ocrx_word' id='word_1_260' title='bbox 1531 3375 1813 3444; x_wconf 65' lang='grc' dir='ltr'>ἐγγραφῆς</span> 
     </span>
    </p>
   </div>
   <div class='ocr_carea' id='block_1_36' title="bbox 257 3454 1816 3531">
    <p class='ocr_par' dir='ltr' id='par_1_36' title="bbox 257 3454 1816 3531">
     <span class='ocr_line' id='line_1_36' title="bbox 257 3454 1816 3531; baseline 0.003 -19"><span class='ocrx_word' id='word_1_261' title='bbox 257 3457 355 3512; x_wconf 70' lang='grc' dir='ltr'>καὶ</span> <span class='ocrx_word' id='word_1_262' title='bbox 385 3457 640 3528; x_wconf 70' lang='grc' dir='ltr'>βεϐήλου,</span> <span class='ocrx_word' id='word_1_263' title='bbox 670 3454 736 3529; x_wconf 80' lang='grc' dir='ltr'>ἧς</span> <span class='ocrx_word' id='word_1_264' title='bbox 763 3460 856 3511; x_wconf 89' lang='grc' dir='ltr'><strong>καὶ</strong></span> <span class='ocrx_word' id='word_1_265' title='bbox 881 3459 1145 3528; x_wconf 82' lang='grc' dir='ltr'>τετύχηκε</span> <span class='ocrx_word' id='word_1_266' title='bbox 1163 3463 1525 3531; x_wconf 81' lang='grc' dir='ltr'>παραχρῆμα.</span> <span class='ocrx_word' id='word_1_267' title='bbox 1555 3463 1816 3530; x_wconf 70' lang='grc' dir='ltr'>’Δναστᾶς</span> 
     </span>
    </p>
   </div>
   <div class='ocr_carea' id='block_1_37' title="bbox 255 3531 1811 3623">
    <p class='ocr_par' dir='ltr' id='par_1_37' title="bbox 255 3531 1811 3623">
     <span class='ocr_line' id='line_1_37' title="bbox 255 3531 1811 3623; baseline 0.003 -22"><span class='ocrx_word' id='word_1_268' title='bbox 255 3531 365 3619; x_wconf 79' lang='grc' dir='ltr'><strong>γάρ</strong></span> <span class='ocrx_word' id='word_1_269' title='bbox 394 3546 490 3600; x_wconf 84' lang='grc' dir='ltr'><strong>τοῦ</strong></span> <span class='ocrx_word' id='word_1_270' title='bbox 517 3547 684 3614; x_wconf 83' lang='grc' dir='ltr'>τόπου</span> <span class='ocrx_word' id='word_1_271' title='bbox 712 3548 943 3611; x_wconf 66' lang='grc' dir='ltr'>ἐκείνου,</span> <span class='ocrx_word' id='word_1_272' title='bbox 980 3548 1233 3618; x_wconf 82' lang='grc' dir='ltr'><strong>οὐδαμῶς</strong></span> <span class='ocrx_word' id='word_1_273' title='bbox 1257 3551 1377 3605; x_wconf 77' lang='grc' dir='ltr'>οὐδέ</span> <span class='ocrx_word' id='word_1_274' title='bbox 1408 3567 1538 3604; x_wconf 85' lang='grc' dir='ltr'>ποτε</span> <span class='ocrx_word' id='word_1_275' title='bbox 1574 3552 1811 3623; x_wconf 75' lang='grc' dir='ltr'>ἠδυνήθη</span> 
     </span>
    </p>
   </div>
   <div class='ocr_carea' id='block_1_38' title="bbox 255 3638 1815 3714">
    <p class='ocr_par' dir='ltr' id='par_1_38' title="bbox 255 3638 1815 3714">
     <span class='ocr_line' id='line_1_38' title="bbox 255 3638 1815 3714; baseline 0.004 -23"><span class='ocrx_word' id='word_1_276' title='bbox 255 3639 350 3692; x_wconf 73' lang='grc' dir='ltr'><strong>ἀπ’</strong></span> <span class='ocrx_word' id='word_1_277' title='bbox 408 3638 630 3709; x_wconf 79' lang='grc' dir='ltr'>ικείνης</span> <span class='ocrx_word' id='word_1_278' title='bbox 680 3641 777 3709; x_wconf 84' lang='grc' dir='ltr'>τῆς</span> <span class='ocrx_word' id='word_1_279' title='bbox 823 3639 972 3709; x_wconf 77' lang='grc' dir='ltr'>ὧρας</span> <span class='ocrx_word' id='word_1_280' title='bbox 1009 3641 1207 3706; x_wconf 73' lang='grc' dir='ltr'>εἰπεῖν,</span> <span class='ocrx_word' id='word_1_281' title='bbox 1236 3641 1268 3710; x_wconf 77' lang='grc' dir='ltr'><strong>ἢ</strong></span> <span class='ocrx_word' id='word_1_282' title='bbox 1301 3642 1406 3696; x_wconf 67' lang='grc' dir='ltr'>κᾶν</span> <span class='ocrx_word' id='word_1_283' title='bbox 1437 3644 1685 3712; x_wconf 70' lang='grc' dir='ltr'>ἐννοῆσαι</span> <span class='ocrx_word' id='word_1_284' title='bbox 1714 3645 1815 3714; x_wconf 83' lang='grc' dir='ltr'>τῆς</span> 
     </span>
    </p>
   </div>
   <div class='ocr_carea' id='block_1_39' title="bbox 259 3730 1813 3804">
    <p class='ocr_par' dir='ltr' id='par_1_39' title="bbox 259 3730 1813 3804">
     <span class='ocr_line' id='line_1_39' title="bbox 259 3730 1813 3804; baseline 0.004 -23"><span class='ocrx_word' id='word_1_285' title='bbox 259 3731 501 3799; x_wconf 73' lang='grc' dir='ltr'>πονηρᾶς</span> <span class='ocrx_word' id='word_1_286' title='bbox 536 3730 751 3799; x_wconf 65' lang='grc' dir='ltr'>ἐκείνης</span> <span class='ocrx_word' id='word_1_287' title='bbox 779 3731 1129 3801; x_wconf 81' lang='grc' dir='ltr'>χρησμῳδίας</span> <span class='ocrx_word' id='word_1_288' title='bbox 1159 3733 1295 3800; x_wconf 83' lang='grc' dir='ltr'>μήτε</span> <span class='ocrx_word' id='word_1_289' title='bbox 1334 3733 1526 3804; x_wconf 78' lang='grc' dir='ltr'>ἀρχὴν,</span> <span class='ocrx_word' id='word_1_290' title='bbox 1557 3735 1692 3802; x_wconf 80' lang='grc' dir='ltr'>μήτε</span> <span class='ocrx_word' id='word_1_291' title='bbox 1727 3735 1813 3787; x_wconf 85' lang='grc' dir='ltr'>τέ-</span> 
     </span>
    </p>
   </div>
   <div class='ocr_carea' id='block_1_40' title="bbox 256 3806 1816 3892">
    <p class='ocr_par' dir='ltr' id='par_1_40' title="bbox 256 3806 1816 3892">
     <span class='ocr_line' id='line_1_40' title="bbox 256 3806 1816 3892; baseline 0.004 -22"><span class='ocrx_word' id='word_1_292' title='bbox 256 3817 365 3881; x_wconf 81' lang='grc' dir='ltr'>λος.</span> <span class='ocrx_word' id='word_1_293' title='bbox 413 3821 633 3873; x_wconf 77' lang='grc' dir='ltr'>Ἀπιισι</span> <span class='ocrx_word' id='word_1_294' title='bbox 652 3820 709 3874; x_wconf 78' lang='grc' dir='ltr'><strong>δὲ</strong></span> <span class='ocrx_word' id='word_1_295' title='bbox 743 3821 838 3873; x_wconf 76' lang='grc' dir='ltr'>καὶ</span> <span class='ocrx_word' id='word_1_296' title='bbox 875 3820 1008 3891; x_wconf 80' lang='grc' dir='ltr'>πρὸς</span> <span class='ocrx_word' id='word_1_297' title='bbox 1063 3823 1156 3873; x_wconf 81' lang='grc' dir='ltr'><strong>τὸν</strong></span> <span class='ocrx_word' id='word_1_298' title='bbox 1193 3822 1367 3890; x_wconf 76' lang='grc' dir='ltr'>μέγαν</span> <span class='ocrx_word' id='word_1_299' title='bbox 1400 3824 1661 3892; x_wconf 71' lang='grc' dir='ltr'>ἐργάτην,</span> <span class='ocrx_word' id='word_1_300' title='bbox 1719 3806 1816 3878; x_wconf 68' lang='grc' dir='ltr'><strong>καῖ</strong></span> 
     </span>
    </p>
   </div>
   <div class='ocr_carea' id='block_1_41' title="bbox 260 3907 1671 3981">
    <p class='ocr_par' dir='ltr' id='par_1_41' title="bbox 260 3907 1671 3981">
     <span class='ocr_line' id='line_1_41' title="bbox 260 3907 1671 3981; baseline 0.004 -19"><span class='ocrx_word' id='word_1_301' title='bbox 260 3907 442 3980; x_wconf 80' lang='grc' dir='ltr'>βάλλει</span> <span class='ocrx_word' id='word_1_302' title='bbox 466 3909 616 3981; x_wconf 79' lang='grc' dir='ltr'>αὐτῷ</span> <span class='ocrx_word' id='word_1_303' title='bbox 656 3910 964 3980; x_wconf 77' lang='grc' dir='ltr'>μετάνοιαν,</span> <span class='ocrx_word' id='word_1_304' title='bbox 990 3911 1349 3978; x_wconf 80' lang='grc' dir='ltr'>ἀπαγγέλλων</span> <span class='ocrx_word' id='word_1_305' title='bbox 1373 3912 1442 3964; x_wconf 72' lang='grc' dir='ltr'>τὰ</span> <span class='ocrx_word' id='word_1_306' title='bbox 1473 3913 1671 3968; x_wconf 73' lang='grc' dir='ltr'>πάντα.</span> 
     </span>
    </p>
   </div>
   <div class='ocr_carea' id='block_1_42' title="bbox 333 4166 1814 4244">
    <p class='ocr_par' dir='ltr' id='par_1_42' title="bbox 333 4166 1814 4244">
     <span class='ocr_line' id='line_1_42' title="bbox 333 4166 1814 4244; baseline 0 -26"><span class='ocrx_word' id='word_1_307' title='bbox 333 4174 423 4233; x_wconf 87' lang='grc' dir='ltr'>ιγ’.</span> <span class='ocrx_word' id='word_1_308' title='bbox 463 4166 528 4220; x_wconf 73' lang='grc' dir='ltr'>ὐ</span> <span class='ocrx_word' id='word_1_309' title='bbox 562 4166 618 4219; x_wconf 70' lang='grc' dir='ltr'><strong>δὲ</strong></span> <span class='ocrx_word' id='word_1_310' title='bbox 646 4167 822 4236; x_wconf 72' lang='grc' dir='ltr'>γέρων</span> <span class='ocrx_word' id='word_1_311' title='bbox 865 4168 1137 4238; x_wconf 69' lang='grc' dir='ltr'>μειδιῶντι</span> <span class='ocrx_word' id='word_1_312' title='bbox 1173 4168 1249 4238; x_wconf 82' lang='grc' dir='ltr'>τῷ</span> <span class='ocrx_word' id='word_1_313' title='bbox 1316 4171 1593 4240; x_wconf 84' lang='grc' dir='ltr'>προσώπῳ</span> <span class='ocrx_word' id='word_1_314' title='bbox 1648 4173 1814 4244; x_wconf 81' lang='grc' dir='ltr'><strong>ὲκρά..</strong></span> 
     </span>
    </p>
   </div>
   <div class='ocr_carea' id='block_1_43' title="bbox 258 4256 1814 4330">
    <p class='ocr_par' dir='ltr' id='par_1_43' title="bbox 258 4256 1814 4330">
     <span class='ocr_line' id='line_1_43' title="bbox 258 4256 1814 4330; baseline 0.003 -20"><span class='ocrx_word' id='word_1_315' title='bbox 258 4273 420 4326; x_wconf 84' lang='grc' dir='ltr'>τησεν</span> <span class='ocrx_word' id='word_1_316' title='bbox 485 4257 649 4309; x_wconf 78' lang='grc' dir='ltr'>αὐτὸν</span> <span class='ocrx_word' id='word_1_317' title='bbox 708 4258 810 4326; x_wconf 82' lang='grc' dir='ltr'><strong>τῆς</strong></span> <span class='ocrx_word' id='word_1_318' title='bbox 860 4258 1039 4327; x_wconf 80' lang='grc' dir='ltr'>χειρὸς</span> <span class='ocrx_word' id='word_1_319' title='bbox 1087 4259 1180 4311; x_wconf 79' lang='grc' dir='ltr'>καὶ</span> <span class='ocrx_word' id='word_1_320' title='bbox 1213 4256 1405 4312; x_wconf 77' lang='grc' dir='ltr'>εἶπεν·</span> <span class='ocrx_word' id='word_1_321' title='bbox 1448 4257 1814 4330; x_wconf 76' lang='grc' dir='ltr'>Ἀνδρίζου,ὧ</span> 
     </span>
    </p>
   </div>
   <div class='ocr_carea' id='block_1_44' title="bbox 259 4347 1814 4421">
    <p class='ocr_par' dir='ltr' id='par_1_44' title="bbox 259 4347 1814 4421">
     <span class='ocr_line' id='line_1_44' title="bbox 259 4347 1814 4421; baseline 0.003 -20"><span class='ocrx_word' id='word_1_322' title='bbox 259 4349 465 4408; x_wconf 77' lang='grc' dir='ltr'>τέκνον,</span> <span class='ocrx_word' id='word_1_323' title='bbox 491 4347 740 4417; x_wconf 76' lang='grc' dir='ltr'>ἁνδρίζου</span> <span class='ocrx_word' id='word_1_324' title='bbox 760 4350 851 4403; x_wconf 72' lang='grc' dir='ltr'><strong>καὶ</strong></span> <span class='ocrx_word' id='word_1_325' title='bbox 887 4350 1318 4419; x_wconf 76' lang='grc' dir='ltr'>κραταιούσθωὴ</span> <span class='ocrx_word' id='word_1_326' title='bbox 1350 4351 1542 4421; x_wconf 78' lang='grc' dir='ltr'>καρδία</span> <span class='ocrx_word' id='word_1_327' title='bbox 1573 4368 1687 4416; x_wconf 92' lang='grc' dir='ltr'>σου,</span> <span class='ocrx_word' id='word_1_328' title='bbox 1722 4355 1814 4405; x_wconf 71' lang='grc' dir='ltr'><strong>καὶ</strong></span> 
     </span>
    </p>
   </div>
   <div class='ocr_carea' id='block_1_45' title="bbox 1842 1791 1890 1850">
    <p class='ocr_par' dir='ltr' id='par_1_45' title="bbox 1842 1791 1890 1850">
     <span class='ocr_line' id='line_1_45' title="bbox 1842 1791 1890 1850; baseline 0 0"><span class='ocrx_word' id='word_1_329' title='bbox 1842 1791 1890 1850; x_wconf 89' lang='grc' dir='ltr'><strong>Β</strong></span> 
     </span>
    </p>
   </div>
   <div class='ocr_carea' id='block_1_46' title="bbox 1923 565 3484 654">
    <p class='ocr_par' dir='ltr' id='par_1_46' title="bbox 1923 565 3484 654">
     <span class='ocr_line' id='line_1_46' title="bbox 1923 565 3484 654; baseline 0.015 -36"><span class='ocrx_word' id='word_1_330' title='bbox 1923 565 2274 636; x_wconf 88' lang='lat' dir='ltr'><strong>contulisset,</strong></span> <span class='ocrx_word' id='word_1_331' title='bbox 2300 569 2466 623; x_wconf 89' lang='lat' dir='ltr'><strong>subiit</strong></span> <span class='ocrx_word' id='word_1_332' title='bbox 2519 579 2753 626; x_wconf 90' lang='lat' dir='ltr'><strong>mentem</strong></span> <span class='ocrx_word' id='word_1_333' title='bbox 2809 574 2954 630; x_wconf 91' lang='lat' dir='ltr'><strong>illius</strong></span> <span class='ocrx_word' id='word_1_334' title='bbox 3017 581 3296 650; x_wconf 75' lang='lat' dir='ltr'><strong>cogitatio,</strong></span> <span class='ocrx_word' id='word_1_335' title='bbox 3356 601 3484 654; x_wconf 66' lang='lat' dir='ltr'><strong>quae</strong></span> 
     </span>
    </p>
   </div>
   <div class='ocr_carea' id='block_1_47' title="bbox 1923 654 3481 734">
    <p class='ocr_par' dir='ltr' id='par_1_47' title="bbox 1923 654 3481 734">
     <span class='ocr_line' id='line_1_47' title="bbox 1923 654 3481 734; baseline 0.017 -28"><span class='ocrx_word' id='word_1_336' title='bbox 1923 654 2071 707; x_wconf 90' lang='lat' dir='ltr'><strong>illum</strong></span> <span class='ocrx_word' id='word_1_337' title='bbox 2138 657 2378 711; x_wconf 92' lang='lat' dir='ltr'><strong>turbavit</strong></span> <span class='ocrx_word' id='word_1_338' title='bbox 2439 660 2701 731; x_wconf 89' lang='lat' dir='ltr'><strong>illumque</strong></span> <span class='ocrx_word' id='word_1_339' title='bbox 2739 666 3006 720; x_wconf 77' lang='lat' dir='ltr'><strong>vexavit:</strong></span> <span class='ocrx_word' id='word_1_340' title='bbox 3064 687 3190 724; x_wconf 92' lang='lat' dir='ltr'><strong>num</strong></span> <span class='ocrx_word' id='word_1_341' title='bbox 3247 675 3481 734; x_wconf 76' lang='lat' dir='ltr'><strong>fortasse</strong></span> 
     </span>
    </p>
   </div>
   <div class='ocr_carea' id='block_1_48' title="bbox 1923 746 3479 832">
    <p class='ocr_par' dir='ltr' id='par_1_48' title="bbox 1923 746 3479 832">
     <span class='ocr_line' id='line_1_48' title="bbox 1923 746 3479 832; baseline 0.017 -36"><span class='ocrx_word' id='word_1_342' title='bbox 1923 761 2148 815; x_wconf 86' lang='lat' dir='ltr'><strong>magnus</strong></span> <span class='ocrx_word' id='word_1_343' title='bbox 2210 747 2300 802; x_wconf 87' lang='lat' dir='ltr'><strong>ille</strong></span> <span class='ocrx_word' id='word_1_344' title='bbox 2363 746 2520 803; x_wconf 85' lang='lat' dir='ltr'><strong>Pater</strong></span> <span class='ocrx_word' id='word_1_345' title='bbox 2567 765 2628 806; x_wconf 77' lang='lat' dir='ltr'><strong>ex</strong></span> <span class='ocrx_word' id='word_1_346' title='bbox 2684 755 2867 810; x_wconf 87' lang='lat' dir='ltr'><strong>animo</strong></span> <span class='ocrx_word' id='word_1_347' title='bbox 2937 762 3390 832; x_wconf 84' lang='lat' dir='ltr'><strong>reprehendisset,</strong></span> <span class='ocrx_word' id='word_1_348' title='bbox 3421 774 3479 822; x_wconf 78' lang='lat' dir='ltr'><strong>ut</strong></span> 
     </span>
    </p>
   </div>
   <div class='ocr_carea' id='block_1_49' title="bbox 1923 833 3480 916">
    <p class='ocr_par' dir='ltr' id='par_1_49' title="bbox 1923 833 3480 916">
     <span class='ocr_line' id='line_1_49' title="bbox 1923 833 3480 916; baseline 0.015 -33"><span class='ocrx_word' id='word_1_349' title='bbox 1923 833 2061 886; x_wconf 86' lang='lat' dir='ltr'><strong>male</strong></span> <span class='ocrx_word' id='word_1_350' title='bbox 2090 833 2508 902; x_wconf 80' lang='lat' dir='ltr'><strong>interpretatum</strong></span> <span class='ocrx_word' id='word_1_351' title='bbox 2557 839 2791 911; x_wconf 85' lang='lat' dir='ltr'><strong>theologi</strong></span> <span class='ocrx_word' id='word_1_352' title='bbox 2817 846 3000 910; x_wconf 88' lang='lat' dir='ltr'><strong>verba,</strong></span> <span class='ocrx_word' id='word_1_353' title='bbox 3057 858 3221 916; x_wconf 89' lang='lat' dir='ltr'><strong>atque</strong></span> <span class='ocrx_word' id='word_1_354' title='bbox 3269 851 3480 907; x_wconf 52' lang='lat' dir='ltr'><strong>haereti-</strong></span> 
     </span>
    </p>
   </div>
   <div class='ocr_carea' id='block_1_50' title="bbox 1919 925 3477 1012">
    <p class='ocr_par' dir='ltr' id='par_1_50' title="bbox 1919 925 3477 1012">
     <span class='ocr_line' id='line_1_50' title="bbox 1919 925 3477 1012; baseline 0.013 -34"><span class='ocrx_word' id='word_1_355' title='bbox 1919 939 2042 978; x_wconf 89' lang='lat' dir='ltr'><strong>cnm</strong></span> <span class='ocrx_word' id='word_1_356' title='bbox 2075 925 2190 994; x_wconf 88' lang='lat' dir='ltr'><strong>ipse</strong></span> <span class='ocrx_word' id='word_1_357' title='bbox 2225 927 2504 984; x_wconf 85' lang='lat' dir='ltr'><strong>habuisset</strong></span> <span class='ocrx_word' id='word_1_358' title='bbox 2528 944 2774 997; x_wconf 81' lang='lat' dir='ltr'><strong>sensum,</strong></span> <span class='ocrx_word' id='word_1_359' title='bbox 2806 948 2870 988; x_wconf 92' lang='lat' dir='ltr'><strong>an</strong></span> <span class='ocrx_word' id='word_1_360' title='bbox 2891 952 3018 991; x_wconf 91' lang='lat' dir='ltr'><strong>vero</strong></span> <span class='ocrx_word' id='word_1_361' title='bbox 3050 953 3246 1006; x_wconf 83' lang='lat' dir='ltr'><strong>meam,</strong></span> <span class='ocrx_word' id='word_1_362' title='bbox 3277 942 3477 1012; x_wconf 84' lang='lat' dir='ltr'><strong>inquit,</strong></span> 
     </span>
    </p>
   </div>
   <div class='ocr_carea' id='block_1_51' title="bbox 1920 1015 3477 1099">
    <p class='ocr_par' dir='ltr' id='par_1_51' title="bbox 1920 1015 3477 1099">
     <span class='ocr_line' id='line_1_51' title="bbox 1920 1015 3477 1099; baseline 0.012 -31"><span class='ocrx_word' id='word_1_363' title='bbox 1920 1015 2092 1070; x_wconf 83' lang='lat' dir='ltr'><strong>voluit</strong></span> <span class='ocrx_word' id='word_1_364' title='bbox 2115 1016 2426 1086; x_wconf 85' lang='lat' dir='ltr'><strong>deprimere</strong></span> <span class='ocrx_word' id='word_1_365' title='bbox 2455 1023 2820 1089; x_wconf 75' lang='lat' dir='ltr'><strong>arrogantiam</strong></span> <span class='ocrx_word' id='word_1_366' title='bbox 2837 1023 3142 1095; x_wconf 82' lang='lat' dir='ltr'><strong>fastumque</strong></span> <span class='ocrx_word' id='word_1_367' title='bbox 3159 1031 3477 1099; x_wconf 90' lang='lat' dir='ltr'><strong>plurimum.</strong></span> 
     </span>
    </p>
   </div>
   <div class='ocr_carea' id='block_1_52' title="bbox 1922 1105 3483 1194">
    <p class='ocr_par' dir='ltr' id='par_1_52' title="bbox 1922 1105 3483 1194">
     <span class='ocr_line' id='line_1_52' title="bbox 1922 1105 3483 1194; baseline 0.014 -37"><span class='ocrx_word' id='word_1_368' title='bbox 1922 1105 2059 1159; x_wconf 87' lang='lat' dir='ltr'><strong>Dum</strong></span> <span class='ocrx_word' id='word_1_369' title='bbox 2117 1105 2231 1161; x_wconf 66' lang='lat' dir='ltr'><strong>haec</strong></span> <span class='ocrx_word' id='word_1_370' title='bbox 2285 1124 2466 1164; x_wconf 86' lang='lat' dir='ltr'><strong>secum</strong></span> <span class='ocrx_word' id='word_1_371' title='bbox 2518 1113 2752 1182; x_wconf 82' lang='lat' dir='ltr'><strong>cngitat,</strong></span> <span class='ocrx_word' id='word_1_372' title='bbox 2806 1115 2909 1170; x_wconf 88' lang='lat' dir='ltr'><strong>levi</strong></span> <span class='ocrx_word' id='word_1_373' title='bbox 2993 1133 3182 1175; x_wconf 91' lang='lat' dir='ltr'><strong>somno</strong></span> <span class='ocrx_word' id='word_1_374' title='bbox 3252 1126 3483 1194; x_wconf 86' lang='lat' dir='ltr'><strong>corripi-</strong></span> 
     </span>
    </p>
   </div>
   <div class='ocr_carea' id='block_1_53' title="bbox 1923 1198 3479 1283">
    <p class='ocr_par' dir='ltr' id='par_1_53' title="bbox 1923 1198 3479 1283">
     <span class='ocr_line' id='line_1_53' title="bbox 1923 1198 3479 1283; baseline 0.014 -35"><span class='ocrx_word' id='word_1_375' title='bbox 1923 1205 2033 1252; x_wconf 91' lang='lat' dir='ltr'><strong>tur.</strong></span> <span class='ocrx_word' id='word_1_376' title='bbox 2120 1198 2375 1266; x_wconf 86' lang='lat' dir='ltr'><strong>Interim,</strong></span> <span class='ocrx_word' id='word_1_377' title='bbox 2463 1202 2558 1271; x_wconf 86' lang='lat' dir='ltr'><strong>qui</strong></span> <span class='ocrx_word' id='word_1_378' title='bbox 2625 1203 2895 1271; x_wconf 89' lang='lat' dir='ltr'><strong>justorum</strong></span> <span class='ocrx_word' id='word_1_379' title='bbox 2976 1211 3212 1264; x_wconf 86' lang='lat' dir='ltr'><strong>omnium</strong></span> <span class='ocrx_word' id='word_1_380' title='bbox 3291 1213 3479 1283; x_wconf 84' lang='lat' dir='ltr'><strong>lapsus</strong></span> 
     </span>
    </p>
   </div>
   <div class='ocr_carea' id='block_1_54' title="bbox 1921 1288 3477 1371">
    <p class='ocr_par' dir='ltr' id='par_1_54' title="bbox 1921 1288 3477 1371">
     <span class='ocr_line' id='line_1_54' title="bbox 1921 1288 3477 1371; baseline 0.01 -31"><span class='ocrx_word' id='word_1_381' title='bbox 1921 1288 2176 1342; x_wconf 87' lang='lat' dir='ltr'><strong>observat</strong></span> <span class='ocrx_word' id='word_1_382' title='bbox 2201 1290 2257 1342; x_wconf 88' lang='lat' dir='ltr'><strong>in</strong></span> <span class='ocrx_word' id='word_1_383' title='bbox 2292 1291 2464 1345; x_wconf 83' lang='lat' dir='ltr'><strong>sacris</strong></span> <span class='ocrx_word' id='word_1_384' title='bbox 2528 1307 2717 1346; x_wconf 82' lang='lat' dir='ltr'><strong>eorum</strong></span> <span class='ocrx_word' id='word_1_385' title='bbox 2768 1296 3044 1362; x_wconf 75' lang='lat' dir='ltr'><strong>gressibus</strong></span> <span class='ocrx_word' id='word_1_386' title='bbox 3097 1300 3161 1352; x_wconf 87' lang='lat' dir='ltr'><strong>ad</strong></span> <span class='ocrx_word' id='word_1_387' title='bbox 3213 1303 3477 1371; x_wconf 85' lang='lat' dir='ltr'><strong>supplan-</strong></span> 
     </span>
    </p>
   </div>
   <div class='ocr_carea' id='block_1_55' title="bbox 1924 1379 3478 1466">
    <p class='ocr_par' dir='ltr' id='par_1_55' title="bbox 1924 1379 3478 1466">
     <span class='ocr_line' id='line_1_55' title="bbox 1924 1379 3478 1466; baseline 0.012 -36"><span class='ocrx_word' id='word_1_388' title='bbox 1924 1379 2146 1433; x_wconf 81' lang='lat' dir='ltr'><strong>tandum</strong></span> <span class='ocrx_word' id='word_1_389' title='bbox 2221 1389 2315 1435; x_wconf 92' lang='lat' dir='ltr'><strong>aut</strong></span> <span class='ocrx_word' id='word_1_390' title='bbox 2363 1382 2673 1450; x_wconf 89' lang='lat' dir='ltr'><strong>ponendum</strong></span> <span class='ocrx_word' id='word_1_391' title='bbox 2707 1384 2981 1466; x_wconf 63' lang='lat' dir='ltr'><strong>laqueum,</strong></span> <span class='ocrx_word' id='word_1_392' title='bbox 3020 1389 3264 1444; x_wconf 85' lang='lat' dir='ltr'><strong>cribrare</strong></span> <span class='ocrx_word' id='word_1_393' title='bbox 3290 1392 3478 1448; x_wconf 88' lang='lat' dir='ltr'><strong>volens</strong></span> 
     </span>
    </p>
   </div>
   <div class='ocr_carea' id='block_1_56' title="bbox 1919 1469 3472 1547">
    <p class='ocr_par' dir='ltr' id='par_1_56' title="bbox 1919 1469 3472 1547">
     <span class='ocr_line' id='line_1_56' title="bbox 1919 1469 3472 1547; baseline 0.01 -25"><span class='ocrx_word' id='word_1_394' title='bbox 1919 1477 1972 1523; x_wconf 90' lang='lat' dir='ltr'><strong>et</strong></span> <span class='ocrx_word' id='word_1_395' title='bbox 2030 1469 2173 1523; x_wconf 87' lang='lat' dir='ltr'><strong>hunc</strong></span> <span class='ocrx_word' id='word_1_396' title='bbox 2219 1471 2395 1525; x_wconf 86' lang='lat' dir='ltr'><strong>virum</strong></span> <span class='ocrx_word' id='word_1_397' title='bbox 2427 1470 2654 1541; x_wconf 78' lang='lat' dir='ltr'><strong>justum,</strong></span> <span class='ocrx_word' id='word_1_398' title='bbox 2703 1485 2926 1542; x_wconf 86' lang='lat' dir='ltr'><strong>apparet</strong></span> <span class='ocrx_word' id='word_1_399' title='bbox 2965 1478 3041 1531; x_wconf 91' lang='lat' dir='ltr'><strong>illi</strong></span> <span class='ocrx_word' id='word_1_400' title='bbox 3089 1494 3184 1547; x_wconf 93' lang='lat' dir='ltr'><strong>per</strong></span> <span class='ocrx_word' id='word_1_401' title='bbox 3220 1495 3472 1538; x_wconf 86' lang='lat' dir='ltr'><strong>somnum</strong></span> 
     </span>
    </p>
   </div>
   <div class='ocr_carea' id='block_1_57' title="bbox 1918 1559 3481 1635">
    <p class='ocr_par' dir='ltr' id='par_1_57' title="bbox 1918 1559 3481 1635">
     <span class='ocr_line' id='line_1_57' title="bbox 1918 1559 3481 1635; baseline 0.01 -22"><span class='ocrx_word' id='word_1_402' title='bbox 1918 1559 2148 1614; x_wconf 88' lang='lat' dir='ltr'><strong>duorum</strong></span> <span class='ocrx_word' id='word_1_403' title='bbox 2215 1563 2410 1631; x_wconf 79' lang='lat' dir='ltr'><strong>specie“</strong></span> <span class='ocrx_word' id='word_1_404' title='bbox 2454 1578 2644 1617; x_wconf 90' lang='lat' dir='ltr'><strong>senum</strong></span> <span class='ocrx_word' id='word_1_405' title='bbox 2680 1564 2829 1633; x_wconf 82' lang='lat' dir='ltr'><strong>justa</strong></span> <span class='ocrx_word' id='word_1_406' title='bbox 2891 1571 3244 1635; x_wconf 85' lang='lat' dir='ltr'><strong>proceritate.</strong></span> <span class='ocrx_word' id='word_1_407' title='bbox 3288 1573 3481 1629; x_wconf 86' lang='lat' dir='ltr'><strong>dicen-</strong></span> 
     </span>
    </p>
   </div>
   <div class='ocr_carea' id='block_1_58' title="bbox 1921 1648 3481 1732">
    <p class='ocr_par' dir='ltr' id='par_1_58' title="bbox 1921 1648 3481 1732">
     <span class='ocr_line' id='line_1_58' title="bbox 1921 1648 3481 1732; baseline 0.012 -31"><span class='ocrx_word' id='word_1_408' title='bbox 1921 1648 2054 1702; x_wconf 90' lang='lat' dir='ltr'><strong>tium</strong></span> <span class='ocrx_word' id='word_1_409' title='bbox 2087 1649 2234 1704; x_wconf 86' lang='lat' dir='ltr'><strong>:Nos</strong></span> <span class='ocrx_word' id='word_1_410' title='bbox 2268 1665 2459 1707; x_wconf 87' lang='lat' dir='ltr'><strong>sumus</strong></span> <span class='ocrx_word' id='word_1_411' title='bbox 2505 1653 2701 1711; x_wconf 85' lang='lat' dir='ltr'><strong>Petrus</strong></span> <span class='ocrx_word' id='word_1_412' title='bbox 2737 1664 2790 1710; x_wconf 92' lang='lat' dir='ltr'><strong>et</strong></span> <span class='ocrx_word' id='word_1_413' title='bbox 2830 1655 3036 1714; x_wconf 86' lang='lat' dir='ltr'><strong>Paulus</strong></span> <span class='ocrx_word' id='word_1_414' title='bbox 3091 1677 3106 1714; x_wconf 90' lang='lat'><strong>:</strong></span> <span class='ocrx_word' id='word_1_415' title='bbox 3164 1669 3217 1716; x_wconf 90' lang='lat' dir='ltr'><strong>et</strong></span> <span class='ocrx_word' id='word_1_416' title='bbox 3251 1664 3378 1732; x_wconf 85' lang='lat' dir='ltr'><strong>quia</strong></span> <span class='ocrx_word' id='word_1_417' title='bbox 3427 1674 3481 1721; x_wconf 88' lang='lat' dir='ltr'><strong>te</strong></span> 
     </span>
    </p>
   </div>
   <div class='ocr_carea' id='block_1_59' title="bbox 1920 1739 3481 1817">
    <p class='ocr_par' dir='ltr' id='par_1_59' title="bbox 1920 1739 3481 1817">
     <span class='ocr_line' id='line_1_59' title="bbox 1920 1739 3481 1817; baseline 0.012 -25"><span class='ocrx_word' id='word_1_418' title='bbox 1920 1739 2154 1795; x_wconf 82' lang='lat' dir='ltr'><strong>vidimus</strong></span> <span class='ocrx_word' id='word_1_419' title='bbox 2180 1741 2231 1795; x_wconf 89' lang='lat' dir='ltr'><strong>in</strong></span> <span class='ocrx_word' id='word_1_420' title='bbox 2265 1742 2466 1798; x_wconf 87' lang='lat' dir='ltr'><strong>divinis</strong></span> <span class='ocrx_word' id='word_1_421' title='bbox 2485 1744 2830 1814; x_wconf 81' lang='lat' dir='ltr'><strong>dogmatibus</strong></span> <span class='ocrx_word' id='word_1_422' title='bbox 2859 1747 3481 1817; x_wconf 83' lang='lat' dir='ltr'><strong>laborantem,venimus</strong></span> 
     </span>
    </p>
   </div>
   <div class='ocr_carea' id='block_1_60' title="bbox 1919 1829 3478 1904">
    <p class='ocr_par' dir='ltr' id='par_1_60' title="bbox 1919 1829 3478 1904">
     <span class='ocr_line' id='line_1_60' title="bbox 1919 1829 3478 1904; baseline 0.012 -21"><span class='ocrx_word' id='word_1_423' title='bbox 1919 1829 1987 1883; x_wconf 91' lang='lat' dir='ltr'><strong>ad</strong></span> <span class='ocrx_word' id='word_1_424' title='bbox 2018 1830 2379 1884; x_wconf 88' lang='lat' dir='ltr'><strong>erudiendum</strong></span> <span class='ocrx_word' id='word_1_425' title='bbox 2407 1842 2476 1894; x_wconf 87' lang='lat' dir='ltr'><strong>te.</strong></span> <span class='ocrx_word' id='word_1_426' title='bbox 2501 1834 2915 1904; x_wconf 87' lang='lat' dir='ltr'><strong>docendumque</strong></span> <span class='ocrx_word' id='word_1_427' title='bbox 2939 1852 3152 1892; x_wconf 90' lang='lat' dir='ltr'><strong>omnem</strong></span> <span class='ocrx_word' id='word_1_428' title='bbox 3174 1842 3478 1902; x_wconf 75' lang='lat' dir='ltr'><strong>veritatem.</strong></span> 
     </span>
    </p>
   </div>
   <div class='ocr_carea' id='block_1_61' title="bbox 1916 1921 3478 1998">
    <p class='ocr_par' dir='ltr' id='par_1_61' title="bbox 1916 1921 3478 1998">
     <span class='ocr_line' id='line_1_61' title="bbox 1916 1921 3478 1998; baseline 0.006 -22"><span class='ocrx_word' id='word_1_429' title='bbox 1916 1921 2268 1976; x_wconf 84' lang='lat' dir='ltr'><strong>Protulerunt</strong></span> <span class='ocrx_word' id='word_1_430' title='bbox 2311 1937 2444 1992; x_wconf 88' lang='lat' dir='ltr'><strong>ergo</strong></span> <span class='ocrx_word' id='word_1_431' title='bbox 2495 1922 2570 1975; x_wconf 87' lang='lat' dir='ltr'><strong>illi</strong></span> <span class='ocrx_word' id='word_1_432' title='bbox 2627 1922 2805 1977; x_wconf 90' lang='lat' dir='ltr'><strong>locum</strong></span> <span class='ocrx_word' id='word_1_433' title='bbox 2854 1926 3165 1994; x_wconf 84' lang='lat' dir='ltr'><strong>quemdam,</strong></span> <span class='ocrx_word' id='word_1_434' title='bbox 3215 1938 3478 1998; x_wconf 84' lang='lat' dir='ltr'><strong>quantum</strong></span> 
     </span>
    </p>
   </div>
   <div class='ocr_carea' id='block_1_62' title="bbox 1917 2013 3480 2087">
    <p class='ocr_par' dir='ltr' id='par_1_62' title="bbox 1917 2013 3480 2087">
     <span class='ocr_line' id='line_1_62' title="bbox 1917 2013 3480 2087; baseline 0.006 -21"><span class='ocrx_word' id='word_1_435' title='bbox 1917 2020 2009 2066; x_wconf 89' lang='lat' dir='ltr'><strong>aut</strong></span> <span class='ocrx_word' id='word_1_436' title='bbox 2090 2013 2385 2068; x_wconf 65' lang='lat' dir='ltr'><strong>Dominicze</strong></span> <span class='ocrx_word' id='word_1_437' title='bbox 2438 2013 2617 2082; x_wconf 86' lang='lat' dir='ltr'><strong>precis</strong></span> <span class='ocrx_word' id='word_1_438' title='bbox 2698 2016 3121 2083; x_wconf 78' lang='lat' dir='ltr'><strong>amplecteretur</strong></span> <span class='ocrx_word' id='word_1_439' title='bbox 3176 2020 3373 2087; x_wconf 85' lang='lat' dir='ltr'><strong>oratio,</strong></span> <span class='ocrx_word' id='word_1_440' title='bbox 3425 2028 3480 2078; x_wconf 78' lang='lat' dir='ltr'><strong>et</strong></span> 
     </span>
    </p>
   </div>
   <div class='ocr_carea' id='block_1_63' title="bbox 1917 2104 3481 2176">
    <p class='ocr_par' dir='ltr' id='par_1_63' title="bbox 1917 2104 3481 2176">
     <span class='ocr_line' id='line_1_63' title="bbox 1917 2104 3481 2176; baseline 0.001 -19"><span class='ocrx_word' id='word_1_441' title='bbox 1917 2104 2314 2159; x_wconf 86' lang='lat' dir='ltr'><strong>discesserunt.</strong></span> <span class='ocrx_word' id='word_1_442' title='bbox 2363 2105 2453 2158; x_wconf 89' lang='lat' dir='ltr'><strong>ille</strong></span> <span class='ocrx_word' id='word_1_443' title='bbox 2482 2119 2602 2160; x_wconf 90' lang='lat' dir='ltr'><strong>sese</strong></span> <span class='ocrx_word' id='word_1_444' title='bbox 2653 2106 2938 2174; x_wconf 85' lang='lat' dir='ltr'><strong>colligens,</strong></span> <span class='ocrx_word' id='word_1_445' title='bbox 2972 2123 3149 2176; x_wconf 84' lang='lat' dir='ltr'><strong>neque</strong></span> <span class='ocrx_word' id='word_1_446' title='bbox 3179 2112 3321 2165; x_wconf 82' lang='lat' dir='ltr'><strong>enim</strong></span> <span class='ocrx_word' id='word_1_447' title='bbox 3354 2113 3481 2168; x_wconf 86' lang='lat' dir='ltr'><strong>dor.</strong></span> 
     </span>
    </p>
   </div>
   <div class='ocr_carea' id='block_1_64' title="bbox 1919 2195 3479 2266">
    <p class='ocr_par' dir='ltr' id='par_1_64' title="bbox 1919 2195 3479 2266">
     <span class='ocr_line' id='line_1_64' title="bbox 1919 2195 3479 2266; baseline 0.006 -19"><span class='ocrx_word' id='word_1_448' title='bbox 1919 2195 2137 2259; x_wconf 85' lang='lat' dir='ltr'><strong>miebat,</strong></span> <span class='ocrx_word' id='word_1_449' title='bbox 2171 2195 2529 2264; x_wconf 86' lang='lat' dir='ltr'><strong>appiaudebat</strong></span> <span class='ocrx_word' id='word_1_450' title='bbox 2561 2197 2662 2251; x_wconf 83' lang='lat' dir='ltr'><strong>sibi</strong></span> <span class='ocrx_word' id='word_1_451' title='bbox 2717 2197 2935 2266; x_wconf 84' lang='lat' dir='ltr'><strong>quidem</strong></span> <span class='ocrx_word' id='word_1_452' title='bbox 3011 2201 3225 2255; x_wconf 88' lang='lat' dir='ltr'><strong>interim</strong></span> <span class='ocrx_word' id='word_1_453' title='bbox 3259 2203 3326 2257; x_wconf 93' lang='lat' dir='ltr'><strong>de</strong></span> <span class='ocrx_word' id='word_1_454' title='bbox 3379 2205 3479 2257; x_wconf 85' lang='lat' dir='ltr'><strong>im-</strong></span> 
     </span>
    </p>
   </div>
   <div class='ocr_carea' id='block_1_65' title="bbox 1920 2287 3476 2358">
    <p class='ocr_par' dir='ltr' id='par_1_65' title="bbox 1920 2287 3476 2358">
     <span class='ocr_line' id='line_1_65' title="bbox 1920 2287 3476 2358; baseline 0.007 -22"><span class='ocrx_word' id='word_1_455' title='bbox 1920 2293 2155 2352; x_wconf 88' lang='lat' dir='ltr'><strong>portuno</strong></span> <span class='ocrx_word' id='word_1_456' title='bbox 2183 2288 2300 2339; x_wconf 88' lang='lat' dir='ltr'><strong>viso</strong></span> <span class='ocrx_word' id='word_1_457' title='bbox 2338 2293 2391 2339; x_wconf 85' lang='lat' dir='ltr'><strong>et</strong></span> <span class='ocrx_word' id='word_1_458' title='bbox 2431 2287 2765 2340; x_wconf 86' lang='lat' dir='ltr'><strong>sententiam</strong></span> <span class='ocrx_word' id='word_1_459' title='bbox 2799 2287 2851 2341; x_wconf 75' lang='lat' dir='ltr'><strong>in</strong></span> <span class='ocrx_word' id='word_1_460' title='bbox 2875 2305 2967 2342; x_wconf 86' lang='lat' dir='ltr'><strong>ore</strong></span> <span class='ocrx_word' id='word_1_461' title='bbox 3016 2289 3270 2356; x_wconf 82' lang='lat' dir='ltr'><strong>habebat,</strong></span> <span class='ocrx_word' id='word_1_462' title='bbox 3326 2292 3476 2358; x_wconf 63' lang='lat' dir='ltr'><strong>licet,</strong></span> 
     </span>
    </p>
   </div>
   <div class='ocr_carea' id='block_1_66' title="bbox 1919 2375 3484 2452">
    <p class='ocr_par' dir='ltr' id='par_1_66' title="bbox 1919 2375 3484 2452">
     <span class='ocr_line' id='line_1_66' title="bbox 1919 2375 3484 2452; baseline 0.005 -24"><span class='ocrx_word' id='word_1_463' title='bbox 1919 2375 2047 2443; x_wconf 87' lang='lat' dir='ltr'><strong>quid</strong></span> <span class='ocrx_word' id='word_1_464' title='bbox 2085 2391 2178 2444; x_wconf 90' lang='lat' dir='ltr'><strong>per</strong></span> <span class='ocrx_word' id='word_1_465' title='bbox 2205 2389 2320 2430; x_wconf 88' lang='lat' dir='ltr'><strong>eam</strong></span> <span class='ocrx_word' id='word_1_466' title='bbox 2351 2375 2767 2444; x_wconf 80' lang='lat' dir='ltr'><strong>significaretur,</strong></span> <span class='ocrx_word' id='word_1_467' title='bbox 2794 2392 2897 2431; x_wconf 89' lang='lat' dir='ltr'><strong>non</strong></span> <span class='ocrx_word' id='word_1_468' title='bbox 2928 2381 3286 2446; x_wconf 78' lang='lat' dir='ltr'><strong>examinaret,</strong></span> <span class='ocrx_word' id='word_1_469' title='bbox 3320 2381 3484 2452; x_wconf 83' lang='lat' dir='ltr'><strong>idque</strong></span> 
     </span>
    </p>
   </div>
   <div class='ocr_carea' id='block_1_67' title="bbox 1920 2473 3478 2541">
    <p class='ocr_par' dir='ltr' id='par_1_67' title="bbox 1920 2473 3478 2541">
     <span class='ocr_line' id='line_1_67' title="bbox 1920 2473 3478 2541; baseline 0.008 -25"><span class='ocrx_word' id='word_1_470' title='bbox 1920 2478 2015 2532; x_wconf 83' lang='lat' dir='ltr'><strong>per</strong></span> <span class='ocrx_word' id='word_1_471' title='bbox 2055 2473 2225 2518; x_wconf 87' lang='lat' dir='ltr'><strong>t0tum</strong></span> <span class='ocrx_word' id='word_1_472' title='bbox 2259 2475 2649 2520; x_wconf 89' lang='lat' dir='ltr'><strong>nocturnarum</strong></span> <span class='ocrx_word' id='word_1_473' title='bbox 2685 2483 2905 2536; x_wconf 88' lang='lat' dir='ltr'><strong>precum</strong></span> <span class='ocrx_word' id='word_1_474' title='bbox 2934 2473 3164 2538; x_wconf 87' lang='lat' dir='ltr'><strong>spatium</strong></span> <span class='ocrx_word' id='word_1_475' title='bbox 3203 2488 3374 2541; x_wconf 88' lang='lat' dir='ltr'><strong>usque</strong></span> <span class='ocrx_word' id='word_1_476' title='bbox 3407 2473 3478 2529; x_wconf 81' lang='lat' dir='ltr'><strong>ad</strong></span> 
     </span>
    </p>
   </div>
   <div class='ocr_carea' id='block_1_68' title="bbox 1921 2554 3478 2626">
    <p class='ocr_par' dir='ltr' id='par_1_68' title="bbox 1921 2554 3478 2626">
     <span class='ocr_line' id='line_1_68' title="bbox 1921 2554 3478 2626; baseline 0.01 -21"><span class='ocrx_word' id='word_1_477' title='bbox 1921 2554 2326 2608; x_wconf 85' lang='lat' dir='ltr'><strong>illucescentem</strong></span> <span class='ocrx_word' id='word_1_478' title='bbox 2393 2556 2560 2610; x_wconf 87' lang='lat' dir='ltr'><strong>diem.</strong></span> <span class='ocrx_word' id='word_1_479' title='bbox 2616 2557 2751 2611; x_wconf 83' lang='lat' dir='ltr'><strong>Cum</strong></span> <span class='ocrx_word' id='word_1_480' title='bbox 2810 2575 2940 2613; x_wconf 82' lang='lat' dir='ltr'><strong>vero</strong></span> <span class='ocrx_word' id='word_1_481' title='bbox 2994 2561 3355 2626; x_wconf 75' lang='lat' dir='ltr'><strong>illucesceiet.</strong></span> <span class='ocrx_word' id='word_1_482' title='bbox 3422 2566 3478 2620; x_wconf 93' lang='lat' dir='ltr'><strong>in</strong></span> 
     </span>
    </p>
   </div>
   <div class='ocr_carea' id='block_1_69' title="bbox 1921 2642 3474 2715">
    <p class='ocr_par' dir='ltr' id='par_1_69' title="bbox 1921 2642 3474 2715">
     <span class='ocr_line' id='line_1_69' title="bbox 1921 2642 3474 2715; baseline 0.008 -19"><span class='ocrx_word' id='word_1_483' title='bbox 1921 2656 2131 2696; x_wconf 85' lang='lat' dir='ltr'><strong>summa</strong></span> <span class='ocrx_word' id='word_1_484' title='bbox 2181 2642 2348 2695; x_wconf 88' lang='lat' dir='ltr'><strong>animi</strong></span> <span class='ocrx_word' id='word_1_485' title='bbox 2406 2644 2588 2710; x_wconf 87' lang='lat' dir='ltr'><strong>quiete</strong></span> <span class='ocrx_word' id='word_1_486' title='bbox 2618 2649 3334 2715; x_wconf 76' lang='lat' dir='ltr'><strong>perscrutaturuslatentem</strong></span> <span class='ocrx_word' id='word_1_487' title='bbox 3366 2653 3474 2714; x_wconf 87' lang='lat' dir='ltr'><strong>vim</strong></span> 
     </span>
    </p>
   </div>
   <div class='ocr_carea' id='block_1_70' title="bbox 1918 2733 3481 2809">
    <p class='ocr_par' dir='ltr' id='par_1_70' title="bbox 1918 2733 3481 2809">
     <span class='ocr_line' id='line_1_70' title="bbox 1918 2733 3481 2809; baseline 0.006 -21"><span class='ocrx_word' id='word_1_488' title='bbox 1918 2733 2181 2802; x_wconf 70' lang='lat' dir='ltr'><strong>expositae</strong></span> <span class='ocrx_word' id='word_1_489' title='bbox 2210 2733 2314 2786; x_wconf 86' lang='lat' dir='ltr'><strong>sibi</strong></span> <span class='ocrx_word' id='word_1_490' title='bbox 2349 2737 2653 2798; x_wconf 76' lang='lat' dir='ltr'><strong>sententiae,</strong></span> <span class='ocrx_word' id='word_1_491' title='bbox 2691 2740 2975 2806; x_wconf 84' lang='lat' dir='ltr'><strong>comperit,</strong></span> <span class='ocrx_word' id='word_1_492' title='bbox 3014 2740 3158 2808; x_wconf 86' lang='lat' dir='ltr'><strong>quod</strong></span> <span class='ocrx_word' id='word_1_493' title='bbox 3182 2743 3481 2809; x_wconf 87' lang='lat' dir='ltr'><strong>putabatur</strong></span> 
     </span>
    </p>
   </div>
   <div class='ocr_carea' id='block_1_71' title="bbox 1919 2823 3453 2888">
    <p class='ocr_par' dir='ltr' id='par_1_71' title="bbox 1919 2823 3453 2888">
     <span class='ocr_line' id='line_1_71' title="bbox 1919 2823 3453 2888; baseline 0.007 -11"><span class='ocrx_word' id='word_1_494' title='bbox 1919 2825 2046 2887; x_wconf 90' lang='lat' dir='ltr'><strong>mel,</strong></span> <span class='ocrx_word' id='word_1_495' title='bbox 2081 2823 2417 2880; x_wconf 84' lang='lat' dir='ltr'><strong>absinthium</strong></span> <span class='ocrx_word' id='word_1_496' title='bbox 2450 2825 2851 2881; x_wconf 86' lang='lat' dir='ltr'><strong>amarissimum</strong></span> <span class='ocrx_word' id='word_1_497' title='bbox 2883 2837 2934 2882; x_wconf 90' lang='lat' dir='ltr'><strong>et</strong></span> <span class='ocrx_word' id='word_1_498' title='bbox 2959 2829 3229 2884; x_wconf 89' lang='lat' dir='ltr'><strong>occultam</strong></span> <span class='ocrx_word' id='word_1_499' title='bbox 3272 2833 3453 2888; x_wconf 88' lang='lat' dir='ltr'><strong>theoio</strong></span> 
     </span>
    </p>
   </div>
   <div class='ocr_carea' id='block_1_72' title="bbox 1918 2914 3482 2986">
    <p class='ocr_par' dir='ltr' id='par_1_72' title="bbox 1918 2914 3482 2986">
     <span class='ocr_line' id='line_1_72' title="bbox 1918 2914 3482 2986; baseline 0.005 -19"><span class='ocrx_word' id='word_1_500' title='bbox 1918 2914 2060 2984; x_wconf 90' lang='lat' dir='ltr'><strong>giam</strong></span> <span class='ocrx_word' id='word_1_501' title='bbox 2097 2914 2347 2969; x_wconf 65' lang='lat' dir='ltr'><strong>haeresim</strong></span> <span class='ocrx_word' id='word_1_502' title='bbox 2373 2929 2497 2970; x_wconf 86' lang='lat' dir='ltr'><strong>esse</strong></span> <span class='ocrx_word' id='word_1_503' title='bbox 2546 2914 2834 2971; x_wconf 83' lang='lat' dir='ltr'><strong>manifesto</strong></span> <span class='ocrx_word' id='word_1_504' title='bbox 2891 2919 3287 2986; x_wconf 86' lang='lat' dir='ltr'><strong>pravissimam.</strong></span> <span class='ocrx_word' id='word_1_505' title='bbox 3323 2921 3482 2983; x_wconf 71' lang='lat' dir='ltr'><strong>Tnno</strong></span> 
     </span>
    </p>
   </div>
   <div class='ocr_carea' id='block_1_73' title="bbox 1917 3004 3474 3081">
    <p class='ocr_par' dir='ltr' id='par_1_73' title="bbox 1917 3004 3474 3081">
     <span class='ocr_line' id='line_1_73' title="bbox 1917 3004 3474 3081; baseline 0.006 -23"><span class='ocrx_word' id='word_1_506' title='bbox 1917 3004 2063 3058; x_wconf 87' lang='lat' dir='ltr'><strong>acuti</strong></span> <span class='ocrx_word' id='word_1_507' title='bbox 2095 3005 2176 3058; x_wconf 87' lang='lat' dir='ltr'><strong>vir</strong></span> <span class='ocrx_word' id='word_1_508' title='bbox 2211 3005 2412 3074; x_wconf 76' lang='lat' dir='ltr'><strong>ingenii</strong></span> <span class='ocrx_word' id='word_1_509' title='bbox 2438 3005 2704 3074; x_wconf 83' lang='lat' dir='ltr'><strong>veloxque</strong></span> <span class='ocrx_word' id='word_1_510' title='bbox 2735 3007 2801 3059; x_wconf 89' lang='lat' dir='ltr'><strong>ad</strong></span> <span class='ocrx_word' id='word_1_511' title='bbox 2825 3007 3248 3064; x_wconf 85' lang='lat' dir='ltr'><strong>discernendum</strong></span> <span class='ocrx_word' id='word_1_512' title='bbox 3280 3027 3474 3081; x_wconf 86' lang='lat' dir='ltr'><strong>purum</strong></span> 
     </span>
    </p>
   </div>
   <div class='ocr_carea' id='block_1_74' title="bbox 1919 3095 3484 3173">
    <p class='ocr_par' dir='ltr' id='par_1_74' title="bbox 1919 3095 3484 3173">
     <span class='ocr_line' id='line_1_74' title="bbox 1919 3095 3484 3173; baseline 0.006 -25"><span class='ocrx_word' id='word_1_513' title='bbox 1919 3095 1986 3148; x_wconf 90' lang='lat' dir='ltr'><strong>ab</strong></span> <span class='ocrx_word' id='word_1_514' title='bbox 2017 3095 2347 3158; x_wconf 89' lang='lat' dir='ltr'><strong>adulterino,</strong></span> <span class='ocrx_word' id='word_1_515' title='bbox 2399 3097 2618 3165; x_wconf 89' lang='lat' dir='ltr'><strong>cognita</strong></span> <span class='ocrx_word' id='word_1_516' title='bbox 2673 3099 3006 3165; x_wconf 82' lang='lat' dir='ltr'><strong>nequissima</strong></span> <span class='ocrx_word' id='word_1_517' title='bbox 3068 3099 3258 3155; x_wconf 80' lang='lat' dir='ltr'><strong>fraude</strong></span> <span class='ocrx_word' id='word_1_518' title='bbox 3317 3105 3484 3173; x_wconf 78' lang='lat' dir='ltr'><strong>spiri-</strong></span> 
     </span>
    </p>
   </div>
   <div class='ocr_carea' id='block_1_75' title="bbox 1923 3186 3478 3256">
    <p class='ocr_par' dir='ltr' id='par_1_75' title="bbox 1923 3186 3478 3256">
     <span class='ocr_line' id='line_1_75' title="bbox 1923 3186 3478 3256; baseline 0.008 -17"><span class='ocrx_word' id='word_1_519' title='bbox 1923 3187 2107 3240; x_wconf 90' lang='lat' dir='ltr'><strong>talium</strong></span> <span class='ocrx_word' id='word_1_520' title='bbox 2151 3186 2388 3240; x_wconf 88' lang='lat' dir='ltr'><strong>hostium</strong></span> <span class='ocrx_word' id='word_1_521' title='bbox 2435 3197 2489 3243; x_wconf 87' lang='lat' dir='ltr'><strong>et</strong></span> <span class='ocrx_word' id='word_1_522' title='bbox 2533 3188 2798 3242; x_wconf 86' lang='lat' dir='ltr'><strong>immensa</strong></span> <span class='ocrx_word' id='word_1_523' title='bbox 2834 3189 2922 3243; x_wconf 91' lang='lat' dir='ltr'><strong>illa</strong></span> <span class='ocrx_word' id='word_1_524' title='bbox 2955 3192 3478 3256; x_wconf 81' lang='lat' dir='ltr'><strong>versutia,accurrit</strong></span> 
     </span>
    </p>
   </div>
   <div class='ocr_carea' id='block_1_76' title="bbox 1919 3275 3468 3346">
    <p class='ocr_par' dir='ltr' id='par_1_76' title="bbox 1919 3275 3468 3346">
     <span class='ocr_line' id='line_1_76' title="bbox 1919 3275 3468 3346; baseline 0.006 -17"><span class='ocrx_word' id='word_1_525' title='bbox 1919 3276 1984 3329; x_wconf 85' lang='lat' dir='ltr'><strong>ad</strong></span> <span class='ocrx_word' id='word_1_526' title='bbox 2013 3290 2228 3330; x_wconf 88' lang='lat' dir='ltr'><strong>crucem</strong></span> <span class='ocrx_word' id='word_1_527' title='bbox 2264 3275 2585 3342; x_wconf 83' lang='lat' dir='ltr'><strong>Salvatoris,</strong></span> <span class='ocrx_word' id='word_1_528' title='bbox 2616 3279 2911 3346; x_wconf 87' lang='lat' dir='ltr'><strong>prosternit</strong></span> <span class='ocrx_word' id='word_1_529' title='bbox 2939 3294 2998 3334; x_wconf 89' lang='lat' dir='ltr'><strong>se</strong></span> <span class='ocrx_word' id='word_1_530' title='bbox 3022 3280 3195 3345; x_wconf 90' lang='lat' dir='ltr'><strong>bumi,</strong></span> <span class='ocrx_word' id='word_1_531' title='bbox 3226 3285 3468 3338; x_wconf 84' lang='lat' dir='ltr'><strong>contrito</strong></span> 
     </span>
    </p>
   </div>
   <div class='ocr_carea' id='block_1_77' title="bbox 1917 3364 3479 3435">
    <p class='ocr_par' dir='ltr' id='par_1_77' title="bbox 1917 3364 3479 3435">
     <span class='ocr_line' id='line_1_77' title="bbox 1917 3364 3479 3435; baseline 0.005 -15"><span class='ocrx_word' id='word_1_532' title='bbox 1917 3377 1969 3420; x_wconf 85' lang='lat' dir='ltr'><strong>et</strong></span> <span class='ocrx_word' id='word_1_533' title='bbox 1996 3364 2184 3419; x_wconf 86' lang='lat' dir='ltr'><strong>humili</strong></span> <span class='ocrx_word' id='word_1_534' title='bbox 2225 3364 2394 3420; x_wconf 89' lang='lat' dir='ltr'><strong>corde</strong></span> <span class='ocrx_word' id='word_1_535' title='bbox 2426 3367 2564 3435; x_wconf 86' lang='lat' dir='ltr'><strong>petit</strong></span> <span class='ocrx_word' id='word_1_536' title='bbox 2619 3367 2788 3420; x_wconf 88' lang='lat' dir='ltr'><strong>deleri</strong></span> <span class='ocrx_word' id='word_1_537' title='bbox 2825 3367 2925 3425; x_wconf 86' lang='lat' dir='ltr'><strong>sibi</strong></span> <span class='ocrx_word' id='word_1_538' title='bbox 2957 3384 3022 3422; x_wconf 79' lang='lat' dir='ltr'><strong>ex</strong></span> <span class='ocrx_word' id='word_1_539' title='bbox 3077 3369 3269 3426; x_wconf 91' lang='lat' dir='ltr'><strong>intimo</strong></span> <span class='ocrx_word' id='word_1_540' title='bbox 3313 3373 3479 3428; x_wconf 86' lang='lat' dir='ltr'><strong>corde</strong></span> 
     </span>
    </p>
   </div>
   <div class='ocr_carea' id='block_1_78' title="bbox 1919 3455 3472 3530">
    <p class='ocr_par' dir='ltr' id='par_1_78' title="bbox 1919 3455 3472 3530">
     <span class='ocr_line' id='line_1_78' title="bbox 1919 3455 3472 3530; baseline 0.004 -20"><span class='ocrx_word' id='word_1_541' title='bbox 1919 3455 2178 3510; x_wconf 88' lang='lat' dir='ltr'><strong>nefariam</strong></span> <span class='ocrx_word' id='word_1_542' title='bbox 2222 3455 2368 3510; x_wconf 85' lang='lat' dir='ltr'><strong>illam</strong></span> <span class='ocrx_word' id='word_1_543' title='bbox 2431 3466 2486 3510; x_wconf 91' lang='lat' dir='ltr'><strong>et</strong></span> <span class='ocrx_word' id='word_1_544' title='bbox 2541 3458 2809 3526; x_wconf 91' lang='lat' dir='ltr'><strong>impuram</strong></span> <span class='ocrx_word' id='word_1_545' title='bbox 2885 3459 3279 3527; x_wconf 86' lang='lat' dir='ltr'><strong>scriptionem,</strong></span> <span class='ocrx_word' id='word_1_546' title='bbox 3327 3464 3472 3530; x_wconf 87' lang='lat' dir='ltr'><strong>quod</strong></span> 
     </span>
    </p>
   </div>
   <div class='ocr_carea' id='block_1_79' title="bbox 1916 3546 3476 3615">
    <p class='ocr_par' dir='ltr' id='par_1_79' title="bbox 1916 3546 3476 3615">
     <span class='ocr_line' id='line_1_79' title="bbox 1916 3546 3476 3615; baseline 0.003 -14"><span class='ocrx_word' id='word_1_547' title='bbox 1916 3547 2082 3601; x_wconf 82' lang='lat' dir='ltr'><strong>etiam</strong></span> <span class='ocrx_word' id='word_1_548' title='bbox 2121 3548 2384 3601; x_wconf 85' lang='lat' dir='ltr'><strong>continuo</strong></span> <span class='ocrx_word' id='word_1_549' title='bbox 2417 3547 2748 3615; x_wconf 81' lang='lat' dir='ltr'><strong>impetravit.</strong></span> <span class='ocrx_word' id='word_1_550' title='bbox 2799 3546 2936 3602; x_wconf 88' lang='lat' dir='ltr'><strong>Cum</strong></span> <span class='ocrx_word' id='word_1_551' title='bbox 2967 3550 3108 3603; x_wconf 88' lang='lat' dir='ltr'><strong>enim</strong></span> <span class='ocrx_word' id='word_1_552' title='bbox 3143 3550 3209 3604; x_wconf 88' lang='lat' dir='ltr'><strong>de</strong></span> <span class='ocrx_word' id='word_1_553' title='bbox 3242 3552 3357 3604; x_wconf 92' lang='lat' dir='ltr'><strong>loco</strong></span> <span class='ocrx_word' id='word_1_554' title='bbox 3384 3552 3476 3609; x_wconf 85' lang='lat' dir='ltr'><strong>illo</strong></span> 
     </span>
    </p>
   </div>
   <div class='ocr_carea' id='block_1_80' title="bbox 1917 3634 3475 3704">
    <p class='ocr_par' dir='ltr' id='par_1_80' title="bbox 1917 3634 3475 3704">
     <span class='ocr_line' id='line_1_80' title="bbox 1917 3634 3475 3704; baseline 0.002 -14"><span class='ocrx_word' id='word_1_555' title='bbox 1917 3649 1976 3690; x_wconf 89' lang='lat' dir='ltr'><strong>se</strong></span> <span class='ocrx_word' id='word_1_556' title='bbox 2001 3635 2287 3698; x_wconf 82' lang='lat' dir='ltr'><strong>erexisset,</strong></span> <span class='ocrx_word' id='word_1_557' title='bbox 2330 3649 2608 3704; x_wconf 88' lang='lat' dir='ltr'><strong>nunquam</strong></span> <span class='ocrx_word' id='word_1_558' title='bbox 2638 3649 2704 3692; x_wconf 71' lang='lat' dir='ltr'><strong>ex</strong></span> <span class='ocrx_word' id='word_1_559' title='bbox 2730 3634 2819 3687; x_wconf 86' lang='lat' dir='ltr'><strong>illa</strong></span> <span class='ocrx_word' id='word_1_560' title='bbox 2851 3634 2982 3689; x_wconf 85' lang='lat' dir='ltr'><strong>hora</strong></span> <span class='ocrx_word' id='word_1_561' title='bbox 3009 3637 3182 3702; x_wconf 87' lang='lat' dir='ltr'><strong>potuit</strong></span> <span class='ocrx_word' id='word_1_562' title='bbox 3213 3636 3475 3693; x_wconf 79' lang='lat' dir='ltr'><strong>aliariaut</strong></span> 
     </span>
    </p>
   </div>
   <div class='ocr_carea' id='block_1_81' title="bbox 1915 3723 3476 3804">
    <p class='ocr_par' dir='ltr' id='par_1_81' title="bbox 1915 3723 3476 3804">
     <span class='ocr_line' id='line_1_81' title="bbox 1915 3723 3476 3804; baseline 0.003 -28"><span class='ocrx_word' id='word_1_563' title='bbox 1915 3739 2172 3778; x_wconf 87' lang='lat' dir='ltr'><strong>revocare</strong></span> <span class='ocrx_word' id='word_1_564' title='bbox 2205 3723 2498 3792; x_wconf 87' lang='lat' dir='ltr'><strong>quidquam</strong></span> <span class='ocrx_word' id='word_1_565' title='bbox 2529 3724 2757 3776; x_wconf 88' lang='lat' dir='ltr'><strong>omnino</strong></span> <span class='ocrx_word' id='word_1_566' title='bbox 2782 3723 2835 3776; x_wconf 88' lang='lat' dir='ltr'><strong>in</strong></span> <span class='ocrx_word' id='word_1_567' title='bbox 2866 3725 3209 3804; x_wconf 84' lang='lat' dir='ltr'><strong>memoriam.</strong></span> <span class='ocrx_word' id='word_1_568' title='bbox 3235 3726 3379 3793; x_wconf 86' lang='lat' dir='ltr'><strong>quod</strong></span> <span class='ocrx_word' id='word_1_569' title='bbox 3408 3725 3476 3782; x_wconf 89' lang='lat' dir='ltr'><strong>ad</strong></span> 
     </span>
    </p>
   </div>
   <div class='ocr_carea' id='block_1_82' title="bbox 1920 3808 3476 3880">
    <p class='ocr_par' dir='ltr' id='par_1_82' title="bbox 1920 3808 3476 3880">
     <span class='ocr_line' id='line_1_82' title="bbox 1920 3808 3476 3880; baseline 0.003 -20"><span class='ocrx_word' id='word_1_570' title='bbox 1920 3821 2142 3876; x_wconf 87' lang='lat' dir='ltr'><strong>pravam</strong></span> <span class='ocrx_word' id='word_1_571' title='bbox 2175 3808 2320 3861; x_wconf 82' lang='lat' dir='ltr'><strong>illam</strong></span> <span class='ocrx_word' id='word_1_572' title='bbox 2358 3809 2741 3862; x_wconf 76' lang='lat' dir='ltr'><strong>alloeutionein</strong></span> <span class='ocrx_word' id='word_1_573' title='bbox 2773 3823 2992 3877; x_wconf 88' lang='lat' dir='ltr'><strong>quoquo</strong></span> <span class='ocrx_word' id='word_1_574' title='bbox 3053 3810 3209 3865; x_wconf 87' lang='lat' dir='ltr'><strong>modo</strong></span> <span class='ocrx_word' id='word_1_575' title='bbox 3261 3821 3476 3880; x_wconf 69' lang='lat' dir='ltr'><strong>spreta-</strong></span> 
     </span>
    </p>
   </div>
   <div class='ocr_carea' id='block_1_83' title="bbox 1918 3898 3475 3968">
    <p class='ocr_par' dir='ltr' id='par_1_83' title="bbox 1918 3898 3475 3968">
     <span class='ocr_line' id='line_1_83' title="bbox 1918 3898 3475 3968; baseline 0.006 -19"><span class='ocrx_word' id='word_1_576' title='bbox 1918 3909 2022 3952; x_wconf 89' lang='lat' dir='ltr'><strong>ret.</strong></span> <span class='ocrx_word' id='word_1_577' title='bbox 2052 3898 2279 3953; x_wconf 79' lang='lat' dir='ltr'><strong>Accedit</strong></span> <span class='ocrx_word' id='word_1_578' title='bbox 2305 3913 2523 3968; x_wconf 89' lang='lat' dir='ltr'><strong>quoque</strong></span> <span class='ocrx_word' id='word_1_579' title='bbox 2573 3904 2640 3955; x_wconf 81' lang='lat' dir='ltr'><strong>ad</strong></span> <span class='ocrx_word' id='word_1_580' title='bbox 2703 3915 2956 3964; x_wconf 82' lang='lat' dir='ltr'><strong>magnum</strong></span> <span class='ocrx_word' id='word_1_581' title='bbox 3013 3900 3137 3954; x_wconf 64' lang='lat' dir='ltr'><strong>vitae</strong></span> <span class='ocrx_word' id='word_1_582' title='bbox 3181 3903 3475 3959; x_wconf 75' lang='lat' dir='ltr'><strong>sanctioris</strong></span> 
     </span>
    </p>
   </div>
   <div class='ocr_carea' id='block_1_84' title="bbox 1916 3988 3472 4062">
    <p class='ocr_par' dir='ltr' id='par_1_84' title="bbox 1916 3988 3472 4062">
     <span class='ocr_line' id='line_1_84' title="bbox 1916 3988 3472 4062; baseline 0.004 -20"><span class='ocrx_word' id='word_1_583' title='bbox 1916 3988 2222 4057; x_wconf 88' lang='lat' dir='ltr'><strong>operarium</strong></span> <span class='ocrx_word' id='word_1_584' title='bbox 2252 3998 2305 4042; x_wconf 90' lang='lat' dir='ltr'><strong>et</strong></span> <span class='ocrx_word' id='word_1_585' title='bbox 2357 3991 2622 4057; x_wconf 75' lang='lat' dir='ltr'><strong>profunda</strong></span> <span class='ocrx_word' id='word_1_586' title='bbox 2672 4006 2804 4047; x_wconf 75' lang='lat' dir='ltr'><strong>usus</strong></span> <span class='ocrx_word' id='word_1_587' title='bbox 2859 3989 3212 4047; x_wconf 83' lang='lat' dir='ltr'><strong>inclinatione</strong></span> <span class='ocrx_word' id='word_1_588' title='bbox 3260 3992 3472 4062; x_wconf 74' lang='lat' dir='ltr'><strong>singula</strong></span> 
     </span>
    </p>
   </div>
   <div class='ocr_carea' id='block_1_85' title="bbox 1915 4087 2154 4135">
    <p class='ocr_par' dir='ltr' id='par_1_85' title="bbox 1915 4087 2154 4135">
     <span class='ocr_line' id='line_1_85' title="bbox 1915 4087 2154 4135; baseline -0.021 0"><span class='ocrx_word' id='word_1_589' title='bbox 1915 4087 2154 4135; x_wconf 86' lang='lat' dir='ltr'><strong>enarrat.</strong></span> 
     </span>
    </p>
   </div>
   <div class='ocr_carea' id='block_1_86' title="bbox 1995 4170 3472 4240">
    <p class='ocr_par' dir='ltr' id='par_1_86' title="bbox 1995 4170 3472 4240">
     <span class='ocr_line' id='line_1_86' title="bbox 1995 4170 3472 4240; baseline 0.001 -15"><span class='ocrx_word' id='word_1_590' title='bbox 1995 4171 2084 4225; x_wconf 75' lang='lat' dir='ltr'><strong>i5.</strong></span> <span class='ocrx_word' id='word_1_591' title='bbox 2112 4170 2181 4224; x_wconf 81' lang='lat' dir='ltr'><strong>At</strong></span> <span class='ocrx_word' id='word_1_592' title='bbox 2212 4185 2374 4226; x_wconf 79' lang='lat' dir='ltr'><strong>senex</strong></span> <span class='ocrx_word' id='word_1_593' title='bbox 2407 4170 2698 4225; x_wconf 83' lang='lat' dir='ltr'><strong>subridens</strong></span> <span class='ocrx_word' id='word_1_594' title='bbox 2739 4173 3116 4240; x_wconf 83' lang='lat' dir='ltr'><strong>prehensaque</strong></span> <span class='ocrx_word' id='word_1_595' title='bbox 3164 4186 3325 4226; x_wconf 89' lang='lat' dir='ltr'><strong>manu</strong></span> <span class='ocrx_word' id='word_1_596' title='bbox 3393 4172 3472 4227; x_wconf 57' lang='grc' dir='ltr'><strong>ῆι*</strong></span> 
     </span>
    </p>
   </div>
   <div class='ocr_carea' id='block_1_87' title="bbox 1915 4256 3474 4330">
    <p class='ocr_par' dir='ltr' id='par_1_87' title="bbox 1915 4256 3474 4330">
     <span class='ocr_line' id='line_1_87' title="bbox 1915 4256 3474 4330; baseline -0.001 -15"><span class='ocrx_word' id='word_1_597' title='bbox 1915 4261 1996 4315; x_wconf 76' lang='lat' dir='ltr'><strong>xit</strong></span> <span class='ocrx_word' id='word_1_598' title='bbox 2039 4275 2053 4312; x_wconf 89' lang='lat'><strong>:</strong></span> <span class='ocrx_word' id='word_1_599' title='bbox 2101 4259 2141 4290; x_wconf 84' lang='grc'><strong>¹⁰</strong></span> <span class='ocrx_word' id='word_1_600' title='bbox 2172 4256 2416 4312; x_wconf 79' lang='lat' dir='ltr'><strong>Viriliter</strong></span> <span class='ocrx_word' id='word_1_601' title='bbox 2472 4273 2588 4327; x_wconf 87' lang='lat' dir='ltr'><strong>age,</strong></span> <span class='ocrx_word' id='word_1_602' title='bbox 2625 4259 2719 4321; x_wconf 86' lang='lat' dir='ltr'><strong>flii,</strong></span> <span class='ocrx_word' id='word_1_603' title='bbox 2763 4259 2992 4312; x_wconf 88' lang='lat' dir='ltr'><strong>viriliter</strong></span> <span class='ocrx_word' id='word_1_604' title='bbox 3027 4273 3122 4330; x_wconf 85' lang='lat' dir='ltr'><strong>age</strong></span> <span class='ocrx_word' id='word_1_605' title='bbox 3149 4269 3202 4312; x_wconf 87' lang='lat' dir='ltr'><strong>et</strong></span> <span class='ocrx_word' id='word_1_606' title='bbox 3249 4260 3474 4315; x_wconf 57' lang='lat' dir='ltr'><strong>confora</strong></span> 
     </span>
    </p>
   </div>
   <div class='ocr_carea' id='block_1_88' title="bbox 1917 4336 3474 4413">
    <p class='ocr_par' dir='ltr' id='par_1_88' title="bbox 1917 4336 3474 4413">
     <span class='ocr_line' id='line_1_88' title="bbox 1917 4336 3474 4413; baseline -0.001 -11"><span class='ocrx_word' id='word_1_607' title='bbox 1917 4358 2060 4404; x_wconf 87' lang='lat' dir='ltr'><strong>tetur</strong></span> <span class='ocrx_word' id='word_1_608' title='bbox 2093 4363 2189 4403; x_wconf 89' lang='lat' dir='ltr'><strong>cor</strong></span> <span class='ocrx_word' id='word_1_609' title='bbox 2234 4356 2384 4401; x_wconf 90' lang='lat' dir='ltr'><strong>tuum</strong></span> <span class='ocrx_word' id='word_1_610' title='bbox 2429 4357 2484 4402; x_wconf 90' lang='lat' dir='ltr'><strong>et</strong></span> <span class='ocrx_word' id='word_1_611' title='bbox 2534 4349 2746 4401; x_wconf 79' lang='lat' dir='ltr'><strong>sustine</strong></span> <span class='ocrx_word' id='word_1_612' title='bbox 2783 4336 3088 4404; x_wconf 70' lang='lat' dir='ltr'><strong>daunbnum</strong></span> <span class='ocrx_word' id='word_1_613' title='bbox 3125 4350 3474 4413; x_wconf 79' lang='lat' dir='ltr'><strong>tentationes,</strong></span> 
     </span>
    </p>
   </div>
   <div class='ocr_carea' id='block_1_89' title="bbox 260 4434 1817 4510">
    <p class='ocr_par' dir='ltr' id='par_1_89' title="bbox 260 4437 1814 4510">
     <span class='ocr_line' id='line_1_89' title="bbox 260 4437 1814 4510; baseline 0.003 -21"><span class='ocrx_word' id='word_1_614' title='bbox 260 4437 550 4504; x_wconf 75' lang='grc' dir='ltr'>ὑπόμεινον</span> <span class='ocrx_word' id='word_1_615' title='bbox 580 4440 916 4506; x_wconf 83' lang='grc' dir='ltr'>πειρασμοὺς</span> <span class='ocrx_word' id='word_1_616' title='bbox 945 4439 1052 4493; x_wconf 89' lang='grc' dir='ltr'><strong>τῶν</strong></span> <span class='ocrx_word' id='word_1_617' title='bbox 1083 4439 1375 4509; x_wconf 81' lang='grc' dir='ltr'>δαιμόνων,</span> <span class='ocrx_word' id='word_1_618' title='bbox 1410 4441 1496 4492; x_wconf 81' lang='grc' dir='ltr'>ἵνα</span> <span class='ocrx_word' id='word_1_619' title='bbox 1530 4441 1621 4494; x_wconf 71' lang='grc' dir='ltr'>καὶ</span> <span class='ocrx_word' id='word_1_620' title='bbox 1651 4442 1814 4510; x_wconf 75' lang='grc' dir='ltr'>αὐτὸς</span> 
     </span>
    </p>
   </div>
   <div class='ocr_carea' id='block_1_90' title="bbox 1918 4434 3472 4510">
    <p class='ocr_par' dir='ltr' id='par_1_90' title="bbox 1918 4434 3472 4507">
     <span class='ocr_line' id='line_1_90' title="bbox 1918 4434 3472 4507; baseline -0.001 -13"><span class='ocrx_word' id='word_1_621' title='bbox 1918 4434 2289 4494; x_wconf 70' lang='grc' dir='ltr'>ιιιεοηνοτευθ</span> <span class='ocrx_word' id='word_1_622' title='bbox 2320 4446 2374 4491; x_wconf 89' lang='lat' dir='ltr'><strong>tu</strong></span> <span class='ocrx_word' id='word_1_623' title='bbox 2401 4439 2566 4492; x_wconf 87' lang='lat' dir='ltr'><strong>etiam</strong></span> <span class='ocrx_word' id='word_1_624' title='bbox 2593 4437 2883 4492; x_wconf 86' lang='lat' dir='ltr'><strong>confirmes</strong></span> <span class='ocrx_word' id='word_1_625' title='bbox 2926 4440 2975 4490; x_wconf 90' lang='lat' dir='ltr'><strong>in</strong></span> <span class='ocrx_word' id='word_1_626' title='bbox 3005 4440 3354 4507; x_wconf 75' lang='lat' dir='ltr'><strong>generatione</strong></span> <span class='ocrx_word' id='word_1_627' title='bbox 3381 4449 3472 4494; x_wconf 83' lang='lat' dir='ltr'><strong>tua</strong></span> 
     </span>
    </p>
   </div>
   <div class='ocr_carea' id='block_1_91' title="bbox 258 4528 1815 4602">
    <p class='ocr_par' dir='ltr' id='par_1_91' title="bbox 258 4528 1815 4602">
     <span class='ocr_line' id='line_1_91' title="bbox 258 4528 1815 4602; baseline 0.004 -24"><span class='ocrx_word' id='word_1_628' title='bbox 258 4528 592 4596; x_wconf 71' lang='grc' dir='ltr'>ιπιστρέψας</span> <span class='ocrx_word' id='word_1_629' title='bbox 647 4529 906 4599; x_wconf 79' lang='grc' dir='ltr'>στηρίξῃς</span> <span class='ocrx_word' id='word_1_630' title='bbox 969 4529 1180 4582; x_wconf 84' lang='grc' dir='ltr'>πολλῶν</span> <span class='ocrx_word' id='word_1_631' title='bbox 1238 4529 1414 4600; x_wconf 75' lang='grc' dir='ltr'>ψυχὰς</span> <span class='ocrx_word' id='word_1_632' title='bbox 1466 4534 1525 4584; x_wconf 83' lang='grc' dir='ltr'>ὲν</span> <span class='ocrx_word' id='word_1_633' title='bbox 1562 4535 1628 4602; x_wconf 76' lang='grc' dir='ltr'>τῇ</span> <span class='ocrx_word' id='word_1_634' title='bbox 1655 4535 1815 4602; x_wconf 73' lang='grc' dir='ltr'>γενεᾷ</span> 
     </span>
    </p>
   </div>
   <div class='ocr_carea' id='block_1_92' title="bbox 259 4619 1817 4691">
    <p class='ocr_par' dir='ltr' id='par_1_92' title="bbox 259 4619 1817 4691">
     <span class='ocr_line' id='line_1_92' title="bbox 259 4619 1817 4691; baseline 0.004 -23"><span class='ocrx_word' id='word_1_635' title='bbox 259 4633 372 4682; x_wconf 87' lang='grc' dir='ltr'>σου,</span> <span class='ocrx_word' id='word_1_636' title='bbox 423 4619 540 4684; x_wconf 77' lang='grc' dir='ltr'><strong>φῶς</strong></span> <span class='ocrx_word' id='word_1_637' title='bbox 589 4621 682 4670; x_wconf 81' lang='grc' dir='ltr'><strong>καὶ</strong></span> <span class='ocrx_word' id='word_1_638' title='bbox 732 4620 867 4681; x_wconf 76' lang='grc' dir='ltr'>ἃλας</span> <span class='ocrx_word' id='word_1_639' title='bbox 921 4619 1256 4690; x_wconf 58' lang='grc' dir='ltr'>ἀνηδειχοεὶς</span> <span class='ocrx_word' id='word_1_640' title='bbox 1287 4622 1344 4672; x_wconf 80' lang='grc' dir='ltr'>ἐν</span> <span class='ocrx_word' id='word_1_641' title='bbox 1388 4621 1468 4690; x_wconf 84' lang='grc' dir='ltr'>τῷ</span> <span class='ocrx_word' id='word_1_642' title='bbox 1492 4623 1679 4691; x_wconf 83' lang='grc' dir='ltr'>κόσμῳ</span> <span class='ocrx_word' id='word_1_643' title='bbox 1702 4624 1817 4684; x_wconf 80' lang='grc' dir='ltr'>τοῖς</span> 
     </span>
    </p>
   </div>
   <div class='ocr_carea' id='block_1_93' title="bbox 261 4706 1813 4782">
    <p class='ocr_par' dir='ltr' id='par_1_93' title="bbox 261 4706 1813 4782">
     <span class='ocr_line' id='line_1_93' title="bbox 261 4706 1813 4782; baseline 0.005 -25"><span class='ocrx_word' id='word_1_644' title='bbox 261 4708 652 4775; x_wconf 81' lang='grc' dir='ltr'>πλανωμένοις.</span> <span class='ocrx_word' id='word_1_645' title='bbox 708 4710 815 4763; x_wconf 75' lang='grc' dir='ltr'><strong>Καὶ</strong></span> <span class='ocrx_word' id='word_1_646' title='bbox 867 4710 977 4777; x_wconf 76' lang='grc' dir='ltr'>γὰρ</span> <span class='ocrx_word' id='word_1_647' title='bbox 1041 4710 1150 4776; x_wconf 73' lang='grc' dir='ltr'><strong>ἐγὼ</strong></span> <span class='ocrx_word' id='word_1_648' title='bbox 1199 4706 1313 4763; x_wconf 81' lang='grc' dir='ltr'>οἴδα</span> <span class='ocrx_word' id='word_1_649' title='bbox 1342 4710 1440 4782; x_wconf 77' lang='grc' dir='ltr'>τὴν</span> <span class='ocrx_word' id='word_1_650' title='bbox 1463 4713 1526 4764; x_wconf 81' lang='grc' dir='ltr'>ὲκ</span> <span class='ocrx_word' id='word_1_651' title='bbox 1558 4713 1649 4763; x_wconf 87' lang='grc' dir='ltr'><strong>τοῦ</strong></span> <span class='ocrx_word' id='word_1_652' title='bbox 1679 4712 1813 4768; x_wconf 78' lang='grc' dir='ltr'>Θεοῦ</span> 
     </span>
    </p>
   </div>
   <div class='ocr_carea' id='block_1_94' title="bbox 257 4793 1811 4869">
    <p class='ocr_par' dir='ltr' id='par_1_94' title="bbox 257 4793 1811 4869">
     <span class='ocr_line' id='line_1_94' title="bbox 257 4793 1811 4869; baseline 0.005 -24"><span class='ocrx_word' id='word_1_653' title='bbox 257 4793 504 4849; x_wconf 80' lang='grc' dir='ltr'>δοθεῖσάν</span> <span class='ocrx_word' id='word_1_654' title='bbox 551 4812 632 4848; x_wconf 83' lang='grc' dir='ltr'><strong>σοι</strong></span> <span class='ocrx_word' id='word_1_655' title='bbox 683 4799 983 4867; x_wconf 80' lang='grc' dir='ltr'>ἀγχίνοιαν,</span> <span class='ocrx_word' id='word_1_656' title='bbox 1048 4803 1140 4850; x_wconf 73' lang='grc' dir='ltr'>καὶ</span> <span class='ocrx_word' id='word_1_657' title='bbox 1169 4799 1267 4868; x_wconf 74' lang='grc' dir='ltr'><strong>τὴν</strong></span> <span class='ocrx_word' id='word_1_658' title='bbox 1294 4801 1455 4869; x_wconf 77' lang='grc' dir='ltr'>χάριν</span> <span class='ocrx_word' id='word_1_659' title='bbox 1485 4801 1577 4852; x_wconf 84' lang='grc' dir='ltr'><strong>τοῦ</strong></span> <span class='ocrx_word' id='word_1_660' title='bbox 1619 4801 1775 4868; x_wconf 84' lang='grc' dir='ltr'>λόγου</span> <span class='ocrx_word' id='word_1_661' title='bbox 1796 4815 1811 4832; x_wconf 78' lang='grc'><strong><em>⁸</em></strong></span> 
     </span>
    </p>
   </div>
   <div class='ocr_carea' id='block_1_95' title="bbox 260 4885 1808 4959">
    <p class='ocr_par' dir='ltr' id='par_1_95' title="bbox 260 4885 1808 4959">
     <span class='ocr_line' id='line_1_95' title="bbox 260 4885 1808 4959; baseline 0.005 -24"><span class='ocrx_word' id='word_1_662' title='bbox 260 4888 352 4935; x_wconf 74' lang='grc' dir='ltr'>καὶ</span> <span class='ocrx_word' id='word_1_663' title='bbox 381 4885 552 4953; x_wconf 75' lang='grc' dir='ltr'>ἔγνων</span> <span class='ocrx_word' id='word_1_664' title='bbox 574 4887 654 4957; x_wconf 63' lang='grc' dir='ltr'><strong>ὅτι</strong></span> <span class='ocrx_word' id='word_1_665' title='bbox 679 4887 853 4955; x_wconf 81' lang='grc' dir='ltr'>ὀρθῶς</span> <span class='ocrx_word' id='word_1_666' title='bbox 870 4888 1255 4951; x_wconf 76' lang='grc' dir='ltr'>διεκδικεῖςτὸν</span> <span class='ocrx_word' id='word_1_667' title='bbox 1279 4891 1479 4944; x_wconf 76' lang='grc' dir='ltr'>σκοπὸν</span> <span class='ocrx_word' id='word_1_668' title='bbox 1503 4891 1596 4944; x_wconf 89' lang='grc' dir='ltr'><strong>τοῦ</strong></span> <span class='ocrx_word' id='word_1_669' title='bbox 1631 4893 1808 4959; x_wconf 81' lang='grc' dir='ltr'>ἁγίου.</span> 
     </span>
    </p>
   </div>
   <div class='ocr_carea' id='block_1_96' title="bbox 271 4973 1814 5050">
    <p class='ocr_par' dir='ltr' id='par_1_96' title="bbox 271 4973 1814 5050">
     <span class='ocr_line' id='line_1_96' title="bbox 271 4973 1814 5050; baseline 0.005 -23"><span class='ocrx_word' id='word_1_670' title='bbox 271 4973 430 5028; x_wconf 79' lang='grc' dir='ltr'>Ἀλλὰ</span> <span class='ocrx_word' id='word_1_671' title='bbox 498 4975 829 5044; x_wconf 78' lang='grc' dir='ltr'>φοϐούμενος</span> <span class='ocrx_word' id='word_1_672' title='bbox 857 4977 930 5047; x_wconf 80' lang='grc' dir='ltr'>μὴ</span> <span class='ocrx_word' id='word_1_673' title='bbox 962 4978 1035 5047; x_wconf 76' lang='grc' dir='ltr'>τῷ</span> <span class='ocrx_word' id='word_1_674' title='bbox 1057 4980 1154 5046; x_wconf 85' lang='grc' dir='ltr'>τῆς</span> <span class='ocrx_word' id='word_1_675' title='bbox 1200 4979 1429 5050; x_wconf 76' lang='grc' dir='ltr'>οἰήσεως</span> <span class='ocrx_word' id='word_1_676' title='bbox 1485 4980 1648 5033; x_wconf 77' lang='grc' dir='ltr'>πάθει</span> <span class='ocrx_word' id='word_1_677' title='bbox 1719 4980 1814 5035; x_wconf 74' lang='grc' dir='ltr'>καὶ</span> 
     </span>
    </p>
   </div>
   <div class='ocr_carea' id='block_1_97' title="bbox 260 5062 1814 5140">
    <p class='ocr_par' dir='ltr' id='par_1_97' title="bbox 260 5062 1814 5140">
     <span class='ocr_line' id='line_1_97' title="bbox 260 5062 1814 5140; baseline -0.001 -21"><span class='ocrx_word' id='word_1_678' title='bbox 260 5062 490 5132; x_wconf 81' lang='grc' dir='ltr'>κρημνῷ</span> <span class='ocrx_word' id='word_1_679' title='bbox 519 5066 843 5140; x_wconf 61' lang='grc' dir='ltr'>περιπέσῃς,</span> <span class='ocrx_word' id='word_1_680' title='bbox 867 5067 1003 5136; x_wconf 76' lang='grc' dir='ltr'>ὅπερ</span> <span class='ocrx_word' id='word_1_681' title='bbox 1029 5067 1288 5130; x_wconf 78' lang='grc' dir='ltr'>πολλάκις</span> <span class='ocrx_word' id='word_1_682' title='bbox 1305 5068 1462 5121; x_wconf 73' lang='grc' dir='ltr'>εἴωθε</span> <span class='ocrx_word' id='word_1_683' title='bbox 1497 5068 1814 5138; x_wconf 82' lang='grc' dir='ltr'>ξυμϐαίνειν</span> 
     </span>
    </p>
   </div>
   <div class='ocr_carea' id='block_1_98' title="bbox 258 5155 1815 5227">
    <p class='ocr_par' dir='ltr' id='par_1_98' title="bbox 258 5155 1815 5227">
     <span class='ocr_line' id='line_1_98' title="bbox 258 5155 1815 5227; baseline 0.003 -21"><span class='ocrx_word' id='word_1_684' title='bbox 258 5157 368 5216; x_wconf 82' lang='grc' dir='ltr'>τοῖς</span> <span class='ocrx_word' id='word_1_685' title='bbox 407 5155 551 5208; x_wconf 81' lang='grc' dir='ltr'>κατὰ</span> <span class='ocrx_word' id='word_1_686' title='bbox 583 5156 640 5208; x_wconf 76' lang='grc' dir='ltr'>σὲ</span> <span class='ocrx_word' id='word_1_687' title='bbox 659 5155 1037 5225; x_wconf 75' lang='grc' dir='ltr'>ταχυδρόμοις,</span> <span class='ocrx_word' id='word_1_688' title='bbox 1069 5156 1290 5225; x_wconf 78' lang='grc' dir='ltr'>ἄμεινον</span> <span class='ocrx_word' id='word_1_689' title='bbox 1318 5157 1551 5225; x_wconf 81' lang='grc' dir='ltr'>κέκρικα</span> <span class='ocrx_word' id='word_1_690' title='bbox 1581 5160 1815 5227; x_wconf 81' lang='grc' dir='ltr'>εὐφραν-</span> 
     </span>
    </p>
   </div>
   <div class='ocr_carea' id='block_1_99' title="bbox 259 5246 1810 5316">
    <p class='ocr_par' dir='ltr' id='par_1_99' title="bbox 259 5246 1810 5316">
     <span class='ocr_line' id='line_1_99' title="bbox 259 5246 1810 5316; baseline 0.003 -19"><span class='ocrx_word' id='word_1_691' title='bbox 259 5246 414 5313; x_wconf 76' lang='grc' dir='ltr'>θῆναί</span> <span class='ocrx_word' id='word_1_692' title='bbox 448 5264 513 5314; x_wconf 83' lang='grc' dir='ltr'><strong>με</strong></span> <span class='ocrx_word' id='word_1_693' title='bbox 547 5248 602 5299; x_wconf 77' lang='grc' dir='ltr'>ὲν</span> <span class='ocrx_word' id='word_1_694' title='bbox 632 5246 710 5314; x_wconf 84' lang='grc' dir='ltr'>τῷ</span> <span class='ocrx_word' id='word_1_695' title='bbox 745 5263 804 5298; x_wconf 86' lang='grc' dir='ltr'><strong>σε</strong></span> <span class='ocrx_word' id='word_1_696' title='bbox 850 5247 943 5300; x_wconf 80' lang='grc' dir='ltr'><strong>ὑπ’</strong></span> <span class='ocrx_word' id='word_1_697' title='bbox 996 5246 1128 5316; x_wconf 68' lang='grc' dir='ltr'>ἐμοῦ</span> <span class='ocrx_word' id='word_1_698' title='bbox 1186 5248 1518 5316; x_wconf 83' lang='grc' dir='ltr'>λυπηθῆναι,</span> <span class='ocrx_word' id='word_1_699' title='bbox 1573 5248 1756 5312; x_wconf 70' lang='grc' dir='ltr'>καθὼς</span> <span class='ocrx_word' id='word_1_700' title='bbox 1785 5251 1810 5302; x_wconf 71' lang='grc' dir='ltr'>δ</span> 
     </span>
    </p>
   </div>
   <div class='ocr_carea' id='block_1_100' title="bbox 272 5329 1809 5406">
    <p class='ocr_par' dir='ltr' id='par_1_100' title="bbox 272 5329 1809 5406">
     <span class='ocr_line' id='line_1_100' title="bbox 272 5329 1809 5406; baseline 0.003 -19"><span class='ocrx_word' id='word_1_701' title='bbox 272 5335 586 5397; x_wconf 74' lang='grc' dir='ltr'>Ἀπόστολος</span> <span class='ocrx_word' id='word_1_702' title='bbox 641 5329 904 5397; x_wconf 67' lang='grc' dir='ltr'>διδάσκει,</span> <span class='ocrx_word' id='word_1_703' title='bbox 936 5333 970 5406; x_wconf 75' lang='grc' dir='ltr'>ἢ</span> <span class='ocrx_word' id='word_1_704' title='bbox 1003 5335 1062 5388; x_wconf 86' lang='grc' dir='ltr'>τδ</span> <span class='ocrx_word' id='word_1_705' title='bbox 1087 5334 1241 5402; x_wconf 81' lang='grc' dir='ltr'>ἆγιον</span> <span class='ocrx_word' id='word_1_706' title='bbox 1299 5335 1521 5405; x_wconf 78' lang='grc' dir='ltr'>Πνεῦμα</span> <span class='ocrx_word' id='word_1_707' title='bbox 1548 5339 1687 5390; x_wconf 80' lang='grc' dir='ltr'>κατὰ</span> <span class='ocrx_word' id='word_1_708' title='bbox 1714 5337 1809 5391; x_wconf 87' lang='grc' dir='ltr'><strong>σοῦ</strong></span> 
     </span>
    </p>
   </div>
   <div class='ocr_carea' id='block_1_101' title="bbox 259 5423 1812 5495">
    <p class='ocr_par' dir='ltr' id='par_1_101' title="bbox 259 5423 1812 5495">
     <span class='ocr_line' id='line_1_101' title="bbox 259 5423 1812 5495; baseline 0.003 -21"><span class='ocrx_word' id='word_1_709' title='bbox 259 5423 562 5494; x_wconf 77' lang='grc' dir='ltr'>λυπηθῆναι</span> <span class='ocrx_word' id='word_1_710' title='bbox 595 5426 651 5477; x_wconf 75' lang='grc' dir='ltr'>ὲν</span> <span class='ocrx_word' id='word_1_711' title='bbox 685 5425 761 5492; x_wconf 83' lang='grc' dir='ltr'>τῷ</span> <span class='ocrx_word' id='word_1_712' title='bbox 785 5441 846 5476; x_wconf 86' lang='grc' dir='ltr'><strong>σε</strong></span> <span class='ocrx_word' id='word_1_713' title='bbox 869 5426 1045 5495; x_wconf 88' lang='grc' dir='ltr'>οίήσει</span> <span class='ocrx_word' id='word_1_714' title='bbox 1082 5426 1176 5478; x_wconf 80' lang='grc' dir='ltr'>καὶ</span> <span class='ocrx_word' id='word_1_715' title='bbox 1200 5425 1622 5495; x_wconf 62' lang='grc' dir='ltr'>ύψηλοφροσύνι,</span> <span class='ocrx_word' id='word_1_716' title='bbox 1703 5445 1812 5480; x_wconf 78' lang='grc' dir='ltr'>,ατο</span> 
     </span>
    </p>
   </div>
   <div class='ocr_carea' id='block_1_102' title="bbox 259 5512 1814 5586">
    <p class='ocr_par' dir='ltr' id='par_1_102' title="bbox 259 5512 1814 5586">
     <span class='ocr_line' id='line_1_102' title="bbox 259 5512 1814 5586; baseline 0.003 -21"><span class='ocrx_word' id='word_1_717' title='bbox 259 5512 560 5582; x_wconf 83' lang='grc' dir='ltr'>ενεχθῆναι.</span> <span class='ocrx_word' id='word_1_718' title='bbox 589 5514 772 5568; x_wconf 86' lang='grc' dir='ltr'>Ταῦτα</span> <span class='ocrx_word' id='word_1_719' title='bbox 799 5517 890 5566; x_wconf 73' lang='grc' dir='ltr'><strong>καὶ</strong></span> <span class='ocrx_word' id='word_1_720' title='bbox 919 5517 1137 5567; x_wconf 87' lang='grc' dir='ltr'>πλείονα</span> <span class='ocrx_word' id='word_1_721' title='bbox 1165 5516 1370 5569; x_wconf 85' lang='grc' dir='ltr'>τούτων</span> <span class='ocrx_word' id='word_1_722' title='bbox 1398 5515 1636 5584; x_wconf 72' lang='grc' dir='ltr'>εἰρηκὼς</span> <span class='ocrx_word' id='word_1_723' title='bbox 1678 5519 1814 5586; x_wconf 76' lang='grc' dir='ltr'>πρὸς</span> 
     </span>
    </p>
   </div>
   <div class='ocr_carea' id='block_1_103' title="bbox 323 5680 1557 5760">
    <p class='ocr_par' dir='ltr' id='par_1_103' title="bbox 323 5680 1557 5760">
     <span class='ocr_line' id='line_1_103' title="bbox 323 5680 1557 5760; baseline 0 -16"><span class='ocrx_word' id='word_1_724' title='bbox 323 5690 404 5744; x_wconf 80' lang='lat' dir='ltr'><strong>“l</strong></span> <span class='ocrx_word' id='word_1_725' title='bbox 444 5688 628 5745; x_wconf 70' lang='lat' dir='ltr'><strong>Pax-al.</strong></span> <span class='ocrx_word' id='word_1_726' title='bbox 662 5680 852 5756; x_wconf 64' lang='lat' dir='ltr'><strong>xkvrn,</strong></span> <span class='ocrx_word' id='word_1_727' title='bbox 900 5689 991 5742; x_wconf 69' lang='grc' dir='ltr'><strong>ΞΟ.</strong></span> <span class='ocrx_word' id='word_1_728' title='bbox 1073 5690 1112 5722; x_wconf 83' lang='grc'>¹¹</span> <span class='ocrx_word' id='word_1_729' title='bbox 1150 5690 1346 5760; x_wconf 79' lang='lat' dir='ltr'><strong>Ephes.</strong></span> <span class='ocrx_word' id='word_1_730' title='bbox 1377 5689 1557 5752; x_wconf 70' lang='lat' dir='ltr'><strong>tv‘,30.</strong></span> 
     </span>
    </p>
   </div>
   <div class='ocr_carea' id='block_1_104' title="bbox 1917 4528 3475 4597">
    <p class='ocr_par' dir='ltr' id='par_1_104' title="bbox 1917 4528 3475 4597">
     <span class='ocr_line' id='line_1_104' title="bbox 1917 4528 3475 4597; baseline -0.005 -13"><span class='ocrx_word' id='word_1_731' title='bbox 1917 4532 2210 4585; x_wconf 87' lang='lat' dir='ltr'><strong>multorum</strong></span> <span class='ocrx_word' id='word_1_732' title='bbox 2270 4530 2502 4591; x_wconf 87' lang='lat' dir='ltr'><strong>animas,</strong></span> <span class='ocrx_word' id='word_1_733' title='bbox 2553 4529 2748 4597; x_wconf 78' lang='lat' dir='ltr'><strong>luxque</strong></span> <span class='ocrx_word' id='word_1_734' title='bbox 2799 4529 2891 4582; x_wconf 76' lang='lat' dir='ltr'><strong>[ias</strong></span> <span class='ocrx_word' id='word_1_735' title='bbox 2931 4539 2982 4581; x_wconf 77' lang='lat' dir='ltr'><strong>et</strong></span> <span class='ocrx_word' id='word_1_736' title='bbox 3035 4528 3114 4584; x_wconf 79' lang='lat' dir='ltr'><strong>sal</strong></span> <span class='ocrx_word' id='word_1_737' title='bbox 3160 4530 3210 4580; x_wconf 84' lang='lat' dir='ltr'><strong>in</strong></span> <span class='ocrx_word' id='word_1_738' title='bbox 3268 4530 3475 4583; x_wconf 82' lang='lat' dir='ltr'><strong>mundo</strong></span> 
     </span>
    </p>
   </div>
   <div class='ocr_carea' id='block_1_105' title="bbox 1913 4619 3472 4689">
    <p class='ocr_par' dir='ltr' id='par_1_105' title="bbox 1913 4619 3472 4689">
     <span class='ocr_line' id='line_1_105' title="bbox 1913 4619 3472 4689; baseline -0.004 -13"><span class='ocrx_word' id='word_1_739' title='bbox 1913 4620 2400 4676; x_wconf 76' lang='lat' dir='ltr'><strong>errantibus.t\&#39;ovi</strong></span> <span class='ocrx_word' id='word_1_740' title='bbox 2443 4620 2690 4687; x_wconf 79' lang='lat' dir='ltr'><strong>equidem</strong></span> <span class='ocrx_word' id='word_1_741' title='bbox 2728 4620 2923 4673; x_wconf 87' lang='lat' dir='ltr'><strong>mentis</strong></span> <span class='ocrx_word' id='word_1_742' title='bbox 2983 4619 3373 4689; x_wconf 76' lang='lat' dir='ltr'><strong>perspicaciant</strong></span> <span class='ocrx_word' id='word_1_743' title='bbox 3419 4629 3472 4676; x_wconf 79' lang='lat' dir='ltr'><strong>et</strong></span> 
     </span>
    </p>
   </div>
   <div class='ocr_carea' id='block_1_106' title="bbox 1916 4710 3472 4780">
    <p class='ocr_par' dir='ltr' id='par_1_106' title="bbox 1916 4710 3472 4780">
     <span class='ocr_line' id='line_1_106' title="bbox 1916 4710 3472 4780; baseline 0 -16"><span class='ocrx_word' id='word_1_744' title='bbox 1916 4711 2192 4765; x_wconf 71' lang='lat' dir='ltr'><strong>sermonis</strong></span> <span class='ocrx_word' id='word_1_745' title='bbox 2240 4712 2492 4779; x_wconf 80' lang='lat' dir='ltr'><strong>gratiam.</strong></span> <span class='ocrx_word' id='word_1_746' title='bbox 2534 4727 2635 4777; x_wconf 83' lang='lat' dir='ltr'><strong>qna</strong></span> <span class='ocrx_word' id='word_1_747' title='bbox 2680 4710 2822 4763; x_wconf 80' lang='lat' dir='ltr'><strong>Deus</strong></span> <span class='ocrx_word' id='word_1_748' title='bbox 2853 4719 2903 4763; x_wconf 87' lang='lat' dir='ltr'><strong>te</strong></span> <span class='ocrx_word' id='word_1_749' title='bbox 2961 4711 3197 4764; x_wconf 71' lang='lat' dir='ltr'><strong>donavit.</strong></span> <span class='ocrx_word' id='word_1_750' title='bbox 3239 4720 3292 4763; x_wconf 89' lang='lat' dir='ltr'><strong>et</strong></span> <span class='ocrx_word' id='word_1_751' title='bbox 3335 4712 3472 4780; x_wconf 71' lang='lat' dir='ltr'><strong>scio,</strong></span> 
     </span>
    </p>
   </div>
   <div class='ocr_carea' id='block_1_107' title="bbox 1915 4800 3473 4861">
    <p class='ocr_par' dir='ltr' id='par_1_107' title="bbox 1915 4800 3473 4861">
     <span class='ocr_line' id='line_1_107' title="bbox 1915 4800 3473 4861; baseline -0.001 -7"><span class='ocrx_word' id='word_1_752' title='bbox 1915 4811 1968 4854; x_wconf 86' lang='lat' dir='ltr'><strong>te</strong></span> <span class='ocrx_word' id='word_1_753' title='bbox 2009 4813 2156 4857; x_wconf 87' lang='lat' dir='ltr'><strong>recte</strong></span> <span class='ocrx_word' id='word_1_754' title='bbox 2216 4802 2506 4854; x_wconf 84' lang='lat' dir='ltr'><strong>defendere</strong></span> <span class='ocrx_word' id='word_1_755' title='bbox 2553 4811 2786 4853; x_wconf 70' lang='lat' dir='ltr'><strong>menum</strong></span> <span class='ocrx_word' id='word_1_756' title='bbox 2852 4801 3023 4855; x_wconf 83' lang='lat' dir='ltr'><strong>sancti</strong></span> <span class='ocrx_word' id='word_1_757' title='bbox 3072 4800 3329 4861; x_wconf 80' lang='lat' dir='ltr'><strong>ductoris.</strong></span> <span class='ocrx_word' id='word_1_758' title='bbox 3377 4800 3473 4861; x_wconf 81' lang='lat' dir='ltr'><strong>sed</strong></span> 
     </span>
    </p>
   </div>
   <div class='ocr_carea' id='block_1_108' title="bbox 1911 4889 3474 4962">
    <p class='ocr_par' dir='ltr' id='par_1_108' title="bbox 1911 4889 3474 4962">
     <span class='ocr_line' id='line_1_108' title="bbox 1911 4889 3474 4962; baseline -0.001 -18"><span class='ocrx_word' id='word_1_759' title='bbox 1911 4894 2035 4962; x_wconf 85' lang='lat' dir='ltr'><strong>quia</strong></span> <span class='ocrx_word' id='word_1_760' title='bbox 2081 4892 2356 4952; x_wconf 85' lang='lat' dir='ltr'><strong>timebam,</strong></span> <span class='ocrx_word' id='word_1_761' title='bbox 2389 4906 2455 4942; x_wconf 88' lang='lat' dir='ltr'><strong>ne</strong></span> <span class='ocrx_word' id='word_1_762' title='bbox 2498 4905 2686 4958; x_wconf 84' lang='lat' dir='ltr'><strong>magna</strong></span> <span class='ocrx_word' id='word_1_763' title='bbox 2723 4891 2790 4946; x_wconf 83' lang='lat' dir='ltr'><strong>de</strong></span> <span class='ocrx_word' id='word_1_764' title='bbox 2840 4891 3013 4957; x_wconf 87' lang='lat' dir='ltr'><strong>teipso</strong></span> <span class='ocrx_word' id='word_1_765' title='bbox 3034 4889 3474 4956; x_wconf 75' lang='lat' dir='ltr'><strong>elatusopinione</strong></span> 
     </span>
    </p>
   </div>
   <div class='ocr_carea' id='block_1_109' title="bbox 1911 4976 3474 5048">
    <p class='ocr_par' dir='ltr' id='par_1_109' title="bbox 1911 4976 3474 5048">
     <span class='ocr_line' id='line_1_109' title="bbox 1911 4976 3474 5048; baseline -0.001 -16"><span class='ocrx_word' id='word_1_766' title='bbox 1911 4993 2148 5048; x_wconf 64' lang='lat' dir='ltr'><strong>praeceps</strong></span> <span class='ocrx_word' id='word_1_767' title='bbox 2177 4993 2392 5036; x_wconf 83' lang='lat' dir='ltr'><strong>rueres.</strong></span> <span class='ocrx_word' id='word_1_768' title='bbox 2421 4979 2564 5045; x_wconf 86' lang='lat' dir='ltr'><strong>quod</strong></span> <span class='ocrx_word' id='word_1_769' title='bbox 2594 4993 2732 5045; x_wconf 66' lang='lat' dir='ltr'><strong>sta-pe</strong></span> <span class='ocrx_word' id='word_1_770' title='bbox 2781 4977 2856 5030; x_wconf 88' lang='lat' dir='ltr'><strong>tui</strong></span> <span class='ocrx_word' id='word_1_771' title='bbox 2881 4977 3148 5029; x_wconf 85' lang='lat' dir='ltr'><strong>similibus</strong></span> <span class='ocrx_word' id='word_1_772' title='bbox 3183 4976 3474 5030; x_wconf 70' lang='lat' dir='ltr'><strong>Velocitate</strong></span> 
     </span>
    </p>
   </div>
   <div class='ocr_carea' id='block_1_110' title="bbox 1913 5067 3473 5138">
    <p class='ocr_par' dir='ltr' id='par_1_110' title="bbox 1913 5067 3473 5138">
     <span class='ocr_line' id='line_1_110' title="bbox 1913 5067 3473 5138; baseline -0.002 -16"><span class='ocrx_word' id='word_1_773' title='bbox 1913 5069 2108 5135; x_wconf 82' lang='lat' dir='ltr'><strong>ingenii</strong></span> <span class='ocrx_word' id='word_1_774' title='bbox 2147 5069 2529 5138; x_wconf 67' lang='lat' dir='ltr'><strong>praestantibus</strong></span> <span class='ocrx_word' id='word_1_775' title='bbox 2553 5068 2766 5120; x_wconf 81' lang='lat' dir='ltr'><strong>evenire</strong></span> <span class='ocrx_word' id='word_1_776' title='bbox 2791 5068 2951 5130; x_wconf 84' lang='lat' dir='ltr'><strong>solet,</strong></span> <span class='ocrx_word' id='word_1_777' title='bbox 2989 5067 3164 5121; x_wconf 87' lang='lat' dir='ltr'><strong>satius</strong></span> <span class='ocrx_word' id='word_1_778' title='bbox 3207 5067 3379 5130; x_wconf 75' lang='grc' dir='ltr'>ιιυιὶ,ι</span> <span class='ocrx_word' id='word_1_779' title='bbox 3420 5075 3473 5120; x_wconf 79' lang='lat' dir='ltr'><strong>te</strong></span> 
     </span>
    </p>
   </div>
   <div class='ocr_carea' id='block_1_111' title="bbox 1913 5157 3469 5225">
    <p class='ocr_par' dir='ltr' id='par_1_111' title="bbox 1913 5157 3469 5225">
     <span class='ocr_line' id='line_1_111' title="bbox 1913 5157 3469 5225; baseline -0.004 -12"><span class='ocrx_word' id='word_1_780' title='bbox 1913 5157 2285 5213; x_wconf 86' lang='lat' dir='ltr'><strong>contristando</strong></span> <span class='ocrx_word' id='word_1_781' title='bbox 2319 5173 2403 5212; x_wconf 91' lang='lat' dir='ltr'><strong>me</strong></span> <span class='ocrx_word' id='word_1_782' title='bbox 2429 5159 2710 5216; x_wconf 75' lang='lat' dir='ltr'><strong>obiectari.</strong></span> <span class='ocrx_word' id='word_1_783' title='bbox 2739 5158 3194 5225; x_wconf 82' lang='lat' dir='ltr'><strong>quemadmodum</strong></span> <span class='ocrx_word' id='word_1_784' title='bbox 3243 5158 3469 5223; x_wconf 64' lang='lat' dir='ltr'><strong>A})O.~l0-</strong></span> 
     </span>
    </p>
   </div>
   <div class='ocr_carea' id='block_1_112' title="bbox 1914 5244 3465 5315">
    <p class='ocr_par' dir='ltr' id='par_1_112' title="bbox 1914 5244 3465 5315">
     <span class='ocr_line' id='line_1_112' title="bbox 1914 5244 3465 5315; baseline -0.006 -12"><span class='ocrx_word' id='word_1_785' title='bbox 1914 5249 1999 5303; x_wconf 83' lang='lat' dir='ltr'><strong>ius</strong></span> <span class='ocrx_word' id='word_1_786' title='bbox 2050 5249 2206 5301; x_wconf 83' lang='lat' dir='ltr'><strong>docet</strong></span> <span class='ocrx_word' id='word_1_787' title='bbox 2237 5248 2299 5311; x_wconf 81' lang='grc'>⁸¹,</span> <span class='ocrx_word' id='word_1_788' title='bbox 2328 5262 2488 5314; x_wconf 76' lang='lat' dir='ltr'><strong>quam</strong></span> <span class='ocrx_word' id='word_1_789' title='bbox 2515 5247 2772 5315; x_wconf 85' lang='lat' dir='ltr'><strong>Spiritum</strong></span> <span class='ocrx_word' id='word_1_790' title='bbox 2809 5257 3056 5299; x_wconf 47' lang='lat' dir='ltr'><strong>swnctnm</strong></span> <span class='ocrx_word' id='word_1_791' title='bbox 3091 5248 3153 5298; x_wconf 82' lang='lat' dir='ltr'><strong>de</strong></span> <span class='ocrx_word' id='word_1_792' title='bbox 3186 5253 3236 5298; x_wconf 88' lang='lat' dir='ltr'><strong>te</strong></span> <span class='ocrx_word' id='word_1_793' title='bbox 3269 5244 3465 5296; x_wconf 80' lang='lat' dir='ltr'><strong>contri&#39;</strong></span> 
     </span>
    </p>
   </div>
   <div class='ocr_carea' id='block_1_113' title="bbox 1917 5331 3469 5402">
    <p class='ocr_par' dir='ltr' id='par_1_113' title="bbox 1917 5331 3469 5402">
     <span class='ocr_line' id='line_1_113' title="bbox 1917 5331 3469 5402; baseline -0.007 -10"><span class='ocrx_word' id='word_1_794' title='bbox 1917 5337 2073 5399; x_wconf 81' lang='lat' dir='ltr'><strong>stari,</strong></span> <span class='ocrx_word' id='word_1_795' title='bbox 2100 5336 2144 5390; x_wconf 88' lang='lat' dir='ltr'><strong>si</strong></span> <span class='ocrx_word' id='word_1_796' title='bbox 2178 5337 2385 5390; x_wconf 85' lang='lat' dir='ltr'><strong>tumida</strong></span> <span class='ocrx_word' id='word_1_797' title='bbox 2419 5337 2824 5390; x_wconf 80' lang='lat' dir='ltr'><strong>existimatione</strong></span> <span class='ocrx_word' id='word_1_798' title='bbox 2857 5335 3223 5402; x_wconf 81' lang='lat' dir='ltr'><strong>superbiaque</strong></span> <span class='ocrx_word' id='word_1_799' title='bbox 3252 5331 3469 5386; x_wconf 79' lang='lat' dir='ltr'><strong>inﬂatus</strong></span> 
     </span>
    </p>
   </div>
   <div class='ocr_carea' id='block_1_114' title="bbox 1917 5417 3470 5494">
    <p class='ocr_par' dir='ltr' id='par_1_114' title="bbox 1917 5417 3470 5494">
     <span class='ocr_line' id='line_1_114' title="bbox 1917 5417 3470 5494; baseline -0.006 -15"><span class='ocrx_word' id='word_1_800' title='bbox 1917 5433 2222 5479; x_wconf 86' lang='lat' dir='ltr'><strong>corrueres.</strong></span> <span class='ocrx_word' id='word_1_801' title='bbox 2245 5422 2339 5478; x_wconf 85' lang='lat' dir='ltr'><strong>His</strong></span> <span class='ocrx_word' id='word_1_802' title='bbox 2370 5425 2600 5494; x_wconf 75' lang='lat' dir='ltr'><strong>aliisque</strong></span> <span class='ocrx_word' id='word_1_803' title='bbox 2629 5425 2873 5492; x_wconf 82' lang='lat' dir='ltr'><strong>pluribus</strong></span> <span class='ocrx_word' id='word_1_804' title='bbox 2903 5423 2968 5478; x_wconf 86' lang='lat' dir='ltr'><strong>ad</strong></span> <span class='ocrx_word' id='word_1_805' title='bbox 2994 5437 3115 5477; x_wconf 85' lang='lat' dir='ltr'><strong>eum</strong></span> <span class='ocrx_word' id='word_1_806' title='bbox 3137 5433 3268 5472; x_wconf 82' lang='lat' dir='ltr'><strong>usus</strong></span> <span class='ocrx_word' id='word_1_807' title='bbox 3289 5417 3470 5474; x_wconf 78' lang='lat' dir='ltr'><strong>verbis</strong></span> 
     </span>
    </p>
   </div>
   <div class='ocr_carea' id='block_1_115' title="bbox 1924 5505 3462 5585">
    <p class='ocr_par' dir='ltr' id='par_1_115' title="bbox 1924 5505 3462 5585">
     <span class='ocr_line' id='line_1_115' title="bbox 1924 5505 3462 5585; baseline -0.011 -15"><span class='ocrx_word' id='word_1_808' title='bbox 1924 5524 1977 5570; x_wconf 80' lang='lat' dir='ltr'><strong>et</strong></span> <span class='ocrx_word' id='word_1_809' title='bbox 2012 5525 2281 5584; x_wconf 64' lang='lat' dir='ltr'><strong>precatur</strong></span> <span class='ocrx_word' id='word_1_810' title='bbox 2318 5516 2366 5569; x_wconf 87' lang='lat' dir='ltr'><strong>ei</strong></span> <span class='ocrx_word' id='word_1_811' title='bbox 2400 5515 2603 5584; x_wconf 85' lang='lat' dir='ltr'><strong>optima</strong></span> <span class='ocrx_word' id='word_1_812' title='bbox 2635 5529 2879 5585; x_wconf 65' lang='lat' dir='ltr'><strong>queque,</strong></span> <span class='ocrx_word' id='word_1_813' title='bbox 2907 5528 3029 5564; x_wconf 77' lang='lat' dir='ltr'><strong>cum</strong></span> <span class='ocrx_word' id='word_1_814' title='bbox 3069 5505 3462 5563; x_wconf 41' lang='lat' dir='ltr'><strong>benedictionis</strong></span> 
     </span>
    </p>
   </div>
  </div>
