4132 6332
237 419 300 476 δῖ
1379 417 1555 481 VITA
1599 418 1656 480 S.
1701 414 1867 481 NILI
1896 416 2276 484 JUNIORIS.
3415 431 3483 495 in

234 523 623 592 διδασκάλους,
652 527 824 583 ταῦτα
879 528 1219 602 παραδῶμεν
1245 530 1321 603 τῷ
1370 531 1515 604 λόγῳ
1547 533 1661 597 τοῖς
1693 531 1803 602 βου-

1919 533 2134 589 avidius
2167 532 2326 590 nobis
2355 534 2696 606 arripienaas
2718 578 2732 604 ,
2785 546 2842 594 ιιί
2905 541 3321 610 palaestritarum
3349 559 3484 614 Ἳιιι-

232 621 483 691 λομένοις
511 622 579 676 ἐκ
610 621 830 676 πάντων
894 620 1166 693 ὠφέλειαν
1187 624 1528 696 καρποῦσθαι
1553 643 1568 658 ο
1591 627 1654 680 οὐ
1685 626 1814 680 θαυ-

235 715 436 785 μάτων
453 715 755 785 μεγίστων,
778 716 811 787 ἢ
832 717 1129 789 τερατείων
1157 718 1431 787 ἀπόδειξιν
1456 719 1810 790 παριστῶντι,

234 800 318 870 οἷς
377 806 825 879 καταπλήττεται
848 809 885 882 ή
911 808 1051 880 ἀκοὴ
1101 810 1211 864 τῶν
1270 811 1809 885 νηπιωδεστέρων,ᾓ

231 899 344 955 τῶν
375 900 799 975 ἀπίστων,ἀλλὰ
833 879 1023 957 κόπων
1055 879 1434 976 ἀμέτρων-καὶ
1462 879 1701 977 μόχθων,
1727 879 1806 970 οἷς

231 992 328 1048 τὸν
359 993 697 1050 Ἀπὸστολον
722 995 1145 1069 ὶγκαυχώμενον
1161 994 1295 1053 οἶδα.
1325 999 1514 1072 Ὅμως
1533 999 1627 1053 καὶ
1649 1000 1820 1063 ταῦτα

232 1088 348 1163 τοῖς
372 1087 475 1156 μὲν
517 1089 770 1160 ἀπείροις
805 1088 1093 1155 ,πολλάκις
1135 1091 1355 1146 ἄπιστα
1407 1091 1675 1158 δόξουσιν,
1709 1094 1820 1159 τοῖς

231 1178 289 1234 σέ
324 1181 509 1245 ποσῶς
554 1183 984 1255 πεπειραμένοις
1043 1185 1212 1256 ζῆλον
1245 1169 1536 1258 ἐνθήσουσι
1555 1187 1648 1240 καὶ
1681 1188 1818 1259 μνή-

235 1287 346 1343 μης
374 1272 730 1345 ἑμπύρευμα.

1921 626 2319 696 gnantiumque
2350 628 2596 698 magistri
2628 629 2806 688 facere
2849 633 3023 690 solent
3054 651 3070 702 ;
3106 651 3223 707 age,
3258 637 3312 693 itt
3367 655 3485 694 me-

1920 718 2070 773 dium
2103 717 2465 788 proferamus,
2497 723 2782 782 utilitatem
2816 742 2882 782 ex
2923 742 3250 800 unaquaque
3282 748 3342 788 re
3391 749 3488 790 vo-

1919 807 2160 867 lentibus
2187 823 2406 880 capere,
2430 825 2543 866 non
2564 828 2684 882 quae
2704 829 2816 886 prae
2836 831 2896 872 se
2921 819 3101 873 ferant
3123 822 3481 879 maximorum

1921 900 2315 957 miraculorum
2347 917 2410 958 ac
2425 905 2796 975 prodigiorum
2829 911 3268 982 amplitudinem,
3289 919 3487 984 quibus

1920 995 2321 1066 obstupescunt
2357 997 2619 1054 ineruditi
2651 1009 2706 1056 et
2733 1002 2998 1067 inﬁdeles.
3051 1008 3145 1064 sed
3187 1007 3486 1068 immensos

1919 1088 2135 1148 labores
2152 1098 2206 1148 et
2235 1091 2489 1161 sudores,
2521 1092 2590 1150 de
2619 1095 2818 1165 quibus
2850 1097 2962 1152 scio
3005 1101 3329 1170 Apostolum
3366 1106 3485 1176 glo-

1918 1182 2174 1239 riantem.
2197 1183 2331 1240 Nam
2357 1193 2414 1241 et
2441 1185 2558 1241 inec
2585 1186 2704 1257 ipsa
2733 1187 3032 1260 inexpertis
3062 1193 3277 1262 quidem
3311 1197 3490 1251 incre-

1917 1275 2106 1331 dibilia
2136 1278 2499 1344 videbuntur;
2525 1279 2726 1351 quibus
2744 1296 2876 1338 vero
2907 1283 3126 1354 aliquod
3143 1287 3489 1356 experimen-

1919 1380 2034 1423 tum
2076 1379 2183 1435 est,
2237 1373 2756 1430 excitabunt-zelutn
2797 1381 2853 1431 et
2914 1375 3068 1447 ignes
3112 1377 3311 1435 addent
3371 1397 3488 1437 me-

1917 1476 2121 1519 ιιιοτιιτε.

1653 1585 1901 1647 CAPUT
1959 1586 2076 1650 III.

231 1659 488 1760 S-ﬂufj
514 1663 736 1760 ἱςξιιξιῇξ
761 1668 1051 1760 vigiliisque
1087 1686 1294 1760 carnem
1317 1675 1579 1760 (ἔσονται-ξι
1610 1677 1826 1760 spiritui
1859 1679 2115 1760 subjicit:
2140 1699 2284 1760 varie
2313 1685 2582 1741 orationes
2612 1687 3082 1760 oceupationesque
3102 1698 3328 1743 diurnas
3351 1691 3488 1743 dir:-

518 1737 1035 1830 ltrzdt'um
1069 1757 1087 1793 :
1133 1744 1474 1830 aut-iquorttm
1500 1737 1725 1830 Patrium
1758 1737 2000 1818 singulas
2035 1737 3078 1830 vivendiinermus-emperiturmf

303 1810 495 1859 tionem
532 1823 695 1878 usque
730 1810 798 1862 ad
826 1819 1090 1880 stuporem
1106 1810 1270 1878 colit,
1292 1818 1534 1887 varieque
1563 1835 1595 1871 a
1615 1810 1867 1873 dwmone'
1881 1832 2114 1878 tentatus
2147 1828 2203 1878 in
2224 1810 2476 1880 morbum,
2495 1810 2704 1884 incidit.

305 1897 384 1953 ιε’.
403 1899 641 1965 Ἐκεῖνος
661 1904 688 1955 ὁ
708 1901 969 1975 ενσαρκος
991 1907 1219 1976 ἄγγελος
1241 1911 1481 1977 ὑπέταξε
1504 1913 1602 1983 μὲν
1625 1913 1803 1987 ψυχὴν

1981 1917 2066 1971 15.
2096 1897 2239 1989 Ergo
2256 1935 2553 1991 corporeus
2572 1923 2661 1979 ille
2679 1925 2902 1995 angelus
2920 1925 3240 1983 subdiderat
3257 1925 3479 1996 quidem

227 1993 324 2046 καὶ
379 1992 602 2064 πνεῦμα
630 1993 709 2065 τῷ
734 1996 883 2068 νόμῳ
937 1999 1034 2052 τοῦ
1089 2001 1423 2071 πνεύματος,
1475 2005 1642 2075 μηδὲν
1671 2007 1808 2072 ὅλως

221 2086 399 2150 ῑάσας
445 2087 541 2139 τὸν
594 2087 718 2140 νοῦν
775 2088 1090 2158 φροντίζειν
1137 2093 1245 2146 τῶν
1307 2095 1459 2149 κάτω
1492 2097 1585 2150 καὶ
1634 2100 1810 2168 χαμαὶ

227 2178 565 2250 ἐρχομένων,
592 2181 709 2236 ἀλλ’
756 2183 1052 2257 ἑξερευνᾷν
1077 2184 1168 2240 τὸν
1193 2189 1356 2258 νόμον
1387 2187 1484 2242 τοῦ
1518 2189 1678 2253 Θεοῦ,
1716 2193 1809 2244 καὶ

225 2273 286 2326 ὲν
311 2273 407 2343 ὅλῃ
473 2274 673 2344 καρδίᾳ
723 2276 974 2347 ἐκζητεῐν
1022 2278 1116 2331 τοῦ
1151 2279 1440 2352 πληρῶσαι
1463 2281 1561 2345 τὰς
1593 2284 1807 2347 ὲντολένς

225 2364 415 2420 αὑτοῦ.
432 2363 705 2430 ’Υπέταξε
729 2367 785 2421 δὲ
809 2368 908 2439 τὴν
942 2363 1124 2442 σάρκα
1156 2371 1233 2441 τῷ
1256 2371 1552 2442 πνεύματι,
1581 2374 1811 2427 πλεῖστα

225 2462 365 2535 αὐτῇ
400 2467 774 2539 νομοθετήσας
807 2469 900 2523 καὶ
955 2469 1163 2542 σφόδρα
1204 2470 1655 2542 δουλαγωγήσας,
1714 2471 1809 2524 τού

226 2547 460 2623 εὐπειθῆ
513 2557 609 2609 καὶ
657 2559 874 2628 εὐήνιον
905 2557 1048 2613 εἶναι
1074 2559 1152 2631 τῷ
1200 2560 1433 2632 νεύματι
1464 2561 1559 2615 τοῦ
1585 2564 1809 2615 ἐπιστα-

223 2650 468 2716 τοῦντος.
508 2653 746 2720 Ἐδίδαξε
807 2658 907 2727 μὲν
963 2657 1072 2728 γὰρ
1120 2659 1315 2726 αὐτὴν,
1341 2658 1433 2712 διὰ
1457 2657 1607 2728 δύοῆ
1641 2657 1809 2726 τριῶν

221 2744 474 2816 ἡμερῶν,
501 2747 533 2819 ἦ
567 2750 662 2801 καὶ
694 2750 855 2804 πέντε
891 2751 1194 2822 λαμὸάνειν
1221 2753 1450 2824 τροφῆς,
1485 2754 1577 2806 καὶ
1609 2752 1810 2806 τοσαύ-

222 2853 326 2910 την
357 2842 446 2895 ἀεὶ
507 2842 685 2914 ἐνδεῆ,
715 2845 810 2898 καὶ
859 2847 979 2898 οἵαν
1009 2848 1076 2899 ἂν
1110 2846 1268 2919 τύχῃ,
1306 2850 1373 2919 τῇ
1411 2864 1472 2900 τε
1498 2848 1606 2900 τῶν
1637 2847 1808 2919 ἡδέων

224 2932 407 3000 ὀρέξει
456 2934 723 3004 μηδαμῶς
754 2937 1105 2992 ἐπισπεύδειν
1129 2957 1142 2971 ο
1177 2939 1481 3011 ἀπέχεσθαι
1509 2939 1676 3000 οἴνου,
1712 2939 1807 2992 καὶ

227 3022 502 3078 παντοίων
531 3024 622 3078 διὰ
655 3027 825 3097 πυρὸς
851 3029 1185 3098 ἐδεσμάτων.
1224 3030 1519 3099 Ἐμάστιζε
1543 3029 1600 3082 δὲ
1636 3031 1808 3096 αὐτὴν

227 3115 561 3184 ἀγρυπνίαις
584 3115 678 3171 καί
708 3117 1053 3196 ψξαλμῳδίαις
1080 3123 1176 3174 καὶ
1205 3121 1496 3193 παννύχοις
1523 3121 1802 3177 στάσεσιν.

237 3207 458 3280 Ἐπειδὴ
482 3209 538 3263 δέ
562 3211 677 3264 ἐστι
711 3213 804 3264 καὶ
827 3214 886 3265 ἐν
919 3215 1100 3276 αὐτοῖς
1123 3217 1236 3279 τοῖς
1271 3215 1458 3274 καλοῖς
1486 3215 1804 3286 πανουργία

224 3298 520 3369 δαιμόνων,
562 3302 706 3371 πέρα
738 3302 834 3356 τοῦ
868 3303 1071 3376 μέτρου
1102 3304 1443 3358 ὲκτείνεσθαι
1473 3303 1806 3358 ὑποϐάλλου-

227 3407 298 3446 σα
327 3395 437 3456 τοῖς
467 3393 743 3464 ἀπείροις,
812 3395 986 3450 ταῦτα
1018 3397 1223 3466 ἐκείνῳ
1279 3397 1463 3467 μέτρῳ
1493 3397 1804 3462 διετελεῖτο,

226 3484 297 3539 Iv‘
338 3486 388 3540 εί
435 3486 538 3557 μὲν
585 3487 805 3561 ἐλλείψῃ
836 3490 1019 3541 τιτῶν
1066 3490 1488 3558 τετυπωμένων,
1530 3490 1807 3561 ῥᾳθυμίας

224 3576 410 3650 δειχθῇ
437 3578 500 3632 τὸ
527 3579 732 3649 λεῖψαι,
760 3581 961 3645 καὶ-ὠς
993 3580 1276 3652 χρεώστην
1337 3581 1502 3635 αὐτόν
1547 3585 1645 3652 τὴν
1681 3599 1805 3636 συν·

227 3669 418 3741 ήθειαν
447 3672 730 3743 ἀπαιτήσῃ
758 3689 770 3702 ·
803 3674 852 3725 εί
881 3672 937 3724 δὲ
981 3691 1036 3725 τι
1063 3673 1449 3744 περισσότερον
1480 3672 1508 3724 ό
1540 3672 1804 3742 λογισμὸς

229 3765 529 3838 ὑποϐάλλῃ,
582 3765 854 3836 δαιμόνων
909 3761 1051 3820 εἶναι
1082 3767 1142 3819 τὸ
1170 3767 1356 3839 ἔργον,
1387 3767 1485 3820 καὶ
1515 3766 1805 3839 ἀποφεύγῃ

226 3857 316 3910 τὸν
342 3859 517 3912 δόλον.
552 3858 719 3911 Ὅθεν
751 3859 858 3912 ἀπὸ
879 3862 1027 3932 πρωΐ
1073 3861 1179 3923 ἓως
1208 3861 1398 3931 τρίτης
1439 3859 1606 3925 ὀξέως
1645 3859 1804 3913 ἐκαλ-

229 3951 504 4023 λιγράφει,
561 3952 743 4021 λεπτῷ
786 3953 880 4006 καὶ
934 3953 1124 4023 πυκνῴ
1179 3953 1464 4025 χρώμενος
1513 3953 1800 4025 ίδιοχεὶρῳ,

232 4046 319 4102 καὶ
349 4049 629 4119 τετράδιον
654 4047 878 4118 πληρῶν
905 4047 1027 4100 καθ’
1055 4047 1297 4115 ἑκάστην
1325 4064 1339 4079 ·
1375 4048 1431 4098 ἐν
1458 4047 1634 4115 τούτῳ
1658 4047 1802 4117 πλη-

233 4140 337 4210 ρῶν
366 4141 467 4210 τὴν
505 4139 599 4192 τοῦ
653 4137 981 4209 ἐργάζεσθαι
1035 4137 1366 4192 κελεύουσαν
1418 4137 1659 4208 ἐντολήν.
1689 4132 1802 4208 Τὴν

228 4233 283 4287 δὲ
313 4233 406 4286 τοῦ
440 4232 755 4302 Πνεύματος
779 4233 939 4303 χάριν
975 4232 1113 4302 μετὰ
1155 4231 1263 4282 τῶν
1316 4230 1632 4283 ἀποστόλων
1664 4229 1802 4301 λαμ-

228 4327 405 4380 εὰνων
462 4327 651 4380 ἵστατο
707 4327 902 4396 μέχρις
940 4325 1109 4394 ἕκτης
1166 4323 1319 4394 παρὰ
1353 4322 1429 4394 τῷ
1461 4323 1682 4396 σταυρῷ
1706 4323 1800 4378 τώ

230 4419 500 4470 Δεσπότου
564 4419 701 4488 μετὰ
741 4418 959 4486 Μαρίας
1005 4421 1100 4469 καὶ
1138 4417 1388 4470 Ἰωάννου
1416 4416 1476 4468 τὸ
1502 4416 1803 4488 ψαλτήριον

230 4512 450 4581 στιχῶν,
479 4515 575 4565 καὶ
610 4512 778 4563 ποιῶν
804 4510 1149 4579 γονυκλισὶας
1183 4510 1385 4580 χιλίας,
1418 4511 1800 4583 τελειουμένης

229 4605 327 4656 κάν
360 4604 538 4673 τούτῳ
564 4603 662 4674 τῆς
683 4605 770 4657 ἀεὶ
800 4604 1204 4675 προσεύχεσθαι
1231 4602 1450 4673 ἐντολῆς
1473 4605 1797 4674 παρεγγυώ-
1832 4622 1874 4677 ι)
1903 4605 2142 4670 Joanne,

230 4711 345 4764 σης.
387 4695 522 4748 Ἀπὸ
549 4695 603 4746 δὲ
630 4695 794 4764 ἕκτης
857 4694 962 4759 ἕως
1011 4694 1208 4764 ἐνάτης
1236 4695 1473 4762 ἐκάθητο
1496 4694 1799 4763 ἀναγινώσ-

227 4805 335 4840 κων
366 4789 462 4841 καὶ
518 4788 817 4861 ἐξερευνῶν
867 4789 959 4842 τὸν
1008 4789 1173 4859 νόμον
1197 4788 1290 4841 τοῦ
1343 4789 1570 4860 Κυρίου,
1603 4788 1797 4842 καὶτὰ

227 4883 506 4950 ποιήματα
535 4883 642 4934 τῶν
666 4881 1020 4936 διδασκάλων.
1058 4881 1228 4934 Τοῦτο
1259 4883 1367 4952 γὰρ
1393 4885 1419 4935 ὁ
1447 4882 1589 4945 θεῖος
1638 4882 1795 4936 Ἀπό-

227 4962 408 5038 στολος
436 4977 657 5046 γράφει*
689 4975 949 5047 Πρότεχε,
981 4975 1176 5044 λέγων,
1199 4978 1266 5045 τῇ
1287 4974 1616 5043 ἀναγνώσει.
1641 4976 1795 5029 Ἑνά-

225 5086 318 5140 την
337 5070 392 5122 δὲ
450 5069 768 5139 πληρώσας,
819 5070 919 5130 ,καὶ
950 5069 1026 5133 ὡς
1069 5070 1320 5140 θυμίαμα
1366 5069 1486 5140 Θεῴ
1541 5070 1791 5140 ἀναπέμ-

228 5182 340 5217 πων
368 5164 459 5216 τὸν
492 5166 744 5234 ἑσπέριον
797 5163 986 5235 ὕμνον,
1042 5163 1306 5234 ἐξήρχετο
1332 5165 1438 5228 ἔξω
1470 5164 1789 5236 περιπατῶν

225 5262 316 5310 καὶ
338 5255 732 5325 ὡραῖζὸμενος,
753 5256 846 5307 καὶ
872 5255 1066 5325 μικρὸν
1097 5254 1394 5308 ἀναπαύων
1415 5255 1513 5325 τὴν
1537 5256 1789 5323 αἴσθησιν

225 5351 568 5418 κεκμηκυίαν
612 5348 689 5417 τῷ
725 5349 892 5418 μήκει
938 5346 1037 5415 τῆς
1094 5347 1311 5417 ἡμέρας
1357 5349 1539 5418 φέρων
1566 5347 1700 5417 ἐ.μοῦ
1732 5347 1791 5400 τδ

222 5442 310 5494 τοῦ
357 5440 676 5494 Ἀποστόλου
724 5441 814 5492 ἐπὶ
847 5440 940 5494 τοῦ
994 5441 1283 5510 στόματος·
1325 5441 1450 5493 Ὅτι
1491 5440 1558 5493 τὰ
1583 5441 1789 5512 ἀόρατα

224 5534 314 5587 τοῦ
345 5534 483 5587 Θεοῦ
518 5535 625 5586 ἀπο
655 5533 887 5592 κτίσεως
938 5535 1144 5603 κόσμου
1198 5535 1311 5596 τοῖς
1343 5536 1612 5604 ποιήμασι
1641 5532 1792 5587 νοού-

229 5645 356 5698 μενα
383 5627 685 5698 καθορᾶται
722 5643 736 5657 °
770 5625 865 5677 καὶ
895 5625 977 5689 τὺ,
1025 5628 1120 5679 Ἐκ
1147 5627 1254 5679 τῶν
1287 5627 1788 5695 δημιουργημόιτων

225 5720 310 5770 τὸν
332 5718 675 5791 Δημιουργδν
705 5717 1236 5786 καταλαμϐάνοντες.

293 5933 336 5966 ⁸⁸
372 5930 386 5983 1
430 5929 576 5983 Tim.
608 5944 679 5994 tv,
712 5927 796 5981 l5.
875 5926 918 5960 "
960 5925 1119 5982 Rom.
1151 5942 1186 5988 ι,
1211 5923 1299 5979 9.0.
1381 5927 1421 5955 "'
1456 5925 1586 5980 ibid.

538 6023 805 6078 Pnuot.
841 6022 954 6079 Gtt.
991 6019 1165 6079 CXX.
1217 6040 1219 6042 ·

1919 2009 2009 2066 Dei
2049 2007 2148 2082 legi
2205 2022 2258 2068 et
2291 2014 2532 2068 animam
2579 2023 2634 2070 et
2672 2018 2955 2087 spiritum,
3001 2034 3111 2074 non
3162 2018 3487 2088 permittens

1912 2103 2141 2156 omnino
2172 2103 2338 2158 menti
2376 2102 2446 2159 de
2481 2089 2682 2161 inlimis
2712 2114 2766 2162 et
2790 2107 3075 2163 vilissimis
3101 2109 3361 2178 cogitare,
3387 2107 3483 2163 sed

1915 2194 2062 2248 illam
2099 2195 2318 2266 erigens
2336 2195 2557 2251 assidue
2583 2195 2650 2251 ad
2683 2199 3141 2272 perscrutandum
3176 2200 3270 2256 Dei
3309 2201 3482 2271 legem

1913 2293 1968 2338 et
1994 2286 2309 2340 enitendum
2339 2285 2486 2340 omni
2523 2289 2731 2352 studio,
2765 2295 2823 2341 ut
2849 2297 3119 2359 praecepta
3141 2288 3259 2360 ejus
3288 2290 3482 2360 imple-

1915 2385 2020 2431 ret.
2055 2375 2301 2446 Subjecit
2337 2391 2467 2433 vero
2523 2393 2743 2435 carnem
2787 2381 3005 2450 spiritui
3045 2382 3234 2438 multis
3274 2383 3486 2439 edomi-

1915 2475 2026 2523 tam
2062 2468 2272 2540 legibus
2301 2476 2357 2524 et
2392 2483 2648 2541 magnam
2710 2471 2765 2526 in
2796 2472 3113 2528 servitutem
3185 2471 3486 2540 redactam,

1913 2571 1970 2614 ut
1998 2575 2056 2615 se
2074 2559 2285 2616 i‘aciiem
2314 2569 2369 2618 et
2393 2571 2703 2632 promptam
2734 2563 2800 2619 ad
2826 2563 3190 2621 obedientium
3220 2568 3487 2636 praeberet

1913 2652 2249 2708 moderantis
2294 2655 2544 2710 arbitrio.
2583 2655 2780 2712 Docuit
2832 2657 3032 2728 quippe
3090 2658 3239 2714 illam
3292 2660 3483 2723 altero,

1913 2746 1993 2800 vel
2017 2747 2198 2812 tertio,
2244 2747 2335 2801 vel
2390 2749 2584 2819 quinto
2635 2764 2854 2821 quoque
2898 2751 2986 2806 die
3027 2750 3210 2807 cibum
3269 2767 3488 2809 sumere

1913 2840 2310 2908 necessarium,
2345 2855 2577 2912 eumque
2611 2842 2862 2909 tenuem;
2904 2844 3120 2898 obviam
3156 2853 3211 2900 et
3261 2861 3485 2901 suavem

1911 2935 2274 3005 appetentiam
2343 2935 2568 2990 minime
2628 2936 2806 3005 sequi,
2881 2935 3157 2994 abstinere
3229 2938 3358 2994 vino
3430 2949 3489 2994 et

1911 3028 2333 3099 quibuscunque
2361 3028 2561 3083 eduliis
2588 3028 2699 3099 igni
2747 3029 2943 3084 coctis.
2967 3027 3298 3098 Flagellabat
3320 3041 3485 3100 porro

1912 3121 2059 3175 illam
2121 3120 2326 3191 vigiliis
2356 3130 2412 3177 et
2445 3122 2771 3192 psalmodia,
2811 3121 3314 3194 pernoctationibus
3342 3140 3487 3178 nun-

1910 3227 2074 3283 quam
2109 3215 2438 3271 sedentariis
2485 3225 2539 3271 et
2574 3215 2808 3273 ﬂexione
2831 3216 3161 3273 creberrima
3221 3231 3482 3287 genuum.

1909 3306 2174 3361 Caeterum
2211 3307 2336 3377 quia
2371 3323 2472 3363 uec
2522 3309 2576 3363 in
2611 3309 2748 3380 ipsis
2800 3310 2958 3364 bonis
2996 3309 3146 3364 deest
3211 3309 3486 3365 calliditas

1908 3399 2192 3465 daemonis,
2226 3401 2567 3466 rndioribus,
2611 3402 2830 3456 modum
2867 3410 2929 3455 ut
2974 3401 3257 3467 excedant,
3285 3416 3484 3472 sugge-

1908 3509 2056 3560 rens,
2090 3494 2146 3548 in
2170 3494 2427 3550 omnibus
2461 3493 2553 3550 ille
2571 3493 2790 3549 modum
2811 3491 3123 3557 adhibebat,
3162 3499 3238 3559 ut,
3272 3494 3317 3548 si
3347 3492 3480 3562 quid

1906 3603 1971 3642 ex
2007 3589 2321 3643 constitutis
2351 3587 2454 3643 sibi
2488 3588 2672 3642 minus
2709 3585 2947 3642 fecisset.
2983 3583 3228 3640 defectus
3269 3586 3480 3640 tribue-

1905 3688 2060 3736 retur
2098 3679 2367 3736 socordia:
2421 3690 2532 3734 eta
2590 3677 2796 3748 seipse,
2840 3692 3036 3747 nempe
3091 3686 3153 3732 ut
3214 3677 3479 3744 debitore,

1905 3780 2230 3829 consuetum
2263 3788 2465 3825 morem
2513 3771 2757 3842 exigeret
2785 3787 2798 3825 :
2826 3771 2870 3826 si
2902 3769 3033 3840 quid
3072 3783 3201 3824 vero
3236 3769 3475 3839 amplius

1907 3865 2234 3936 subiecisset
2259 3865 2540 3936 cogitatio,
2589 3865 3008 3933 diguosceretur
3038 3877 3178 3933 opus
3200 3862 3468 3918 daemonis

1905 3967 1961 4014 et
1985 3959 2282 4015 evitaretur
2311 3959 2493 4014 dolus.
2527 3957 2714 4027 Itaque
2767 3972 2796 4011 a
2825 3957 2999 4027 prima
3049 3956 3170 4011 luce
3201 3970 3374 4025 usque
3409 3957 3478 4009 a:l

1905 4052 2121 4108 tertiam
2158 4049 2418 4106 velociter
2446 4049 2722 4119 politeque
2748 4048 3127 4116 exscribebat,
3166 4047 3474 4102 litterarum

1905 4145 2078 4200 forma
2108 4151 2271 4198 utens
2305 4142 2516 4196 minuta
2578 4151 2630 4196 et
2660 4141 2851 4206 densa,
2890 4147 2948 4195 ut
3005 4141 3236 4212 singulis
3273 4141 3468 4196 diebus

1904 4236 2322 4308 qualernioncm
2380 4232 2666 4302 impleret;
2723 4231 2825 4286 liae
2873 4230 3090 4286 ratione
3143 4242 3473 4301 praeceptum

1904 4329 2219 4392 observans,
2251 4340 2359 4397 quo
2388 4322 2742 4380 laborandum
2783 4338 2927 4385 esse.
2961 4322 3200 4392 iubetur.
3226 4321 3472 4393 Spiritus

1901 4437 2030 4478 vero
2062 4422 2292 4493 gratiam
2324 4433 2448 4474 cum
2489 4416 2766 4488 Apostoiis
2797 4416 3096 4486 accipiens,
3163 4415 3342 4471 stabat
3405 4416 3470 4469 ad

1903 4528 2122 4570 crucem
2157 4511 2375 4568 Domini
2421 4525 2598 4580 usque
2656 4509 2723 4563 ad
2776 4515 2983 4564 sextam
3036 4521 3160 4562 cum
3203 4505 3369 4560 Maria
3420 4516 3474 4560 et

2219 4605 2458 4658 rccitans
2507 4602 2748 4673 psalmos
2808 4609 2862 4655 ct
2921 4614 3157 4668 genuum
3214 4597 3474 4653 ﬂexiones

1908 4697 2053 4752 mille
2101 4709 2386 4765 peragens,
2427 4693 2530 4747 hac
2554 4691 2716 4746 etiam
2743 4705 2807 4744 ex
2839 4700 2991 4759 parte
3030 4687 3261 4758 implens
3277 4703 3472 4758 perpe-

1904 4797 2010 4844 tuae
2069 4788 2334 4845 orationis
2364 4792 2721 4857 praeceptum.
2780 4783 2824 4852 Α
2860 4788 3014 4837 sexta
3043 4780 3109 4835 ad
3145 4794 3342 4834 nonam
3381 4794 3469 4835 se—

1902 4881 2064 4937 debat
2112 4881 2328 4950 legeus,
2377 4885 2839 4947 perscrutansque
2908 4874 3079 4943 legem
3158 4870 3368 4927 Domini
3415 4884 3470 4927 ct

1902 4973 2101 5042 scripta
2138 4979 2459 5025 sanctorum
2496 4966 2720 5021 Patrqu
2763 4978 2926 5034 atque
2992 4964 3273 5035 doctorum
3323 4963 3470 5019 evol-

1901 5079 2067 5128 vens;
2101 5063 2174 5117 ita
2202 5054 2350 5117 enim
2398 5059 2638 5131 praecipit
2701 5056 3016 5128 Apostolus,
3074 5055 3329 5120 Attende,
3376 5055 3464 5110 in-

1899 5157 2096 5228 quiens
2121 5156 2186 5222 “,
2217 5153 2456 5210 lectioni.
2501 5150 2630 5207 Post
2657 5164 2856 5206 nonam
2884 5148 3124 5219 dirigens
3171 5148 3236 5201 ad
3295 5147 3462 5201 Deum

1898 5252 2041 5308 sicut
2062 5251 2347 5306 incensum
2370 5246 2740 5318 vespertinum
2778 5244 3062 5315 hymnum,
3087 5240 3466 5313 egrediebatur

1898 5345 2328 5409 deambulatum,
2352 5350 2408 5399 et
2429 5356 2651 5398 sensum
2681 5339 2832 5394 varia
2860 5336 3198 5408 spectatione
3251 5332 3466 5388 modice

1894 5447 2204 5494 recreatum
2234 5436 2504 5492 diuturno
2533 5432 2644 5488 diei
2684 5431 2870 5486 labore
2891 5429 3187 5491 defessum,
3214 5425 3462 5495 Apostoli

1896 5529 2102 5585 dictum
2131 5525 2536 5599 pronuntiando
2573 5541 2589 5578 :
2626 5522 2784 5590 Quod
2813 5519 3108 5577 invisibilia
3136 5516 3228 5570 Dei
3253 5531 3280 5570 a
3307 5527 3462 5568 crea-

1896 5632 2016 5678 tura
2055 5621 2239 5677 t‘nundi
2273 5635 2368 5692 per
2390 5622 2474 5685 ea,
2510 5633 2630 5690 quae
2657 5617 2799 5673 facta
2837 5624 2987 5678 sunt,
3020 5611 3290 5669 intellecta
3329 5623 3460 5664 eon-

1898 5714 2305 5787 spiciuntur":
2345 5721 2397 5770 et
2434 5711 2590 5778 illud,
2629 5710 2669 5764 Ε
2696 5710 2965 5766 creaturis
2987 5704 3304 5762 Creatorem
3342 5715 3460 5771 per-

1900 5809 2163 5879 cipientes
2185 5807 2249 5861 ¹⁶.
