4132 6332
664 318 736 386 43
2069 391 2073 394 _
2102 315 2451 378 ANONYMl

3820 294 3897 363 ιι

738 436 827 492 l6.
864 434 1061 493 Multas
1090 449 1306 508 quoque
1335 436 1636 492 sententias
1658 439 1713 489 et
1758 432 1925 489 verba
1982 429 2228 501 Gregorii

2408 430 2502 494 ις’.
2534 428 2768 493 Πολλοὺς
2807 427 2863 482 δὲ
2897 428 2990 481 καὶ
3039 422 3369 495 άπεστὴθιζε
3404 419 3595 497 λόγους
3631 421 3723 475 καὶ
3759 394 3899 492 χρηέ

670 530 910 599 theologi
949 530 1215 585 recitabat
1236 537 1667 596 ceterorumque
1711 525 2024 591 doctorum,
2078 537 2231 577 men-

672 630 780 674 tem
831 621 885 675 in
923 622 1007 674 his
1035 628 1298 690 perpetuo
1329 632 1611 681 exercens,
1680 624 1738 671 ut
1792 616 1945 671 nullo
1989 603 2235 683 tempore

672 722 986 782 vagaretur,
1025 712 1185 766 simul
1216 710 1380 764 etiam
1413 710 1674 765 discendo
1704 710 1976 779 ingenium
2004 716 2231 760 acuens.

673 802 801 857 Post
842 804 974 858 solis
999 817 1257 858 occasum
1283 799 1349 856 ad
1386 812 1632 856 mensam
1666 801 1777 856 ibat
1813 812 2038 854 :mensa
2069 808 2234 866 porro

675 897 752 949 illi
800 905 914 949 erat
948 893 1083 965 lapis
1124 892 1413 955 maximus,
1477 900 1531 945 et
1584 888 1810 947 scutella
1846 889 2113 959 apposita,
2158 886 2238 943 ιε’

674 1003 824 1059 genae
882 987 1270 1055 fragmentum,
1305 992 1359 1038 et
1388 970 1571 1037 cibum
1601 998 1725 1039 cum
1772 982 1991 1035 actione
2033 979 2237 1049 gratia~

674 1095 793 1133 rum
828 1078 1093 1133 sumebat.
1131 1076 1256 1130 Erat
1292 1082 1470 1129 autem
1499 1076 1656 1129 cibus
1709 1074 1794 1128 vel
1825 1072 2052 1143 simplex
2080 1070 2235 1140 panis

673 1180 727 1224 et
780 1184 919 1238 aqua
980 1158 1045 1222 ad
1089 1181 1356 1231 mensam,
1413 1166 1495 1221 vel
1545 1172 1694 1219 certe
1754 1164 1927 1219 solum
1984 1163 2232 1232 legumen

673 1270 889 1315 coctum
937 1258 1205 1327 :frttgunt
1242 1246 1459 1326 quoque
1515 1264 1758 1324 tempore
1804 1254 2082 1314 fructibus
2113 1260 2233 1305 tan-

675 1360 787 1403 tum
856 1349 1197 1403 vescebatur.
1232 1345 1483 1400 Adnixus
1512 1345 1675 1397 etiam
1706 1357 1851 1413 saepe
1889 1350 1973 1397 est
2007 1355 2231 1410 magna-

674 1442 853 1493 nimus
912 1440 991 1493 vir
1052 1437 1323 1506 de‘cerptis
1374 1450 1441 1491 ex
1510 1434 1704 1489 arbore
1761 1433 1980 1503 siliquis
2034 1434 2234 1498 \ivere,

674 1533 947 1603 myrtique
997 1529 1183 1584 baccis
1220 1535 1277 1582 et
1306 1526 1638 1590 unedonutn,
1670 1539 1733 1578 ac
1764 1524 2056 1579 similibus.
2128 1521 2235 1577 Ve-

664 1635 815 1689 ‘rum,
846 1624 1122 1679 obnitente
1144 1622 1363 1675 domina
1397 1634 1583 1683 carne,
1620 1632 1739 1688 quae
1763 1632 1888 1672 vere
1909 1618 2068 1671 flebat
2094 1616 2237 1670 sicut

675 1726 797 1771 uter
816 1719 867 1769 in
896 1714 1087 1785 pruina
1106 1714 1170 1779 ¹⁷,
1189 1726 1382 1767 rursus
1409 1710 1478 1765 ad
1506 1710 1662 1781 panis
1680 1724 1837 1764 usum
1857 1706 2234 1772 redibat.Quid

674 1806 1005 1861 multa?tot
1053 1803 1266 1859 vivendi
1325 1804 1573 1858 instituta
1628 1809 1887 1871 expertus
1939 1810 2044 1865 est,
2101 1809 2234 1869 quot

675 1896 904 1966 singulis
937 1895 1063 1950 olim
1101 1894 1307 1949 sanctis
1362 1891 1618 1946 Patribus
1672 1889 1962 1943 familiaria
2036 1886 2229 1953 fuisse,

678 1992 881 2059 lrgurat
913 2003 925 2037 ε
961 1996 1015 2041 et
1072 1983 1433 2055 quadraginta
1486 1981 1705 2051 quidem
1771 1987 1915 2034 totos
1959 1979 2077 2034 dics
2126 1994 2233 2032 non

671 2082 958 2152 jejunavit,
992 2079 1241 2133 humanm
1264 2075 1442 2129 laudis
1503 2073 1760 2127 invidiam
1827 2071 2233 2141 pertimescens,

676 2173 960 2241 inflatique
1013 2170 1181 2224 animi
1223 2168 1588 2237 perniciosum
1634 2179 1804 2217 cornu
1870 2162 2233 2233 perfringens,

678 2275 763 2318 ter
813 2276 942 2316 vero
998 2261 1222 2315 vicenos
1291 2258 1498 2327 peregit
1558 2255 1709 2319 dies,
1773 2254 1895 2307 cibo
1952 2266 2047 2321 per
2102 2250 2235 2304 illud

680 2366 894 2424 tempus
929 2353 1011 2407 bis
1046 2359 1254 2404 tantum
1276 2356 1510 2414 sumpto,
1549 2360 1668 2400 cum
1702 2360 1766 2399 ex
1802 2344 2037 2412 praetica
2062 2340 2237 2394 Theo-

687 2446 863 2501 doreti
921 2445 1146 2498 historia
1208 2439 1576 2511 cognovisset,
1633 2435 1906 2490 exstitisse
1966 2433 2094 2485 olim
2144 2431 2235 2485 Dei

690 2548 967 2591 amantem
1017 2536 1296 2597 feminam,
1326 2546 1447 2601 quae
1487 2532 1585 2584 hoc
1616 2528 1946 2599 praestiterit.
1974 2528 2239 2593 Quocirca

682 2631 772 2685 ubi
807 2643 918 2681 rem
965 2625 1335 2695 experimento
1390 2622 1661 2693 probavit,
1692 2634 1821 2673 vera
1866 2633 1986 2674 esse
2018 2632 2239 2687 compe-

681 2723 771 2785 rit,
821 2734 941 2790 quae
1004 2717 1207 2786 scripta
1257 2724 1408 2769 sunt.
1467 2714 1568 2783 Per
1644 2727 1844 2765 annum
1908 2725 2014 2764 uno
2061 2713 2238 2764 minus

682 2826 867 2867 mense
913 2808 1115 2864 nullam
1172 2808 1393 2877 penitus
1434 2804 1683 2858 adhibuit
1751 2802 2047 2870 potionem,
2102 2814 2240 2869 pane

682 2903 800 2957 solo
836 2899 1081 2970 quotidie
1105 2898 1172 2952 ad
1198 2910 1475 2966 vesperam
1500 2910 1631 2949 usus
1653 2903 1771 2964 post
1803 2893 1936 2946 solis
1952 2906 2237 2955 occasum,

682 2996 789 3049 duo
834 2992 936 3047 sibi
970 3004 1033 3045 ea
1089 3004 1153 3044 ex
1202 3003 1261 3043 re
1313 2988 1599 3057 magnique
1650 2985 1908 3039 momenti
1976 2982 2238 3037 beneficia

2338 540 2450 586 σεις
2492 519 2585 575 τοῦ
2638 520 2920 589 Θεολόγου,
2974 518 3069 571 καὶ
3136 515 3245 569 τῶν
3287 512 3489 567 λοιπῶν
3524 510 3895 575 διδασκάλων,

2334 614 2629 684 γυμνάζων
2677 614 2764 665 ἀεὶ
2791 611 2883 664 τὸν
2944 609 3069 663 νοῦν
3098 609 3153 660 ὲν
3183 605 3414 669 τούτοις,
3448 604 3539 657 util.
3569 598 3896 674 ρεμδασμοῦ

2337 703 2525 775 καιρὸν
2547 702 2622 773 μὴ
2649 702 2926 772 παρέχων,
2944 701 3058 770 ἀμα
3080 698 3136 751 δὲ
3165 695 3260 750 καὶ
3272 695 3371 771 τὴν
3396 694 3558 763 φύσιν
3578 694 3641 763 τῇ
3660 688 3899 763 μάθήσει

2334 797 2557 861 όξῦνων.
2605 794 2786 848 Ἠλίου
2809 792 2863 845 δὲ
2886 790 3143 851 δύναντος
3192 786 3629 857 προσερχόμενος
3663 786 3726 852 τῇ
3762 799 3903 852 τρα-

2336 890 2479 961 πέζῃ
2526 888 2732 958 ἐκείνῃσ
2768 868 2915 947 λίθος
2938 884 2997 936 δὲ
3026 878 3094 952 ἦν
3130 880 3385 951 μέγιστος
3416 878 3575 946 αῦτη,
3606 878 3700 929 καὶ
3733 874 3899 928 πινά-

2334 999 2457 1035 κιον
2489 981 2575 1033 ἐπ’
2614 976 2783 1047 αὐτῆς
2810 976 3147 1043 ἀπόκλασμα
3181 969 3449 1041 κεραμίου
3480 985 3494 1000 ·
3544 965 3903 1038 μετελάμσαο

2336 1069 2786 1141 νενέὑχαρίστως
2841 1066 3068 1137 τροφῆς,
3098 1059 3165 1135 ἧς
3200 1063 3449 1131 μετεῖχεν
3498 1061 3704 1121 ἐκεῖνος
3725 1095 3740 1121 ,
3769 1054 3903 1108 ποτὶ

2340 1163 2436 1232 μὲν
2488 1161 2641 1231 ψιλὸν
2694 1161 2878 1231 ἄρτον,
2943 1158 3037 1209 καὶ
3088 1154 3233 1225 ὕδωρ
3282 1154 3341 1205 ὲν
3404 1151 3613 1221 μέτρῳ,
3694 1148 3819 1202 ποτὲ
3840 1144 3901 1199 δὶ

2336 1253 2577 1323 ὀσπρίων
2601 1251 2887 1321 ἑψημένων
2917 1249 3012 1300 καὶ
3036 1246 3213 1318 μόνον.
3256 1245 3344 1297 Ἐν
3374 1232 3629 1313 καιρῷ’δὲ
3659 1242 3769 1300 τοῖς
3788 1238 3901 1289 τῶν

2337 1347 2568 1416 δένδρων
2592 1346 2827 1413 καρποῖς
2861 1342 3047 1402 αὐτοῖς
3086 1339 3311 1407 ἠρκεῖτο
3336 1335 3430 1387 καὶ
3487 1334 3686 1407 μόνοις.
3733 1328 3901 1382 Ἐπῦο

2336 1455 2563 1492 κτευσεν
2599 1438 2626 1490 ὁ
2653 1437 2896 1505 ἀνδρεῖος
2926 1429 3261 1502 ἀρκεσθῆναι
3291 1426 3552 1485 πολλάκις
3596 1426 3705 1485 τοῖς
3738 1421 3902 1481 abso:

2340 1531 2530 1600 μάτοις
2561 1526 2720 1598 δρυὸς
2767 1524 3065 1595 κερατίοις,
3103 1521 3378 1591 μυρσίνων
3414 1532 3473 1569 τε
3517 1517 3627 1594 τοῖς
3668 1512 3904 1580 καρποῖς

2337 1598 2429 1670 καὶ
2462 1617 2742 1686 κομάρων,
2804 1612 2900 1666 καὶ
2961 1614 3072 1673 τοῖς
3128 1609 3354 1678 ὁμοίοις.
3423 1603 3584 1657 Ἀλλά
3626 1603 3713 1654 διὰ
3739 1598 3903 1669 τομὴ

2336 1707 2737 1778 καταδέχεσθαι
2776 1706 2867 1760 τὸν
2902 1699 3313 1771 οἰκοδεσπότην,
3342 1697 3628 1767 γινόμενον
3682 1692 3901 1761 άληθῶς

2336 1804 2410 1864 ὡς
2466 1801 2633 1861 ἀσκὸς
2698 1804 2755 1851 ὲν
2792 1800 2857 1867 τῇ
2914 1795 3116 1865 πάχνῃ,
3169 1789 3476 1861 ὑπέστρεψε
3535 1787 3695 1841 πάλιν
3762 1788 3903 1853 πρὶς

2335 1893 2430 1962 τὴν
2483 1892 2576 1943 τοῦ
2624 1890 2788 1959 ἄρτου
2847 1887 3061 1957 χρῆσιν.
3091 1885 3157 1936 Τί
3203 1883 3283 1935 δεῖ
3306 1882 3473 1934 πολλά
3512 1879 3729 1947 λέγειν;
3770 1890 3901 1928 τοσ-

2335 1984 2504 2046 αύτας
2560 1980 2831 2040 πολιτεία,
2890 1977 3129 2048 διῆλθεν,
3177 1976 3311 2037 ὅσας
3356 1971 3486 2043 παρ’
3527 1971 3643 2033 ὲνδς
3667 1969 3902 2022 ἑκάστου

2335 2075 2441 2131 τῶν
2465 2073 2705 2143 ἀρχαίων
2766 2071 3016 2139 πατέρων
3059 2066 3391 2137 πραχθείσας
3436 2063 3664 2129 ἀνέγνω.
3695 2060 3907 2111 Τεσσα-

2340 2166 2575 2235 ράκοντα
2624 2165 2721 2231 μὲν
2780 2162 2991 2232 ἡμέρας
3026 2158 3289 2224 ἄγευστος
3319 2155 3379 2205 οὐ
3410 2152 3644 2217 διῆλθεν,
3686 2145 3903 2219 ὑφορὼ-

2341 2276 2500 2329 μενος
2529 2258 2587 2309 τὸ
2612 2258 2668 2307 ἐν
2702 2254 2948 2313 ἐπαίνοις
2982 2250 3250 2319 βάσκανον
3290 2245 3400 2298 τῶν
3461 2240 3780 2312 ἀνθρώπων,
3808 2237 3904 2290 καὶ

2338 2351 2399 2402 τὸ
2434 2348 2526 2401 τοῦ
2583 2346 2755 2412 τύφου
2823 2340 3112 2396 κατακλῶν
3178 2337 3478 2391 δεινότατον
3530 2332 3717 2403 κέρας.
3767 2327 3905 2397 Τρὶς

2339 2441 2512 2493 εἴκοσι
2556 2436 2789 2506 διῆλθεν,
2823 2434 2902 2495 δὶς
2938 2435 2995 2485 ὲν
3051 2431 3241 2490 αὑταῖς
3299 2426 3635 2495 γευσάμενος
3686 2421 3898 2491 μόναις,

2341 2533 2490 2602 παρὰ
2520 2527 2777 2596 γυναικὸς
2826 2523 3076 2592 φιλοθέου
3141 2520 3298 2572 τοῦτο
3334 2514 3520 2585 μαθὼν
3553 2512 3800 2565 τελεσθὲν
3838 2514 3904 2563 ἐκ

2338 2622 2435 2690 τῆς
2468 2618 2817 2687 Θεοδωρητυυ
2881 2610 3193 2683 πρακτικῆς
3262 2606 3523 2677 ἱστορίας.
3583 2606 3672 2656 Διδ
3711 2602 3805 2655 καὶ
3834 2602 3901 2671 τῇ

2340 2714 2506 2784 πείρᾳ
2563 2710 2693 2763 αὐτὸ
2749 2706 3077 2775 δοκιμάσας,
3134 2697 3294 2770 εὗρεν
3333 2697 3508 2769 ἀληθῆ
3548 2690 3687 2748 εἶναι
3720 2696 3786 2746 τά
3810 2709 3904 2759 γε-

2341 2802 2653 2872 γραμμένα.
2708 2796 3017 2864 Πεποίηκεν
3050 2792 3144 2845 ἕνα
3178 2789 3420 2842 ἐνιαυτὸν
3450 2787 3598 2856 παρὰ
3641 2784 3786 2855 μῆνα
3826 2784 3903 2854 μὴ

2344 2894 2677 2963 γευσάμενος
2710 2887 2879 2958 ὑγροῦ
2898 2888 3009 2940 οἵου
3038 2886 3101 2954 δή
3134 2900 3261 2935 ποτε
3290 2881 3445 2943 ὅλως,
3476 2881 3568 2933 καὶ
3600 2877 3720 2930 καθ’
3739 2875 3905 2928 torti-

2346 3003 2447 3055 ραν
2468 2982 2665 3037 ἐσθίων
2697 2982 2860 3051 ἄρτον
2893 2978 3055 3047 ξηρὸν
3093 2972 3237 3045 μετά
3263 2972 3414 3024 δύσιν
3441 2967 3732 3040 ήλίουνδύιο
3758 2982 3902 3037 πραο

682 3097 1029 3161 romparans,
1083 3094 1299 3150 nempe,
1350 3086 1411 3133 ut
1452 3078 1545 3132 uni
1587 3092 1619 3132 e
1666 3086 1901 3147 quatuor
1947 3076 2241 3129 virtutibus

2346 3078 2757 3146 γματευόμενος
2795 3075 2858 3123 ὲκ
2891 3067 3085 3121 τούτου
3117 3064 3352 3134 μεγάλα,
3384 3062 3448 3113 τό
3478 3077 3538 3112 τε
3581 3056 3906 3127 ὑπερμαχῆ-

684 3174 1055 3244 temperantia:
1130 3171 1410 3240 snppetias
1498 3169 1666 3223 ferret
1720 3185 1734 3220 :
1788 3166 2039 3221 studebat
2099 3168 2239 3220 enim

685 3266 957 3336 praecipue
1036 3263 1114 3318 vel
1176 3262 1295 3331 ipsa
1363 3259 1595 3314 naturali
1664 3256 1957 3313 efﬂuxione
2013 3256 2244 3310 liberare

684 3374 906 3428 corpus,
939 3356 1082 3426 quod
1116 3362 1176 3408 ιιι
1216 3360 1661 3423 assequerentur,
1688 3348 1903 3419 plut-imi
1931 3357 2242 3402 sanctorum

684 3451 1069 3514 decet-larunt;
1120 3446 1331 3501 confert
1393 3453 1572 3498 autem
1649 3444 1714 3495 ad
1782 3442 1885 3496 hoc
1952 3440 2243 3509 plurimum

688 3555 842 3610 aqua:
865 3540 1220 3603 abstinentia,
1261 3547 1321 3591 ut
1341 3537 1561 3605 quidam
1593 3533 1918 3589 Sanctorum
1953 3530 2241 3601 (l8)dixit:

688 3640 854 3703 utque
882 3640 1141 3699 praeterea
1168 3627 1369 3681 mentis
1393 3625 1689 3678 vanitatem
1729 3624 2048 3693 reprimeret
2074 3620 2247 3674 addu-

690 3726 934 3787 bitantis,
984 3736 1085 3775 nec
1144 3720 1303 3773 fidem
1345 3717 1599 3771 habentis
1645 3715 2075 3779 narrationibus,
2129 3729 2249 3783 quas

698 3818 766 3872 de
816 3813 1151 3870 admirandis
1191 3808 1601 3880 magnificisque
1647 3818 1959 3862 sanctorqu
2026 3806 2246 3859 Patrum

692 3906 849 3962 factis
910 3906 1185 3974 leguntur.
1253 3899 1412 3955 Certe
1470 3900 1613 3952 enim
1677 3906 1807 3951 nota
1860 3905 1943 3951 est
1995 3894 2249 3949 omnibus

693 3997 922 4055 historia
953 3997 1094 4064 ejus,
1118 3992 1211 4063 qui
1244 4005 1339 4061 per
1362 3990 1656 4044 triennium
1678 3989 1730 4041 in
1771 3987 2075 4041 ministerio
2103 3985 2249 4039 furni

693 4098 942 4145 versatus
974 4094 1059 4141 est
1119 4085 1379 4153 sinepotu
1438 4090 1493 4135 et
1564 4082 1619 4135 in
1694 4077 2023 4134 abstinentia
2100 4089 2252 4130 mor-

698 4194 827 4238 tuus
858 4178 969 4250 (l9)
998 4185 1101 4232 est.

769 4274 861 4327 17.
905 4270 1020 4324 Hoc
1048 4266 1354 4336 exemplum
1396 4279 1516 4319 cum
1548 4262 1709 4318 beato
1736 4262 1861 4316 huic
1907 4262 2146 4316 venisset
2195 4259 2250 4314 in

700 4376 960 4427 mentem,
1006 4375 1073 4416 ne
1115 4358 1346 4413 ariditas
1427 4356 1591 4410 nimia
1672 4354 1946 4424 pulmonis
1994 4366 2250 4423 magnum

694 4454 927 4511 inferret
968 4452 1293 4522 periculum,
1335 4447 1409 4501 ab
1447 4448 1682 4513 incoepta
1723 4441 2011 4499 deterruit.
2062 4442 2249 4512 Neque

691 4546 839 4605 enim
886 4546 1007 4600 sitis
1064 4543 1140 4597 illi
1167 4543 1278 4611 jam
1317 4542 1541 4595 molesta
1580 4548 1716 4603 erat,
1755 4547 1815 4589 ut
1856 4539 1972 4605 ipse
2006 4534 2249 4588 affirma-

692 4642 808 4705 bat,
846 4638 940 4692 sed
964 4650 1138 4704 usque
1182 4634 1247 4687 ιιι
1271 4644 1521 4688 oetavutn
1551 4630 1693 4683 diem
1729 4636 1979 4691 tantum;
2007 4625 2257 4679 studiose’

694 4730 961 4785 recitabat
983 4722 1372 4781 etobservabat
1393 4719 1592 4775 dictum
1622 4719 1748 4773 illud
1778 4736 1794 4771 :
1833 4735 1851 4770 ι
1897 4719 2134 4772 Adhaesit
2158 4732 2253 4787 pa-

694 4822 933 4875 vimento
959 4818 1137 4870 anima
1166 4828 1307 4879 mea,
1339 4810 1550 4866 viviﬂca
1591 4825 1676 4863 me
1699 4809 1997 4864 secundum
2029 4807 2251 4863 verbum

695 4925 849 4968 tuum
873 4910 957 4969 "7;
992 4926 1010 4959 ι
1034 4906 1227 4961 deinde
1254 4917 1381 4957 vero
1410 4901 1542 4957 illud
1574 4919 1588 4954 :
1629 4919 1646 4952 ι
1667 4899 1897 4955 Erexlsti
1928 4898 2055 4952 mihi
2088 4899 2253 4969 spiri-

938 4949 957 4976 ἲ

694 5013 808 5058 tum
846 5009 901 5057 et
922 5000 1231 5055 consolatus
1256 4998 1365 5050 vixi
1382 4996 1446 5051 “.
1478 5014 1497 5048 ι
1521 4993 1821 5049 Confirmat
1841 5008 1969 5049 vero
1990 4990 2253 5049 assertio-

696 5110 815 5146 nem
841 5099 1083 5145 nostram
1116 5086 1258 5155 quod
1277 5086 1474 5139 dicitur
1506 5101 1518 5137 :
1560 5081 1692 5136 Sitis
1722 5083 1864 5136 sitim
1882 5096 2057 5147 curat,
2080 5083 2267 5139 fames.

696 5184 891 5237 famem
915 5198 1024 5235 ιιυιι
1052 5175 1528 5249 reprimit.Totatn
1553 5173 1715 5243 por'ro
1744 5184 1987 5242 sanctam
2017 5175 2249 5243 quadra-

2346 3186 2434 3220 σαι
2466 3168 2532 3219 δι’
2563 3163 2727 3217 αὑτοῦ
2753 3164 2818 3231 τῇ
2848 3162 2945 3231 μιᾷ
2990 3157 3100 3211 τῶν
3140 3153 3353 3226 ἀρετῶν
3389 3150 3711 3221 σωφροσύνη
3742 3165 3756 3179 ”
3812 3149 3905 3201 καὶ

2343 3262 2450 3330 γάρ
2510 3257 2873 3326 ἐφιλοτιμεῖτο
2921 3252 3014 3305 καὶ
3066 3250 3236 3319 αὐτῆς
3277 3250 3377 3316 τῆς
3422 3243 3657 3313 φυσικῆς
3708 3241 3906 3311 ἐκροῆς

2344 3349 2651 3412 ἀπαλλάξαι
2680 3349 2741 3399 τὸ
2792 3346 2968 3419 σῶμα,
2998 3343 3135 3410 ὅπερ
3164 3340 3503 3411 ἠγωνίσαντο
3529 3336 3634 3389 τῶν
3659 3335 3830 3402 άγίων
3855 3334 3906 3385 oi

2346 3444 2587 3497 πλεῖστοι
2606 3458 2619 3471 ο
2651 3438 2786 3491 πολὺ
2812 3437 2868 3490 δὲ
2896 3432 3265 3505 συμϐάλλεται
3290 3433 3323 3499 ἡ
3348 3430 3443 3481 τοῦ
3493 3428 3684 3488 ὓδατος
3727 3425 3905 3478 ἔνδεια

2345 3538 2459 3598 τοῖς
2513 3530 2800 3594 τοιούτοις,
2833 3528 2905 3591 ὡς
2934 3528 3039 3597 ἔφη
3070 3542 3154 3587 τις
3188 3524 3295 3576 τῶν
3328 3520 3497 3588 ἁγίων
3524 3536 3537 3550 ·
3568 3520 3659 3571 καὶ
3688 3516 3749 3569 τὸ
3776 3518 3909 3568 ἀνα-

2350 3626 2553 3679 στεῖλαι
2588 3623 2685 3695 τὴν
2712 3622 2806 3675 τοῦ
2840 3618 3104 3689 λογισμοῦ
3138 3614 3430 3684 φλυαρίαν,
3481 3609 3820 3673 διστάζοντος
3849 3623 3909 3657 τε

2348 3722 2441 3773 καὶ
2462 3715 2819 3778 ἀπιστοῦντος
2848 3717 2904 3766 ὲν
2954 3715 3064 3774 τοῖς
3089 3708 3385 3781 ὑπερφυῶς
3434 3708 3528 3759 καὶ
3565 3702 3908 3774 μεγαλοπρε-

2350 3813 2466 3874 πῶς
2488 3812 2600 3871 τοῖς
2629 3807 2805 3876 ἁγίοις
2828 3805 3076 3875 Πατράσι
3110 3802 3520 3871 πεποιημένοις.
3551 3798 3775 3856 Πάντως
3800 3793 3909 3860 γάρ

2348 3902 2662 3973 ἀκηκόαμεν
2694 3901 2893 3960 πάντες
2950 3898 3041 3948 τὸν
3064 3898 3120 3947 ὲν
3154 3898 3219 3964 τῇ
3249 3892 3499 3962 διακονίᾳ
3551 3887 3645 3941 τοῦ
3673 3886 3908 3955 φούρνου

2347 3997 2651 4065 ποιήσαντα
2703 3992 2831 4062 τρία
2858 3990 2975 4058 ἐτη,
3028 3989 3119 4041 καὶ
3150 3988 3223 4057 μὴ
3271 3986 3486 4050 πιόντα,
3537 3983 3629 4036 καὶ
3654 3985 3709 4035 ὲν
3736 3979 3911 4048 τούτῳ

2347 4089 2466 4143 τελε
2475 4088 2723 4141 ιωθέντα.

2425 4262 2511 4327 ιζ’.
2549 4263 2722 4329 Ὅπερ
2757 4257 3090 4326 ἐνθυμηθεὶς
3114 4259 3141 4309 ὁ
3172 4255 3443 4325 μακάριος
3482 4269 3660 4315 ουτος.
3694 4251 3769 4321 μή
3796 4267 3914 4312 πως

2354 4358 2388 4426 ὴ
2444 4352 2713 4421 παντελὴς
2761 4350 2855 4402 τοῦ
2896 4348 3203 4417 πνεύμονος
3260 4346 3417 4414 ψύξις
3470 4344 3710 4397 κίνδυνον
3764 4340 3915 4410 αὑτῷ

2286 4414 2326 4469 D
2355 4414 2613 4512 ἐπαγάγῃ
2631 4414 2722 4493 τδν
2745 4439 2805 4491 οὑ
2834 4414 3088 4508 τυχόντα,
3144 4436 3428 4504 ἀνετράπη
3479 4434 3577 4502 τῆς
3630 4430 3911 4501 ἐργασίας.

2351 4535 2489 4590 Οῦτε
2545 4534 2655 4602 γάρ
2695 4531 2823 4600 δίψα
2857 4528 3029 4599 αὐτῷ,
3069 4528 3143 4591 ὡς
3176 4527 3337 4592 αὐτὸς
3384 4524 3771 4595 ἐπληροφόρει,
3806 4539 3912 4575 πα-

2354 4622 2621 4696 ρηνώχλει
2648 4622 2858 4685 λοιπὸν,
2909 4620 3045 4672 ἀλλὰ
3096 4618 3289 4688 μέχρις
3347 4616 3539 4686 ὀγδόης
3574 4615 3787 4687 ἡμέρας
3821 4616 3915 4667 καὶ

2355 4718 2549 4787 μόνον’
2588 4718 2653 4768 ὲκ
2676 4712 2964 4773 διαθέσεως
2990 4711 3168 4763 ἐλάλει
3201 4726 3263 4761 τε
3292 4709 3388 4761 καὶ
3413 4708 3585 4761 ἐποίει
3618 4707 3701 4769 τὸ,
3734 4701 3918 4758 Ἐκολο

2353 4807 2491 4879 λήθη
2525 4805 2603 4876 τῷ
2640 4803 2885 4871 ὲδάφειὴ
2916 4800 3060 4871 ψυχή
3124 4818 3249 4870 μου,
3309 4798 3475 4868 ζῆσόν
3518 4812 3585 4866 με
3637 4795 3778 4850 κατὰ
3826 4795 3917 4850 τὸν

2354 4900 2509 4968 λόγον
2576 4911 2709 4949 σοιν
2757 4896 3053 4967 μετέπειτα
3096 4891 3151 4945 δὲ
3186 4892 3266 4957 τὸ,
3313 4888 3631 4959 Ἐξήγειράς
3677 4904 3777 4955 μου
3817 4886 3917 4955 τὴν

2359 4992 2547 5063 πνοὴν,
2586 4992 2678 5043 καὶ
2702 4985 3083 5059 παρακληθεὶς
3110 4986 3302 5053 ἔζησα.
3324 4982 3543 5035 Βεὸαιοῖ
3584 4981 3641 5033 δὲ
3671 4980 3731 5032 τὸ
3766 4979 3915 5049 είρη-

2360 5087 2562 5157 μένονό
2586 5086 2761 5152 φήσας
2788 5096 2802 5111 ⁸
2835 5078 2977 5145 Δίψα
3028 5077 3186 5146 δίψαν
3251 5077 3415 5141 ίᾶται,
3452 5076 3612 5126 πεῖνα
3639 5072 3696 5123 δὲ
3728 5072 3919 5123 πεῖναν

2358 5178 2455 5230 οὑκ
2479 5173 2811 5229 ἀναστέλλει.
2857 5171 2967 5239 Τὴν
2992 5169 3046 5221 δὲ
3087 5168 3249 5223 ἁγίαν
3274 5163 3733 5231 Τεσσαρακοστὴν
3762 5161 3918 5232 διὴρο

754 5305 791 5333 ’⁷
828 5302 1176 5364 Ρδειι.·ςινιιι,
1205 5297 1291 5351 83.
1372 5294 1417 5326 "
1453 5296 1590 5350 Psal.
1618 5312 1801 5361 cxvm,
1824 5294 1918 5351 83.
1991 5300 2033 5330 "
2070 5298 2215 5353 Psal.
2246 5296 2443 5361 tum,
2482 5296 2565 5347 17.

1977 5417 2237 5477 Joannis
2267 5416 2395 5477 Clei
2435 5424 2626 5474 notm.

765 5551 875 5621 (l8)
905 5550 1087 5605 Totics
1127 5554 1477 5603 occurrentes
1506 5543 1806 5621 sententias
1828 5556 1911 5621 e_x_
1935 5518 2273 5621 Scriptn‘ris‘

695 5612 868 5677 sacris
905 5637 1007 5673 non
1050 5621 1287 5686 assigno,
1326 5631 1448 5669 cum
1477 5614 1655 5686 rfat'ilc
1689 5612 1913 5681 reperiri
1966 5625 2006 5663 ts
2044 5613 2239 5686 verbis
2280 5663 2289 5673 ι

698 5694 925 5759 possint.
957 5677 1220 5743 Observat
1254 5677 1635 5759 (iaryuplrilus,
1667 5677 2242 5759 setitnonemthcesse

696 5750 968 5817 deabbatc
996 5760 1237 5823 Theona,
1280 5750 1461 5810 collat.
1499 5756 1531 5807 ’Ξ
1560 5755 1625 5807 de
1662 5751 1938 5806 nocturnis
1977 5750 2241 5805 illusioni-

2356 5541 2456 5594 bus
2487 5539 2603 5591 hac
2630 5536 2909 5603 afferente.
3213 5602 3233 5603 η
3546 5601 3557 5603 μ
3595 5558 3619 5603 _'

2420 5609 2532 5679 (l9)
2562 5600 2786 5679 iAllega't
2820 5604 3180 5679 Caryophilus
3212 5602 3433 5656 Pratum
3476 5600 3760 5671 spirituale
3826 5601 3917 5656 ubi

2352 5677 2471 5746 cap.
2510 5678 2580 5731 84
2613 5677 2933 5731 admiranda
2988 5677 3100 5728 hate
3149 5684 3401 5728 narratur
3459 5686 3771 5726 austeritas.
