4132 6332
214 332 284 400 ιδ
1355 328 1542 427 ινιτ).
1587 329 1648 396 s.
1687 330 1798 396 nn

1902 332 2286 404 IUNIORTS.
3376 345 3448 411 ίδ

216 471 342 526 xu.)
368 454 548 508 πᾶσαν
610 453 834 523 μηδενὸς
896 451 1052 506 ἄλλον
1093 449 1356 519 μετέχων,
1387 453 1435 503 εί
1465 453 1537 522 μὴ
1572 451 1664 504 τοῦ
1693 453 1785 505 ἀν-

1902 456 2160 525 grsimam
2184 457 2535 527 percurrebat
2560 459 2690 514 nihil
2721 459 2864 516 aliud
2897 461 3184 533 degustans
3205 493 3228 528 ,
3285 479 3450 534 quam

216 543 449 614 τιδώρου
493 543 589 597 καὶ
628 543 806 612 μόνονδ
837 541 929 595 καὶ
959 534 1091 593 αὑτὸ
1121 538 1175 592 δέ
1197 537 1283 591 διὰ
1314 541 1375 590 τὸ
1399 539 1518 592 καθ’
1551 539 1786 605 ἑκάστην

217 636 440 707 ἡμέραν
507 633 780 688 αἰτεῖσθαι
826 634 917 686 τδν
941 630 1219 684 ἐπιούσιον
1251 631 1434 701 ἄρτον.
1470 630 1658 698 Ὅμως
1697 627 1792 680 καὶ

219 731 393 792 αὑτὰς
419 730 640 790 άπότως
659 727 789 799 ῆνυε
818 727 999 790 πάσας
1026 724 1307 787 πολλάκις.
1356 725 1513 776 Πᾶσα
1540 724 1640 792 μὲν
1696 719 1791 774 οὖν

218 823 403 893 ἡμέρα
437 822 686 892 ὑπῆρχεν
709 819 860 888 αὑτῷ
884 821 941 871 ἐν
965 819 1138 888 ἀγῶνι
1159 821 1382 880 κανόνος
1409 815 1787 887 ἀπαραϐάτσυο

218 915 317 982 νὺξ
355 915 412 968 δὲ
471 914 639 968 πάλιν
695 913 755 965 ἐν
811 914 925 976 τοῖς
983 913 1168 976 αὐτοῖς
1218 909 1357 982 διῄει
1419 907 1792 977 ἁπαραϐἁτως

213 1007 442 1077 ὁμοίως.
509 1006 652 1077 Ὦρᾳ
701 1005 802 1076 μιᾷ
855 1002 1161 1075 ἐπληροῦτο
1188 1003 1250 1056 τδ
1284 1001 1443 1083 χρέος
1474 999 1569 1054 τοῦ
1596 998 1790 1062 ὑπνου,

217 1095 342 1151 οὐδὲ
370 1096 479 1166 γὰρ
511 1092 657 1166 εἶχεν
689 1088 734 1165 ᾧ
765 1094 1165 1168 προσαναλώσῃ
1189 1093 1287 1164 τὴν
1316 1093 1504 1162 πέψινθ
1529 1091 1588 1145 τὸ
1609 1091 1794 1144 λεῖπον

218 1190 276 1242 δὲ
311 1189 458 1243 ἅπαν
487 1189 569 1252 εἰς
603 1188 882 1259 πλήρωσιν
913 1184 1007 1240 τοῦ
1035 1185 1361 1256 ψαλτηρίου,
1402 1186 1499 1238 καὶ
1529 1197 1794 1236 πεντακο-

221 1282 357 1335 σίων
381 1278 747 1350 γονυκλισιῶν
772 1281 993 1350 μέτρον,
1026 1278 1136 1334 τῶν
1160 1296 1220 1333 τε
1250 1279 1661 1350 μεσονυκτικῶν
1702 1276 1796 1330 καὶ

213 1375 489 1447 ὀρθρινῶν
537 1373 862 1442 ἀνηλίσκετο
905 1371 1112 1442 ὓμνων.
1142 1372 1408 1434 Πολλάκις
1439 1371 1547 1442 γάρ
1579 1369 1795 1431 ἀπεμά-

219 1485 342 1539 χετο
375 1466 451 1537 τῷ
482 1465 677 1520 ἑαυτοῦ
711 1465 978 1536 λογισμῷ,
1021 1467 1115 1519 καὶ
1142 1465 1320 1520 ἐλάλει
1355 1483 1368 1496 ·
1403 1466 1524 1519 Ὄτι
1555 1465 1602 1516 οί
1637 1466 1694 1516 ἐν
1718 1461 1794 1531 τῷ

219 1562 468 1633 κοινοόίῳ
491 1563 642 1624 ὄντες
659 1562 764 1631 ήμέ
774 1576 871 1632 ρας
895 1561 992 1630 μὲν
1017 1559 1432 1632 διακαρτεροῦσι
1451 1560 1561 1621 τοῖς
1591 1557 1792 1629 ἔργοις,

220 1638 574 1727 νηστεύοντες
597 1652 718 1707 καθ’
777 1652 1038 1723 ἑκάστην,
1092 1651 1288 1715 νυκτὸς
1316 1647 1372 1703 δέ
1403 1648 1796 1721 διαγρυπνοῦσι

219 1749 328 1810 τοῖς
358 1745 548 1817 ὕμνοις
579 1744 931 1816 σχολάζοντες
956 1746 1052 1798 καὶ
1089 1746 1156 1815 τῇ
1181 1740 1512 1812 ἀναγνώσει,
1565 1740 1796 1810 ψάλλον-

220 1854 310 1900 τες
353 1837 487 1890 τόσα
554 1836 648 1888 καὶ
714 1835 876 1888 τόσα’
945 1833 1317 1904 ἐλεημοσύνας
1360 1833 1455 1887 καὶ
1490 1830 1796 1899 ξενοδοχίαις

222 1929 549 2001 ἐργάζονται
577 1927 855 1989 πλείστας.
875 1926 1062 1995 Ἦμῶν
1089 1926 1146 1979 δὲ
1181 1927 1239 1978 ἐν
1266 1922 1440 1996 ταύτῃ
1467 1926 1533 1995 τῇ
1564 1922 1799 1994 δοκούσῃ

222 2022 423 2092 ἠσυχίᾳ
489 2018 870 2091 καθεζομένων
901 2020 996 2072 ἐὰν
1032 2017 1106 2090 μὴ
1136 2017 1480 2090 περισσεύσῃ
1523 2019 1555 2088 ὴ
1585 2016 1792 2069 δικαιοο

225 2115 357 2182 σύνη
393 2111 502 2167 διαὶ
545 2114 574 2166 ὁ
604 2113 789 2176 ἔνθεος
856 2112 1040 2176 πόθος,
1100 2111 1308 2183 ματαία
1342 2112 1376 2181 ή
1434 2111 1590 2174 ἐλπὶς
1641 2107 1799 2180 ἡμῶν

220 2207 372 2262 ἐσται
421 2206 517 2260 καὶ
550 2205 814 2269 ἀνοίκειος
847 2203 875 2258 ό
899 2204 1121 2277 τρόπος.
1154 2196 1266 2258 Ἦν
1303 2199 1359 2257 δέ
1390 2203 1486 2257 καὶ
1519 2202 1581 2255 τὸ
1597 2200 1800 2270 ἔνδυμα

219 2300 385 2355 αὑτοῦ
434 2299 544 2353 ἀπὸ
571 2298 772 2370 τριχῶν
801 2296 1025 2366 αἰγείων
1071 2297 1297 2363 σάκκος,
1332 2289 1413 2360 εἷς
1447 2293 1531 2373 ἐνὶ
1549 2291 1797 2363 ἐνιαυτῷ,

222 2395 316 2448 καὶ
340 2395 516 2466 ἑτέρῳ
538 2394 717 2457 ἀλλος.
781 2392 846 2446 Ἡ
878 2390 934 2444 δὲ
959 2391 1107 2460 ζώνη
1158 2389 1326 2446 αὑτοῦ
1359 2383 1428 2460 ἦν
1453 2388 1690 2460 σχοινίον
1723 2389 1797 2459 μὴ

222 2490 506 2560 λυόμενον,
539 2489 588 2540 εί
617 2489 691 2558 μὴ
729 2485 864 2558 μίαν
898 2483 996 2538 τοῦ
1030 2486 1252 2556 χρόνου.
1283 2485 1378 2548 Διὸ
1403 2487 1501 2538 καὶ
1524 2485 1582 2537 ἐν
1607 2481 1801 2554 πλήθει

222 2580 465 2652 φθειρῶν
497 2579 795 2650 ἐκαρτέρει
828 2579 1241 2650 σικχαινόμενος
1295 2577 1329 2649 ἢ
1381 2576 1710 2649 κνηθόμενος
1735 2577 1798 2646 τῇ

223 2675 398 2728 αὑτῶν
447 2673 753 2743 ἐνοχλήσει.
813 2670 1035 2740 Θάμνσς
1090 2671 1147 2725 δέ
1199 2668 1444 2742 ὑπῆρχεν
1491 2666 1802 2740 ἔμπροσθεν

223 2769 312 2822 τοῦ
356 2766 649 2836 σπηλαίου,
709 2763 840 2821 ἔνθα
871 2768 1185 2837 μυρμήκων
1213 2764 1418 2835 πλῆθος
1442 2757 1704 2834 κατῴκει,
1742 2763 1800 2814 ἐν

221 2853 264 2928 ᾧ
286 2855 650 2930 ῥιπτούμενος
677 2858 830 2930 παρά
846 2853 939 2910 τοῦ
973 2858 1130 2925 ἁγίου
1159 2859 1187 2910 ὁ
1205 2854 1407 2918 σάκκος
1435 2851 1799 2925 ἐκαθαρίζετο

224 2953 328 3008 ἀπὸ
376 2951 487 3005 τῶν
543 2950 844 3023 σκωλήκων
918 2947 1365 3004 ἐκείνωνσοὺτω
1427 2947 1534 3019 γάρ
1595 2947 1790 3007 αὑτοὺς

225 3045 407 3106 βαλώι
462 3045 581 3104 δέον
620 3042 1029 3119 τραχυνθέντας
1093 3041 1172 3112 τῷ
1230 3041 1432 3112 χρόνῳ,
1488 3039 1640 3109 δίκην
1689 3037 1803 3090 είσ-

1892 564 2082 617 panem
2117 551 2168 602 in
2207 550 2381 608 sacris
2408 542 2690 608 Missarum
2729 554 3092 622 benedictum,
3125 556 3287 628 idque
3317 557 3444 627 quia

1893 658 1989 711 per
2030 643 2146 698 dies
2174 638 2418 713 singulos
2448 637 2793 713 quotidianus
2824 648 3029 718 petitur
3083 649 3242 718 panis
3275 663 3290 701 :
3329 648 3446 703 sine

1894 735 2022 801 potu
2052 748 2232 790 tamen
2286 751 2426 806 saepe
2458 737 2574 790 dies
2604 739 2820 794 eosdem
2891 746 3035 795 totos
3087 732 3442 809 transigebat.

1891 827 2130 894 Quilibet
2174 845 2306 901 ergo
2329 832 2445 886 dies
2479 831 2553 886 illi
2587 826 2689 888 sub
2722 833 2823 890 hac
2885 828 3328 905 perferendarum
3362 836 3444 888 la-

1893 923 2084 978 borum
2106 924 2316 994 regula,
2350 941 2510 995 quam
2542 928 2816 993 praeterire
2869 944 2974 983 non
3005 929 3224 990 licebat.
3261 929 3449 984 ιτοιίιιι

1893 1006 2136 1078 cebatur,
2185 1022 2240 1069 et
2269 1030 2376 1070 nox
2417 1009 2670 1072 similiter
2692 1011 2948 1087 agebatur
2973 1012 3163 1075 iisdem
3187 1012 3446 1077 distincta

1893 1118 2002 1160 non
2051 1108 2528 1176 praetermittendis
2571 1104 2787 1168 oﬂiciis.
2841 1109 2958 1165 Una
3018 1112 3149 1168 hora
3202 1107 3446 1169 debitqu

1896 1199 2073 1253 somni
2127 1200 2392 1267 solvebat,
2431 1195 2587 1256 aliter
2641 1203 2838 1272 quippe
2871 1201 3028 1259 cibus
3079 1218 3186 1259 non
3237 1212 3450 1275 poterat

1895 1292 2248 1347 concoctione
2265 1294 2457 1348 confici
2494 1313 2508 1348 :
2541 1294 2748 1366 reliqua
2789 1297 2968 1351 noctis
2997 1310 3127 1367 pars
3176 1298 3449 1352 cantando

1896 1385 2152 1455 psalterio
2173 1380 2529 1452 tribuebatur,
2562 1384 2978 1457 quingentisque
3001 1405 3237 1459 genuum
3267 1389 3453 1444 ﬂexio-

1898 1471 2060 1532 nibus
2099 1477 2532 1547 bymnorumque
2559 1487 2945 1533 nocturnorum
2979 1483 3031 1535 et
3060 1481 3450 1536 matutinorum

1897 1568 2229 1625 recitationi.
2280 1568 2432 1641 Saepe
2464 1569 2607 1624 enim
2641 1585 2764 1624 cum
2794 1585 2896 1626 suo
2952 1570 3066 1642 ipse
3114 1573 3453 1628 contendens

1899 1658 2082 1716 animo
2136 1660 2351 1716 aiebat:
2381 1660 2485 1728 Qui
2520 1673 2865 1716 communem
2900 1662 2956 1715 in
2991 1663 3258 1720 emnobiis
3285 1664 3451 1718 vitam

1900 1750 2123 1822 degunt,
2188 1753 2397 1807 diurnis
2463 1752 2682 1823 quidem
2743 1764 3082 1823 occupantur
3151 1755 3453 1820 laboribus,

1902 1844 2152 1914 quotidie
2174 1843 2512 1914 jejuuantes,
2541 1854 2758 1900 noctem
2792 1862 2920 1901 vero
2953 1848 3236 1903 insumunt
3268 1849 3456 1919 vigiles

1903 1939 1956 1992 in
1990 1936 2079 1991 Dei
2118 1937 2370 1993 laudibus
2399 1949 2453 1993 et
2483 1953 2636 1994 sacra
2665 1939 2916 2005 lectione,
2962 1952 3069 1994 tam
3105 1941 3272 1995 multa
3324 1955 3458 1995 cau-

1901 2035 2098 2095 tantes,
2137 2025 2404 2099 plurimas
2426 2029 2803 2102 eleemosynas
2836 2041 3150 2102 crogantes,
3177 2042 3232 2088 et
3268 2033 3457 2104 hospi-

1900 2122 2160 2176 talitatem
2189 2132 2506 2179 exercentes
2540 2141 2554 2179 :
2591 2139 2697 2181 nos
2725 2132 2928 2192 autem,
2969 2126 3061 2197 qui
3109 2126 3455 2183 considemus

1901 2213 2065 2267 vitam
2098 2213 2239 2267 hanc
2269 2214 2530 2280 viventes,
2582 2233 2702 2286 qua:
2757 2218 2998 2273 solitaria
3062 2218 3299 2285 videtur,
3348 2220 3456 2275 nisi

1900 2303 2261 2360 abundaverit
2279 2303 2494 2376 iustitia
2515 2317 2569 2362 et
2595 2310 2884 2380 religiosus
2927 2311 3099 2378 labor,
3135 2329 3326 2368 vanam
3357 2316 3459 2369 ha-

1906 2397 2097 2451 beu.us
2127 2410 2276 2467 spem
2333 2404 2388 2453 et
2418 2396 2669 2455 instituta
2705 2401 2830 2457 vitm
2860 2403 3002 2458 ratio
3043 2411 3128 2458 est
3169 2405 3326 2462 nobis
3373 2407 3460 2462 in-

1904 2504 2235 2560 congruens.
2266 2489 2398 2545 Erat
2444 2501 2626 2548 autem
2693 2494 2766 2548 illi
2825 2496 3206 2554 vestimentum
3265 2513 3460 2555 saccus

1902 2581 2082 2652 epilis
2114 2583 2355 2653 caprinis
2379 2583 2448 2640 ad
2497 2599 2696 2639 annum
2751 2601 2918 2643 unum
2963 2604 3126 2655 unus,
3179 2592 3246 2646 ad
3293 2592 3455 2647 alium

1903 2676 2083 2744 alius;
2112 2674 2389 2748 cingulum
2451 2673 2618 2745 funis,
2644 2677 2789 2749 quod
2829 2679 3041 2736 nonnisi
3096 2683 3264 2740 semel
3302 2685 3456 2741 abso-

1906 2766 2024 2820 luto
2048 2781 2191 2821 anno
2244 2767 2576 2830 solvebatur.
2624 2769 2767 2825 unde
2829 2770 3199 2840 pediculoruur
3250 2775 3463 2844 copiam

1904 2857 2138 2926 ferebat,
2179 2874 2290 2915 non
2317 2859 2645 2925 abhorrens,
2698 2876 2796 2916 nec
2826 2877 2884 2916 se
2940 2863 3009 2918 ob
3048 2877 3236 2919 eorum
3289 2869 3459 2922 mole-

1905 2953 2065 3008 stiam
2132 2952 2415 3024 prurigine
2469 2969 2718 3010 versans.
2783 2954 2922 3010 Ante
2983 2958 3297 3027 speluncam
3346 2970 3466 3016 erat

1904 3045 2210 3110 arbustum,
2262 3045 2353 3100 ubi
2381 3045 2729 3101 formicarum
2765 3047 3054 3103 multitudo
3085 3049 3461 3108 inhabitabat:

228 3144 618 3214 πραττομένων
681 3140 830 3210 παρὰ
857 3137 970 3192 τῶν
1000 3136 1328 3209 μυρμήκων,
1360 3134 1426 3186 δι’
1455 3127 1528 3187 ὧν
1555 3131 1798 3203 ἠνώχλη-

1909 3137 1962 3190 in
1995 3137 2127 3192 illud
2185 3137 2268 3192 vir
2311 3150 2533 3195 sanctus
2587 3139 2983 3209 superjaciebat
3037 3157 3278 3209 saccum,
3325 3150 3384 3199 ut
3434 3161 3467 3200 τι

231 3255 322 3288 σαν
357 3235 434 3304 τῷ
475 3231 699 3301 Δικαίῳ,

299 3514 383 3591 ιη’,
420 3517 592 3588 Κλίνη
642 3510 794 3587 αὑτῷ
855 3514 954 3583 οὐχ
1012 3509 1279 3580 ὑπῆρχεν,
1312 3501 1699 3577 οὓτεθρονίον,
1734 3504 1793 3556 οὑ

230 3612 482 3668 κιϐώτιον
506 3611 538 3681 ἦ
565 3607 975 3677 γλωσσοκόμον,
1008 3603 1041 3674 ἢ
1071 3601 1356 3673 βαλάντιον
1387 3599 1540 3664 ποτὲ,
1593 3598 1653 3652 οὑ
1686 3597 1791 3666 πή-

234 3728 320 3782 ρα,
347 3709 464 3762 ἀλλ’
491 3705 614 3760 οὑδέ
650 3703 877 3774 μέλανος
901 3700 1109 3771 δοχεῖον
1138 3695 1450 3766 σχολάζοντι
1480 3696 1537 3747 ἐν
1562 3694 1638 3765 τῷ
1665 3693 1801 3764 γράα

233 3820 348 3872 ῳειν
378 3814 391 3829 ⁶
427 3797 600 3870 κηρόν
623 3795 679 3850 δὲ
711 3793 889 3866 πήξας
924 3792 1018 3845 ἐπὶ
1047 3790 1125 3861 τῷ
1167 3789 1332 3860 ξύλῳ,
1363 3789 1432 3842 δι’
1471 3787 1638 3843 αὑτοῦ
1689 3787 1799 3841 τῶν

231 3893 498 3949 τοσούτων
531 3889 752 3960 βιϐλίων
782 3887 844 3939 τὸ
880 3885 1088 3956 πλῆθος
1118 3883 1580 3953 ἐκαλλιγράφῃσε.
1614 3880 1799 3936 Ταῦτα

235 3970 289 4041 δέ
318 4003 408 4058 μοι
439 3981 872 4053 φιλοπεπόνηται
903 3979 970 4032 τὰ
1006 3977 1178 4048 μικρὰ
1203 3978 1301 4046 μὲν
1334 3977 1549 4046 ἐκείνῳ,
1597 3975 1802 4046 ἑτέροις

230 4082 284 4136 δὲ
308 4081 401 4134 καὶ
429 4078 551 4132 λίαν
575 4073 806 4148 μεγάλα,
830 4073 928 4142 οὑχ
971 4071 1062 4125 ἵνα
1086 4068 1373 4141 προσθήκη
1396 4087 1481 4132 τις
1507 4070 1570 4122 ἐκ
1595 4071 1800 4122 τούτων

232 4174 457 4242 γένηται
485 4167 656 4239 αὑτῷ,
684 4165 802 4219 ἀλλ’
835 4165 922 4217 ἵνα
955 4164 1176 4233 γνῶμεν
1204 4160 1364 4232 μέχρι
1395 4160 1562 4214 πόσου
1592 4158 1804 4229 κατώρ-

234 4265 427 4329 θωσεν,
457 4260 648 4329 ῶσπερ
684 4255 894 4330 ἀρετῶν
928 4255 1133 4327 ἤρξατο
1164 4255 1262 4323 τὴν
1289 4250 1570 4324 ἐργασίαν,
1631 4251 1803 4319 ἀκτη-

240 4353 476 4430 μοσὺνης
526 4355 672 4423 λέγω
722 4351 816 4406 καὶ
874 4347 1226 4420 ἐγκρατείας,
1250 4345 1344 4399 καὶ
1372 4343 1676 4414 ἀγρυπνίας
1710 4343 1804 4398 καὶ

233 4451 560 4524 προσευχῆς,
610 4441 775 4500 δι’ῶν
809 4440 1020 4511 γίνεταί
1069 4457 1154 4502 τις
1201 4437 1365 4492 είκὼν
1406 4437 1501 4490 καὶ
1543 4436 1803 4507 ὁμοίωσις

233 4545 324 4601 τοῦ
360 4540 518 4597 Θεοῦ.
576 4539 686 4599 Τὰς
722 4537 767 4590 δ’
798 4535 1050 4607 ἐκχύσεις
1109 4531 1221 4586 τῶν
1280 4529 1499 4602 θερμῶν
1549 4529 1797 4600 δακρύων

234 4635 421 4699 αὑτοῦ,
457 4633 549 4687 καὶ
595 4630 722 4692 τοὺς
770 4628 1002 4699 πικροὺς
1064 4623 1429 4694 στεναγμοὺς,
1464 4623 1558 4675 καὶ
1586 4620 1801 4692 στηθῶν

234 4728 442 4798 τύψεις,
472 4725 567 4778 καὶ
620 4720 872 4791 μετώπου
893 4721 951 4772 ἐν
974 4719 1040 4790 τῇ
1070 4718 1139 4788 γῇ
1186 4715 1473 4786 ἀραγμδοὺς
1510 4713 1594 4776 τίς
1626 4712 1693 4767 ἂν
1724 4715 1804 4767 ἐν.

237 4822 444 4891 νοήσαι,
477 4816 510 4890 ἢ
538 4813 658 4870 κατ’
693 4813 848 4878 ἀξίαν
905 4812 1084 4877 stator;
1117 4807 1230 4872 Τὰς
1270 4807 1314 4860 δ’
1365 4805 1680 4876 ἐπιπλήξεις
1709 4805 1804 4858 καὶ

235 4911 599 4980 ὀνειδισμοὺς,
634 4907 728 4960 καὶ
748 4904 958 4974 ὑόρεις,
990 4903 1085 4958 καὶ
1117 4898 1519 4967 ἐξουδενώσεις,
1550 4897 1616 4960 ἃς
1644 4896 1806 4961 αὑτὸς

237 5002 414 5071 ἐαυτῷ
438 5001 646 5070 ἐπῆγεν
679 4999 737 5051 ἐν
773 4996 994 5060 ἅπασιν,
1026 4994 1100 5057 ὼς
1142 4991 1335 5063 ἐχθρὸν
1394 4987 1584 5043 ἑαυτὸν
1628 5005 1806 5060 παρα-

239 5098 564 5167 φυλάττων;
616 5092 726 5155 Τὰς
757 5089 801 5143 δ’
831 5087 1150 5149 ἐπιϐουλὰς,
1204 5085 1301 5139 καὶ
1357 5082 1649 5152 πολέμους,
1708 5081 1803 5134 καὶ

241 5190 504 5261 ἐπιφοράς
529 5185 638 5240 τῶν
685 5183 978 5254 δαιμόνων,
1034 5179 1130 5242 τὰς
1159 5177 1249 5231 διὰ
1271 5177 1380 5230 τῶν
1409 5175 1684 5246 λογισμῶν
1709 5174 1805 5228 καὶ

243 5281 488 5354 φανερῶν
519 5275 856 5347 φαντασιῶν,
888 5273 987 5327 καὶ
1022 5272 1205 5341 μέντοι
1228 5269 1324 5322 καὶ
1355 5267 1535 5322 πόνων
1560 5284 1801 5336 σωματι-

243 5374 347 5428 κῶν
373 5375 435 5426 ἐκ
464 5371 636 5424 νόσων
669 5364 942 5437 χαλεπῶν,
970 5362 1124 5433 μόλις
1151 5362 1214 5415 ἂν
1240 5360 1337 5413 καί⁸
1365 5358 1527 5422 αὐτὸς
1555 5361 1583 5412 ὁ
1615 5356 1802 5411 παθὼν

245 5465 472 5535 καθεξῆς
507 5460 724 5532 ἰσχύσαι
779 5457 986 5528 φράσαι
1008 5455 1104 5509 ’ἄν.
1160 5453 1426 5515 Πολλάκις
1485 5449 1800 5512 ἐπολοιιήθη

1896 3225 2173 3283 vermibus
2262 3228 2371 3285 illis
2473 3239 2892 3301 expurgaretur.
2986 3236 3069 3290 sic
3159 3235 3304 3290 enim
3362 3251 3460 3292 eos

1899 3335 2090 3375 vocare
2120 3321 2275 3376 decet
2301 3329 2538 3391 tempore
2579 3324 2881 3392 aSperiores
2904 3323 3097 3391 factos,
3129 3338 3186 3382 ut
3224 3327 3466 3386 formicis

1900 3416 2200 3483 penderent
2230 3428 2418 3482 poenas
2441 3415 2512 3470 ob
2550 3416 2825 3472 molestias
2856 3415 3058 3473 Sancto
3088 3419 3284 3477 illatas.

1979 3505 2064 3561 18.
2093 3505 2396 3576 Lcetusjlli
2421 3508 2627 3572 nullus,
2657 3508 2802 3563 nulla
2834 3510 2989 3575 sella,
3023 3527 3130 3566 non
3169 3514 3464 3571 arcula-vel

1900 3614 2088 3671 capsa,
2123 3614 2228 3656 non
2260 3614 2542 3666 crumena,
2603 3616 2709 3656 non
2753 3616 2905 3672 pera,
2956 3619 3056 3659 nec
3113 3606 3276 3660 etiam
3324 3618 3468 3663 atra-

1900 3691 2224 3746 mentarium
2258 3700 2365 3746 tam
2393 3692 2560 3746 multa
2613 3692 2896 3758 scribenti,
2950 3695 3044 3751 sed
3092 3710 3216 3752 ccra
3263 3698 3465 3767 lignum

1902 3782 2187 3848 inducens,
2220 3799 2316 3855 per
2351 3783 2496 3839 illam
2555 3791 2636 3840 tot
2671 3785 2931 3840 librorum
2965 3788 3177 3858 copiam
3226 3796 3332 3844 tam
3356 3790 3466 3844 elo-

1903 3885 2092 3946 gauter
2141 3875 2455 3946 exscripsit.
2505 3874 2630 3932 Haec
2665 3891 2766 3946 ego
2798 3885 2904 3931 tam
2955 3888 3208 3935 accurata
3253 3881 3468 3936 ratione

1904 3976 2225 4039 persecutus
2279 3982 2420 4033 sum,
2479 3968 2525 4023 si
2595 3967 2746 4022 illum
2802 3977 3040 4041 spectes,
3105 3972 3337 4036 modica,
3418 3974 3463 4026 si

1904 4063 2063 4128 alios,
2115 4076 2428 4132 permagna,
2465 4075 2571 4114 non
2616 4068 2676 4114 ut
2723 4059 2803 4114 illi
2855 4061 3132 4132 quidpiam
3190 4080 3290 4135 per
3354 4065 3470 4122 hac

1905 4155 2160 4220 addatur,
2183 4152 2275 4208 sed
2303 4160 2362 4207 ut
2401 4161 2587 4208 notum
2613 4151 2726 4217 iiat,
2758 4166 2896 4223 quos
2927 4169 3248 4226 progressus
3280 4155 3471 4212 fecerit

1906 4249 1959 4305 in
2014 4249 2080 4303 iis
2113 4245 2424 4310 virtutibus,
2477 4258 2704 4314 quarum
2768 4245 2940 4301 officia
2988 4247 3090 4301 sibi
3121 4249 3464 4318 exsequenda

1906 4341 2168 4413 suscepit,
2205 4337 2477 4410 perfectae,
2508 4339 2755 4410 inquam,
2820 4353 2848 4391 a
2899 4338 3245 4408 possidendis
3303 4341 3468 4398 rebus

1908 4431 2273 4497 abstinentiae,
2345 4428 2714 4494 continentiae,
2770 4428 3075 4500 vigiliarum
3101 4437 3152 4484 et
3178 4432 3466 4497 orationis,

1910 4527 2188 4600 [solitaria
2224 4524 2347 4580 vitae
2375 4528 2430 4578 et
2460 4521 2808 4584 castimoniae,
2841 4522 3163 4579 humilitatis
3219 4533 3273 4578 et
3301 4535 3471 4582 cate—

1911 4633 2095 4674 rarum
2125 4616 2262 4688 (20)]
2293 4630 2405 4686 per.
2425 4629 2561 4686 quas
2581 4613 2744 4669 homo
2770 4612 3046 4685 tit-imago
3074 4622 3128 4668 et
3166 4615 3468 4672 similitudo

1913 4710 2028 4766 Dei.
2083 4709 2350 4765 (laterum
2410 4705 2685 4761 ferventes
2732 4705 3018 4775 lacrymas,
3059 4719 3179 4775 qua:
3235 4706 3469 4762 ubertim

1911 4803 1992 4858 illi
2017 4801 2278 4866 ﬂuebant,
2315 4805 2368 4854 et
2405 4812 2590 4853 amara
2621 4796 2855 4866 suspiria
2884 4805 2939 4852 et
2967 4797 3203 4866 pectoris
3256 4799 3470 4852 tunsio-

1910 4908 2009 4952 nes
2068 4891 2372 4961 frontisque
2417 4890 2471 4944 in
2526 4898 2722 4944 terram
2781 4888 3065 4954 illisiones,
3113 4889 3244 4958 quis-
3286 4899 3469 4945 mente

1911 4982 2397 5054 comprehendere,
2475 4989 2568 5036 aut
2634 4994 2956 5050 percensere
3029 4991 3128 5048 pro
3205 4979 3472 5047 dignitate

1905 5077 2102 5149 queat?
2145 5077 2279 5132 Nam
2324 5075 2720 5143 increpationes
2750 5082 2803 5128 et
2850 5073 3048 5142 probra
3087 5082 3140 5128 et
3175 5082 3469 5127 contume-

1907 5174 2011 5228 lias
2045 5183 2422 5238 summamque
2448 5167 2530 5222 sui
2562 5165 2995 5233 despicientiam,
3029 5180 3147 5233 qua:
3181 5164 3234 5218 in
3265 5174 3469 5220 semet-

1905 5265 2083 5334 ipsum
2129 5260 2505 5330 iutorquebat,
2546 5258 2812 5328 quidquid
2856 5257 3080 5313 omnino
3105 5265 3308 5327 ageret,
3359 5257 3472 5312 sni-

1905 5355 2085 5426 ipsum
2109 5363 2167 5408 ut
2188 5353 2400 5408 hostem
2416 5351 2734 5413 observans,
2763 5347 2993 5403 insidias
3014 5361 3250 5416 quoque,
3281 5345 3469 5402 confli-

1909 5459 2028 5504 etus
2043 5457 2097 5503 et
2118 5447 2495 5519 aggressiones
2509 5443 2814 5498 demonum
2860 5449 2971 5485 ἰιηι
3002 5456 3094 5496 ner
3109 5441 3352 5498 internas
3371 5454 3468 5497 co-

1523 5620 1789 5682 Joannis
1816 5618 1947 5678 Clci
1974 5621 2164 5677 notae.

315 5782 427 5854 (ΞΟ)
461 5800 594 5848 una:
651 5793 805 5833 uncis
868 5776 1078 5854 inclusa
1138 5780 1291 5839 sunt,
1317 5771 1809 5854 nonbabenturin

251 5844 422 5912 teitu'
461 5844 674 5911 Graeco.
761 5851 1144 5918 suspicorque,
1209 5844 1610 5918 typothetarum
1676 5844 1811 5918 vitio

257 5923 640 5976 urretermissa.
670 5929 783 5973 tum
812 5913 938 5974 auia
994 5917 1218 5972 εἰιιιὶιοε
1251 5913 1702 5971 amplificationes
1753 5913 1806 5964 in

1920 5764 2232 5835 CaryOphili
2261 5762 2520 5819 versione
2536 5760 2676 5835 alibi
2699 5773 2809 5815 non
2843 5756 3093 5835 invenio,
3145 5761 3256 5835 tum
3287 5751 3475 5835 etiam.

1920 5823 2061 5903 quod
2094 5823 2282 5890 eadem
2311 5835 2432 5907 lego
2459 5832 2601 5906 apud
2624 5829 2951 5888 ﬂartenium
2999 5829 3050 5882 in
3077 5826 3325 5881 versione
3356 5823 3474 5877 Sir.

1917 5909 2138 5962 ietiana.
