4158 6338
638 355 662 408 l.
675 354 708 403 7
2048 353 2280 414 ANONl

2243 353 2389 413 [YMI
3808 344 3885 408 43

637 472 952 540 gitationcs,
1014 475 1126 521 tum
1185 465 1502 521 manifestas
1546 464 1935 536 apparitioncs,
1996 475 2279 529 necnonA

2246 475 2288 529 Α
2317 466 2505 526 δεινῶς
2535 464 2624 516 ὑπ’
2672 464 2850 517 αὐτῶν
2912 463 3003 516 τοῦ
3059 461 3382 532 καταλείψαι
3408 461 3506 531 τὴν
3531 461 3759 532 ἡσυχίαν
3789 463 3888 514 καὶ

637 559 852 613 dolores
879 558 1183 628 corporise
1236 556 1492 628 gravibus
1526 557 1756 623 morbis,
1811 565 1864 612 et
1918 557 2057 626 ipse,
2109 557 2204 626 qui

2315 561 2394 620 εἰς
2424 557 2492 610 τὰ
2520 556 2764 610 κοιιόϐια
2809 557 3083 622 ἀπελθεῖν,
3119 556 3184 608 ἵν’
3216 557 3292 618 ὠς
3320 554 3534 623 φυγάδα
3589 555 3681 606 καὶ
3707 554 3886 607 δειλὸν

639 666 838 722 passus
870 661 972 715 est,
1011 666 1200 706 omnes
1229 666 1487 707 enarrare
1536 654 1623 706 vix
1665 659 1870 724 posset.
1931 651 2098 705 Multa
2152 658 2209 706 et

2313 649 2472 703 αὑτὸν
2497 648 2908 702 ἀποκαλὲοωσιν
2931 649 2981 700 οἱ
3008 647 3191 700 δεινοί.
3233 647 3363 699 Ὅτε
3396 641 3487 698 οῦν
3515 644 3890 713 ἐπηνωχλείτο

638 745 821 814 gravia
877 759 1070 814 passus
1105 750 1187 797 est
1237 743 1399 810 bella,
1451 752 1507 798 ut
1548 746 1738 800 relicta
1794 744 2086 800 solitudine
2140 745 2206 796 ad

2313 743 2526 810 ἀνάγκῃ
2554 740 2720 810 πολλῇ
2756 741 2847 792 ὑπ’
2879 738 3056 794 αὐτῶν
3092 756 3104 769 ·
3161 739 3379 791 ἐποίουν
3425 738 3534 806 γὰρ
3578 735 3740 788 αὑτὸν
3783 737 3891 802 ἐμ-

639 837 892 892 ςωιιοὶιὶα
922 853 982 891 se
1021 835 1321 899 conferret,
1353 851 1418 891 ex
1441 852 1550 906 quo
1579 853 1702 891 cum
1735 835 1951 906 maligni
1983 835 2207 904 spiritus

2315 833 2699 903 πεφυσημέιιον
2754 833 2930 884 δοκεῖν
2996 831 3099 882 ὑπὸ
3148 831 3250 899 τῆς
3281 829 3399 899 βίας
3445 829 3554 882 τῶν
3585 827 3889 897 λογισμῶν,

639 928 976 985 desertorem
1008 925 1374 995 timidumque
1424 934 1703 981 vocarent.
1767 923 1901 978 Cum
1951 923 2117 988 igitur
2154 924 2208 976 in

2316 927 2453 979 ὣστε
2489 928 2562 996 μὴ
2595 925 2888 996 χωρεῖσθαι
2915 924 3078 976 αὐτόν
3118 924 3222 975 ὑπὸ
3259 923 3352 974 τοῦ
3387 922 3679 992 σπηλαίου·
3727 921 3893 973 ἐπαί-

640 1035 866 1089 magnas
921 1020 1258 1090 redigeretur
1311 1021 1602 1090 angustias
1673 1016 1995 1088 (efﬁciebant
2038 1016 2206 1081 enim,

2320 1033 2429 1086 ρων
2457 1016 2516 1067 τὸ
2547 1016 2790 1084 τρίχινον
2849 1013 3050 1082 ἔνδυμα
3083 1011 3268 1076 αὑτοῦ,
3291 1011 3318 1062 ὃ
3346 1011 3603 1064 ἀπέκειτο
3629 1011 3684 1063 ὲν
3713 1011 3890 1080 ἑτέρῳ

641 1118 702 1162 ιιι
733 1109 953 1163 inflatus
992 1108 1273 1164 videretur
1305 1125 1416 1178 pra:
1472 1108 1732 1164 violentia
1797 1107 2205 1176 cogitationum,

2314 1108 2568 1178 ἐνιαυτῷ,
2598 1107 2749 1176 ἐτίθη
2782 1107 2860 1168 εἱς
2895 1104 3069 1170 ξύλον,
3097 1105 3216 1156 οὐδὲ
3250 1106 3358 1174 γὰρ
3395 1103 3589 1171 ρἀδον
3620 1099 3765 1173 εἶχεν
3793 1104 3893 1155 ἐπὶ

643 1209 694 1254 et
723 1201 983 1269 spelunca
1035 1215 1160 1253 cum
1209 1216 1317 1254 non
1345 1199 1608 1269 caperet),
1654 1205 1783 1250 tunc
1836 1206 2146 1251 contextum
2180 1212 2208 1249 e

2313 1198 2408 1252 τοῦ
2459 1199 2610 1269 ῶμου
2662 1215 2677 1231 ο
2726 1199 2819 1250 καὶ
2890 1198 3294 1266 κατερχόμενος
3335 1196 3499 1266 μέχρι
3561 1196 3735 1266 μέσης
3782 1195 3891 1263 τῆς

643 1290 768 1359 pilis
799 1290 1176 1344 lndumentum
1217 1291 1433 1354 tollens,
1483 1289 1627 1359 quod
1684 1289 2025 1358 insequentis
2081 1290 2207 1341 anni

2315 1291 2457 1357 ὀδοῦ,
2484 1292 2540 1344 ἐν
2562 1283 2605 1357 ᾧ
2635 1291 2820 1343 ἵστατο
2842 1290 3058 1359 δένδρον
3100 1288 3324 1358 ὑψηλὸν,
3358 1286 3532 1339 ἐποίει
3562 1287 3714 1351 αὐτὸ,
3750 1286 3840 1349 ῶς
3862 1288 3896 1337 ὀ

644 1382 884 1435 futurum
926 1389 1064 1446 erat,
1097 1381 1436 1450 appendebat
1488 1381 1555 1434 ad
1611 1380 1812 1450 lignum
1852 1399 1865 1434 :
1906 1395 2007 1434 nec
2066 1381 2207 1433 enim

2315 1385 2461 1446 ὅσιος
2521 1384 2776 1444 Φαντῖνος
2828 1383 2996 1444 ἐστὶν,
3031 1380 3061 1450 ἢ
3103 1380 3288 1450 ἐτερὸς
3319 1395 3400 1439 τις
3433 1377 3540 1430 τῶν
3569 1378 3734 1444 ἁγίων
3770 1378 3891 1429 Πα-

642 1474 898 1527 baculum
930 1474 1153 1526 humero
1186 1472 1457 1542 gestabat,
1487 1471 1939 1538 descendensque
1974 1469 2040 1522 ad
2101 1485 2211 1524 me-

2315 1477 2507 1546 τέρων.
2568 1471 2697 1527 Εἶτα
2741 1473 2920 1543 βαλὼν
2973 1472 3051 1538 τῷ
3097 1472 3299 1540 δένδρῳ
3355 1471 3667 1540 μετάνοιαν,
3707 1471 3893 1521 ἵστατο

643 1566 792 1619 dium
821 1565 945 1628 iter,
981 1565 1034 1617 in
1066 1579 1174 1635 quo
1197 1565 1359 1617 arbor
1390 1573 1506 1618 erat
1536 1577 1784 1633 procera,
1823 1561 2060 1630 tingebat
2083 1563 2206 1624 sibi,

2316 1567 2389 1630 ῶς
2422 1565 2774 1636 ἐρωτώμενος
2803 1565 2906 1616 ύπῦ
2925 1564 3019 1616 τοῦ
3079 1565 3311 1633 Ιιατρος,
3345 1564 3438 1616 καὶ
3461 1563 3894 1630 ἀποκρινόμενος

642 1655 788 1707 illam
826 1668 945 1709 esse
983 1654 1200 1707 beatum
1249 1651 1561 1714 Faminum,
1616 1651 1697 1704 vel
1745 1650 1911 1703 alium
1960 1661 2206 1704 sanctum

2317 1661 2416 1727 τῆς
2449 1657 2715 1719 ἐλεύσεως
2745 1655 2910 1708 αὐτοῦ
2949 1655 3046 1726 τὴν
3071 1655 3271 1718 αἰτίαν,
3327 1655 3421 1707 καὶ
3457 1653 3616 1706 πάλιν
3644 1652 3895 1715 ὀνειδιζό-

639 1744 879 1798 Patrem.
916 1744 1056 1811 Ergo
1090 1743 1331 1797 exhibita
1361 1743 1543 1799 arbori
1577 1741 1848 1810 profunda
1882 1744 2208 1806 reverentia,

2322 1767 2478 1818 μενος
2518 1750 2612 1801 καὶ
2636 1745 3085 1818 μεταγελὼμενος
3124 1746 3214 1800 ὑπ’
3273 1744 3440 1798 αὑτοῦ
3469 1744 3697 1798 καὶτῶν
3739 1744 3895 1796 ἀδελ-

640 1841 816 1894 stabat
873 1841 1029 1908 quasi
1076 1838 1504 1905 interrogaretur
1540 1850 1569 1887 a
1601 1833 1784 1898 Patre,
1818 1832 2206 1901 responderet-
2241 1821 2282 1880 Β

2253 1821 2285 1880 Β
2317 1841 2432 1908 φῶν
2448 1840 2715 1908 λεγόντων
2736 1855 2750 1870 ο
2803 1841 2904 1890 Ἴδε
2968 1855 3048 1890 σοι
3081 1840 3107 1891 ὁ
3139 1837 3477 1907 ἡσυχαστὴς.
3537 1834 3757 1894 Τούτοις
3779 1835 3895 1894 τοῖς

640 1945 747 1999 que
770 1932 833 1984 de
862 1944 1026 1984 causa
1051 1945 1164 1984 sua:
1196 1926 1557 1997 profectionis
1591 1942 1605 1991 ;
1641 1940 1761 1979 mox
1826 1923 2210 1994 objurgarctur

2315 1931 2562 1999 τρόποις,
2613 1929 2706 1982 καὶ
2741 1931 2853 1990 τοῖς
2907 1929 3316 1999 ἀντιρῤητικοῖς
3354 1926 3735 1994 συλλογισμοῖς
3768 1940 3896 1993 τρο-

641 2022 711 2075 ab
745 2037 808 2075 eo
838 2029 890 2073 et
922 2020 1184 2074 fratribus
1239 2017 1546 2072 dicentibus
1586 2031 1598 2068 :
1643 2015 1718 2068 En
1746 2017 1913 2070 eremi
1951 2016 2207 2070 incolam.

2312 2021 2582 2090 πούμενος
2655 2022 2779 2081 τοὺς
2844 2019 3138 2090 πολεμίους
3170 2019 3422 2089 ἐχθροὺς,
3458 2020 3800 2089 ὑπέστρεφεν
3833 2019 3896 2068 ἐν

642 2109 807 2165 Hisce
874 2112 1049 2164 tnodis
1102 2116 1156 2161 rt
1233 2107 1498 2176 Oppositis
1549 2107 2060 2161 ratiocinationibus
2118 2110 2212 2159 lio-

2313 2107 2389 2176 τῷ
2431 2109 2677 2177 σπηλαίῳ
2715 2110 2788 2170 ῶς
2824 2111 2902 2170 εἷς
2931 2125 3048 2160 τινα
3084 2108 3354 2177 φυλακὴν,
3387 2109 3760 2178 διακαρτερῶν
3793 2108 3896 2160 καὶ

642 2211 754 2256 stes
816 2203 870 2254 in
953 2201 1133 2269 fugam
1199 2209 1442 2263 vertens,
1523 2199 1900 2252 revertebatur
1960 2199 2014 2252 in
2094 2215 2216 2267 spc-

2316 2200 2490 2265 λέγων
2522 2201 2575 2251 ἐν
2609 2200 2820 2268 ἐαυτῷ·
2850 2199 3026 2251 Καλόν
3061 2217 3154 2268 μοι
3187 2200 3389 2269 μᾶλλον
3421 2201 3737 2263 ἀποθανεῖν,
3772 2196 3899 2268 ἥτδ

642 2296 884 2356 luncam,
929 2294 1072 2346 velut
1137 2291 1188 2344 in
1255 2306 1554 2354 carcerem,
1594 2291 1862 2358 patienter
1913 2291 2215 2354 susdnens,

1594 2291 1862 2358 patienter
1913 2291 2215 2354 susdnens,
2319 2291 2582 2360 καύχημῇ
2618 2310 2717 2359 μου
2753 2293 2840 2343 ἵνα.
2878 2309 2957 2352 τις
2990 2290 3224 2362 κενώσῃ.

640 2395 693 2441 et
753 2401 934 2440 secum
1020 2385 1135 2452 ipse
1193 2381 1381 2435 dicens
1443 2380 1702 2435 :Bonum
1772 2387 1855 2433 est
1918 2380 2047 2432 milii
2116 2382 2290 2451 magis
2372 2385 2530 2446 ltlul'l,
2630 2399 2789 2450 quam
2853 2391 2910 2434 ut
2969 2381 3196 2451 gloriam
3268 2397 3443 2438 meam
3537 2385 3702 2452 quis
3765 2396 3900 2438 eva-

644 2494 790 2540 cuct.

713 2577 802 2631 l9.
840 2575 992 2643 Saepe
1017 2576 1066 2627 in
1097 2574 1342 2626 oratione
1374 2572 1551 2627 defixo
1598 2582 1650 2625 et
1715 2573 1964 2641 psallenti
2016 2590 2211 2643 sugge-

2395 2573 2479 2624 IG..
2522 2572 2784 2633 λίνλλάκεὲ
2819 2573 3241 2642 προσευχομὲνῳ
3293 2571 3388 2624 καὶ
3417 2571 3667 2640 ψάλλοντι
3707 2571 3896 2638 ἔλεγον

640 2669 794 2722 rebat
834 2667 1130 2734 cogitatio:
1163 2665 1390 2733 Respice
1424 2664 1476 2718 in
1507 2665 1911 2724 sanctuarium.
1988 2665 2201 2718 videbis

2316 2666 2364 2715 οἱ
2389 2662 2656 2732 λογισμοί·
2685 2663 2888 2730 Βλέψον
2911 2665 2986 2723 είς
3006 2664 3064 2713 τι
3083 2662 3203 2714 θυσι
3222 2664 3642 2732 αστήριον,ί’σως
3663 2662 3897 2731 ἄγγελον

642 2760 875 2815 fortasse
906 2757 958 2810 in
1001 2772 1066 2810 eo
1101 2756 1187 2809 vel
1219 2756 1494 2823 angelum,
1529 2756 1607 2808 vel
1638 2755 1778 2823 ignis
1804 2755 2098 2818 ﬂammam,
2127 2759 2206 2809 vel

2316 2754 2534 2824 ἢφλόγα
2552 2754 2794 2823 πυρδς,ἣ
2816 2753 2876 2805 τὸ
2895 2755 3047 2820 ἅγιον
3068 2754 3287 2822 Πνεῦμα
3302 2755 3470 2824 θεάσῃ
3483 2755 3776 2824 περὶαύτὸ,
3796 2773 3896 2808 κα-

644 2848 900 2919 Spiritum
943 2855 1216 2908 Sanctum,
1257 2857 1313 2899 ut
1349 2847 1440 2898 alii
1507 2845 1658 2898 inulti
1725 2847 1977 2900 viderunt
2015 2864 2025 2899 :
2094 2850 2209 2916 ipse

2317 2845 2424 2908 θῶς
2451 2846 2747 2898 ἐθεάσαντο
2764 2845 2968 2897 πολλοί.
2990 2845 3160 2907 Αὐτὸς
3180 2845 3236 2896 δὲ
3255 2845 3404 2914 μύων
3421 2845 3543 2906 τοὺς
3561 2847 3890 2914 ὀφθαλμοὺς,

644 2957 774 2994 vero
817 2937 1076 2992 claudens
1117 2936 1307 2989 oculos
1341 2944 1488 2988 tanta
1537 2952 1595 2989 se
1640 2935 1992 2989 inflexionem
2029 2946 2081 2989 et
2133 2937 2209 2988 la-

2327 2936 2580 2987 τοσοῦτον
2600 2936 2888 2987 κατεπόνει
2914 2937 3106 2987 ἑαυτὶν
3125 2937 3180 2986 ἐν
3199 2935 3394 3005 πλήθει
3410 2935 3661 3006 δακρύων
3682 2937 3773 2988 καὶ
3793 2953 3894 3005 με·

647 3044 953 3101 crymarutn
1004 3029 1162 3096 copia
1209 3024 1562 3093 defatigahat,
1629 3032 1682 3077 nt
1707 3027 1870 3079 sudor
1903 3027 1976 3077 illi
2010 3024 2212 3078 deflue—

2317 3026 2567 3089 τανοιῶν,
2589 3027 2660 3088 ῶς
2679 3027 3041 3096 κατέρχεσθαι
3059 3026 3146 3078 τὸν
3167 3026 3366 3096 ἱδρῶτα
3379 3029 3540 3080 αὑτοῦ
3553 3029 3626 3088 ῶς
3644 3028 3784 3098 ὓδωρ
3801 3028 3895 3080 ἐπὶ

648 3133 751 3188 rcl,
787 3124 960 3176 instar
1016 3133 1169 3188 aqua:
1226 3120 1277 3171 in
1307 3127 1531 3172 terram.
1589 3117 1836 3186 Subjceit
1866 3134 2086 3188 quoque
2133 3121 2208 3172 illi
2240 3117 2282 3172 C

2252 3117 2282 3172 Β
2315 3117 2410 3187 τὴν
2429 3117 2556 3186 γῆν.
2608 3118 2912 3170 ’Υπέϐαλλε
2939 3119 2992 3171 δὲ
3032 3119 3182 3188 αὐτῷ
3212 3121 3237 3171 ὁ
3263 3121 3495 3189 πονηρὸς
3523 3122 3616 3173 καὶ
3650 3120 3894 3190 πύρωσιν

649 3215 922 3283 malignus
987 3209 1527 3264 vehementissimum
1610 3210 1858 3264 ardorem
1931 3209 2210 3275 libidinis;

2323 3209 2663 3278 δριμυτάτην
2693 3211 2747 3263 ἐν
2777 3215 2838 3282 τῇ
2873 3211 3072 3280 σαρκί·
3134 3209 3296 3274 αὐτὸς
3329 3211 3385 3263 δὲ
3444 3215 3508 3280 τῇ
3567 3211 3893 3280 προστρίψει

650 3308 766 3374 ipse
803 3319 926 3357 vero
955 3303 1009 3356 in
1038 3300 1210 3369 spinis
1242 3315 1300 3354 se
1330 3301 1584 3354 volutans
1618 3309 1671 3355 et
1732 3303 1942 3370 asperis
1998 3303 2213 3366 urticis,

2323 3301 2429 3352 τῶν
2459 3303 2709 3354 ἀκανθῶν
2771 3305 2862 3354 καὶ
2895 3303 3105 3371 ἀγρίων
3135 3303 3348 3371 κνηθῶν
3395 3302 3644 3354 ἐσϐέννυε
3675 3303 3761 3356 διὰ
3794 3302 3894 3373 τῆς

648 3400 976 3465 voluptatem
1007 3394 1194 3449 dolore
1224 3393 1624 3461 exstinguebat.
1665 3393 1881 3447 Sedenti
1924 3393 2216 3462 aliquando

2325 3392 2514 3460 ὀδύνης
2541 3393 2636 3460 τὴν
2677 3393 2894 3461 ἡδονήν.
2946 3393 3258 3462 Καθημένῳ
3284 3393 3414 3445 ποτὲ
3456 3393 3562 3445 ἀπὸ
3592 3394 3689 3456 τῆς
3719 3394 3892 3463 ἀγρυ-

651 3502 772 3560 post
823 3489 1060 3559 vigiliam
1102 3500 1267 3556 seque
1322 3493 1445 3556 post
1470 3485 1714 3539 laborem
1780 3485 2066 3553 paululum
2125 3501 2215 3540 re-

2326 3483 2482 3542 πνίας
2504 3522 2516 3545 ,
2551 3487 2644 3534 καὶ
2675 3484 2866 3552 μικρὸν
2893 3484 3086 3536 ἑαυτὸν
3123 3485 3184 3534 ἐκ
3217 3483 3308 3535 τοῦ
3348 3484 3516 3536 κόπου
3568 3484 3891 3553 ὑποχαυνῶο

649 3580 878 3646 latranti,
938 3581 1046 3633 duo
1099 3577 1395 3632 astiterunt
1431 3576 1730 3641 daemones,
1763 3577 1931 3629 alium
1966 3585 2214 3632 tenentes

2329 3589 2499 3636 σαντι,
2533 3575 2839 3643 ἐπέστησαν
2873 3575 3019 3644 αύτῴ
3050 3573 3143 3626 δύο
3175 3575 3426 3643 δαίμονες
3457 3575 3778 3644 κατέχοντες
3799 3577 3892 3627 καὶ

651 3671 885 3723 medium
923 3686 939 3734 ;
977 3681 1087 3737 quo
1122 3665 1289 3719 veluti
1329 3680 1422 3734 per
1483 3665 1715 3718 laterum
1753 3665 2086 3732 apertionem
2124 3681 2217 3719 ex-

2326 3665 2481 3718 ἄλλον
2513 3664 2678 3734 μέσον
2740 3665 2941 3719 αὐτῶν
2984 3661 3042 3718 οὗ
3080 3668 3174 3720 καὶ
3223 3665 3531 3733 ἀνοίξαντες
3563 3668 3761 3720 ὡσανεὶ
3795 3668 3893 3730 τὰς

649 3771 914 3824 enterato,
981 3763 1190 3815 viscera
1251 3759 1433 3812 omnia
1488 3757 1840 3827 projecerunt
1889 3757 1941 3809 in
1992 3764 2214 3810 terram.

2327 3755 2587 3826 πλευρὰς,
2641 3758 2735 3811 καὶ
2798 3759 3118 3823 ἐκϐαλόντες
3171 3761 3384 3814 ἅπαντα
3411 3763 3477 3814 τὰ
3512 3763 3659 3824 ἐντὸς
3701 3762 3889 3827 αὑτοῦ,

652 3854 764 3906 lloc
796 3854 884 3906 ille
906 3852 1044 3916 viso,
1076 3866 1304 3920 surgens
1346 3849 1702 3914 contremuit,
1768 3858 1821 3902 et
1849 3864 1956 3918 pra:
2012 3863 2217 3902 nausea

2330 3848 2561 3918 ἔρριψαν
2593 3852 2685 3903 ἐπὶ
2716 3855 2813 3919 τὴν
2835 3853 2935 3921 γῆν
2971 3869 2983 3881 ·
3024 3855 3050 3905 ὁ
3084 3854 3138 3906 δὲ
3184 3855 3484 3925 σύντρομος
3519 3857 3772 3920 ἀναστὰς,
3799 3857 3895 3917 καὶ

651 3948 808 4000 bilem
834 3945 1072 3999 evomuit
1100 3944 1520 4004 amarissimam,
1551 3958 1616 3996 ex
1645 3956 1754 4010 quo
1785 3955 1843 3994 se
1867 3940 2214 3993 munitiorem

2327 3940 2435 3992 ἀπὸ
2461 3941 2557 4008 τῆς
2598 3942 2819 4004 ναυσίας
2875 3946 3074 4013 ἐμέσας
3109 3947 3447 4016 πικροτάτην
3481 3947 3662 4016 χολὴν,
3703 3950 3885 4016 ἠσφα-

653 4043 703 4092 in
764 4048 1042 4106 posterum
1100 4035 1357 4088 reddidd.
1445 4036 1580 4086 Cum
1644 4032 1868 4087 Romam
1927 4033 2219 4099 aliquan-lo

2327 4029 2511 4083 λίσατο
2575 4031 2762 4082 ἑαυτὸν
2812 4034 2890 4094 εἰς
2955 4034 3013 4085 τὲ.
3066 4035 3215 4103 ἑξῆς.
3281 4036 3417 4089 Ποτέ
3473 4039 3528 4088 ἐν
3584 4041 3645 4106 τῇ
3705 4036 3887 4107 Ῥώμῃ

655 4130 932 4200 profectas
974 4136 1119 4182 esset
1180 4125 1369 4180 orandi
1417 4125 1586 4193 gratia
1643 4133 1695 4178 et
1732 4123 2215 4192 perquircndorum

2328 4120 2572 4174 ἀπελθὼν
2604 4122 2745 4191 λόγῳ
2784 4126 3094 4194 προσευχῆς
3119 4129 3213 4178 καὶ
3247 4128 3648 4198 ἀνερευνήσεως
3670 4127 3890 4196 βιϐλίων

655 4224 1021 4288 quorumdam
1062 4219 1343 4280 librorum,
1372 4216 1503 4269 vidit
1529 4218 1582 4269 in
1639 4215 1752 4268 :ede
1782 4213 1925 4266 Petri
1989 4217 2217 4281 apostoli

2327 4213 2509 4278 τινῶν,
2579 4211 2715 4268 εἶδεν
2751 4217 2806 4267 ἐν
2839 4215 2912 4285 τῷ
2945 4216 3056 4286 ναῷ
3101 4217 3195 4269 τοῦ
3246 4220 3541 4272 ἀποστόλου
3595 4221 3801 4290 Πέτρου
3830 4222 3889 4272 ὲν

656 4320 1028 4364 transeuntem
1065 4308 1348 4362 mulierem
1399 4307 1738 4369 Alenianam,
1802 4306 2046 4373 corpOiis
2094 4320 2217 4374 pro-

2329 4305 2548 4374 παρίδιρ
2597 4307 2827 4372 γυναῖκα
2907 4307 3228 4376 ’Λλεμάναν,
3286 4308 3494 4378 ὑψηλὴν
3547 4311 3622 4378 τῷ
3675 4309 3888 4377 σώματι

654 4405 878 4457 ueritate
908 4406 1281 4470 praestantem.
1310 4395 1482 4466 llujus
1506 4396 1738 4466 effigiem
1770 4398 1956 4450 animo
1985 4397 2214 4465 impres-

2329 4397 2424 4449 καὶ
2488 4398 2751 4466 μεγάλην.
2825 4399 3042 4465 Ταύτης
3103 4400 3198 4468 τὴν
3245 4399 3371 4452 θέαν
3429 4404 3778 4463 τυπώσαντες
3839 4405 3888 4453 οἱ

654 4511 768 4546 sam
835 4492 1195 4546 ostendebant
1258 4489 1481 4558 maligni
1535 4488 1762 4558 spiritus
1821 4489 1936 4544 viro
2001 4499 2214 4551 sancto,
2253 4480 2292 4529 ί)

2253 4480 2292 4529 ί)
2329 4487 2644 4554 πανοῦργοι,
2700 4490 2969 4540 ἐδείκνυον
3033 4491 3111 4558 τῷ
3163 4491 3305 4562 ἁγίῳ
3345 4491 3438 4544 καὶ
3487 4492 3761 4559 ψάλλοντι,
3795 4494 3889 4545 καὶ

653 4590 767 4638 sive
801 4586 846 4638 is
874 4584 1149 4653 psalleret,
1184 4583 1300 4635 sive
1353 4582 1574 4648 legeret,
1639 4593 1732 4635 aut
1780 4583 2062 4648 scriberet,
2130 4583 2213 4637 vel

2331 4579 2774 4646 ἀναγινώσκοντι,
2835 4582 2930 4634 καὶ
2982 4583 3265 4651 γράφοντι,
3327 4585 3418 4635 καὶ
3465 4585 3571 4635 πᾶν
3609 4582 3662 4633 εί
3682 4600 3732 4635 τι
3761 4583 3888 4636 ἄλλο

655 4677 798 4728 aliud
834 4676 1048 4744 quidvis
1082 4680 1283 4741 ageret.
1316 4670 1426 4725 Hac
1461 4688 1638 4742 pugna
1671 4673 2054 4740 invalescente,
2087 4689 2210 4727 cum

2328 4671 2589 4726 ποιοῦντι.
2645 4673 2845 4725 Τούτου
2895 4673 2989 4726 τοῦ
3025 4674 3262 4743 πολέμου
3302 4677 3751 4744 κραταιουμένου,
3796 4677 3887 4728 καὶ

658 4768 790 4819 nihil
833 4783 1055 4835 prorsus
1096 4763 1404 4832 excogitare
1437 4773 1643 4830 posset,
1671 4779 1779 4831 quo
1821 4766 2007 4820 hostes
2041 4763 2214 4833 repel-

2331 4762 2494 4830 μηδὲν
2546 4763 2682 4825 ὅλως
2735 4763 2870 4832 ἔχων
2919 4763 3173 4832 ἐννοῆσαί
3207 4781 3258 4816 τι
3285 4765 3718 4833 ἀντιπράξασθαι
3749 4766 3886 4833 πρὶς

658 4864 809 4925 laz'cl,
863 4859 1106 4926 confugit
1152 4860 1217 4911 ad
1279 4856 1469 4916 Deum,
1526 4871 1748 4910 suarum
1794 4857 1988 4910 virium
2040 4855 2213 4908 imbe-

2325 4854 2449 4915 τοὺς
2505 4854 2814 4923 πολεμίους,
2862 4855 2996 4923 πρὸς
3037 4857 3126 4907 τὸν
3168 4855 3299 4907 Θεὸν
3333 4856 3688 4924 καταφεύγει,
3739 4856 3885 4926 αὐτῷ

657 4951 938 5004 ιιιιίιαιριιι
976 4950 1047 5001 illi
1079 4962 1381 5016 exponens.
1445 4946 1743 5000 Prosternit
1801 4961 1929 5014 ergo
1975 4960 2032 5000 se
2088 4955 2213 4998 ante

2325 4946 2420 5016 τὴν
2439 4946 2644 5000 οἰκείαν
2669 4948 2952 5000 ἀσθένειαν
2974 4948 3331 5015 ἀπαγγέλλων
3349 4963 3361 4977 ·
3397 4950 3491 5001 καὶ
3541 4949 3702 5018 ῥίψας
3754 4950 3884 5001 ἑαυο

659 5060 871 5096 sacrum
933 5041 1096 5092 altare
1128 5040 1363 5094 contrito
1396 5047 1448 5092 et
1481 5039 1668 5092 liuntili
1704 5037 1888 5102 corde,
1919 5046 1971 5091 ct
2021 5039 2210 5091 Salva-

2321 5038 2409 5105 τὸν
2435 5036 2661 5090 ἐνώπιον
2700 5039 2794 5090 τοῦ
2847 5037 3157 5107 ἱλαστηρίου
3198 5041 3253 5091 ἐν
3300 5040 3734 5111 συντετριμμὲνῃ
3791 5041 3883 5094 καὶ

660 5135 759 5192 tori
794 5135 910 5185 ait:
949 5129 1028 5183 Tu
1061 5131 1187 5191 seis,
1244 5129 1489 5192 Domine,
1553 5130 1702 5199 quod
1773 5129 2022 5184 infirmus
2083 5129 2209 5189 sint,

2322 5130 2552 5196 ταπεινῇ
2584 5131 2648 5196 τῇ
2674 5127 2870 5197 καρδία
2894 5127 3046 5195 ἔλεγε
3081 5130 3216 5196 πρὶς
3248 5128 3338 5179 τὸν
3369 5130 3598 5198 Σωτῆρα
3634 5143 3648 5160 ⁸
3682 5130 3882 5200 Κύριε,

661 5225 916 5276 miserere
969 5225 1069 5276 mei
1119 5232 1168 5274 rt
1209 5222 1426 5274 sublera
1484 5238 1565 5275 Inc
1620 5221 1953 5289 inipnrcrum
2013 5219 2212 5273 ἀίειιιυ-

2326 5218 2388 5267 cii
2421 5219 2731 5283 ἐπίστασαι,
2775 5220 2855 5270 ὅτι
2904 5220 3136 5288 ἀσθενής
3185 5220 3336 5287 ειμι·
3384 5220 3606 5290 ἐλέησόν
3659 5238 3749 5288 με,
3789 5225 3883 5274 καὶ

661 5333 786 5365 llllltl
823 5315 962 5367 bello
1019 5328 1372 5381 oppressum;
1421 5329 1518 5379 ego
1556 5313 1697 5364 enim
1731 5312 1798 5365 tle
1830 5325 1942 5364 nzca
1972 5311 2207 5374 vitajattt

2327 5309 2586 5375 κούφισιν
2612 5326 2678 5376 με
2712 5311 2775 5362 ἐκ
2808 5310 2900 5362 τοῦ
2934 5311 3172 5380 πολέμου
3205 5311 3311 5362 τῶν
3347 5312 3673 5381 ἀκαθάρτων
3697 5313 3888 5381 δαιμό-

658 5405 957 5470 desperavi.
1014 5402 1134 5455 lla'c
1168 5403 1255 5454 ubi
1287 5403 1537 5464 dixisset,
1595 5403 1742 5453 liumi
1775 5402 1964 5469 jacens
2001 5401 2211 5467 levique

2325 5423 2452 5468 νων,
2494 5404 2572 5454 ὅτι
2611 5403 2794 5454 λοιπὸν
2827 5403 2923 5470 τῆς
2950 5401 3094 5472 ζωῆς
3143 5421 3243 5472 μου
3278 5406 3526 5457 ἀπεῖπον.
3584 5404 3767 5458 Ταῦτα
3807 5409 3886 5460 εί-

657 5510 848 5547 smnno
877 5502 1185 5558 correptus,
1222 5493 1364 5545 videt
1394 5503 1518 5545 ante
1546 5508 1602 5545 se
1642 5500 1869 5545 stantem
1917 5491 2208 5559 pretiosam

2326 5493 2440 5544 πῶν
2501 5495 2752 5561 κείμενος
2777 5494 2869 5544 ἐπὶ
2914 5493 3007 5560 τῆς
3034 5497 3158 5562 γῆς,
3185 5496 3276 5548 καὶ
3305 5495 3497 5565 μικρὸν
3524 5497 3881 5565 ἀφυπνῶσας,

659 5599 873 5635 rrueem
905 5590 958 5635 et
985 5582 1301 5649 pendentem
1334 5597 1396 5635 ex
1431 5598 1490 5634 ea
1539 5583 1718 5634 vivum
1767 5580 2049 5633 Dominum
2117 5596 2212 5632 rio-

2324 5584 2424 5653 ὁρᾷ.
2455 5582 2762 5651 ἔμπροσθεν
2793 5581 2957 5634 αὐτοῦ
2980 5584 3268 5653 ἱστάμενον
3297 5586 3386 5636 τὸν
3418 5587 3596 5655 τίμιον
3624 5589 3879 5658 σταυρὸν,

658 5682 830 5726 struni
863 5682 915 5726 et
946 5673 1119 5725 velum
1179 5673 1418 5740 pendens
1472 5673 1871 5739 interpositum,
1923 5671 2208 5723 candidum

2326 5674 2418 5725 καὶ
2467 5676 2522 5726 ἐν
2558 5673 2704 5741 αῦτη-ἶ)
2740 5673 3085 5742 κρεμάμενον
3111 5676 3287 5737 ζῶντα
3327 5676 3417 5728 τὸν
3469 5679 3670 5746 Κύριον
3700 5679 3881 5749 ἡμῶν,

660 5772 711 5816 et
767 5765 1165 5818 tenuissimum.
1245 5762 1376 5814 Tum
1433 5763 1545 5829 ipse
1595 5778 1787 5829 magno
1847 5777 1967 5815 cum
2020 5770 2210 5816 timore

2329 5765 2492 5832 μέσον
2524 5765 2575 5816 δὲ
2608 5765 2784 5818 αὐτῶν
2819 5767 3160 5834 κρεμάμενον
3193 5768 3348 5835 βῆλον
3369 5769 3607 5838 καθαρξν
3638 5772 3729 5824 καὶ
3764 5770 3883 5824 λίαν
