4158 6338
237 383 306 442 ω
1372 406 1548 466 VITA
1589 408 1651 467 s.
1685 405 1810 464 NII.

1917 403 2259 464 UNlOlilS.
3406 403 3472 463 ὃς)

236 501 585 557 λεπτότατον.
637 508 745 560 Καὶ
808 511 1008 582 βοήσας
1041 515 1178 584 μετὰ
1225 519 1390 586 φόϐου
1435 522 1631 573 πολλοῦ
1663 523 1808 588 λέγει

1914 519 2155 574 clamans
2189 517 2504 578 :Misercre,
2559 516 2754 585 inquit,
2789 516 2912 581 mei,
2957 517 3198 583 Domine,
3225 525 3276 572 et
3314 519 3474 574 bene-

237 594 376 657 πρὸς
408 595 609 648 αὐτόν⁸
660 599 909 670 Ἐλέησόν
939 622 1027 671 με,
1068 608 1314 662 Δέσποτα
1336 651 1349 675 ,
1383 612 1475 665 καὶ
1525 613 1814 682 εὐλόγησόν

240 700 306 748 με
346 684 432 737 τον
491 687 677 742 δοῦλόν
745 710 860 746 σου.
901 695 1034 748 Τότε
1072 699 1099 750 ό
1130 701 1320 770 Σωτὴρ
1383 701 1659 770 ἐξηλώσας
1718 704 1814 773 τὴν

234 774 416 838 δεξιὰν
441 781 599 849 χεῖρα
642 783 748 834 ἀπὸ
775 784 870 836 τοῦ
897 790 1155 857 σταυροῦ,
1205 791 1387 859 τρίτον
1413 794 1816 863 ὲπεσφράγισεν

235 864 422 932 αὐτὸν,
469 871 563 921 καὶ
603 872 754 936 τέλος
805 871 949 946 εἶχεν
984 880 1016 946 ἠ
1048 880 1228 944 ἔνθεος
1253 883 1508 947 όπτασία,
1550 886 1648 937 σὺν
1678 886 1812 956 αὐτῇ

235 956 294 1009 δὲ
329 959 422 1010 καὶ
447 962 682 1032 πόλεμος
709 967 873 1032 ἆπας,
905 971 999 1024 καὶ
1028 973 1058 1042 ἡ
1090 976 1188 1042 τῆς
1217 975 1434 1041 φύσεως
1461 977 1644 1045 ῥεῦσις
1664 993 1676 1007 ·
1714 981 1811 1032 καὶ

234 1047 373 1118 ὅπερ
395 1051 495 1103 οὐκ
531 1052 760 1121 ἴσχυσαν
812 1059 1094 1114 ἐκτελέσαι
1130 1064 1188 1116 αἱ
1218 1065 1410 1118 πολλαὶ
1459 1069 1661 1132 πεῖναι,
1719 1070 1812 1121 καὶ

235 1139 566 1230 ἀγρυπνίαι,
638 1148 857 1217 ἴσχυσεν
889 1155 1274 1221 ήταπείνωσις
1329 1159 1476 1230 καὶὴ
1523 1159 1816 1230 ἐπίγνωσις

234 1229 335 1296 τῆς
359 1235 572 1298 οἰκείας
600 1237 923 1310 ἀδυναμίας.

308 1331 372 1377 κ’.
406 1328 748 1397 Διατρίὸοντι
800 1335 979 1389 τοίνυν
1010 1337 1087 1407 τῷ
1130 1340 1263 1410 ὁσίῳ
1286 1343 1342 1392 ἐν
1374 1344 1554 1396 ἀνέσει
1595 1345 1688 1397 καὶ
1718 1361 1815 1414 χα-

235 1415 306 1483 ρᾷ
335 1417 430 1468 καὶ
481 1419 792 1492 εὐφροσύνῃ
840 1433 1218 1500 πνευματικῇ,
1279 1432 1500 1502 ἔρχεταί
1554 1454 1637 1497 τις
1673 1438 1812 1506 πρὸς

233 1503 394 1555 αὑτὸν
442 1506 675 1576 ἀδελφὸς
728 1517 1062 1583 παρακαλῶν
1125 1525 1579 1591 συμπαραμεῖναι
1633 1527 1807 1597 αὐτῷ·

233 1595 365 1655 [τως
395 1598 707 1669 σωθήσεται
744 1604 812 1657 δι’
856 1608 1045 1663 αὑτοῦ.
1090 1612 1259 1673 Μόλις
1289 1609 1382 1667 οὖν
1413 1616 1684 1686 ἐπιτυχὼν
1717 1619 1810 1671 τοῦ

233 1687 440 1739 σκοποῦ
474 1693 607 1759 φησι
635 1695 769 1763 πρὸς
787 1696 878 1750 τὸν
902 1698 1047 1752 ὅσιον
1081 1715 1093 1730 °
1132 1702 1333 1772 Πάτερ,
1369 1703 1474 1773 ἔχω
1498 1708 1624 1776 τρία
1660 1708 1811 1778 νομί·

234 1792 440 1843 σματα,
477 1783 530 1832 τί
569 1784 812 1850 κελεύεις
846 1792 1071 1858 ποιῆσαί
1107 1809 1171 1862 με
1206 1795 1461 1860 αὑτά;”0
1491 1797 1567 1861 δὲ,
1618 1800 1810 1852 Ἀπελ-

237 1863 345 1916 ϋὼν
373 1868 461 1929 δὸς
488 1871 630 1924 αὐτὰ
685 1877 797 1938 τοῖς
847 1882 1104 1948 πτωχοῖς·
1138 1884 1232 1934 καὶ
1265 1884 1401 1954 ἄρας
1429 1886 1487 1938 τὸ
1513 1887 1809 1958 ψαλτήριόν
1844 1861 1883 1915 Β

236 1970 329 2008 σου
350 1956 486 2013 ἕπου
513 1965 630 2024 ταῖς
654 1965 895 2030 ἐντολαῖς
919 1971 1011 2022 τοῦ
1030 1971 1299 2040 Σωτῆρος·
1328 1976 1528 2039 εὐθέως
1556 1979 1807 2048 δὲὲποίη-

234 2063 328 2098 σεν
353 2049 549 2112 οὕτως.
614 2055 723 2106 Καὶ
752 2056 1187 2130 διακαρτερήσας
1217 2064 1357 2134 μετᾶ
1394 2065 1489 2118 τοῦ
1520 2067 1667 2120 ὁσίου
1695 2072 1808 2124 [Ια-

232 2138 362 2204 τρος
393 2140 454 2190 οὐ
487 2143 752 2209 μήκιστον
812 2148 1025 2226 χρόνον,
1079 2155 1173 2206 καὶ
1223 2153 1412 2221 μαθὼν
1459 2158 1586 2229 παρ’
1639 2161 1805 2215 αὑτοῦ

233 2229 455 2300 τὴντῆς
487 2234 883 2305 καλλιγραφίας
922 2239 1315 2311 δυσδιόροωτον
1365 2248 1586 2319 τέχνην,
1642 2251 1807 2320 ἀχθε-

236 2320 383 2384 σθεὶς
440 2325 535 2376 ἐπί
570 2344 627 2378 τε
681 2331 747 2398 τῇ
805 2331 1169 2405 σκληροτάτῃ,
1222 2339 1317 2390 καὶ
1385 2341 1806 2412 ἀπαραμυοήτῳ

233 2415 488 2485 ἀσκήσει,
522 2418 725 2488 ἦρξατο
754 2426 1506 2500 προφασίζεσθαιπροφάσεις
1542 2435 1598 2485 έν
1629 2435 1808 2505 ἁμαρ-

232 2506 397 2570 τίαις,
456 2512 550 2562 καὶ
610 2511 794 2580 ζητεῖν
843 2516 1052 2586 πόρους
1115 2519 1472 2591 λογομαχίας,
1524 2525 1593 2578 δι’
1622 2522 1695 2578 ὧν
1719 2529 1809 2581 τὸν

239 2596 457 2666 Πατέρα
525 2602 659 2669 πρὸς
702 2603 869 2673 Ουμδν
934 2611 1400 2682 διεγείρῃ.νΑὑτός
1438 2615 1494 2668 δὲ
1535 2617 1624 2668 dei
1645 2618 1702 2668 ἐν
1733 2619 1808 2688 νῷ

234 2691 553 2757 περιφέρων
620 2694 717 2756 τὰς
765 2696 987 2761 ἐντολὰς
1022 2701 1118 2754 τοῦ
1168 2703 1327 2770 θεοῦ,
1369 2707 1444 2769 ὡς
1478 2707 1613 2775 πρὸς
1650 2709 1809 2778 μόνον

233 2777 401 2828 αὑτὸν
427 2780 749 2850 εἰρημένας,
794 2788 889 2840 καὶ
945 2793 1303 2862 μνημονεύων
1347 2794 1422 2857 ὡς
1451 2797 1479 2848 ὁ
1509 2777 1683 2866 λέγων
1732 2801 1812 2870 τῷ

235 2869 454 2939 ἁδελῳῷ
487 2874 654 2926 αὑτοῦ
703 2875 902 2942 Ῥακά,
938 2880 1122 2952 ἔνοχος
1161 2883 1313 2938 ἔσται
1345 2888 1424 2949 είς
1455 2889 1553 2960 τὴν
1589 2869 1811 2958 γέενναν

234 2962 330 3054 τοῦ
364 2965 559 3034 πυρὸς,
590 2969 846 3024 οὐδέποτε
875 2968 1028 3026 εἶπεν
1053 2977 1202 3046 αὐτῷ
1224 2979 1374 3048 ῥῆμα
1392 2983 1647 3054 πονηρόν.
1678 2986 1812 3039 Τότε

235 3053 386 3120 λέγει
439 3058 574 3125 πρὸς
635 3062 797 3114 αὑτὸν
845 3065 1038 3134 πράως
1084 3069 1178 3122 καὶ
1236 3053 1542 3136 επιεικῶς-⁷
1587 3075 1809 3148 Ἀδελφέ

1922 611 2009 665 die
2042 610 2241 664 famulo
2279 618 2388 663 tuo.
2452 608 2604 661 Tunc
2630 606 2899 669 Salvator.
2929 623 3162 661 excusso
3198 623 3226 662 e
3255 608 3474 662 dextera

1922 717 2080 753 manu
2127 701 2299 761 clavo,
2333 700 2582 768 tcrsigno
2618 698 2798 752 crucis
2830 696 3102 752 benedixit
3133 697 3230 761 illi,
3256 709 3307 752 et
3339 699 3476 752 visio

1921 790 2104 843 (livina
2161 790 2402 852 evanuit,
2457 790 2727 857 simulque
2787 803 2962 856 pugna
3013 787 3190 840 omnis
3248 788 3481 841 cessavit

1919 890 1972 935 et
2037 892 2244 936 natura:
2303 881 2661 950 profluvium;
2710 891 2762 936 et
2833 882 2976 949 quod
3042 888 3297 949 praestare
3371 895 3477 932 non

1920 982 2210 1043 potuerunt
2269 973 2438 1027 multa
2491 972 2696 1039 jejunia
2740 973 2972 1042 sitisque
3033 971 3197 1025 nimia
3246 977 3299 1024 et
3350 970 3482 1036 vigi-

1919 1064 2023 1128 liae,
2089 1063 2340 1132 praestitit
2426 1063 2706 1117 humilitas
2754 1073 2804 1118 et
2869 1063 3100 1133 propriae
3152 1060 3481 1115 infirmitatis

1918 1153 2139 1223 agnitio.

1985 1351 2077 1406 20.
2109 1352 2344 1422 Degebat
2377 1355 2560 1424 itaque
2591 1356 2674 1409 vir
2696 1363 2920 1411 sanctus
2945 1357 3182 1426 quietam
3213 1365 3268 1412 et
3298 1354 3478 1410 laetam

1915 1441 2103 1506 vitam,
2141 1443 2515 1514 spiritalisque
2569 1447 2768 1501 laetitiae
2802 1449 3037 1516 plenam.
3074 1446 3285 1503 Interea
3317 1447 3476 1501 frater

1915 1533 2136 1602 quidam
2170 1537 2404 1591 accessit
2443 1552 2661 1606 rogans,
2726 1547 2782 1592 ut
2814 1539 3254 1594 contubernalem
3283 1555 3339 1592 se
3400 1555 3476 1590 re-

1915 1622 2142 1693 ciperet,
2175 1626 2222 1681 si
2262 1627 2400 1682 forte
2421 1628 2537 1696 ejus
2571 1642 2733 1697 opera
2761 1633 2985 1685 salutem
3032 1641 3479 1700 consequeretur.

1917 1711 2016 1766 Vix
2050 1714 2266 1769 tandem
2305 1731 2528 1783 compos
2570 1715 2827 1771 desiderii
2878 1717 3057 1773 factus
3117 1718 3183 1772 ad
3235 1727 3478 1773 sanctum

1913 1804 1990 1859 ait
2022 1822 2035 1859 :
2071 1804 2279 1871 llabeo,
2304 1808 2483 1873 Pater,
2513 1809 2842 1864 numismata
2870 1809 2998 1874 tria,
3029 1809 3159 1880 quid
3189 1810 3269 1864 vis
3290 1809 3479 1863 faciam

1910 1896 1976 1952 de
2031 1897 2184 1952 illis?
2210 1898 2330 1965 llle,
2365 1898 2491 1964 Alli,
2524 1900 2720 1969 inquit,
2763 1909 2814 1954 et
2846 1899 2911 1954 da
2948 1903 3305 1971 pauperibus,
3372 1905 3479 1954 tol-

1909 1987 2140 2058 lensque
2190 1989 2518 2045 Psalterium
2555 2000 2710 2046 tuum
2774 2006 3002 2061 sequere
3052 2001 3321 2063 prme'epta
3363 1993 3472 2046 Sal-

1913 2083 2119 2140 valoris
2148 2101 2162 2139 :
2204 2095 2257 2139 et
2284 2085 2375 2140 ille
2404 2086 2588 2139 statim
2617 2088 2912 2142 obsecutus
2938 2093 3042 2141 est.
3074 2086 3192 2142 Non
3249 2088 3479 2142 multum

1910 2175 2168 2240 temporis
2197 2172 2403 2228 ellluxit
2437 2176 2826 2238 contubernio,
2864 2177 3163 2246 didicitque
3211 2192 3240 2230 a
3292 2187 3479 2232 sancto

1909 2264 2066 2318 Patre
2127 2265 2402 2320 difﬁcilem
2436 2267 2664 2336 pulchre
2713 2277 2945 2338 apteque
2980 2267 3256 2322 scribendi
3285 2277 3478 2322 artem:

1911 2355 2004 2408 sed
2060 2357 2418 2423 asperrimum
2464 2358 2584 2411 vita:
2642 2358 2944 2412 institutum
2999 2373 3227 2426 perosus
3264 2368 3314 2412 et
3350 2360 3476 2412 solio

1911 2445 2061 2498 taria:
2091 2445 2209 2498 vitae
2265 2447 2477 2501 labores
2506 2447 2653 2500 nulla
2696 2447 3018 2501 remissione
3048 2448 3278 2511 laxatos,
3319 2448 3476 2515 ccepi!

1913 2534 2175 2589 adhibere
2232 2539 2615 2592 excusationes
2653 2538 2704 2591 in
2739 2539 2972 2606 peccatis
3022 2544 3073 2591 et
3111 2540 3478 2592 contentionis

1913 2626 2234 2681 occasiones
2296 2642 2564 2695 qurere-re,
2617 2628 2816 2696 quibus
2863 2639 3042 2696 posset
3079 2630 3289 2682 Patrem
3355 2644 3474 2696 pru-

1914 2732 2104 2771 vocare
2175 2719 2240 2772 ad
2296 2720 2452 2774 iram.
2539 2718 2631 2774 Ille
2723 2736 2849 2775 vero
2919 2731 3184 2790 prmccpta
3266 2721 3477 2776 Domini

1913 2822 2126 2878 semper
2165 2811 2344 2865 animo
2377 2811 2622 2874 volvens,
2663 2820 2919 2880 tanquam
2963 2812 3063 2865 sibi
3118 2812 3207 2865 uni
3247 2814 3476 2881 prolata,

1911 2906 1966 2952 et
2015 2900 2277 2952 memoria
2335 2908 2603 2967 repetens,
2650 2916 2795 2954 reum
2841 2916 2959 2955 esse
3010 2901 3269 2969 gehennae
3320 2901 3475 2969 ignis,

1913 2989 2005 3057 qui
2040 2988 2236 3042 dixerit
2263 2988 2417 3043 fratri
2443 3004 2561 3052 suo,
2596 2989 2859 3052 Racca”,
2896 3003 3173 3059 nunquam
3207 3004 3339 3043 usus
3397 3001 3473 3042 cst

1913 3088 2099 3135 contra
2130 3096 2254 3135 eum
2295 3095 2491 3150 aspero
2520 3081 2705 3135 verbo.
2743 3081 2981 3134 Tandem
3012 3080 3225 3152 placido
3281 3089 3334 3138 et
3360 3096 3477 3136 mo-

233 3147 558 3215 τιμιώτατε,
594 3151 647 3204 ἐν
669 3153 864 3227 εἰρήνῃ·
885 3156 1153 3229 κέκληκεν
1180 3161 1524 3230 ἡμᾶςόΘεὸς
1553 3147 1809 3239 ἐνταῦθα,

1916 3169 2105 3228 derata
2136 3171 2318 3229 animo
2349 3147 2429 3230 sic
2459 3186 2582 3229 eum
2615 3171 2811 3230 aliatus
2833 3179 2913 3232 est
2943 3192 2958 3229 :
2995 3176 3320 3230 Honorande
3370 3175 3478 3228 fra-

241 3237 338 3286 καὶ
373 3238 432 3332 έν
471 3240 688 3311 ἀγάπῃ,
716 3245 987 3314 πνεύματί
1010 3265 1068 3300 τε
1100 3252 1410 3320 πραότητος
1444 3273 1458 3287 ·
1512 3258 1585 3329 μὴ
1626 3261 1734 3332 γὰρ
1756 3237 1814 3316 ἐν

234 3329 554 3424 πικρίᾳ-καὶ
583 3335 718 3404 ὀργῇ
744 3338 833 3388 καὶ
859 3339 1016 3409 θυμῷ
1038 3359 1051 3407 ;
1070 3343 1115 3394 εί
1145 3343 1201 3395 δὲ
1219 3346 1473 3402 τοσοῦτον
1506 3329 1809 3424 βεϐάρύσαι

233 3422 326 3515 εἰς
359 3421 574 3515 ἐμέ-τον
617 3427 883 3492 ταπεινὸν,
942 3434 1035 3485 καὶ
1085 3436 1361 3507 ἀφόρητος
1403 3421 1668 3515 ἐγενόμην
1699 3451 1810 3512 τοῖς

236 3512 709 3609 σοῖςόξῦαλ-μοῖς,
741 3520 976 3588 πορεύου
1030 3525 1088 3578 ὲν
1119 3527 1311 3600 εἰρήνῃ
1334 3531 1488 3584 ’ὅπου
1525 3512 1592 3587 ἂν
1623 3512 1808 3609 βούλῃ.

234 3600 332 3698 καί
366 3601 468 3698 ἐμὲ
507 3604 619 3698 *τὸν
671 3607 994 3678 ἁμαρτωλὸν
1059 3614 1133 3684 μὴ
1178 3619 1381 3688 ἐνόχλει
1415 3636 1429 3652 ⁶
1467 3621 1584 3677 οἶδα
1611 3600 1719 3698 γάρ
1753 3600 1810 3681 σε

233 3691 459 3788 έγιὶϊμῂ
500 3696 817 3788 δυνάμενον,
884 3705 1083 3771 μᾶλλον
1118 3707 1172 3760 δὲ
1209 3711 1304 3763 καὶ
1369 3713 1443 3782 μὴ
1490 3691 1811 3788 βουλόμενον

232 3784 638 3881 ἀποσείσασθαι
665 3791 724 3842 τὸ
769 3795 1114 3861 παραδάλλον
1144 3816 1225 3852 σοι
1253 3803 1468 3872 πνεῦμα
1488 3807 1586 3876 τῆς
1615 3784 1808 3881 φιλαρ-

233 3875 359 3942 χίας
387 3880 479 3931 καὶ
505 3881 920 3951 φιλοῖερατείας.
947 3888 1180 3944 Ἀπελθε
1210 3895 1407 3960 τοίνυν,
1441 3875 1810 3972 ἐκπληρώσων

232 3967 297 4019 τὸ
327 3967 420 4022 σὸν
466 3969 736 4042 βούλημα,
772 3977 866 4030 καὶ
918 3982 1178 4052 εὑρήσεις
1207 3986 1267 4038 τὸ
1302 3991 1592 4060 κατάλυμα
1645 3995 1811 4063 πρόσ-

235 4075 428 4156 φορον.
511 4062 570 4116 '0
633 4065 966 4156 ﬁérdéelgb;
1028 4073 1188 4129 πλέον
1249 4079 1353 4132 ὑπὸ
1405 4082 1498 4135 τοῦ
1569 4062 1808 4156 πονηροῦ

233 4151 494 4244 agapen;
534 4157 626 4244 ἐπὶ
652 4155 728 4226 τῷ
755 4159 961 4231 ἐλέγχῳ
1011 4166 1120 4218 τῶν
1177 4171 1425 4239 κρυφίων
1473 4174 1637 4228 αὑτοῦ
1663 4151 1809 4244 λογι-

235 4243 412 4309 σμῶν,
446 4238 612 4314 φησὶν
657 4249 1011 4322 ὀργιζόμενος
1044 4257 1179 4326 πρὸς
1218 4238 1385 4314 αὐτόν
1425 4279 1439 4293 ·
1493 4264 1593 4328 Δός
1621 4283 1710 4334 μοι
1737 4238 1808 4320 τὰ

233 4334 360 4428 τρία
379 4353 482 4403 μου
506 4339 839 4409 νομίσματα,
863 4348 955 4398 καὶ
981 4349 1305 4418 πορεύομαι.
1340 4355 1404 4405 Τί
1426 4354 1534 4425 γὰρ
1565 4356 1808 4428 ἀνάγκην

233 4419 384 4492 εἶχον
445 4429 554 4494 ἐγὼ
585 4431 763 4485 δοῦναι
813 4437 951 4489 αὐτὰ
987 4442 1096 4502 τοῖς
1130 4446 1389 4512 πτωχοῖς,
1411 4447 1554 4517 εἰμὴ
1596 4450 1810 4503 ὲπειθόυ

1918 3272 2021 3330 ter,
2062 3265 2207 3322 Deus
2236 3267 2288 3320 in
2326 3282 2454 3334 pace
2508 3282 2607 3321 nos
2639 3267 2746 3322 huc
2803 3268 3012 3324 vocavit
3041 3275 3093 3322 et
3127 3268 3179 3321 in
3212 3266 3479 3320 charitate

1916 3366 1968 3410 et
2000 3357 2189 3426 spiritu
2218 3358 2686 3419 mansuetudinis;
2733 3358 2997 3427 numquid
3027 3358 3171 3411 enim
3224 3357 3289 3412 ad
3320 3374 3475 3411 acer-

1919 3446 2137 3501 bitatem
2173 3456 2225 3502 et
2272 3449 2406 3503 iram
2435 3459 2486 3504 et
2518 3449 2721 3505 bilem?
2756 3450 2858 3503 Sed
2893 3450 2934 3502 si
2965 3449 3182 3503 humilis
3222 3465 3318 3518 ego
3343 3450 3478 3503 adeo

1914 3538 2094 3607 gravis
2130 3539 2223 3592 tibi
2249 3555 2368 3594 sum
2403 3549 2454 3594 et
2487 3542 2663 3595 oculis
2709 3540 2816 3594 tuis
2874 3539 3048 3594 factus
3094 3540 3476 3604 intolerabilis,

1918 3628 2050 3681 vade
2082 3628 2133 3682 in
2165 3645 2315 3698 pace,
2348 3644 2675 3700 quocunque
2703 3632 2941 3696 libuerit,
2967 3642 3016 3686 et
3048 3633 3321 3702 peccatori
3348 3633 3480 3685 mihi

1915 3719 2021 3771 noli
2057 3733 2175 3779 esse
2229 3720 2486 3776 molestus
2551 3739 2566 3776 :
2616 3723 2730 3776 scio
2791 3723 2958 3783 cnim.
3017 3735 3069 3777 te
3126 3739 3233 3776 non
3297 3739 3476 3790 posse,

1915 3812 2021 3866 imo
2045 3827 2172 3867 vero
2197 3815 2361 3867 etiam
2396 3815 2555 3880 nolle,
2590 3817 2838 3884 spiritum
2891 3817 3179 3884 repellere,
3242 3817 3334 3886 qui
3378 3818 3477 3869 tibi

1915 3909 2060 3959 faces
2089 3904 2316 3975 sulijieit
2369 3906 2684 3960 dominandi
2725 3916 2778 3960 et
2841 3907 3094 3975 fungendi
3153 3908 3476 3962 sacerdotio.

1915 3996 2013 4050 Abi
2045 3996 2208 4066 igitur
2239 4004 2291 4051 et
2314 3999 2470 4067 exple
2533 3997 2810 4051 libidinem
2852 4005 2999 4051 tuam
3031 4006 3287 4066 etapium
3326 4013 3479 4067 repe-

1916 4086 2019 4142 ries
2077 4087 2461 4142 diversorium.
2514 4087 2713 4142 Verum
2783 4088 2948 4142 frater
3008 4088 3091 4142 ille
3152 4103 3181 4141 a
3239 4088 3478 4156 maligno

1913 4178 2159 4234 dzemone
2193 4181 2377 4235 acrius
2434 4180 2715 4244 incitatus,
2788 4179 2931 4248 quod
2965 4179 3214 4246 redargui
3252 4181 3477 4245 videret,

1912 4284 2030 4336 quae
2089 4269 2321 4322 latenter
2368 4269 2483 4338 ipse
2517 4270 2875 4338 cogitaverat,
2916 4270 3197 4339 respondit
3234 4272 3408 4326 iratus
3459 4290 3474 4325 :

1912 4357 2094 4413 Redde
2122 4361 2248 4413 mihi
2295 4361 2398 4414 tria
2433 4362 2521 4414 illa
2557 4362 2877 4414 numismata
2905 4368 2958 4415 et
3002 4376 3126 4414 mox
3160 4361 3476 4431 ahibo:quid

1914 4449 2055 4500 enim
2087 4450 2309 4516 cogebat
2341 4465 2444 4514 me,
2486 4459 2543 4503 ut
2591 4463 2652 4502 ea
2725 4449 3053 4518 pauperibus
3100 4449 3304 4513 darem,
3372 4451 3476 4507 nisi

237 4535 344 4586 μην
381 4522 444 4589 τῇ
473 4522 724 4576 κελεύσει
752 4530 815 4597 τῇ
857 4533 958 4598 σῇς
1002 4531 1387 4602 Ἀποκρίνεται
1421 4539 1624 4603 εὐθέως
1672 4543 1806 4610 πρὸς

1914 4539 2084 4606 iussio
2116 4550 2225 4602 tua,
2286 4540 2372 4593 cui
2436 4555 2624 4608 parere
2683 4539 2882 4594 volui?
2946 4540 3008 4592 Et
3064 4542 3247 4594 statim
3321 4541 3476 4595 Pater

232 4610 398 4664 αὑτὸν
421 4617 446 4665 ό
465 4615 677 4686 Πατήρ³
698 4619 910 4689 Γράψον
930 4640 1038 4690 μοι,
1060 4626 1242 4693 φησὶν,
1262 4627 1478 4696 ἀδελφέ,
1514 4632 1593 4694 εἰς
1609 4633 1804 4704 τμῆμα

232 4705 460 4794 χαρτίον
515 4707 608 4758 τοῦ
666 4709 960 4766 ἀπολαϐεῖν
987 4732 1053 4782 με
1099 4718 1192 4767 τὸν
1227 4719 1418 4787 μισθὸν
1449 4722 1627 4774 αὐτῶν
1657 4725 1714 4776 ἐν
1740 4727 1804 4794 τῇ

235 4791 485 4864 βασιλείᾳ
530 4797 638 4848 τῶν
689 4799 958 4869 οὐρανῶν,
1021 4807 1114 4860 καὶ
1180 4807 1270 4870 θὲς
1321 4810 1451 4862 αὐτὸ
1506 4813 1597 4864 ἐπὶ
1625 4816 1686 4866 τὸ
1716 4815 1809 4868 Θυ-

236 4886 576 4955 σιαστήριον,
609 4889 764 4957 κάγὼ
797 4893 920 4964 ἄρτι
974 4897 1196 4968 παρέχω
1257 4918 1338 4953 σοι
1362 4901 1428 4954 τὰ
1457 4905 1584 4974 τρία
1656 4909 1806 4977 νομίο

237 4989 436 5042 σματα.

306 5067 411 5156 κα’.
460 5071 518 5122 Ὅ
551 5072 606 5123 δὲ
640 5074 808 5127 Θέλων
857 5078 1086 5144 ἀπιδεῖν,
1136 5082 1302 5135 πόθεν
1355 5084 1463 5155 ἄρα
1517 5085 1608 5156 ἐξῇ
1657 5089 1804 5157 αὐτῷ

238 5157 518 5229 πληρῶσαι
574 5166 635 5217 τὸ
689 5168 1186 5237 ἐπαγγελλόμενον,
1250 5177 1389 5245 μήτε
1442 5178 1558 5230 κᾶν
1618 5179 1804 5231 ὀϐολὸν

240 5248 433 5338 From,
470 5253 574 5324 ἰδίᾳ
626 5261 770 5327 χειρὶ
811 5260 873 5313 τὸ
924 5262 1218 5317 κελευσθὲν
1272 5269 1664 5338 ἀπεπλήρωσε,
1712 5272 1805 5322 καὶ

241 5336 313 5405 τῷ
335 5339 705 5413 θυσιαστηρίῳ
734 5347 1024 5419 ἐπέθηκεν.
1054 5354 1164 5405 Καὶ
1185 5355 1246 5423 δὴ
1281 5357 1616 5425 παραλαϐὼν
1646 5361 1803 5410 αὑτὸν

242 5429 270 5478 ὁ
304 5431 484 5502 Πατὴρ
541 5436 871 5506 κατέρχεται
909 5443 1043 5511 πρὸς
1067 5443 1127 5495 τὸ
1159 5445 1252 5496 τοῦ
1286 5447 1601 5499 καστελλίου
1631 5450 1801 5500 κοινό-

244 5517 355 5573 6ιον
375 5537 389 5552 ·
426 5526 685 5587 κάκεῖθεν
718 5529 1107 5603 δανεισάμενος
1137 5537 1262 5604 τρία
1291 5538 1622 5606 νομίσματα,
1646 5539 1804 5590 δέδω-

246 5622 338 5660 κεν
367 5613 499 5665 αἰδτὰ
527 5617 924 5690 μετὰιὰγάπης
949 5622 1025 5692 τῷ
1045 5623 1277 5694 ἀδελφῷ.
1316 5627 1582 5688 Κάκεῖνος
1642 5627 1800 5690 δεξά-

315 5791 359 5822 “
382 5790 563 5850 Matth.
597 5811 644 5862 ν,
688 5795 780 5851 22.

1915 4631 1980 4684 ad
2046 4647 2191 4694 eum,
2260 4632 2480 4696 Scribe,
2523 4633 2722 4700 inquit,
2777 4631 2963 4697 frater,
3020 4633 3153 4687 mihi
3209 4634 3261 4687 in
3314 4635 3475 4687 char-

1915 4723 2044 4784 tula,
2118 4722 2234 4775 fore
2287 4730 2338 4775 ut
2395 4722 2693 4777 mercedem
2729 4735 2920 4775 eorum
2955 4722 3207 4792 recipiam
3239 4726 3293 4778 in
3313 4740 3475 4794 regno

1915 4816 2200 4874 caelorum,
2230 4823 2282 4867 et
2305 4829 2440 4882 pone
2461 4815 2631 4881 ipsam
2652 4828 2814 4883 super
2843 4814 3015 4869 altare
3042 4823 3092 4870 et
3118 4829 3215 4886 ego
3235 4816 3327 4868 tibi
3353 4831 3474 4870 mox

1916 4905 2117 4958 solvam
2151 4906 2256 4959 tria
2296 4905 2644 4960 numismata.

1983 5082 2070 5135 2|.
2095 5082 2190 5136 llle
2227 5099 2351 5136 vero
2370 5083 2509 5137 seire
2549 5083 2793 5151 cupiens,
2843 5085 2983 5138 unde
3018 5085 3093 5138 illi
3153 5099 3220 5140 ne
3251 5086 3471 5141 obolum

1913 5173 2133 5242 quidem
2166 5173 2388 5228 habenti
2422 5175 2651 5227 facultas
2682 5184 2993 5243 suppeteret
3023 5176 3281 5244 implendi
3350 5192 3471 5245 pro-

1913 5267 2162 5327 missum,
2238 5279 2334 5319 sua
2412 5279 2574 5318 manu
2648 5265 2891 5332 scripsit,
2940 5265 3084 5334 quod
3140 5267 3468 5334 postulatum

1912 5367 2047 5419 erat,
2084 5366 2137 5409 et
2170 5356 2411 5409 chartam
2488 5369 2651 5423 super
2699 5355 2870 5409 altare
2903 5356 3102 5424 posuit.
3147 5357 3263 5421 Qua
3313 5355 3470 5410 Pater

1913 5455 2133 5515 accepta
2163 5445 2442 5500 descendit
2496 5445 2550 5499 in
2583 5446 2789 5500 castelli
2825 5447 3136 5501 coenobium
3187 5457 3238 5499 et
3280 5457 3467 5501 mutuo

1912 5538 2035 5592 inde
2071 5544 2281 5605 sumpta
2333 5537 2433 5591 tria
2497 5538 2827 5592 numismata
2879 5538 3031 5590 fratri
3095 5540 3264 5592 amice
3298 5537 3465 5591 dedit.

1914 5629 2132 5698 Accepit
2166 5629 2210 5684 is
2242 5637 2291 5684 et
2329 5629 2554 5683 recessit
2580 5638 2627 5684 et
2669 5629 2932 5684 voluntati
2970 5645 3080 5685 suae
3125 5627 3467 5685 satisfaciens
