4132 6332
220 415 284 480 53
1374 418 1549 478 νιΤΑ
1588 416 1648 478 S.
1685 415 1794 475 NII

1896 413 2275 477 lUNIORIS.
3379 401 3445 465 δι

215 533 292 605 τῷ
350 530 527 602 ἁγίῳ,
595 531 692 585 καὶ
740 531 847 586 τῶν
894 532 1069 603 εὐχῶν
1129 533 1280 603 ὑμῶν
1331 535 1782 606 συνεργησάντων

1896 535 2140 604 precibus
2173 533 2303 598 tuis,
2330 531 2546 585 venatio
2572 527 2855 583 commoda
2916 526 3037 591 fuit,
3074 535 3126 579 ct
3156 541 3292 595 opus
3340 534 3442 590 est,

216 621 583 692 ήγρευσάμην
601 621 939 690 άκρούστως·
959 621 1054 676 καὶ
1077 621 1192 676 δέον
1207 639 1289 689 σε,
1315 623 1518 695 Πάτερ,
1549 625 1786 695 μεταλα-

217 715 329 767 δεῖν
348 713 405 780 ἐξ
423 713 626 768 αὐτῶν.
647 714 779 767 τότε
799 714 826 766 ὀ
842 713 1110 785 μακάριος
1133 715 1323 780 Νεῖλος
1343 716 1434 770 τδν
1455 716 1555 788 μὲν
1577 717 1790 787 άνθρω·

216 823 318 859 πον
349 805 669 860 ἀπέστειλεν
697 806 1021 876 εὐλογήσας,
1049 806 1144 861 καὶ
1183 809 1434 878 μεγάλως
1457 809 1785 880 εὐχαριστή-

218 915 315 960 σας
358 897 502 967 ὑπὲρ
555 896 648 950 τοῦ
704 897 870 951 αὐτοῦ
903 898 1072 953 κόπου
1095 915 1109 930 ·
1147 898 1223 969 τῷ
1256 900 1314 953 δὲ
1343 899 1589 970 λογισμῷ
1622 900 1788 954 αὑτοῦ

215 990 486 1057 διελέγετο
517 989 689 1054 οὕτως
711 1006 723 1021 ·
767 991 953 1045 Ταῦτα
971 993 1071 1063 οὐχ
1093 993 1121 1046 6
1151 993 1285 1071 Θεδς
1309 992 1639 1063 ἡτοίμασεν,
1656 991 1782 1071 ὀὐδ’

216 1082 448 1150 ἄγγελος
478 1097 494 1111 ·
567 1083 688 1137 οὐδὲ
745 1083 853 1154 γάρ
905 1085 1022 1153 εἰμι
1077 1084 1183 1138 τῶν
1226 1068 1581 1154 ῲοὸουμένων
1602 1068 1786 1152 αύτδν,

220 1175 305 1227 ἵνα
338 1173 400 1228 τὸ
429 1173 641 1245 θέλημά
694 1192 794 1245 μου
851 1176 1074 1249 ποιήσῃ.
1116 1177 1280 1231 Ἀλλά
1330 1176 1491 1230 τοῦτο
1520 1176 1582 1229 τό
1630 1175 1790 1247 ἔργον

217 1266 310 1318 τοῦ
359 1265 617 1320 διαόόλου
666 1269 952 1336 τυγχάνει,
1020 1269 1215 1338 ἐπειδή
1247 1286 1314 1339 με
1344 1269 1543 1340 ᾔσθετο
1589 1267 1790 1321 δουλω-

219 1361 376 1412 θέντα
406 1363 473 1431 τῇ
522 1359 747 1431 τοιαύτῃ
779 1360 1060 1431 ἐπιθυμίᾳ.
1104 1363 1419 1431 Γέγραπται
1476 1361 1616 1429 γάρ·
1654 1379 1670 1411 ι
1697 1361 1788 1430 Μὴ

219 1446 623 1522 ἐπιθυμήσῃς.)
643 1454 716 1523 Ζῇ
741 1451 965 1522 Κύριος,
993 1451 1093 1502 οὐκ
1128 1449 1432 1521 εἷσέρχεταί
1457 1467 1507 1503 τι
1540 1449 1790 1513 ἐξαύτῶν

219 1543 295 1604 εἰς
325 1541 387 1594 τὸ
418 1544 594 1613 στόμα
622 1561 744 1611 μου.
771 1543 1017 1612 ’Υπῆρχε
1047 1542 1102 1595 δὲ
1131 1543 1252 1595 τότε
1285 1544 1402 1596 ἐκεῖ
1440 1543 1673 1612 μοναχός
1707 1560 1791 1607 τις

218 1634 669 1702 παραγενόμενος
693 1636 756 1686 ὲκ
785 1635 894 1687 τῶν
924 1633 1038 1687 ἅνω
1067 1634 1272 1704 μερῶν,
1307 1635 1365 1698 ὃς
1392 1635 1512 1688 λίαν
1539 1636 1791 1705 ἠγαπᾶτο

221 1725 353 1794 παρ’
379 1723 549 1777 αὐτοῦ
595 1723 685 1778 διὰ
714 1726 774 1778 τὸ
799 1725 1106 1796 ᾁσματικδν
1122 1721 1263 1779 εἷναι
1287 1727 1451 1780 αὐτὸν
1473 1727 1565 1781 καὶ
1589 1727 1791 1797 σφόδρα

218 1815 579 1886 καλλίφωνον.
617 1816 819 1871 Τοῦτον
847 1817 1089 1881 καλέσας
1112 1818 1140 1871 6
1169 1819 1314 1880 ὅσιος
1345 1819 1576 1873 δέδωκεν
1618 1818 1787 1888 αὐτῷ,

220 1907 402 1972 καθὼς
432 1905 500 1978 ἦν
546 1909 607 1961 τὸ
665 1909 929 1978 κοφίνιον,
988 1910 1157 1964 εἰπὼν
1211 1910 1349 1982 πρὸς
1401 1912 1564 1965 αὐτόν
1599 1928 1611 1942 ·
1643 1911 1792 1964 Λάϐε

216 1999 372 2052 τοῦτο
399 2001 460 2053 τδ
493 2000 828 2072 ξένιον,ὃπερ
857 2001 974 2054 όσοι
1019 2003 1254 2072 Χριστὸς
1291 2003 1699 2068 ἐξαπέστειλεν.
1732 2003 1794 2056 '0

218 2092 274 2145 δὲ
297 2091 479 2145 λαϐὼν
507 2091 875 2161 ἀνεχώρησεν.
909 2092 1056 2146 Ἰδὼν
1084 2089 1177 2146 οὖν
1209 2093 1234 2144 6
1257 2092 1388 2156 Θεὸς
1410 2093 1505 2160 τὴν
1529 2091 1798 2162 μεγίστην

220 2183 383 2239 αὖτοῦ
444 2185 723 2254 ὑπομονήν
783 2185 878 2238 καὶ
901 2187 1218 2254 καρτερίαν,
1252 2183 1584 2237 ἀντελάϐετο
1607 2184 1795 2244 αὑτοῦ,

221 2279 314 2327 καὶ
347 2275 659 2346 ἀπήλλαξεν
688 2275 850 2327 αὐτὸν
874 2274 974 2345 τῆς
1006 2274 1200 2346 ὀδύνης
1226 2276 1319 2329 καὶ
1350 2277 1445 2345 τῆς
1468 2275 1623 2328 νόσου
1650 2275 1793 2328 ὲκεί-

222 2384 316 2435 νης
349 2367 451 2435 τῆς
495 2368 758 2437 πονηρᾶς,
805 2365 901 2418 τοῦ
941 2364 1145 2428 πάθους
1170 2364 1316 2419 ἔνδον
1348 2366 1405 2418 ἐν
1429 2364 1506 2436 τῷ
1539 2365 1796 2436 τραχήλῳ

225 2459 506 2529 ῥαγέντος,
581 2458 673 2510 καὶ
713 2458 906 2520 ἕλκους
959 2457 1154 2534 πρλλοῦ
1217 2457 1306 2510 διὰ
1369 2456 1463 2510 τοῦ
1524 2457 1796 2525 στόματος

224 2549 553 2613 ἐξελθόντος.
587 2547 807 2619 Μικράς
829 2547 919 2601 οὖν
939 2549 1177 2611 ἀνέσεως
1214 2547 1488 2618 ἐπιτυχὼν
1509 2547 1800 2618 ἀνέρχεται

225 2641 383 2694 πάλιν
413 2643 470 2694 ὲν
498 2641 577 2712 τῷ
606 2641 853 2712 σπηλαίῳ
894 2643 989 2709 τῆς
1049 2642 1317 2711 συνήθους
1343 2640 1604 2709 ἐχόμενος
1631 2641 1793 2693 ’πολι-

225 2732 392 2795 τείας,
459 2734 554 2785 καὶ
611 2733 708 2803 τὴν
774 2733 1001 2802 ήσυχίαν
1058 2732 1444 2802 ἀσπαζόμενος
1483 2730 1558 2793 ὠς
1588 2733 1796 2786 οἰκείαν

230 2826 460 2895 μητέρα.
506 2825 562 2877 ὐ
590 2825 644 2877 δὲ
677 2824 926 2887 διάϐολος
953 2825 1052 2879 οὐκ
1084 2824 1364 2877 ἐπαύσατο
1419 2822 1634 2892 βρόχων
1670 2825 1794 2876 κατ’

1889 627 2069 691 Pater,
2103 625 2282 680 cibum
2309 639 2374 679 ex
2401 623 2467 678 iis
2498 629 2551 678 te
2578 637 2814 689 sumere.
2844 620 2996 674 Tunc
3049 619 3239 674 beatus
3290 617 3444 672 Nilus

1889 720 2064 774 virum
2096 718 2317 787 quidem
2349 715 2573 779 dimisit,
2628 713 2952 769 benedicens
3019 713 3094 766 illi
3136 712 3446 782 gratiasque

1892 825 1989 882 pro
2020 809 2205 865 labore
2230 816 2486 878 suscepto
2536 822 2702 878 agens
2743 823 2755 856 :
2794 821 2979 861 secum
3005 822 3132 861 vero
3186 807 3300 874 ipse
3365 805 3449 858 (li-

1889 903 2048 959 cebat
2077 918 2089 955 :
2121 900 2243 955 Haec
2272 916 2378 955 non
2409 915 2503 969 per
2535 898 2743 961 Deum-
2760 912 2866 952 non
2919 911 3015 967 per
3041 897 3290 967 angelum
3314 897 3445 950 mihi

1891 1003 2088 1066 praesto
2125 1001 2298 1048 sunt:
2335 1007 2511 1061 neque
2574 991 2716 1046 enim
2772 1005 2871 1061 ego
2933 1003 3052 1043 sum
3115 1002 3146 1042 e
3221 1003 3447 1042 numero

1893 1086 2201 1142 timentium
2233 1099 2379 1148 eum,
2437 1092 2497 1137 ut
2527 1097 2700 1136 meam
2748 1082 3080 1138 voluntatem
3119 1077 3283 1134 faciat
3316 1080 3446 1134 :sed

1889 1179 1994 1236 hoc
2022 1177 2224 1235 diaboli
2263 1193 2399 1247 opus
2423 1185 2526 1231 est.
2560 1174 2824 1244 Cognovit
2872 1174 3037 1240 enim,
3091 1187 3177 1226 me
3221 1179 3437 1238 captum

1892 1271 2188 1342 cupiditate
2215 1272 2338 1335 hac,
2377 1269 2502 1338 quia
2534 1268 2796 1337 scriptum
2827 1274 2911 1322 est
2938 1284 2955 1322 :
2994 1283 3012 1318 ι
3041 1264 3159 1319 Non
3189 1263 3452 1332 concupi—

1892 1366 2103 1420 secs".
2145 1382 2164 1415 ι
2224 1362 2371 1416 Vivit
2422 1361 2697 1426 Dominus,
2729 1374 2835 1414 non
2904 1357 3233 1427 ingredietur
3263 1371 3330 1411 ex
3386 1356 3454 1410 iis

1892 1455 1946 1509 in
1971 1468 2030 1509 os
2071 1469 2272 1509 meum.
2304 1453 2506 1508 Aderat
2539 1461 2672 1507 tunc
2704 1450 2844 1505 forte
2879 1449 3181 1504 monachus
3229 1446 3450 1516 quidam

1891 1563 1923 1603 e
1953 1547 2328 1619 superioribus
2391 1545 2640 1614 partibus
2672 1542 2976 1614 profectus.
3043 1541 3145 1611 ipsi
3191 1538 3447 1594 charissi-

1895 1653 2042 1702 mus,
2075 1639 2202 1707 quia
2248 1636 2577 1691 suavissime
2608 1635 2860 1690 canebat.
2919 1631 3077 1686 Hunc
3132 1631 3324 1684 beatus
3378 1628 3457 1681 vir

1893 1745 2016 1786 cum
2056 1729 2394 1792 advocasset,
2453 1727 2602 1781 dedit
2632 1726 2947 1795 c0phinum,
2980 1725 3058 1779 uti
3082 1723 3296 1778 oblatus
3318 1731 3457 1790 erat,

1894 1821 2207 1889 addiditque
2231 1835 2243 1871 :
2267 1818 2461 1887 Accipe
2486 1817 2726 1878 xenium,
2761 1817 2902 1884 quod
2929 1831 2958 1868 a
2987 1815 3202 1871 Christo
3232 1817 3457 1871 missum

1895 1912 1992 1967 tibi
2043 1919 2150 1967 est.
2210 1911 2440 1982 Accepit.
2488 1907 2580 1963 ille
2623 1919 2677 1962 et
2735 1908 2984 1964 recessit.
3039 1904 3244 1962 Videas
3298 1906 3462 1976 igitur

1893 2004 2034 2059 Deus
2065 2017 2332 2056 summam
2371 1999 2470 2053 viri
2515 1999 2829 2068 patientiam
2864 2007 3026 2068 atque
3058 1997 3456 2059 constantiam.

1895 2096 2018 2149 tulit
2065 2108 2222 2163 opem
2249 2090 2647 2160 doloribusque
2700 2089 2955 2144 liberavit
3004 2097 3060 2143 et
3115 2089 3304 2143 norbe
3365 2088 3460 2142 illo

1897 2186 2246 2259 gravissimo,
2304 2183 2555 2250 disrupto
2613 2181 2762 2234 intus
2800 2181 2854 2234 in
2917 2179 3128 2235 cervice
3202 2180 3460 2234 abscessu

1896 2277 2170 2348 multaque
2203 2275 2355 2330 sanie
2387 2288 2483 2343 per
2541 2287 2603 2327 os
2658 2279 2862 2344 egesta.
2934 2271 3007 2325 Ita
3065 2273 3342 2340 paululum
3375 2286 3464 2324 re-

1894 2377 2113 2426 creatus
2146 2368 2436 2422 revertitur
2470 2368 2524 2419 in
2586 2380 2738 2420 suam
2782 2365 3118 2434 speluncam,
3176 2363 3460 2433 pristinum

1897 2462 2021 2514 vitae
2054 2459 2372 2514 institutum
2408 2465 2826 2526 prosecuturus.
2883 2472 3072 2510 amore
3119 2456 3460 2518 solitudinis,

1898 2565 2062 2621 quam
2092 2549 2339 2620 parentis
2395 2548 2516 2604 loco
2552 2549 3002 2618 amplectebatur.
3059 2545 3128 2600 At
3179 2561 3309 2600 vero
3345 2545 3466 2599 dia-

1901 2645 2063 2699 bolus
2090 2643 2351 2698 dentibus
2388 2643 2442 2696 in
2479 2657 2602 2696 eum
2647 2640 2908 2695 frendens
2930 2639 3258 2702 enitebatur,
3295 2639 3339 2694 si
3373 2653 3466 2694 Der

1900 2734 1995 2789 Ι)έὶ
2021 2734 2418 2803 providentiam
2453 2732 2701 2786 licuisset
2727 2730 2853 2797 sibi,
2892 2739 2949 2783 ut
2973 2729 3055 2783 vel
3091 2727 3262 2798 ipsam
3298 2727 3461 2780 vitam

1899 2831 2093 2879 sancto
2129 2823 2246 2877 viro
2275 2824 2530 2891 eriperet.

226 2921 385 2975 αὑτοῦ
410 2922 533 2982 τοὺς
567 2921 786 2983 ὀδόντας
838 2924 932 2973 καὶ
954 2919 1375 2991 ἀγωνιζόμενος,
1403 2919 1518 2988 εἴγε
1544 2920 1649 2973 ὑπὸ
1681 2920 1780 2991 τῆς
1818 2918 1914 2974 τοῦ
1943 2918 2080 2973 Θεοῦ
2127 2917 2390 2989 προνοίας
2439 2917 2843 2987 παρεχωρεῖτο,
2876 2912 3018 2969 ὥστε
3045 2914 3139 2969 καὶ
3205 2913 3300 2968 τοῦ
3368 2916 3468 2984 ζῇν

226 3012 531 3077 ἀπαλλάξαι
562 3011 653 3063 τὸν
685 3013 891 3066 δίκαιον
917 3013 1106 3085 ἄνδρα.

297 3107 399 3168 κγ’.
439 3101 548 3153 Καὶ
578 3100 644 3168 δὴ
674 3101 813 3153 κατά
833 3100 893 3152 τὺ
916 3090 1033 3162 ἔθος
1069 3099 1382 3170 σχολάζοντι
1417 3100 1476 3155 ὲν
1506 3102 1604 3173 μιᾷ
1623 3107 1794 3169 νυκτὶ,

1971 3098 2064 3154 23.
2102 3095 2347 3164 Quadam
2372 3108 2502 3160 ergo
2536 3100 2719 3158 nocte,
2749 3107 2872 3147 cum
2910 3093 2956 3146 is
2989 3091 3058 3146 de
3089 3105 3241 3145 more
3269 3089 3468 3145 divinis

230 3194 319 3248 καὶ
344 3191 763 3261 διαγρυπνοῦντι
802 3192 858 3242 ὲν
886 3191 1123 3261 ψαλμοῖς
1187 3193 1279 3244 καὶ
1323 3192 1696 3259 γονυκλισίαις
1738 3196 1796 3246 ἐν

227 3283 303 3351 τῷ
351 3281 533 3351 μικρῴ
594 3280 880 3352 σπηλαρίῳ
907 3279 984 3349 τῷ
1033 3281 1120 3334 ὑπ’
1151 3281 1316 3334 αὐτοῦ
1350 3281 1795 3353 λελατομημένῳ,

231 3375 324 3429 καὶ
354 3375 456 3443 τῆς
481 3373 576 3426 τοῦ
611 3375 850 3442 φέγγους
877 3373 1056 3442 αὐγῆς
1099 3375 1164 3427 τά
1193 3374 1371 3428 πάντα
1409 3374 1800 3446 καταλαμπούα

232 3483 349 3536 σης,
375 3461 445 3536 ἦν
495 3465 602 3534 γάρ
659 3465 754 3518 τοῦ
813 3465 1004 3536 θέρους
1042 3467 1075 3532 ή
1108 3465 1247 3534 ὥρα,
1310 3467 1563 3534 φαίνεται
1595 3466 1743 3537 αὑτῷ
1770 3467 1799 3520 6

229 3558 473 3620 διάϐολος
496 3557 939 3627 ὀφθαλμοφανῶς
963 3557 1037 3620 ὡς
1068 3555 1284 3626 Αἰθίοψ,
1317 3556 1553 3628 ῥόπαλον
1594 3559 1652 3612 ἐν
1677 3559 1800 3621 ταῖς

231 3649 390 3720 χερσὶ
435 3647 684 3716 κατέχων
723 3663 738 3677 ·
781 3646 903 3715 μεθ’
957 3640 1019 3700 οὗ
1069 3646 1246 3715 τύψας
1288 3647 1388 3715 τὴν
1437 3647 1798 3717 κεφαλὴντοῦ

233 3739 412 3807 ἁγίου,
439 3731 661 3810 ἔρριψεν
687 3737 849 3792 αὑτὸν
879 3739 969 3791 ἐπὶ
991 3738 1088 3807 τὴν
1121 3739 1247 3807 γῆν,
1283 3739 1379 3790 καὶ
1412 3739 1625 3806 ἀφῆκεν
1667 3741 1802 3809 ήμι-

233 3830 367 3900 θανῆ
398 3830 759 3898 τυγχάνονταῖ
802 3830 957 3884 Μετὰ
984 3829 1114 3899 γοῦν
1149 3830 1279 3901 μίαν
1324 3831 1471 3902 ὥραν
1499 3834 1578 3895 εἰς
1607 3832 1800 3890 ἑαυτὸν

233 3921 464 3976 ιλθὼνοό
485 3923 650 3986 ὅσιος,
703 3922 843 3991 ἔγνω
896 3923 1000 3992 μὲν
1051 3921 1143 3975 τοῦ
1205 3923 1455 3977 διαϐόλου
1485 3923 1575 3977 τὸν
1608 3924 1800 3992 φθόνον

234 4015 327 4068 καὶ
352 4013 454 4086 τὴν
512 4015 740 4082 ἄπειρον
798 4015 922 4067 κατ’
970 4013 1135 4070 αὑτοῦ
1165 4014 1487 4085 βασκανίαν,
1516 4016 1721 4086 σφόδρα
1746 4018 1802 4071 δὲ

233 4109 329 4177 τὴν
362 4107 611 4176 κεφαλὴν
631 4105 1016 4174 ἀλγυνόμενος,
1051 4107 1148 4160 καὶ
1173 4107 1232 4172 τὸ
1259 4107 1435 4178 ἥμισυ
1458 4106 1554 4161 τοῦ
1587 4107 1803 4177 προσώ·

235 4217 335 4253 που
381 4199 480 4252 σὺν
505 4197 584 4267 τῷ
637 4196 916 4267 ἀριστερῷ
969 4196 1231 4267 ὀφθαλμῷ
1260 4199 1677 4268 πεφυσιωμένον
1709 4202 1802 4252 καὶ

235 4291 613 4345 πελιδνότατον
655 4289 815 4361 ἔχων,
850 4291 911 4342 οὐ
941 4290 1050 4359 μὴν
1111 4289 1246 4342 ἀλλὰ
1271 4291 1367 4344 καὶ
1395 4291 1490 4345 τὸν
1540 4292 1799 4361 βραχίονα

1902 3196 2121 3246 vacaret
2155 3187 2370 3252 omciis,
2403 3190 2859 3256 pernoctaretque
2905 3182 2960 3236 in
3009 3180 3236 3251 psalmis
3265 3190 3321 3235 et
3369 3195 3466 3250 ge.-

1899 3298 2070 3338 nuum
2120 3279 2450 3338 ﬂexionibus
2501 3279 2555 3333 in
2595 3291 2763 3349 parra
2809 3276 3095 3347 spelunca,
3155 3289 3315 3344 quam
3352 3274 3468 3345 ipse

1898 3376 2002 3432 sibi
2074 3381 2456 3436 excavaverat,
2519 3379 2574 3426 et
2645 3368 2903 3440 splendor
2963 3367 3103 3423 lucis
3170 3366 3468 3421 illustraret

1897 3465 2082 3519 omnia
2115 3462 2256 3530 (erat
2317 3459 2462 3514 enim
2521 3465 2737 3526 tempus
2769 3455 3059 3524 aestivum),
3107 3461 3333 3522 apparet
3390 3453 3469 3507 illi

1901 3555 2101 3610 visibili
2144 3551 2422 3621 Ethiopis
2478 3549 2660 3618 specie
2714 3546 2986 3607 diabolus.
3051 3544 3255 3598 clavam
3307 3558 3469 3597 manu

1901 3657 2117 3714 tenens,
2170 3661 2275 3717 qua
2309 3660 2433 3700 cum
2463 3651 2630 3712 caput
2693 3641 2814 3710 ejus
2845 3637 3229 3709 percussisset,
3281 3637 3472 3691 stravit

1901 3740 2049 3794 humi
2077 3738 2522 3794 semimortuum.
2553 3732 2682 3787 Post
2708 3731 2870 3785 unius
2907 3729 3055 3784 hora:
3086 3726 3324 3797 Spatium
3352 3742 3472 3782 sese

1902 3831 2228 3899 recolligens
2312 3827 2582 3888 Sanctus,
2642 3822 2899 3894 cognovit
2973 3820 3190 3890 quidem
3265 3818 3471 3873 diaboli

1903 3922 2162 3976 invidiam
2213 3920 2654 3984 immensumque
2714 3912 2964 3975 livorem,
3020 3910 3115 3966 sed
3162 3913 3468 3967 vehementi

1906 4013 2106 4084 capitis
2141 4010 2328 4065 dolore
2361 4009 2620 4063 laborans
2646 4012 2700 4059 et
2729 4003 3011 4060 dimidiam
3045 4001 3206 4058 faciei
3257 4010 3469 4073 partem

1904 4122 2026 4162 cum
2073 4098 2302 4160 siniStro
2337 4101 2499 4156 oculo
2551 4097 2796 4152 inﬂatam
2856 4095 3065 4151 habens
3110 4105 3165 4149 et
3200 4094 3470 4150 lividissi-

1904 4200 2068 4262 mam,
2100 4201 2361 4266 praeterea
2409 4191 2653 4246 luxatum
2698 4196 2751 4245 et
2801 4185 3100 4242 arefactum
3163 4185 3468 4250 brachium,

1905 4298 2050 4343 stare
2079 4298 2135 4343 ut
2168 4285 2436 4341 orationis
2455 4281 2692 4338 oﬂicium
2725 4279 3061 4350 persolveret
3092 4293 3197 4331 non
3231 4277 3468 4332 valebat.

235 4380 686 4451 παραλελυμένον
752 4381 846 4432 καὶ
890 4381 1385 4450 τεταριχευμένον,
1449 4382 1632 4436 οὐκέτι
1702 4385 1794 4452 μὲν

1907 4379 2128 4434 Jacebat
2201 4391 2330 4448 ergo
2386 4383 2443 4429 et
2510 4371 2800 4428 Dominum
2860 4367 3155 4424 invocabat
3204 4368 3391 4423 dicens
3455 4385 3469 4421 :

236 4472 426 4544 ἴσχυσε
459 4474 655 4540 στῆναι
696 4473 790 4525 καὶ
821 4470 920 4542 τὴν
961 4471 1062 4541 τῆς
1086 4472 1254 4542 εὐχῆς
1281 4472 1627 4547 λειτουργίαν
1662 4451 1794 4526 ἀπο-

1915 4490 1932 4521 ι
1976 4469 2119 4523 Deus
2172 4467 2226 4520 in
2250 4465 2585 4536 adjutorium
2625 4476 2805 4516 meum
2845 4451 3092 4526 intende,
3144 4458 3370 4513 Domine
3402 4458 3469 4512 ad

238 4541 546 4636 πλήρῶσαι.
596 4541 883 4633 Κείμενος
928 4563 984 4616 δὲ
1043 4563 1128 4616 ἐπ’
1179 4543 1408 4631 ἐδάφους
1460 4541 1551 4617 τὸν
1595 4563 1794 4634 Κύριον

1901 4558 2272 4631 adiuvandum
2299 4571 2384 4610 me
2414 4541 3069 4609 festina.Conl'unda'ntur
3101 4558 3157 4606 et
3184 4563 3473 4605 revereari-

237 4653 555 4707 ιπεκαλεῖτο
583 4669 597 4684 ⁸
641 4653 701 4706 Ὅ
742 4653 896 4718 Θεὸς,
945 4653 1140 4721 λέγων,
1166 4655 1244 4717 εἰς
1275 4653 1375 4725 τὴν
1409 4653 1661 4726 βοήθειάν
1677 4649 1794 4723 ,μου

1903 4666 2014 4716 tur,
2045 4653 2138 4722 qui
2177 4658 2434 4721 quaerunt
2469 4647 2707 4702 animam
2741 4654 2939 4706 meam.
2975 4661 2993 4694 ι
3023 4649 3077 4697 et
3098 4657 3220 4711 qua:
3240 4655 3475 4710 sequun-

237 4747 475 4816 πρόσχες
508 4759 522 4774 ο
577 4743 772 4814 Κύριε,
807 4746 886 4808 εἰς
944 4743 1006 4797 τδ
1063 4743 1328 4814 βοηθῆσαί
1389 4762 1481 4815 μοι
1544 4745 1794 4798 σπεῦσον¹

1905 4760 1992 4802 ιιιι·
2024 4745 2069 4777 ’⁸
2126 4743 2181 4797 in
2215 4742 2301 4795 his
2342 4747 2514 4795 totum
2549 4737 2700 4790 illum
2757 4734 2962 4804 peregit
3032 4747 3259 4796 annum,
3312 4733 3472 4784 innu-

238 4836 693 4908 Δίσχυνθήτωσαν
723 4836 821 4889 καὶ
877 4835 1281 4905 ὲντραπείησαν
1309 4835 1358 4887 oi
1389 4834 1679 4904 ζητοῦντες
1709 4837 1794 4906 τὴι

1911 4852 2058 4893 mera
2086 4834 2331 4889 dolorum
2370 4841 2425 4888 et
2475 4825 2956 4884 acerbissimorum
2992 4822 3468 4878 incommodorum

239 4929 419 4998 ψυχήν
450 4944 580 4997 μου,
627 4928 722 4980 καὶ
771 4927 840 4981 τά
872 4925 1034 4980 λοιπὰ
1061 4927 1154 4978 τοῦ
1185 4918 1426 4995 ψαλμοῦ.
1470 4927 1558 4979 Ἑν
1592 4924 1794 4988 τούτοις

1909 4921 2208 4979 certamina
2265 4917 2562 4975 sustinens.
2628 4914 2697 4969 Et
2746 4929 2869 4970 cum
2922 4910 3246 4968 suaderetur
3307 4910 3382 4964 illi
3440 4925 3472 4964 a

239 5016 416 5087 διῆξεν
465 5017 556 5070 τὸν
618 5016 834 5070 ἅπαντα
890 5015 1080 5088 χρόνον
1107 5015 1315 5069 ἐκεῖνον
1343 5016 1560 5087 μυρίοις
1621 5017 1794 5092 πόνοις

1913 5015 2120 5080 multis,
2183 5019 2242 5067 ut
2291 5009 2669 5065 medicinalem
2732 5005 3066 5062 curationem
3137 5005 3467 5066 admitteret.

241 5105 526 5160 πυκτεύων
547 5105 640 5159 καὶ
662 5109 968 5176 συμφοραῖς
1002 5105 1344 5175 ἀνηκέστοις.
1378 5104 1596 5158 Πολλῶν
1624 5105 1794 5175 μέντοι

1914 5109 2140 5165 omnino
2179 5105 2392 5168 abnuit,
2423 5104 2626 5165 sciens,
2659 5100 2844 5156 curari
2873 5113 3041 5154 manu
3067 5094 3306 5154 hominis
3359 5113 3468 5152 non

243 5199 609 5271 βουλευόντων
664 5201 914 5272 ἰατρικῆς
937 5200 1258 5270 ἐπιμελείας
1308 5203 1794 5273 προσανασχέσθαι¹

1914 5215 2073 5269 posse
2110 5198 2305 5252 vulnus
2323 5190 2802 5263 diabol‘icum(2l).
2834 5190 3026 5259 Elapso
3068 5189 3283 5243 diemum
3329 5203 3473 5242 anno

311 5355 356 5388 “
383 5355 559 5412 Exod.
609 5356 812 5422 xx,17.
887 5346 950 5388 ’ί
977 5357 1117 5412 Psal.
1144 5374 1288 5422 Lux,
1341 5359 1396 5414 2.

1516 5493 1778 5555 Joannis
1811 5491 1944 5554 Clei
1978 5499 2162 5552 natm.

313 5657 421 5731 (ιιι)
451 5657 507 5712 ιιι
531 5642 684 5731 forte
706 5669 893 5731 verum
914 5653 1076 5731 θεμιιί
1106 5650 1415 5731 amalelicio
1442 5649 1800 5731 pertinaciam
1909 5649 2113 5718 itaque,
2139 5645 2379 5731 divinam
2411 5644 2746 5731 voluntatem!
2779 5640 2929 5731 iuuene
2959 5638 3266 5731 agnovisse,
3290 5655 3443 5731 suam

249 5707 419 5785 habet,
439 5707 643 5780 malum
662 5707 696 5776 ﬁ:
721 5707 724 5708 ν
753 5707 849 5778 sed
890 5726 1116 5776 Vulnera
1172 5735 1201 5774 a
1241 5707 1485 5776 datnon'e
1520 5719 1662 5773 fuste
1720 5719 1802 5771 vel
1910 5707 2019 5785 (Ιιιέ
2049 5707 2686 5786 Ρίίιίθνιίτυιὶθξθτίῖθτθ-
2714 5712 2770 5765 3°
2808 5707 3016 5786 .Nilumv
3064 5707 3320 5771 voluisse’
3378 5713 3473 5786 d—o'

250 5781 407 5855 gitti—ti“
442 5798 807 5851 instrumento
849 5793 1084 5845 naturali
1117 5789 1342 5854 inﬂicta,
1373 5804 1544 5858 quare
1565 5788 1802 5858 lutmana
1911 5781 2302 5858 riecp'taudcm
2362 5784 2454 5842 Dei
2505 5782 2881 5839 misericordia
2942 5793 3099 5836 servo
3161 5792 3261 5833 suo
3329 5781 3473 5838 sult-

252 5883 348 5941 ope
372 5869 555 5925 sanari
587 5880 694 5924 non
717 5862 1110 5941 possint,_ratio
1145 5875 1253 5918 nou
1310 5856 1568 5931 Suppetit.
1629 5857 1804 5937 Credo
1914 5856 2080 5913 venit.
2641 5867 2643 5869 ί
