4132 6332
172 375 236 440 57
1324 398 1496 459 νιΤΑ
1561 402 1628 462 S.
1666 404 1830 465 Nl”
1877 411 2261 476 JUNIORIS.
3347 431 3414 494 58

176 499 260 552 καὶ
276 498 369 562 τὰς
403 498 639 570 βίϐλους’
673 505 772 569 τὰς
794 509 891 576 μὲν
917 509 1111 579 λέγων,
1142 514 1223 567 ὅτι
1258 517 1394 572 ὄνων
1419 521 1511 573 καὶ
1539 522 1568 592 β

176 595 287 646 νίων
311 594 659 667 ἐπλήσθησαν
672 600 768 653 καλ⁵
800 604 1151 673 μεμόλυνται·
1186 609 1254 662 τὰ
1275 611 1331 664 δὲ
1357 594 1730 684 πυρίκαυστα,

175 687 312 778 φησι,
343 687 620 755 γεγόνασι,
657 692 749 745 καὶ
777 693 1081 751 ἀπώλοντοο
1112 700 1211 764 τὰς
1234 702 1290 755 δὲ
1314 704 1395 756 ὅτι
1421 707 1732 778 ὲϐράχησαν

175 777 257 829 καὶ
313 778 666 850 ήχρείωνται,
718 785 812 836 καὶ
851 784 1036 840 λοιπὸν
1095 792 1199 845 ποῦ
1251 777 1591 863 ἀναγνῶναι
1630 801 1730 853 οὐκ

173 872 367 967 έχομεν.
399 874 593 930 Ἦνίκα
623 878 679 932 δὲ
713 879 941 950 ἀδελφὸν
977 884 1122 957 ἐώρα
1165 891 1266 958 τῆς
1319 894 1486 946 αὐτοῦ
1540 901 1727 967 μονῆς,

170 966 236 1026 ὡς
258 967 438 1036 νεκρὸν
467 968 685 1025 ἐπένθει
717 974 879 1027 αὐτὸν
903 977 1190 1046 λέγων-ὄτι
1211 985 1322 1051 ἐγώ
1350 1004 1431 1052 σε,
1455 966 1728 1054 ὧτέκνον,

170 1056 467 1112 ἀπέκτεινα.
529 1061 716 1116 Ταῦτα
763 1068 856 1119 καί
909 1069 979 1123 τὰ
1017 1075 1240 1128 τοιαῦτα
1275 1076 1482 1132 ,ἐλάλει
1540 1098 1598 1139 τε
1638 1082 1731 1134 καὶ

169 1147 345 1215 ἐποίει,
406 1153 545 1220 μήτε
583 1153 688 1207 ὑπὸ
754 1159 957 1228 στέγην
1005 1163 1332 1234 ἀνεχόμενος
1377 1173 1728 1238 καταμεῖναι,

173 1241 296 1310 μήτε
351 1243 560 1314 τροφῆς
613 1247 1050 1318 ἀπογεύσασθαι,
1076 1256 1191 1309 ἀλλ’
1227 1259 1321 1312 ἐπὶ
1345 1261 1445 1324 τὰς
1485 1261 1730 1332 ἐρήμους

170 1333 503 1404 πλανώμενος
553 1337 778 1413 διῃτᾶτο
803 1346 915 1408 τοῖς
955 1349 1392 1418 ἁγριολαχοὶνοις.
1431 1352 1620 1406 Ταῦτα
1645 1355 1726 1418 εἰς

175 1431 420 1502 μεγίστην
444 1432 627 1503 Θλῖψιν
657 1438 747 1489 καὶ
776 1437 958 1510 λύπην
1023 1443 1224 1513 ἤνεγκε
1249 1446 1442 1499 Νεῖλον
1502 1448 1592 1500 τὸν
1618 1447 1732 1500 ἀοί-

170 1521 309 1591 διμον
327 1540 340 1554 ο
375 1525 466 1577 καὶ
493 1527 680 1597 σχεδὶν
704 1529 921 1603 νύκτωρ
946 1550 1004 1586 τε
1039 1535 1133 1588 καὶ
1170 1537 1288 1606 μεθ’
1320 1539 1534 1608 ἡμέραν
1561 1539 1728 1592 ἐπέν-

169 1612 243 1664 θει
280 1612 370 1666 καὶ
403 1615 567 1680 αὐτὸς
592 1620 692 1689 τὴν
719 1622 976 1692 στέρησιν
1009 1624 1105 1677 τοῦ
1142 1625 1306 1680 καλοῦ
1337 1629 1605 1698 συννόμου
1638 1627 1731 1682 καὶ

171 1706 506 1774 συνεργάτου.
575 1710 846 1776 Πολλάκις
914 1715 1023 1786 γὰρ
1090 1717 1517 1790 ἀκολουθῆσαντι
1583 1721 1730 1789 αὐτῷ

167 1794 540 1866 ἀναχωροῦντι,
572 1801 664 1854 καὶ
697 1803 1038 1859 δυσωποῦντι
1089 1809 1183 1862 τοῦ
1246 1811 1591 1882 ὑποστρέψαι
1626 1812 1725 1865 καὶ

1575 525 1727 596 ορδο-
1763 539 1796 590 Α
1834 532 2004 589 asinis
2060 534 2309 606 oppletas
2349 548 2400 596 et
2425 542 2692 611 jumentis
2739 547 3019 604 vilissimis
3074 564 3196 604 esse
3238 551 3415 619 pollu—

1837 633 1941 684 tas.
1991 631 2325 686 monasteria
2359 631 2594 692 ﬂammis
2655 641 2938 695 combusta
2967 641 3222 711 periisse,
3247 644 3416 700 libros

1835 717 2165 775 madefactos
2196 738 2302 778 non
2346 740 2469 781 esse
2523 729 2759 798 amplius
2793 733 2938 799 usui,
2980 749 3081 788 nec
3115 735 3226 804 jam
3267 751 3410 800 esse,

1833 807 1978 874 quod
2015 808 2257 878 legamus
2298 813 2430 885 (24).
2463 817 2600 872 Cum
2639 835 2771 875 vero
2821 821 3059 891 aliquem
3088 826 3408 879 monasterii

1835 899 1918 952 sui
1952 899 2177 957 fratrem
2208 904 2449 973 videbat,
2481 910 2698 979 lugebat
2727 911 2878 966 illmn
2921 913 3078 981 quasi
3115 925 3409 979 mortuum,

1832 991 2202 1063 dicebatque:
2253 998 2360 1066 Ego
2405 1009 2478 1063 te,
2519 1002 2614 1066 ﬁli,
2670 1004 2868 1058 occidi.
2926 1004 3052 1060 llaec
3100 1014 3154 1059 et
3214 1006 3414 1060 similia

1833 1082 2026 1151 agebat
2058 1095 2112 1140 et
2143 1087 2494 1155 loquebatur,
2535 1107 2713 1159 neque.
2742 1094 2844 1148 sub
2875 1101 3021 1148 tecto
3049 1107 3289 1160 manere,
3316 1108 3414 1148 nec

1833 1172 2014 1226 cibum
2036 1193 2252 1232 sumere
2276 1179 2485 1246 volens,
2518 1183 2610 1236 sed
2632 1192 2724 1251 per
2752 1184 2868 1239 loca
2895 1184 3165 1240 oberrans
3193 1187 3408 1240 deserta

1833 1263 2178 1323 silvestribus
2221 1270 2505 1326 victitabat
2535 1272 2795 1327 oleribus.
2833 1273 2958 1328 llmc
2989 1274 3412 1328 celeberrimum

1834 1355 2014 1410 Nilum
2058 1373 2296 1418 mmrorc
2323 1371 2375 1417 et
2430 1362 2621 1418 dolore
2660 1365 2897 1419 maximo
2957 1367 3309 1434 perculerunt
3362 1376 3418 1422 et

1837 1447 1949 1503 fere
1979 1449 2068 1503 diu
2103 1461 2378 1523 noctuque
2405 1454 2636 1510 deﬂebat
2689 1465 2744 1510 et
2785 1457 2901 1526 ipse
2947 1457 3137 1527 optimi
3210 1459 3418 1514 sodalis

1833 1543 2284 1610 etcooperatoris
2346 1547 2658 1601 orbitatem.
2690 1547 2825 1602 Nam
2871 1564 2994 1602 cum
3028 1564 3170 1618 saepe
3196 1561 3417 1606 secutus

1841 1632 1993 1686 illum
2057 1635 2400 1691 secedentem
2443 1649 2686 1710 rogaret,
2718 1650 2776 1694 ut
2829 1639 3030 1696 rediret
3081 1640 3147 1694 ad
3195 1643 3322 1695 suos
3365 1648 3420 1697 et

1840 1724 2058 1779 sederet
2094 1727 2148 1780 in
2193 1730 2548 1794 monasterio,
2576 1731 2835 1785 audiebat
2862 1731 2931 1790 ab
2976 1731 3071 1788 illo
3104 1742 3367 1788 renuente
3402 1748 3417 1786 :

1837 1813 1938 1881 Qui
1969 1824 2097 1870 sunt
2132 1820 2559 1884 iumonasterio,
2592 1821 2790 1877 fratres
2824 1822 2928 1875 mei
2960 1838 3070 1876 non
3115 1831 3264 1884 sunt,
3292 1839 3417 1877 nam

167 1887 416 1956 ἡσυχάσαι
448 1890 602 1962 ἐντῷ
633 1897 1002 1967 μοναστηρίῳ,
1053 1901 1152 1971 οὐχ
1195 1901 1475 1972 ὑπήκουσε
1506 1904 1681 1970 λέγων
1711 1921 1723 1935 ’

1841 1913 1892 1958 et
1929 1906 2029 1975 ipsi
2065 1924 2280 1964 mecum
2339 1910 2578 1967 ﬂerent-z
2615 1928 2759 1967 nunc
2783 1924 2974 1967 contra
3002 1914 3107 1983 ipsi
3129 1915 3312 1969 furere
3333 1930 3420 1968 me

170 1980 275 2033 Ὅτι
302 1984 346 2034 οί
381 1983 439 2036 ἐν
462 1987 527 2055 τῇ
561 1990 697 2058 μονῇ
752 1989 853 2042 οὐκ
887 1991 994 2044 είσί
1038 2011 1143 2062 μου
1204 1995 1446 2064 ἀδελφοὶ,
1505 1995 1630 2048 ἐπεὶ
1661 1996 1727 2048 ἂν

1837 2004 1892 2049 et
1924 1997 2166 2053 insanire
2214 2011 2427 2074 putant.

167 2075 247 2126 καὶ
273 2074 421 2127 αὐτοὶ
476 2075 696 2135 ἔκλαιον
760 2083 857 2138 σὺν
905 2085 1070 2154 ὲμοίο
1104 2088 1258 2142 αὐτοὶ
1315 2089 1372 2142 δὲ
1418 2088 1729 2142 τούναντίον
1771 2087 2020 2145 ποιοῦσιν
2074 2077 2431 2166 ἐξεστηκότα,
2489 2098 2584 2152 καὶ
2641 2099 2969 2170 μαινόμενόν
3016 2114 3084 2170 με
3156 2097 3422 2166 κρατοῦν-

167 2183 263 2230 τις.

226 2268 317 2313 κε’.
353 2263 486 2316 Ἔσο
532 2264 714 2319 τοίνυν
772 2267 1080 2334 γινώσκων,
1146 2272 1492 2341 πολυπόθητε
1525 2272 1727 2346 Πάτερ,

166 2351 237 2403 ὅτι
269 2350 594 2424 διαϐήσομαι
629 2355 766 2425 πρὸς
795 2357 892 2429 τὴν
922 2359 1034 2413 ἄνω
1063 2360 1274 2429 χώραν,
1309 2362 1474 2415 κάκεῖ
1506 2361 1730 2414 τελειω-

168 2444 410 2514 Θήσομαι,
468 2447 563 2500 καὶ
621 2453 701 2513 είς
724 2449 1196 2522 τδμοναστήριόν
1259 2471 1363 2522 μου
1391 2453 1576 2507 οὐκέτι
1613 2455 1732 2507 ἑπι-

170 2539 563 2610 στραφήσομαι.
611 2543 785 2606 Αὐτὸς
818 2544 918 2614 μὲν
953 2541 1046 2599 οὖν
1080 2546 1107 2598 ὁ
1143 2547 1436 2617 μακάριος,
1469 2547 1612 2601 καθὰ
1637 2550 1732 2602 καὶ

170 2629 502 2701 προείρηκεν,
561 2632 704 2688 οὕτω
759 2636 854 2690 καὶ
913 2637 1218 2700 τετέλεκεν,
1273 2639 1598 2694 καταλαϐὼν
1630 2640 1725 2694 τὸν

167 2720 336 2787 τόπον,
363 2725 420 2776 ἐν
445 2717 491 2792 ᾧ
538 2724 850 2797 προώρισεν
915 2729 1064 2799 αὐτῷ
1097 2730 1125 2781 ὁ
1156 2730 1289 2794 Θεὸς
1342 2733 1451 2800 πρὸ
1490 2731 1726 2790 ,πάντων

167 2814 260 2867 τῶν
288 2817 500 2872 αἰώνων
548 2819 932 2890 τελειωθῆναι.
977 2821 1036 2875 'O
1069 2823 1124 2876 δὲ
1158 2825 1308 2887 ὅσιος
1335 2824 1530 2897 Πατὴρ
1570 2825 1730 2894 ἡμῶν

168 2907 338 2971 Νεῖλος
395 2910 748 2982 ὑποστρέψας
814 2915 873 2967 ὲν
924 2914 1002 2986 τῷ
1064 2917 1337 2987 σπηλαίῳ,
1391 2921 1448 2970 ὲν
1483 2918 1730 2988 ὑπομονῇ

168 2998 400 3069 διήρχετο
428 3004 530 3069 τὴν
572 3004 764 3074 στενὴν
792 3006 997 3077 ταύτην
1033 3007 1210 3076 πύλην
1241 3010 1336 3061 κοιλ⁴
1364 3009 1731 3079 τεθλιμμένη-θ

167 3087 272 3141 ὁδὸν
302 3089 397 3160 τὴν
429 3090 638 3160 ὀλίγοις
665 3093 1093 3166 εὐρισκομένην.
1118 3099 1411 3167 Ἔρχονται
1438 3099 1729 3169 τοιγαροῦν

1903 2274 1994 2329 25.
2026 2274 2178 2333 Scito
2211 2277 2401 2348 igitur,
2435 2281 2792 2337 dilectissime
2838 2282 3021 2345 Pater,
3044 2297 3130 2338 me
3153 2282 3220 2338 ad
3256 2292 3422 2353 snpe-

1833 2364 2036 2420 rioretn
2079 2370 2445 2425 transiturum
2479 2373 2777 2442 regionem,
2808 2374 2997 2442 ibique
3043 2381 3417 2450 mortem_op—

1833 2458 2134 2526 petiturum
2199 2471 2252 2516 et
2293 2462 2360 2515 ad
2413 2477 2594 2517 meum
2661 2466 3055 2524 monasterium
3137 2479 3416 2532 nunquam

1835 2564 2212 2607 reversurum.
2251 2555 2439 2624 Itaque
2487 2556 2684 2611 beatus
2743 2557 2831 2611 ille
2878 2555 3061 2622 Pater,
3102 2557 3246 2611 sicut
3279 2570 3416 2626 pra:-

1830 2641 1991 2706 dixit,
2032 2644 2193 2700 linem
2223 2647 2454 2702 sortitus
2501 2649 2690 2712 est,in
2734 2665 2857 2703 eum
2891 2648 3171 2717 profectus
3207 2649 3416 2727 locum.

1823 2736 1876 2788 in
1906 2752 2015 2805 quo
2049 2736 2201 2790 illum
2228 2753 2291 2791 ex
2350 2740 2453 2792 hac
2510 2741 2619 2792 vita
2695 2740 3058 2808 migraturum
3108 2740 3251 2796 Deus
3287 2749 3419 2794 ante

1835 2827 2183 2896 prmﬁuierat.
2219 2831 2287 2882 At
2312 2837 2536 2886 sanctus
2563 2830 2722 2885 Pater
2759 2830 2914 2887 Nilus
2946 2847 3070 2887 cum
3101 2836 3155 2886 in
3194 2832 3418 2902 spelun-

1833 2936 1953 2975 cam
1996 2932 2318 2990 remeasset,
2352 2925 2404 2978 in
2438 2927 2703 2995 patientia
2738 2941 2833 2997 per
2856 2935 3146 2997 augustam
3171 2936 3413 2997 portam,

1842 3025 1893 3069 et
1917 3016 2194 3083 spinosam
2237 3016 2349 3072 ibat
2377 3017 2539 3082 viam,
2574 3032 2669 3085 per
2712 3033 2874 3085 quam
2903 3017 3206 3087 procedunt
3234 3017 3415 3088 pauci.

1844 3106 2087 3161 Veniunt
2141 3107 2308 3177 igitur
2367 3107 2435 3162 ad
2487 3109 2665 3179 ipsum
2713 3109 2904 3165 Patres
2967 3108 3292 3164 monasterii
3355 3107 3418 3163 Β.

170 3181 291 3250 πρὸς
348 3183 512 3236 αὐτὸν
550 3185 599 3237 οἱ
628 3185 730 3254 τῆς
765 3188 932 3256 μονῆς
954 3188 1048 3242 τοῦ
1079 3191 1226 3242 ὁσίου
1259 3191 1519 3245 Φαντίνου
1551 3191 1728 3244 Πατέ-

1847 3195 2089 3261 Fautini,
2159 3198 2536 3262 obsecrantes,
2594 3209 2654 3254 ut
2712 3201 2956 3255 laborem
3012 3200 3318 3268 susciperet
3365 3208 3420 3255 et

173 3289 271 3340 ρες,
310 3276 766 3345 παρακαλοῦντες
793 3279 958 3331 αὐτὸν
994 3280 1282 3350 σκυλῆναι,
1312 3284 1404 3334 καὶ
1429 3283 1733 3352 ἡγούμενον

169 3364 335 3426 αὐτοῖς
371 3369 716 3436 καταστῆσαι
749 3369 894 3428 ὃνᾶν
931 3371 1257 3442 ὲκλέξοιτοή
1299 3374 1466 3426 αὐτοῦ
1492 3374 1732 3443 ὁσιότης·

169 3458 414 3528 περὶγὰρ
446 3457 612 3513 αὐτοῦ
642 3463 851 3515 ἐκείνου
887 3463 1111 3534 ᾐδοῦντο
1142 3466 1237 3518 καὶ
1275 3466 1540 3534 ὀνομάσαι
1578 3466 1738 3535 γινώ-

172 3566 375 3612 σκοντες
397 3551 487 3603 τὸν
517 3552 708 3622 ἄνδρα.
745 3554 803 3607 Ὀ
832 3555 888 3608 δὲ
922 3555 1072 3619 alia;
1104 3559 1167 3626 τῇ
1211 3557 1395 3610 αὐτῶν
1437 3559 1736 3628 παρακλή-

173 3658 262 3705 σει,
292 3642 382 3696 καὶ
421 3642 685 3698 εἰσελθὼν
717 3647 773 3698 ὲν
804 3650 869 3715 τῇ
899 3649 1034 3718 μονῇ
1095 3649 1212 3715 μετ’
1258 3649 1439 3702 αὐτῶν
1486 3650 1737 3718 εἰσῆλθεν

173 3736 222 3784 ὲν
250 3737 312 3802 τῇ
339 3735 609 3806 ἐκκλησία
640 3737 735 3790 τοῦ
758 3736 1040 3804 εὔξασθαι.
1087 3741 1200 3792 Καὶ
1233 3741 1459 3793 πάντων
1508 3741 1738 3792 ἀκολου-

174 3825 440 3895 θησάντων
495 3828 671 3896 αὐτῷ,
741 3830 879 3898 μετᾶ
907 3830 968 3884 τὸ
1009 3830 1366 3901 τελειωθῆναι
1420 3828 1517 3901 τὴν
1550 3832 1736 3902 εὐχὴν,

172 3922 196 3971 ὁ
218 3920 344 3972 κατὰ
375 3922 557 3990 σάρκα
591 3921 821 3990 ἀδελφὸς
857 3922 952 3976 τοῦ
990 3925 1415 3994 μακαριωτάτου
1453 3923 1736 3987 Φαντίνου,

174 4014 366 4076 Λουκᾶς
391 4013 469 4083 τῷ
529 4016 784 4084 ὀνόματι,
829 4015 1222 4086 προσδραμὼν,
1290 4017 1385 4070 καὶ
1417 4017 1526 4068 τῶν
1560 4015 1739 4068 ποδῶν

174 4106 254 4158 τοῦ
282 4108 424 4160 ὁσίου
457 4107 822 4177 δραξάμενος,
859 4109 1045 4175 ὅρκοις
1098 4109 1267 4162 αὑτὸν
1319 4107 1412 4162 καὶ
1443 4109 1742 4175 ἐπιτιμίοις

177 4198 625 4266 φρικωδεστάτοις
667 4198 775 4251 ἀπό
797 4216 857 4250 τε
890 4200 988 4269 τῆς
1022 4199 1184 4266 ἁγίας
1217 4199 1444 4269 Τριάδος
1501 4199 1593 4252 καὶ
1631 4199 1741 4252 τῶν

179 4290 330 4356 ἁγίων
399 4292 660 4361 Πατέρων
727 4291 967 4344 ὑπέϐαλε
1014 4292 1110 4346 τοῦ
1167 4292 1574 4358 καταδέξασθαι
1598 4290 1738 4344 εἶναι

184 4383 331 4437 αὖτὶν
395 4385 586 4447 αὐτοῖς
641 4384 879 4455 ποιμένα
929 4388 1024 4439 καὶ
1086 4385 1520 4455 καθηγούμενον.
1550 4386 1614 4437 Τί
1649 4381 1740 4438 οὖν

181 4469 280 4543 εἶχε
310 4476 532 4546 ποιῆσαι
576 4476 604 4528 ὁ
633 4477 884 4546 ἀγχίνους
941 4479 1150 4540 ἐκεῖνος
1206 4478 1346 4547 ἀνὴρ
1402 4478 1494 4529 καὶ
1521 4476 1650 4546 περὶ
1680 4477 1739 4528 τὸ

1844 3292 2203 3346 constitueret
2235 3291 2370 3361 ipsis
2407 3292 2798 3362 begumenum,
2827 3306 3213 3362 quemcunque
3246 3289 3419 3361 pietas

1844 3382 1963 3451 ejus
1995 3383 2290 3452 delegisset
2319 3401 2333 3437 ι
2369 3384 2519 3437 illum
2554 3385 2700 3438 enim
2749 3384 2927 3453 ipsum
2988 3383 3067 3437 vel
3135 3382 3420 3438 nominare

1842 3474 2192 3535 verebantur,
2225 3489 2346 3528 cum
2378 3477 2547 3544 probe
2581 3477 2857 3530 hominem
2895 3477 3123 3529 scirent.
3167 3473 3347 3528 Cessit
3374 3472 3420 3528 is

1845 3567 2099 3636 precibus
2134 3568 2352 3640 illorum
2389 3577 2441 3622 et
2482 3571 2716 3637 perrexit
2752 3584 2875 3623 cum
2911 3569 3023 3623 illis
3057 3568 3112 3621 in
3146 3573 3421 3622 monaste-

1846 3659 2030 3711 rium:
2068 3659 2393 3726 etingresso
2451 3661 2567 3726 ipso
2625 3660 2677 3712 in
2746 3661 3037 3714 ecclesiam
3109 3669 3169 3714 ut
3216 3668 3421 3723 oraret,

1844 3764 2039 3804 omnes
2081 3750 2364 3804 subsecuti
2429 3759 2578 3806 sunt.
2635 3752 2862 3806 Peracta
2917 3753 3189 3816 oratione,
3254 3751 3425 3806 frater

1845 3842 2145 3896 beatissimi
2193 3841 2412 3896 Fautini
2449 3842 2748 3897 secundum
2802 3857 3046 3905 carnem,
3087 3843 3262 3897 Lucas
3319 3859 3420 3902 no-

1847 3935 2015 3995 mine,
2052 3948 2369 3998 accurrens,
2407 3935 2679 4003 pedeSque
2708 3934 2884 3988 sancti
2917 3935 3019 3988 viri
3055 3936 3418 4003 amplexatus,

1849 4026 2138 4080 horrendis
2169 4028 2406 4080 maxime
2431 4027 2919 4091 obtestationibus,
2953 4029 3310 4095 dirarumque
3339 4029 3423 4080 in-

1847 4116 2331 4169 terminatiOuibus
2361 4131 2455 4186 per
2487 4125 2734 4170 sanctam
2763 4116 3086 4170 Trinitatem
3117 4124 3169 4169 et
3198 4128 3420 4178 sanctos

1845 4206 2033 4262 Patres
2062 4207 2371 4275 adjurabat,
2417 4217 2474 4261 ut
2528 4217 2803 4276 pastorem
2853 4219 2905 4262 et
2956 4209 3317 4278 hegumenum
3363 4226 3423 4264 se

1844 4314 1964 4352 esse
1987 4305 2288 4365 pateretur.
2326 4296 2467 4361 Quid
2504 4300 2771 4365 agendum
2809 4307 2927 4351 erat
2962 4298 3077 4351 viro
3125 4299 3424 4365 sagacitate

1847 4403 1902 4444 et
1939 4391 2276 4459 perspicacia
2310 4389 2770 4458 praestantissimo
2793 4389 2814 4440 ?
2839 4389 3146 4443 Praava-lens
3187 4393 3302 4459 ipse
3329 4389 3427 4445 de-

1852 4481 2076 4535 tinentis
2110 4482 2270 4535 Luca:
2310 4479 2562 4533 inanibus
2586 4490 2771 4532 etnon
2799 4479 3034 4532 absimili
3071 4480 3231 4533 modo
3260 4480 3427 4549 pedes

177 4565 510 4636 διανοηθῆναι
577 4567 739 4634 ὀξύς;
782 4568 1190 4638 ’Υπερισχύσας
1239 4567 1346 4621 τῶν
1395 4567 1594 4638 χειρῶν
1648 4567 1735 4619 τοῦ

1847 4573 1964 4641 ejus
2024 4572 2389 4639 prebensans,
2449 4570 2643 4626 iisdem
2705 4568 2925 4625 funibus
3008 4570 3424 4641 circumligavit,

180 4661 509 4726 κρατοῦντος,
569 4663 664 4714 καὶ
691 4661 766 4731 τῷ
802 4661 951 4729 αὐτῷ
985 4662 1229 4731 σχήματι
1280 4660 1591 4730 περιλαϐὼν
1615 4661 1742 4722 τοὺς

182 4750 331 4814 πόδας
359 4751 554 4814 αὑτοῦ,
587 4754 698 4814 τοῖς
745 4752 929 4815 αὐτοῖς
961 4752 1219 4822 σχοινίοις
1239 4747 1320 4813 οἷς
1344 4751 1612 4820 ἐκέχρητο
1644 4751 1742 4803 αύ-

182 4844 259 4894 τθιν
287 4844 629 4913 περιέδησεν,
667 4843 809 4897 ὥστε
837 4843 999 4897 λῦσαι
1030 4844 1193 4897 αὑτὸν
1223 4844 1292 4896 τὰ
1323 4844 1432 4896 ἴδια
1468 4843 1743 4910 ἐπιτίμια.

187 4936 269 4989 καὶ
321 4936 578 5004 γενέσθαι
621 4937 772 5008 αὑτῷ
828 4938 965 5006 ὅπερ
999 4935 1075 5002 τῷ
1111 4937 1281 5006 πατρὶ
1306 4933 1698 4988 ἐπεϐούλευσεν
1729 4949 1742 4963 °

183 5021 358 5098 ἧνγάρ
383 5029 476 5081 καὶ
507 5029 694 5095 αὐτὸς,
724 5029 771 5080 εί
796 5028 892 5080 καὶ
914 5028 987 5097 μὴ
1021 5027 1141 5080 λίαν
1163 5026 1426 5097 ἔμπειρος
1442 5024 1552 5077 τῶν
1586 5024 1746 5076 οείων

187 5117 219 5166 Γ
225 5118 422 5186 ραφῶν,
464 5117 583 5171 ἀλλ’
609 5115 771 5186 οὖνγε
823 5117 1196 5188 οἰκονομικὸς,
1230 5117 1324 5169 καὶ
1374 5115 1614 5181 συνετὸς,
1659 5114 1749 5167 καὶ

185 5206 254 5275 τῷ
283 5207 376 5277 βίῳ
409 5208 578 5280 μηδὲν
602 5208 849 5261 ἀποδέων
874 5207 970 5260 τοῦ
1023 5206 1279 5276 ἀδελφοῦ.
1322 5206 1605 5273 Συστήσας
1657 5201 1749 5256 οὖν

187 5298 348 5351 κᾶντα
399 5301 426 5352 ὁ
486 5301 634 5363 ὅσιος
686 5299 875 5369 Πατὴρ
921 5299 1061 5352 κατὰ
1106 5299 1166 5350 τὸ
1224 5297 1342 5366 Θεῷ
1407 5297 1618 5360 δοκοῦν,
1655 5297 1750 5348 καὶ

191 5387 473 5452 νουθεσίαις
504 5389 713 5452 ἐνθέοις
743 5388 1138 5459 παρακαλέσας
1159 5388 1252 5440 καὶ
1285 5386 1544 5459 στηρίξας
1569 5386 1658 5437 τόν
1690 5402 1748 5438 τε

193 5479 474 5549 ἡζοούμενον
507 5482 604 5533 καὶ
629 5481 757 5543 τοὺς
782 5481 1066 5549 ἀδελφοὺς,
1100 5477 1393 5547 ἀπηλλάγη
1427 5477 1521 5530 καὶ
1553 5476 1746 5528 τούτου

192 5571 276 5625 τοῦ
311 5573 636 5644 πειρασμοῦ,
666 5573 900 5640 δοξάζων
926 5577 1014 5627 καί
1038 5571 1272 5639 εὐλογῶν
1295 5569 1384 5621 τὸν
1416 5569 1568 5621 Θεὸν.

1846 4664 2048 4734 quibus
2076 4664 2165 4718 ille
2190 4665 2468 4732 ligaverat,
2507 4671 2563 4716 ut
2594 4661 2810 4715 tandem
2845 4661 2890 4714 is
2921 4661 3423 4717 interminationum

1851 4755 2024 4810 nodos
2083 4755 2328 4813 solverit,
2377 4762 2432 4807 et
2471 4753 2584 4806 ﬁeri
2625 4755 2730 4808 sibi
2794 4769 2993 4823 passus
3031 4752 3222 4819 fuerit,
3280 4755 3426 4820 quod

1851 4862 1946 4914 per
1979 4845 2204 4899 insidias
2231 4843 2378 4897 Patri
2412 4845 2763 4898 moliebatur.
2799 4845 2929 4898 Erat
2986 4844 3130 4897 enim
3188 4853 3240 4896 et
3287 4843 3426 4910 ipse,

1853 4937 1977 4990 licet
2032 4935 2339 4989 divinarum
2371 4932 2782 5010 Sc‘ripturarum
2816 4951 2922 4987 non
2954 4933 3246 4987 admodum
3280 4934 3426 5000 peri-

1852 5037 1960 5087 tus,
1992 5021 2350 5095 aptustamen
2373 5023 2436 5078 ad
2468 5025 2870 5091 suscipiendam
2895 5023 3423 5076 administrationem

1850 5126 1902 5168 et
1931 5114 2195 5185 prudens,
2228 5114 2459 5181 vitaeque
2511 5112 2876 5168 sanctimonia
2927 5111 3080 5164 fratri
3132 5125 3239 5164 non
3286 5110 3425 5162 infe-

1851 5207 1987 5260 rior.
2069 5203 2210 5274 Ergo
2291 5203 2485 5256 beatus
2562 5203 2668 5265 vir,
2744 5200 3062 5254 constitutis
3148 5199 3424 5261 omnibus,

1850 5311 1970 5366 quae
2000 5310 2140 5365 opus
2170 5303 2328 5350 erant
2355 5293 2421 5346 ad
2473 5292 2562 5344 Dei
2596 5291 3020 5360 bern-placitum,
3063 5289 3425 5355 aniniatisque

1849 5399 1902 5444 et
1949 5386 2290 5442 conﬁrmatis
2325 5401 2421 5453 per
2449 5399 2637 5438 sacras
2692 5382 3062 5438 institutiones
3095 5388 3200 5433 tam
3261 5381 3424 5446 begu-

1858 5495 2041 5542 meno,
2099 5492 2258 5546 quam
2321 5475 2600 5535 fratribus,
2659 5474 2795 5526 banc
2845 5474 3006 5526 etiam
3067 5471 3425 5525 tentationcm

1859 5571 2155 5640 superavit,
2198 5569 2335 5623 dans
2367 5567 2597 5638 gloriam
2651 5573 2705 5620 et
2750 5563 3077 5618 benedicens
3120 5559 3248 5617 Deo.

1488 5734 1750 5794 Joannis
1781 5730 1907 5791 Clei
1953 5735 2141 5788 nota).

265 5861 366 5933 (Si)
393 5863 658 5923 Observat
688 5862 1100 5921 illuStrissimus
1143 5863 1524 5937 Caryopitiius,
1588 5863 1741 5920 hisce
1778 5862 1916 5919 forte
1943 5858 2181 5918 Orientis
2211 5856 2450 5915 scbisma
2475 5852 2645 5910 fuisse
2679 5849 3111 5923 prmliguratum.
