4132 6332
656 397 726 462 59
2099 397 2224 458 ΑΝι.

2328 397 2440 457 {Ml
3279 392 3288 398 ’
3542 446 3547 449 μ
3822 395 3902 459 60

722 509 815 568 26.
846 510 950 566 Sed
979 510 1087 580 jam
1122 520 1335 584 tempus
1375 522 1475 576 est,
1515 521 1570 566 ut
1607 512 1822 569 l'avente
1857 512 1988 577 Deo,
2040 521 2214 566 retro-

2388 507 2502 574 xg'.
2537 509 2744 580 Καιρὸς
2787 509 2844 563 δὲ
2868 508 3054 562 λοιπὸν
3088 505 3410 578 ἀνακάμψαι
3437 509 3580 580 ἡμᾶς
3609 508 3898 561 εὐδοκοῦν-

653 607 911 660 cedamus
944 607 1007 658 ad
1053 608 1419 661 narrationem
1477 606 1542 660 de
1575 607 1732 661 beato
1761 607 2040 676 Stephano
2077 607 2214 672 (‘25),

652 713 761 766 quo
806 712 1041 768 magnus
1093 697 1251 753 Pater
1277 714 1410 753 usus
1437 707 1521 753 est
1558 700 1659 753 zeli
1708 699 2046 763 :Pmulatet'e,
2095 716 2218 755 cer-

653 787 918 840 taminum
943 788 1093 842 socio
1135 799 1188 843 et
1220 789 1613 853 commilitone,
1650 790 1892 845 utarbor
1938 806 2046 844 non
2096 800 2215 845 tan-

656 888 770 933 tum
812 896 841 932 e
890 888 1078 934 sancta
1123 881 1306 934 radice
1332 891 1722 947 cognoscatur,
1774 883 1870 937 sed
1920 885 2081 938 etiam
2147 899 2216 938 ex

653 969 862 1024 sanctis
891 968 1162 1023 fructibus
1193 963 1469 1040 ramisque
1502 972 1849 1027 admirationi
1875 973 1964 1027 sit.
1992 972 2218 1027 Conildo

652 1070 857 1126 autem,
909 1078 1005 1131 per
1036 1063 1273 1116 divinam
1328 1077 1484 1132 opem
1525 1065 1638 1118 fore
1661 1065 1801 1118 hanc
1829 1065 1987 1120 nobis
2029 1080 2221 1119 narra-

650 1154 854 1208 tionem
889 1171 994 1209 non
1042 1156 1289 1209 inutilem
1327 1174 1342 1210 :
1375 1172 1499 1211 nam
1539 1159 1751 1213 tametsi
1803 1159 2040 1212 annulati
2085 1175 2219 1227 pra:-

652 1247 991 1300 8tantissima
1027 1247 1146 1314 ejus
1213 1256 1361 1316 gesta
1419 1264 1525 1302 non
1590 1252 1910 1318 poterimus,
1966 1259 2022 1304 at
2074 1259 2221 1306 certe

649 1353 775 1393 cum
831 1339 933 1394 ﬁde
989 1348 1042 1406 et
1092 1339 1359 1395 charitate
1423 1355 1582 1408 agere
1637 1340 1952 1396 memoriam
2007 1357 2218 1407 eorum,

651 1433 913 1498 consequi
944 1434 1050 1488 erit
1099 1433 1316 1487 veniam
1348 1433 1641 1486 multormn
1689 1434 2042 1498 delictorum,
2077 1446 2134 1490 ut
2189 1451 2220 1490 ει

653 1523 931 1591 magistris
964 1508 1297 1593 accepimus.
1351 1522 1448 1578 Hic
1503 1525 1670 1593 igitur
1723 1536 1946 1581 sanctus
1985 1526 2223 1597 Stepha-

650 1628 774 1678 nus,
816 1630 940 1666 cum
994 1615 1173 1670 adhuc
1197 1626 1345 1670 esset
1405 1616 1727 1671 adolescens
1781 1633 2050 1672 annorum
2109 1619 2222 1674 iere

651 1704 867 1771 viginti,
928 1707 1172 1762 rusticus
1251 1715 1432 1761 tamen
1497 1717 1549 1762 et
1609 1708 1816 1764 inlimis
1903 1712 2220 1779 parentibus

655 1803 814 1849 natus
860 1806 915 1850 et
945 1798 1182 1867 pupillus
1234 1813 1263 1851 a
1294 1807 1447 1865 patre
1506 1800 1730 1854 relictus
1774 1817 1896 1854 cum
1951 1811 2123 1856 matre
2168 1810 2218 1856 et

2319 619 2409 665 τος
2457 600 2592 655 Θεοῦ
2627 601 2718 655 καὶ
2766 601 2861 654 ἐπὶ
2904 599 3003 672 τὴν
3060 602 3283 670 μνήμην
3347 594 3440 654 τοῦ
3494 600 3761 670 ὁμοζήλου
3794 599 3895 654 κοιλΙ

2321 693 2593 757 συνάθλου
2651 692 2744 746 καὶ
2795 690 3216 761 συ·θαγωνιστοῦ,
3273 691 3365 744 τοῦ
3401 692 3636 761 μεγάλου
3674 692 3896 762 Πατρδς

2320 784 2590 852 Στεφάνου
2634 783 2740 838 τοῦ
2798 783 3056 855 μάκαρος
3084 801 3098 816 ο
3129 783 3214 836 ἴνα
3247 785 3321 853 μὴ
3376 785 3536 853 μόνον
3591 786 3650 836 τὸ
3677 786 3896 854 δένδρον

2321 876 2429 929 ἀπὸ
2460 876 2562 945 τῆς
2592 876 2748 944 ἁγίας
2777 875 2931 946 ῥίζης
2968 874 3326 943 γνωρίζηται,
3368 873 3528 927 em
3560 874 3624 943 δὴ
3657 876 3749 928 καὶ
3780 873 3894 926 ἀπὸ

2320 969 2431 1020 τῶν
2464 966 2694 1038 καρπῶν
2747 969 2842 1021 καὶ
2901 967 3112 1020 κλάδων
3155 966 3528 1036 θαυμάζηται.
3564 966 3809 1019 Πιστεύω
3833 967 3895 1019 δὲ

2322 1059 2400 1129 τῷ
2429 1059 2572 1129 Θεῷ,
2616 1061 2700 1113 ὅτι
2756 1059 2857 1112 οὐκ
2903 1059 2984 1121 είς
3031 1057 3186 1112 κενὸν
3215 1058 3346 1127 ἡμῖν
3378 1059 3409 1127 ἡ
3446 1056 3672 1125 τοιαύτη
3699 1056 3891 1126 μνήμη

2321 1150 2634 1218 γενήσεται.
2672 1149 2819 1202 Ἀλλ’
2845 1149 2893 1202 εί
2928 1150 3005 1219 μὴ
3033 1147 3126 1202 καὶ
3151 1147 3392 1218 ζηλωταὶ
3424 1148 3677 1218 μεγάλων
3725 1147 3894 1201 αὐτοῦ

2322 1242 2765 1313 κατορθωμάτων
2807 1242 3074 1310 ,γενέσθαι
3138 1240 3451 1312 Ισχύσομεν,
3482 1241 3542 1294 τὸ
3589 1241 3719 1310 γοῦν
3756 1258 3896 1310 μνη-

2323 1333 2585 1405 μονεῦσαι
2609 1334 2788 1388 αὐτῶν
2818 1333 2956 1404 μετὰ
2980 1334 3220 1398 πίστεως
3250 1335 3343 1387 καὶ
3368 1334 3610 1404 ἀγάπης,
3643 1334 3893 1401 ἀφέσεως

2322 1427 2457 1496 ἡμῖν
2513 1425 3002 1496 πλημμελημάτων
3048 1425 3260 1478 πολλῶν
3286 1424 3547 1495 πρόξενον
3574 1425 3890 1496 γενήσεται,

2323 1518 2505 1580 καθὼς
2530 1517 2916 1589 διδασκόμεθα.
2948 1510 3118 1580 Οὗτος
3146 1517 3326 1571 τοίνυν
3354 1518 3380 1569 6
3403 1518 3457 1570 ὲν
3492 1517 3662 1584 ἁγίοις
3685 1517 3895 1584 Στέφα-

2321 1626 2410 1671 νος
2435 1610 2551 1668 νέος
2578 1608 2658 1661 ἔτι
2688 1608 2764 1662 ὢν
2817 1609 2893 1672 ὡς
2918 1608 3054 1660 ἐτῶν
3073 1607 3302 1674 εἴκοσιν,
3333 1608 3590 1678 ἀγροῖκος
3625 1609 3680 1661 δὲ
3716 1608 3810 1661 καὶ
3833 1608 3898 1674 ἐξ

2323 1699 2559 1753 εὐτελῶν
2590 1700 2793 1766 γονέων
2828 1699 3110 1769 ὑπάρχων,
3137 1700 3372 1770 ὀρφανὸν
3420 1699 3583 1752 αὑτὸν
3613 1692 3895 1752 ’καταλεί-

2323 1791 2522 1860 ψαντος
2545 1790 2637 1843 τοῦ
2677 1791 2882 1860 πατρὸς
2913 1792 3052 1860 μετὰ
3075 1791 3171 1860 τῆς
3210 1791 3415 1862 μητρὸς
3445 1792 3539 1844 καὶ
3575 1792 3703 1859 μιᾶς
3739 1791 3895 1842 ἀδελ-

653 1900 844 1939 sorore
895 1902 1022 1951 una,
1079 1895 1230 1941 tanta
1262 1888 1614 1957 simplicitate
1663 1892 2008 1960 candoreqne
2051 1894 2221 1948 animi

2328 1882 2453 1949 φῆς,
2483 1881 2721 1951 τοσαύτῃ
2748 1881 2953 1951 ἀκακία
2979 1881 3068 1934 καὶ
3109 1882 3382 1951 ἀπονηρία
3412 1886 3775 1956 ἐκεκόσμητο,
3818 1888 3895 1948 ὡς

653 1975 910 2040 praeditus
951 1989 1090 2042 erat,
1152 1986 1210 2032 ut
1280 1980 1324 2034 si
1373 1980 1495 2046 quis
1556 1982 1731 2048 ipsum
1784 1985 2013 2036 alterum
2077 1985 2223 2040 dicat

652 2067 1018 2134 patriarcham
1058 2068 1249 2132 Jacob,
1299 2079 1392 2124 aut
1423 2073 1889 2141 simplicissimum
1931 2076 2081 2129 illum
2125 2077 2221 2129 ab--

647 2157 794 2212 batis
826 2160 1050 2213 Antonii
1098 2162 1345 2226 Paulum,
1413 2179 1522 2217 non
1549 2165 1708 2234 longe
1741 2170 1908 2235 petita
1963 2170 2221 2223 similitu-

652 2247 780 2301 dine
837 2257 1040 2304 utatur.
1063 2251 1160 2305 liic
1193 2267 1377 2306 amore
1413 2255 1648 2310 instituti
1675 2259 1962 2312 menastici
2004 2272 2220 2329 captus,

653 2348 706 2392 et
735 2341 1034 2395 secundum
1084 2341 1432 2413 Evangeiium
1470 2347 1512 2377 ι’
1559 2349 1743 2415 matri,
1789 2353 2222 2423 sorori,sihique

652 2431 950 2500 prmfcrcns
987 2434 1291 2501 Christum,
1344 2437 1450 2492 Deo
1505 2441 1642 2495 duce
1690 2457 1754 2496 eo
1798 2447 2064 2512 pervenit,
2133 2448 2220 2502 ubi

652 2523 846 2578 beatus
901 2525 1062 2580 Pater
1128 2527 1281 2581 Nilus
1340 2532 1678 2586 morabatur.
1753 2536 1817 2588 Et
1892 2553 2015 2589 cum
2067 2539 2222 2607 juxta

655 2615 808 2667 illum
869 2619 1106 2672 sedisset
1180 2620 1315 2674 nihil
1365 2621 1584 2685 elTatus,
1635 2627 1738 2679 sub
1773 2641 2025 2682 occasum
2092 2630 2225 2683 solis

656 2705 815 2759 l’ater
837 2709 902 2760 ad
945 2725 1093 2771 cum,
1131 2711 1292 2775 Quid,
1346 2712 1541 2781 inquit,
1606 2717 1826 2784 quaeris,
1869 2717 2090 2772 frater?
2153 2720 2226 2773 At

656 2796 792 2851 ille:
839 2798 1136 2856 Monachus
1192 2804 1302 2856 fieri
1357 2805 1497 2858 volo.
1549 2807 1615 2859 Et
1682 2823 1908 2876 magnus
1961 2808 2118 2864 Pater
2155 2812 2224 2864 ad

657 2888 808 2943 illum
851 2907 864 2942 :
893 2889 955 2944 Et
983 2894 1028 2945 si
1063 2894 1364 2948 monachus
1398 2897 1510 2951 ﬁeri
1539 2899 1715 2965 cupis,
1743 2914 1844 2967 ego
1878 2901 1971 2953 tibi
1992 2905 2224 2955 ostendo

657 2984 1014 3048 monasteria,
1050 2992 1104 3038 ct
1139 2988 1271 3040 vade
1324 2988 1389 3041 ad
1451 2989 1563 3051 illa,
1621 2990 1709 3044 hic
1763 2992 1908 3044 enim
1983 2993 2226 3048 habitare

657 3087 763 3126 non
791 3074 1012 3140 poteris,
1046 3091 1169 3128 cum
1203 3077 1335 3130 nihil
1375 3079 1469 3142 sit,
1508 3081 1651 3148 quod
1694 3086 1951 3138 comedas
1982 3092 2035 3137 et
2082 3083 2227 3140 fame

2323 1974 2458 2036 εἴτις
2520 1973 2681 2026 αὑτὸν
2716 1971 2911 2025 Ἰακὼϐ
2970 1974 3114 2027 εἴποι
3176 1974 3268 2028 τὸν
3315 1978 3684 2046 πατριάρχην,
3737 1979 3894 2046 ἧτὸν

2321 2064 2690 2129 ἁπλούστατον
2727 2065 2934 2117 Παῦλον
2957 2065 3051 2117 τοῦ
3083 2066 3223 2119 666i
3256 2067 3560 2133 Ἀντωνίου,
3591 2071 3692 2122 οὐκ
3725 2071 3886 2123 ἀπει·

2321 2154 2495 2215 κότως
2532 2156 2864 2224 στοχάσοιτο.
2912 2149 3079 2219 Οὗτος
3108 2152 3201 2210 οὖν
3237 2159 3491 2227 ἐρασθεὶς
3523 2160 3615 2211 τοῦ
3654 2162 3891 2230 μοναχοῦ

2323 2246 2756 2315 ἐπαγγέλματος,
2819 2248 2910 2300 καὶ
2935 2249 3074 2300 κατὰ
3111 2249 3172 2300 τὸ
3202 2250 3518 2318 εὐαγγέλιον
3549 2252 3638 2304 τὸν
3662 2253 3900 2321 Χριστὶν

2323 2337 2464 2409 ὑπὲρ
2499 2339 2596 2410 τὴν
2653 2337 2891 2408 ἀδελφὴν
2937 2339 3027 2392 καὶ
3084 2340 3315 2410 μητέρα,
3373 2342 3466 2393 καὶ
3513 2342 3654 2411 ὑπὲρ
3690 2345 3886 2396 ἑαυτὸν

2323 2433 2643 2502 ἀγαπήσας.
2700 2431 2957 2501 ὡδηγήθη
2992 2431 3145 2500 παρά
3180 2431 3274 2484 τοῦ
3311 2431 3444 2484 Θεοῦ
3480 2418 3736 2487 ἀπελθεῖν
3766 2435 3895 2489 ἔνθα

2322 2515 2390 2589 ἦν
2424 2521 2450 2569 6
2498 2519 2766 2589 μακάριος
2821 2520 3010 2589 Πατὴρ
3067 2521 3297 2582 Νεῖλος·
3349 2523 3443 2574 καὶ
3510 2527 3898 2592 παρακαθίσας

2326 2611 2472 2678 αὐτῷ
2505 2611 2669 2681 μηδὲν
2703 2610 2962 2679 εἰρηκὼς,
2995 2613 3124 2680 περὶ
3153 2614 3363 2682 δυσμὰς
3386 2615 3539 2681 ἡλίου
3571 2616 3719 2684 λέγει
3747 2620 3896 2686 αὐτῷ

2323 2701 2350 2750 6
2381 2700 2562 2769 πατήρ
2587 2715 2600 2727 ·
2630 2699 2695 2750 Τί
2722 2699 2924 2768 ζητεῖς,
2948 2699 3163 2768 ἁδελφέ;
3203 2701 3260 2753 '0
3283 2701 3339 2754 δέ
3365 2720 3548 2771 φησιν,
3579 2705 3899 2776 Καλὸγηρος

2327 2791 2465 2843 Θέλω
2499 2790 2778 2857 γενέσθαι.
2840 2791 3006 2857 Λέγει
3056 2792 3206 2861 αὐτῷ
3239 2795 3266 2845 6
3288 2793 3462 2862 μέγας
3487 2809 3502 2824 ⁸
3529 2797 3637 2850 Καὶ
3663 2799 3710 2850 εί
3738 2800 3897 2851 καλό-

2326 2901 2493 2953 γηρος
2523 2881 2998 2950 θέλειςγενέσθαι,
3030 2885 3139 2949 ἐγώ
3162 2901 3241 2936 σοι
3270 2885 3501 2961 δεικνύω
3527 2889 3592 2940 τὰ
3627 2892 3900 2958 μοναστή-

2331 2993 2440 3042 ρια,
2471 2974 2564 3026 καὶ
2594 2973 2796 3027 ἄπελθε
2823 2975 2970 3028 ἐκεῖ·
3022 2969 3122 3028 ὦδε
3180 2975 3287 3045 γὰρ
3317 2977 3642 3046 κατοικῆσαι
3682 2981 3742 3032 οὑ
3768 2981 3897 3054 δύνῃ

2332 3065 2405 3135 μὴ
2431 3066 2569 3135 ἔχων
2595 3065 2648 3117 τί
2695 3069 2910 3134 φαγεῖν,
2962 3067 3054 3119 καὶ
3083 3066 3450 3136 ἀποθνήσκεις
3486 3069 3591 3122 ἀπὸ
3617 3071 3797 3140 λιμοῦ.
3838 3073 3900 3126 Ὀ

658 3165 927 3219 morieris.
971 3165 1274 3236 Respondit
1313 3169 1405 3224 illc
1439 3169 1606 3226 :Scio
1623 3187 1744 3226 esse
1776 3186 2133 3238 monasteria,
2171 3188 2221 3230 et

2328 3157 2381 3208 δὲ
2407 3156 2701 3226 ἀπεκρίθη,
2737 3158 2818 3210 ὅτι
2846 3156 2925 3209 Τὰ
2953 3159 3314 3229 μοναστήρια,
3340 3160 3494 3228 φησὶ,
3519 3161 3774 3228 γινώσκω
3806 3163 3909 3218 καὶ

657 3257 782 3308 novi
819 3257 906 3308 illa
941 3273 954 3320 ;
986 3258 1077 3312 sed
1118 3259 1249 3313 mihi
1308 3277 1414 3314 non
1445 3263 1693 3332 placent:
1731 3264 1818 3318 hic
1843 3266 1994 3321 locus
2027 3269 2221 3332 placet.

656 3346 1030 3418 Interrogatus
1066 3366 1194 3404 num
1220 3367 1545 3423 quemquam
1574 3354 1794 3410 haberet
1825 3356 1960 3426 (26),
1995 3375 2226 3428 respon-

660 3438 732 3489 dit
768 3439 840 3502 id,
875 3439 1018 3506 quod
1081 3455 1169 3496 res
1211 3452 1349 3495 erat.
1413 3442 1721 3512 Cogebatur
1751 3461 1889 3515 ergo
1949 3450 2119 3513 abire,
2172 3461 2228 3504 ut

661 3537 890 3582 matrem
927 3546 1282 3601 sororemque
1311 3534 1564 3590 nutriret.
1593 3536 1688 3590 Ille
1722 3544 1903 3592 tamen
1932 3556 1945 3590 :
1980 3539 2221 3604 Nullum,

658 3622 754 3682 ait,
788 3620 840 3674 in
870 3621 1048 3675 locum
1073 3638 1158 3677 me
1184 3623 1466 3679 conferam
1506 3643 1520 3692 ;
1566 3628 1686 3684 illas
1747 3629 1891 3683 enim
1950 3648 2056 3685 non
2107 3648 2226 3703 ego,

659 3710 754 3763 St‘tl
781 3715 921 3766 Deus
952 3714 1182 3766 nutrivit
1205 3723 1258 3768 et
1286 3717 1478 3770 nutrit.

729 3795 818 3850 27.
847 3799 978 3851 Cum
1007 3815 1139 3868 ergo
1171 3803 1434 3871 repellere
1465 3820 1574 3858 non
1610 3808 1903 3876 potuisset,
1965 3812 2113 3864 dedit
2153 3813 2226 3880 illi

661 3887 811 3954 quod
851 3889 1106 3954 habebat.
1174 3895 1331 3961 panis
1381 3895 1667 3952 dimidium
1725 3916 1831 3970 quo
1894 3913 2228 3975 vescerrtnr,

662 3977 780 4044 ipse
804 3994 932 4033 vero
962 3979 1124 4036 Pater
1149 3983 1460 4055 insequenti
1494 3988 1583 4043 die
1608 3989 1828 4058 jejunus
1855 3996 2226 4051 mansit.Nam

659 4081 784 4119 cum
812 4077 963 4122 sexta
995 4079 1141 4125 esset
1173 4071 1328 4137 feria,
1359 4075 1516 4129 cibus
1573 4080 1647 4130 ad
1672 4089 1984 4135 mensuram
2019 4086 2230 4150 repnsi—

661 4168 752 4212 tns
782 4162 1103 4231 absumptus
1129 4166 1239 4232 jam
1273 4176 1408 4220 erat.
1439 4168 1550 4223 Hoc
1583 4169 1751 4237 porro
1803 4175 2033 4242 conligit
2057 4176 2230 4230 altero

665 4251 801 4304 beati
829 4253 1006 4307 Patris
1023 4254 1128 4308 Nili
1162 4256 1215 4309 in
1243 4260 1555 4327 speluncam
1581 4265 1908 4317 secessionis
1931 4281 2072 4320 anno
2095 4268 2229 4337 (9.7).

662 4331 868 4391 Videns
927 4339 1113 4408 itaque
1169 4341 1331 4397 Pater
1372 4347 1521 4400 illum
1562 4359 1752 4403 natura
1815 4331 2115 4420 simplicem
2179 4331 2232 4409 et

663 4429 895 4495 pigrum,
925 4440 1119 4485 contra
1153 4448 1316 4501 quam
1348 4436 1482 4502 ipse,
1524 4439 1614 4507 qui
1665 4440 1776 4494 acri
1810 4453 1929 4495 erat
1989 4446 2227 4513 ingenio,

2326 3241 2466 3304 οἶδα,
2507 3244 2620 3296 ἀλλ’
2647 3246 2745 3298 οὐκ
2779 3246 3077 3313 ἀρέσκουσί
3132 3265 3240 3315 μοι.
3277 3248 3444 3300 Πάλιν
3489 3249 3809 3320 ἐρωθητεὶς,
3850 3256 3899 3306 εί

2329 3337 2441 3405 ἔχει
2470 3337 2612 3401 τινὰ,
2667 3339 2761 3391 καὶ
2811 3339 3132 3409 ἀποκριθεὶς
3180 3342 3315 3409 ὅπερ
3360 3337 3449 3411 ἦν,
3505 3341 3754 3406 ἐϐιάζετο
3790 3345 3897 3412 γὰρ

2330 3428 2587 3482 ἀπελθεῖν
2623 3429 2929 3498 καὶθρέψαι
2971 3431 3068 3499 τήν
3110 3447 3167 3482 τε
3202 3431 3418 3500 μητέρα
3472 3434 3563 3485 καὶ
3614 3434 3710 3502 τὴν
3747 3435 3908 3488 ἀδελ-

2331 3522 2437 3591 φήν
2473 3538 2485 3552 ο
2537 3524 2563 3573 6
2613 3522 2671 3574 δέ
2724 3539 2909 3591 φησιν,
2963 3523 3044 3574 ὅτι
3075 3520 3190 3576 Οὐκ
3251 3524 3566 3594 ἀπέρχομαι
3614 3526 3849 3596 οὐδαμοῦ
3882 3547 3897 3562 ·

2330 3614 2544 3676 ὲκείνας
2575 3615 2680 3682 γὰρ
2737 3615 2838 3666 οὐκ
2875 3614 3008 3682 ἐγὼ,
3052 3614 3169 3668 ἀλλ’
3193 3615 3219 3666 6
3251 3615 3383 3679 Θεὸς
3419 3618 3510 3669 καὶ
3569 3618 3762 3689 ἔθρεψε
3806 3621 3900 3673 καὶ

2330 3704 2540 3773 τρέφει.

2404 3795 2506 3860 κζ’.
2539 3796 2741 3849 Λοιπὸν
2777 3796 2851 3867 μὴ
2881 3797 3105 3868 ἰσχύσας
3133 3799 3433 3865 ἀποδιῶξαι
3453 3802 3611 3854 αὑτὸν
3635 3803 3662 3854 6
3688 3805 3898 3874 Πατὴρ,

2330 3887 2562 3940 δέδωκεν
2583 3886 2732 3955 αὐτῷ
2758 3888 2895 3958 ὅπερ
2925 3889 3068 3958 εἶχεν
3086 3890 3258 3960 ἥμισυ
3293 3893 3457 3962 ἄρτου
3489 3897 3706 3962 φαγεῖν,
3733 3897 3898 3959 αὐτὸς

2331 3980 2386 4032 δὲ
2405 3981 2674 4048 διέμεινεν
2695 3981 2960 4048 ἄγευστος
2987 3984 3146 4053 μέχρι
3170 3983 3266 4052 τῆς
3297 3984 3506 4054 αὔριον·
3544 3988 3901 4059 παρασκευῆς

2332 4073 2440 4140 γὰρ
2494 4072 2661 4140 οὔσης
2718 4073 2873 4133 τέλος
2912 4068 3025 4142 εἶχε
3078 4075 3226 4145 καὶὴ
3260 4078 3651 4148 μεμετρημένη
3693 4078 3898 4135 δίαιτα.

2333 4163 2504 4214 Τοῦτο
2530 4163 2583 4215 δὲ
2609 4159 2674 4233 ἦν
2718 4165 2774 4216 ὲν
2805 4162 2883 4232 τῷ
2931 4163 3168 4234 δευτέρῳ
3221 4165 3331 4219 ἔτει
3385 4169 3484 4236 τῆς
3542 4168 3637 4220 τοῦ
3693 4169 3900 4240 πατρὸς

2337 4257 2624 4325 παροικίας
2675 4258 2872 4311 ὲκεῖσε.
2916 4257 3088 4324 Ὁρῶν
3121 4254 3213 4310 οὖν
3265 4259 3424 4312 αὐτὸν
3462 4262 3489 4312 6
3521 4263 3711 4331 Πατὴρ
3741 4262 3900 4328 φύσει

2332 4349 2462 4399 ὅντα
2491 4347 2696 4400 ἁπλοῦν
2733 4349 2827 4401 καὶ
2855 4347 3044 4419 ἀργὸν,
3068 4350 3204 4419 ὅπερ
3236 4345 3303 4421 ἦν
3329 4353 3572 4406 ἐναντίον
3595 4358 3657 4426 τῇ
3688 4360 3899 4412 ἐκείνου

2334 4440 2664 4508 ἀστειότητι,
2705 4440 2900 4510 ἤχθετο
2919 4441 3017 4507 μὲν
3050 4442 3141 4493 ἐπὶ
3173 4445 3238 4512 τῇ
3276 4445 3572 4515 ἀγριότητι
3601 4448 3766 4501 αὑτοῦ
3803 4454 3901 4504 καὶ

664 4519 1041 4603 ῖμιοεὺοιαξετε
1088 4523 1310 4592 quidem
1351 4527 1680 4596 dolebatque
1733 4531 1853 4598 ejus
1917 4536 2224 4603 segnitiem,

2336 4530 2598 4592 ὲθλίὸετο,
2628 4530 2687 4582 οὑ
2721 4529 2828 4599 μὴν
2854 4529 3033 4584 ἐλάλει
3065 4532 3213 4600 αὐτῷ
3238 4550 3289 4585 τι
3322 4535 3578 4606 σκληρὸν,
3617 4539 3757 4608 ἔχων
3813 4541 3906 4593 τὸν

665 4610 799 4664 nihil
870 4624 1050 4667 tamen
1107 4629 1358 4683 asperum
1426 4619 1501 4672 illi
1557 4619 1794 4684 dicebat,
1851 4640 2059 4678 memor
2099 4643 2233 4695 prae-

665 4709 944 4766 ceptornm
978 4703 1256 4774 Evangelii
1287 4722 1300 4758 :
1336 4711 1589 4763 monebat.
1654 4719 1861 4765 tantum
1907 4714 2234 4769 instruebat-

665 4806 772 4858 qtte
823 4792 972 4845 illum
1007 4795 1217 4863 placide
1264 4805 1318 4850 et
1353 4807 1651 4853 mansuete.
1719 4803 1944 4870 cupiens
2009 4804 2232 4858 reddere

735 4967 781 5001 “
811 4966 1003 5022 Matth.
1048 4985 1163 5034 nx,
1185 4971 1273 5025 20.

2343 4620 2468 4672 νοῦν
2496 4620 2657 4672 αὑτοῦ
2682 4621 2740 4672 ὲν
2769 4623 2887 4683 ταῖς
2915 4622 3300 4688 εὐαγγελικαῖς
3330 4625 3569 4690 ἐντολαῖς
3595 4645 3606 4657 '
3633 4629 3901 4684 νουθετῶν

2342 4711 2396 4763 δὲ
2421 4711 2581 4764 αὑτὸν
2624 4713 2740 4781 μετ’
2773 4714 3076 4776 ἐπιεικείας
3119 4717 3212 4768 καὶ
3246 4717 3578 4786 πραότητος,
3640 4720 3903 4774 ἔσπευδεν

2343 4805 2554 4858 ἀστεῖον
2583 4805 2707 4867 ζκαὶ
2769 4805 2965 4874 γοργὸν
2997 4806 3276 4875 ἀποδεῖξαι
3308 4807 3492 4876 αὑτὸν,
3517 4809 3591 4873 ὡς
3631 4811 3725 4864 καὶ
3744 4812 3906 4876 αὐτὸς

1938 5091 2199 5153 Joannis
2230 5092 2358 5156 Clei
2390 5102 2579 5160 notae.

740 5185 853 5259 (ΩΒ)
880 5187 1219 5259 Stephanum
1259 5189 1349 5254 qui
1383 5189 1734 5259 abioqrapho
1783 5199 1975 5245 nostro
2025 5193 2232 5259 passim

668 5257 908 5313 lit-ati'et
940 5257 1124 5314 sancti
1157 5261 1314 5313 titulo
1337 5257 1645 5324 decoratur,
1697 5257 1874 5314 Fastis
1933 5257 2110 5315 sacris
2146 5264 2230 5314 in-

667 5329 930 5396 scriptum
964 5344 1070 5383 non
1115 5331 1347 5398 reperio.
1383 5329 1681 5395 Cajetanus
1733 5328 1898 5384 Indici
1957 5332 2226 5392 secundo,

669 5412 765 5451 seu
804 5414 1013 5463 eorum,
1053 5400 1146 5466 qui
1198 5399 1396 5464 pietate.
1433 5400 1832 5466 sanctitateque
1897 5398 2226 5465 ﬂoruerunt,

669 5481 771 5520 n-“c
803 5469 1008 5520 cultum
1046 5477 1224 5522 tamen
1259 5468 1326 5521 ab
1360 5468 1594 5524 Ecclesia
1626 5471 1977 5536 approbatum
2003 5470 2222 5532 habent,

671 5537 925 5602 inseruit,
977 5538 1173 5607 dieque
1221 5538 1289 5592 27
1342 5538 1656 5592 Decembris
1691 5537 1813 5607 ejus
1864 5538 1976 5607 figit
2034 5554 2238 5592 memo-

673 5621 836 5671 rtam,
898 5607 967 5662 ad
1026 5623 1187 5678 quem
1241 5608 1308 5662 de
1355 5609 1506 5663 cultu
1559 5610 1764 5678 inquiri
1821 5609 2052 5662 ulterius
2115 5627 2239 5678 pos-

677 5682 864 5816 Μῖἒϐ)
903 5747 1134 5818 Sirletus
1167 5747 1245 5802 sic
1296 5749 1500 5803 vertit:
1541 5767 1558 5799 ι
1599 5747 1809 5801 Rursus
1865 5760 2104 5818 rogatus.
2167 5765 2232 5800 an

684 5817 866 5885 aliqua
928 5817 1140 5884 habeat,
1181 5835 1198 5866 ι
1245 5820 1386 5886 quod
1435 5818 1498 5872 ad
1566 5820 1700 5872 bona
1756 5817 1985 5873 fortunat
2047 5819 2233 5874 rcl‘ct'ri

2338 5198 2573 5273 videtur.
2613 5200 2803 5273 Melius
2856 5199 3241 5273 caryophilus,
3311 5211 3368 5256 ut
3423 5220 3488 5273 ex
3543 5207 3902 5273 sequentibus

2339 5269 2554 5342 abunde
2633 5271 2822 5342 liquet.
2888 5267 3128 5342 _Videtnr
3195 5275 3336 5324 enim
3419 5272 3487 5328 de
3583 5267 3901 5342 parentibus

2337 5339 2932 5413 ve|___consanguineis
3011 5339 3380 5413 interrogatus
3466 5339 3820 5413 respondisse
3887 5363 3920 5400 ιλ

2332 5423 2371 5528 ὁ
2429 5405 2527 5461 llic
2588 5405 2743 5463 locus
2787 5409 2988 5477 placet,
3048 5427 3068 5460 ι
3143 5405 3281 5464 [orte
3339 5405 3679 5468 excidit'ex
3752 5425 3900 5470 textu

2381 5492 2538 5528 raeeo.

2381 5492 2538 5529 Γωρο.

2423 5548 2532 5622 (27)
2667 5547 2812 5601 hisce
2834 5548 3064 5622 aliisque
3085 5549 3673 5622 notisicltronologicis.
3705 5555 3904 5622 quibus

2348 5615 2609 5684 Stephani
2677 5629 2823 5692 gesta
2899 5619 3451 5692 eircqmscribuntur,
3521 5615 3905 5677 chronolaxint

2347 5688 2652 5751 quampiam
2713 5687 2909 5740 deduxi
2961 5687 3266 5744 iloiument.
3327 5705 3490 5760 prtev.
3549 5706 3701 5747 num.
3761 5695 3793 5748 6
3851 5702 3908 5749 οι

2345 5771 2497 5826 seqq.
