4158 6338
245 415 313 482 61
1402 415 1584 478 VITA
1627 415 1685 475 S.
1735 412 1902 473 NlLI
1947 414 2333 483 JUNIORIS.
3413 433 3482 493 62

238 534 331 608 ἦν.
377 535 590 605 Ἀκμὴν
648 534 759 607 γὰρ
788 536 889 589 οὐκ
921 534 1037 606 ᾔδει
1079 531 1286 603 σαφῶς,
1312 533 1393 587 ὃτι
1418 534 1480 586 τὸ
1506 533 1569 585 ὲκ
1603 531 1815 601 φύσεως

1924 535 2178 591 solertem
2210 548 2263 593 et
2309 541 2622 612 impigrum,
2661 546 2836 614 qualis
2869 547 2984 617 ipse
3028 557 3144 601 crat
3198 547 3478 605 :nendum

237 633 300 686 οὔ
334 629 678 699 μεθίσταται.
720 630 810 691 Ὠς
834 628 928 682 οὖν
957 627 1304 696 ἀπετύγχανε
1334 630 1427 679 τοῦ
1458 623 1687 689 σκοποῦ,
1719 624 1812 676 καὶ

238 720 452 789 διῆλθον
480 720 688 791 ἡμέραι
719 719 888 790 τριῶν
911 718 1072 783 ἑτῶν,
1092 718 1242 787 λέγει
1267 718 1325 770 ὲν
1343 716 1518 786 ἐαυτῷ
1545 717 1573 769 6
1599 715 1810 785 Πατήρ·

237 807 392 883 ’Δρά
423 830 488 879 γε
514 815 565 866 εί
589 809 659 884 ἦν
688 829 778 883 μοι
807 811 1036 881 ἀδελφὸς
1061 811 1092 880 ἢ
1128 809 1245 874 υίὸς
1275 810 1307 881 ἢ
1340 810 1583 880 ἀνεψιὸς,
1617 808 1717 860 οὐκ
1747 807 1813 860 ἂν

236 905 339 980 καὶ
391 905 584 976 ὕϐρεσι
646 905 742 959 καὶ
806 905 1136 974 ὀνειδισμοῖς
1190 906 1514 975 ἐχρησάμην
1546 902 1683 974 πρὸς
1715 900 1814 972 τὴν

237 994 454 1049 ἐκείνου
487 996 810 1060 παίδευσιν;
855 995 1256 1064 Δοκιμάσωμεν
1296 995 1461 1048 πάλιν
1485 991 1546 1046 τὸ
1575 990 1815 1046 τοιοῦτον

235 1082 382 1148 εἶδος
414 1088 501 1138 ἐπ’
531 1086 700 1155 αὐτῷ,
741 1087 814 1156 μή
852 1101 984 1138 ποτε
1015 1086 1175 1157 μείνῃ
1226 1086 1551 1171 ἀπαίδευτος
1589 1085 1616 1136 6
1665 1083 1819 1136 ἀδελ-

235 1179 362 1246 φός.
391 1179 524 1231 Τότε
555 1179 760 1250 ἤρξατο
775 1177 1070 1248 αὐστηρῶς
1093 1179 1274 1246 λέγειν
1305 1177 1475 1249 αὐτῷ,
1499 1177 1594 1230 καὶ
1626 1175 1817 1245 ὕϐρεσι

237 1269 470 1338 στύφειν
518 1269 679 1324 αὐτόν
705 1288 718 1302 ·
775 1271 1040 1334 πολλάκις
1063 1271 1119 1324 δὲ
1146 1273 1243 1324 καὶ
1271 1270 1382 1324 άπὸ
1428 1271 1612 1340 χειρὸς
1645 1269 1818 1322 ἐδίδου

237 1360 413 1430 αὐτῷ.
475 1359 811 1430 Βουλόμενος
841 1361 951 1429 γάρ
981 1360 1188 1424 διδάξαι
1219 1359 1383 1412 αὑτὸν
1429 1360 1530 1422 τὰς
1567 1359 1820 1425 συνήθεις

236 1452 407 1521 εὐχάς
441 1452 538 1506 καὶ
592 1453 654 1506 τδ
683 1453 1007 1524 ψαλτήριον,
1041 1451 1287 1522 ἀνάγκην
1344 1445 1490 1521 εἶχεν
1533 1450 1628 1503 καὶ
1661 1449 1821 1502 κολα-

234 1544 512 1611 φιστικῶς
546 1544 815 1598 ἅπτεσθαι
846 1543 1033 1597 αὐτοῦ.
1056 1544 1226 1607 Αὐτὸς
1256 1544 1310 1596 δὲ
1341 1544 1516 1597 πάντα
1547 1541 1821 1612 ὑπέφερεν

238 1637 471 1706 ἑόαρῶς
518 1638 613 1692 καὶ
673 1637 812 1706 μετὰ
869 1639 1067 1709 χαρᾶς,
1122 1639 1259 1708 μήτε
1290 1637 1388 1708 τὴν
1446 1637 1822 1706 σκληροτάτην

236 1731 478 1800 ἄσκησιν
510 1730 606 1783 καὶ
656 1729 757 1800 τὴν
823 1730 1060 1798 ἄληκτον
1094 1728 1406 1800 ἀγρυπνίαν
1431 1724 1729 1789 δειλιάσας,
1764 1729 1822 1779 ὲν

236 1819 408 1871 πᾶσιν
449 1817 798 1888 ὲξισοῦμενος
843 1818 919 1888 τῷ
947 1819 1191 1890 μεγάλῳ,
1240 1820 1378 1888 μήτε
1413 1819 1482 1871 τά
1519 1818 1695 1886 ὀνείδη
1729 1817 1824 1869 καὶ
1856 1859 1895 1912 Β

236 1911 340 1974 τὰς
369 1911 521 1980 παρὰ
541 1911 637 1964 τοῦ
671 1912 886 1982 Πατρὸς
926 1913 1192 1983 ἐπηρείας
1225 1911 1559 1981 ἀποδράσας.
1596 1910 1689 1963 Διὸ
1727 1913 1822 1963 καὶ

234 2005 378 2073 πρὸς
426 2003 522 2057 τοῦ
564 2002 699 2057 Θεοῦ
745 2004 1046 2075 ἐφυλάχθη.
1097 2005 1289 2073 μείνας
1347 2003 1682 2072 ἀπείραστος
1722 2003 1823 2070 τῆς

234 2095 564 2166 δαιμονικῖκ
633 2097 986 2168 πανουργίας.
1042 2097 1308 2159 Πολλάκις
1362 2098 1470 2164 γάρ
1523 2095 1824 2164 ἐρωτηθεὶς

238 2187 394 2256 παρὰ
422 2187 518 2238 τοῦ
551 2186 724 2254 όσίου,
781 2188 958 2250 ποίοις
1013 2186 1123 2259 ἄρα
1183 2185 1465 2254 λογισμοῖς
1499 2186 1818 2254 ἐνοχλεῖται,

239 2277 541 2346 ἀπεκρίθη,
595 2279 677 2330 ὅτι
729 2278 845 2331 Οὐκ
911 2276 1017 2346 ἔχω
1071 2277 1332 2344 λογισμόν
1361 2276 1414 2329 τί
1469 2293 1623 2342 ποτε,
1662 2277 1822 2344 μόνον

234 2368 293 2418 δὲ
325 2367 573 2431 νυστάζω
629 2368 822 2435 πολλὰ,
880 2371 976 2423 καὶ
1021 2371 1108 2422 διὰ
1171 2372 1331 2424 τοῦτο
1381 2369 1654 2438 θλίϐομαι.
1688 2372 1822 2422 Τότε

240 2461 388 2512 πλεῖ
419 2461 566 2529 αὐτῷ
594 2462 623 2513 6
656 2463 847 2535 Πατὴρ
901 2463 1165 2531 σκαμνίον
1220 2461 1343 2531 ἔχον
1381 2461 1563 2514 πόδιον
1594 2459 1671 2517 ἓν.
1729 2459 1823 2511 καὶ

233 2549 388 2615 λέγει
449 2551 621 2619 αὐτῷ,
680 2553 764 2606 ὅτι
821 2555 890 2608 Σὺ
949 2553 1048 2623 μὲν
1093 2552 1237 2622 ἔχεις
1301 2553 1468 2614 πόδας
1498 2551 1729 2617 δύο,καὶ
1761 2553 1822 2606 τὸ

238 2643 509 2711 σκαμνίον
541 2644 598 2695 ἔν
622 2659 638 2675 ο
677 2645 786 2699 ἰδοὺ
815 2647 964 2715 τρεῖς
1021 2645 1179 2708 πόδες
1208 2661 1222 2676 ο
1267 2645 1362 2698 καλ⁸
1400 2644 1542 2696 οὕτω
1574 2645 1823 2714 καθήμε-

234 2749 351 2797 νος,
389 2734 490 2802 τῆς
522 2734 750 2804 μελέτης
781 2736 853 2805 μὴ
886 2737 1198 2808 ἀμελήσῃς.
1250 2737 1310 2788 '0
1337 2737 1393 2789 δὲ
1428 2736 1526 2806 τὴν
1599 2754 1816 2807 παραγ-

237 2823 434 2884 γελίαν
469 2823 786 2894 δεξάμενος,
809 2825 1045 2895 οὐδαμοῦ
1071 2828 1308 2896 ἐκάθητο
1347 2826 1409 2880 ἔκ
1430 2845 1551 2880 τοτε
1581 2830 1628 2880 εἰ
1661 2828 1734 2897 μὴ
1763 2828 1820 2879 ὲν

235 2913 316 2982 τῷ
353 2915 608 2984 σκαμνίῳ
661 2917 856 2985 ἐκείνῳ
910 2918 1005 2970 καὶ
1039 2919 1096 2971 ἐν
1150 2920 1220 2989 τῇ
1254 2920 1475 2992 μελέτῃ,
1513 2923 1608 2975 καὶ
1659 2922 1717 2973 ὲν
1751 2923 1816 2992 τῇ

236 3004 538 3076 ἐκκλησία,
563 3006 661 3059 καὶ
690 3010 748 3061 ἐν
789 3007 866 3078 τῷ
907 3008 1232 3076 γεύσασθαι.
1261 3009 1652 3080 Νικὼμενο,δὲ
1684 3008 1818 3063 πολ-

237 3097 401 3159 λάκις
435 3097 538 3150 ὑπὸ
560 3098 657 3151 τοῦ
700 3099 1036 3170 νυσταγμοῦ,
1073 3101 1168 3153 καὶ
1190 3101 1406 3154 πίπτων
1439 3101 1532 3154 ἐπὶ
1555 3100 1652 3171 τὴν
1687 3101 1814 3170 γῆν,

1917 626 2122 697 quippe
2144 632 2279 685 satis
2321 632 2607 702 didicerat,
2635 637 2744 691 tolli
2777 655 2880 691 non
2911 655 3091 707 posse,
3115 642 3254 707 quod
3289 657 3318 695 a
3379 658 3473 695 na-

1917 725 2039 772 tura
2071 728 2154 774 est
2179 723 2432 779 inditum.
2481 726 2616 780 Cum
2660 743 2789 799 ergo
2835 731 2968 786 nihil
3008 733 3317 800 proliceret,
3343 739 3481 785 tem-

1916 826 2130 880 pusque
2159 815 2320 868 trium
2354 833 2623 874 annorum
2674 821 2783 890 jam
2830 822 3078 886 abiisset,
3129 840 3312 879 secum
3367 825 3483 892 ipse

1915 901 2074 963 Pater
2129 903 2306 960 dixit:
2349 906 2487 961 Num
2540 912 2585 965 si
2639 926 2790 966 meus
2839 913 2927 966 hic
2983 913 3147 968 frater
3189 924 3354 980 esset,
3388 917 3481 967 ant

1919 993 2081 1059 filius,
2110 1004 2206 1050 aut
2257 1007 2404 1053 certe
2457 999 2639 1056 fratris
2691 1003 2858 1068 filius,
2912 1005 3135 1059 minime
3166 1007 3481 1060 adhiberent

1920 1085 2170 1141 convicia
2195 1093 2248 1142 et
2277 1087 2676 1158 increpationes
2707 1092 2773 1145 ad
2802 1094 3155 1148 erudiendum
3181 1094 3203 1147 ?
3229 1093 3484 1162 Experia-

1920 1190 2041 1229 mur
2063 1186 2116 1230 ct
2140 1177 2245 1232 hoc
2269 1176 2633 1234 institutionis
2649 1196 2841 1250 genus,
2872 1199 2935 1237 ne
2951 1184 3116 1238 frater
3135 1185 3482 1238 incorrectus

1922 1277 2158 1322 maneat.
2194 1269 2349 1325 Tunc
2377 1270 2550 1340 cmpit
2586 1280 2802 1326 austere
2834 1287 2955 1325 cum
2991 1277 3106 1342 ipso
3134 1275 3279 1343 loqui
3307 1282 3361 1328 et
3393 1289 3489 1342 per

1925 1360 2288 1415 contumelias
2323 1362 2682 1417 acrimoniam
2713 1364 2895 1419 verbis
2945 1365 3164 1430 addere,
3222 1383 3326 1420 non
3363 1379 3491 1426 raro

1923 1449 2090 1504 etiam
2137 1466 2299 1506 manu
2337 1454 2693 1524 percutiebat.
2747 1454 2882 1508 Nam
2927 1470 3046 1508 cum
3097 1456 3287 1510 docere
3333 1457 3486 1509 illum

1926 1541 2083 1594 vellet
2109 1555 2403 1600 consuetas
2425 1547 2708 1604 orationes
2756 1558 2809 1602 et
2862 1548 3204 1617 psalterium,
3262 1563 3488 1602 necesse

1926 1629 2163 1684 habebat
2192 1641 2245 1685 et
2275 1634 2537 1702 colaphos
2572 1636 2650 1689 illi
2712 1637 3033 1707 impingere.
3080 1637 3171 1691 llle
3213 1651 3339 1690 vero
3357 1637 3488 1689 nihil

1925 1719 2175 1784 moleste,
2205 1721 2301 1775 sed
2335 1723 2513 1778 libens
2558 1724 2699 1780 ferre
2752 1729 2956 1792 omnia,
3018 1742 3126 1780 non
3194 1728 3492 1796 asperrimo

1925 1801 2142 1866 vivendi
2187 1828 2410 1882 genere,
2441 1831 2546 1869 non
2579 1817 2887 1887 vigiliarum
2922 1819 3247 1874 assiduitate
3287 1834 3493 1887 perter-

1925 1904 2089 1968 ritus,
2122 1919 2272 1973 reque
2306 1922 2368 1960 ac
2422 1906 2583 1962 Pater
2634 1910 2917 1966 sustinens
2973 1911 3156 1965 omnia
3207 1920 3259 1966 et
3297 1913 3490 1980 probra

1925 2011 2033 2049 non
2087 1995 2336 2052 devitans
2371 2009 2422 2053 et
2454 2000 2880 2069 iucrepationes,
2924 2003 3124 2072 quibus
3145 2019 3264 2057 eum
3332 2003 3493 2056 l’ater

1925 2083 2248 2153 impetebat.
2283 2087 2360 2140 Ex
2386 2103 2492 2156 quo
2544 2088 2772 2152 factum,
2813 2100 2869 2144 ut
2905 2090 3013 2145 Deo
3044 2102 3320 2156 servante,
3373 2091 3495 2143 nul-

1924 2174 2004 2229 las
2037 2191 2234 2245 passus
2272 2177 2445 2232 fuerit
2482 2194 2576 2247 per
2600 2180 2797 2234 diaboli
2844 2181 3190 2235 calliditatem
3238 2183 3496 2233 tentatio-

1923 2281 2040 2321 nes.
2077 2269 2210 2321 Nam
2245 2285 2388 2338 saepe
2441 2276 2666 2339 rogatus
2700 2287 2729 2325 a
2763 2273 2922 2327 beato
2953 2272 3131 2334 Patre,
3161 2272 3493 2339 quibusnam

1922 2357 2350 2426 cogitationibus
2407 2367 2717 2423 vexziretur,
2779 2357 3145 2427 respondebat
3203 2371 3261 2411 sc
3319 2357 3496 2408 nullas

1922 2449 2130 2504 habere
2157 2450 2540 2518 cogitationes,
2567 2452 2661 2506 sed
2697 2452 2862 2505 nimia
2899 2459 3110 2505 tantum
3156 2451 3333 2505 somni
3392 2465 3492 2516 op-

1923 2541 2210 2610 pressione
2241 2543 2510 2611 torqueri.
2544 2541 2701 2596 Tunc
2727 2541 2856 2598 fecit
2897 2542 2969 2595 illi
3018 2540 3177 2596 Pater
3209 2555 3493 2595 scamnum

1923 2647 2034 2685 uno
2075 2633 2209 2702 pede
2254 2644 2520 2689 constans
2561 2646 2614 2689 et
2641 2635 2716 2688 ait
2743 2650 2755 2685 :
2779 2633 2859 2687 Tu
2892 2634 3105 2703 quidem
3137 2633 3275 2686 duos
3337 2630 3496 2698 pedes

1921 2723 2090 2777 hahcs
2121 2733 2175 2777 et
2202 2739 2429 2779 scamno
2455 2736 2538 2779 est
2591 2740 2734 2779 unus
2769 2740 2786 2778 :
2819 2739 2948 2779 ecce
2998 2731 3108 2776 tres
3169 2721 3356 2790 pedes,
3421 2722 3504 2771 ita

1921 2814 2122 2868 sedens
2158 2815 2501 2873 meditationi
2533 2831 2750 2884 operam
2783 2815 2961 2870 dabis.
2999 2814 3114 2878 Ille,
3141 2820 3370 2879 accepto
3395 2814 3498 2863 hoc

1921 2905 2209 2970 mandato,
2245 2907 2397 2960 nulla
2435 2906 2693 2975 deinceps
2720 2907 2826 2959 alia
2863 2904 2993 2961 sede
3023 2902 3296 2964 utebatur,
3335 2915 3495 2969 qUam

1918 3013 2145 3054 scamno
2191 2998 2304 3059 illo,
2337 2999 2449 3053 sive
2475 2999 2854 3061 meditaretur,
2889 2997 3004 3052 sive
3048 3004 3190 3050 esset
3235 2993 3288 3046 in
3323 2993 3498 3047 cccle-

1920 3091 2162 3156 siafsive
2179 3100 2419 3146 sumeret
2436 3092 2641 3156 cibum,
2661 3091 2753 3146 sed
2775 3104 2968 3146 somno
2989 3088 3306 3158 plerumque
3326 3087 3497 3138 victus

234 3188 370 3240 ποτὲ
401 3188 498 3256 μὲν
531 3189 623 3244 τον
655 3188 937 3262 βραχίονα,
999 3191 1130 3245 ποτὲ
1153 3191 1210 3244 δὲ
1234 3191 1293 3244 τὸ
1349 3190 1646 3261 πρόσωπον
1683 3209 1809 3246 συν-

1916 3182 2229 3251 cadensque
2269 3186 2321 3236 iu
2351 3191 2577 3246 terram,
2619 3182 2781 3236 uredo
2834 3180 3139 3243 brachium,
3197 3176 3359 3231 modo
3395 3174 3498 3228 sibi

236 3280 514 3351 ετρέδετο.

311 3377 419 3439 κη’.
456 3372 628 3424 Πάλιν
679 3373 975 3444 ἐρχόμενος
1011 3373 1102 3427 ἐπὶ
1159 3374 1218 3426 τὸ
1248 3373 1447 3444 ἑψῆσαι
1473 3373 1535 3428 τὸ
1563 3375 1816 3445 ὄσπριον,

235 3462 332 3513 καὶ
365 3462 540 3525 τιθεὶς
570 3462 736 3516 πλέον
765 3464 796 3534 ἢ
826 3465 886 3517 τὸ
920 3464 1117 3528 σκεῦος
1153 3466 1401 3534 χωρῆσαι
1427 3466 1678 3536 ἠδύνατο,
1714 3467 1817 3519 ὑπὸ

232 3553 336 3620 τῆς
365 3552 486 3622 βίας
534 3553 731 3622 ἀθρόον
753 3556 1084 3625 ὲρῤήγνυτο.
1132 3556 1220 3607 Ἐν
1247 3557 1347 3624 μιᾷ
1377 3555 1505 3623 γοῦν
1541 3557 1650 3609 τῶν
1682 3557 1818 3625 ἠμε-

239 3640 354 3710 ρῶν
407 3641 734 3710 συναγαγὼν
802 3641 1019 3696 ἅπαντα
1069 3643 1139 3696 τὰ
1161 3643 1470 3715 κλάσματα,
1497 3645 1816 3699 ὑπεδείκνυε

232 3730 310 3798 τῷ
339 3731 509 3800 πατρὶ
530 3732 591 3784 τὸ
627 3731 852 3801 σφάλμα
911 3733 1430 3802 ἑξομολογούμενος.
1487 3735 1545 3788 Ὀ
1581 3736 1637 3788 δὲ
1664 3737 1815 3803 λέγει

234 3823 373 3891 πρὸς
405 3823 592 3876 αὐτόν·
631 3824 741 3878 Καὶ
761 3824 815 3877 τί
838 3824 899 3877 τὸ
933 3825 1144 3892 ὄφελος,
1205 3825 1288 3879 ὅτι
1336 3826 1633 3898 ὲξομολογῇ
1671 3829 1815 3898 μόνῳ

234 3914 394 3981 ιμοίς
427 3915 610 3982 ὕπαγε
649 3918 730 3979 είς
789 3917 858 3970 τὰ
904 3919 1267 3988 μοναστήρια,
1319 3921 1414 3972 καὶ
1441 3919 1618 3985 δεῖξον
1645 3921 1810 3987 αὐτὰ,

234 4002 322 4057 ἵνα
359 4005 704 4076 γνωρίσουσιν
735 4006 916 4060 ὐποῖοι
953 4008 1188 4078 ἀσκηταὶ
1221 4011 1382 4079 ἡμεῖς
1430 4011 1597 4080 ἐσμεν
1622 4029 1812 4081 χυτρο-

234 4093 492 4146 κλάσται.
533 4095 669 4147 Τότε
706 4095 886 4149 λαϐὼν
907 4097 974 4149 τὰ
1001 4096 1292 4166 κλάσματα
1350 4100 1652 4168 ἀπέρχεται
1679 4102 1812 4172 πρὸς

233 4186 492 4238 Φαντῖνον
526 4187 618 4238 τὸν
643 4187 963 4254 ὁσιώτατον,
998 4191 1094 4242 καὶ
1127 4190 1188 4242 τὸ
1212 4191 1446 4260 πρᾶγμα
1495 4191 1644 4259 αὖτῴ
1691 4191 1785 4261 ὲξη

232 4279 462 4347 γήσατο.
486 4278 656 4341 Αὐτὸς
688 4279 743 4333 δὲ
772 4280 849 4348 τῷ
887 4281 1074 4351 σκοπῷ
1103 4283 1370 4351 ἑπόμενος
1394 4283 1486 4334 τοῦ
1513 4282 1808 4353 θεόφρονος

232 4370 326 4420 καὶ
378 4367 733 4438 ὁμόφρονος,
789 4371 1113 4440 συναγαγὼν
1139 4374 1321 4426 πάντα
1371 4375 1438 4424 τὰ
1496 4373 1805 4442 κλάσματα,

232 4460 323 4513 καὶ
355 4461 581 4529 σχοινίῳ
610 4462 897 4532 συνδήσας,
931 4464 1024 4515 καὶ
1051 4463 1130 4532 τῷ
1181 4465 1437 4534 τραχήλῳ
1468 4463 1635 4516 αὑτοῦ
1680 4481 1806 4535 κρε·

235 4553 437 4619 μάσας.
491 4555 791 4623 πεποίηκεν
849 4554 1011 4607 αὑτὸν
1062 4553 1206 4606 οὕτω
1255 4557 1606 4624 παραστῆναι
1640 4557 1696 4607 ὲν
1731 4555 1808 4625 τῷ

234 4644 540 4713 ἀριστηρίῳ
573 4644 681 4696 τῶν
729 4645 975 4712 ἀδελφῶν
1027 4643 1365 4711 γευομένων.
1400 4645 1602 4699 Τούτου
1627 4647 1683 4700 δὲ
1714 4664 1805 4715 γε-

232 4733 456 4802 νομένου
499 4733 820 4786 ἀπέστειλεν
852 4734 1015 4787 αὐτὸν
1043 4735 1207 4787 πάλιν
1239 4736 1377 4804 πρὸς
1434 4735 1526 4789 τὸν
1567 4737 1714 4790 ὅσιον
1750 4739 1808 4789 ὲν

230 4826 306 4896 τῷ
333 4825 587 4895 σπηλαίῳ
611 4825 703 4878 τοῦ
733 4825 923 4878 λοιποῦ
947 4826 1330 4894 διορθωοὲντα.
1367 4828 1805 4898 Περιερχόμενος

234 4915 287 4968 δέ
342 4932 476 4968 ποτε
519 4918 548 4968 6
597 4916 868 4985 μακάριος
921 4915 1195 4979 Στέφανος
1249 4912 1376 4986 εὗρε
1427 4917 1496 4968 τὰ
1537 4916 1806 4986 λεγόμενα

238 5008 556 5077 σπαράγγια
587 5023 599 5037 °
621 5007 715 5060 καὶ
749 5006 1076 5074 συναγαγὼν
1106 5007 1245 5059 αὑτᾶ
1277 5007 1371 5060 καὶ
1406 5007 1620 5077 ἑψήσας
1662 5025 1806 5078 παρ-ο

237 5097 427 5167 έθηκεν
457 5100 515 5150 ὲν
536 5100 602 5167 τῇ
641 5097 759 5168 ὥρᾳ
783 5096 878 5150 τοῦ
913 5096 1236 5162 γεύσασθαι.
1303 5096 1641 5151 Μεταλαόὼν
1661 5099 1719 5152 δὲ
1746 5097 1806 5163 ἐξ

239 5188 408 5242 αὐτῶν
470 5190 500 5242 ὁ
550 5190 764 5258 Πατήρ,
822 5189 916 5242 καὶ
947 5188 1022 5250 ὡς
1070 5188 1219 5257 παρὰ
1286 5187 1572 5258 συνήθειαν
1602 5192 1806 5258 μικρᾶς

240 5281 422 5348 ἡδονῆς
486 5281 829 5349 αἰσθόμενος,
856 5278 1086 5333 ἐπύθετο
1142 5280 1235 5331 τοῦ
1284 5280 1526 5346 ἑταίρου,
1564 5282 1676 5348 εῖγε
1708 5281 1804 5336 καὶ

243 5370 391 5432 αὐτὸς
411 5369 512 5438 τῆς
547 5371 717 5438 αὐτῆς
740 5369 1076 5439 γλυκύτητος
1111 5367 1327 5437 ᾔσθετο.
1360 5367 1467 5420 Τοῦ
1504 5370 1560 5421 δὲ
1586 5351 1803 5439 συμφω-

244 5461 516 5527 νήσαντος,
543 5459 696 5530 ῥῖψαι
727 5461 865 5514 αὐτὰ
892 5459 996 5524 ἔξω
1016 5460 1187 5528 πικρά
1209 5461 1301 5512 τοῦ
1322 5460 1534 5531 [ἰατρὸς
1559 5463 1804 5516 ἐκελεύε-

243 5567 332 5604 το·
377 5553 563 5604 Ταῦτα
615 5552 748 5620 γάρ,
794 5553 979 5621 φησὶ,
1044 5554 1196 5623 παρὰ
1256 5553 1418 5634 φύσει
1461 5554 1800 5624 τυγχάνοντα

245 5646 270 5694 6
305 5643 540 5706 διάϐολος
609 5643 839 5713 ἦρτυσε,
896 5644 988 5694 καὶ
1047 5643 1251 5716 γλυριὲα
1295 5645 1618 5715 πεποίηκεν.
1658 5646 1801 5710 Ἕως

259 5735 484 5787 τοσούτου
538 5733 936 5805 ἐγκρατεύοντο
975 5735 1025 5786 oi
1095 5736 1381 5804 μακάριοι,
1431 5737 1524 5790 καὶ
1582 5737 1672 5809 βίᾳ
1704 5740 1800 5808 τὴν

254 5825 390 5892 cis-.2
421 5825 1091 5898 ὅπη-εκῶςκατεδάμαζον.
1121 5828 1270 5882 Μετὰ
1300 5829 1543 5884 δὲταῦτα
1573 5831 1785 5903 ἔκρινεν

1921 3271 2117 3326 faciem
2139 3274 2534 3343 perfringebat.

1993 3364 2084 3418 28.
2143 3363 2360 3421 Rursus
2396 3365 2524 3419 dum
2586 3364 2691 3419 iret
2744 3362 2812 3418 ad
2861 3360 3171 3417 elixandum
3221 3359 3493 3429 legumen,

1923 3469 2130 3524 vasque
2161 3454 2307 3507 ultra
2358 3454 2580 3507 modum
2652 3451 2924 3522 impleret,
2975 3459 3193 3521 repente
3247 3449 3379 3504 illud
3444 3450 3495 3501 vi

1923 3544 2356 3614 dirumpebatur.
2402 3543 2649 3610 Quadam
2701 3559 2832 3614 ergo
2864 3543 2950 3598 die
2979 3543 3281 3616 fragmenta
3311 3539 3494 3597 omnia

1917 3635 2150 3690 collecta
2192 3634 2340 3691 Patri
2359 3637 2705 3704 ostendebat,
2736 3645 2976 3692 erratum
3015 3655 3177 3694 suum
3207 3641 3497 3694 confitens.

1916 3723 1982 3779 Et
2020 3734 2175 3794 pater
2207 3727 2276 3781 ad
2320 3729 2469 3782 illum
2500 3745 2515 3783 :
2544 3728 2686 3795 Quid
2749 3743 2877 3783 vero
2927 3731 3151 3800 prodest
3209 3731 3339 3783 mihi
3404 3729 3495 3782 uni

1916 3817 2216 3872 confiteri?
2259 3818 2429 3889 Perge
2462 3820 2527 3873 ad
2561 3822 2894 3876 monaSteria
2923 3829 2976 3876 et
3011 3821 3241 3874 ostende
3285 3821 3399 3883 illa,
3430 3829 3492 3872 ut

1915 3918 2274 3976 cognoscant,
2307 3909 2497 3978 quales
2527 3909 2758 3964 solitarii
2795 3909 2990 3976 simus,
3018 3910 3252 3964 ollarum
3289 3909 3494 3962 fracto-

1918 4012 2028 4051 res.
2061 3998 2314 4065 Acceptis
2335 4013 2464 4068 ergo
2496 3999 2587 4055 ille
2621 3999 2964 4068 fragmentis,
2992 3999 3234 4067 perrexit
3265 3999 3331 4052 ad
3361 3999 3492 4053 bea-

1916 4088 2189 4163 tissimum
2241 4088 2562 4151 Fantinum.
2629 4107 2856 4160 remque
2925 4091 3004 4144 illi
3047 4093 3344 4146 enarravit.
3399 4089 3492 4146 Ille

1912 4195 2041 4235 vero
2073 4181 2253 4234 divina
2292 4182 2560 4250 sapientis
2591 4191 2644 4237 et
2702 4182 3031 4237 unanimiter
3083 4181 3350 4252 sapientis
3383 4182 3486 4234 vii

1913 4283 2145 4334 mentem
2164 4286 2412 4342 secutus,
2447 4277 2747 4342 fragmenta
2777 4277 2960 4330 omnia
2980 4275 3493 4339 collecta,funeaue

1911 4368 2167 4436 colligata
2195 4369 2262 4421 ad
2290 4369 2491 4422 collum
2536 4370 2659 4436 ejus
2689 4368 2966 4438 appendit,
3021 4379 3076 4423 et
3131 4376 3276 4423 stare
3329 4368 3494 4436 jussit

1912 4461 2201 4514 habentem
2230 4460 2317 4513 illa
2354 4460 2407 4512 in
2427 4460 2732 4522 caenaculo,
2764 4459 2890 4510 duim
2926 4458 3123 4512 fratres
3140 4459 3488 4528 pranderent.

1914 4559 2111 4612 Postea
2149 4557 2214 4610 ad
2240 4565 2491 4610 sanetum
2546 4554 2724 4607 virum
2788 4553 2843 4606 in
2894 4553 3210 4620 speluncam
3259 4549 3489 4610 remisit,

1909 4657 2220 4703 eorrectum
2276 4649 2326 4701 in
2361 4655 2665 4716 posterum.
2692 4645 2828 4699 Cum
2863 4645 2992 4697 olim
3030 4658 3124 4711 per
3165 4655 3327 4708 agros
3383 4639 3489 4692 iret

1909 4741 1970 4794 Β.
2014 4740 2350 4808 Stephanus,
2376 4739 2918 4804 invenitasparagos,
2944 4735 3092 4802 legit.
3123 4731 3290 4792 coxit,
3317 4745 3489 4798 appov

1909 4834 2126 4902 suitque
2153 4833 2285 4886 hora
2325 4830 2565 4899 prandii.
2600 4827 2699 4882 Ubi
2738 4828 2900 4881 Pater
2928 4826 3276 4894 degustasset
3296 4833 3347 4875 et
3375 4837 3490 4875 mo-

1910 4925 2096 4978 dicum
2130 4925 2366 4993 cepisset
2417 4919 2710 4990 voluptatis
2760 4926 2959 4986 praater
3007 4913 3485 4977 consuetudinem,

1912 5013 2162 5084 quzesivit
2191 5028 2256 5068 ex
2313 5013 2486 5072 socio,
2519 5025 2648 5063 num
2683 5016 2735 5063 et
2759 5008 2848 5062 ille
2894 5005 3124 5061 similem
3154 5004 3482 5071 voluptatem

1908 5107 2160 5162 sentiret.
2189 5105 2510 5159 Amrmante
2542 5103 2657 5168 illo,
2683 5100 2851 5171 jussit
2877 5100 3014 5168 ipse,
3054 5105 3115 5151 ut
3139 5094 3482 5164 foras'proji-

1914 5205 2068 5252 ceret
2100 5213 2113 5248 :
2156 5195 2289 5250 Nam
2323 5195 2527 5259 cibum,
2557 5193 2754 5262 inquit,
2784 5203 2979 5245 natura
3017 5202 3262 5242 amarum
3295 5187 3486 5241 condi-

1908 5288 1981 5341 vit
2029 5287 2280 5340 diabolus
2310 5294 2364 5340 et
2397 5300 2618 5340 suavem
2649 5281 2906 5337 reddidit.
2953 5279 3106 5334 Adeo
3139 5278 3481 5332 continentes

1904 5386 2062 5431 erant
2106 5378 2250 5432 beati
2286 5378 2385 5430 viri
2433 5386 2486 5431 et
2519 5377 2567 5428 vi
2615 5374 2838 5429 assiduo
2875 5372 3116 5426 adhibita
3149 5370 3478 5425 adornabant

1905 5481 2173 5522 naturam.
2201 5470 2331 5522 Post
2355 5470 2467 5521 haec
2503 5467 2559 5519 Β.
2594 5463 2747 5519 Nilus
2781 5462 3131 5533 cogitandum
3175 5457 3478 5514 censuitde

1905 5561 2212 5629 impetente
2244 5574 2462 5630 quoque
2485 5557 2543 5609 Β.
2602 5554 2863 5625 Stephani
2898 5561 3074 5624 parte.
3131 5549 3297 5603 Mittit
3347 5563 3477 5616 ergo

1904 5654 2081 5721 ipsum
2121 5652 2320 5706 additis
2359 5652 2550 5705 litteris
2572 5647 2639 5702 ad
2687 5660 2809 5700 ven.
2862 5642 3202 5698 Theodoram
3239 5639 3364 5707 (hoc
3394 5644 3475 5689 est

1903 5742 2103 5795 divinis
2137 5750 2352 5796 auctam
2412 5738 2733 5794 muneribus
2784 5736 2849 5790 de
2918 5731 3155 5799 nomine)
3211 5728 3470 5798 virginem

1907 5835 2280 5891 beatissimam
2317 5835 2364 5889 id
2393 5832 2652 5902 temporis
2681 5832 2847 5884 vitam
2877 5827 3160 5898 degentem
3209 5820 3472 5877 monasti-
