4132 6332
617 304 686 365 6'3
2036 303 2376 363 .-\.\'O.\'Y.\ll
3795 299 3867 360 δι

614 427 734 467 cam
771 411 906 465 eoin
933 411 1076 478 loco,
1102 415 1194 484 qui
1239 415 1565 472 Araharium
1604 416 1804 474 dicitur
1832 417 1970 488 (28),
2002 420 2186 487 pum-is

2307 421 2314 467 '.
2341 418 2484 478 ὅςιος
2509 412 2699 475 Νεῖλος
2728 412 3008 480 φροντίσαι
3058 416 3150 465 7.1".
3221 413 3346 482 step".
3376 415 3432 466 τὸ
3471 413 3737 467 ἀδύνατον
3768 415 3871 483 μέ-

614 499 932 569 prtel‘ectam
972 503 1296 573 virginibus,
1333 521 1496 560 anum
1538 515 1806 572 sanctam,
1868 507 2185 578 pruueutis-

614 591 809 647 simam
864 603 919 648 et
950 596 1446 664 sapientissimam,
1490 614 1611 668 quae
1647 614 1676 652 a
1709 608 1894 653 tenera
1953 598 2185 653 aetateiu

617 684 937 740 monasticae
978 686 1104 740 vitae
1139 688 1432 758 asperitate
1455 705 1515 746 se
1544 690 1866 746 exercuerat
1913 709 1926 745 :
1977 689 2188 760 (nescio

614 787 770 837 vero.
839 791 905 828 an
947 777 1175 831 alteram
1209 777 1281 832 illi
1310 779 1543 834 similem
1570 773 1755 836 tulerit
1779 780 2112 849 Rossanum)
2136 789 2189 835 ct

615 871 866 919 sanctum
893 863 1108 919 Patrem
1157 881 1186 920 a
1221 868 1395 938 prima
1428 879 1586 927 :rtate
1621 883 1868 928 materno
1900 873 2192 943 amplecte-

614 955 778 1009 batur
805 970 1016 1015 amore.
1051 957 1171 1012 llaec
1200 960 1366 1029 igitur
1399 973 1452 1016 et
1485 971 1718 1019 matrem
1765 965 1824 1020 B.
1859 966 2190 1033 Stephanict

616 1060 862 1101 sororem
889 1047 940 1100 in
976 1063 1134 1102 suum
1168 1053 1373 1122 recepit
1407 1057 1801 1110 nmnasterium
1837 1073 1850 1109 :
1881 1056 2063 1126 inquo
2089 1058 2193 1112 illa:

622 1139 898 1194 sincerum
962 1139 1072 1194 Deo
1129 1156 1251 1196 cum
1309 1145 1691 1202 exhibuissent
1749 1147 2068 1202 famulatum
2139 1158 2192 1203 et

621 1229 838 1298 n-agnis
874 1229 1172 1288 virtutibus
1206 1233 1544 1301 timuissent,
1580 1238 1632 1290 in
1659 1251 1796 1305 pace
1845 1239 2192 1308 quieverunt.

619 1319 891 1376 Ceterum
923 1324 1099 1408 q‘uuad
1155 1325 1432 1392 vixerunt,
1478 1329 1708 1398 singulis
1781 1333 1944 1385 annis
2003 1331 2194 1385 aestivo

620 1421 867 1482 tempore
902 1413 962 1471 B'.
992 1415 1308 1485 Stephanus
1339 1418 1523 1472 adibat
1574 1419 1707 1474 illud
1777 1421 2193 1486 monasterium,

618 1513 671 1556 et.
701 1514 920 1572 peracta
957 1492 1158 1580 messe,
1197 1523 1392 1562 rursus
1432 1511 1498 1563 ad
1529 1511 1860 1565 monasteria
1897 1512 2114 1567 redibat
2141 1521 2193 1566 et

625 1594 889 1649 fratribus
959 1597 1025 1650 ad
1085 1613 1246 1653 omne
1304 1615 1440 1666 opus
1526 1600 1914 1667 collaborahat,
1989 1602 2195 1669 duplici

622 1682 1184 1750 certamiueluctans,
1233 1688 1605 1756 contiuentim,
1645 1690 1960 1761 laborisque
2013 1692 2196 1761 quoti-

621 1771 793 1826 diaui.

2293 523 2382 574 ρος
2435 504 2526 556 τοῦ
2564 503 2837 573 μακαρίου
2897 502 3167 570 Στεφάνου
3197 519 3211 533 ’
3245 503 3340 555 καὶ
3387 504 3709 557 ἀποστέλλει
3762 505 3866 557 αύο

2289 596 2381 649 τὸν
2431 596 2568 666 μετὰ
2626 589 2973 666 γραμμάτων
3031 597 3169 664 προς
3220 595 3318 664 τὴν
3361 593 3532 656 ὅντως
3583 595 3868 666 Θεοδὼραν

2291 689 2386 758 τὴν
2423 687 2846 758 μακαριωτάτην
2896 686 3188 755 παρθένον,
3249 685 3596 755 ἀσκουμένην
3625 687 3701 756 τῷ
3742 688 3872 740 τότε

2293 775 2471 847 καιρῷ
2511 779 2569 830 ἐν
2594 776 2672 846 τῷ
2702 776 2984 848 λεγομένῳ
3027 777 3342 846 Ἀριναρίῳ,
3374 777 3470 830 καὶ
3507 777 3861 847 καθηγουμέ-

2292 865 2392 938 νην
2431 869 2626 935 ὀλίγων
2658 866 2968 938 παρθένων,
2996 868 3173 936 γραῦν
3201 869 3364 935 ἁγίαν
3420 869 3515 922 καὶ
3561 868 3683 921 λίαν
3737 887 3874 921 συν-

2293 962 2570 1030 ετωτάτην
2618 960 2712 1013 καὶ
2768 961 3114 1029 σοφωτάτην,
3142 962 3205 1014 ἐκ
3259 962 3461 1030 νεαρᾶς
3521 960 3737 1031 ἡλικίας
3767 962 3871 1031 τὴν

2296 1051 2590 1122 μοναδικὴν
2619 1051 2967 1122 ἅσκουμὲνην
2997 1051 3430 1121 σκληραγωγίαν
3460 1068 3486 1123 ἠ
3505 1051 3604 1105 οὐκ
3637 1049 3778 1116 οἴδα,
3812 1053 3867 1105 ει

2293 1142 2550 1211 τοιαύτην
2619 1142 2788 1213 ἄλλην
2813 1142 2875 1195 τὸ
2917 1143 3200 1196 Ῥυσιόινον
3243 1142 3543 1213 ἐξήνεγκεν
3571 1157 3586 1172 ⁸
3636 1144 3758 1214 ἥτις
3793 1143 3874 1206 ὡς

2295 1235 2410 1288 υἱον
2436 1235 2657 1304 γνήσιον
2687 1233 2958 1302 ἀγαπῶσα
2986 1230 3056 1304 ἦν
3086 1234 3180 1287 τὸν
3207 1235 3372 1302 ἅγιον.
3410 1235 3628 1306 Πατέρα
3651 1237 3713 1288 ἐκ
3743 1253 3873 1289 νεα-

2296 1328 2398 1395 ρᾶς
2429 1324 2648 1395 ἡλικίας
2686 1324 2852 1378 αὐτοῦ
2878 1342 2893 1356 ·
2939 1325 3221 1380 πείθεσθαι
3250 1326 3511 1391 δέξασθαι
3545 1328 3646 1397 τήν
3675 1344 3733 1380 τι
3765 1343 3877 1396 μη-

2296 1419 2428 1488 τέρα
2462 1419 2557 1472 καὶ
2606 1417 2843 1488 ἀδελφὴν
2899 1419 2994 1471 τοῦ
3023 1418 3170 1472 όσίου
3203 1419 3482 1488 Στεφάνου
3502 1419 3560 1472 ἐν
3593 1419 3671 1488 τῷ
3705 1435 3876 1488 μονα-

2301 1510 2528 1580 στηρίῳ.
2573 1509 2661 1562 Ἐν
2693 1502 2736 1577 ᾧ
2764 1509 2860 1562 καὶ
2891 1510 3132 1579 γνησίως
3161 1508 3518 1562 δουλεύσασαι
3552 1509 3630 1580 τῷ
3654 1508 3871 1580 Κυρίῳ,

2299 1600 2395 1652 καὶ
2428 1598 2680 1670 μεγάλως
2740 1599 3199 1668 εὐαρεστήσασαι,
3261 1599 3659 1670 ἐτελειώθησαν
3699 1601 3756 1652 ἐν
3793 1600 3876 1651 εἱ-

2303 1688 2463 1760 ρὴνῃ.
2499 1688 2739 1753 Ταύταις
2783 1690 2883 1759 μέν
2922 1706 3005 1742 τοι
3045 1690 3195 1759 παρὰ
3225 1689 3292 1742 τά
3319 1690 3419 1758 τῆς
3475 1688 3622 1757 ζωῆς
3690 1688 3876 1742 αὐτῶν

2295 1780 2389 1848 ἔτη
2412 1781 2652 1844 ᾶπαντα,
2680 1780 2822 1836 κατὰ
2849 1783 3063 1852 καιρδν,
3094 1783 3160 1852 τῇ
3194 1780 3313 1852 ὥρᾳ
3341 1780 3436 1835 τοῦ
3466 1780 3661 1850 δέρους
3687 1784 3877 1852 ἀπήρο

622 1885 747 1938 χετο
769 1873 796 1922 ό
829 1870 1097 1940 μακάριος
1131 1873 1399 1942 Στέφανος
1421 1878 1478 1929 ἐν
1498 1874 1574 1945 τῷ
1593 1878 1943 1949 μοναστηρίῳ
1968 1877 2183 1947 ἐκείνῳ.
2225 1875 2320 1928 καὶ
2348 1875 2574 1939 τελέσας
2621 1876 2713 1928 τὸν
2765 1877 2944 1927 ἐκεῖσε
3012 1875 3248 1944 άμητδν,
3303 1875 3472 1928 πάλιν
3533 1875 3877 1946 ὑπέστρεφεν

623 1962 705 2024 είς
733 1962 802 2015 τά
835 1965 1195 2034 μοναστήρια,
1260 1967 1352 2018 καὶ
1403 1970 1701 2022 συνεκοπία
1768 1972 1827 2022 ἐν
1882 1971 2044 2024 παντὶ
2113 1968 2262 2040 ἔργῳ
2298 1971 2410 2033 τοῖς
2442 1968 2711 2038 ἀδελφοῖς,
2748 1967 2971 2021 διπλοῦν
3015 1967 3201 2036 ἀγῶνα
3239 1966 3666 2038 ἀγωνιζόμενος,
3700 1967 3792 2021 τόν
3812 1977 3876 2020 τε

622 2052 722 2118 τῆς
753 2051 1098 2119 ἐγκρατείας,
1135 2053 1228 2106 καὶ
1273 2055 1366 2107 τὸν
1398 2057 1740 2126 πανημέριον
1771 2057 1967 2111 πόνον.

691 2143 785 2197 29.
819 2143 954 2197 Cum
993 2161 1122 2199 vero
1147 2148 1264 2201 suis
1325 2152 1748 2206 excursionibus
1795 2161 1966 2207 totam
2041 2169 2199 2222 pera-

627 2246 880 2304 grassent
912 2235 1217 2292 Calabriam
1247 2240 1397 2309 impii
1431 2242 1662 2310 Agareni
1702 2261 1797 2313 per
1847 2261 2072 2310 annum,
2103 2247 2198 2301 de-

631 2337 1051 2398 vastassentque
1095 2331 1280 2384 omnia
1331 2341 1384 2387 et
1440 2333 1686 2389 futurum
1732 2335 1844 2406 jam
1912 2348 2077 2401 esset.
2139 2345 2199 2394 ut

629 2429 811 2484 partes
851 2422 1012 2474 etiam
1042 2422 1365 2491 impetereut
1416 2424 1782 2480 Mercuriacas
1817 2427 2016 2497 (neque
2054 2430 2199 2484 enim

634 2518 861 2571 parcere
896 2508 1243 2562 monasteriis
1300 2509 1630 2575 cogitabant,
1682 2512 1851 2564 autin
1899 2516 2201 2570 monachos

635 2591 870 2660 aliquam
922 2595 1236 2662 impendere
1265 2597 1540 2666 pietatem)
1575 2600 1861 2667 praecurrit
1925 2600 2090 2663 fama,
2147 2609 2202 2658 et

633 2698 827 2741 omnes
862 2685 926 2738 ad
987 2686 1145 2739 obvia
1186 2689 1408 2741 castella
1436 2689 2014 2758 confugiebant.'l'unc
2037 2695 2198 2748 etiam

635 2781 697 2834 Β.
741 2778 1053 2850 Stephanus
1085 2799 1207 2838 cum
1247 2793 1394 2840 esset
1426 2788 1479 2841 in
1528 2790 1780 2843 cteuobio
1817 2789 1998 2859 magni
2054 2789 2203 2847 Fan-

637 2874 758 2940 tini,
823 2876 1068 2930 ascendit
1119 2891 1241 2933 cum
1274 2877 1535 2934 fratribus
1596 2883 1652 2935 in
1713 2881 1953 2937 vicinum
1999 2884 2201 2938 castel-

636 2963 788 3030 lum;
825 2965 1264 3023 increbrescente
1315 2969 1517 3040 quippe
1573 2987 1812 3036 rumore,
1856 2989 1968 3028 non
2025 2977 2203 3044 putuit

637 3053 690 3105 in
733 3055 1047 3118 speluncam
1094 3057 1580 3115 reverti.Sanctus
1630 3075 1762 3115 vero
1799 3061 1963 3117 Pater
1982 3078 2108 3118 cum
2135 3080 2204 3118 ex

637 3142 853 3196 editiori
887 3145 1003 3198 loco
1027 3146 1304 3214 spelunca
1357 3148 1659 3204 excitatum
1723 3151 2001 3220 pulverem
2055 3168 2204 3208 con-

638 3236 908 3302 spexisset
946 3245 1000 3290 et
1031 3237 1350 3306 ingruentes
1394 3239 1796 3296 Saracenorum
1849 3245 2057 3312 c0pias,
2106 3261 2203 3300 co-

641 3325 852 3394 gitavit.
897 3328 1204 3385 subducere
1266 3347 1388 3386 sese
1422 3333 1638 3387 illorum
1680 3335 1941 3403 perﬁdiae,
1971 3352 2036 3389 ne
2067 3338 2205 3391 forte

641 3417 802 3469 etiam
836 3418 1118 3474 videretur
1179 3429 1393 3478 tentare
1431 3421 1523 3478 Dei
1561 3427 1879 3493 potentiam.
1915 3427 2208 3496 Asportato

645 3507 808 3575 igitur
852 3507 1041 3578 (ἱειίηο
1091 3523 1244 3580 aqua:
1283 3527 1431 3578 vase,
1456 3528 1736 3568 secessum
1791 3516 1984 3579 subiit,
2019 3516 2209 3586 inquo

645 3597 765 3651 sine
826 3598 1022 3654 timore
1092 3601 1436 3657 versabatur.
1506 3602 1676 3659 Nocte
1745 3621 1874 3662 vero
1949 3608 2040 3661 illa
2116 3623 2211 3677 per

645 3694 886 3742 montem
937 3689 1088 3744 illum
1123 3693 1414 3748 ambulans
1481 3704 1538 3749 et
1595 3711 1696 3750 suo
1756 3711 1907 3752 more
1953 3698 2209 3752 Davidem

647 3776 700 3829 in
758 3793 853 3832 ore
895 3779 1118 3846 ltahens,
1159 3781 1266 3837 imo
1322 3799 1452 3837 vero
1498 3783 1718 3839 Davidis
1751 3782 1973 3854 Regem,
2007 3786 2215 3840 audivit

646 3873 932 3941 strepitum
966 3881 1227 3946 tanquam
1252 3877 1379 3945 equi
1427 3877 1824 3933 circumeuntis
1861 3887 1915 3931 et
1973 3878 2212 3932 circum-

646 3963 829 4018 dautis
881 3964 1086 4032 ipsum,
1112 3981 1211 4021 nec
1260 3967 1499 4022 valentis
1555 3967 1821 4022 accedere
1855 3967 2103 4034 propius.
2149 3965 2216 4020 Et

647 4054 823 4123 primo
864 4055 1083 4123 quidem
1110 4072 1231 4111 esse
1260 4057 1535 4111 hominem
1563 4065 1744 4122 ratus,
1797 4056 2115 4120 nihildixit,
2157 4063 2215 4110 ut

647 4145 918 4213 psalmum
964 4145 1296 4200 absolveret.
1335 4144 1404 4200 Ut
1430 4161 1562 4200 vero
1595 4145 1733 4199 vidit
1775 4159 1953 4213 neque
2004 4144 2214 4198 abeun-

651 4244 782 4298 tem,
819 4251 991 4304 neque
1025 4239 1509 4306 propinquantem,
1563 4237 1699 4290 dicit
1746 4237 1836 4290 ei:
1878 4235 1980 4300 Qui
2023 4245 2079 4289 tu
2123 4235 2222 4290 es?

651 4324 923 4393 simulque
956 4327 1108 4379 audit
1160 4343 1254 4381 vas
1301 4341 1457 4396 aquae
1494 4327 1678 4381 abillo
1725 4325 2220 4395 perfractum:quo

653 4414 820 4480 farto,
858 4419 1105 4474 evanuit.
1154 4419 1471 4486 Agnoscens
1504 4419 1667 4488 igitur
1691 4419 1884 4473 beatus
1930 4415 2096 4472 Pater
2120 4433 2222 4472 au-

651 4517 855 4561 ctorem
879 4522 943 4561 ex
973 4510 1252 4576 operibus,
1289 4511 1454 4578 erepit
1488 4525 1679 4562 rursus
1728 4510 1986 4578 psallere,
2035 4523 2097 4562 ac
2132 4508 2222 4562 di-

652 4612 779 4652 cere
815 4612 830 4650 :
869 4616 887 4649 ι
916 4597 1334 4672 Circtttndantes
1365 4599 1838 4654 circumdederunt
1895 4613 1979 4652 me
2015 4599 2221 4653 inimici

2379 2151 2480 2204 κο’.
2509 2149 2633 2202 Τῶν
2665 2149 2846 2201 τοίνυν
2884 2149 3060 2202 ἀθέων
3098 2147 3419 2219 ’Δγαρηνῶν
3476 2148 3874 2218 παραδραμόν-

2300 2261 2410 2295 των
2439 2242 2619 2294 πᾶσαν
2643 2241 2741 2310 τὴν
2778 2236 3152 2310 Καλαϐρίτιδα
3199 2239 3384 2310 χώραν
3410 2239 3506 2293 ’ἐνα
3539 2239 3877 2314 χρόνονῃιαὶ

2304 2334 2484 2386 πάντα
2529 2330 2903 2401 ληῗσαμένων,
2941 2330 3246 2401 μελλόντων
3267 2331 3325 2386 δὲ
3355 2331 3662 2385 ἐπιϐαίνειν
3695 2333 3790 2387 καὶ
3818 2333 3875 2386 ἐν

2304 2428 2415 2487 τοῖς
2444 2426 2884 2493 Μερκουριανοῖς
2939 2423 3154 2494 μέρεσι,
3194 2424 3332 2494 μήτε
3371 2425 3742 2495 μοναστήριον
3772 2441 3877 2477 κα-

2303 2515 2554 2567 ταλιπεῖν
2607 2513 2906 2584 ἀχείρωτον
2972 2513 3367 2583 λογισάμενοι,
3440 2516 3580 2584 μήτε
3646 2515 3878 2585 μοναχὸν

2303 2604 2489 2666 ἐλέους
2514 2602 2609 2656 καὶ
2641 2601 2858 2672 φειδοῦς
2888 2602 3140 2668 ἀξιῶσαι,
3186 2606 3540 2675 προέλαϐενὴ
3581 2607 3743 2675 φήμη
3773 2607 3874 2660 αύ-

2303 2693 2435 2754 τῶν,
2483 2694 2579 2748 καὶ
2629 2694 2827 2754 πάντες
2881 2695 3226 2764 κατέφευγον
3274 2695 3367 2749 ἐπὶ
3411 2695 3478 2749 τά
3513 2696 3746 2766 τυχόντα
3777 2713 3874 2750 κα·

2308 2785 2544 2841 στέλλια.
2582 2783 2717 2838 Τότε
2741 2785 2804 2856 δὴ
2843 2784 2937 2838 καὶ
2965 2786 2994 2837 ό
3021 2785 3290 2855 μακάριος
3323 2785 3594 2855 Στέφανος
3632 2785 3875 2856 εὑρεθεὶς

2305 2875 2460 2943 ἐντῷ
2503 2873 2759 2945 κοινοϐίῳ
2788 2873 2880 2927 τοῦ
2943 2873 3181 2942 μεγάλου
3214 2874 3496 2940 Φαντίνου,
3551 2874 3748 2943 ἀνῆλθε
3780 2878 3876 2929 σὺν

2303 2966 2486 3028 αὑτοῖς
2510 2967 2564 3015 ἐν
2589 2964 2664 3032 τῖ’)
2720 2966 3079 3032 γειτνιίιξοντι
3151 2965 3473 3032 κιττελλίρ.
3501 2966 3575 3032 μὴ
3613 2965 3874 3034 δυνηθεὶς

2306 3057 2641 3127 ὑποστρέψαι
2671 3055 2832 3126 ἐν.τῷ
2863 3055 3112 3125 σπηλαίῳ
3162 3055 3252 3108 διὰ
3284 3055 3343 3109 τὸ
3377 3058 3708 3129 κατεπεῖγον
3769 3055 3872 3126 τῆς

2307 3148 2514 3216 φήμης.
2586 3147 2646 3201 Ὀ
2678 3145 2733 3199 δὲ
2773 3146 2959 3214 Πατὴρ
3013 3145 3219 3199 άνωοεν
3278 3145 3384 3198 ἀπ’)
3445 3145 3537 3198 τοῦ
3595 3144 3870 3216 σπηλαίου

2308 3238 2756 3307 θεασάμενοςμτδν
2780 3239 3082 3306 κονιορτὸν,
3111 3238 3204 3292 καὶ
3228 3237 3289 3289 τὸ
3343 3236 3546 3302 πλῆθος
3572 3236 3877 3306 ἐπερχόμε-

2308 3348 2397 3384 νον
2427 3329 2535 3382 τῶν
2566 3327 2958 3400 Σαρῤακηνῶν,
3019 3326 3301 3394 ἐλογίσατο
3360 3325 3880 3394 ἀποκρυὸἧναιάπδ

2308 3423 2408 3491 τῆς
2457 3421 2760 3491 δολιὸτητος
2809 3417 3011 3478 αὐτῶν,
3073 3418 3149 3487 μή
3192 3433 3324 3469 ποτε
3362 3416 3455 3468 καὶ
3483 3414 3559 3478 ὡς
3599 3415 3880 3484 πειράζων

2311 3513 2408 3581 τὴν
2433 3512 2661 3580 δύναμιν
2689 3493 2782 3563 τοῦ
2815 3507 2948 3561 Θεοῦ
2967 3506 3183 3576 εὑρεθῇ.
3211 3504 3408 3575 Λαϐὼν
3427 3500 3522 3558 οὖν
3546 3503 3665 3572 μεθ’
3689 3504 3882 3557 ἑαυτοῦ

2311 3601 2371 3654 τὸ
2399 3601 2660 3670 κεράμιον
2724 3598 2817 3652 τοῦ
2874 3597 3093 3660 ὓδατος,
3155 3594 3428 3664 ἐπορεύθη
3473 3597 3532 3648 ἐν
3577 3593 3885 3664 ἀποκρύφῳ

2314 3693 2418 3745 τινὶ
2445 3691 2616 3762 τόπῳ,
2643 3690 2775 3744 ἔνθα
2809 3689 3028 3756 ἀφόϐως
3066 3688 3274 3755 διῆγεν.
3305 3687 3384 3757 Τῇ
3414 3686 3470 3739 δέ
3502 3690 3660 3739 νυκτὶ
3696 3685 3883 3757 ἐκείνῃ

2315 3779 2633 3849 περιπατῶν
2661 3779 2788 3850 περὶ
2819 3778 2882 3832 τὸ
2916 3778 3044 3850 ὅρος
3073 3776 3272 3842 ἐκεῖνο,
3307 3774 3517 3828 καὶτὸν
3555 3773 3720 3828 Δασὶδ
3741 3775 3886 3828 κατὰ

2313 3875 2414 3943 τὴν
2447 3872 2737 3942 συνήθειαν
2766 3870 2933 3925 αὐτοῦ
2979 3868 3318 3941 περιφέρων,
3351 3867 3553 3937 μᾶλλον
3580 3867 3636 3920 δέ
3667 3866 3760 3919 τὸν
3789 3865 3887 3920 τοῦ

2317 3967 2478 4019 Δαίῖιδ
2533 3964 2793 4028 Βασιλέα,
2828 3963 3028 4033 ἢκουσε
3083 3960 3286 4015 κτύπον
3346 3959 3480 4012 ὡσεὶ
3509 3954 3683 4012 ποδῶν
3719 3957 3887 4011 ἵππου

2320 4075 2384 4110 πε
2396 4057 2743 4128 ριερχόμενον
2768 4057 2861 4109 καὶ
2883 4053 3221 4108 κυκλεύοντα
3238 4051 3424 4114 αὐτὸν,
3446 4051 3541 4103 καὶ
3563 4049 3639 4120 μὴ
3659 4050 3887 4118 δυνάμε-

2320 4165 2408 4201 νον
2440 4148 2801 4216 προσεγγίσαι
2834 4143 3003 4213 αύτῷ.
3039 4144 3148 4196 Καὶ
3170 4141 3238 4193 τὰ
3266 4141 3367 4210 μὲν
3388 4139 3582 4209 πρῶτα
3600 4138 3888 4208 ἄνθρωπον

2321 4234 2462 4291 εἶναι
2491 4237 2719 4306 νομίσας
2775 4236 2917 4294 τινὰ,
2960 4232 3112 4285 οὐδὲν
3148 4231 3403 4300 ἐλάλησε,
3446 4229 3735 4300 πληρῶσαι
3762 4227 3887 4297 βου·

2321 4329 2379 4382 λό
2389 4345 2544 4396 μενος
2555 4328 2646 4380 τὸν
2661 4323 2893 4395 ψαλμόν.
2913 4323 3001 4384 Ὠς
3017 4323 3061 4376 δ’
3079 4317 3218 4374 εἶδεν
3241 4321 3404 4374 αὑτὸν
3426 4321 3564 4390 μήτε
3584 4319 3885 4390 ὑπάγοντα,

2325 4421 2466 4490 μήτε
2500 4415 2955 4487 προσεγγίζοντα,
2997 4413 3149 4482 λέγει
3187 4411 3325 4480 πρὸς
3357 4411 3520 4465 αὐτόν
3540 4426 3554 4443 .
3585 4411 3680 4473 Τις
3707 4405 3760 4462 αῖ
3786 4408 3885 4474 ea;

2323 4510 2418 4564 καὶ
2449 4511 2566 4580 ἅμα
2591 4507 2670 4579 τῷ
2692 4507 2835 4576 λόγῳ
2864 4507 3075 4569 ἀκούει,
3100 4507 3182 4559 ὅτι
3207 4503 3499 4572 συνέτριψε
3532 4501 3594 4554 τὸ
3621 4503 3888 4571 κεράμιον

2324 4603 2417 4656 τοῦ
2451 4601 2662 4665 ὓδατος,
2692 4599 2786 4651 καὶ
2823 4595 3060 4664 ἄφαντος
3087 4597 3333 4664 γέγονεν.
3363 4594 3498 4647 Τότε
3543 4593 3702 4661 γνοὺς
3722 4593 3749 4645 ό
3783 4609 3888 4661 μα-

657 4689 759 4741 tnei
789 4695 844 4743 et
878 4689 930 4742 in
947 4692 1164 4744 nomine
1183 4689 1393 4744 Domini
1420 4689 1567 4746 ultus
1597 4706 1714 4744 sum
1751 4691 1806 4743 in
1835 4690 2009 4744 eos".
2037 4709 2056 4741 ι
2080 4687 2204 4743 Βιιτι

2328 4693 2520 4764 κάριος
2549 4691 2643 4744 τὸν
2690 4690 2931 4758 ἐργάτην
2957 4689 3023 4741 ἐκ
3065 4687 3177 4739 τῶν
3197 4686 3416 4740 οἰκείων
3440 4683 3636 4756 ἔργων,
3663 4682 3887 4754 ἡρξατο,

656 4793 779 4832 sum
813 4794 941 4834 vero
999 4781 1241 4848 seipsum
1283 4781 1561 4852 culpabat,
1615 4779 1939 4849 dicebatque
1992 4795 2224 4834 secum:

656 4868 728 4924 Ut
760 4869 861 4924 iste
885 4869 949 4924 ad
991 4886 1093 4925 nos
1125 4871 1357 4936 veniret,
1394 4881 1597 4926 nostrae
1625 4872 1823 4925 mentis
1851 4869 1981 4926 fecit
2030 4882 2229 4936 evaga-

2327 4784 2488 4838 πάλιν
2513 4781 2607 4834 τοῦ
2633 4780 2858 4850 ψάλλειν
2886 4777 2982 4832 καὶ
3011 4777 3193 4845 λέγειν
3225 4794 3238 4808 ·
3290 4795 3309 4830 ι
3340 4773 3738 4835 Κυκλώσαντες
3764 4771 3890 4826 ἐκύ-

2325 4868 2542 4922 κλωσάν
2569 4884 2637 4938 με
2663 4867 2712 4919 oi
2761 4864 2948 4935 ἐχθροί
3011 4881 3134 4934 μου,
3187 4863 3280 4918 καὶ
3308 4862 3386 4934 τῷ
3413 4862 3644 4932 ’ὀνόματι
3682 4860 3890 4932 Κυρίου

658 4963 736 5016 tio
765 4979 778 5014 :
803 4962 1072 5030 siquidem
1100 4965 1152 5016 in
1179 4977 1275 5019 ore
1304 4961 1470 5015 Deum
1506 4961 1791 5024 habemus,
1824 4961 1877 5014 in
1910 4962 2094 5014 animo
2119 4976 2204 5014 net

2324 4959 2622 5029 ἠμυνάμην
2652 4954 2904 5018 αὐτούς.)
2952 4938 3265 5024 Ἐμέμφετο
3291 4954 3347 5006 δέ
3376 4953 3540 5006 πάλιν
3562 4949 3774 5015 ἑαυτὸν,
3792 4949 3889 5005 καὶ

660 5051 941 5107 habemus.
974 5051 1264 5108 Familiare
1290 5069 1454 5124 porro
1473 5053 1594 5122 eius
1617 5052 1824 5110 dictum
1887 5059 2029 5115 erat,
2079 5050 2203 5106 Nihi

2323 5048 2478 5115 ἔλεγε
2505 5046 2582 5117 τῷ
2598 5045 2865 5117 λογισμῷο
2900 5046 3060 5115 ’Ᾱρτι
3083 5044 3176 5098 τοῦ
3204 5044 3380 5098 ἐλθεῖν
3401 5041 3592 5096 τοῦτον
3629 5040 3886 5107 ἐνταῦθα,

660 5141 735 5197 ita
767 5144 1008 5198 excitare
1032 5146 1305 5202 dzemones
1326 5146 1589 5201 adversus
1623 5141 1974 5210 monachum,
1998 5150 2058 5197 ut
2073 5156 2204 5198 men

2323 5141 2352 5192 ό
2375 5139 2640 5209 ἡμέτερος
2683 5135 3002 5208 ρεμὸασμος
3051 5134 3275 5204 γέγονεν
3328 5134 3501 5197 αἴτιος
3537 5131 3720 5202 αὐτῷ’
3754 5131 3884 5185 διότι

727 5237 780 5272 ⁸⁸
811 5237 951 5293 Psa‘.
978 5253 1139 5305 cxvu,
1187 5241 1270 5296 ll.

1933 5322 2198 5386 Joannis
2235 5323 2364 5384 Clei
2393 5327 2585 5384 notae.

741 5432 1074 5496 (28\Dehoc
1132 5433 1464 5488 monasterio
1521 5431 1749 5499 Agresta
1797 5426 2098 5499 ailrvitam
2158 5427 2218 5499 S.

665 5495 854 5560 Basilii
887 5517 988 5571 pag
1027 5501 1293 5571 351inter
1329 5495 1597 5571 cmnobia,
1637 5514 1759 5571 quae
1810 5498 1895 5553 vel
1960 5495 2217 5571 Bessani,

666 5575 752 5627 vel
789 5575 842 5628 in
868 5567 987 5638 ejus
1009 5570 1204 5625 vicinia
1245 5572 1348 5628 sita
1383 5568 1624 5632 fuerunt,
1656 5567 1877 5638 'relert,
1919 5567 2222 5638 monachos

670 5650 726 5698 et
783 5637 1046 5695 tnoniales
1074 5640 1283 5695 ordinis
1320 5640 1378 5694 S.
1415 5639 1600 5693 Basilii
1634 5638 1829 5704 ibidem
1869 5637 2145 5690 habitasse
2165 5637 2220 5688 in

676 5720 863 5770 monte
917 5726 1077 5776 quem
1112 5708 1168 5766 S.
1211 5708 1366 5776 Opoli
1413 5705 1705 5775 appellant,
1759 5706 1847 5761 ubi
1883 5705 2219 5762 celeberrimi

2331 5423 2647 5480 monasterii
2681 5421 2878 5476 rudera
2897 5422 3060 5476 etiam
3095 5433 3240 5475 nunc
3270 5425 3586 5486 supersunt.
3623 5404 3892 5467 DeTheo-

2330 5499 2457 5548 (lora
2506 5493 2638 5546 nihil
2692 5493 2832 5546 inter
2861 5501 3082 5544 sanctos
3117 5488 3329 5541 Siculos
3380 5485 3752 5551 Calabrosque
3799 5490 3892 5536 aut

2328 5564 2456 5618 alibi
2491 5565 2629 5627 lego.
2658 5562 2864 5615 Sensus
2895 5574 3057 5629 porro
3083 5557 3167 5614 hic
3218 5558 3355 5612 satis
3394 5555 3560 5611 libere
3601 5567 3788 5609 versus
3838 5559 3893 5608 et

2330 5633 2622 5689 intercisus
2659 5638 2760 5686 est.
