4132 6332
670 339 738 403 67
764 320 765 323 ‘
2119 321 2465 385 ANONYMI
3853 335 3920 400 se

667 450 854 506 cordia
891 458 1170 520 permotus
1195 455 1298 513 est,
1329 445 1599 518 rmpitque
1635 443 1933 515 obiurgare
1984 445 2046 497 Β.
2110 441 2235 498 Ste-

2360 439 2656 500 Ἐλθὼνοῦν
2678 447 2706 500 6
2730 446 2912 520 γέρων
2944 449 3082 526 προς
3113 449 3205 504 τὸν
3230 451 3377 506 ὅσιον
3421 452 3624 524 ἤρξατο
3651 447 3929 509 θλίϐεσθαι

667 544 931 612 pluuium,
964 554 1027 595 ac
1054 541 1237 593 dicere
1269 555 1282 591 :
1315 538 1482 592 Plane
1511 538 1758 592 insulsus
1791 546 1843 591 tu
1869 545 1920 592 et
1955 536 2240 606 insipiens.

2360 534 2591 608 περὶτοῦ
2628 537 2947 611 Ψαλτηρίου
2975 539 3162 595 αὐτοῦ.
3195 542 3267 612 ⁴,Ο
3315 542 3372 596 δὲ
3405 543 3590 616 Πατὴρ
3610 544 3742 599 ·ίδὼν
3774 546 3931 598 αὐτὴν

670 635 781 689 Cur
833 633 1160 688 Psalterium
1196 647 1304 686 non
1325 631 1605 700 requisisti
1643 632 1666 683 ’ί
1698 629 1779 684 Tu
1836 645 1895 683 es
1941 631 1994 683 in
2056 627 2242 697 culpa,

2360 630 2550 700 redapa
2604 630 2946 698 λυπούμενον
3005 634 3414 706 ἐσπλαγχνίσθη
3455 636 3540 689 ἐπ’
3607 639 3776 708 αὐτῷ,
3839 640 3930 691 καὶ

671 744 886 797 aequum
922 742 1051 797 ergo
1073 734 1180 789 est,
1219 733 1277 778 ut
1306 739 1476 779 senex
1507 733 1658 777 tuum
1685 724 1794 778 sibi
1830 724 1985 777 tollat
2037 722 2218 776 Psaltc

2360 721 2555 792 ίιρξατο
2586 723 2850 793 ἐπιτιμᾷν
2877 724 2954 795 τῷ
2988 725 3243 796 μακαρίῳ
3270 727 3555 800 Στεφάνῳ,
3578 729 3673 783 καλ⁸
3698 729 3882 799 λέγειν
3912 741 3928 759 ⁸

670 824 813 875 rium
862 838 875 874 :
907 822 1211 889 tollensque
1242 817 1371 872 illud
1407 818 1520 874 seni
1557 816 1730 881 dedit,
1757 824 1809 871 et
1842 816 1931 868 ille
1961 815 2244 869 exsultans

2360 814 2550 878 Ὀντως
2585 815 2652 869 σὺ
2712 817 3010 887 ἀναίσθητε
3047 819 3144 870 καὶ
3178 819 3371 892 ἀνόητε
3400 835 3414 851 ⁶
3440 821 3581 875 διατί
3609 822 3711 876 οὐκ
3739 822 3933 892 ἀνεζή-

671 915 819 966 ηιηίι⁶
2341 921 2514 975 τησας
2551 905 2612 959 τὺ
2659 905 2960 979 ψαλτήριον
2989 950 3004 973 ,
3041 909 3131 962 σὺν
3190 909 3251 962 τὸ
3276 913 3526 984 πταῖσμα
3548 915 3684 970 ἐστί.
3719 914 3934 969 Δίκαιον

670 1004 762 1070 οὖν
800 1011 965 1070 ἐστιν,
1021 1008 1109 1061 ἵνα
1134 1008 1163 1060 6
1201 1005 1379 1075 γέρων
1432 1005 1615 1077 ἐπάρῃ
1665 1003 1722 1057 τὺ
1768 1001 1858 1055 σὺν
1892 1001 2195 1072 ψαλτήριον
2223 1015 2236 1028 ·
2280 1001 2376 1053 καὶ
2438 1001 2652 1070 ὲπάρας
2690 1002 2923 1057 δέδωκεν
2951 1005 3028 1074 τῷ
3055 1005 3296 1075 γέροντι,
3330 1009 3425 1061 καὶ
3463 1010 3707 1081 ἀπῆλθεν
3768 1015 3935 1084 ἀγαλ-

672 1106 959 1174 λιώμενος.

2133 1220 2378 1283 CAPUT
2408 1221 2477 1282 V.

676 1341 957 1408 Georgium
990 1340 1160 1394 virum
1194 1342 1419 1395 nobilem
1441 1340 1827 1395 Rossnnensem
1847 1335 2157 1408 postvarias
2185 1333 2526 1408 probationes
2557 1332 2607 1385 in
2628 1331 2968 1398 disciplinam
2994 1335 3171 1401 recipit
3207 1334 3266 1392 S.
3295 1331 3450 1392 Nilus
3479 1335 3767 1400 ,‘miranda
3793 1337 3936 1395 .ll'us

818 1399 839 1410 ”
1344 1414 1618 1467 humilitas
1665 1399 1994 1480 propriaque
2036 1399 2326 1460 voluntatis
2365 1405 2652 1469 abdicatio,
2689 1416 2736 1456 et
2765 1421 2979 1458 raucas
2999 1399 3187 1461 obitus.

2424 1513 2756 1586 λβ’.Ἀλλοτε
2785 1519 2948 1573 πάλιν
2975 1520 3295 1576 ἀπέστειλεν
3328 1522 3490 1576 αὐτὸν
3519 1525 3750 1597 ὀΠατηρ
3773 1528 3852 1590 είς
3878 1522 3938 1580 τὸ

2363 1608 2646 1663 Ῥυσιάνον
2688 1611 2960 1681 ἀγοράσαι
2993 1613 3322 1685 μεμσράνας
3356 1632 3369 1646 ·
3425 1617 3520 1670 καὶ
3551 1616 3936 1689 δὴ-πορευθεὶς

2359 1701 2703 1774 ὑπέστρεψεν
2761 1707 2898 1775 μετὰ
2955 1707 3049 1759 καὶ
3102 1705 3262 1761 ἄλλου
3325 1712 3472 1773 τινος
3527 1712 3782 1783 γέροντος
3828 1712 3940 1768 τῶν

673 1807 850 1860 virum
896 1806 1132 1860 nobilem
1165 1803 1464 1874 Georgium
1498 1803 1608 1875 (29)
1639 1805 1880 1858 nomine.
1914 1801 2018 1868 Qui
2075 1801 2249 1854 inter-

2360 1797 2611 1865 μεγάλων
2641 1797 2733 1850 τοῦ
2765 1797 3005 1869 κάστρου
3032 1801 3126 1854 καὶ
3149 1801 3388 1870 εὐγενῶν
3408 1802 3506 1856 ἀνθ
3517 1802 3734 1876 ρώπων,
3757 1806 3943 1878 Pamp-

672 1905 899 1968 rogutus
928 1913 953 1949 a
977 1894 1159 1959 Patre,
1204 1893 1337 1965 quid
1374 1895 1452 1950 rei
1509 1894 1688 1957 vellet,
1723 1892 2008 1963 respondit
2046 1908 2061 1945 :
2099 1890 2250 1956 Qua-

2360 1889 2475 1958 γίου
2503 1891 2749 1960 ὀνόματι.
2784 1893 2881 1955 Ὃς
2899 1894 2919 1944 ἐ
2931 1892 3199 1962 ρῳτηθεὶς
3217 1895 3366 1965 παρά
3381 1894 3476 1949 τοῦ
3497 1895 3657 1965 ἁγίου
3696 1897 3940 1970 ΠειιτρὸςΙ

671 1989 798 2044 dam
831 1989 917 2042 die
945 2001 1065 2041 cum
1093 1989 1339 2043 sederem
1373 1987 1520 2042 domi
1569 2001 1722 2049 mere,
1768 1985 1944 2055 deque
2007 1984 2252 2039 vanitate

2360 1982 2416 2036 τὸ
2437 1983 2491 2035 τί
2528 1981 2594 2037 ἂν
2622 1981 2772 2055 θέλῃ,
2822 1985 3096 2056 ἀπεκρίθη
3124 2003 3136 2017 ·
3187 1988 3290 2053 ὅτι,
3322 1989 3478 2060 φησὶ,
3522 1988 3822 2062 καθημένῳ
3846 2003 3940 2060 μοι

676 2081 862 2137 mundi
901 2091 954 2135 et
1002 2084 1240 2149 peccatis
1286 2080 1419 2134 meis
1447 2078 1769 2147 cogitarem,
1809 2075 1980 2132 subiit
2034 2076 2167 2130 mihi
2195 2084 2250 2131 et

2360 2074 2458 2144 μιᾷ
2483 2073 2592 2126 τῶν
2617 2075 2840 2144 ἡμερῶν
2872 2077 2930 2130 ὲν
2953 2076 3030 2147 τῷ
3062 2079 3196 2151 οἴκῳ
3230 2095 3356 2150 μου,
3385 2080 3480 2136 καὶ
3513 2080 3940 2157 διαλογιζομένῳ

747 1528 837 1582 52.
874 1529 990 1580 Alio
1014 1533 1261 1595 tempore
1299 1527 1450 1581 misit
1492 1542 1615 1580 eum
1656 1525 1813 1578 Pater
1833 1521 2140 1577 Rossanum
2173 1520 2238 1574 ad

674 1621 936 1679 eniendas
958 1619 1323 1676 membranas.
1342 1619 1624 1674 Profectus
1643 1632 1772 1687 ergo
1792 1615 1971 1679 rediit,
1990 1614 2243 1668 comitem

674 1713 880 1768 habens
909 1708 1200 1780 quemdam
1231 1711 1397 1764 alium
1424 1725 1608 1765 senem
1644 1725 1708 1764 ex
1739 1707 2016 1778 primariis
2050 1704 2243 1770 castri,

666 2175 875 2230 (mortis
904 2175 1068 2228 timor
1098 2183 1152 2228 et
1178 2172 1371 2244 judicii
1398 2173 1652 2243 quazstio.
1713 2171 1839 2228 llzec
1885 2173 2050 2242 igitur
2099 2171 2249 2241 cogi-

680 2276 885 2322 tantem
938 2267 1121 2322 brevis
1177 2283 1345 2338 sopor
1375 2269 1658 2338 oppressit
1692 2275 1748 2322 et
1781 2267 1932 2322 visus
1963 2265 2094 2319 mihi
2130 2279 2248 2320 sum

678 2360 883 2412 intrare
921 2375 1013 2425 per
1047 2358 1305 2426 majorem
1331 2359 1484 2414 urbis
1525 2369 1758 2427 portam,
1791 2357 1857 2411 ad
1891 2371 2055 2426 quam
2084 2357 2249 2410 situm

677 2462 758 2504 est
795 2451 1054 2520 templum
1093 2458 1410 2505 sanctorum
1445 2449 1854 2520 Apostolorum.
1887 2449 1949 2504 Et
1981 2446 2253 2503 cuminde

680 2545 948 2612 perlatum
976 2544 1043 2597 ad
1097 2559 1182 2597 me
1234 2550 1381 2598 esset
1436 2541 1633 2596 divina:
1704 2542 1966 2608 melodite,
2035 2541 2249 2611 qualem

681 2637 866 2690 audivi
911 2651 1211 2706 nunquam,
1246 2647 1406 2691 tenue
1439 2637 1749 2706 vestigium,
1783 2636 1996 2691 accessi
2042 2637 2252 2701 statim,

681 2741 740 2783 ut
797 2731 1063 2794 viderem,
1097 2732 1316 2801 quidam
1349 2739 1563 2793 essent,
1613 2729 1706 2797 qui
1735 2737 2020 2784 canerent.
2081 2727 2252 2782 Video

681 2825 864 2894 itaque
897 2832 1069 2878 totum
1124 2825 1432 2878 sacrarium
1474 2823 1739 2878 formosis
1800 2822 2070 2878 eunuchis
2133 2822 2252 2892 ple-

681 2931 833 2980 num,
869 2929 931 2968 ac
966 2914 1127 2968 veluti
1164 2913 1367 2968 oblatis
1399 2914 1605 2984 angelis
1636 2924 1826 2969 etcum
1859 2913 1968 2968 illis
2004 2913 2250 2982 teipsum

681 3023 847 3073 quem
881 3022 1026 3060 nunc
1051 3005 1233 3069 video,
1269 3013 1503 3059 stantem
1534 3020 1548 3058 :
1582 3007 1634 3060 in
1664 3005 1790 3060 sede
1830 3016 2008 3059 autem
2035 3004 2254 3074 episco-

686 3100 792 3170 pali
859 3097 1115 3168 juvenem
1155 3100 1584 3169 pulclterrimum
1640 3107 1690 3153 el
1729 3098 2249 3165 splendidissimum,

683 3192 842 3261 cujus
868 3193 1122 3245 decorem
1163 3192 1471 3262 exprimere
1507 3206 1665 3245 nemo
1704 3197 1887 3260 queat.
1935 3189 2072 3242 Cum
2123 3204 2252 3257 ergo

2356 2164 2454 2236 τὴν
2503 2167 2597 2220 τοῦ
2651 2166 2767 2237 βίου
2829 2170 3189 2241 ματαιότητα,
3244 2173 3341 2227 καὶ
3366 2174 3463 2238 τὰς
3484 2174 3762 2245 ἁμαρτίας
3811 2193 3937 2248 μου,

2358 2257 2564 2328 ἐπῆλθέ
2598 2276 2689 2328 μοι
2723 2259 2818 2313 καὶ
2850 2261 2878 2314 6
2913 2262 3079 2331 φόϐος
3101 2263 3197 2317 τοῦ
3254 2263 3511 2331 Θανάτου,
3551 2267 3645 2320 καὶ
3686 2269 3720 2338 ή
3747 2268 3941 2323 ἀπολο-

2358 2351 2454 2421 γία
2487 2353 2584 2422 τῆς
2614 2353 2871 2423 κρίσεως.
2920 2355 3105 2409 Ταῦτα
3154 2357 3286 2425 γοῦν
3344 2357 3939 2432 διαλογιζόμενος,.μι-

2357 2444 2491 2518 κρὸν
2546 2445 2939 2515 ἀπενύσταεα·
2973 2448 3068 2502 καὶ
3120 2449 3232 2520 ὁρῶ
3283 2450 3520 2519 ἐμαυτὸν
3557 2453 3940 2524 εἰσερχόμενον

2359 2537 2446 2591 διά
2466 2538 2565 2609 τῆς
2602 2539 2852 2609 μεγάλης
2883 2539 3061 2611 πύλης
3089 2541 3187 2611 τῆς
3224 2543 3452 2608 πόλεως,
3483 2544 3542 2595 ἑν
3636 2546 3744 2599 τῶν
3765 2545 3939 2615 ἁγίων

2373 2631 2711 2686 Ἀποστόλων
2745 2633 3064 2703 καθίδρυται
3088 2635 3430 2707 οίκητήριον.
3460 2637 3630 2691 Ἔνθα
3652 2639 3744 2692 καὶ
3773 2639 3937 2694 ἀκούο

2361 2740 2458 2789 σας
2512 2725 2696 2780 ἐνθέου
2750 2727 2896 2790 τινος
2967 2727 3164 2797 μέλους
3209 2731 3501 2801 ἀπήχημα,
3530 2731 3646 2785 οἴου
3681 2731 3937 2788 οὐδέποτε

2359 2818 2591 2888 ηκουσα,
2641 2816 2881 2890 ὥρμησα
2907 2819 3026 2872 ἐκεῖ
3048 2819 3141 2873 τοῦ
3189 2820 3316 2873 ίδεϊν
3346 2823 3491 2886 τίνες
3528 2826 3576 2877 oi
3612 2825 3934 2894 ψάλλοντες.

2360 2909 2470 2962 Καὶ
2517 2908 2702 2963 λοιπὸν
2758 2911 2950 2980 θεωρῶ
2990 2912 3138 2965 ἅπαν
3165 2912 3226 2966 τὸ
3272 2913 3426 2986 βῆμα
3475 2917 3671 2986 μεστὸν
3717 2919 3938 2976 εὐειδῶν

2360 3001 2629 3071 εὐνούχων
2673 3004 2768 3057 καὶ
2822 3004 3191 3075 λευχειμόνων
3233 3002 3324 3060 οἷα
3376 3009 3649 3077 ἀγγέλων,
3694 3011 3787 3064 καὶ
3838 3011 3938 3066 σὺν

2359 3097 2546 3158 αὐτοῖς
2581 3095 2872 3164 ἱστάμενον
2898 3097 2958 3150 σὲ
2981 3097 3071 3151 τὸν
3104 3097 3197 3151 νῦν
3224 3114 3313 3167 μοι
3337 3101 3617 3172 ὁρώμενον
3649 3119 3663 3134 ο
3690 3103 3748 3156 ὲν
3770 3104 3826 3156 δὲ
3857 3103 3937 3174 τῷ

2360 3186 2452 3240 τοῦ
2523 3189 2828 3242 ἐπισκόπου
2885 3190 3059 3262 θρόνῳ
3120 3191 3434 3263 καθήμενον
3470 3195 3610 3249 πάνυ
3642 3193 3936 3268 εὔμορφον,

686 3286 968 3354 ingressus
1007 3298 1186 3338 essem
1229 3282 1281 3336 in
1317 3282 1577 3352 templum
1633 3291 1688 3336 et
1737 3281 2090 3335 admirandas
2131 3280 2252 3337 illas

2362 3278 2624 3350 νεώτερόν
2641 3298 2699 3333 τε
2733 3283 2827 3340 καὶ
2849 3283 3275 3354 ὑπέρλαμπρον,
3305 3279 3366 3338 οὗ
3388 3286 3447 3339 τὸ
3481 3287 3677 3353 κάλλος
3725 3290 3938 3361 ἀμήχα-

682 3376 895 3445 species
954 3373 1357 3443 contemplarer
1430 3380 1495 3427 et
1543 3371 1926 3427 suavissimam
2004 3371 2250 3424 audirem

687 3465 1139 3530 modulationem,
1171 3462 1328 3517 video
1357 3461 1494 3518 duos
1526 3463 1590 3515 ad
1640 3478 1724 3516 me
1754 3463 1944 3520 venire
1994 3478 2024 3517 e
2058 3460 2250 3517 candi-

682 3558 846 3622 datis,
883 3558 1147 3611 innuente
1177 3557 1292 3623 illo,
1327 3556 1417 3626 qui
1453 3556 1681 3611 sedebat
1719 3557 1772 3611 in
1807 3558 2028 3623 throno,
2061 3572 2125 3612 ac
2175 3556 2255 3610 di-

683 3663 846 3704 cere:
892 3647 1044 3714 \-'eni,
1076 3647 1340 3702 Dominus
1377 3656 1427 3702 te
1465 3656 1642 3702 vocat.
1688 3647 1800 3718 Ego
1836 3656 2016 3702 autem
2060 3664 2254 3719 magno

681 3756 806 3794 cum
846 3742 1042 3794 timore
1071 3741 1370 3812 profectus,
1411 3757 1595 3796 coram
1648 3742 1742 3797 illo
1770 3744 1895 3796 steti
1946 3752 2000 3797 et
2048 3742 2139 3797 tibi
2174 3743 2258 3797 di-

683 3839 896 3885 centem
937 3829 1121 3886 audivi
1167 3831 1360 3888 :Vade
1397 3841 1451 3886 ct
1481 3834 1708 3889 attonde
1772 3834 1941 3889 hunc.
1995 3833 2076 3888 Tu
2126 3849 2254 3890 vero

687 3925 952 3978 accedens
996 3925 1282 3980 totondisti
1307 3933 1360 3981 et
1390 3927 1726 3982 monachum
1777 3943 1864 3983 me
1886 3926 2086 3984 fecisti.
2133 3929 2257 3982 Sta-

686 4015 784 4070 tim
812 4016 977 4086 igitur
1027 4029 1382 4086 experrectus
1431 4019 1754 4074 addubitare
1784 4022 1926 4090 coepi
1953 4030 2009 4075 et
2039 4035 2255 4077 mecum

686 4110 977 4179 cogitando
1008 4110 1192 4164 dicere
1226 4109 1408 4165 :Sane
1443 4112 1621 4166 visum
1663 4111 1767 4167 hoc
1792 4112 1957 4167 inane
1993 4111 2118 4176 fuit,
2144 4129 2254 4169 non

689 4216 718 4255 a
754 4200 862 4257 Deo
894 4202 1146 4257 missum.
1184 4202 1311 4256 Mihi
1342 4203 1488 4257 enim
1520 4219 1803 4276 nunquam
1850 4206 2000 4261 venit
2034 4206 2086 4261 in
2108 4221 2259 4261 men-

684 4300 814 4360 tem,
851 4301 909 4348 ut
937 4295 1244 4351 mOnaehus
1277 4293 1488 4350 ﬁerem.

756 4557 844 4614 33,
874 4556 1147 4612 Constitui
1183 4566 1363 4613 tamen
1387 4557 1491 4612 hoc
1522 4557 1641 4628 ipse
1675 4573 1914 4622 mecum,
1950 4567 2012 4613 ut
2079 4561 2126 4617 si
2167 4561 2256 4616 die

686 4651 781 4706 illo
819 4650 988 4705 frater
1013 4651 1213 4720 aliquis
1237 4652 1446 4706 veniret
1487 4668 1517 4707 e
1557 4653 1909 4709 monasteriis
1940 4655 1994 4707 in
2034 4654 2252 4709 domum

2367 4664 2506 4718 κατά
2535 4665 2634 4736 τὴν
2686 4668 2901 4739 ἡμέραν
2951 4650 3170 4737 ἐκείνην
3193 4650 3337 4730 ἔλθοι
3367 4650 3596 4749 ἀδελφὸς
3627 4650 3697 4736 τῶ

689 4760 886 4811 meam,
922 4744 1004 4799 vel
1028 4759 1440 4815 cognoscerem,
1466 4745 1664 4800 divinae
1690 4748 1995 4804 voluntatis
2019 4764 2161 4814 esse,
2195 4758 2256 4805 ut

691 4837 995 4891 monachus
1057 4838 1179 4890 llam
1215 4854 1229 4891 :
1267 4837 1415 4906 quod
1450 4839 1494 4893 si
1529 4839 1628 4892 hoc
1666 4855 1774 4893 non
1807 4843 2051 4896 eveniret
2107 4858 2258 4898 som-

687 4934 860 4995 nium,
906 4939 961 4983 ut
993 4947 1101 4986 non
1127 4932 1392 4986 divinitus
1422 4933 1689 4999 oblatum,
1717 4935 1945 4989 missum
1991 4936 2255 4993 iacerem.

689 5025 770 5078 Ad
798 5023 1108 5077 uitandam
1141 5039 1272 5093 ergo
1297 5025 1656 5090 otiositatem,
1684 5042 1944 5096 egressus
1978 5028 2031 5080 in
2090 5030 2258 5086 vestio

688 5119 875 5172 bulum
937 5117 1045 5173 vidi
1088 5118 1312 5174 fratrem
1343 5119 1681 5190 Stephanum
1729 5131 1780 5175 et
1815 5137 1938 5176 cum
1990 5124 2255 5181 adventus

689 5213 772 5265 sui
807 5227 1026 5265 causam
1083 5212 1152 5265 ab
1217 5213 1336 5281 ipso
1391 5215 1725 5278 didicissem,
1795 5215 2119 5270 festinanter
2168 5233 2254 5271 res

690 5321 837 5360 nicas
887 5307 1193 5375 composui,
1225 5316 1386 5374 atque
1437 5306 1502 5360 ad
1534 5316 1683 5360 tuam
1717 5310 2066 5362 sanctitatem
2107 5312 2253 5364 veni.

688 5395 843 5450 Nunc
919 5399 1105 5468 igitur,
1179 5401 1322 5468 quod
1414 5399 1520 5453 lleo
1579 5401 1753 5468 placet
1809 5400 2015 5470 tibique
2064 5412 2255 5457 sancto

690 5489 855 5555 l’atri,
897 5492 948 5542 in
1003 5507 1085 5544 me
1113 5489 1297 5544 facito.
1332 5489 1425 5546 llis
1460 5489 1567 5545 Deo
1600 5495 1793 5562 plenus
1826 5492 1986 5549 Pater
2031 5496 2253 5563 auditis,

692 5583 971 5652 respondit
999 5599 1012 5640 :
1042 5580 1173 5646 Nos,
1201 5584 1493 5653 piurimum
1540 5585 1857 5641 honorande
1913 5587 2100 5654 frater,
2145 5603 2256 5643 non

2356 3385 2444 3420 vov
2493 3368 2885 3440 διηγήσασθαι.
2925 3373 3014 3425 Ἐν
3048 3373 3125 3442 τῷ
3164 3375 3297 3442 γοῦν
3360 3377 3630 3431 εἰσελθεῖν
3664 3395 3733 3449 με
3770 3388 3828 3434 ὲν
3858 3382 3937 3451 τῷ

2357 3461 2494 3531 ναῷ,
2551 3463 2646 3516 καὶ
2713 3462 2935 3536 θεωρεῖν
2966 3465 3034 3518 τὰ
3068 3467 3474 3537 πανθαύμαστα
3520 3470 3695 3542 κάλλη
3729 3474 3935 3537 ἐκεῖνα,

2357 3556 2449 3606 καὶ
2477 3555 2696 3609 ἀκούειν
2722 3558 2820 3628 τὴν
2872 3559 3067 3630 εὔηχον
3101 3561 3391 3632 μελῳδίαν,
3417 3562 3526 3630 ὁρῶ
3559 3565 3650 3618 δύο
3679 3565 3789 3619 τῶν
3813 3567 3937 3621 λευ-

2356 3646 2608 3718 κοφόρων
2674 3648 2929 3715 ἐλθόντας
2963 3654 3097 3723 πρός
3137 3671 3227 3722 με,
3261 3655 3552 3721 νεύσαντος
3584 3656 3674 3716 τοῦ
3699 3659 3793 3712 ἐπὶ
3814 3661 3936 3733 θρό-

2357 3760 2472 3802 νου,
2509 3742 2603 3794 καὶ
2619 3741 2879 3810 λέγοντάς
2913 3763 3006 3816 μοι
3033 3760 3046 3774 ’
3087 3747 3276 3818 Δεῦρο,
3315 3749 3472 3802 καλεῖ
3499 3766 3557 3804 σε
3589 3753 3616 3805 6
3637 3752 3933 3824 Δεσπότης.

2370 3833 2510 3908 Ἐγὼ
2537 3831 2591 3885 δὲ
2632 3837 2726 3886 σὺν
2777 3836 2927 3907 φόϐῳ
2988 3837 3168 3906 πολλῷ
3242 3841 3531 3910 πορευθεὶς
3580 3845 3672 3897 καὶ
3721 3845 3938 3913 σταθεὶς

2358 3927 2668 3999 ἔμπροσθεν
2733 3930 2943 3994 αὐτοῦ,
3004 3933 3212 4003 ἥκουσα
3297 3934 3462 3989 αὑτὸν
3519 3935 3755 4006 λέγοντά
3805 3956 3934 3996 σοι’

2371 4016 2650 4071 Ἀπελθὼν
2676 4019 2973 4091 κούρευσον
3005 4022 3188 4077 αὐτόν.
3233 4023 3302 4076 Σὺ
3337 4025 3393 4079 δὲ
3428 4011 3741 4097 προσελθὼν
3777 4032 3938 4086 ixmi-

2364 4127 2585 4181 ρευσας,
2647 4112 2745 4165 καὶ
2809 4113 3074 4180 ἐποίησάς
3113 4131 3181 4183 με
3245 4118 3501 4189 μοναχόν.
3567 4120 3789 4187 Εὐθέως
3840 4122 3935 4179 οὖν

2365 4204 2710 4270 ἐξυπνισθεὶς
2774 4207 3030 4279 ἠρξάμην
3078 4209 3350 4273 διστάζειν
3405 4212 3484 4283 τῷ
3536 4213 3786 4287 λογισμῷ
3841 4218 3936 4273 καὶ

2358 4296 2564 4366 λέγειν,
2596 4298 2679 4351 ὅτι
2714 4299 2922 4362 Ὄντως
2942 4301 3235 4372 φάντασμά
3267 4304 3386 4357 ἐστι
3413 4304 3475 4358 τὸ
3496 4308 3665 4375 φανέν
3702 4325 3812 4378 μοι,
3843 4312 3935 4365 καὶ

2357 4390 2417 4442 οὐ
2455 4389 2801 4460 θεόπεμπτον
2828 4408 2843 4423 ·
2875 4390 2986 4461 ἐγὼ
3009 4395 3118 4465 γὰρ
3146 4396 3401 4451 οὐδέποτε
3467 4400 3810 4473 ἐνεθυμήθην
3843 4402 3936 4457 τοῦ

2357 4480 2613 4549 γενέσθαι
2646 4483 2902 4554 μοναχός.
3394 4549 3396 4551 μ

2427 4573 2527 4642 λγ’.
2564 4574 2759 4645 Ὅμως
2809 4579 3102 4651 ὲστοίχησα
3144 4582 3201 4635 ὲν
3260 4583 3486 4656 ἐμαυτῷ
3533 4589 3710 4656 τοῦτο,
3763 4591 3848 4646 ἵνα
3879 4593 3929 4648 εί

2361 4760 2601 4849 στηρίων
2663 4763 2719 4815 ὲν
2754 4762 2833 4833 τῷ
2886 4765 3020 4835 οἴκῳ
3060 4784 3184 4837 μου,
3233 4770 3752 4849 ἀληθῶςὶβούλημα
3798 4780 3934 4836 Θεοῦ

2360 4846 2502 4904 εἶναι
2535 4854 2596 4906 τὸ
2627 4855 2860 4923 μονάσαι
2889 4873 2956 4926 με
2987 4875 2999 4887 ·
3032 4860 3080 4909 εί
3114 4858 3266 4931 δὲμὴ
3297 4846 3736 4937 τοῦτο-γένηται,
3768 4870 3842 4933 ὠς
3872 4873 3933 4926 οὐ

2360 4943 2528 5013 θεῖκῷ
2550 4944 2663 4998 ὄντι
2691 4945 2767 5016 τῷ
2785 4950 3004 5015 φανέντι
3038 4950 3230 5024 ὀνείρῳ
3285 4957 3660 5028 άπροσεξῆσαί
3715 4980 3805 5032 με.
3838 4964 3935 5018 Ἐκ

2360 5038 2561 5106 πολλῆς
2585 5035 2711 5092 κοῦν
2767 5041 3081 5113 ἀδολεσχίας
3149 5045 3380 5110 ἐξελθὼν
3433 5055 3512 5114 είς
3542 5053 3610 5106 τά
3641 5057 3934 5127 προαύλια,

2363 5130 2553 5201 θεωρῶ
2590 5133 2879 5203 ἱστάμενον
2910 5137 2999 5189 τὸν
3029 5138 3258 5208 ἀδελφὸν
3283 5142 3551 5212 Στέφανον
3571 5163 3585 5177 ·
3616 5149 3709 5200 καὶ
3744 5151 3935 5217 μαθὼν

2363 5227 2495 5295 παρ’
2562 5226 2727 5280 αὑτοῦ
2781 5228 2880 5299 τὴν
2935 5232 3116 5286 αἰτίαν
3162 5235 3259 5305 τῆς
3306 5235 3591 5304 ἐλεύσεως,
3633 5244 3936 5309 σπουδαίως

2364 5318 2542 5370 πάντα
2603 5319 2949 5390 omnem”,
3005 5325 3098 5378 καὶ
3160 5329 3298 5396 πρὸς
3342 5333 3442 5399 τὴν
3483 5334 3581 5401 σὴν
3625 5337 3934 5408 ἁγιωσύνην

2365 5409 2617 5480 ἐλήλυθα.
2671 5413 2788 5465 Νῦν
2835 5410 3053 5480 οὖν,ὼς
3079 5418 3226 5471 δοκεῖ
3259 5420 3334 5492 τῷ
3386 5422 3507 5494 Θεῷ
3561 5426 3657 5479 καὶ
3721 5429 3806 5482 σοὶ
3855 5430 3935 5502 τῷ

2365 5503 2506 5574 ἁγίῳ
2535 5504 2734 5574 Πατρὶ,
2785 5507 2872 5560 ἐπ’
2921 5509 3021 5578 ἐμὲ
3087 5512 3578 5585 ποίησονηΤούτων
3621 5520 3802 5575 τοίνυν
3825 5523 3935 5577 τῶν

2366 5593 2545 5663 λόγων
2573 5597 2813 5662 ἀκούσας
2845 5600 2873 5653 6
2907 5598 3164 5674 θεοφόρος
3192 5606 3380 5677 Πατὴρ
3407 5609 3551 5680 λέγει
3579 5613 3716 5685 πρὸς
3747 5615 3930 5669 αὐτόν’

1986 5707 2251 5770 Joannis
2277 5710 2405 5775 Clei
2435 5719 2602 5776 notua

761 5822 875 5891 (ευ)
919 5825 991 5881 De
1020 5824 1274 5896 Georgio,
1299 5829 1392 5898 qui
1418 5830 1961 5890 tantishiclaudibus
1991 5843 2243 5904 ornatur,
2287 5837 2424 5894 nihil
2453 5837 2594 5910 apud
2629 5837 2958 5910 Caietanum
2987 5844 3070 5901 vel
3098 5836 3232 5903 alios
3259 5846 3398 5916 lego.
