4132 6332
202 382 267 443 δῖ)
1348 377 1526 439 VITV
1590 380 1647 439 S.
1694 375 1859 441 NILI
1892 379 2275 441 JUNIORIS.
3352 383 3422 449 79

211 482 408 552 Ἡμεῖς,
437 474 481 535 ὦ
504 485 800 553 τιμιώτατε
836 482 1055 551 ἁδελφὲ,
1087 483 1146 537 οὐ
1176 483 1261 536 διὰ
1289 483 1381 536 τὸν
1413 484 1545 535 Θεὸν
1574 485 1606 555 ἢ
1636 485 1753 538 ἓνε-

1860 494 2079 555 propter
2118 487 2311 549 Deum,
2346 496 2438 542 aut
2474 488 2689 544 virtutis
2732 503 2860 560 ergo
2900 490 3151 545 sedemus
3222 492 3275 547 iu
3317 495 3419 549 liae

181 593 287 645 ,κεν
310 575 505 647 ἀρετῆς
534 576 825 646 καθήμεθα
854 578 910 630 ὲν
937 578 1003 647 τῇ
1031 576 1236 647 ἐρημίᾳ
1271 576 1468 647 ταύτῃ.
1501 576 1637 631 ἀλλὰ
1665 578 1753 630 διὰ

200 670 254 722 ἐδ
281 669 349 739 μὴ
377 667 639 721 δύνασθαι
675 668 1020 741 ὑπενεγκεῖν⁹
1051 667 1145 721 τοῦ
1191 668 1535 721 κοινοῦιακοῦ
1596 668 1755 720 κανό-

202 780 281 826 νος
308 763 364 815 τὸ
391 761 578 831 ἄχθος,
614 761 998 831 κεχωρίκαμεν
1028 761 1255 825 ἑαυτοὺς
1283 760 1390 813 ἀπὸ
1414 761 1522 813 τῶν
1546 759 1757 830 ἀνθρώ·-

201 872 327 919 πων,
356 854 544 921 ὥσπερ
572 854 717 914 τινὲς
745 854 935 922 λεπροὶ
972 854 1063 905 καὶ
1090 852 1415 922 ἀκάθαρτοι.
1437 853 1506 904 Σὺ
1534 850 1627 904 οῦν
1657 870 1756 905 κα-

199 947 294 1008 λῶς
323 946 492 1005 ποιεῖς
524 943 827 1012 φροντίζων
857 944 955 1014 τῆς
985 944 1261 1014 σωτηρίας
1299 943 1400 1013 τῆς
1429 943 1528 1013 σῆς
1554 943 1752 1013 ψυχῆς.

138 1068 141 1069 ν
198 1034 420 1106 Πορεύου
446 1034 625 1091 τοίνυν
645 1035 725 1096 είς
753 1034 822 1087 τὰ
848 1034 1113 1098 κοινόὸια,
1139 1035 1267 1087 ἔνθα
1287 1034 1580 1104 ἀναπαύσῃ
1605 1034 1754 1105 ψυχῇ

197 1145 250 1179 τε
300 1126 389 1178 καὶ
441 1127 672 1194 σώματι.
709 1126 768 1179 '0
798 1126 875 1191 δὲ,
932 1124 1123 1195 ὥσπερ
1161 1126 1377 1196 ἀδάμας
1426 1125 1757 1195 ἀπείραστος

199 1219 336 1286 μένει
367 1219 429 1286 τῇ
456 1215 551 1269 τοῦ
596 1216 815 1287 σιδήρου
844 1217 1144 1289 προσϐολῇ,
1169 1216 1312 1270 οὑτω
1354 1218 1590 1270 διέκειτο
1624 1219 1756 1285 πρὸς

197 1310 310 1368 τοὺς
338 1309 391 1358 ὲν
409 1308 670 1377 πειρασίᾳ
731 1307 927 1375 λόγους
947 1308 1042 1360 τοῦ
1072 1310 1305 1378 Πατρός.
1334 1308 1445 1378 Τῆς
1476 1307 1531 1360 δὲ
1564 1325 1756 1377 κυρια-

198 1402 288 1466 xii;
322 1398 531 1467 ἡμέρας
555 1397 996 1466 καταλαϐούσης,
1026 1401 1083 1451 ἐν
1168 1399 1238 1451 τὰ
1270 1400 1515 1453 κοινόϐια
1549 1401 1754 1470 μικρᾶς

195 1504 325 1549 τινος
376 1490 772 1559 παρακλήσεως
838 1492 1158 1561 σωματικῆς
1230 1492 1751 1561 μεταλαγχάνουσιν,

196 1576 445 1645 λαμῦάνει
504 1578 719 1631 αὐτὸ·ιό
787 1580 977 1650 Πατὴρ
1039 1582 1116 1642 είς
1147 1582 1204 1632 τὺ
1238 1579 1330 1633 τοῦ
1374 1581 1753 1634 Καστελλάνου

195 1666 469 1734 λεγόμενον
525 1670 914 1739 μοναστήριον,
949 1668 1079 1721 ἔνθα
1108 1687 1205 1739 τρο
1221 1671 1315 1740 ρῆς
1349 1670 1605 1739 δαψιλοῦς
1656 1675 1761 1742 ἐμέ

196 1758 531 1829 φορηθέντες,
552 1760 645 1811 καὶ
670 1762 1029 1831 μεταλήψεως
1044 1764 1187 1816 οἴνου
1214 1764 1455 1833 μετρίως
1476 1764 1754 1834 τυχόντες,

1859 579 2191 646 solitudine;
2231 582 2323 634 sed
2354 581 2477 651 quia
2502 580 2642 636 ferre
2672 596 2777 635 non
2808 596 3101 651 possumus
3160 584 3420 639 observa-

1857 672 2023 727 tionis
2060 673 2403 727 ccenobitiea:
2454 673 2690 743 pondus,
2739 677 3142 745 segregavitnus
3197 692 3297 732 nos
3354 677 3422 729 ab

1856 761 2195 824 hominibus,
2230 763 2386 831 quasi
2420 764 2616 831 leprosi
2647 764 2867 834 quidam
2901 774 2955 821 et
2986 766 3276 820 immundi.
3338 765 3419 822 Tu

1855 867 1983 907 vero
2019 853 2154 907 bene
2203 851 2363 916 facis,
2423 854 2614 907 anime
2673 860 2901 909 salutem
2965 870 3187 909 curans.
3255 855 3422 925 Perge

1856 944 2023 1012 igitur
2086 946 2151 998 ad
2208 944 2482 1008 coenobia,
2548 945 2751 1012 quibus
2813 946 3009 999 animae
3069 954 3123 999 et
3162 947 3421 1014 corporis

1855 1038 2037 1106 quiete
2072 1037 2294 1093 frueris.
2323 1035 2414 1090 Ille
2444 1036 2747 1090 adamantis
2787 1036 2977 1098 instar,
3000 1038 3093 1106 qui
3126 1037 3250 1091 ferri
3311 1038 3361 1091 ie
3390 1045 3443 1089 tu

1861 1145 1969 1183 non
2009 1129 2300 1199 frangitur,
2337 1131 2404 1185 ad
2435 1129 2611 1185 Patris
2654 1130 2817 1182 verba
2845 1128 3123 1198 probantis
3152 1144 3271 1182 eum
3320 1132 3394 1183 im

1858 1230 2041 1277 motus
2074 1223 2274 1277 stabat.
2305 1223 2399 1278 Die
2431 1238 2556 1277 vero
2604 1221 2909 1280 Dominico.
2956 1235 3065 1290 quo
3095 1221 3272 1275 solent
3313 1232 3398 1275 em

1856 1313 2019 1368 nobia
2059 1314 2268 1368 modica
2295 1315 2541 1383 corporis
2571 1314 2906 1367 rt-laxatimte
2959 1314 3057 1377 uti,
3097 1313 3253 1368 duxit
3298 1327 3420 1368 eum

1856 1403 2021 1459 Pater
2059 1419 2244 1459 secum
2290 1405 2342 1457 itt
2379 1406 2802 1469 monasterium,
2829 1405 2972 1473 quod
3009 1403 3423 1474 Castellani(5t))

1856 1504 2109 1558 vocatur,
2142 1494 2193 1548 in
2223 1511 2331 1565 quo
2366 1495 2587 1565 opipare
2646 1496 2855 1567 excepti
2925 1506 2979 1551 et
3034 1499 3160 1551 vino
3212 1497 3427 1550 modice

1859 1587 2113 1652 recreati,
2141 1597 2427 1657 postquam
2460 1589 2526 1640 de
2586 1603 2772 1642 mensa
2820 1590 3211 1652 surrexissent,
3269 1586 3429 1640 Pater

1857 1676 1930 1731 ita
1962 1693 2143 1732 senem
2181 1678 2376 1732 atratus
2400 1686 2483 1733 est
2514 1698 2529 1733 :
2569 1679 2791 1734 Domine
2858 1681 3077 1749 Georgi,
3114 1686 3428 1748 exspectato

1862 1768 2280 1838 lticparumper,
2315 1769 2489 1823 donec
2549 1770 2825 1839 profectus
2864 1772 2928 1824 ad
2986 1772 3243 1827 visendos
3292 1772 3427 1825 alios

197 1851 321 1919 μετά
358 1850 419 1902 τὸ
478 1852 779 1921 ἀναστῆναι
834 1854 935 1923 τῆς
994 1855 1272 1925 τραπέζης
1333 1855 1481 1923 λέγει
1513 1857 1539 1908 6
1571 1856 1757 1925 Πατὴρ

1874 1860 2070 1915 fratres
2100 1868 2362 1915 revertar.
2401 1860 2511 1915 lloe
2532 1877 2656 1915 vero
2679 1863 2814 1915 dixit
2846 1864 3029 1915 animo
3081 1861 3427 1932 relinquendi

196 1940 319 2011 πρὸς
365 1942 456 1995 τὸν
515 1943 747 2013 γέροντα
781 1961 794 1975 ·
864 1945 1038 2015 Κύριε
1090 1945 1355 2017 Γεώργιε,
1419 1949 1607 2015 μεῖνον
1650 1941 1755 2001 ὧδε

198 2032 397 2100 μικρὸν,
427 2032 534 2096 ἓως
562 2033 655 2085 τοῦ
678 2032 928 2087 ἀπελθὼν
952 2038 1029 2098 είς
1054 2037 1344 2107 ἐπίσκεψιν
1369 2039 1573 2107 ἑτέρων
1601 2038 1758 2091 ἀδελ-

195 2123 298 2189 φῶν
328 2124 676 2194 ὑποστρέφω.
738 2125 908 2178 Τοῦτο
940 2127 997 2179 δὲ
1028 2124 1151 2181 εἶπε
1222 2128 1395 2181 θέλων
1437 2130 1602 2181 αὑτὸν
1638 2130 1759 2181 ἐκεῖ

194 2214 275 2267 τοῦ
314 2216 501 2269 λοιποῦ
570 2217 918 2288 καταλεῖψαι.
971 2220 1153 2290 Ὅπερ
1219 2222 1420 2290 νοήσας
1474 2224 1502 2275 6
1550 2221 1752 2291 γέρων,

194 2308 380 2371 εὐθέως
408 2310 707 2381 ἀπεκρίθη·
731 2311 804 2364 06
832 2312 1040 2365 δίκαιόν
1065 2314 1204 2377 ἔστι,
1228 2314 1377 2383 τίμιε
1408 2314 1612 2382 Πάτερ,
1639 2313 1755 2367 ἀλλ’

196 2397 315 2448 ὅπου
349 2400 376 2451 6
404 2400 671 2469 δεσπότης
709 2401 941 2472 ἀπέλθῃ,
1000 2403 1118 2455 ἐκεῖ
1168 2404 1263 2456 καὶ
1298 2404 1326 2455 6
1355 2403 1502 2457 κύων
1549 2405 1752 2457 ἐπακο-

1858 1951 2012 2005 illum
2044 1951 2301 2018 deinceps
2331 1952 2385 2004 ln
2418 1956 2775 2007 monasterio.
2811 1950 2966 2019 Quod
3016 1966 3183 2007 senex
3230 1953 3432 2006 intelli-

1858 2058 2014 2111 gens,
2050 2044 2239 2098 statim
2272 2044 2556 2112 respondit
2589 2062 2602 2096 :
2658 2042 2777 2099 Non
2818 2054 3041 2113 'a-quum
3103 2052 3207 2108 est,
3270 2059 3430 2099 vene-

1862 2133 2032 2186 rande
2055 2134 2239 2196 Pater,
2289 2133 2383 2188 sed
2424 2149 2753 2203 quocunque
2798 2135 2957 2190 iverit
3013 2134 3289 2200 dominus,
3361 2149 3430 2189 eo

1866 2234 2128 2294 sequetur
2178 2232 2233 2280 et
2289 2225 2469 2280 canis.
2521 2225 2837 2281 Admiratus
2874 2228 3036 2280 Pater
3088 2226 3425 2296 allegoriam,

1864 2332 1989 2371 eum
2022 2317 2127 2373 sibi
2156 2318 2459 2389 assumpsit
2492 2318 2702 2374 socium
2735 2325 2789 2373 et
2847 2320 3178 2373 unanimiter
3230 2318 3429 2374 reversi

1861 2417 2008 2463 Sunt.

197 2489 450 2560 λουθήσει.
498 2492 787 2558 ’Δγασθεὶς
816 2490 967 2549 οῦνὸ
1008 2494 1189 2566 πατὴρ
1213 2494 1304 2549 ἐπὶ
1370 2496 1450 2564 τῷ
1511 2496 1919 2568 παραδείγματι
2006 2500 2194 2566 αὑτοῦ,
2252 2503 2563 2573 παρέλαϐεν
2649 2502 2811 2556 αὑτὸν
2881 2502 3000 2571 μεθ’
3060 2504 3275 2569 ἑαυτου,
3336 2502 3430 2557 καὶ

197 2582 536 2653 ὑπέστρεψαν
560 2584 924 2655 ὁμοθυμαδὸν.

259 2676 347 2732 λδ.
378 2680 545 2745 Λέγει
592 2676 686 2733 οὖν
723 2680 872 2750 αὑτῷ
906 2681 934 2733 6
958 2679 1228 2752 Γεὼργιος
1278 2683 1423 2736 κατὰ
1449 2682 1546 2753 τὴν
1570 2683 1688 2736 ὁδόν
1736 2699 1750 2714 ο

200 2770 305 2822 Οἴει
332 2786 419 2839 με,
447 2773 597 2840 τίμιε
622 2771 823 2842 Πάτερ,
845 2775 1069 2843 ἀπορεῖν
1094 2774 1153 2825 ὲν
1170 2772 1245 2843 τῷ
1269 2774 1401 2844 οίκῳ
1422 2791 1523 2844 μου
1549 2776 1756 2844 τρυφῆς

202 2862 283 2912 καὶ
312 2864 573 2925 παντοίας,
632 2862 839 2932 χλιδῆς,
898 2865 992 2915 καὶ
1024 2864 1379 2934 δελεασθῆναί
1408 2882 1475 2935 με
1507 2866 1758 2935 νομίζεις

200 2954 266 3015 ὡς
288 2952 481 3025 βρέφος
550 2955 654 3007 ὑπὸ
701 2954 983 3022 δαψιλείας
1032 2956 1131 3025 τῆς
1209 2957 1457 3027 τροφῆς;
1525 2958 1760 3010 ῐιέπεισο

200 3046 271 3097 ὅτι
288 3047 344 3099 o6
372 3046 550 3116 θροεῖς
570 3064 638 3115 με
659 3045 782 3099 οὕτε
802 3048 905 3101 ὑπὸ
920 3048 1268 3117 ἐγκρατείας,
1292 3048 1415 3102 οὕτε
1450 3048 1555 3102 61:6
1570 3049 1758 3121 ἄλλης,

210 3138 319 3200 οίας
348 3139 548 3207 δήποτε
585 3138 909 3209 κακουχίας.
960 3139 1103 3209 Ἐγὼ
1140 3141 1249 3212 γὰρ
1293 3137 1754 3208 πολλὰ,πλεύσας,

204 3226 290 3277 καὶ
353 3225 554 3289 πολλὰς
606 3227 790 3299 χώρας
846 3228 1145 3298 γυρεύσας,
1180 3230 1393 3283 πολλῶν
1450 3231 1631 3284 καλῶν
1665 3234 1759 3285 κοιλ⁵

204 3317 375 3371 κακῶν
405 3319 726 3389 ἐπειράθην.
755 3319 1103 3373 Καὶδύναται
1136 3324 1163 3374 6
1192 3322 1322 3385 Θεὸς
1343 3322 1431 3375 διὰ
1456 3324 1563 3375 τῶν
1588 3324 1758 3392 ἁγίων

1940 2686 2031 2741 54.
2084 2686 2222 2739 Dum
2247 2692 2393 2740 esset
2420 2685 2473 2739 in
2510 2686 2722 2745 itinere,
2759 2683 2833 2737 ait
2857 2699 3019 2738 senex
3051 2682 3117 2736 ad
3163 2681 3373 2737 Patrem
3409 2701 3425 2737 :

1863 2776 2050 2842 Putas,
2080 2776 2390 2831 venerande
2438 2774 2619 2838 Pater,
2656 2774 2800 2829 domi
2856 2788 2987 2827 mea:
3039 2774 3229 2827 deesse
3283 2774 3421 2827 mitti

1866 2868 2079 2937 capiant
2118 2867 2440 2921 deliciarum
2495 2874 2554 2920 et
2593 2867 2950 2935 voluptatum,
2979 2879 3041 2919 ac
3064 2865 3259 2919 veluti‘
3283 2881 3417 2935 pue-

1870 2976 2015 3027 rum,
2049 2959 2385 3015 abundantia
2441 2957 2690 3013 ciborum
2718 2973 2800 3011 me
2854 2965 3074 3025 captum
3109 2958 3430 3012 existimas?

1866 3049 2033 3104 Certo
2078 3048 2249 3111 scias,
2279 3062 2365 3101 me
2419 3062 2526 3101 non
2557 3045 2965 3109 abstinentiam,
3016 3062 3124 3101 non
3177 3049 3428 3116 quamvis

1861 3141 2021 3195 aliam
2051 3139 2427 3194 austeritatem
2456 3136 2901 3200 tormidaturum.
2943 3137 3051 3207 Ego
3086 3140 3229 3192 enim
3258 3141 3427 3193 multa

1863 3230 2214 3302 navigatione
2248 3244 2403 3290 usus,
2436 3228 2735 3295 multisque
2761 3227 3075 3295 regionibus
3104 3228 3423 3296 peragratis,

1863 3321 2028 3375 multa
2057 3320 2196 3372 bona
2255 3326 2309 3371 et
2342 3318 2483 3368 ntala
2521 3312 2781 3384 expertus
2806 3332 2949 3380 sum,
2981 3324 3033 3368 et
3061 3325 3237 3382 potest
3282 3314 3426 3369 Deus

206 3425 289 3460 σου
340 3409 513 3479 εὐχῶν
567 3411 945 3479 ἐνδυναμῶσαί
989 3429 1056 3480 με
1087 3411 1179 3465 τοῦ
1219 3413 1522 3484 ὑποστῆναι
1569 3413 1757 3484 ὥσπερ

1864 3427 1959 3481 per
1986 3417 2206 3465 sanctas
2258 3417 2380 3460 tuas
2438 3421 2629 3475 preces
2669 3406 2739 3459 ita
2801 3420 2887 3458 me
2933 3408 3312 3466 corroborare.
3368 3414 3428 3459 ut

202 3503 373 3554 ἐκεῖνα
431 3502 519 3553 διὰ
559 3503 657 3571 τὴν
707 3502 865 3569 δόξαν
898 3502 993 3555 τοῦ
1051 3503 1281 3573 κόσμου,
1309 3504 1432 3558 οὔτε
1466 3506 1759 3561 καὶταῦτα

202 3590 280 3643 διὰ
301 3592 395 3659 τὴν
429 3592 597 3645 αὑτοῦ
622 3592 862 3663 ἀγάπην,
903 3593 994 3663 Μὴ
1021 3594 1114 3648 οὖν
1142 3594 1271 3647 ἄλλο
1300 3613 1351 3647 τι
1381 3597 1511 3649 ποτὲ
1559 3598 1761 3651 ὑπολά-

205 3681 313 3748 6ῃς·
344 3683 370 3733 6
408 3682 514 3753 γὰρ
542 3681 677 3745 Θεὸς
736 3685 874 3753 πρὸς
904 3685 961 3737 σέ
1000 3701 1068 3754 με
1116 3687 1460 3753 ἀπέστειλεν,
1503 3689 1597 3740 καὶ
1630 3688 1759 3741 ἀδύ-

205 3770 350 3821 νατόν
383 3775 499 3824 ἐστι
530 3773 869 3844 χωρισθῆναι
903 3793 970 3844 με
1007 3776 1114 3829 ἀπὸ
1143 3776 1258 3830 σοῦ.
1301 3778 1488 3831 Ταῦτα
1518 3779 1760 3842 ἀκούσας

202 3860 227 3911 ὀ
248 3860 408 3929 μέγας
444 3861 723 3931 ἐκύρωσεν
755 3865 836 3926 είς
860 3864 1021 3917 αὑτὸν
1043 3865 1287 3933 ἀγάπην,
1326 3867 1421 3919 καὶ
1452 3866 1545 3919 τοῦ
1570 3866 1757 3918 λοιποῦ

204 3953 349 4023 ἔσχεν
396 3956 561 4011 αὑτὸν
615 3956 691 4019 ὡς
756 3958 995 4028 πατέρα’
1035 3957 1194 4021 αὐτὸς
1234 3960 1290 4011 δὲ
1329 3958 1489 4012 πάλιν
1521 3975 1756 4027 κατοχυ-

208 4045 370 4115 ρώσας
397 4046 592 4099 ἑαυτὸν
620 4048 686 4116 τῇ
742 4046 878 4118 πρὸς
906 4047 997 4099 τὸν
1050 4048 1199 4100 ὅσιον
1228 4046 1430 4112 πίστει,
1467 4045 1563 4098 καὶ
1590 4046 1748 4097 ὲλπί-

207 4152 295 4199 σας
322 4138 385 4191 δι’
410 4136 578 4190 αὑτοῦ
608 4141 792 4210 τυχεῖν
810 4140 907 4209 τῆς
937 4138 1185 4209 οὐρανῶν
1217 4138 1514 4209 βασιλείας,
1538 4138 1759 4208 ὴγάπη-

206 4246 287 4283 σεν
308 4230 463 4285 αὑτὸν
493 4233 573 4294 ὼς
602 4230 765 4285 αὑτὸν
794 4232 889 4286 τὸν
934 4231 1085 4286 Θεόν.
1153 4229 1293 4296 Τοὺς
1328 4231 1384 4284 δὲ
1421 4230 1633 4299 λόγους,
1660 4227 1756 4291 οὓς

205 4322 389 4391 ἧκουεν
435 4326 502 4376 ὲκ
550 4323 645 4378 τοῦ
701 4323 967 4394 στόματος
1016 4322 1182 4377 αὑτοῦ
1244 4322 1621 4384 νουθετοῦντος
1664 4316 1763 4389 ἀφ’

209 4412 478 4487 laetati)
536 4415 630 4467 καὶ
688 4413 1087 4485 ἑρμηνεύοντος
1134 4415 1237 4478 τὰς
1289 4412 1533 4486 Γραφὰς,
1585 4411 1761 4474 οὕτως

210 4505 504 4577 ὑπεδέχετο,
535 4507 630 4559 καὶ
662 4505 885 4577 ἠδύνετο
910 4505 996 4559 ιπ⁶
1067 4505 1274 4573 αὐτοῖς,
1305 4504 1381 4568 ὡς
1432 4506 1489 4558 εν
1521 4501 1758 4556 διαθέσει

206 4593 559 4663 γίνεσθαιτοῦ
583 4596 828 4659 είπδντος
852 4610 868 4628 ο
913 4596 1003 4659 Ὠς
1040 4596 1247 4665 γλυκέα
1284 4594 1363 4665 τῷ
1384 4593 1621 4667 λάρυγγί
1657 4608 1756 4663 μου

1863 3506 2008 3557 sicut
2039 3502 2128 3555 illa
2159 3502 2228 3554 ob
2254 3498 2440 3552 mundi
2484 3499 2731 3568 gloriam,
2774 3498 2848 3550 ita
2908 3498 3020 3551 bace
3060 3497 3323 3563 perferam
3358 3502 3428 3551 ob

1828 3594 1957 3651 rDei
2010 3608 2274 3648 amorem.
2334 3590 2475 3643 Nihil
2505 3605 2634 3657 ergo
2688 3591 2832 3643 aliud
2896 3591 3100 3660 cogita;
3146 3606 3230 3643 me
3280 3592 3423 3643 enim

1864 3687 2007 3740 Deus
2041 3684 2108 3738 ad
2137 3692 2188 3737 te
2219 3684 2390 3747 misit,
2436 3691 2489 3735 et
2520 3681 2633 3735 ﬁeri
2660 3697 2766 3736 non
2798 3690 2999 3751 potest,
3039 3691 3097 3733 ut
3135 3698 3163 3734 a
3190 3690 3241 3735 te
3270 3697 3426 3750 sepa-

1863 3794 1969 3833 rer.
2019 3776 2143 3831 Haec
2177 3789 2407 3845 magnus
2453 3773 2611 3827 Pater
2668 3788 2789 3826 cum
2838 3774 3097 3839 audisset,
3168 3789 3425 3843 germana

1863 3883 1985 3924 eum
2041 3866 2311 3921 charitate
2362 3863 2645 3933 amplexus
2694 3873 2776 3917 est
2828 3872 2881 3917 et
2917 3862 3174 3932 deinceps
3238 3865 3424 3917 habuit

1861 3958 1978 4013 loco
2005 3958 2175 4027 patris
2203 3971 2217 4008 :
2251 3964 2304 4009 et
2356 3956 2472 4024 ipse
2505 3953 2751 4007 vicissim
2794 3954 3171 4007 eommuniens
3204 3968 3260 4007 se
3290 3968 3422 4027 eon—

1862 4058 2018 4116 cepta
2052 4048 2107 4100 itt
2144 4044 2361 4098 Patrem
2394 4043 2614 4107 fiducia,
2654 4057 3013 4112 speransque,
3043 4059 3102 4097 se
3165 4059 3261 4114 per
3301 4060 3424 4099 eum

1861 4138 2101 4193 celestis
2144 4138 2295 4207 regni
2326 4143 2630 4206 compotem
2665 4133 2804 4198 fore,
2860 4135 3061 4205 amavit
3096 4150 3218 4188 eum
3266 4137 3425 4205 quasi

1861 4231 2041 4298 ipsum
2084 4224 2278 4281 Deum.
2327 4225 2497 4281 Verba
2536 4238 2725 4295 porro,
2760 4238 2881 4293 quas
2911 4224 3168 4278 audiebat
3214 4240 3282 4278 ex
3331 4240 3427 4279 ore

1862 4318 2002 4387 ejus,
2062 4316 2175 4371 sive
2231 4329 2362 4370 suas
2413 4315 2505 4369 ille
2560 4314 2939 4369 institutiones
2997 4314 3257 4379 traderet,
3309 4316 3425 4369 sive

1863 4407 2178 4476 Scripturas
2207 4406 2555 4475 explanaret,
2592 4405 2667 4458 ita
2695 4406 3030 4474 suscipiebat
3071 4414 3124 4458 et
3161 4405 3425 4473 jucunda-

1863 4500 2021 4555 batur
2042 4498 2098 4552 in
2123 4498 2255 4562 illis,
2285 4504 2344 4550 ut
2362 4498 2588 4552 sentiret
2612 4496 2862 4551 affectum
2890 4496 3123 4551 dicentis
3154 4514 3167 4549 :
3208 4515 3225 4547 ι
3250 4496 3421 4561 Quam

1863 4589 2043 4644 dulcia
2071 4587 2321 4643 faucibus
2347 4587 2483 4642 meis
2523 4587 2738 4656 eloquia
2798 4598 2909 4653 tua,
2978 4603 3141 4656 super
3184 4589 3291 4641 mel
3340 4588 3423 4641 ori

206 4685 269 4740 τὰ
293 4684 443 4753 λόγια
466 4702 563 4739 σου
597 4686 610 4739 l
649 4685 793 4757 ὑπδρ
838 4684 961 4756 μέλι
992 4684 1068 4757 τῷ
1119 4685 1347 4757 στόματί
1380 4700 1506 4755 μου.
1541 4682 1633 4736 Διὸ
1665 4681 1757 4736 καὶ

1867 4696 1986 4736 meo
2010 4680 2077 4732 ".
2111 4697 2131 4730 ι
2163 4678 2375 4733 Idcirco
2407 4693 2654 4748 asperam
2685 4678 2829 4733 illam
2860 4693 3025 4749 supra
3058 4676 3271 4733 modum
3303 4697 3425 4748 per.

209 4740 433 4847 ὑπίφίρε
480 4776 581 4847 τὴν
608 4740 815 4846 ἃφατδν
838 4740 1359 4849 ἡαςηιηιίινὲκείνην,
1380 4740 1756 4846 ’μεταϐληθεὶς

1864 4773 2072 4829 terebat
2104 4774 2227 4827 vita:
2260 4774 2549 4837 rationem,
2582 4780 2828 4826 ntutatus
2871 4780 3090 4840 repente
3138 4788 3201 4825 ex
3229 4788 3420 4828 assue-

209 4867 388 4939 ἁθρόον
435 4868 549 4924 ἀπὸ
581 4869 682 4939 τῆς
712 4868 816 4933 ἔξω
856 4869 1144 4940 συνηθείας
1190 4872 1270 4933 είς
1298 4868 1502 4936 ταύτην
1534 4884 1547 4898 ·
1580 4868 1660 4929 είς
1693 4868 1760 4937 ἠν

211 4959 385 5015 πολλοὶ
408 4961 812 5037 δοκιμάσαντες
838 4960 1102 5015 εἰσελθεῖν
1125 4963 1221 5014 καὶ
1261 4959 1623 5031 καρτερῆσαι,
1663 4974 1761 5010 τα-

211 5051 334 5121 χίως
358 5035 741 5128 agre-1111811019,
770 5054 867 5108 καὶ
899 5052 1235 5123 ἀπέδρασαν.

271 5143 356 5199 λε’.
388 5144 463 5198 Τδ
511 5144 573 5199 δι
603 5145 941 5215 θαυμαστὸν,
987 5146 1070 5199 ὅτι
1114 5147 1385 5216 μηδέποτε
1442 5146 1745 5215 γράμματα

214 5236 387 5307 μαθὼν
416 5237 615 5311 οὕτως
645 5235 844 5306 ἔψαλλε
884 5237 985 5311 τὴν
1019 5239 1294 5311 ὑμνῳδίαν
1318 5238 1378 5291 εν
1410 5256 1468 5325 τε
1518 5224 1769 5308 ψαλμοῖς

273 5396 319 5430 ⁸⁸
338 5394 477 5450 Psal.
493 5407 701 5457 carm,
726 5386 850 5446 105.

1860 4866 2049 4921 tudine
2077 4865 2454 4928 domesticain
2479 4869 2633 4925 hanc,
2664 4878 2829 4932 quam
2857 4863 3064 4931 experti
3112 4867 3415 4935 complures

1860 4974 1985 5013 cum
2021 4957 2203 5011 animo
2234 4957 2561 5027 persistendi
2596 4957 2650 5011 in
2692 4956 2995 5028 proposito,
3066 4958 3177 5010 cito
3207 4959 3417 5013 resilie-

1863 5060 1991 5104 runt
2016 5050 2444 5119 etaufugerunt.

1934 5143 2024 5197 55.
2042 5141 2108 5195 Et
2146 5130 2297 5213 quod
2326 5144 2520 5197 mirum
2547 5150 2686 5207 erat,
2728 5155 2849 5195 cum
2890 5154 3165 5211 nunquam
3194 5139 3417 5194 didicis-

1859 5244 1940 5290 set
1967 5233 2199 5301 litteras,
2251 5234 2324 5289 ita
2377 5232 2640 5303 psallebat
2689 5243 2743 5287 et
2788 5232 3045 5288 cantabat
3079 5232 3317 5300 psalmos
3371 5243 3418 5286 et

1490 5481 1749 5545 Joannis
1779 5481 1905 5545 Clei
1939 5486 2126 5545 notae.

274 5582 708 5657 (30)'Cast,ellum
763 5584 1027 5640 hactenus
1074 5598 1174 5653 pro
1208 5581 1430 5639 nomine
1476 5585 1753 5657 communi

212 5654 362 5711 habui
408 5667 464 5713 et
525 5657 931 5725 inobservatum
993 5663 1283 5725 prepterea
1319 5654 1751 5723 preteriviﬂtic

213 5728 475 5794 preprium
530 5736 638 5780 est.
715 5723 845 5781 Erat
897 5722 1040 5794 forte
1098 5722 1269 5794 situm
1322 5722 1478 5777 intra
1560 5739 1748 5779 muros

212 5792 432 5852 civitatis
510 5798 594 5852 vel
682 5794 851 5851 castri
932 5792 1241 5863 cujusdam,
1308 5794 1451 5851 unde
1546 5809 1746 5851 nomen

1859 5584 2163 5640 derivatum
2218 5590 2338 5645 est.
2399 5599 2521 5641 cum
2604 5584 2809 5653 reliqua
2874 5582 3199 5640 monasteria
3241 5580 3417 5653 sole-

1862 5666 1982 5726 rent
2031 5657 2099 5710 ab
2150 5655 2379 5726 urbibus
2449 5652 2912 5726 isejunictaijesse,
2978 5654 3080 5706 nisi
3146 5652 3321 5726 potius
3354 5654 3418 5704 de

1859 5723 2160 5781 Basilicam
2214 5725 2493 5782 ulterioris
2522 5722 2689 5778 'urbe
2734 5722 3185 5779 Castellauetensi
3240 5734 3418 5774 sermo

1854 5805 1958 5850 est.
