4132 6332
199 416 259 478 8|
396 525 402 526 γ
1369 431 1548 490 VITA
1586 432 1825 526 S.NlLI
1861 430 2249 492 JUNIORIS.
3329 441 3403 504 83.

199 525 533 595 ἁγιωσύνην,
555 528 688 583 ἀλλά
716 531 802 584 διὰ
817 532 876 585 τὸ
911 535 1266 605 μὴδύνασθαι
1295 542 1439 610 ἡμᾶς
1460 544 1589 597 ἀνευ
1607 545 1751 598 οίνου

1869 545 1961 598 hoc
1993 559 2201 598 sumus.
2236 541 2299 596 Et
2330 557 2553 613 magnus
2578 542 2735 598 Pater
2769 558 2782 596 :
2812 543 3022 608 Venite,
3086 547 3284 616 inquit,
3325 550 3402 602 fac

203 617 416 687 βιῶσαι,
487 619 870 692 ίλιγγιάσαμεν
915 625 1073 680 τοῦτο
1120 631 1531 699 πρᾶξαι.Λέγει
1559 634 1759 704 αὐτῷό

203 709 376 774 μέγας
407 725 421 739 ο
467 709 638 763 Δεῦτε
696 715 788 766 καὶ
844 718 1106 786 ποιήσατε
1157 721 1283 790 ὑμῖν
1320 725 1504 786 αὐτοῖς
1541 729 1758 787 καινοὺς

194 795 436 862 λάκκους
494 805 1042 874 συγκεκλεισμένους,
1073 813 1168 865 καὶ⁵
1201 813 1528 882 γεμίσαντες
1565 815 1760 876 αὐτοὺς

199 886 341 940 οἴνου
389 890 689 962 ἀντλήσατε
748 897 954 956 ἀενάως
1009 904 1105 952 καὶ
1167 902 1340 955 πίετε.
1389 904 1494 957 Τοῦ
1517 904 1573 958 δὲ
1600 906 1760 962 πάλιν

199 980 676 1050 προφασιζομένου
743 990 1050 1056 προφάσεις
1077 991 1136 1043 ἐν
1186 993 1509 1064 ἁμαρτίαις,
1541 996 1634 1050 καὶ
1661 998 1761 1067 τῆς

201 1071 576 1137 παραινέσεως
602 1075 676 1145 μὴ
699 1075 1057 1147 ἀνεχομένου,
1114 1082 1337 1153 ἔννυχον
1373 1085 1492 1138 λὶαν
1524 1088 1760 1150 ἀναστὰς

199 1163 226 1214 6
259 1161 433 1230 μέγας
461 1163 673 1232 ἐξῆλθε,
705 1170 796 1222 καλ¹
831 1172 1153 1244 ὑπεχώρησε
1182 1175 1291 1228 τῶν
1321 1180 1526 1238 ἐκεῖσε,
1590 1179 1761 1231 εἰπὼν

203 1253 338 1320 πρὸς
390 1253 483 1307 τὸν
526 1258 858 1326 φιλάργυρον
907 1265 1116 1319 ἐκεῖνον
1140 1267 1197 1319 ἓν
1229 1268 1398 1338 ῥῆμα.
1429 1269 1557 1321 Ὅτι
1589 1268 1758 1340 οἴμοι,

199 1342 508 1410 διδάσκαλε,
562 1349 682 1401 τότε
740 1356 1114 1425 μετανοήσεις,
1176 1359 1304 1410 ὅταν
1353 1359 1452 1412 οὐκ
1482 1359 1759 1432 ὠφελήσῃ.

213 1435 425 1503 Ὀλίγον
483 1441 660 1493 τοίνυν
723 1445 918 1516 καιροῦ
973 1447 1293 1514 διελθόντος,
1357 1453 1449 1504 καὶ
1479 1453 1569 1505 τοῦ
1609 1455 1758 1508 ὁσίου

205 1526 419 1595 lla-cpe;
470 1531 527 1581 ὲν
557 1531 633 1602 τῷ
667 1537 1012 1607 μοναστηρίῳ
1070 1540 1193 1600 τοὺς
1247 1540 1529 1611 όρθρινοὺς
1561 1542 1762 1612 ὕμνους

201 1618 600 1683 ἐπιτελοῦντος,
634 1623 794 1686 πόνος
821 1629 1086 1697 κατέσχεν
1115 1630 1280 1682 αὐτὸν
1312 1628 1573 1701 ἐξαίφνης
1624 1632 1763 1700 ἀφό-

203 1723 382 1774 ρητος.
420 1705 568 1762 ὥστε
606 1712 678 1779 μὴ
718 1713 1012 1784 δυνηθέντα
1078 1718 1240 1790 αὑτὸν
1283 1719 1380 1789 τὴν
1411 1720 1758 1790 λειτουργίαν

201 1794 546 1860 ἀποτελέσαι,
587 1799 840 1865 ἐξελθεῖν,
871 1804 966 1860 καὶ
999 1804 1150 1880 ῥίψαι
1180 1807 1373 1860 ἑαυτὸν
1404 1811 1459 1859 ὲν
1487 1807 1564 1877 τῷ
1597 1825 1760 1875 σκιμο

1860 637 1965 692 cite
1993 636 2144 690 vobis
2177 650 2341 690 novas
2372 634 2544 691 fossas
2568 636 2705 689 bene
2738 637 3070 697 obstructas,
3103 649 3151 692 et
3188 640 3407 708 implete

1859 743 1952 781 eas
1977 729 2123 789 vino,
2153 729 2364 782 haurite
2393 729 2595 796 iugiter
2629 738 2682 782 et
2706 727 2900 787 bibite.
2947 728 3160 783 Rursus
3194 731 3284 784 illo
3309 746 3402 784 ex-

1859 830 2083 873 cusante
2112 835 2169 873 se
2197 820 2636 876 excusationibns
2681 820 2732 872 in
2767 820 3004 889 peccatis
3062 827 3118 873 et
3148 821 3402 876 adhorta-

1861 912 1996 967 tioni
2043 927 2149 964 non
2205 913 2568 975 auscultante,
2630 928 2856 980 surgens
2903 912 3067 965 multa
3123 912 3192 966 de
3249 923 3408 976 nocte

1861 1001 2271 1070 magnusPater
2295 1018 2548 1070 egressus
2594 1012 2675 1058 est
2707 1012 2760 1057 et
2823 1007 3054 1058 recessit
3105 1005 3248 1067 inde,
3308 1009 3407 1061 hoc

1861 1101 2067 1147 tantum
2103 1107 2265 1147 avaro
2309 1092 2532 1146 dicens:
2563 1092 2652 1146 llei
2708 1093 2862 1159 mihi,
2925 1103 3245 1162 praeceptor,
3281 1103 3410 1148 tunc

1862 1184 2148 1252 paenitebit
2176 1192 2248 1246 te,
2285 1197 2410 1236 cum
2446 1184 2575 1235 nihil
2611 1183 2866 1251 proderit.
2915 1183 3030 1237 Non
3058 1185 3227 1237 multo
3290 1195 3410 1251 post

1858 1273 2159 1327 matutinos
2197 1274 2423 1342 hymnos
2455 1282 2734 1326 canentem
2797 1272 2848 1327 in
2895 1275 3226 1327 monasterio
3280 1290 3411 1327 san-

1861 1372 2006 1416 ctum
2036 1363 2247 1417 Patrem
2281 1362 2648 1416 intolerandus
2682 1371 2901 1428 repente
2929 1364 3150 1417 morbus
3187 1364 3405 1420 invasit.

1865 1468 1944 1520 ut,
1979 1470 2100 1507 eum
2136 1456 2411 1508 absolvere
2463 1454 2703 1507 divinum
2754 1454 2986 1508 alliciunt
3035 1470 3142 1506 non
3202 1463 3408 1522 posset,

1860 1561 2112 1612 egressus
2139 1545 2189 1596 in
2219 1555 2444 1597 stratum
2479 1554 2782 1608 corrueret,
2816 1560 2926 1613 quo
2994 1542 3134 1596 ferre
3194 1544 3408 1596 dolores

1862 1647 2062 1704 posset.
2100 1636 2318 1690 Interim
2371 1651 2505 1689 ecce
2550 1636 2734 1690 fratris
2791 1636 3052 1690 Caniscm
3083 1635 3224 1688 illius
3269 1633 3408 1686 filius

1860 1742 2088 1795 propere
2109 1728 2390 1794 ingressus
2418 1726 2701 1794 epistolam
2733 1725 2851 1792 eius
2887 1726 2950 1778 ad
2990 1724 3203 1777 Patrem
3231 1724 3411 1776 attulit

1860 1817 2171 1886 hujus-modi
2205 1815 2396 1883 :Veni,
2419 1815 2576 1870 Pater
2605 1828 2811 1882 sancte,
2861 1831 3012 1871 sume
3047 1817 3140 1869 tibi
3186 1815 3408 1868 multam

201 1883 392 1988 ποδίῳ,
425 1887 520 1938 καὶ
577 1889 751 1954 οὕτως
792 1870 1087 1964 ὑποφέρειν
1137 1898 1235 1959 τὰς
1277 1870 1593 1968 ἀλγηδόνας.
1635 1870 1757 1953 Ἐπὶ

1869 1910 2102 1976 pecunia;
2134 1908 2262 1972 vim,
2289 1923 2447 1975 quam
2474 1908 2652 1975 inepte
2680 1907 2869 1978 collegi
2899 1907 2954 1961 in
2975 1904 3268 1976 perniciem
3290 1904 3412 1958 ani-

201 1979 412 2065 τούτοις
445 1979 553 2032 ἰδοὺ
586 1982 613 2033 6
636 1982 851 2051 ἀνεψιδς
890 1985 1098 2039 ἐκείνου
1149 1989 1242 2040 τοῦ
1271 1989 1521 2042 Κανισκᾶ
1543 1990 1754 2059 εἰσῆλθε

1869 2011 1961 2050 me
1987 2011 2138 2058 meae.
2171 2012 2238 2051 ne
2272 1996 2406 2050 forte
2433 1998 2574 2050 illam
2604 1998 2851 2051 diabolus
2876 1997 3050 2065 rapiat
3107 2003 3161 2050 et
3196 1994 3407 2047 lucrum

203 2062 482 2155 δρομαῖος,
530 2068 717 2139 ,φέρων
759 2072 1042 2143 ἐπιστολὴν
1071 2075 1129 2140 ἐξ
1157 2077 1318 2130 αὐτοῦ
1353 2079 1486 2146 πρὸς
1521 2077 1619 2132 τὸν
1641 2081 1756 2131 Πα-

1869 2100 1926 2139 ει
1961 2100 2024 2139 ea
2051 2086 2181 2140 mihi
2218 2086 2430 2155 eripiat.
2474 2085 2610 2140 Ecce
2637 2088 2783 2141 enim
2814 2062 3163 2155 jam-morior
3184 2090 3238 2138 et
3255 2091 3413 2136 vocat

197 2154 332 2223 τέρα
367 2158 623 2228 τοιαύτην
655 2176 670 2192 ο
731 2162 922 2232 Δεῦρο,
958 2166 1134 2236 Πάτερ
1181 2166 1323 2234 ἅγιε,
1356 2167 1636 2239 παράλαϐε
1666 2169 1756 2222 τὸν

1869 2175 2184 2230 me'alterius
2205 2176 2326 2230 vita:
2346 2177 2605 2230 tribunal.

193 2249 369 2303 πολὺν
399 2251 650 2318 πλοῦτον,
697 2249 755 2308 δν
784 2258 1028 2325 ἀκαίρως
1078 2261 1278 2329 συνῆΞα
1315 2262 1447 2332 πρὸς
1477 2261 1753 2316 ἀπώλειαν
1789 2255 2089 2338 τῆςψυχῆς
2117 2245 2242 2337 μου,
2273 2269 2347 2337 μή
2389 2285 2506 2330 πως
2543 2270 2570 2320 6
2597 2267 2841 2330 διάϐολος
2905 2267 3066 2319 αὖτδν
3129 2265 3412 2334 καθαρπά-

197 2339 298 2402 ηξας
329 2339 557 2410 ἄμοιρόν
593 2361 659 2413 με
697 2347 898 2416 ποιήσῃ
932 2345 1150 2416 κέρδους
1179 2348 1272 2401 τοῦ
1296 2349 1352 2414 ἐξ
1391 2350 1576 2404 αὐτοῦ.
1617 2350 1748 2406 Ἰδοὺ
1789 2354 1899 2422 γάρ
1924 2354 2111 2410 λοιπὸν
2133 2358 2482 2427 ἀποθνήσκω,
2509 2357 2603 2410 καί
2673 2375 2739 2427 με
2791 2357 2850 2410 τὸ
2874 2357 3080 2410 ἐκεῖθεν
3115 2358 3410 2428 εἰσδέχεται

207 2431 582 2503 δικαστήριον.

277 2523 387 2592 μγ’.
446 2526 631 2579 Ταῦτα
662 2528 962 2596 ἀναγνοὺςό
992 2532 1483 2603 Πατὴρ,ἠσούλετο
1510 2535 1765 2589 ἀπελθεῖν

208 2614 342 2682 πρὸς
364 2615 552 2680 αὑτὸν,
575 2619 683 2679 τοῖς
707 2619 927 2681 οίκείοις
946 2621 1270 2691 σπλάγχνοις
1298 2625 1618 2694 νικώμενος,
1650 2630 1763 2690 τοῖς

209 2705 261 2756 δὲ
323 2706 507 2769 πόνοις
569 2707 756 2772 δεινῶς
833 2713 1193 2781 συνεχόμενος
1246 2713 1340 2767 τοῦ
1399 2715 1763 2787 βουλεύματος

205 2794 569 2849 ὑπεκόπτετο.
605 2797 767 2864 Λέγει
791 2799 846 2850 δὲ
875 2799 951 2868 τῷ
986 2801 1330 2872 ἀποκομιστῇ
1366 2804 1473 2856 τῶν
1506 2805 1765 2876 γραμμάς

211 2901 314 2934 των
341 2899 356 2914 ⁸
385 2886 446 2936 οὐ
502 2887 690 2955 χρείαν
723 2887 834 2956 ἔχει
866 2890 892 2940 ὀ
931 2892 1168 2958 Χριστὸς
1208 2892 1315 2946 τῶν
1344 2891 1437 2946 τοῦ
1489 2893 1580 2947 σοῦ
1608 2895 1759 2947 ¹θείου

204 2973 510 3042 χρημάτων
534 2989 550 3004 ⁹
580 2975 740 3039 αὗτδς
771 2978 876 3047 γὰρ
906 2979 1126 3049 εἴρηκεν
1153 2996 1166 3009 ·
1212 3000 1230 3033 ι
1264 2982 1511 3036 Ἀπόδοτε
1536 2983 1604 3036 τὰ
1627 2982 1768 3037 Καί-

215 3077 377 3131 σπρος
416 3065 674 3132 Καίσαρι,
701 3067 796 3117 καὶ
847 3067 914 3119 τὰ
942 3068 1032 3120 τοῦ
1071 3067 1204 3121 Θεοῦ
1249 3067 1326 3138 τῷ
1365 3069 1504 3138 Θεῷ.
1541 3088 1557 3120 ι
1601 3071 1674 3123 Σὺ
1711 3071 1768 3124 δὲ

208 3151 331 3218 ἄγε,
364 3153 622 3220 πορεύου,
659 3155 786 3217 ἴσως
815 3157 919 3226 γὰρ
943 3156 1120 3221 ζῶντα
1150 3158 1312 3212 αὐτὸν
1339 3160 1520 3214 οὐκέτι
1574 3161 1764 3234 θεάσῃ.

216 3244 282 3296 Ὃ
311 3244 365 3295 δὲ
389 3244 735 3314 ὑποστρέψας
769 3245 1026 3315 δρομαῖος
1064 3240 1223 3318 εὗρεν
1265 3248 1426 3303 αὐτὸν
1450 3249 1767 3321 τεθνηκότα,

1935 2535 2030 2594 45.
2056 2538 2190 2593 Cum
2231 2537 2345 2592 haec
2379 2537 2617 2606 legisset,
2643 2535 2855 2590 volebat
2883 2533 3098 2605 quidem
3136 2532 3297 2589 Pater
3344 2535 3412 2589 ad

1867 2642 1988 2681 eum
2021 2628 2123 2693 ire,
2157 2628 2403 2682 vincente
2422 2641 2642 2682 suorum
2671 2626 2940 2680 viscerum
2992 2624 3276 2690 charitate,
3320 2640 3415 2679 ve-

1867 2735 1987 2772 rum
2009 2709 2284 2789 doleribus
2301 2720 2530 2787 graviter
2561 2731 2872 2786 oppressus,
2887 2731 2914 2768 a
2948 2715 3223 2785 proposito
3243 2722 3415 2769 retra-

1870 2808 2114 2863 hebatur.
2138 2807 2227 2862 Ait
2272 2822 2402 2874 ergo
2440 2807 2596 2860 latori
2621 2805 2859 2875 epistolae
2883 2822 2896 2858 :
2923 2804 3037 2862 Non
3084 2821 3218 2873 opus
3256 2804 3416 2858 habet

1869 2896 2122 2953 Christus
2152 2898 2327 2966 patrui
2364 2897 2441 2950 tui
2467 2897 2854 2966 pecunia.lpse
2870 2898 3014 2952 enim
3042 2895 3200 2962 dixit,
3233 2914 3253 2946 ι
3275 2895 3418 2950 Red-

1870 2988 1979 3044 dite
2032 3003 2154 3057 quaa
2177 2997 2305 3043 sunt
2343 2986 2589 3051 Cmsaris,
2613 2986 2832 3051 Caesari,
2863 2994 2918 3041 et
2979 3001 3098 3056 qua:
3143 2995 3269 3042 sunt
3302 2984 3414 3048 Dei,

1874 3078 1981 3134 Deo
2012 3079 2078 3132 “.
2117 3096 2137 3131 ι
2185 3079 2263 3132 Tu
2311 3092 2443 3132 vero
2495 3076 2604 3141 abi,
2671 3091 2924 3145 propera,
2992 3075 3162 3130 vivum
3219 3076 3418 3144 quippe

1874 3169 2051 3239 ipsum
2089 3182 2220 3234 vero
2247 3167 2478 3235 amplius
2510 3183 2615 3222 non
2639 3165 2862 3220 videbis.
2883 3165 2972 3219 Ille
3012 3168 3210 3219 cursim
3236 3180 3416 3218 rever-

1875 3274 1992 3338 sus,
2026 3267 2294 3313 mortuum
2322 3259 2521 3327 reperit
2553 3264 2605 3310 et
2637 3256 2921 3310 facultates
2939 3254 3058 3323 ejus
3086 3269 3114 3306 a
3150 3253 3277 3309 ﬁsco
3329 3270 3414 3315 ra-

216 3335 306 3388 καὶ
337 3337 513 3390 πάντα
576 3337 739 3390 αὑτοῦ
792 3338 894 3390 ὑπὸ
924 3337 1017 3391 τοῦ
1076 3339 1340 3409 δημοσίου
1373 3338 1766 3410 διαρπαγέντα.

1876 3335 2015 3418 ptas.
2043 3347 2111 3399 At
2139 3361 2268 3400 vero
2305 3346 2491 3399 beatus
2521 3342 2713 3410 Pater,
2741 3344 2833 3398 ubi
2868 3341 3188 3397 tabellarius
3206 3339 3417 3396 disces-

226 3425 284 3479 Ὃ
306 3426 362 3478 δὲ
394 3427 540 3487 ὅσιος
575 3421 780 3490 εὐθέως
809 3423 874 3499 τῇ
909 3427 1004 3482 τοῦ
1051 3431 1447 3502 ἀποκρισαρίου
1486 3434 1768 3505 ἀναχωρή-

209 3531 318 3577 σει,
338 3516 801 3587 ὑποχωρήσαντος
857 3519 950 3572 καὶ
1001 3518 1102 3573 τοῦ
1127 3520 1468 3590 ’κατέχοντος
1490 3523 1674 3587 πόνου,
1709 3525 1767 3574 ὲν

211 3603 477 3672 ἐκπλήξει
522 3606 616 3658 καὶ
648 3605 886 3675 θαύματι
924 3609 1184 3678 κατέστη,
1207 3610 1555 3680 ἐξιστάμενος
1579 3613 1670 3664 ἐπὶ
1696 3614 1763 3680 τῇ

210 3695 305 3746 τοῦ
349 3694 486 3747 Θεοῦ
541 3696 734 3766 ἀφάτῳ
764 3699 996 3768 προνοίᾳ
1024 3739 1038 3761 ,
1094 3700 1177 3752 ὄτι
1229 3700 1558 3771 βουληθέντα
1607 3703 1767 3756 αὐτὸν

211 3785 418 3852 πρᾶξαί
448 3804 502 3838 τι
532 3787 683 3857 παρά
717 3788 777 3840 τὸ
815 3787 981 3842 αὐτοῦ
1009 3788 1220 3859 θέλημα
1243 3829 1257 3853 ,
1289 3792 1383 3844 καὶ
1433 3792 1637 3845 ἄκοντα
1690 3792 1767 3845 δι-

208 3876 483 3930 εκώλυσε.
512 3875 631 3928 Τῶν
651 3877 709 3930 δὲ
744 3877 984 3944 ἀδελφῶν
1020 3877 1078 3930 ὲν
1107 3878 1184 3948 τῷ
1223 3879 1336 3949 ὄρει
1373 3879 1769 3950 ἐργαζομένων,

213 3971 310 4023 καὶ
335 3970 628 4022 κυλιόντων
663 3971 726 4023 τὰ
757 3972 1072 4041 κεκαυμένα
1105 3972 1297 4042 δένδρα
1322 3973 1457 4043 πρὸς
1473 3973 1534 4026 τὸ
1559 3973 1772 4037 ’ἀνοῖξαι

207 4058 306 4111 καὶ
339 4057 566 4117 ποιῆσαι
597 4058 776 4129 χώραν
808 4059 1093 4132 σιτοφόρον
1138 4061 1261 4115 ἀντὶ
1298 4059 1611 4131 ξυλοφόρου.
1651 4058 1771 4115 εἶπε

215 4150 277 4203 τὸ
309 4150 535 4220 Πνεῦμα
563 4149 622 4203 τὸ
685 4151 838 4220 ἀγιον
861 4153 939 4222 τῷ
963 4153 1147 4223 οἰκείῳ
1174 4153 1466 4222 θεράποντι
1491 4169 1507 4186 ο
1543 4155 1768 4219 Ἔξελθε

209 4233 278 4296 lv'
300 4242 380 4312 τῷ
427 4242 544 4311 δρει
569 4243 706 4314 πρὸς
729 4245 854 4306 τοὺς
887 4245 1217 4309 κοπιῶντας,
1258 4245 1447 4316 ἐπειδὴ
1483 4267 1498 4296 ι
1525 4246 1552 4298 6
1579 4246 1772 4320 ’ἐχθρὸς

213 4334 372 4401 ὑμῶν
403 4332 650 4395 διάϐολος
681 4335 1033 4405 περιέρχεται
1063 4333 1261 4404 ζητῶν,
1300 4336 1421 4390 τίνα
1444 4337 1704 4410 καταπίῃ.
1744 4355 1764 4389 ι

212 4424 571 4495 Παραχρῆμα
623 4424 678 4477 δὶ
717 4426 956 4488 ἀναστὰς
1015 4426 1309 4497 ιπορεύθη,
1340 4428 1432 4485 καὶ
1465 4429 1645 4482 πᾶσαν
1673 4429 1773 4497 τὴν

217 4520 437 4588 ἡμέραν
473 4517 691 4589 ἐκείνην
726 4518 825 4571 οὐκ
869 4517 1146 4573 ὶπαύσατο
1177 4520 1597 4591 περιερχόμενος
1650 4519 1775 4582 τοὺς

216 4610 480 4678 ἀδελφοὺς
508 4610 737 4674 πάντας,
765 4606 1203 4681 ἐπιφωνούμενός
1229 4627 1288 4674 τε
1320 4611 1411 4664 καὶ
1450 4607 1536 4664 ἀεὶ
1570 4625 1778 4681 παραγι

1873 3441 1946 3494 sit
1977 3447 2029 3493 et
2047 3437 2265 3492 dolores
2299 3437 2504 3500 abiere,
2533 3422 2891 3487 admiratione
2911 3443 2963 3486 et
2989 3443 3208 3500 stupore
3235 3447 3419 3490 corre-

1872 3536 1996 3598 ptus
2031 3536 2137 3590 est,
2192 3524 2512 3580 ineffabilem
2560 3523 2652 3576 Dei
2713 3520 3105 3590 providentiam
3167 3522 3419 3589 obsmpe-

1868 3634 2047 3682 scens,
2063 3618 2204 3686 quod
2231 3617 2495 3671 volentem
2521 3630 2578 3668 se
2596 3629 2754 3684 agere
2776 3613 3048 3682 quidpiam
3086 3619 3279 3680 przeter
3301 3612 3417 3679 ejus

1868 3712 2199 3764 voluntatem
2235 3717 2288 3762 et
2320 3707 2590 3760 nolentem
2625 3704 2919 3770 prohibuit.
2951 3701 3234 3755 Fratribus
3254 3717 3416 3769 porro

1869 3797 2108 3851 laborem
2156 3795 2210 3848 in
2265 3801 2447 3846 monte
2503 3791 2898 3845 sustinentibus
2955 3789 3008 3841 in
3069 3787 3418 3843 develvendis

1872 3887 2138 3941 ambustis
2162 3883 2473 3945 arboribus,
2515 3889 2570 3934 ut
2600 3896 2787 3950 agrum
2845 3887 3094 3949 apertum
3128 3877 3421 3932 redderent

1872 3986 1924 4033 et
1948 3976 2115 4031 cultui
2149 3985 2354 4045 aptum,
2397 3974 2483 4027 ubi
2522 3973 2705 4026 cmdua
2731 3973 2865 4026 silva
2908 3980 3050 4034 erat,
3084 3969 3218 4025 dixit
3251 3969 3422 4038 Spiri-

1870 4078 1957 4123 tus
1990 4065 2441 4120 sanctnsfamulo
2475 4079 2573 4118 suo
2624 4081 2638 4114 :
2693 4057 2958 4131 Egredere
3017 4059 3082 4112 ad
3135 4064 3422 4128 operantcs

1870 4158 1924 4212 in
1956 4165 2139 4212 monte
2177 4172 2188 4206 :
2233 4172 2354 4209 nam
2393 4173 2410 4205 ι
2448 4153 2793 4208 adversarius
2828 4159 3005 4206 vester
3027 4149 3278 4205 diabolus
3313 4149 3419 4203 cir-

1873 4250 2008 4314 cuit,
2042 4263 2290 4316 quaerens
2340 4259 2498 4312 quem
2555 4243 2777 4296 devoret
2811 4243 2881 4295 '°.
2919 4259 2935 4290 ι
2995 4239 3089 4294 Ille
3135 4239 3420 4294 confestim

1870 4355 2101 4408 surgens
2131 4334 2263 4390 abiit
2306 4343 2359 4388 ct
2379 4351 2471 4404 per
2503 4333 2843 4387 totumillnm
2887 4333 3027 4386 diem
3079 4330 3412 4385 circumiens

1873 4445 1979 4484 non
2008 4429 2215 4482 destitit
2238 4442 2273 4480 α
2301 4422 2710 4479 ςοηιηιοηριιόὶε
2739 4431 2788 4475 et
2807 4421 3108 4476 excitandis
3145 4421 3423 4487 fratribus,

1874 4529 1931 4573 ut
1961 4518 2166 4589 iugiter
2210 4525 2432 4572 orarent
2466 4525 2518 4567 et
2555 4513 2680 4568 Iesu
2712 4513 2910 4567 Christi
2940 4512 3161 4567 nomine
3184 4510 3424 4579 depelle-

1877 4621 2000 4666 rent
2026 4609 2419 4665 adversarium.
2445 4606 2648 4660 Videas
2679 4606 2840 4677 igitur
2889 4605 3135 4659 diabolus
3178 4605 3425 4672 pratsuliu

215 4700 388 4766 γέλων
418 4700 841 4769 προσεύχεσθαι,
873 4701 968 4752 καὶ
997 4678 1074 4770 τῷ
1097 4701 1507 4770 δνόματιἸησοῦ
1535 4678 1766 4769 Χριστοῦ

1879 4701 2207 4772 vigilantiam
2231 4708 2282 4755 et
2302 4700 2547 4754 subditos
2569 4698 2704 4752 bene
2734 4697 2977 4759 vallatus,
3001 4695 3216 4750 circiter
3233 4694 3420 4747 horam

217 4788 542 4842 ἀποδιώκειν
597 4787 687 4839 τὸν
737 4786 1132 4857 ἀντικείμενον.
1169 4787 1313 4841 Ἰδὼν
1339 4787 1430 4840 οὖν
1462 4791 1490 4842 6
1529 4787 1773 4851 διάϐολος

219 4881 324 4950 τὴν,
365 4878 460 4930 τοῦ
495 4879 738 4948 ἀρχηγοῦ
766 4877 1084 4945 ἀσφάλειαν,
1116 4881 1211 4932 καὶ
1259 4879 1358 4949 τὴν
1381 4877 1486 4930 τῶν
1519 4879 1774 4946 ὑπηκόων

222 4970 572 5043 περίφραξιν,
599 4969 728 5037 περὶ
751 4969 901 5038 ῶραν
933 4971 1164 5040 δεκάτην
1196 4969 1359 5039 ῥίψας
1382 4969 1633 5038 μέγιστον
1661 4970 1777 5021 δέν-

220 5064 366 5131 δρον,
400 5064 492 5114 καὶ
517 5062 610 5124 ἕνα
632 5061 769 5113 κύνα
808 5059 1074 5128 φονεύσας
1107 5060 1314 5128 ἀπῆλθε
1345 5060 1774 5130 κατησχυμένος.

224 5154 398 5205 Τινῶν
430 5152 498 5216 δὲ,
521 5150 764 5219 ἀδελφῶν
820 5149 1066 5220 περὶτοῦ
1101 5152 1261 5211 κυνὸς
1289 5150 1642 5218 θλιϐομένων.
1672 5150 1774 5220 ἔφη

214 5250 250 5299 6
273 5246 468 5314 μέγας,
484 5243 700 5306 Καλῶς,
777 5243 1016 5311 ἀδελφοὶ,
1034 5244 1405 5314 προσέταξενὴ
1426 5244 1540 5296 θεία
1565 5244 1774 5313 Γραφὴ,

225 5338 310 5390 ἀεὶ
351 5335 753 5405 προσεύχεσθαι
813 5335 980 5403 ἡμᾶς,
1026 5336 1099 5404 μὴ
1146 5335 1405 5386 εἰσελθεῖν
1454 5335 1533 5397 εἱς
1585 5351 1778 5403 πειρασ-

1879 4794 2147 4847 decimam
2204 4789 2496 4859 prostravh
2538 4789 2783 4841 arborem
2815 4787 3100 4839 maximam
3124 4795 3201 4838 ‘et
3229 4798 3424 4838 canent

1876 4901 2043 4938 unum
2078 4882 2296 4943 occidit,
2337 4890 2499 4949 atque
2534 4879 2605 4932 ita
2635 4877 2894 4932 confusus
2913 4878 3060 4933 abiit.
3090 4875 3424 4946 Quibusdam

1878 4990 2008 5030 vero
2057 4973 2319 5029 fratribus
2374 4980 2605 5027 mortem
2661 4964 2814 5024 canis
2879 4966 3256 5028 mcerentibus,
3294 4966 3428 5017 dixit

1881 5081 2109 5136 magnus
2151 5065 2353 5119 Pater:
2383 5062 2533 5126 Jure,
2565 5077 2598 5115 ο
2650 5060 2865 5123 fratres,
2913 5057 3098 5114 divina
3143 5056 3423 5124 Scriptura

1880 5157 2136 5226 praecepit
2166 5156 2234 5221 ⁸ο,
2259 5163 2319 5208 ut
2351 5165 2562 5220 semper
2597 5159 2803 5210 oretur.
2837 5148 3182 5201 neintremus
3207 5144 3263 5197 in
3303 5153 3428 5196 teu-

1880 5248 2158 5302 tationem.
2196 5246 2571 5302 Volebatsane
2594 5242 2840 5296 diabolus
2882 5241 2933 5294 in
2963 5238 3182 5298 fratrem
3207 5234 3426 5290 vibrare

1883 5355 2034 5390 suam
2065 5339 2222 5396 iram,
2248 5351 2410 5404 quam
2443 5332 2744 5389 ostenditin
2776 5345 2989 5389 canem.
3021 5325 3115 5382 sed
3142 5325 3211 5380 ab
3234 5325 3424 5393 angelo

226 5427 418 5505 σειούς.
449 5424 879 5492 Βουληθεὶςγὰρ
909 5426 935 5476 6
973 5416 1214 5486 διάϐολος
1248 5424 1458 5492 ἀδελφῷ
1483 5427 1766 5492 ἐπαγαγεῖη

1889 5425 1976 5477 Dei
2000 5424 2250 5479 detentus
2279 5432 2381 5488 est,
2418 5422 2560 5475 sicut
2607 5420 2657 5470 in
2689 5417 2904 5470 Psalmo
2938 5414 3164 5469 habetur
3194 5428 3208 5464 :
3242 5427 3260 5460 ι
3319 5411 3425 5460 lm-

224 5503 323 5574 τὶν
340 5518 511 5586 θυμὸν
537 5514 723 5578 αὐτοῦ,
751 5515 809 5566 ὃν
829 5516 906 5575 είς
929 5514 1020 5567 τὸν
1046 5514 1180 5567 κύνα
1208 5513 1508 5579 ἀπέδειξεν,
1538 5514 1766 5567 ὲκωλύθτ

1889 5519 2060 5568 mittet
2082 5514 2306 5583 angelus
2339 5511 2543 5567 Domini
2581 5509 2633 5564 in
2663 5506 2897 5562 circuitu
2948 5503 3250 5559 timentium
3297 5515 3422 5554 eum

228 5610 330 5663 ὑπὸ
361 5609 498 5662 Θεοῦ
523 5606 777 5675 ἀγγέλου,
802 5605 1147 5673 καθὼς-λέγει
1166 5609 1193 5659 ό
1211 5605 1425 5674 ψαλμός
1449 5620 1463 5634 ·
1503 5624 1520 5656 ι
1553 5605 1768 5674 Παρεμ-

1877 5615 1926 5657 et
1956 5603 2148 5672 eripiet
2169 5616 2262 5656 eos
2289 5601 2355 5655 ".
2394 5619 2412 5652 ι

228 5691 375 5756 ϐαλεῖ
393 5701 627 5770 ἄγγελος
695 5697 899 5767 Κυρίου
946 5700 1128 5769 κύκλῳ
1157 5698 1264 5752 τῶν
1291 5697 1637 5766 φοϐουμένων
1671 5697 1852 5757 αὺτδν,
1881 5698 1976 5769 καὶ
2009 5695 2231 5767 ῥύσεται
2289 5690 2502 5755 αὐτούς.
2551 5709 2569 5742 ι

326 5817 377 5849 ⁸⁸
401 5814 594 5869 δίειιιι.
631 5827 763 5871 un.
793 5810 881 5864 ει.
959 5813 1004 5845 ιο
1037 5809 1054 5861 l
1087 5811 1228 5867 f’etr.
1282 5827 1334 5874 τ,
1368 5809 1419 5864 8.
1489 5809 1532 5840 ’°
1563 5808 1764 5863 Mattha

1869 5825 1924 5871 ,'l~,
1953 5809 2010 5862 Η
2042 5809 2107 5875 ιι
2144 5808 2334 5864 Thess.
2364 5823 2415 5873 ν,
2459 5806 2546 5861 Π.
2607 5803 2652 5836 ³ι
2683 5800 2827 5857 Psal.
2881 5813 3070 5864 xxxnt,
3120 5798 3174 5854 8.
