4158 6338
661 323 752 384 μη
2063 324 2402 389 ΑΝυΝΥΜι

3793 334 3893 402 re

651 438 953 491 admissum
994 450 1113 489 esse
1152 436 1359 490 crimen
1390 436 1551 501 nimis
1607 453 1769 509 grave
1810 448 1863 490 et
1925 455 2146 494 enorme
2204 459 2215 492 :

2327 445 2548 513 πραέως
2581 463 2638 497 τε
2690 445 2833 514 μάλα
2870 450 2960 499 καὶ
3012 448 3198 514 σαφῶς
3236 450 3613 520 ἀπεκρίνατο·
3672 455 3893 526 Ὁμολο-

652 529 743 579 sed
789 529 832 580 si
865 526 1017 594 pauci
1060 525 1113 579 id
1182 527 1447 594 egissent,
1515 538 1610 582 aut
1660 528 1924 598 primores
1958 532 2217 598 civitatis,

653 618 946 672 accusandi
985 629 1132 673 certe
1166 627 1353 673 essent
1393 630 1598 688 tuoque
1630 621 2042 690 sapientissimo
2074 625 2220 692 judi-

650 711 735 763 cio
768 709 1174 763 condemnandi
1209 729 1221 764 :
1251 722 1304 763 at
1333 712 1460 777 quia
1487 714 1654 767 totius
1688 715 1872 782 populi
1905 716 2110 769 crimen
2141 727 2224 770 est

648 811 704 854 et
737 816 1028 854 commune
1074 808 1156 855 est
1181 803 1448 867 omnium,
1513 804 1656 874 quod
1701 805 2095 861 inconsiderate
2138 819 2222 861 est

651 906 890 960 gestum,
944 893 1142 948 licetne
1183 895 1282 949 tibi
1341 904 1550 950 tantam
1608 898 2018 952 multitudinem
2076 899 2221 952 ferro

652 987 948 1051 trucidare,
984 988 1282 1057 urbemque
1318 985 1452 1044 adeo
1489 989 1750 1043 munitam
1793 990 1901 1044 Deo
1959 999 2013 1044 et
2049 990 2221 1058 impe-

652 1091 822 1135 ratori
865 1080 1077 1134 nudare
1111 1081 1355 1135 incolis?
1385 1080 1448 1134 Et
1476 1081 1564 1135 ille
1606 1101 1619 1135 :
1664 1081 2016 1152 Nequaquam
2043 1084 2222 1153 gladio

649 1173 1010 1238 perimemus,
1057 1171 1236 1236 Pater,
1275 1188 1451 1242 neque
1495 1173 1812 1229 oceidemus
1869 1191 2219 1244 queinquam,

649 1263 744 1318 sed
801 1263 1090 1318 facultates
1155 1279 1342 1319 eorum
1409 1267 1538 1319 ﬁsco
1584 1265 1921 1329 addiccmus,
1981 1278 2041 1320 ut
2124 1271 2223 1323 hoc

650 1352 814 1406 modo
861 1354 1143 1407 cautiores
1171 1353 1369 1417 eﬂecti,
1429 1354 1635 1422 majora
1688 1354 1741 1408 in
1780 1365 2056 1422 posterum
2115 1374 2220 1411 non

647 1445 903 1498 audeant.
963 1445 1064 1497 Cui
1119 1454 1343 1500 sanctus
1397 1443 1556 1499 Pater
1591 1461 1605 1500 :
1641 1445 1780 1511 Quid
1817 1461 1945 1501 vero
1982 1449 2222 1516 proderit

646 1545 752 1590 tuae
778 1538 1151 1602 excellentiae,
1185 1539 1229 1592 si
1282 1539 1668 1607 imperatorias
1727 1549 2019 1594 crumenas
2071 1541 2221 1594 lucro

646 1633 990 1693 oneraveris,
1023 1608 1264 1684 animam
1320 1646 1448 1684 vero
1496 1639 1640 1684 tuam
1696 1631 2041 1698 perdideris?
2077 1635 2224 1698 Quo-

647 1723 809 1775 modo
841 1738 972 1775 vero
1011 1723 1108 1774 tibi
1149 1723 1516 1782 remittentur,
1543 1734 1664 1789 quae
1687 1719 1850 1774 debes
1877 1736 1982 1773 nou
2039 1723 2216 1776 solum

2329 537 2546 603 γητέον,
2600 537 2680 589 ότι
2730 537 2937 608 σφόδρα
3003 540 3169 593 κακὸν
3234 543 3327 593 καὶ
3373 541 3605 598 ἄτακτον
3663 550 3898 618 πρᾶγμα

2329 629 2642 696 γεγένηται·
2677 630 2792 682 ἀλλ’
2811 631 2858 681 εί
2892 631 2990 695 μὲν
3017 631 3124 682 ὑπὸ
3148 632 3533 704 εὑαριθμήτων
3564 638 3896 708 ἀνθρώπων,

2327 721 2421 772 καὶ
2465 720 2646 772 αὑτῶν
2701 721 3081 790 ὑπερεχόντων
3133 722 3193 775 τὸ
3231 723 3392 793 ἔργον
3427 731 3898 800 προεκεχωρήκει,

2327 810 2699 877 κατάγνωστοι
2736 813 2801 864 ἂν
2831 811 3072 880 ὑπῆρχον
3112 814 3205 866 καὶ
3234 815 3477 866 ὑπόδικοι
3505 820 3570 888 τῇ
3611 821 3898 892 σοφωτάτῃ

2329 917 2421 953 σου
2455 902 2634 971 κρίσει
2669 919 2683 933 ·
2752 903 2938 973 ἐπειδὴ
2966 905 3021 956 δὲ
3051 905 3143 958 τοῦ
3184 905 3420 976 πλήθους
3475 910 3674 973 παντός
3698 913 3817 964 ἐστι
3839 912 3900 965 τὸ

2325 993 2657 1063 ἐγχείρημα,
2719 994 2816 1046 καὶ
2867 996 3001 1047 πᾶσι
3064 996 3243 1049 κοινὸν
3274 999 3334 1051 τὸ
3379 999 3478 1068 τῆς
3514 1003 3899 1073 κακοπραγίας

2324 1084 2633 1153 ἁϐοὑλημα,
2662 1083 2841 1149 ἔξεστί
2880 1101 2961 1137 σοι
2996 1085 3244 1157 μαχαίρᾳ
3294 1087 3636 1156 παραδοῦναι
3693 1091 3899 1160 πλῆθος

2324 1175 2596 1240 τοσοῦτον,
2631 1177 2735 1245 καὶ,
2763 1175 2970 1246 ἔρημον
3001 1179 3340 1248 καταστῆσαι
3358 1179 3417 1232 τὸ
3439 1181 3679 1234 τοιοῦτον
3714 1201 3888 1252 φρου-

2328 1285 2441 1337 ριον
2481 1268 2616 1321 Θεοῦ
2643 1269 2737 1322 καὶ
2760 1267 2854 1320 τοῦ
2895 1267 3161 1336 βασιλέως
3193 1291 3207 1335 ;
3247 1271 3356 1323 Καὶ
3385 1272 3412 1323 6
3446 1273 3746 1342 μάγιστρος
3768 1277 3898 1344 ἔφη·

2323 1355 2397 1408 Οὑ
2433 1355 2679 1425 μαχαίρᾳ
2704 1355 3126 1426 παραδώσομεν,
3164 1360 3370 1429 Πάτερ,
3401 1362 3510 1415 οὐδ’
3563 1363 3902 1416 ἀποκτενοῦ-

2325 1450 2580 1517 μέντινα,
2601 1449 2736 1502 ἀλλὰ
2752 1450 2821 1501 τά
2849 1450 3030 1502 αὑτῶν
3067 1451 3584 1522 ἀποθησαυρίσομεν
3614 1459 3720 1517 τοῖς
3753 1455 3901 1525 3M;-

2321 1537 2494 1599 λικοῖς
2518 1538 2846 1608 βαλαντίοις·
2873 1541 2962 1593 ἵνα
2997 1543 3054 1592 ὲν
3082 1540 3257 1610 τούτῳ
3277 1545 3764 1611 σωφρονισθέντες,
3799 1565 3904 1617 μη-

2324 1631 2446 1681 κέτι
2478 1630 2796 1700 τολμήσωσι
2839 1631 3086 1700 μείζοσιν
3112 1632 3464 1702 ἐγχειρῆσαι.
3494 1636 3600 1687 Καὶ
3628 1635 3680 1686 τί
3708 1635 3902 1704 ὄφελος

2323 1726 2389 1792 τῇ
2413 1724 2478 1792 σῇ
2504 1722 2832 1791 ὲνδοξότητι,
2862 1722 2968 1793 ἔφη
2989 1724 3014 1775 6
3039 1723 3217 1791 ἀγιος,
3248 1727 3297 1776 εί
3327 1724 3396 1777 τὰ
3420 1725 3681 1795 βαλάντια
3710 1728 3777 1780 τὰ
3809 1728 3908 1795 βαι

643 1815 857 1866 caalesti
893 1813 1046 1882 Regi,
1087 1813 1182 1868 sed
1230 1814 1394 1867 etiam
1445 1822 1686 1879 terreno,
1730 1814 1775 1867 si
1836 1827 1942 1866 non
1982 1813 2096 1881 ipse
2124 1814 2215 1867 de-

2326 1791 2511 1865 σιλικὲι
2540 1791 2982 1883 καταφορτίζων,
3005 1813 3102 1884 τὴν
3120 1814 3218 1881 σὴν
3239 1791 3702 1886 ψυχὴννάπολέσῃς
3730 1833 3742 1880 ;
3778 1791 3904 1879 fidi;

645 1908 1026 1978 'inqueutibus
1076 1909 1242 1962 stulte
1273 1916 1329 1961 et
1384 1907 1804 1976 insipienter'in
1841 1907 2215 1962 excellentiam

643 2006 790 2050 tuam
827 1998 1129 2060 remiseris,
1157 1998 1248 2066 qui
1279 2012 1338 2050 es
1370 1997 1553 2063 hodie,
1585 2009 1639 2051 et
1672 2012 1794 2052 cras
1829 2013 1934 2050 non
1968 1998 2080 2050 eris
2109 1998 2131 2049 ?
2163 1997 2221 2052 Si

643 2103 770 2142 vero
802 2089 978 2153 nobis,
1042 2097 1100 2142 ut
1154 2088 1365 2157 justum
1423 2099 1743 2157 praetextum
1784 2088 2090 2143 obtendens
2120 2088 2224 2141 im-

643 2185 912 2250 peratoris
939 2181 1283 2246 mandatum,
1309 2180 1515 2234 delicto
1568 2180 1785 2234 veniam
1848 2195 2036 2250 negas,
2097 2195 2223 2250 per-

643 2275 796 2325 mitte
830 2274 1081 2326 tenuitati
1123 2283 1254 2326 meae
1279 2271 1519 2326 scribere
1553 2272 1620 2326 ad
1646 2271 1767 2340 ejus
1794 2273 2220 2340 majestatcm,et

640 2366 908 2434 quidquid
940 2366 1167 2434 jusserit
1193 2364 1345 2434 pium
1375 2362 1495 2433 ejus
1552 2363 1864 2434 imperium,
1899 2373 2011 2418 toto
2047 2364 2215 2417 animi

641 2459 821 2511 studio
848 2471 1236 2525 exsequemur.

2327 1904 2382 1956 δὲ
2407 1904 2502 1956 καὶ
2558 1903 2900 1972 ἀφεθήσεταί
2945 1919 3029 1955 σοι
3080 1903 3142 1956 οὑ
3203 1904 3362 1971 μόνον
3391 1908 3460 1957 τὰ
3486 1905 3563 1975 τῷ
3596 1905 3905 1975 ἐπουρανίῳ

2330 1996 2542 2066 βασιλεῖ
2572 1995 2886 2066 ὀφλήματα,
2919 1996 3054 2048 ἀλλὰ
3082 1997 3175 2050 καὶ
3207 1997 3282 2066 τῷ
3313 1998 3562 2066 ἐπιγεέῳ,
3599 1998 3905 2068 μὴάφιέντι

2327 2090 2441 2150 τοῖς
2476 2088 2690 2154 ἀφελῶς
2729 2089 2824 2140 καὶ
2846 2087 3123 2151 ἀσυνέτως
3154 2088 3231 2159 τῷ
3261 2090 3456 2159 κράτει
3483 2104 3576 2142 σου
3623 2091 3902 2153 πταίουσι,

2333 2169 2576 2249 σ’ἠμερον
2627 2179 2763 2243 ὄντι,
2795 2181 2889 2233 καὶ
2916 2180 3103 2248 αὔριον
3138 2181 3236 2251 οὑχ
3265 2181 3564 2250 ὑπάρχοντι
3594 2199 3608 2245 ;
3645 2181 3705 2232 EE
3726 2180 3787 2232 δὲ
3813 2181 3906 2232 καὶ

2325 2272 2400 2333 ὡς
2436 2271 2660 2338 εὔλογόν
2682 2286 2805 2323 τινα
2835 2270 3127 2339 πρόφασιν,
3162 2272 3257 2343 τὴν
3288 2272 3384 2325 τοῦ
3449 2271 3708 2342 βασιλέως
3769 2273 3906 2325 ἀπόο

2327 2372 2492 2431 φασιν
2518 2363 2647 2430 ἡμῖν
2674 2358 3115 2431 ’προϐαλλόμενος
3142 2364 3202 2414 οὔ
3263 2362 3446 2430 βούλει
3493 2351 3915 2433 παραχωρῆσαι

2323 2453 2385 2504 τὸ
2408 2452 2681 2522 ἔγκλημα,
2718 2451 2879 2504 ἔασον
2910 2454 3009 2523 τἠν
3035 2455 3175 2523 ἐμὴν
3218 2454 3546 2524 οὑοενότητα
3580 2454 3816 2524 χαράξαι
3845 2470 3906 2523 τι

640 2550 777 2619 πρὸς
809 2548 904 2618 τὴν
938 2548 1147 2599 ἐκείνου
1184 2546 1438 2617 οειότητα
1467 2565 1481 2580 ο
1520 2546 1617 2601 καὶ
1644 2546 1696 2599 εἴ
1724 2565 1776 2600 τι
1806 2547 1850 2600 δ’
1880 2548 1946 2600 ἂν
1974 2546 2210 2616 κελεύσῃ
2244 2544 2305 2596 τὸ
2336 2543 2562 2606 εὐσεϐὲς
2625 2543 2792 2596 αὑτοῦ
2853 2547 3080 2615 κράτος,
3155 2545 3294 2615 μετά
3342 2545 3527 2616 πάσης
3587 2545 3902 2618 προθυμίας

639 2645 822 2695 τελέσο
831 2660 949 2712 μεν.

713 2740 800 2793 62.
846 2738 943 2792 llis
977 2738 1204 2802 auditis,
1250 2738 1534 2806 respondit
1589 2738 1896 2807 magister:
1935 2732 2042 2790 Nos
2094 2737 2215 2805 qui-

639 2837 783 2896 dem,
811 2831 968 2886 Pater
1005 2830 1388 2893 sanctissime;
1410 2829 1552 2884 sacri
1595 2829 1943 2899 imperatoris
1966 2828 2211 2884 studium

641 2925 779 2978 inte
814 2925 1078 2988 scientes,
1141 2931 1351 2976 tantam
1407 2922 1654 2991 pecunia:
1717 2922 2047 2976 solutionem
2113 2921 2210 2975 tibi

642 3017 923 3086 largimur,
945 3031 1066 3086 qua:
1085 3015 1193 3069 duo
1215 3015 1384 3067 millia
1402 3029 1753 3068 nummorum
1770 3015 2006 3068 excedit:
2023 3028 2210 3069 verum

644 3106 1024 3174 praefectorum
1069 3120 1258 3160 necem
1285 3112 1338 3158 et
1402 3105 1726 3159 inhonoram
1785 3104 2213 3159 contractionem

643 3199 909 3266 impunita
962 3198 1300 3266 relinquere,
1351 3212 1452 3251 nec
1483 3197 1835 3260 rationabile,
1874 3212 1973 3250 nec
2007 3197 2214 3264 justum

642 3296 745 3343 est.
766 3289 921 3342 Tunc
941 3287 1022 3340 vir
1046 3287 1398 3342 beatissimus
1426 3288 1754 3343 hortationis
1783 3295 1836 3340 et
1865 3288 2077 3341 consilii
2099 3305 2218 3342 ver-

646 3383 726 3433 bis
758 3396 892 3435 usus
915 3380 1213 3448 persuasit,
1244 3387 1301 3432 ut
1332 3396 1392 3433 ea
1412 3394 1629 3449 quoque
1649 3380 1814 3432 animi
1843 3379 2217 3449 magnitudine

641 3475 976 3524 condonaret
1009 3481 1057 3523 et
1090 3484 1262 3539 paena:
1311 3469 1700 3540 irrogationein
1743 3469 1846 3524 sibi
1896 3470 2214 3534 remitteret,

641 3580 760 3630 qth
779 3561 843 3614 ad
867 3561 1159 3630 quingenta
1189 3560 1514 3614 numismata
1544 3575 1649 3613 non
1681 3561 2038 3629 pertingebat.
2081 3562 2214 3615 Cum

647 3656 758 3706 haec
793 3653 938 3705 beati
969 3652 1148 3705 l’atris
1196 3666 1358 3720 opera
1396 3651 1630 3706 feliciter
1677 3659 1954 3705 transacta
1999 3663 2214 3718 essent,

644 3756 908 3795 conversa
937 3749 1021 3794 est
1052 3740 1355 3809 indignatio
1387 3741 1440 3793 in
1481 3740 1532 3793 id
1573 3741 1839 3809 temporis
1870 3752 2211 3798 exaCtorem.

645 3832 938 3900 Gregorius
974 3831 1060 3884 hic
1085 3839 1221 3895 erat,
1255 3838 1618 3900 cognomento
1649 3829 1914 3886 Maleinus
1948 3846 1962 3883 :
2001 3843 2056 3887 et
2090 3849 2212 3886 cum

649 3926 862 3985 lateret,
901 3924 1071 3975 multo
1123 3923 1306 3976 labore
1341 3931 1393 3976 et
1453 3923 1751 3992 plurimum
1796 3924 2061 3992 impensis
2097 3941 2220 3993 pre-

644 4015 799 4068 cibus
829 4015 1120 4084 impetrare
1139 4015 1526 4083 potuitbcatus
1569 4015 1748 4076 Pater,
1775 4024 1834 4068 ut
1871 4017 1934 4068 ad
1969 4017 2214 4083 magistri

646 4113 996 4169 conspectum
1032 4103 1442 4170 perduceretur.
1472 4099 1543 4155 Ut
1573 4117 1704 4156 vero
1736 4102 1888 4155 illum
1926 4105 2059 4156 vidit
2104 4123 2217 4158 ma—

650 4195 838 4257 gister,
872 4194 1017 4260 quod
1051 4195 1210 4247 aliter
1242 4209 1350 4248 non
1384 4187 1587 4248 valeret
1621 4208 1716 4246 cor
1744 4193 2007 4248 ebulliens
2039 4212 2217 4247 erum-

650 4302 773 4352 pere
814 4285 884 4337 ob
920 4286 1095 4338 sancti
1145 4287 1323 4340 Patris
1375 4286 1764 4349 reverentiam,
1817 4302 2047 4356 surgens
2089 4304 2211 4341 cum

2392 2727 2494 2797 ξβ’.
2559 2727 2744 2780 Ταῦτα
2796 2727 3041 2790 ἀκούσας
3083 2727 3111 2778 ὁ
3159 2727 3459 2796 μάγιστρος
3511 2727 3847 2797 ἀπεκρίνατο
3881 2746 3897 2758 ’

2335 2821 2526 2890 Ἡμεῖς
2556 2822 2675 2891 μὲν,
2718 2821 3006 2885 ὁσιώτατε,
3039 2821 3134 2890 τὴν
3171 2819 3305 2890 πρὸς
3340 2820 3396 2871 σὲ
3425 2819 3517 2871 τοῦ
3550 2821 3704 2886 ἁγίου
3742 2821 3899 2890 βασι-

2317 2914 2452 2978 λέως
2477 2913 2685 2965 ἔννοιαν
2719 2912 3095 2978 ἐπιστάμενοι,
3120 2912 3440 2980 δωρούμεθεὶ
3461 2929 3541 2965 σοι
3574 2913 3670 2982 τὴν
3700 2914 3898 2966 τῖσαύιι

2317 3024 2416 3076 την
2442 3005 2553 3057 τῶν
2589 3004 2940 3074 νομισμάτων
2979 3005 3205 3066 ἔκτισιν,
3239 3005 3403 3056 πλέον
3442 3005 3473 3066 ἢ
3495 3004 3587 3056 δύο
3628 3005 3892 3074 χιλιάδων

2317 3097 2552 3168 ἀριθμὸν
2586 3099 2968 3166 περιέχουσαν.
3013 3094 3084 3149 Τὸ
3142 3097 3198 3149 δὲ
3237 3096 3343 3148 τῶν
3384 3098 3662 3167 ἀρχόντων
3723 3115 3896 3166 κεφα-

2317 3190 2620 3253 λοκ).άσιον,
2651 3190 2743 3240 καὶ
2776 3188 2836 3239 τὸ
2873 3188 3070 3256 ἄτιμον
3125 3187 3442 3257 σύντριμμα
3495 3189 3745 3256 παριδεῖν
3793 3190 3896 3242 οὑκ

2317 3281 2537 3348 εῠλογον
2561 3279 2679 3331 οὑδὲ
2710 3281 2941 3332 δίκαιον.
2974 3273 3105 3330 Τότε
3134 3280 3159 3330 6
3182 3280 3652 3350 παμμακάριστος
3691 3297 3896 3350 παραι-

2318 3373 2551 3432 νετικοῖς
2603 3370 2696 3423 καὶ
2755 3370 3237 3437 συμϐουλευτικοῖς
3293 3369 3472 3437 λόγοις
3523 3373 3747 3424 πέπεικε
3800 3376 3896 3425 καὶ

2317 3464 2517 3526 αὐτοὺς
2542 3461 2934 3530 μεγαλοψύχως
2963 3462 3293 3530 χαρίσασοαι
3331 3461 3502 3530 αὑτῷ,
3533 3464 3627 3514 καὶ
3675 3462 3773 3532 τὴν
3800 3465 3896 3516 αὖ·

2316 3555 2428 3606 τῶν
2460 3553 2815 3622 διεκδίκησιν,
2859 3552 2935 3623 μὴ
2974 3553 3266 3622 μέχριτῶν
3320 3555 3694 3606 πεντακοσίων
3739 3572 3895 3624 νομι-

2320 3646 2542 3714 σμάτων
2576 3646 3051 3715 ὲκπληρουμένην.
3087 3644 3303 3697 Τούτων
3330 3645 3509 3696 τοίνυν
3537 3649 3601 3716 τῇ
3633 3647 3725 3698 τοῦ
3745 3649 3892 3700 ὁσίου

2319 3735 2531 3804 Πατρὸς
2572 3736 2859 3804 ἀντιλήψει
2901 3735 3085 3796 καλῶς
3131 3737 3683 3806 ἀποπεραιωοέντων,
3738 3750 3895 3807 με’τε-

2317 3827 2562 3896 τράπηὴ
2628 3829 2999 3897 ἀγανάκτησις
3047 3828 3136 3878 ἐπὶ
3194 3829 3283 3882 τὸν
3347 3828 3489 3881 κατᾶ
3528 3830 3626 3891 τὰς
3677 3831 3894 3900 ἡμέρας

2318 3919 2534 3980 ὲκείνας
2568 3919 2900 3988 πράττοντα.
2933 3918 3234 3988 Γρηγόριος
3276 3917 3320 3970 δ’
3362 3913 3516 3981 οὗτος
3549 3915 3616 3990 ἦν
3641 3922 3667 3972 6
3706 3919 3893 3974 καλού-

2321 4026 2479 4076 μενος
2509 4010 2792 4073 Μαλεῒνος·
2822 4013 2990 4080 ὅνπερ
3025 4012 3122 4062 σὺν
3153 4011 3330 4079 πολλῷ
3357 4010 3528 4078 ἀγῶνι
3561 4013 3654 4072 καὶ
3687 4014 3893 4083 σφοδρᾷ

2319 4102 2664 4170 παρακλήσει
2711 4100 2995 4170 ἐξίσχυσεν
3028 4101 3054 4150 6
3103 4100 3370 4170 μακάριος
3408 4101 3745 4165 καταξιῶσαι
3795 4104 3892 4173 τῆς

2317 4193 2413 4243 τοῦ
2448 4193 2753 4260 μαγίστρου
2803 4191 3048 4260 ἐπόψεως
3115 4193 3498 4261 κεκρυμμένον
3530 4192 3888 4259 τυγχάνοντα.

2323 4283 2418 4332 Ὃν
2441 4284 2465 4331 6
2493 4282 2797 4350 μάγιστρος
2829 4281 3191 4348 Θεασάμενος,
3225 4281 3320 4331 καὶ
3348 4280 3423 4348 μὴ
3447 4280 3584 4348 ἔχων
3612 4282 3728 4343 πῶς
3753 4284 3891 4334 ἀπο-

650 4391 726 4427 ira
771 4376 1052 4429 maledixit
1088 4377 1160 4428 illi
1195 4385 1247 4430 et
1293 4378 1552 4430 omnibus
1602 4377 1923 4432 domesticis
1983 4381 2102 4445 ejus
2159 4391 2212 4434 et

2321 4373 2530 4444 κενώσῃ
2563 4373 2619 4424 τὸ
2651 4373 2941 4443 ἔκὸρασμα
2971 4373 3069 4441 τῆς
3122 4373 3350 4443 καρδίας
3386 4371 3576 4436 αὑτοῦ,
3613 4374 3701 4424 τὸν
3741 4375 3889 4427 ὅσιον

649 4468 906 4522 omnibus
952 4483 1072 4535 quae
1120 4467 1456 4535 pOSsidebat,
1494 4467 1562 4520 ab
1594 4483 1735 4536 equo
1785 4481 1838 4521 et
1874 4471 2006 4522 bove
2042 4487 2211 4540 usque

648 4560 712 4609 ad
737 4560 992 4627 gallinam
1026 4567 1079 4612 et
1110 4575 1299 4613 canem
1337 4570 1391 4613 et
1428 4560 1636 4628 reliqua
1666 4562 1870 4613 omnia.
1901 4559 1993 4614 Ille
2019 4564 2212 4618 timore

648 4659 931 4717 correptus
969 4650 1105 4702 nihil
1137 4651 1362 4702 omnino
1393 4649 1779 4718 respondebat,
1813 4653 1906 4704 sed
1934 4652 2057 4720 quia
2090 4671 2215 4721 pro—

649 4741 1024 4808 t-ispatharius
1059 4749 1198 4804 erat,
1238 4741 1569 4808 permissum
1607 4742 1683 4794 illi
1725 4742 1846 4806 fuit,
1886 4751 1942 4794 ut
1970 4743 2212 4805 sederet,

654 4844 877 4898 tumque
905 4832 1243 4899 magister-ad
1269 4833 1422 4884 illum
1455 4847 1466 4883 :
1505 4830 1672 4896 Vade,
1707 4835 2040 4898 iniser,cum
2064 4836 2214 4888 inali-

648 4922 768 4988 gnis
814 4923 890 4974 tui
944 4922 1240 4985 similibus,
1289 4923 1496 4991 pingitc
1528 4924 1679 4978 vobis
1709 4925 1974 4977 bcatiNili
2012 4926 2212 4992 imagi-

649 5028 796 5074 nem,
856 5027 956 5063 nec
1004 5012 1240 5066 desinite
1310 5013 1455 5065 illam
1526 5015 1708 5067 colere
1764 5023 1816 5068 et
1884 5016 2082 5082 gratias
2139 5016 2211 5067 illi

648 5116 808 5168 agere
850 5118 862 5152 :
901 5115 1021 5152 nam
1054 5117 1146 5168 per
1184 5102 1323 5154 sacri
1364 5101 1711 5169 imperatoris
1756 5115 1942 5171 caput,
2004 5121 2101 5159 vos
2138 5106 2211 5157 illi

645 5189 878 5254 amplius
947 5190 1206 5243 honorem
1273 5206 1378 5242 non
1438 5191 1693 5245 deferetis
1755 5194 1886 5261 (50).
1944 5193 2214 5247 Omnibus

2312 4463 2729 4533 εὐλαϐούμενος,
2756 4465 2993 4524 ἀναστὰς
3056 4465 3170 4532 μετ’
3198 4465 3368 4533 ὀργῆς
3397 4465 3750 4533 κατηράσατο
3787 4466 3887 4516 αὑ-

2312 4554 2422 4615 τὸν,
2453 4558 2545 4605 καὶ
2579 4556 2789 4615 πάντας
2817 4556 2942 4615 τοὺς
2963 4556 3019 4604 ἐν
3047 4553 3123 4622 τῷ
3144 4555 3275 4621 οἴκῳ
3300 4553 3488 4615 αὑτοῦ,
3515 4555 3608 4605 καὶ
3631 4555 3888 4607 πάντατὰ

2318 4644 2632 4712 ὑπάρχοντα
2664 4644 2810 4710 αύτῴ
2845 4644 2952 4696 ἀπὸ
2986 4643 3150 4694 ἵππου
3187 4645 3276 4694 καὶ
3299 4643 3418 4710 βοὸς
3447 4644 3606 4711 μέχρι
3639 4643 3889 4712 καὶδρνι-

2326 4734 2416 4795 οος
2446 4734 2541 4786 καὶ
2605 4736 2764 4795 κυνῆς
2799 4735 2889 4785 καὶ
2923 4735 3142 4786 πάντων
3177 4735 3285 4786 τῶν
3339 4734 3562 4786 λοιπῶν.
3618 4735 3790 4786 ΛΞ,τοῦ
3831 4736 3888 4787 δὲ

2316 4826 2392 4894 τῷ
2413 4826 2560 4896 φόϐῳ
2585 4829 2943 4896 συνεχομένου
2962 4829 3055 4879 καὶ
3091 4829 3256 4898 μηδὲν
3281 4829 3415 4888 ὅλως
3441 4829 3885 4898 ἀποκριναμένου

2316 4919 2602 4988 ἐπετράπη
2659 4919 2885 4970 καθίσαι
2921 4919 3011 4970 διὰ
3067 4920 3125 4970 τὸ
3181 4920 3671 4989 πρωτοσπαοάριον
3723 4921 3886 4974 αὑτὸν

2315 5008 2475 5063 εἶναι.
2525 5011 2631 5061 Καὶ
2666 5011 2810 5078 λέγει
2843 5012 2977 5080 πρὸς
3010 5013 3172 5064 αὑτὸν
3209 5015 3236 5064 ὁ
3271 5013 3592 5081 μάγιστρος·
3633 5013 3879 5080 Ὕπαγε,

2314 5101 2567 5164 ταπεινὲ,
2617 5103 2712 5153 σὺν
2744 5105 2854 5162 τοῖς
2901 5101 3105 5172 ὑμοίοιε
3137 5120 3229 5153 σου
3268 5103 3592 5172 κακόφροσι,
3619 5106 3883 5172 ποιήσατε

2315 5194 2497 5244 εἰκόνα
2522 5193 2714 5246 Νείλου
2747 5193 2838 5245 τοῦ
2871 5196 3038 5254 ὁσίου,
3098 5197 3191 5246 καὶ
3227 5195 3300 5263 μὴ
3332 5196 3612 5264 παύσησθε
3637 5212 3880 5266 προσκυ-

1916 5351 2181 5409 Joannis
2215 5349 2341 5409 Clei
2381 5357 2565 5410 notae.

718 5502 830 5569 (50)
867 5501 1018 5568 Apud
1071 5499 1390 5553 Martenium
1433 5507 1516 5550 est
1561 5519 1570 5548 :
1635 5517 1650 5547 ι
1687 5499 1805 5560 Abi,
1845 5501 2038 5566 inquit,
2080 5516 2202 5552 eum

644 5573 1022 5627 cousimilibus
1045 5573 1153 5623 tuis
1186 5572 1387 5628 stultis,
1444 5579 1605 5636 atque
1637 5569 1864 5636 elligiein
1904 5571 2023 5621 Nlo
2049 5569 2198 5622 efﬁn-

642 5646 769 5709 gitc,
808 5659 905 5694 nec
959 5641 1233 5693 desistatis
1283 5639 1432 5691 illum
1500 5641 1724 5690 adorare
1785 5640 1967 5706 illique
2003 5642 2204 5707 gratias

643 5728 831 5778 agere;
863 5711 1129 5778 siquidem
1166 5724 1260 5778 per
1296 5711 1437 5775 regis
1471 5718 1638 5776 caput
1685 5709 1804 5772 plus
1838 5725 1932 5761 vos
1969 5725 2075 5761 non
2129 5712 2202 5760 vi-

640 5777 875 5844 ιίδεςιιε,
905 5777 1132 5850 gloriam
1167 5777 1455 5832 dedissetis
1494 5794 1507 5828 :
1553 5797 1568 5828 ι
1599 5777 1686 5831 ubi
1730 5779 2045 5845 impeditum
2073 5779 2199 5847 quid

2314 5511 2395 5552 est
2423 5508 2470 5548 et
2513 5498 2775 5550 hiulcum.
2816 5498 2919 5548 Sed
2969 5505 3020 5549 et
3069 5497 3119 5547 in
3177 5505 3324 5547 textu
3386 5496 3572 5549 Graeco
3629 5496 3878 5554 \‘identut'

2315 5572 2492 5636 aliqua
2525 5569 2848 5628 deidei-ari,
2882 5581 2980 5618 nec
3006 5567 3144 5636 enim
3178 5566 3248 5617 ibi
3293 5582 3490 5620 sensus
3522 5566 3654 5620 satis
3684 5571 3879 5635 plenus

2315 5635 2416 5700 est,
2472 5639 2578 5690 nisi
2637 5637 2998 5704 signiﬁcatum
3045 5635 3167 5687 \elit
3225 5637 3500 5703 magister,
3565 5636 3622 5687 S.
3697 5636 3877 5696 Nilum

2315 5710 2438 5760 inde
2476 5708 2881 5766 removcmlum,
2918 5705 2996 5757 sic
3026 5714 3081 5756 ut
3107 5705 3170 5755 ad
3205 5704 3323 5769 ejus
3381 5707 3741 5773 patrocinium
3768 5709 3880 5768 im-

2315 5778 2634 5845 plorandum
2665 5775 2914 5831 defutura
2957 5775 3024 5830 sit
3060 5775 3189 5843 ipsis
3219 5779 3463 5832 occasio.
