4132 6332
685 381 776 446 i.'l

2149 382 2497 449 ANONYMI

3836 381 3929 453 ΗΞ

747 494 839 548 64.
877 491 1083 548 Videus
1111 507 1275 565 porro
1322 493 1535 563 piorum
1586 486 1785 560 hostis,
1846 506 1900 549 et
1962 498 2018 550 in
2077 496 2241 553 bonos

2428 498 2520 564 ξδ’.
2555 484 2773 569 Ταύτην
2810 490 2901 551 οὖν
2928 498 3027 569 τὴν
3063 499 3215 570 παρὰ
3248 497 3343 553 τοῦ
3373 501 3645 573 μακαρίου
3672 500 3925 571 βοήθειαν

673 585 879 641 invidia
935 595 1198 650 aestuans,
1262 596 1530 656 quantum
1578 587 1769 643 auxilii
1819 586 1991 643 ferret
2060 588 2251 643 beatus

672 677 835 734 Pater
874 689 987 733 tum
1021 680 1333 743 animabus,
1377 691 1493 733 tum
1555 678 1888 749 corporibus
1936 681 2248 746 hominum,

673 773 951 841 studebat,
1030 775 1074 827 si
1162 788 1268 839 quo
1340 774 1497 825 modo
1567 782 1773 842 posset,
1841 780 2010 829 totam
2063 773 2247 827 mundi

671 868 903 938 gloriam
937 877 989 919 et
1018 878 1150 932 opes
1186 864 1460 931 subjicere
1492 864 1669 933 ipsius
1698 865 1897 929 oculis,
1925 874 1979 919 ut
2002 865 2250 920 hebetiou

673 972 787 1012 rem
820 956 1076 1011 redderet
1109 969 1299 1008 eorum
1344 956 1519 1009 aciem
1564 958 1628 1010 ad
1688 957 2042 1026 spectandam
2079 958 2250 1010 virtu-

672 1056 804 1111 tem,
844 1049 1089 1118 privaret
1131 1062 1263 1101 vero
1328 1047 1591 1101 mundum
1661 1050 1923 1114 utilitate,
1967 1065 2087 1118 qua:
2153 1065 2251 1119 per

670 1139 824 1194 illum
870 1138 1051 1194 ﬁebat.
1095 1138 1247 1192 Multi
1296 1141 1544 1208 profecto
1590 1142 1920 1211 principum,
1953 1143 2046 1211 qui
2084 1143 2247 1196 adve-

668 1232 914 1297 niebant,
954 1246 1203 1300 magnam
1235 1233 1480 1299 pecuniae
1510 1233 1617 1296 vim
1656 1234 1731 1287 illi
1763 1232 2061 1288 offerebant
2113 1250 2248 1303 pra:-

670 1334 819 1380 textu
858 1325 1205 1380 necessitatis
1233 1324 1492 1392 fratrum,
1536 1330 1628 1394 qui
1678 1341 1801 1380 cum
1837 1342 1904 1381 co
1955 1326 2242 1397 degebant,

667 1426 721 1471 et
750 1417 1024 1470 alimoniae
1065 1430 1394 1485 pauperum.
1425 1417 1520 1471 llle
1545 1433 1673 1471 vero
1743 1418 1855 1471 haec
1892 1425 1948 1471 ut
2000 1426 2244 1472 stercora

668 1526 736 1565 ne
773 1510 1078 1579 respiciens
1110 1509 1356 1578 quidem,
1397 1510 1576 1562 aiebat
1626 1509 2011 1572 offerentibus,
2044 1509 2243 1566 fratres

665 1618 695 1656 ιι
734 1600 937 1653 Davide
963 1598 1149 1653 beatos
1172 1598 1279 1654 dici
1318 1599 1387 1660 ιθ,
1420 1598 1464 1652 si
1500 1598 1713 1652 labores
1738 1612 1993 1651 manuum
2020 1613 2241 1652 suarum

666 1692 1339 1761 comedant,etpeecatis
1397 1691 1593 1744 alienis
1650 1705 1755 1743 non
1813 1692 2239 1744 communicent.

667 1787 945 1855 l’auperes
971 1802 1101 1839 vero
1130 1786 1196 1839 de
1220 1785 1374 1839 vobis
1404 1784 1649 1851 quidem,
1682 1785 1776 1845 ait,
1808 1794 2238 1853 conquerantur,

2360 591 2473 654 τοῖς
2525 590 2836 661 ἀνθρώποις
2880 591 3300 661 χορηγουμένην
3346 590 3594 663 ψυχικῶς
3624 610 3684 647 τε
3708 593 3806 647 καὶ
3826 611 3923 646 σω.

2362 681 2608 751 ματικῶς
2660 682 2801 753 ὁρῶν
2858 685 2885 735 ό
2941 682 3053 737 τῶν
3105 682 3331 737 δικαίων
3390 683 3606 754 ἐχθρὸς,
3663 685 3760 741 καὶ
3793 687 3923 738 πᾶσι

2360 773 2669 845 βασκαίνων
2728 777 2840 839 τοῖς
2898 775 3144 844 ἀγαθοῖς,
3200 776 3458 831 ἔσπευδεν
3511 779 3559 830 εί
3606 779 3832 834 δυνατὸν
3858 774 3921 850 ἦν

2358 867 2505 936 αὑτῷ
2532 869 2714 921 πᾶσαν
2743 866 2841 937 τὴν
2886 868 3045 932 δόξαν
3081 868 3290 922 καὶτὸν
3335 869 3562 923 πλοῦτον
3592 869 3687 923 τοῦ
3720 872 3919 941 κόσμου

2359 961 2689 1023 συναγαγεῖν
2721 957 2828 1028 πρὸ
2848 957 2958 1011 τῶν
2980 957 3279 1026 ὀφθαλμῶν
3303 958 3489 1025 αὑτοῦ,
3514 959 3608 1012 καὶ
3664 960 3918 1029 ἀμϐλυω-

2358 1050 2534 1119 πῆσαι
2594 1050 2757 1104 αὐτὸν
2800 1052 2899 1120 μὲν
2950 1052 3056 1104 ἀπὸ
3102 1054 3198 1120 τῆς
3253 1050 3364 1104 τῶν
3416 1052 3629 1122 ἀρετῶν
3666 1052 3921 1124 θεωρίας,

2359 1140 2621 1209 στερῆσαι
2665 1141 2723 1193 δὲ
2751 1141 2842 1193 τὸν
2874 1140 3081 1210 κόσμον
3130 1140 3233 1210 τῆς
3266 1140 3396 1210 παρ’
3429 1141 3593 1195 αὑτοῦ
3632 1141 3917 1211 ὠφελείας.

2357 1231 2549 1286 Πολλοὶ
2596 1232 2728 1301 γοῦν
2784 1233 2894 1286 τῶν
2954 1234 3379 1303 κατερχομένων
3420 1233 3697 1305 ἀρχόντων
3745 1235 3920 1304 πλήθη

2356 1327 2653 1394 χρημάτων
2711 1326 3117 1395 προσφέροντες
3168 1324 3317 1395 αὐτῷ
3354 1365 3369 1390 ,
3449 1326 3547 1396 τὴν
3609 1327 3920 1395 οἰκονομίαν

2354 1418 2463 1470 τῶν
2497 1418 2614 1487 μετ’
2644 1417 2808 1470 αὐτοῦ
2854 1417 3122 1484 ἀδελφῶν,
3182 1417 3275 1471 καὶ
3299 1419 3399 1488 τὴν
3460 1418 3798 1488 προστασίαν
3819 1418 3922 1471 τῶν

2356 1509 2586 1577 πτωχῶν
2637 1506 3031 1578 προεϐάλλοντο
3065 1524 3079 1539 ο
3112 1509 3139 1561 ό
3167 1508 3222 1561 δὲ
3286 1510 3477 1580 ῶσπερ
3513 1509 3759 1563 σκύϐαλα
3791 1510 3925 1563 ἀποο

2356 1605 2727 1671 στρεφόμενος
2782 1600 2977 1664 ταῦτα,
3041 1601 3195 1667 ἔλεγε
3255 1603 3369 1662 τοῖς
3395 1601 3679 1671 ἄρχουσιν,
3743 1600 3823 1654 ὅτι
3863 1603 3923 1654 Oi

2356 1692 2455 1760 μὲν
2510 1694 2732 1759 ἀδελφοὶ
2799 1692 2952 1760 παρὰ
2992 1692 3084 1744 τοῦ
3130 1692 3295 1745 Δαϐὶδ
3325 1692 3924 1762 μακαρίζονται,εῐπερ

2353 1784 2480 1846 τοὺς
2503 1783 2698 1847 πόνους
2729 1786 2838 1837 τῶν
2866 1781 3069 1853 χειρῶν
3097 1782 3278 1837 αὐτῶν
3312 1784 3614 1853 φάγωνται,
3655 1785 3748 1839 καὶ
3774 1785 3929 1839 ἀλλο-

671 1877 1043 1931 detinentibus
1075 1890 1193 1945 qua:
1219 1885 1344 1929 sunt
1378 1874 1617 1938 illorum,
1653 1889 1739 1928 me
1763 1889 1893 1928 vero
1924 1875 2241 1937 laudabunt,

2348 1878 2529 1944 τρίαις
2589 1875 2885 1945 ἁμαρτίαις
2934 1875 3010 1946 μὴ
3061 1877 3487 1947 κοινωνήσωσιν.
3542 1880 3605 1930 Οἱ
3634 1878 3689 1931 δὲ
3721 1880 3928 1949 πτωχοὶ

670 1978 730 2022 ut
763 1969 899 2022 nihil
928 1968 1221 2021 habentem
1263 1974 1318 2018 et
1370 1965 1554 2018 omnia
1612 1963 2012 2032 possidentem.
2066 1962 2249 2018 Eunu—

667 2064 807 2115 chus
834 2059 1215 2114 cubicularius
1251 2072 1375 2111 cum
1406 2056 1717 2111 liossanum
1756 2056 1867 2126 (51)
1923 2064 2070 2111 esset
2118 2057 2246 2112 olim

670 2153 975 2221 ingressus,
1030 2164 1129 2203 nec
1164 2149 1391 2203 vidisset
1446 2147 1513 2200 ad
1569 2162 1627 2201 se
1666 2148 1973 2201 accurrisse
2004 2146 2244 2214 Patrem,

668 2254 828 2299 norat
872 2258 1000 2298 vero
1038 2242 1191 2295 illum
1220 2241 1335 2295 solo
1367 2239 1526 2294 {anne
1563 2254 1804 2304 rumore,
1832 2238 2061 2295 miratus
2095 2240 2244 2294 diee-

668 2340 758 2389 hat
788 2336 852 2389 ad
890 2350 985 2388 eos
1014 2334 1106 2403 qui
1156 2342 1454 2401 prmseutes
1504 2334 1737 2385 aderant
1792 2347 1805 2383 :
1844 2329 1944 2385 Ubi
1998 2339 2247 2386 moratur

670 2428 828 2482 Nilus
856 2426 1185 2489 monachus,
1230 2434 1284 2477 et
1315 2439 1421 2491 qua
1456 2424 1669 2477 ratione
1693 2438 1801 2477 non
1826 2423 1976 2476 venit
2025 2423 2091 2477 ad
2160 2438 2247 2478 me

667 2534 792 2573 cum
841 2517 1098 2572 omnibus
1157 2515 1503 2587 hegumenis,
1554 2513 1742 2567 audito
1796 2502 1917 2569 meo
1968 2514 2247 2570 adventu?

672 2620 752 2671 lta
775 2616 919 2671 enim
962 2627 1063 2667 nec
1102 2611 1220 2682 ipse
1254 2609 1569 2680 patriarcha
1610 2623 1821 2663 mecum
1870 2624 2030 2680 agere
2080 2624 2245 2664 ausus

665 2718 833 2772 esset,
868 2716 926 2760 ut
953 2707 1224 2775 iactanter
1262 2701 1555 2755 adventum
1619 2715 1798 2753 meum
1840 2701 2241 2771 contempsisse

669 2800 967 2854 videretur.
1006 2794 1084 2849 Ad
1121 2796 1234 2847 haec
1268 2794 1344 2846 illi
1374 2809 1385 2844 :
1421 2792 1717 2847 Monachus
1758 2791 1879 2855 iste,
1918 2794 1985 2846 de
2014 2808 2121 2862 quo
2158 2801 2243 2846 tua

666 2888 913 2959 loquitur
944 2882 1292 2945 excellentia,
1330 2895 1431 2935 nec
1483 2878 1803 2949 patriarcha
1839 2888 1945 2945 est,
2002 2896 2099 2934 nec
2146 2897 2243 2949 pa-

676 2978 975 3033 triarcham
1010 2975 1185 3038 timet,
1220 2970 1317 3026 sed
1353 2985 1454 3025 nec
1482 2969 1659 3038 ipsum
1683 2969 1896 3024 cunctis
1925 2969 2244 3023 formidabi-

669 3067 776 3126 lem
834 3070 1236 3136 imperatorem.
1282 3061 1445 3116 Sedet
1487 3072 1668 3115 autem
1725 3076 1828 3114 una
1886 3077 2009 3115 cum
2058 3064 2244 3131 paucis

667 3162 1027 3221 monachisiu
1057 3166 1243 3213 monte
1263 3156 1467 3210 nullius
1485 3169 1586 3223 ope
1616 3154 1883 3223 indigens.
1913 3154 2044 3207 Nam
2072 3172 2244 3225 neque

668 3257 863 3326 amplis
895 3252 1096 3307 liuibus
1130 3247 1467 3311 continetur,
1502 3262 1601 3301 nec
1648 3246 2023 3321 iumentorum
2088 3247 2241 3315 copia

670 3349 959 3404 devinctus
1002 3352 1084 3398 est
1120 3358 1134 3393 :
1175 3339 1319 3395 unde
1344 3354 1444 3393 nec
1481 3339 1646 3393 ullam
1697 3352 1820 3392 cum
1856 3338 1965 3392 ullo
2022 3338 2245 3392 homine

668 3436 1103 3496 controversiam
1181 3434 1362 3487 habet.
1414 3429 1710 3485 Unicornis
1765 3430 1852 3484 hic
1898 3438 2001 3493 est,
2045 3430 2241 3483 animal

670 3529 839 3583 libere
878 3524 983 3580 sibi
1013 3524 1219 3586 vivens,
1245 3531 1296 3573 et
1331 3521 1374 3574 si
1427 3519 1578 3571 illum
1608 3518 1849 3572 volueris
1906 3533 2029 3571 cum
2088 3532 2243 3587 pete-

669 3630 810 3676 state
859 3617 1153 3677 adducere,
1225 3625 1503 3679 nunquam
1565 3611 1771 3680 poteris
1834 3611 2028 3665 faciem
2095 3612 2241 3665 illius

669 3713 873 3767 videre.
938 3708 1075 3762 Cum
1139 3706 1255 3758 hanc
1309 3704 1550 3759 audisset
1600 3704 1993 3770 cubicularius,
2069 3705 2240 3758 multo

670 3805 843 3874 magis
876 3803 1179 3856 admiratus
1234 3808 1317 3855 est
1351 3800 1567 3853 beatum
1610 3797 1808 3861 virum,
1842 3798 2239 3867 cpistolamquc

669 3896 973 3965 supplicem
1015 3892 1081 3947 ad
1123 3907 1245 3947 eum
1276 3890 1446 3954 dedit,
1481 3888 1738 3956 adjurans
1763 3888 1924 3943 etiam
1951 3887 2239 3942 horrendis

669 3986 875 4049 verbis,
912 3989 971 4035 ut
998 3981 1082 4035 vel
1116 3980 1221 4034 sibi
1252 3979 1471 4032 adeum
1506 3977 1750 4047 profecto
1791 3992 1850 4031 se
1884 3993 1989 4031 non
2020 3978 2239 4030 subtra-

670 4075 841 4136 heret,
868 4071 955 4125 vel
989 4076 1134 4124 certe
1165 4082 1273 4121 non
1294 4066 1683 4135 dedignaretur
1703 4066 1889 4119 venire
1908 4065 1961 4119 in
1981 4065 2237 4134 oppidum

669 4174 726 4220 et
786 4160 1224 4217 benedictionem
1274 4157 1378 4212 sihi
1428 4158 1654 4226 suisque
1680 4157 1936 4212 omnibus
1993 4158 2240 4227 imperti-

669 4264 842 4311 retur.

741 4429 829 4484 65.
863 4429 932 4481 At
961 4437 1186 4483 sanctus
1217 4425 1376 4480 Pater
1411 4424 1586 4490 Nilus,
1620 4434 1733 4477 tum
1779 4426 1904 4493 quia
1951 4425 2237 4495 adjuratus

2352 1966 2475 2020 καθ’
2507 1966 2660 2036 ὑμῶν
2690 1968 2788 2034 μὲν
2818 1966 3200 2035 κεκράξονται,
3235 1968 3310 2030 ὡς
3334 1968 3400 2020 τὰ
3430 1968 3634 2022 τούτων
3664 1970 3924 2039 κατεχόν-

2348 2074 2477 2112 των·
2518 2059 2618 2128 ἐμὲ
2650 2060 2707 2112 δὲ
2737 2060 3136 2128 Θαυμάσονται,
3172 2061 3247 2123 ὡς
3282 2059 3451 2130 μηδὲν
3478 2060 3692 2131 ἔχοντα,
3725 2063 3820 2116 καὶ
3854 2060 3923 2115 τὰ

2350 2150 2525 2205 πάντα
2550 2150 2872 2219 κατέχοντα.
2912 2150 3184 2220 Εὐνοῦχος
3217 2151 3245 2203 ό
3281 2151 3605 2223 κοιτωνίτης
3663 2150 3927 2205 εἰσελθὼν

2351 2258 2480 2294 ποτε
2504 2243 2561 2293 ἐν
2590 2242 2668 2309 τῷ
2709 2242 2998 2311 Ῥυσιάνῳ,
3030 2241 3123 2293 καὶ
3157 2232 3281 2294 ἰδὼν
3311 2242 3402 2294 τὸν
3436 2243 3709 2313 μακάριον
3749 2242 3925 2313 μηδα-

2352 2332 2469 2400 μῶς
2499 2333 2646 2401 αὑτῳ
2695 2332 3140 2402 προσδραμόντα’
3197 2332 3465 2401 ἠπίστατο
3512 2336 3620 2404 γὰρ
3667 2335 3831 2389 αὑτὸν
3860 2337 3927 2388 ἐκ

2351 2423 2518 2491 μόνης
2545 2422 2642 2490 τῆς
2677 2423 2869 2491 φήμης
2900 2438 2913 2451 ·
2948 2421 3104 2489 ἔλεγε
3136 2422 3433 2492 Θαυμάζων
3460 2427 3595 2496 πρὸς
3619 2426 3747 2489 τοὺς
3773 2444 3919 2497 παρη

2347 2513 2527 2576 όντας·
2559 2513 2669 2565 Ποῦ
2729 2513 2966 2584 κάθηται
3020 2514 3208 2577 Νεῖλος
3244 2516 3266 2566 ἐ
3310 2516 3648 2587 καλόγηρος;
3679 2520 3775 2571 καὶ
3806 2520 3925 2582 πῶς

2346 2606 2407 2658 οὐ
2453 2604 2726 2675 προσῆλθε
2791 2623 2881 2675 μοι
2948 2605 3088 2675 μετὰ
3149 2606 3369 2659 πάντων
3428 2609 3535 2661 τῶν
3575 2609 3925 2679 ἡγουμένων,

2346 2697 2583 2759 ἀκούσας
2612 2698 2712 2767 τὴν
2745 2697 2883 2767 ἐμὴν
2917 2696 3103 2765 ἄφιξιν
3132 2714 3146 2763 ;
3196 2697 3355 2750 τοῦτο
3410 2698 3517 2768 γὰρ
3551 2700 3673 2770 μηδ’
3696 2701 3861 2763 αὐτὸς
3894 2703 3923 2753 ὁ

2349 2793 2694 2858 πατριάρχης
2749 2789 3051 2863 ἐτόλμησεν
3080 2788 3145 2841 ἂν
3180 2789 3307 2859 ἐμοὶ
3367 2791 3775 2861 καυχήσασθαι,
3829 2795 3924 2845 καὶ

2348 2881 2766 2950 καταφρονῆσαι
2796 2881 2895 2950 τῆς
2916 2880 3054 2951 ἐμῆς
3089 2881 3382 2944 ἐλεύσεως.
3406 2884 3466 2937 OE
3492 2883 3549 2935 δὲ
3573 2885 3923 2955 παρεστῶτες

2346 2972 2499 3041 αὐτῷ
2530 2972 2925 3042 ἀπεκρίναντο⁸
2972 2967 3142 3035 Οὗτος
3194 2972 3251 3025 ὃν
3283 2973 3448 3043 ἔφηὴ
3490 2975 3556 3045 σὴ
3616 2975 3920 3047 ὲνδοξότης,

2357 3064 2414 3117 ὐ
2447 3064 2771 3134 καλὸγηρος,
2809 3063 2932 3117 οὔτε
2970 3064 3320 3135 πατριάρχης
3351 3066 3522 3131 ἐστὶν,
3556 3064 3680 3118 οὔτε
3710 3083 3918 3136 πατρι-

2346 3156 2543 3225 άρχην.
2576 3155 2838 3223 φοϐεῖται,
2898 3153 3014 3207 ἀλλ’
3038 3155 3149 3207 οὐδ’
3179 3156 3342 3208 αὑτὸν
3368 3155 3460 3209 τὸν
3518 3159 3653 3210 πᾶσι
3690 3159 3927 3229 φοϐερθιν

2348 3246 2591 3316 βασιλέα.
2643 3247 2893 3315 ΚάΟηται
2942 3246 2995 3298 δὲ
3031 3246 3151 3317 ἅμα
3206 3247 3408 3317 ὀλίγοις
3460 3251 3800 3318 μοναχοῖςὲν
3844 3250 3925 3320 τῷ

2345 3340 2482 3411 ὄρει,
2516 3339 2589 3410 μὴ
2616 3340 2870 3407 δεόμενος
2898 3339 3040 3403 τινος
3066 3339 3423 3409 ἀντιλήψεως.
3460 3339 3595 3395 Οὔτε
3627 3342 3733 3412 γὰρ
3781 3342 3930 3396 πλάδ

2344 3447 2427 3483 τει
2462 3432 2626 3501 ὁρίων
2661 3431 2967 3500 συνέχεται,
2999 3429 3121 3482 οὒτε
3148 3430 3343 3501 πλήθει
3386 3431 3753 3504 βοσκημάτων
3790 3451 3920 3487 συν-

2344 3522 2576 3574 δέδεται.
2622 3523 2711 3573 Διὸ
2736 3522 2842 3573 οὐδ’
2906 3521 3240 3591 ἀμφιϐολίαν
3290 3523 3553 3592 κέκτηται
3595 3526 3731 3593 πρός
3774 3542 3917 3580 τινα.

2344 3613 2674 3682 Μονὸκερως
2733 3616 2882 3667 ἐστὶν
2930 3608 3109 3679 οὗτος,
3190 3612 3327 3676 ζῶον
3374 3609 3713 3683 αὐτόνομον·
3743 3615 3925 3669 καὶεὲ

2344 3705 2575 3777 θελήσῃς
2621 3707 2783 3760 αὐτὸν
2832 3708 2948 3777 μετ’
2990 3705 3501 3775 ὲξουσὶας’ἀγαγεῖν
3536 3708 3792 3761 οὐδέποτε
3826 3710 3921 3761 δυ·-

2342 3797 2484 3868 νήσῃ
2505 3799 2563 3849 το
2590 3798 2881 3869 πρόσωπον
2910 3796 3075 3850 αὐτοῦ
3106 3798 3366 3852 κατιδεῖν.
3404 3798 3586 3851 Ταῦτα
3616 3800 3855 3865 ἀκούσας
3888 3807 3916 3856 ὁ

2342 3888 2681 3958 κοιτωνίτης,
2733 3889 2827 3942 καὶ
2886 3890 2977 3939 ἐπὶ
3036 3888 3218 3941 πλεῖον
3271 3890 3361 3942 τὸν
3393 3890 3559 3959 ἄνδρα
3604 3891 3917 3961 θαυμάσας,

2341 3979 2543 4049 γράφει
2599 3980 2748 4049 αὐτῷ
2808 3978 3097 4051 ἐπιστολὴν
3148 3980 3554 4049 δυσωπητικὴν,
3598 3982 3917 4050 συμπλέξας

2341 4069 2476 4136 αὐτῇ
2507 4069 2597 4120 καὶ
2622 4069 2813 4137 ὅρκους
2844 4069 3125 4136 φρικτοὺς,
3162 4068 3247 4120 ἵνα
3277 4069 3387 4119 εἴτε
3409 4068 3542 4138 πρὸς
3570 4070 3727 4123 αὐτὸν
3757 4072 3914 4142 ἐξερ-

2339 4159 2556 4228 χομένῳ
2588 4159 2663 4228 μὴ
2688 4159 2981 4229 ἀποκρύψῃ
3011 4159 3205 4212 ἑαυτὸν
3235 4158 3329 4211 ἀπ’
3362 4159 3549 4222 αὐτοῦ,
3578 4161 3689 4213 εἴτε
3738 4179 3912 4216 κατα-

2343 4248 2510 4319 ξιώση
2538 4250 2593 4300 ἐν
2616 4246 2693 4318 τῷ
2724 4248 2946 4317 κάστριρ
2970 4246 3233 4299 εἰσελθεῖν
3283 4247 3375 4299 καὶ
3405 4247 3697 4317 εὐλογῆσαι
3726 4252 3914 4314 αὐτὸν,

2340 4342 2435 4394 καὶ
2458 4342 2664 4401 πάντας
2719 4340 2843 4403 τοὺς
2873 4341 2969 4393 σὺν
2991 4340 3163 4409 αὐτῷ.

2413 4432 2506 4496 ξεν.
2549 4432 2606 4484 '0
2636 4431 2690 4483 δὲ
2715 4432 2859 4493 ὅσιος
2925 4430 3112 4501 Πατὴρ
3155 4431 3309 4502 ήμῶν
3354 4432 3542 4496 Νεῖλος
3587 4433 3647 4487 τὸ
3694 4435 3793 4503 μὲν
3825 4435 3911 4488 διὰ

671 4528 809 4583 erat,
835 4529 951 4571 tum
1003 4528 1062 4571 ut
1094 4524 1149 4571 et
1179 4516 1295 4586 ipse
1345 4516 1646 4585 principem
1675 4514 1781 4568 sibi
1819 4516 1885 4569 ad
1915 4520 2229 4571 auscultan-

2347 4525 2468 4586 τοὺς
2498 4521 2919 4592 γεγραμμένους
2949 4522 3170 4591 ὅρκους,
3236 4524 3296 4576 τὸ
3350 4524 3407 4576 δὲ
3441 4523 3530 4577 ἵνα
3562 4525 3724 4578 πάλιν
3747 4527 3776 4579 ό
3813 4528 3913 4597 ἄρ·-

671 4613 800 4666 dum
828 4611 1157 4680 paratiorem
1204 4609 1460 4663 redderet
1490 4620 1588 4675 pro
1621 4608 1952 4675 pauperibus
1998 4612 2234 4680 roganti,

673 4702 822 4755 venit
848 4702 900 4754 in
926 4699 1185 4767 oppidum
1213 4704 1266 4751 et
1316 4698 1553 4751 accessit
1585 4697 1651 4750 ad
1688 4697 2115 4753 cubicularium.
2140 4700 2237 4755 Ille

673 4794 918 4845 habitum
947 4800 1000 4843 et
1033 4789 1227 4844 faciem
1257 4790 1485 4844 intuitus
1517 4790 1913 4859 propheticam,
1962 4792 2072 4847 imo
2106 4808 2234 4849 vero

672 4882 993 4950 angelicam,
1024 4880 1261 4948 procidit
1290 4878 1357 4933 ad
1407 4877 1573 4947 pedes
1628 4877 1768 4946 ejus,
1818 4888 1873 4933 et
1915 4894 2078 4933 manu
2114 4882 2234 4950 ejus

673 4973 961 5040 prehensa,
1013 4969 1175 5022 simul
1227 4967 1455 5036 ingressi
1513 4975 1641 5021 sunt
1687 4967 2020 5022 cubiculum.
2076 4969 2230 5026 Tunc

671 5064 926 5132 prmt‘epil
954 5062 1170 5115 cuidam
1213 5075 1276 5114 ex
1341 5059 1674 5113 ﬁdelissimis
1731 5059 1857 5121 sibi,
1915 5069 1972 5113 ut
2016 5060 2231 5116 all‘erret

670 5158 865 5209 librum
901 5153 1195 5221 Evangelii,
1229 5149 1415 5218 aitque
1458 5152 1523 5205 ad
1588 5160 1832 5206 sanctum
1869 5169 1883 5203 :
1940 5151 2230 5216 Quoniam,

669 5246 826 5300 beate
882 5245 1062 5308 Pater,
1132 5242 1374 5311 suspicio
1434 5241 1701 5295 mendacii
1770 5240 1897 5296 facit
1963 5249 2019 5295 ut
2072 5245 2231 5300 home

772 5421 818 5453 ⁸⁸
859 5419 1001 5474 Psal.
1039 5433 1239 5479 cum,
1276 5416 1330 5467 9..

2335 4633 2445 4685 χων
2473 4611 2620 4682 αὐτῷ
2652 4610 2938 4680 ὑπακούσῃ
2976 4615 3033 4666 ἐν
3063 4615 3129 4683 τῇ
3164 4612 3421 4684 περὶτῶν
3452 4614 3684 4685 πτωχῶν
3728 4633 3911 4687 παρα-

2333 4707 2544 4776 κλήσει,
2609 4702 3013 4773 καταλαμϐἀνει
3070 4703 3131 4755 τὸ
3176 4688 3433 4775 κάστρον,
3495 4706 3589 4758 καὶ
3646 4707 3786 4777 πρὸς
3817 4708 3916 4759 τὸν-

2333 4795 2647 4864 κοιτωνίτην
2680 4795 2947 4864 εἰσῆλθεν.
2986 4795 3047 4848 '0
3076 4795 3133 4847 δὲ
3171 4794 3507 4866 θεασάμενος
3573 4798 3761 4871 σχῆμα
3814 4800 3909 4853 καὶ

2334 4888 2623 4959 πρόσωπον
2647 4886 3006 4956 προφητικὸν,
3075 4886 3275 4955 μᾶλλον
3306 4887 3363 4939 δὲ
3397 4887 3707 4955 ὰγγελικὸν,
3736 4904 3907 4958 προσ·-

2338 4976 2602 5045 εκύνησεν
2632 4976 2725 5029 ἐπὶ
2757 4977 2881 5038 τοὺς
2900 4976 3061 5038 πόδας
3083 4976 3246 5030 αὑτοῦ
3269 4994 3282 5009 ·
3314 4978 3407 5030 καὶ
3434 4981 3715 5049 κρατήσας
3745 4981 3907 5033 αὑτὸν

2338 5067 2435 5136 τῆς
2475 5067 2677 5137 χειρδς,
2725 5066 2972 5135 εἰσῆλθον
3032 5066 3200 5136 ἄμφω
3233 5069 3289 5120 ὲν
3335 5069 3412 5139 τῷ
3447 5071 3665 5121 κοιτῶνι
3716 5070 3902 5125 αὐτοῦ.

2343 5158 2615 5219 Κελεύσας
2641 5158 2698 5210 δὲ
2736 5159 2832 5211 ἕνα
2852 5158 2961 5212 τῶν
3002 5158 3339 5212 πιστοτάτων
3366 5159 3514 5229 αὑτῷ
3546 5161 3607 5213 τὸ
3658 5162 3905 5230 Εὐαγγὲ-

2340 5248 2453 5299 λιον
2501 5251 2763 5315 ἐνεγκεῖν,
2817 5248 2965 5317 λέγει
3015 5249 3092 5317 τῷ
3122 5249 3423 5319 μακαρίτην
3483 5251 3723 5323 Ἐπειδὴ,
3778 5248 3901 5322 ἆγιὲ

1943 5528 2206 5590 Joannis
2249 5530 2377 5591 Clei
2412 5539 2596 5593 nota).

737 5664 847 5733 (3|)
876 5660 1099 5713 Sirletus
1122 5675 1183 5733 ex
1201 5659 1382 5733 Grmco
1405 5657 1724 5733 κοιτωνίτης
1745 5656 1903 5733 vertit
1923 5664 2218 5733 cgztonetes,

670 5725 810 5801 quod
847 5728 1436 5801 taiueui-uliiculariun
1500 5727 1759 5801 principis
1809 5725 2098 5801 signiﬁcat.
2165 5737 2219 5779 ut

667 5792 818 5856 varia
850 5799 990 5867 apud
1017 5798 1280 5867 (iurgium
1312 5798 1555 5866 exempla
1587 5792 1981 5849 demonstrant.
2021 5792 2215 5847 Eorum

2331 5672 2493 5742 porro
2526 5674 2630 5742 ngu
2665 5676 2825 5728 parva
2880 5673 2997 5719 erat
3056 5665 3291 5735 dignitas
3344 5669 3769 5742 auctoritasque,
3837 5689 3898 5731 ut

2329 5727 2535 5783 ibidem
2560 5727 2755 5799 liquet.
