4132 6332
159 427 257 493 H3

1308 435 1485 494 VlTA
1527 436 1584 493 S.
1635 432 1798 491 NlLI
1843 433 2219 495 ΙυΝιῡιιιε.

3279 437 3374 498 Ῑίί

155 546 357 615 Πάτερ,
390 548 454 616 τῇ
481 547 576 599 τοῦ
629 547 856 616 ψεύδους
887 549 1147 618 ὑπολήψει
1180 549 1238 603 τὸ
1273 550 1501 604 ἄπιστον
1557 566 1721 620 προσο

1850 551 2029 603 nomini
2073 550 2225 604 ﬁdem
2261 567 2364 605 non
2398 561 2638 621 prmstet,
2665 552 2977 620 juramento
3003 552 3096 604 tibi
3133 551 3377 612 ﬁrmabo,

156 637 363 703 γίνεται
398 640 510 700 τοῖς
543 637 874 707 ἀνθρώποις,
916 639 1051 692 θέλω
1085 658 1166 693 σοι
1197 642 1392 711 ὀμόσαι
1425 642 1560 712 πρὸς
1587 643 1724 709 πλη-

159 731 417 800 ροφορίαν
441 731 551 784 τῶν
602 731 734 802 παρ’
765 732 897 800 ἐμοῦ
926 734 1378 806 ὲπαγγελομένων
1407 753 1510 789 σοι.
1565 736 1622 788 Ὀ
1669 737 1726 791 δὲ

159 822 351 892 Πατὴρ
381 823 516 892 πρὸς
549 823 713 877 αὐτόν
741 839 754 854 ·
792 824 898 876 Τοῦ
931 825 1083 892 ἁγίου
1114 826 1446 894 Εὑαγγελίου
1488 829 1728 895 ἀποφαν-

156 914 324 974 τικῶς
355 913 738 980 ἐντελλομὲνου
767 915 861 967 καὶ
891 915 1159 982 λέγοντος
1191 917 1330 986 Ἐγὼ
1353 920 1407 972 δὲ
1437 919 1578 985 λέγω
1602 921 1728 989 ὑμῖν

161 1005 235 1075 μὴ
265 1005 462 1073 ὀμόσαι
521 1007 656 1067 ὅλως
679 1022 693 1036 ο
723 1005 861 1059 ἔστω
883 1007 936 1060 δὲ
964 1008 1115 1076 ὑμῶν
1146 1011 1172 1061 6
1223 1010 1400 1076 λόγος,
1443 1011 1572 1073 Ναὶ,
1616 1011 1726 1078 ναὶ,

157 1097 251 1147 καὶ
281 1096 361 1156 τὸ,
391 1094 489 1158 Οὒ,
514 1095 572 1147 οὗ
597 1113 608 1126 ·
642 1096 702 1148 τὸ
744 1097 800 1149 δὲ
825 1098 1088 1168 περισσὸν
1115 1100 1317 1152 τούτων
1342 1081 1412 1151 ’ὲκ
1446 1099 1538 1152 τοῦ
1566 1117 1730 1169 πονη-

163 1186 256 1251 ροῦ
287 1187 432 1238 ἐστιν
453 1201 465 1215 ⁸
501 1186 638 1238 διατί
665 1188 923 1249 ἀπιστίας
969 1189 1239 1258 ὑπόθεσινξ
1272 1189 1518 1253 σπεύδεις
1576 1208 1730 1261 περι-

158 1274 331 1327 θεῖναι
388 1277 454 1343 τῇ
511 1278 576 1344 σῇ
631 1277 956 1346 ένδοξότητι,
993 1280 1086 1331 καὶ
1119 1279 1226 1330 ἀπὸ
1263 1282 1607 1348 παρανομίας
1632 1280 1730 1349 τὴν

162 1364 456 1433 συντυχίαν
488 1366 876 1436 ἀπάρξασθαι,
920 1369 1033 1430 Πᾶς
1063 1370 1172 1440 γὰρ
1197 1371 1224 1422 6
1261 1369 1483 1438 ἕτοιμος
1515 1372 1596 1433 είς
1639 1371 1731 1421 εὑ-

157 1456 374 1524 ορκίαν,
407 1459 572 1526 ταχὺς
595 1462 674 1520 εἰς
712 1458 1095 1528 ψευδολογίαν,
1151 1461 1338 1530 ὥσπερ
1384 1462 1477 1513 καὶ
1508 1460 1567 1512 τὸ
1603 1461 1733 1514 ἀνάο

160 1547 349 1599 παλιν.
421 1548 788 1617 Ἀπεκρίνατο
818 1549 845 1599 6
877 1548 1200 1617 κοιτωνίτης
1230 1565 1244 1580 ο
1303 1549 1518 1600 Δίκαιὸν
1564 1550 1731 1610 ἐστιν,

160 1634 448 1700 ὀσιὼτατε,
496 1638 629 1706 μήτε
691 1640 819 1707 ὑμῖν
869 1640 980 1701 τοῖς
1020 1638 1112 1691 τοῦ
1173 1638 1306 1692 Θεοῦ
1359 1639 1563 1698 δούλοις
1613 1637 1734 1690 τινὰ

161 1724 506 1795 ψεύδεσθαι,
571 1729 707 1796 μήτε
768 1731 901 1798 ἡμῖν
961 1729 1209 1782 ἀπιστεῖν
1272 1731 1382 1791 τοῖς
1445 1730 1579 1797 μετὰ
1643 1729 1734 1782 πί·-

163 1839 336 1885 στεως
389 1823 456 1873 τι
491 1821 717 1884 δόξαντα
764 1820 1036 1887 λέγουσιν.
1092 1820 1290 1874 Λοιπὸν
1355 1816 1447 1873 οῦν
1499 1820 1731 1880 ἀκούων,

161 1911 491 1982 παρακαλῶ,
523 1912 648 1972 τοὺς
673 1909 867 1976 λόγους
905 1927 1005 1980 μου
1053 1911 1292 1964 πίστευε.
1333 1912 1443 1963 Οὐκ
1467 1911 1582 1962 ἔστι
1644 1911 1733 1978 μοί

158 2021 244 2066 τις
275 2003 585 2073 προσγενὴς
627 2004 682 2053 ὲν
708 2000 783 2069 τῷ
831 2001 930 2070 βίῳ
971 2001 1146 2071 τούτῳ
1174 2002 1267 2068 ἀφ’
1297 2002 1550 2070 αἵματος,
1579 2003 1624 2052 εί
1662 2001 1734 2070 μὴ

167 2097 330 2163 μόνον
390 2095 572 2163 μήτηρ
621 2091 902 2154 ἀδύνατος,
939 2092 996 2144 τὸ
1031 2093 1111 2154 είς
1161 2092 1260 2161 ἐμὲ
1322 2091 1545 2161 φίλτρον
1582 2091 1739 2161 στέρ-

162 2202 339 2252 γουσα
369 2201 382 2214 ’
444 2183 676 2254 ὑπάρχει
713 2183 767 2235 δέ
808 2200 897 2251 μοι
925 2181 1153 2243 πλοῦτος
1207 2182 1374 2245 πολὺς
1424 2183 1517 2234 καὶ
1547 2185 1739 2249 κτῆσις

167 2273 422 2341 ἄπειρος,
447 2272 801 2341 ἀνδραπόδων
830 2271 1054 2342 πλῆθος,
1074 2271 1168 2324 καὶ
1184 2271 1542 2340 βοσκημάτων
1573 2272 1739 2339 ἐσμὸς

167 2363 562 2434 ἀναρίθμητος.
630 2361 996 2428 Ἐλογισάμην
1057 2357 1150 2414 οὖν
1204 2361 1379 2414 ταῦτα
1435 2361 1609 2413 πάντα
1664 2362 1739 2430 τῷ

168 2457 288 2527 Θεῷ
321 2455 696 2525 προσηλῶσαι,
730 2456 978 2525 μοναχῶν
1015 2456 1431 2525 φροντιστήριον
1474 2455 1744 2525 συστησά-

174 2566 355 2616 μενος,
389 2547 546 2616 εἴπερ
579 2546 868 2611 κατένυξεν
897 2551 923 2600 6
949 2547 1079 2610 Θεὸς
1111 2548 1208 2616 τὴν
1249 2549 1560 2617 ἁγιωσύνην
1624 2564 1742 2610 σου,

174 2643 266 2693 καὶ
293 2642 352 2691 ἑν
392 2643 457 2708 τῇ
491 2640 1064 2692 Κωνσταντινουπόλει
1127 2642 1396 2709 συνήρχου
1455 2657 1564 2707 μοι,
1599 2641 1744 2701 ὅπως

171 2728 261 2781 διὰ
292 2730 406 2780 τῶν
441 2729 613 2794 άγίων
642 2745 732 2781 σου
769 2728 966 2798 χειρῶν
995 2728 1104 2795 ἐγώ
1138 2747 1194 2781 τε
1226 2730 1321 2781 καὶ
1350 2732 1380 2797 ἡ
1434 2736 1664 2784 τεκοῦσα
1687 2731 1746 2782 τὸ

175 2820 471 2886 ἀγγελικδν
544 2803 729 2887 σχῆμα
801 2820 1195 2890 ἐνεδυσάμεθα.
1279 2819 1524 2874 Ἐποῖουν
1577 2824 1631 2875 δέ
1690 2843 1746 2877 σε

171 2909 246 2971 ὡς
277 2908 374 2961 νῦν
404 2910 521 2977 μετ’
548 2909 704 2980 ἐμοῦ,
732 2911 878 2964 οὕτω
914 2913 1026 2973 τοῖς
1059 2909 1237 2980 ἁγίοις
1297 2912 1576 2982 βασιλεῦσι
1617 2933 1746 2981 συγο

177 2997 536 3065 καθεσθῆναι.

249 3087 356 3152 ξς’.
396 3087 583 3140 Ταῦτα
621 3092 686 3139 τὰ
710 3098 922 3156 μέλιτος
959 3092 1052 3142 καὶ
1121 3089 1323 3159 πίσσης
1366 3090 1609 3143 ἀνάπλεα
1657 3091 1755 3160 ῥή-

1831 660 1950 713 qua:
1983 644 2351 711 promissurus
2382 661 2522 700 sum.
2557 645 2623 696 Et
2651 653 2870 696 sanctus
2900 643 3054 696 Pater
3089 644 3152 695 ad
3182 645 3377 711 ipsum:

1829 734 2204 796 Cum_sacrum
2242 735 2589 804 Evangelium
2623 745 2772 790 certa
2813 737 3075 788 sententia
3137 750 3377 803 pronun-

1831 827 1928 881 tiet
1963 845 1976 879 :
2023 846 2040 877 ι
2071 828 2183 896 Ego
2219 835 2395 881 autem
2423 829 2542 881 dico
2574 828 2728 881 vobis
2757 842 2865 880 non
2899 827 3079 893 jurare
3107 828 3328 879 omnino
3363 842 3377 876 :

1831 917 1903 972 sit
1935 927 2115 972 autem
2141 933 2324 972 sermo
2359 927 2557 981 vester,
2591 918 2704 980 Est,
2751 926 2854 981 est,
2907 917 3045 980 Non,
3093 933 3196 969 non
3243 917 3286 948 ⁸9
3314 933 3331 980 ;
3359 936 3374 966 ι

1831 1009 1976 1077 quod
2029 1016 2208 1062 autem
2265 1008 2346 1061 his
2393 1009 2755 1062 abundantius
2817 1017 2916 1073 est,
2971 1022 3007 1063 a
3066 1009 3203 1060 tualo
3248 1017 3382 1061 est:

1831 1114 1929 1153 cur
1961 1099 2064 1153 ﬁde
2103 1102 2284 1154 minus
2338 1099 2554 1169 dignam
2590 1099 2961 1151 excellentiam
2999 1107 3144 1148 tuam
3197 1104 3382 1150 osten-

1831 1187 1960 1244 dere
1992 1191 2179 1245 studes
2210 1199 2268 1244 et
2318 1189 2599 1245 exordium
2660 1188 2911 1255 colloquii
2971 1186 3140 1240 nostri
3192 1201 3389 1252 ponere

1834 1282 2419 1350 iniquitatem?0mnis
2467 1280 2611 1342 enim
2656 1278 2749 1348 qui
2785 1278 2956 1331 l‘acilis
3008 1285 3090 1332 est
3125 1276 3190 1330 ad
3227 1277 3388 1330 emit~

1836 1372 1995 1426 tenda
2019 1386 2143 1425 vera
2168 1370 2495 1437 iuramenta,
2530 1370 2688 1422 velox
2724 1368 2887 1422 etiam
2921 1375 3004 1420 est
3037 1366 3098 1419 ad
3125 1366 3390 1420 mentien-

1835 1463 1986 1525 dum,
2023 1473 2074 1515 et
2110 1472 2318 1516 contra.
2366 1460 2445 1514 Ad
2497 1475 2654 1530 quem
2713 1457 3079 1512 Cubicularius
3115 1472 3128 1507 :
3171 1453 3385 1509 Iustum

1835 1561 1937 1615 est,
1975 1553 2284 1607 beatissime
2308 1552 2413 1615 vir,
2437 1567 2534 1606 nec
2565 1551 2716 1604 vobis
2739 1548 2830 1603 Dei
2861 1550 3033 1602 servis
3064 1560 3387 1614 quemquam

1835 1647 2075 1710 mentiri,
2110 1661 2211 1700 nec
2252 1661 2348 1700 vos
2376 1644 2532 1698 ﬁdem
2557 1659 2663 1696 non
2697 1642 2896 1696 habere
2933 1642 2999 1695 iis
3037 1641 3127 1706 qui
3164 1637 3390 1691 ﬁdeliter

1835 1739 2043 1797 dicunt.
2093 1736 2239 1806 quod
2272 1737 2376 1791 sibi
2399 1735 2632 1788 videtur.
2663 1732 2815 1802 Rogo
2847 1732 3033 1801 igitur,
3064 1738 3121 1782 ut
3169 1729 3390 1781 audiens

1839 1827 1994 1880 ﬁdem
2031 1826 2166 1880 meis
2181 1824 2360 1878 verbis
2405 1823 2634 1876 tribuas.
2664 1819 2852 1875 Nullus
2879 1821 3011 1874 mihi
3043 1826 3127 1872 est
3159 1832 3387 1872 consan-

1839 1919 2070 1988 guineus
2102 1916 2156 1970 in
2190 1916 2293 1969 hac
2322 1916 2453 1978 vita,
2489 1914 2592 1968 nisi
2627 1923 2797 1966 mater
2839 1911 3096 1971 invalida,
3133 1923 3252 1978 quae
3309 1923 3393 1962 me

1840 2021 2086 2062 materno
2122 2005 2312 2060 aﬂ‘ectu
2340 2005 2705 2073 prosequitur.
2747 2003 2968 2056 Divitiis
3019 2016 3181 2069 porro
3208 1999 3394 2052 multis

1839 2107 1894 2153 et
1922 2098 2271 2168 possessione
2305 2095 2545 2158 abundo,
2581 2093 2815 2162 plurima
2859 2090 3253 2156 mancipiorum
3314 2095 3398 2141 est

1843 2191 1973 2244 mihi
2004 2189 2158 2258 copia
2185 2195 2238 2241 et
2262 2180 3068 2254 iumentoruminnumerabilis
3088 2177 3394 2232 multitudo.

1842 2285 1966 2338 llatc
1997 2285 2162 2353 igitur
2185 2281 2369 2336 omnia
2405 2278 2513 2333 Deo
2553 2278 2735 2331 dicare
2765 2275 3022 2345 cogitavi,
3063 2279 3117 2325 ut
3185 2283 3394 2326 sacram

1842 2379 2060 2430 domum
2095 2372 2376 2427 monachis
2407 2376 2744 2430 coustruam,
2778 2367 2823 2419 si
2892 2365 3035 2419 Deus
3069 2378 3164 2418 cor
3200 2360 3400 2416 sancti-

1846 2467 1976 2520 tatis
2002 2473 2107 2519 tuae
2142 2462 2384 2533 tetigerit
2411 2469 2466 2515 et
2497 2474 2706 2513 mecum
2757 2453 3282 2520 Constantinopolim
3313 2467 3400 2503 ve-

1847 2559 2014 2622 neris,
2045 2566 2101 2609 ιιι
2125 2571 2221 2625 per
2253 2569 2442 2608 sacras
2482 2559 2602 2605 tuas
2649 2563 2839 2600 manus
2870 2561 2968 2615 ego
3007 2553 3060 2597 et
3086 2553 3255 2596 mater
3286 2557 3400 2594 mea

1848 2648 2141 2702 induamur
2174 2646 2420 2714 angelico
2447 2644 2634 2696 habitu
2674 2640 2804 2708 (52).
2852 2638 3107 2690 Facerem
3144 2650 3288 2693 vero.
3348 2642 3404 2685 ut

1848 2739 1992 2792 sicut
2023 2739 2184 2792 modo
2213 2752 2448 2799 mecum,
2481 2735 2551 2788 ita
2578 2748 2699 2788 cum
2741 2731 2913 2788 sacris
2949 2728 3262 2783 consideres
3299 2727 3402 2781 im-

1853 2829 2219 2899 peratoribus.

1927 3092 2012 3145 66.
2037 3089 2209 3143 Verba
2232 3091 2345 3142 haec
2371 3086 2548 3142 mellis
2583 3095 2640 3140 et
2666 3085 2799 3154 picis
2832 3083 2985 3151 pit-na
3015 3096 3134 3134 cum
3165 3079 3406 3135 audisset

182 3194 330 3244 ματα
368 3179 396 3229 6
425 3178 520 3244 τῆς
564 3177 890 3246 διακρίσεως
922 3179 1113 3249 λύχνος
1154 3181 1362 3245 ἐκεῖνος
1421 3183 1662 3242 ἀκούσας
1687 3184 1746 3235 οὐ

1859 3183 1946 3236 illa
1996 3178 2343 3234 discretionis
2391 3177 2634 3236 lucerna.
2703 3189 2812 3228 non
2871 3173 2972 3226 fuit
3026 3171 3238 3225 illectus
3296 3179 3405 3223 tam

184 3269 519 3338 συνηρπάγη
572 3272 683 3332 τοῖς
705 3269 927 3339 ὑψηλοῖς
962 3271 1338 3342 ἐπαγγέλμασι
1371 3274 1602 3338 τούτοις,
1633 3274 1749 3326 ἀλλ’

182 3359 365 3429 ἠσυχῆ
421 3359 519 3427 τὴν
570 3362 727 3428 χεῖρα
794 3359 969 3430 βαλὼν
1016 3363 1073 3414 ὲν
1096 3362 1172 3431 τῷ
1199 3364 1403 3434 στήθει,
1437 3365 1572 3433 ὅπερ
1603 3365 1750 3436 αὐτῷ

185 3449 273 3502 ἀεὶ
304 3448 427 3511 ἔθος
459 3447 699 3518 ὑπῆρχε,
737 3448 830 3500 καὶ
861 3447 922 3499 τὸ
953 3450 1177 3518 σημεῖον
1206 3449 1300 3502 τοῦ
1335 3451 1568 3519 σταυροῦ
1598 3468 1752 3521 ποιη-

186 3539 444 3608 σάμενος,
476 3537 554 3606 τῷ
587 3539 876 3608 κοιτωνίτῃ
923 3537 1257 3610 ἀπεκρίνατο
1280 3554 1295 3569 ’
1340 3540 1400 3595 Ὀ
1433 3540 1531 3610 μὲν
1555 3544 1752 3605 σκοπὸς

185 3631 284 3699 τῆς
315 3630 588 3699 ὑμετέρας
641 3629 916 3699 θεοφιλίας
950 3647 1009 3682 τε
1043 3631 1136 3682 καὶ
1181 3632 1452 3694 συνέσεως
1504 3633 1754 3702 εὐκλεὴς,

185 3723 276 3773 καὶ
321 3720 444 3788 Θεῷ
495 3719 881 3782 εὑαπόδεκτος.
937 3721 1080 3790 Πρδς
1144 3721 1334 3774 τοῦτον
1390 3722 1497 3790 γάρ
1547 3724 1756 3797 ὲνᾴγων

186 3809 332 3881 ἡμᾶς
360 3813 388 3864 6
423 3811 638 3877 Σωτὴρ,
708 3810 1095 3880 παραϐολικῶς
1141 3810 1366 3880 ἔφησεν,
1405 3813 1485 3866 ὅτι
1524 3813 1755 3881 (Ὁμοία

188 3905 335 3956 ἐστὶν
355 3905 387 3970 ὴ
423 3901 668 3970 βασιλεία
691 3902 801 3953 τῶν
825 3902 1071 3970 οὐρανῶν
1107 3901 1363 3973 θησαυρῷ
1391 3905 1759 3975 κεκρυμμένῳ

188 3997 245 4048 ἰν
274 3995 452 4064 ἀγρῷ.
495 3994 553 4047 ὃν
597 3993 772 4065 εὑρὼν
821 3995 1105 4064 ἄνθρωπος
1145 3995 1368 4065 ἔκρυψε,
1399 3997 1492 4048 καὶ
1515 3995 1622 4049 ἀπὸ
1664 3997 1761 4065 τῆς

189 4089 366 4155 χαρᾶς
433 4078 669 4153 ὑπάγει,
724 4088 816 4140 καὶ
871 4087 1045 4139 πωλεῖ
1097 4087 1274 4140 πάντα
1324 4089 1424 4140 ὃσα
1472 4087 1606 4157 ἔχει,
1669 4089 1762 4140 καὶ

191 4177 454 4246 ἀγοράζει
490 4177 582 4228 τὸν
618 4177 784 4245 ἀγρὸν
839 4177 1066 4229 ἐκεῖνον.
1103 4194 1121 4228 ›
1165 4177 1319 4246 Ἐμοὶ
1344 4178 1398 4229 δὲ
1442 4177 1762 4247 ἀσύμφορόν

191 4268 309 4318 ἐστι
353 4265 758 4334 καταλείψαντα
789 4266 888 4335 τὴν
923 4265 1159 4336 ἐρημίαν
1196 4267 1440 4328 καὶτοὺς
1489 4283 1763 4333 συγκακο-

193 4356 506 4418 παθοῦντάς
566 4373 654 4424 μοι
719 4357 988 4424 πτωχοὺς,
1023 4356 1126 4408 ἀνά
1151 4357 1249 4418 τὰς
1300 4357 1483 4419 πόλεις
1510 4357 1762 4420 ἀλᾶσθαι,

1855 3268 2047 3338 amplis
2102 3267 2407 3341 promissis,
2471 3263 2565 3319 sed
2621 3278 2838 3318 manum
2893 3262 3072 3330 quiete
3127 3261 3192 3314 ad
3231 3259 3406 3314 sinum

1855 3360 2172 3424 admovens,
2235 3366 2297 3413 ut
2342 3373 2556 3426 semper
2597 3357 2674 3410 illi
2727 3355 2894 3409 moris
2963 3360 3100 3417 erat,
3157 3359 3211 3405 et
3253 3350 3409 3420 signo

1857 3435 2207 3506 crucis'sese
2256 3450 2614 3518 consignans,
2657 3443 2936 3514 respondit
2993 3439 3328 3496 cubiculario
3392 3454 3406 3493 ι

1855 3541 1984 3595 Tua:
2009 3539 2228 3610 quidem
2281 3539 2496 3610 pietatis
2525 3535 2934 3606 prudentiaeque
2987 3531 3220 3587 intentio
3260 3544 3410 3599 prae-

1860 3633 2007 3689 clara
2033 3633 2247 3700 Deoque
2275 3639 2521 3699 pergrata
2546 3636 2629 3682 est
2666 3643 2678 3677 :
2713 3627 2779 3682 ad
2804 3626 2945 3678 hanc
2963 3623 3105 3678 enim
3137 3637 3234 3676 nos
3272 3618 3412 3673 invi-

1860 3734 1981 3792 tans
2017 3723 2286 3787 Salvator,
2311 3720 2489 3774 aiebat
2520 3733 2614 3787 per
2640 3717 2946 3787 parabolam
3002 3733 3014 3768 :
3053 3731 3071 3764 ι
3108 3712 3294 3767 Simile
3328 3719 3412 3764 est

1861 3828 2087 3883 regnum
2135 3811 2396 3866 cmlorum
2446 3807 2701 3862 thesauro
2754 3804 3071 3859 abscondito
3148 3803 3201 3858 in
3256 3815 3408 3870 agro.

1861 3920 2017 3974 quem
2050 3904 2141 3973 qui
2168 3903 2376 3956 invenit
2425 3901 2593 3956 homo
2627 3898 2908 3952 abscondit
2959 3903 3014 3948 et
3063 3909 3169 3962 prae
3217 3892 3412 3960 gaudio

1865 3995 2014 4049 vadit
2044 4003 2098 4050 ct
2133 3992 2314 4048 vendit
2346 3991 2595 4045 universa
2635 4003 2754 4057 quae
2787 3987 2965 4047 habet,
2995 3993 3046 4038 et
3069 3985 3200 4037 emit
3225 3997 3413 4051 agrum

1863 4087 2015 4139 illum
2046 4085 2111 4138 ⁸ο.
2143 4104 2160 4134 ι
2199 4082 2303 4136 Sed
2339 4082 2468 4134 mihi
2524 4096 2634 4134 non
2675 4088 2761 4133 est
2794 4078 2926 4131 utile
2960 4075 3270 4142 relinquere
3319 4087 3413 4126 so-

1862 4173 2148 4228 litudinem
2185 4179 2237 4226 et
2263 4183 2553 4241 pauperes,
2585 4169 2676 4237 qui
2704 4181 2911 4220 mecum
2944 4177 3189 4232 asperam
3217 4163 3417 4229 degunt

1865 4266 2056 4327 vitam,
2086 4270 2139 4316 et
2194 4261 2378 4329 vagari
2437 4275 2531 4330 per
2579 4259 2744 4313 urbes
2773 4264 2826 4312 et
2882 4271 3042 4310 curas
3079 4254 3416 4324 negotiorum

1867 4353 2166 4423 suscipere.
2204 4352 2287 4407 An
2320 4350 2462 4405 forte
2495 4345 2969 4414 Constantinopoli
2994 4345 3192 4399 desunt
3226 4353 3419 4394 mona-

193 4447 285 4497 καὶ
345 4444 702 4515 ἀναδέχεσθαι
765 4445 1050 4515 φροντίδας
1118 4446 1478 4514 πραγμάτων.
1539 4447 1629 4516 Μὴ
1661 4447 1750 4516 Td;

1868 4444 1954 4498 chi
1980 4451 2034 4498 et
2056 4443 2362 4512 begumeni,
2385 4452 2444 4493 ut
2465 4454 2492 4492 a
2523 4454 2607 4493 me
2625 4437 2973 4499 tondeantur,
3001 4436 3095 4504 qui
3121 4434 3193 4486 ibi
3219 4432 3421 4486 mundo

196 4535 444 4599 ἐξέλιπεν
523 4535 628 4587 ἀπὸ
706 4536 1328 4596 Κωνσταντινουπόλεως
1386 4536 1615 4606 μοναχὸς
1671 4537 1750 4589 κα¹

1870 4533 2235 4587 renuntiant?
2289 4530 2444 4597 Quod
2517 4530 2563 4584 si
2603 4528 2826 4583 omnino
2874 4526 3190 4581 tenuitatem
3245 4539 3419 4578 meam

197 4627 524 4694 ἡγούμενος,
561 4627 647 4678 ἵνα
670 4625 734 4678 δι’
760 4624 895 4694 ἐμοῦ
930 4625 1300 4695 κουρευθῶσιν
1336 4626 1386 4678 οἱ
1419 4627 1592 4678 ἐκεῖσε
1625 4627 1762 4677 ἁπο-

197 4717 569 4783 τασσόμενοις
631 4716 692 4767 El
723 4715 777 4766 δὲ
807 4719 902 4767 καὶ
951 4714 1086 4778 ὅλως
1146 4717 1418 4785 προτιμᾷς
1477 4715 1576 4784 τὴν
1624 4715 1763 4784 ἐμὴν

196 4805 548 4872 οὐθενότητα,
609 4804 880 4858 κατάλαϐε
943 4806 1042 4875 τὴν
1114 4806 1368 4875 ἐσχατιὰν
1397 4808 1453 4857 ἐν
1538 4804 1764 4869 καθεζό-

206 4897 364 4964 μεθα,
418 4896 513 4949 καὶ
545 4895 663 4965 μεθ’
699 4897 854 4965 ἡμῶν
894 4898 994 4967 τὴν
1020 4897 1390 4967 τεΘλ-ιμμένην
1411 4898 1526 4950 ὁδὸν
1555 4896 1760 4950 διάνυε.

204 4989 468 5042 Οὐδέποτε
503 4989 610 5058 γὰρ
634 4988 835 5058 δυνήσῃ
865 4990 1080 5059 πτωχὸς
1101 4988 1355 5056 γενέσθαι
1379 4990 1454 5059 τῷ
1475 4989 1765 5060 πνεύματι,

208 5081 335 5148 πρὶν
383 5080 670 5141 παντελῶς
725 5079 1048 5149 πτωχεύσῃς
1084 5080 1162 5149 τῷ
1202 5080 1455 5150 σώματι·
1486 5081 1622 5149 ὅπερ
1682 5097 1767 5146 γι-

209 5169 430 5223 νώσκων
479 5169 841 5240 κατώρθωσεν
890 5169 917 5220 6
950 5171 1004 5222 έν
1035 5171 1210 5238 ἁγίοις
1261 5171 1550 5241 ’Δρσένιος.
1602 5170 1679 5222 Τὰ
1710 5169 1767 5222 δὲ

212 5247 291 5314 cf
323 5261 502 5315 πάντα
560 5260 824 5314 κατάλιπε
874 5263 940 5330 τῇ
1020 5259 1236 5331 ἐξουσίᾳ
1289 5261 1381 5314 τοῦ
1429 5263 1702 5332 φήσαντος
1750 5277 1760 5290 ·

1870 4624 2118 4694 praefers,
2147 4623 2335 4679 confer
2364 4632 2417 4677 te
2449 4623 2836 4684 inaccessum,
2856 4620 2908 4672 in
2930 4632 3038 4687 quo
3061 4617 3217 4671 sedes
3239 4623 3423 4669 nostra

1870 4727 1953 4773 est
1994 4729 2050 4773 et
2075 4726 2283 4772 arctam
2330 4714 2540 4770 conﬁce
2566 4712 2854 4769 nobiscum
2883 4712 3052 4773 viam,
3113 4723 3223 4762 nou
3277 4707 3422 4760 enim

1872 4810 2072 4879 poteris
2105 4809 2219 4863 ﬁeri
2255 4821 2459 4876 pauper
2489 4806 2708 4874 spiritu,
2739 4804 2794 4857 ni
2857 4802 3010 4870 prius
3067 4799 3292 4853 omnino
3327 4798 3423 4851 ﬁas

1876 4914 2078 4968 pauper
2141 4912 2422 4967 corpore:
2473 4895 2623 4964 quod
2681 4894 2861 4949 sciens
2927 4891 3243 4960 angelorum
3279 4904 3426 4942 nunc

1834 5002 1837 5003 '
1875 4988 2286 5044 contubernalis
2316 4989 2580 5049 Axsenitts
2607 4985 2830 5056 egregie
2851 4981 3125 5051 praestitit.
3156 4979 3272 5032 Tua
3299 4994 3427 5031 vero

1874 5080 2054 5133 omnia
2082 5077 2330 5146 relinque
2366 5076 2617 5146 potestati
2647 5075 2787 5143 ejus,
2817 5075 2910 5142 qui
2948 5071 3086 5126 dixit
3129 5090 3140 5124 :
3182 5089 3200 5120 ι
3247 5067 3420 5121 Meum

1873 5175 1956 5224 est
2005 5177 2308 5236 argentum,
2342 5175 2394 5221 et
2437 5181 2614 5220 uicum
2648 5173 2730 5221 est
2761 5178 2951 5218 aurum
2987 5163 3053 5226 ἰ,
3091 5179 3113 5212 ι
3155 5170 3207 5215 et
3243 5176 3257 5214 :
3299 5175 3318 5209 ι
3365 5158 3425 5212 Si

1875 5258 1998 5327 quis
2044 5272 2150 5314 non
2197 5257 2471 5310 renuntiat
2530 5256 2784 5311 omnibus
2835 5269 2955 5323 qua:
2989 5251 3245 5320 possidet,
3315 5264 3424 5302 non

279 5442 323 5475 ⁶⁹
353 5439 544 5496 Matth.
586 5453 638 5500 ν,
670 5436 738 5492 δι
777 5437 864 5492 57.
944 5437 989 5470 ⁸ο
1025 5435 1211 5496 Matth.
1239 5450 1364 5499 xm,
1418 5436 1508 5488 46.
1585 5433 1627 5467 ⁸³
1657 5434 1792 5502 Agg.
1820 5447 1879 5496 ιι,
1911 5435 1966 5485 9.

1481 5595 1747 5658 Joannis
1775 5595 1902 5655 Clei
1933 5599 2120 5654 nota.

281 5754 386 5819 (Sil
415 5748 812 5804 Sciuntmaritts
838 5745 971 5819 Nota
1003 5746 1061 5800 l2
1107 5748 1170 5800 ad
1201 5745 1376 5800 Vitam
1399 5743 1464 5819 ΔΒ.
1487 5743 1770 5819 Bartltolo-

217 5812 324 5877 mari
353 5821 602 5876 tmtrihtls
646 5817 908 5880 exemplis
944 5817 1301 5880 deluousttat,
1327 5815 1542 5883 vulgare
1596 5812 1761 5867 fuisse

1880 5743 2024 5862 iultler
2076 5738 2315 5804 Graecos,
2352 5737 2593 5796 habitum
2617 5737 2990 5794 monacbalem
3027 5734 3310 5805 angelicum
3337 5750 3429 5808 ap-
3463 5769 3488 5785 .

1880 5828 1929 5862 Γιυ
1977 5827 2086 5862 are.

1867 5827 2086 5876 pcuare.
