4132 6332
634 405 730 466 ii)
2079 400 2416 462 ANUNYMI
3770 404 3842 467 12:

629 520 804 594 gladio
875 527 923 570 te
969 518 1316 586 perimrntes.
1369 517 1442 571 De
1505 533 1638 586 pace
1697 527 1876 574 autem
1935 517 2201 572 Calabria:

2310 511 2445 584 αἷμά
2506 535 2596 569 σου
2652 517 2863 570 πίονται
2914 516 3160 586 μαχαίρᾳ
3194 511 3251 568 σὲ
3289 515 3722 580 θανατῶσαντες.
3773 508 3872 569 Καδ

629 626 695 661 ne
732 610 970 672 labores,
1005 624 1102 662 nec
1129 624 1319 676 preces
1344 607 1618 674 effundas,
1648 607 1747 662 ltoc
1797 610 1942 662 enim
1978 609 2195 662 univero

628 718 814 753 surum
859 703 1090 755 Domino
1131 716 1237 754 non
1275 702 1478 770 placet.
1511 700 1664 754 Tunc
1693 700 1880 755 fratris
1922 709 2197 768 metropo-

631 796 737 845 litne
767 793 931 845 filius:
961 793 1366 857 Vides,inquit,
1395 801 1581 846 sancte
1609 790 1791 852 Pater.
1820 799 1953 860 quot
1983 791 2196 844 animas

629 886 1116 938 reverendissimus
1165 884 1417 937 liberavit
1466 886 1487 936 ?
1550 884 1850 951 Respondit
1902 891 2128 938 sanctus
2179 899 2194 934 :

629 975 744 1026 Non
782 976 1013 1038 animas,
1048 974 1140 1028 sed
1174 989 1404 1043 corpora
1439 975 1716 1030 liberavit.
1743 976 1974 1030 Prodest
2015 984 2194 1028 autem

632 1065 878 1128 [‘lm'ibus
910 1075 961 1118 et
991 1081 1279 1134 corporum
1306 1065 1546 1130 afﬂictio,
1575 1069 1774 1136 quibus
1811 1067 2034 1121 libertas
2059 1067 2197 1118 mul-

632 1167 809 1208 torum
846 1157 1111 1209 malorum
1149 1157 1205 1209 fit
1237 1156 2198 1225 ansa,quemadmodumfurentibus

635 1249 879 1313 prodest,
917 1250 1059 1316 quod
1096 1249 1289 1301 medici
1322 1249 1446 1302 illos
1478 1250 1768 1304 occludam
1803 1259 1850 1304 el
1886 1247 2030 1302 fame
2075 1263 2200 1302 cru-

629 1342 793 1394 cient.
822 1339 976 1404 Quod
1048 1342 1093 1394 si
1159 1341 1295 1404 base,
1353 1356 1471 1411 qua:
1531 1341 1752 1396 molesta
1793 1341 2068 1403 videntur,
2130 1338 2197 1393 ad

632 1433 932 1486 multorum
983 1431 1216 1487 salutem
1253 1433 1390 1487 nihil
1425 1432 1766 1498 conferrent,
1820 1442 1971 1488 certe
2016 1449 2043 1486 a
2092 1432 2200 1486 Deo

633 1541 739 1576 non
778 1529 1249 1592 permitterentur.
1299 1525 1526 1594 Cportet
1573 1535 1752 1578 tamen
1811 1541 1839 1579 a
1882 1525 2200 1595 potentibus

632 1618 896 1670 auxilium
925 1620 1004 1672 eis
1039 1603 1299 1686 impendi,
1328 1619 1503 1687 quoad
1537 1618 1656 1685 ejus
1691 1618 1805 1671 fieri
1859 1617 2050 1685 possit.
2092 1616 2202 1669 Me-

633 1709 890 1774 tropolila
930 1723 1051 1760 eum
1079 1710 1189 1761 haec
1218 1711 1460 1763 audisset
1492 1718 1544 1762 et
1576 1708 1808 1763 consilio
1857 1707 2033 1761 Patris
2091 1722 2198 1761 non

636 1801 932 1860 paruisset.
971 1801 1289 1855 vaticinium
1331 1802 1382 1855 in
1419 1818 1476 1856 se
1505 1801 1836 1869 adimplevit.
1871 1804 1940 1855 At
1979 1811 2201 1855 sanctus

636 1893 794 1945 Pater
833 1905 1016 1946 noster
1050 1890 1203 1945 Nilus
1247 1902 1357 1945 tum
1397 1893 1568 1947 nimio
1587 1893 1919 1947 austerioris
1963 1894 2087 1946 vitae
2130 1893 2206 1945 la-

639 1988 791 2045 bore,
825 1993 934 2034 tum
964 1985 1379 2052 ingravescente
1403 1987 1514 2053 jam
1566 1993 1748 2049 aetate,
1795 2001 1918 2038 nam
1951 1986 2063 2039 fere
2123 2001 2210 2040 se-

640 2073 974 2140 xagesimum
1032 2076 1221 2144 agebat
1252 2091 1480 2139 annum,
1519 2077 1908 2131 deficientibus
1974 2078 2206 2139 viribus,

638 2178 745 2215 non
780 2164 1000 2216 valebat
1039 2166 1273 2231 amplius
1315 2165 1494 2235 longis
1527 2165 1819 2220 itineribus
1851 2168 2104 2237 pedester
2147 2182 2208 2221 se

640 2254 978 2308 committere
1010 2257 1126 2308 sine
1149 2257 1393 2323 periculo
1423 2275 1437 2311 :
1473 2258 1657 2326 itaque
1689 2259 1941 2312 utebatur
1969 2274 2110 2327 equo
2139 2260 2205 2311 ad

641 2347 947 2399 subsidium
1006 2364 1215 2417 n-agnaa
1273 2350 1670 2404 imbecillitatis
1711 2365 1879 2402 :nam
1943 2349 2203 2418 majorcm

643 2439 852 2492 itineris
882 2447 1090 2507 partem
1140 2439 1322 2494 studio
1357 2441 1643 2494 servandae
1671 2441 2051 2505 continentiae,
2096 2456 2204 2509 qua

640 2528 876 2581 virtutes
938 2529 1306 2593 continentur,
1352 2546 1554 2599 equum
1615 2534 1842 2587 trabens
1891 2535 2008 2602 ipse
2067 2534 2203 2588 ibat.

639 2618 835 2682 Quem,
869 2618 996 2671 dum
1038 2629 1264 2673 sanctus
1291 2619 1450 2674 Pater
1479 2637 1601 2674 cum
1636 2623 2057 2692 archiepiscopo
2091 2640 2208 2677 ser-

641 2723 853 2763 monem
887 2709 1188 2774 conferret,
1221 2724 1548 2779 suggerente
1577 2712 1824 2779 diabolo,
1875 2715 2087 2768 furatus
2119 2725 2205 2770 est

639 2800 860 2866 quidam
894 2811 945 2854 et
965 2801 1120 2856 abiit.
1150 2802 1284 2856 Cum
1311 2818 1461 2866 vero,
1486 2813 1655 2859 eunte
1687 2807 1806 2869 illo,
1825 2817 2206 2862 coorlusesset

640 2893 822 2954 turbo,
864 2908 927 2944 ex
985 2908 1124 2961 equo
1163 2893 1505 2948 descendens
1563 2896 1664 2951 sub
1711 2899 1941 2966 quadam
2009 2901 2205 2954 arbore

642 2983 841 3042 stabat.
879 2992 1208 3052 exspectans
1234 2985 1585 3039 serenitatem
1624 2987 1790 3048 aeris.
1834 2999 1886 3042 et
1935 2989 2116 3059 fulgur
2172 3006 2204 3044 e

641 3071 781 3125 uelo
811 3073 1019 3140 lapsum
1055 3075 1324 3141 percussit
1359 3076 1616 3130 misermn
1650 3087 1854 3134 etorco
1877 3083 2202 3140 transmisit.

643 3163 785 3227 quod
821 3177 929 3216 non
958 3165 1227 3218 audiverit
1252 3165 1524 3219 dicentem

638 3253 786 3319 justo
819 3268 928 3305 non
966 3263 1049 3308 est
1075 3255 1279 3308 bonum
1309 3257 1386 3320 ‘°;
1424 3276 1443 3308 ›
1476 3267 1528 3312 et
1561 3275 1575 3310 :
1607 3260 1735 3325 «Qui
1764 3261 2069 3330 furabatnr,
2096 3267 2207 3334 jam

644 3357 755 3393 non
799 3344 1032 3405 fnretur,
1075 3343 1248 3414 magis
1277 3354 1456 3399 autem
1486 3347 1999 3418 laboretoperando
2030 3355 2206 3407 mani.

646 3433 749 3484 bus
812 3433 948 3490 suis.
997 3446 1052 3488 ut
1124 3435 1340 3499 habeat,
1387 3439 1530 3491 unde
1589 3440 1790 3496 tribuat
1829 3446 2208 3501 necessitatem

644 3524 873 3588 patienti
928 3525 993 3578 ".
1059 3542 1080 3576 ι
1146 3525 1212 3578 Et
1266 3527 1360 3581 ille
1409 3530 1629 3596 quidem
1697 3532 1886 3594 infelix
1936 3540 2207 3604 peccavit,

644 3613 847 3666 frustra
907 3625 1168 3684 operatus
1256 3617 1595 3686 iniquitatem
1670 3636 1684 3673 :
1745 3626 2007 3690 postridie
2082 3645 2209 3683 vero

640 3706 863 3770 quidam
939 3708 1064 3761 illac
1145 3717 1497 3765 transeuntes
1575 3725 1906 3781 agnoverunt
1983 3734 2207 3788 equum,

641 3797 733 3856 qui
799 3799 871 3852 ibi
921 3799 1269 3867 pascebatur,
1334 3815 1386 3856 et
1449 3803 1501 3856 in
1576 3810 1974 3862 monasterium
2039 3811 2209 3864 dedo-

635 3898 860 3953 uerunt,
921 3891 1147 3960 viroque
1203 3892 1356 3954 justo
1407 3895 1553 3955 quod
1618 3910 1777 3950 suum
1827 3909 1967 3964 erat,
2029 3903 2211 3956 reddi-

641 3984 858 4033 derunt.

713 4070 799 4122 70.
828 4071 951 4125 Alio
975 4087 1194 4141 quoque
1221 4081 1464 4145 tempore
1493 4078 1652 4132 miles
1673 4079 1896 4148 quidam
1931 4083 2211 4150 profectus

641 4167 720 4210 est
751 4159 934 4212 animo
955 4159 1173 4214 furandi
1202 4177 1401 4232 equum
1431 4181 1459 4218 ο
1491 4172 1849 4233 monasterio,
1883 4182 1937 4224 et
1964 4188 2089 4227 cum
2127 4177 2209 4230 sol

644 4249 755 4304 fare
778 4250 888 4319 jam
926 4251 1203 4307 occideret
1251 4262 1307 4308 et
1364 4255 1457 4310 ille
1528 4273 1558 4311 e
1626 4261 1846 4329 regione
1887 4266 2207 4319 monasterii

645 4350 835 4405 staret,
869 4342 1112 4409 ilfudque
1150 4345 1337 4398 oculis
1368 4337 1734 4416 prospiceret,
1762 4364 1976 4409 noctem
2014 4373 2209 4426 exspe-

643 4444 819 4497 ctans,
854 4443 910 4485 ut
936 4442 1205 4488 nocturno
1230 4445 1473 4505 tempore
1529 4443 1877 4496 tenebrarum
1925 4462 2066 4515 opus
2097 4451 2208 4504 efli-

2306 610 2433 678 περὶ
2500 609 2600 677 τῆς
2661 609 2883 678 εἰρήνης
2915 608 3014 676 τῆς
3055 607 3376 676 Καλαϐρίας
3404 607 3475 676 μὴ
3508 607 3704 670 κοπιῶ,
3744 606 3865 676 μηδῖ

2305 701 2479 765 ἀξίου,
2543 701 2604 752 ού
2671 699 2778 768 γὰρ
2837 700 3051 752 εὐδοκεῖ
3084 701 3110 750 6
3161 697 3270 749 τῶν
3321 698 3458 750 ὅλων
3506 697 3790 766 Δεσπότης
3819 697 3872 748 ἐι

2304 794 2501 865 τούτῳ.
2535 793 2700 858 Λέγει
2730 792 2787 845 δὲ
2815 792 2953 862 πρὸς
2983 791 3147 844 αὐτὸν
3169 792 3195 842 6
3229 790 3448 858 ἀνεψιὸς
3469 791 3564 843 τοῦ
3602 805 3850 859 μητροπο

2303 886 2475 938 λίτουο
2514 867 2709 956 ,⁸ορᾷς,
2740 885 2923 953 Πάτερ
2948 883 3093 950 ἅγιε,
3137 883 3308 943 πόσας
3333 883 3360 933 6
3391 881 3659 950 δεσπότης
3697 879 3878 950 ψυχὰς

2306 958 2717 1048 ⁴Ιπλευθέρωσεκ
2757 976 3058 1047 Ἀπεκρίθη
3081 976 3137 1029 δὲ
3169 976 3323 1046 αὐτῷ
3353 977 3378 1027 6
3399 976 3568 1036 ὅσιος·
3602 976 3674 1027 Οὐ
3699 973 3877 1043 ψυχὰς

2306 1070 2729 1142 ἠλευθέρωσεν,
2799 1068 2938 1120 ἁλλά
2997 1066 3250 1136 σώματα.
3313 1066 3600 1120 Λυσιτελεῖ
3658 1067 3714 1118 δὲ
3764 1065 3876 1126 τοῖς

2306 1161 2522 1222 πολλοῖς
2580 1162 2673 1211 καὶ
2708 1161 2740 1227 ἡ
2774 1158 2882 1212 τῶν
2939 1159 3209 1228 σωμάτων
3266 1158 3511 1219 κάκωσις
3542 1196 3555 1216 ,
3611 1157 3758 1217 ὅσοις
3817 1155 3878 1208 τὸ

2305 1251 2705 1321 ἐλευθεριάζειν
2760 1250 2971 1302 πολλῶν
2997 1248 3185 1302 κακῶν
3215 1250 3365 1301 αῖτον
3410 1249 3640 1314 γίνεται.
3666 1246 3880 1313 Ὠσπερ

2306 1347 2359 1397 ai
2392 1346 2544 1414 παρὰ
2569 1342 2681 1396 τῶν
2743 1342 2946 1413 ἰατρῶν
2987 1344 3098 1404 τοῖς
3146 1342 3491 1410 μαινομένοις
3539 1336 3880 1405 συγκλείσεις

2307 1454 2366 1490 τε
2402 1437 2493 1488 καὶ
2513 1435 2884 1504 λιμαγχονίαι.
2906 1436 2967 1487 Εί
3000 1435 3055 1486 δὲ
3082 1433 3156 1502 μὴ
3183 1433 3354 1485 ταῦτα
3372 1431 3633 1485 δοκοῦντα
3656 1428 3880 1498 λυπηρὰ

2306 1533 2371 1599 τῇ
2407 1530 2515 1581 τῶν
2549 1528 2756 1580 πολλῶν
2804 1528 3046 1596 σωτηρίᾳ
3106 1524 3417 1583 συνέϐαλεν,
3476 1522 3574 1574 οὐκ
3631 1520 3697 1573 ἂν
3741 1519 3881 1589 πρὸς

2308 1623 2400 1674 τοῦ
2432 1621 2564 1674 Θεοῦ
2592 1619 3053 1688 συνεχωρήθησαν
3077 1616 3346 1685 γίνεσθαι.
3382 1616 3474 1666 Δεῖ
3497 1613 3553 1664 δὲ
3583 1613 3730 1678 ὅμως
3753 1608 3880 1670 τοὺς

2308 1714 2639 1782 δυναμένους
2664 1711 2884 1781 βοηθεῖν
2922 1713 3038 1773 τοῖς
3064 1707 3352 1771 τοιούτοις,
3386 1707 3509 1759 ὅσον
3576 1703 3877 1772 ἐκδέχεται.

2310 1807 2493 1859 Ταῦτα
2521 1807 2549 1858 6
2580 1804 2984 1874 μητροπολίτης
3035 1799 3299 1861 ἀκούσας,
3367 1798 3461 1850 καὶ
3485 1799 3548 1864 τῇ
3575 1812 3632 1847 τε
3666 1791 3881 1862 ιῐατρδς

2314 1895 2614 1966 συμϐουλία
2640 1894 2713 1964 μὴ
2743 1891 3086 1954 ὑπακούσας,
3108 1889 3170 1941 τὸ
3199 1883 3584 1956 προφητευθέν
3610 1881 3760 1951 αὐτῷ
3788 1881 3882 1934 ἐπ’

2310 1987 2472 2040 αὐτὸν
2507 1983 2784 2050 ἐτελέσθη.
2825 1983 2882 2034 Ὀ
2912 1982 2967 2033 δὲ
3000 1981 3142 2041 ὅσιος
3189 1977 3379 2046 Πατὴρ
3411 1975 3568 2044 ἡμῶν
3598 1972 3790 2034 Νεῖλος
3818 1968 3881 2024 τῖ)

2312 2077 2409 2145 μὲν
2460 2076 2521 2126 ἐκ
2556 2072 2650 2126 τοῦ
2688 2071 2885 2124 πολλοῦ
2930 2071 3026 2138 τῆς
3060 2069 3349 2137 ἀσκήσεως
3412 2066 3596 2128 πόνου,
3633 2062 3767 2116 τὸδὲ
3813 2061 3879 2119 ἐκ

2308 2166 2414 2218 τῶν
2439 2165 2646 2235 χρόνων
2678 2163 2871 2232 ἱκανῆς
2901 2161 3150 2230 περιόδου
3174 2177 3186 2190 ·
3219 2157 3346 2229 περὶ
3375 2157 3486 2228 γὰρ
3511 2155 3579 2208 τὰ
3608 2155 3880 2224 ἐξήκοντα

2308 2256 2400 2322 ἔτη
2425 2255 2694 2324 ὑπῆρχεν
2729 2253 3067 2321 ἁδυνατήσας
3085 2248 3296 2313 λοιπὸν,
3329 2249 3422 2301 καὶ
3450 2247 3646 2316 μηκέτι
3680 2243 3880 2313 ίσχύων

2306 2350 2405 2410 τὰς
2438 2347 2654 2415 μακρὰς
2681 2347 2833 2408 ὁδοὺς
2873 2343 3174 2406 ἀκινδύνως
3222 2342 3576 2410 πεζοπορεῖν,
3607 2338 3878 2408 ἐκέχρητο

2309 2443 2463 2510 ἵππῳ
2498 2440 2632 2509 πρὸς
2669 2437 2973 2506 θεραπείαν
3006 2437 3100 2504 τῆς
3133 2435 3333 2502 πολλῆς
3365 2431 3584 2493 ἀτονίας
3617 2446 3632 2460 ⁸
3675 2431 3734 2482 ὲν
3770 2428 3879 2498 γὰρ

2306 2509 2617 2601 τῷιπλεὶονι
2667 2530 2768 2598 τῆς
2825 2528 2946 2580 ὀδοῦ
3008 2526 3186 2596 μέρει,
3221 2525 3364 2593 λόγῳ
3395 2526 3493 2592 τῆς
3521 2519 3878 2589 περιεκτικῆς

2307 2622 2636 2690 ἐγκρατείας
2667 2619 2950 2689 ἐπισύρων
2983 2619 3146 2670 αὑτὸν
3180 2615 3493 2685 ἐπορεύετο.
3543 2611 3744 2666 Τοῦτον
3787 2609 3879 2664 τὸν

2310 2723 2478 2767 tam»
2531 2714 2589 2766 ἐν
2610 2711 2689 2782 τῷ
2719 2712 2812 2764 τὸν
2839 2711 2986 2763 ὅσιον
3037 2708 3329 2778 τυγχάνειν
3386 2705 3524 2776 μετά
3580 2703 3675 2756 τοῦ
3720 2703 3878 2773 ἀρχι-

2307 2805 2635 2868 επισκόπου,
2668 2800 2995 2871 ὑποϐληθείς
3026 2816 3110 2860 τις
3142 2799 3247 2852 ὑπὸ
3274 2796 3369 2850 τοῦ
3392 2795 3657 2860 διαϐόλου,
3677 2794 3877 2863 κλέψας

2307 2896 2675 2966 ἀνεχώρησεν.
2753 2892 2910 2947 Κατά
2967 2892 3023 2943 δὲ
3080 2891 3178 2959 τὴν
3235 2891 3356 2943 ὁδὸν
3406 2889 3673 2959 χειμῶνος
3730 2886 3878 2957 αὐτῷ

2307 2988 2648 3050 ἐπελθόντος,
2697 2987 2906 3048 ἀποϐὰς
2959 2985 3051 3037 τοῦ
3088 2986 3255 3036 ἵππου
3307 2984 3494 3035 ἵστατο
3542 2980 3632 3048 ὑφ’
3660 2981 3738 3032 ἑνὶ
3769 2979 3879 3030 τῶν

2306 3079 2541 3153 δένδρων
2582 3080 2927 3148 ἐνδεχόμενος
2953 3076 3246 3146 παρελθεῖν
3282 3075 3379 3143 τὴν
3407 3073 3748 3143 σφοδρότητα
3780 3068 3875 3123 τοῖ’)

1577 3185 1590 3221 :
1630 3188 1648 3218 ι
1686 3169 1951 3224 Damnum
2007 3173 2204 3228 inferre

2315 3175 2496 3244 ἀέρος.
2552 3173 2759 3242 Βροντὴ
2788 3167 3170 3240 δὲ“ούρανόθεν
3216 3165 3464 3224 ,ἐλθοῦσα
3520 3164 3759 3228 ἐπάταξε
3788 3161 3877 3215 τὸν

2310 3265 2679 3334 ταλαίπωρον,
2721 3261 2817 3315 καὶ
2853 3261 2930 3330 τῷ
2952 3260 3054 3331 ᾷδῃ
3085 3257 3440 3329 παρέπεμψε,
3471 3257 3546 3325 μὴ
3587 3254 3877 3307 πεισθέντα

2311 3355 2390 3425 τῷ
2431 3355 2674 3424 λέγοντι⁸
2709 3352 3212 3423 «Ζημιοῦνᾶνδρα,
3243 3353 3300 3404 ού
3341 3351 3556 3405 καλόν.»
3589 3349 3699 3402 Καί
3721 3365 3735 3378 ι
3779 3365 3797 3397 ι
3820 3347 3879 3399 '0

2311 3448 2560 3500 κλέπτων
2613 3446 2806 3514 μηκέτι
2842 3444 3143 3510 κλεπτέτω,
3175 3444 3313 3496 ἀλλά
3360 3442 3607 3495 κοπιάτω
3654 3439 3880 3508 ἑργαζὸς

2317 3553 2473 3605 μενος
2528 3537 2650 3596 ταῖς
2711 3533 2871 3595 ἰδίαις
2918 3534 3130 3603 χερσὶν,
3172 3533 3241 3583 ἶν’
3282 3532 3381 3602 ἔχῃ
3445 3527 3771 3599 μεταδοῦναι
3801 3527 3877 3598 τῷ

2311 3629 2506 3698 ςίρείαν
2550 3626 2779 3696 ἔχοντι.»
2813 3624 2926 3677 Καὶ⁵
2953 3625 2980 3676 6
3017 3625 3114 3693 μὲν
3148 3622 3331 3685 ἅθλιος
3382 3623 3587 3683 ἐκεῖνος
3630 3621 3878 3690 ἥμαρτεν

2312 3717 2592 3786 ἀηκομήσας
2616 3714 2872 3782 διακενῆς
2899 3732 2914 3744 ·
2973 3715 3119 3777 τινὲς
3148 3715 3205 3767 δέ
3240 3717 3305 3784 τῇ
3337 3714 3598 3782 ἐπαύριον
3627 3712 3723 3782 τὴν
3759 3711 3881 3764 ὁδὸν

2310 3809 2673 3879 διερχόμενοι,
2726 3808 2820 3860 καὶ
2870 3807 2962 3859 τὸν
3011 3807 3183 3861 ἵππον
3227 3806 3595 3874 γνωρίσαντες
3647 3805 3738 3855 ἐπὶ
3782 3803 3878 3863 τοῦ

2310 3903 2478 3954 τόπου
2511 3901 2835 3970 νεμόμενον,
2864 3897 3001 3967 πρὸς
3032 3897 3096 3949 τὸ
3149 3895 3515 3964 μοναστήριον
3539 3893 3879 3948 διεσώσαντο

2310 3993 2406 4044 καὶ
2438 3991 2703 4044 ἀπέδοντο
2729 3989 2806 4059 τῷ
2833 3988 3031 4059 δικαίῳ
3060 3989 3119 4039 τὸ
3149 3987 3303 4040 ἴδιον.

2382 4083 2443 4135 θ’.
2479 4081 2702 4133 Ἀλλοτε
2757 4081 2919 4134 πάλιν
2975 4081 3085 4132 τῶν
3127 4079 3472 4149 στρατιωτῶν
3518 4097 3602 4142 τις
3629 4079 3878 4148 ὁρμήσας

2317 4171 2449 4241 πρὸς
2475 4173 2534 4222 τδ
2560 4171 2651 4222 τὸν
2691 4172 2857 4222 ἵππον
2909 4170 3017 4222 ἀπὸ
3052 4169 3144 4221 τοῦ
3201 4171 3570 4239 μοναστηρίου
3621 4168 3876 4236 συλῆσαι,

2314 4264 2405 4315 καὶ
2436 4261 2565 4330 περὶ
2593 4262 2803 4330 δυο·μάς
2833 4260 2984 4328 ἡλίου
3011 4259 3179 4312 ἐλθὼν
3203 4258 3303 4324 τῆς
3330 4261 3497 4324 μονῆς
3527 4257 3586 4322 ἐξ
3608 4258 3876 4321 ἐναντίας,

2311 4353 2452 4406 ὥστε
2490 4352 2583 4404 καὶ
2614 4352 3050 4420 ὀφθαλμοφανῶς
3100 4351 3232 4404 αὐτὸ
3287 4351 3530 4418 βλέπειν,
3587 4348 3877 4419 περιέμενε

2311 4447 2411 4516 τὴν
2433 4445 2627 4508 νύκτα,
2664 4445 2748 4495 ἵνα
2769 4444 2826 4494 ἐν
2854 4443 3035 4494 σκότει
3069 4443 3270 4514 ποιήσῃ
3307 4441 3368 4493 τὸ
3410 4442 3572 4509 ἔργον
3615 4438 3708 4492 τοῦ
3754 4437 3879 4491 σκό-

643 4531 808 4578 Curet.
841 4525 974 4578 Cum
1019 4540 1145 4579 vero
1206 4533 1318 4581 tota
1385 4529 1476 4582 illa
1536 4542 1694 4587 nocte
1755 4540 2204 4605 pemmbulasset.

2312 4554 2456 4598 τους.
2486 4534 2768 4606 Περιπατή
2780 4550 2875 4595 σας
2901 4533 2957 4584 δὲ
2975 4533 3158 4586 πᾶσαν
3183 4532 3280 4600 τὴν
3303 4530 3476 4583 νύκτα
3495 4531 3713 4600 ἐκείνην
3728 4528 3877 4581 οὐδό-

648 4630 927 4683 nunquam
980 4617 1159 4684 potuit
1197 4622 1534 4674 monasterio
1558 4625 1948 4692 propinquare,
1976 4630 2070 4684 sed
2127 4633 2211 4686 in-

647 4705 833 4758 ridens
866 4706 920 4758 in
961 4715 1232 4775 prierupta
1259 4717 1314 4764 et
1350 4726 1511 4778 rupes
1573 4713 1911 4782 inaccessas,
1942 4722 2209 4792 satispw~

648 4811 838 4848 narum
871 4804 924 4850 et
963 4796 1165 4850 laboris
1237 4815 1436 4868 passus
1496 4813 1617 4855 est:
1672 4805 1762 4858 ubi
1832 4824 1963 4861 vero
2006 4811 2209 4877 illuxit,

647 4889 1042 4943 monasterium
1069 4897 1194 4942 ante
1226 4907 1285 4944 se
1321 4892 1472 4947 vidit.
1507 4894 1691 4964 Itaque
1731 4899 2076 4955 vehementer
2106 4905 2205 4957 ob-

648 4978 989 5045 stupefactus
1022 4980 1305 5044 miraculo,
1338 4982 1473 5036 adiit
1504 4988 1880 5050 pmnitentiam
1933 5004 2096 5059 agitans
2154 5002 2210 5046 et

647 5069 825 5133 palam
858 5071 1160 5146 cnuntians_
1191 5071 1275 5125 sui
1319 5072 1534 5126 consilii
1567 5077 1912 5142 pravitatem.
1946 5080 2052 5133 Per
2075 5082 2208 5137 illud

650 5169 866 5227 tempus
891 5160 1180 5227 impiorum
1244 5162 1619 5232 Agarenorum
1676 5167 1993 5224 incursione
2046 5174 2210 5227 deva-

649 5259 822 5303 stante
859 5251 1168 5305 Calabriam
1219 5262 1273 5307 et
1327 5256 1507 5308 omnia
1567 5257 1933 5326 depraedante,
1985 5273 2212 5320 sanctus

649 5343 809 5394 Pater
868 5341 1021 5397 Nilus
1061 5344 1114 5397 in
1151 5359 1333 5399 arcem
1365 5359 1424 5399 se
1473 5351 1708 5402 contulit
1772 5365 1897 5405 eum
1949 5353 2211 5412 fratribus

649 5431 830 5497 ibique
852 5439 968 5487 tuto
1001 5435 1314 5489 morabatur
1348 5453 1361 5500 ;
1397 5445 1507 5490 tres
1537 5453 1664 5491 vero
1697 5445 1965 5512 segregati
1994 5447 2064 5497 ab
2090 5447 2210 5503 illis

648 5533 965 5580 manserunt
989 5523 1041 5577 in
1074 5528 1423 5591 monasterio,
1460 5529 1712 5597 captique
1769 5543 1896 5585 sunt
1946 5552 1972 5587 τι
2011 5537 2208 5591 Sarra-

649 5613 871 5668 Ceniset
899 5613 1117 5670 abducti
1142 5618 1197 5672 in
1230 5616 1498 5674 Siciliam.
1556 5620 1706 5685 Quos
1774 5631 1960 5680 tamen
2011 5627 2206 5691 beatus

724 5789 766 5820 ‘°
794 5787 954 5842 Prov.
988 5805 1117 5857 xvu,
1157 5792 1245 5848 26.
1325 5796 1364 5826 ⁶¹
1403 5795 1600 5863 Eplies.
1649 5814 1718 5860 tv,
1768 5799 1860 5855 ‘38.

2312 4629 2422 4690 λως
2454 4629 2641 4696 ἴσχυσε
2669 4628 2736 4695 τῇ
2766 4628 2902 4694 μονῇ
2923 4623 3309 4693 προσεγγίσαι,
3343 4622 3476 4675 ἀλλὰ
3501 4622 3741 4691 φάραγξι
3785 4621 3877 4673 καὶ

2312 4719 2575 4789 κρημνοῖς
2609 4715 2846 4786 ἐντυχὼν
2879 4716 3122 4777 ἀϐάτοις,
3155 4714 3468 4784 ἀρκούντως
3523 4712 3874 4784 ἐταριχεύθη,

2325 4810 2570 4879 Ἡμέρας
2595 4808 2649 4859 δὲ
2681 4806 2982 4876 γενομένης
3041 4806 3353 4876 ἔμπροσθεν
3424 4805 3587 4858 αὐτοῦ
3620 4804 3681 4856 τό
3713 4821 3878 4874 μοναε-

2314 4903 2539 4968 στήριον
2566 4895 2726 4951 εἶδενο
2751 4898 2844 4950 καῖ¹
2871 4898 2946 4966 τῷ
2982 4897 3223 4967 θαύματι
3249 4897 3454 4965 σφόδρα
3478 4896 3874 4964 καταπλαγεὶς,

2312 4990 2484 5060 εἰσῄει
2516 4990 2813 5059 μετανοῶν,
2851 4988 2946 5040 καὶ
2976 4987 3073 5057 τὴν
3112 4986 3321 5040 οἰκείαν
3378 4984 3876 5054 ἐξομολογούμενος

2313 5081 2692 5134 κακοϐουλίαν.
2710 5081 2796 5133 Ἐν
2818 5080 2893 5149 τῷ
2918 5077 3094 5148 καιρῷ
3119 5077 3312 5146 ἐκείνῳ
3338 5075 3746 5144 ἐπιδραμόντων
3770 5075 3877 5127 τῶν

2313 5173 2489 5227 ἀθέων
2530 5170 2847 5240 Ἀγαρηνῶν
2898 5169 2980 5238 τῷ
3041 5169 3238 5236 θέματι
3271 5167 3370 5234 τῆς
3418 5165 3751 5234 Καλαϐρίας,
3783 5165 3878 5218 καὶ

2313 5265 2491 5317 πάντα
2541 5263 2896 5332 ληϊζομὲνων,
2929 5263 2957 5313 6
2993 5260 3088 5327 μὲν
3121 5260 3264 5318 ὅσιος
3311 5257 3501 5326 Πατὴρ
3533 5260 3593 5307 τὸ
3620 5256 3878 5325 φρούριον

2317 5353 2639 5408 καταλαϐὼν
2669 5357 2767 5404 σὺν
2813 5355 2923 5411 τοῖς
2981 5349 3226 5415 ἀδελφοῖς
3279 5346 3566 5409 διεσώζετο
3599 5361 3612 5374 ·
3642 5347 3786 5415 τρεῖς
3819 5344 3875 5396 δὲ

2314 5445 2374 5511 ἐξ
2401 5444 2581 5497 αὐτῶν
2607 5441 2964 5511 ίδιορῤύθμως
2992 5435 3573 5507 προσκαρτερήσαντες
3602 5433 3680 5502 τῷ
3713 5450 3877 5500 μονα-

2312 5536 2523 5608 στηρίῳ
2555 5536 2659 5588 ὑπὸ
2711 5532 2822 5586 τῶν
2853 5528 3220 5603 Σαρῤακηνῶν
3260 5525 3667 5596 ἐκρατήθησαν.
3695 5522 3789 5574 καὶ
3818 5523 3875 5575 ἐν

2313 5627 2533 5698 Σικελία
2574 5627 2916 5697 ἀπήχθησαν.
2988 5623 3208 5691 Ἕκρινε
3253 5616 3381 5685 γοῦν
3414 5616 3442 5667 6
3497 5613 3763 5686 μακάριος
3795 5613 3874 5686 μὴ
