4158 6338
753 417 851 481 123

750 637 978 682 sanctus
1009 626 1173 682 Pater
1203 638 1394 684 noster
1420 627 1576 684 Nilus
1600 643 1670 684 ne
1702 629 1978 700 respicere
1995 631 2215 700 quidem
2233 632 2322 686 illa

753 721 977 789 dignum
996 721 1322 788 arbitratus,
1348 722 1653 793 respondit,
1672 724 1829 792 quasi
1849 733 2079 778 mortem
2100 723 2319 787 timens,

751 812 806 866 in
837 815 983 866 hunc
1019 813 1242 867 modum
1277 832 1293 870 :
1331 815 1444 880 Vis,
1485 823 1542 869 ut
1564 815 1633 868 ob
1666 814 1783 869 haec
1822 823 2067 871 stercora
2100 817 2325 871 insidie-

756 911 844 957 tttr
875 905 1006 957 mihi
1033 905 1305 974 quispiam
1332 915 1383 959 et
1411 906 1726 973 interﬁciat,
1752 915 1807 960 et
1843 909 2078 962 amicum
2102 917 2156 962 tu
2202 924 2327 977 per-

760 996 896 1049 das?
932 996 998 1049 Et
1018 996 1107 1049 ille
1135 1014 1149 1056 ;
1178 999 1307 1052 Sine
1335 1013 1420 1053 me
1451 1001 1828 1053 sanctuarium
1854 1015 2052 1054 ornare
2072 1000 2323 1068 pretiosis

759 1088 1097 1143 velamentis.
1131 1089 1201 1144 Et
1242 1105 1472 1160 magnus
1502 1089 1664 1145 Pater
1704 1092 1772 1146 ad
1799 1108 1920 1146 eum
1949 1108 1966 1145 :
1997 1094 2144 1147 Vade
2171 1099 2224 1146 et
2256 1093 2323 1147 da

753 1179 1060 1233 cathedrali
1103 1180 1353 1235 ecclesia:
1386 1182 1595 1252 oppidi,
1631 1185 1725 1237 ubi
1748 1184 2198 1248 assert-abutitur,
2224 1202 2324 1241 nec

753 1272 876 1334 erit,
915 1274 1007 1342 qui
1037 1273 1164 1329 inde
1220 1275 1309 1328 illa
1338 1273 1571 1330 furetur.
1607 1276 1673 1331 Et
1706 1277 1839 1331 ille:
1891 1276 2175 1342 Permitte.
2239 1281 2323 1333 in-

751 1365 892 1433 quit,
929 1373 989 1418 ut
1025 1367 1330 1419 oratorium
1379 1377 1704 1424 construam
1762 1369 2059 1424 maximum
2109 1379 2162 1426 et
2204 1371 2324 1440 pul-

754 1455 1082 1509 cherrimum
1117 1474 1132 1522 ;
1175 1473 1353 1527 neque
1385 1461 1532 1513 enim
1557 1475 1715 1528 aequo
1756 1462 1938 1515 animo
1967 1462 2082 1518 fero
2135 1464 2324 1518 videns

753 1546 888 1600 illud
916 1548 1080 1603 eluto
1112 1549 1336 1602 factum.
1367 1553 1431 1604 Et
1461 1551 1620 1605 Pater
1652 1568 1665 1604 :
1694 1551 1836 1617 Jam,
1871 1553 2071 1621 inquit,
2116 1571 2214 1610 nec
2239 1573 2324 1611 me

751 1639 939 1693 videre
964 1642 1194 1707 poteris,
1225 1645 1485 1711 quoniam
1531 1643 1599 1698 de
1647 1644 1760 1698 luto
1816 1655 2131 1715 compactus
2181 1665 2322 1702 sum.

754 1728 828 1783 De
857 1736 1101 1785 oratorio
1144 1748 1278 1787 vero
1306 1735 1546 1789 laborem
1582 1737 1689 1790 noli
1724 1739 2025 1805 suscipere.
2079 1740 2321 1794 futurum

754 1819 958 1888 quippe
1000 1831 1106 1887 est,
1138 1830 1198 1876 ut
1240 1824 1370 1877 illttd
1435 1826 1585 1895 impii
1639 1827 1872 1894 Agareni
1911 1828 2320 1885 demoliantur:

752 1899 885 1976 quin
917 1919 970 1964 et
999 1913 1254 1970 universa
1279 1916 1531 1970 Calabria
1557 1917 2038 1972 manibusillormu
2057 1921 2324 1976 tradetur.

755 2001 870 2056 Hoc
899 2003 1091 2060 videns
1132 2006 1323 2061 beatus
1365 2007 1526 2062 Pater
1550 2021 1740 2063 noster
1774 2009 1930 2064 Nilus
1961 2028 2201 2080 prazsago
2229 2030 2327 2066 suo

749 2095 932 2160 oculo,
962 2098 1259 2168 volensque
1293 2099 1386 2153 irae
1443 2101 1534 2154 Dei
1558 2102 1775 2163 cedere.
1830 2104 2006 2156 noluit
2059 2104 2210 2158 abire
2270 2106 2322 2159 iu

754 2185 995 2242 Orientis
1055 2199 1259 2259 partes,
1321 2193 1531 2246 veritus
1581 2197 1917 2263 Opinionem,
1965 2211 2128 2264 quam
2183 2199 2324 2266 apud

735 2277 1066 2336 Orientales
1111 2283 1348 2337 habebat
1392 2286 1540 2350 (nam
1594 2294 1649 2341 et
1703 2289 1767 2340 ad
1821 2291 1968 2356 ipsos
2027 2290 2188 2343 etiam
2232 2289 2326 2344 Dei

724 2379 997 2426 'zmantes
1016 2384 1235 2428 nostros
1289 2375 1650 2444 imperatores
1685 2379 1796 2445 (59)
1836 2380 1903 2433 de
1963 2380 2159 2435 virtute
2206 2383 2324 2450 ejus

753 2465 893 2516 fama
940 2467 1281 2535 pervenerat)
1323 2468 1645 2537 fugiensque
1671 2471 1957 2533 honorem,
1981 2473 2034 2526 in
2055 2488 2164 2541 quo
2183 2474 2323 2539 apud

752 2553 874 2607 illus
914 2553 1158 2609 fuisset:
1224 2557 1317 2610 sed
1382 2559 1575 2612 maluit
1626 2560 1825 2629 degere
1879 2560 2025 2615 inter
2081 2561 2324 2626 Latinos,

749 2645 956 2714 quippe
997 2657 1052 2699 ut
1102 2649 1210 2702 illis
1252 2649 1473 2718 ignotus
1522 2660 1574 2702 et
1621 2668 1965 2719 nequaquam
2023 2655 2163 2720 apud
2231 2671 2326 2708 eos

755 2735 808 2786 in
844 2737 1051 2791 honore
1076 2737 1317 2793 habitus.
1350 2737 1552 2792 Verum
1578 2755 1687 2808 quo
1713 2740 1922 2808 majore
1963 2741 2083 2810 ipse
2143 2743 2326 2796 studio

749 2826 1030 2880 devitabat
1058 2830 1315 2891 honores.
1353 2845 1416 2884 eo
1445 2831 1715 2884 celebrior
1754 2840 1808 2885 et
1839 2833 2083 2886 ornatior
2115 2833 2323 2886 cmlesti

752 2918 937 2973 favore
980 2922 1140 2975 ﬂebat
1170 2922 1315 2975 etab
1361 2924 1616 2977 omnibus
1651 2933 1908 2993 tauquam
1963 2940 2106 2979 unus
2155 2940 2182 2978 e
2224 2941 2327 2978 nu—

750 3025 904 3062 mero
937 3016 1317 3085 apostolorum
1359 3016 1766 3084 suscipiebatur
1790 3024 1844 3070 et
1881 3015 2190 3068 reverentia
2245 3017 2322 3069 illi

751 3102 955 3167 puriter
998 3104 1380 3159 exhibebatur.
1435 3106 1568 3158 Nam
1601 3123 1723 3160 cum
1770 3107 2012 3161 venisset
2056 3106 2322 3174 Capuam,

2184 424 2381 484 ANON
2395 425 2527 485 Yltl

826 537 908 591 72.
985 537 1251 596 Caeterum
1335 545 1679 593 terrenorum
1729 553 1919 593 revera
1976 549 2320 608 contemptor
2356 545 2398 598 Α

3894 432 4000 498 124

2498 532 2621 608 οβὟ
2641 540 2698 593 Ὀ
2723 543 2777 594 δὲ
2809 544 2976 608 ὄντως
3027 541 3338 617 ὓπερὸπτης
3369 549 3476 602 τῶν
3520 549 3780 618 ἐπιγείων
3805 550 4002 621 Πατὴρ

2428 628 2584 697 ἡμῶν
2603 629 2797 692 Νεῖλος
2830 635 2905 703 μὴ
2942 636 3376 706 καταδεχόμενος
3411 641 3548 710 πρὸς
3587 643 3728 696 αὐτὰ
3776 642 4002 698 ἐπιϐλέ-

2425 717 2545 788 ψαι,
2587 721 2734 789 λέγει
2782 727 2920 794 πρὸς
2979 727 3166 790 αὑτὸν,
3197 729 3272 792 ὡς
3302 731 3358 782 ὲν
3387 734 3656 802 προφάσει
3707 735 3869 804 δῆθεν
3901 734 4000 788 τοῦ

2427 812 2710 881 φοϐεῖσθαι
2743 817 2834 868 τὸν
2861 817 3091 872 θάνατον
3118 835 3132 846 ’
3162 820 3370 886 Θέλεις,
3409 824 3497 876 ἵνα
3533 824 3622 876 διὰ
3647 825 3714 877 τὰ
3749 827 4002 880 σκύϐαλα

2425 904 2597 958 ταῦτα
2660 906 2983 977 ἐνεδρεύσας
3030 927 3113 969 τις
3150 912 3445 982 ἀποκτείνῃ
3479 932 3566 984 με,
3601 917 3696 968 καὶ
3726 917 4002 987 dualem;

2425 995 2518 1049 τὸν
2540 996 2692 1063 φίλον
2730 1015 2860 1062 σου;
2892 998 2949 1052 '0
2972 999 3027 1051 δὲ
3060 1000 3225 1054 πάλιν
3257 1000 3434 1055 εἶπεν·
3505 1006 3651 1071 Αφες
3689 1022 3754 1072 με
3785 1007 3999 1074 ἀμφιάι

2430 1100 2520 1136 σαι
2581 1085 2642 1138 τὸ
2703 1086 3093 1158 θυσιαστήριον
3139 1091 3400 1160 ἐνδύμασι
3441 1093 3774 1162 πολυτίμοις.
3830 1094 3994 1160 Λέγει

2426 1176 2574 1247 αὐτῷ
2606 1180 2632 1230 6
2684 1179 2882 1245 μέγαςο
2927 1180 3201 1234 Ἀπελθὼν
3230 1183 3360 1251 βάλε
3391 1185 3530 1237 αύτά
3555 1188 3611 1237 ὲν
3640 1189 3703 1255 τῇ
3734 1185 4002 1257 καθολικῇ

2426 1269 2518 1322 τοῦ
2574 1269 2837 1339 κάστρσυ,
2887 1273 3021 1324 ὅπου
3073 1274 3456 1341 φυλάττονται,
3518 1278 3640 1330 ἐπεὶ
3692 1277 3905 1330 ἐκεῖθεν
3933 1280 4002 1332 οὐ

2426 1360 2765 1413 κλέπτονται.
2816 1363 2924 1416 Καὶ
2958 1364 3115 1417 ἔασόν
3168 1383 3254 1435 με,
3304 1368 3487 1436 φησὶν,
3541 1369 3892 1438 οἰκοδομῆσαι
3937 1371 4005 1422 τὸ

2427 1452 2715 1522 εύκτήριον
2753 1454 3008 1523 μέγιστον
3034 1457 3128 1509 καὶ
3163 1459 3558 1528 τερπνότατον·
3596 1461 3655 1512 οὐ
3709 1460 3816 1528 γὰρ
3873 1463 4006 1514 ἀνέο

2428 1561 2592 1614 χομαι
2651 1545 2874 1615 πήλινον
2933 1546 3157 1618 θεωρεῖν
3184 1547 3339 1602 αὐτὰ
3389 1550 3499 1604 Καὶ
3525 1552 3553 1602 ό
3591 1553 3812 1621 Πατήρ·
3854 1554 4002 1621 Ὥρα

2429 1652 2533 1701 σοι,
2567 1637 2718 1704 φησὶ,
2747 1636 2996 1710 μηδὲὲμὲ
3020 1638 3310 1708 ἀνέχεσθαι
3334 1638 3579 1709 θεωρεῖν,
3615 1643 3695 1693 ὅτι
3727 1644 3792 1693 ὲκ
3823 1642 4003 1710 πηλοῦ

2428 1724 2523 1796 τὴν
2558 1726 2858 1780 ὑπόστασιν
2921 1709 3218 1798 κέκτημαι.
3271 1731 3406 1799 Περὶ
3445 1731 3501 1782 δὲ
3557 1732 3650 1784 τοῦ
3704 1733 4003 1803 εὐκτηρέου

2432 1817 2598 1885 μηδὲν
2663 1818 2952 1888 κοπιάσῃς,
3007 1818 3110 1870 ὑπὸ
3155 1819 3260 1888 γὰρ
3315 1821 3421 1872 τῶν
3460 1821 3632 1873 ἀθέων
3683 1823 4006 1892 Ἀγαρηνῶν

2430 1908 2883 1977 ἀφανισθήσεται·,
2909 1913 3005 1963 καὶ
3031 1911 3180 1962 πᾶσα
3207 1912 3261 1963 δὲ
3289 1913 3624 1982 ήΚαλαὸρία
3657 1917 3775 1977 ταῖς
3809 1914 4006 1983 χερσὶν

2429 2001 2608 2053 αὐτῶν
2634 2002 3094 2069 παραδοθήσεται.
3115 2001 3286 2055 Τοῦτο
3310 2003 3372 2073 δὴ
3407 2003 3567 2072 γνοὺς
3585 2006 3610 2056 6
3627 2005 3773 2066 ὅσιος
3807 2005 4007 2074 Πατὴρ

2430 2092 2587 2160 ἡμῶν
2645 2092 2836 2154 Νεῖλος
2869 2093 2944 2162 τῷ
3009 2094 3362 2164 προορατικῷ
3411 2095 3579 2148 αὐτοῦ
3621 2097 3853 2164 ὄμματι,
3905 2098 4009 2149 καὶ

2431 2181 2711 2251 βουληθεὶς
2743 2184 2908 2236 τόπον
2969 2185 3154 2237 δοῦναι
3217 2189 3279 2255 τῇ
3343 2185 3479 2257 ὀργῇ
3544 2190 3610 2257 τῇ
3646 2187 3798 2257 θεῖκῇ
3832 2228 3846 2251 ,
3902 2190 4008 2241 οὐκ

2429 2274 2724 2341 εὐδόκησεν
2758 2277 3015 2330 ἀπελθεῖν
3049 2278 3186 2346 πρὸς
3207 2279 3272 2330 τὰ
3304 2279 3415 2348 squ
3442 2281 3580 2350 μέρη
3609 2281 3706 2351 τὴν
3732 2282 4009 2350 ὑπόληψιν

2430 2364 2778 2435 ὑφορώμενος
2805 2366 2904 2436 τὴν
2942 2369 3071 2438 περὶ
3103 2369 3269 2421 αὑτοῦ
3303 2371 3412 2421 τῶν
3443 2373 3624 2423 ἐκεῖσε
3662 2389 3674 2404 ·
3708 2374 3800 2426 καὶ
3839 2375 4007 2443 μέχρι

2429 2459 2536 2527 γὰρ
2598 2458 2778 2510 αὐτῶν
2844 2457 2952 2510 τῶν
3014 2459 3376 2529 φιλοχρίστων
3441 2463 3596 2531 ἡμῶν
3655 2463 3919 2531 βασιλέων
3970 2468 4005 2533 ὴ

2430 2551 2680 2616 ἐνάρετος
2704 2549 2868 2602 αὐτοῦ
2900 2551 3050 2620 φήμη
3081 2552 3257 2620 διῆλθε
3284 2566 3298 2580 ⁸
3323 2555 3416 2604 καὶ
3444 2555 3542 2623 τὴν
3567 2555 3729 2625 τιμὴν
3749 2557 3847 2622 τὴν
3869 2560 4008 2624 παρ’

2429 2637 2608 2690 αὐτῶν
2635 2637 2986 2706 ἀποφεύγωνο
3020 2639 3303 2703 ἐξελέξατο
3343 2642 3398 2693 δὲ
3430 2645 3525 2710 τὴν
3555 2645 3815 2712 μετὰτῶν
3833 2648 4006 2697 Aac!-

2428 2744 2534 2780 νων
2565 2729 2934 2799 ἀναστροφὴν,
2980 2729 3055 2789 ὡς
3109 2730 3387 2798 ἄγνωστος
3414 2732 3489 2784 ὢν
3515 2737 3645 2805 παρ’
3675 2737 3877 2799 αὐτοῖς,
3907 2739 4007 2788 καὶ

2433 2811 2701 2889 μηδαρῖὦς
2757 2822 2888 2890 παρ’
2937 2821 3118 2874 αὐτῶν
3166 2823 3496 2892 τιμώμενος.
3554 2826 3717 2879 Ὅσον
3745 2827 3800 2880 δὲ
3839 2827 4006 2890 αὐτὸς

2427 2909 2525 2978 τὴν
2555 2909 2983 2981 τῶνάνθρώπων
3011 2912 3168 2979 δόξαν
3199 2914 3614 2984 ἀποδιδράσκειν
3645 2916 4002 2982 ἐσπούδαζεν,

2427 3000 2684 3054 τοσοῦτον
2708 3003 2742 3070 ἡ
2769 3003 3018 3072 οὐράνιος
3049 3003 3273 3058 εῠκλεια
3295 3007 3459 3060 αὐτὸν
3479 3009 3872 3077 περιέστειλεν·
3908 3012 4007 3066 καὶ

2430 3093 2632 3154 πάντες
2679 3092 2755 3154 ὠς
2789 3092 2886 3146 ἕνα
2946 3094 3053 3146 τῶν
3089 3095 3407 3148 ἀποστόλων
3454 3098 3612 3151 αὑτὸν
3654 3099 4002 3168 ὑπεδέχοντο,

749 3203 806 3247 ut
831 3204 1098 3250 retroacta
1123 3197 1394 3262 omittam,
1423 3199 1547 3265 quia
1575 3198 1841 3265 permulta
1863 3207 2012 3260 sunt,
2035 3209 2324 3266 acceptus-

2430 3185 2526 3237 καὶ
2575 3184 2634 3236 τὸ
2696 3184 2856 3248 σέϐας
2919 3185 3122 3254 ὁμοίως
3164 3187 3460 3254 ἀπένεμον.
3533 3189 3732 3242 Ἐλθὼν
3783 3191 3891 3260 γὰρ
3942 3193 4003 3243 ἐν

749 3300 856 3351 que
889 3297 1034 3340 esset
1074 3288 1375 3342 honorifice
1417 3305 1444 3341 a
1499 3288 1771 3343 Pandult‘o
1803 3288 1914 3358 (60)
1951 3301 2081 3343 tunc
2112 3300 2320 3359 tempo-

750 3377 826 3427 ris
862 3376 1104 3444 principe
1131 3388 1185 3430 et
1213 3378 1488 3432 nobilibus
1518 3378 1672 3440 viris,
1717 3378 1789 3430 ita
1823 3385 1880 3430 ut
1913 3376 1980 3429 de
2021 3392 2086 3430 eo
2119 3377 2172 3430 in
2203 3376 2321 3445 epi-

748 3480 976 3533 scopum
1037 3468 1140 3522 sibi
1178 3469 1430 3537 eligendo
1479 3470 1755 3536 cepissent
1815 3469 2122 3531 consilium,
2175 3469 2318 3537 quod

749 3558 911 3609 etiam
949 3560 1333 3624 successisset,
1371 3561 1476 3614 nisi
1509 3562 1765 3628 princeps
1795 3570 1965 3612 morte
2006 3568 2318 3628 prazventus

748 3657 894 3702 esset
951 3663 966 3703 :
1034 3658 1166 3704 tunc
1225 3663 1417 3723 vocato
1467 3653 1542 3704 illi
1595 3653 1659 3705 ad
1731 3667 1850 3706 sese
1924 3653 1982 3705 S.
2042 3651 2315 3706 Benedicti

747 3741 1040 3806 praeposito
1093 3743 1293 3795 montis
1336 3742 1567 3796 Cassiui-
1600 3742 2009 3811 (salictissimus
2070 3743 2161 3796 hic
2199 3750 2320 3797 erat

750 3829 1074 3900 llaligernus
1108 3833 1248 3905 [6l])
1287 3836 1668 3903 iniunxerunt,
1702 3845 1760 3889 ut
1794 3836 1952 3889 beato
1983 3835 2102 3888 viro
2123 3850 2323 3889 concr—

749 3924 900 3976 deret
933 3927 1738 3994 monasterium,quodcunque
1771 3927 1887 3993 ipse
1916 3925 2100 3989 vellet,
2142 3942 2170 3978 e.
2202 3940 2320 3978 mo-

751 4017 1059 4071 nasteriolis
1079 4018 1253 4073 sancti
1289 4016 1466 4072 Patris
1499 4017 1674 4072 nostri
1706 4016 2002 4072 Benedicti.

2428 3276 2684 3349 Καπούῃ,
2735 3277 2834 3330 ὅσα
2877 3279 2945 3330 τὰ
2996 3278 3220 3331 ὄπισθεν
3267 3282 3414 3334 ὲάσω
3440 3281 3527 3334 διὰ
3556 3282 3613 3334 τὸ
3642 3282 3866 3352 πλῆθος,
3903 3285 4006 3336 καὶ

2419 3370 2587 3438 Qui};
2614 3387 2678 3438 με
2696 3370 2878 3440 {latr};
2900 3369 3078 3440 τυχὼν
3115 3374 3265 3442 παρά
3294 3391 3351 3425 τε
3391 3375 3483 3426 τοῦ
3524 3375 3822 3444 πρίγκιπος
3850 3377 4004 3428 Παν-

2421 3461 2616 3529 δόλφου
2676 3462 2773 3513 καὶ
2823 3462 2932 3513 τῶν
2998 3463 3278 3533 ἀρχόντων
3311 3504 3324 3528 ,

2420 3551 2618 3613 αὐτοὺς
2653 3551 2952 3604 ἐπίσκοπον
3014 3553 3176 3605 αὑτὸν
3229 3553 3445 3617 ἑαυτοῖς
3497 3556 3870 3624 καταστῆσαι·
3907 3555 4004 3609 καὶ

3401 3463 3541 3518 ὥστε
3598 3465 3999 3534 βουλεύσασθαι

2425 3644 2814 3714 προεχώρησεν
2875 3644 2962 3705 ἂν,
3016 3647 3064 3696 εἰ
3122 3642 3195 3713 μὴ
3237 3644 3264 3694 6
3304 3644 3534 3707 θάνατος
3583 3645 3674 3697 τὸν
3723 3647 4004 3714 πρίγκιπα

2427 3738 2777 3808 περιέχοψεν.
2852 3739 2987 3792 Τότε
3040 3741 3103 3810 δὴ
3165 3740 3495 3803 καλέσαντες
3542 3743 3636 3794 τὸν
3689 3744 3783 3794 τοῦ
3837 3744 4001 3810 ἁγίου

2427 3829 2744 3883 Βενεδίκτου
2806 3832 3112 3898 ἡγούμενον
3166 3830 3260 3882 τοῦ
3287 3831 3448 3900 ὅρους
3485 3833 3792 3884 Κασσίνου·
3856 3834 4000 3884 Ἀλιο

2428 3922 2621 3990 γέρνος
2651 3916 2804 3983 οὗτος
2825 3918 2890 3992 ἦν
2920 3923 2946 3974 6
2975 3920 3286 3983 ὁσιώτατος·
3321 3922 3698 3991 παρήγγειλαν
3728 3922 3874 3992 αὐτῷ
3909 3923 4004 3978 τοῦ

2429 4010 2612 4064 δοῦναι
2643 4012 2719 4078 τῷ
2772 4014 3050 4082 μακαρίτῃ
3113 4014 3491 4085 μοναστήριον,
3532 4008 3643 4066 οἷον
3680 4013 3744 4066 ἂν
3777 4014 3906 4084 θέλῃ
3940 4017 4005 4067 ἐκ

2427 4102 2537 4155 τῶν
2571 4103 2714 4156 ὁσίου
2739 4105 2950 4174 Harpe;
2989 4104 3145 4174 ἡμῶν
3197 4104 3514 4159 Βενεδίκτου
3572 4108 3855 4176 μετοχίων.

2161 4226 2405 4286 CAPUT
2455 4227 2561 4287 XI.

751 4342 833 4394 Ad
867 4345 1248 4397 monasterium
1321 4343 1626 4408 Casinettse,
1653 4344 2103 4425 ISarracenorum
2139 4345 2469 4425 incursiones
2529 4344 3137 4425 dedinanskprofectus,
3167 4345 3350 4425 festive
3381 4343 3467 4424 ἀί)
3521 4344 3707 4425 abbate
3753 4341 4002 4425 Aligerno

823 4415 1105 4478 excipitur,
1143 4414 1524 4483 monachosque
1553 4413 1744 4468 ibidem
1777 4417 1972 4467 animae
2004 4424 2053 4468 et
2083 4415 2317 4478 corporis
2351 4415 2764 4481 inﬁrmitatibus
2801 4415 3012 4480 liberat,
3057 4423 3103 4465 et
3125 4413 3225 4481 piis
3250 4414 3521 4481 doctisque
3547 4413 4002 4465 exhortationibus

826 4483 1033 4536 imbuit.

832 4607 920 4660 73.
958 4607 1092 4660 Cum
1129 4621 1258 4659 vero
1294 4606 1568 4675 profectus
1600 4615 1742 4660 esset
1770 4617 1995 4660 sanctus
2041 4607 2203 4662 Pater
2255 4607 2319 4660 ad
2356 4614 2397 4667 D

755 4698 1038 4750 visendum
1085 4697 1350 4767 inclytum
1408 4697 1539 4749 illud
1578 4699 1996 4763 monasterium,
2050 4698 2319 4766 processit

756 4789 833 4839 illi
868 4787 1083 4841 obviam
1129 4804 1305 4855 usque
1363 4789 1429 4840 ad
1460 4788 1674 4841 radices
1728 4791 1931 4842 montis
1984 4796 2091 4841 tota
2129 4802 2320 4839 mona-

755 4877 982 4930 chorum
1017 4888 1254 4939 caterva,
1307 4877 1684 4930 sacerdotibus
1733 4887 1787 4930 et
1823 4877 2072 4931 diaconis
2133 4892 2318 4929 eorum

757 4980 914 5017 sacro
946 4966 1134 5019 habitu
1163 4965 1390 5027 indutis,
1426 4973 1484 5018 ut
1517 4967 1573 5019 lit
1600 4967 1793 5022 diebus
1837 4966 2009 5030 festis,
2047 4980 2234 5019 cereos
2270 4972 2325 5019 et

762 5056 1050 5110 thuribula
1086 5071 1251 5110 manu
1292 5056 1600 5112 ferentibus
1633 5073 1645 5109 :
1680 5068 1732 5112 et
1763 5057 2078 5126 bujusmodi
2114 5071 2311 5126 pompa

2500 4615 2578 4674 ογ¹
2607 4608 2899 4678 Πορευθε“ις
2923 4609 2978 4660 δὲ
3001 4618 3027 4659 6
3052 4610 3196 4669 ὅσιος
3216 4607 3406 4676 Πατὴρ
3436 4607 3572 4673 πρὸς
3603 4607 3661 4658 τὸ
3692 4607 3999 4659 θεάσασθαι

2430 4696 2488 4746 τὸ
2518 4695 2702 4764 λεχθὲν
2759 4696 3037 4763 περίδΟΞΟν
3071 4697 3453 4764 μοναστήριον,
3497 4695 3807 4762 ὑπήντησεν
3847 4696 3999 4764 αὑτῷ

2431 4787 2576 4837 ἅπαν
2603 4785 2662 4837 τό
2730 4784 2934 4852 πλῆθος
2983 4784 3091 4836 τῶν
3145 4784 3393 4853 μοναχῶν
3434 4782 3536 4842 ἕως
3590 4784 3698 4834 τῶν
3731 4783 4000 4852 θεμελίων

2428 4875 2520 4928 τοῦ
2582 4874 2850 4943 ὅρους,οῖ
2889 4890 2947 4925 τε
2982 4873 3151 4943 ἱερεῖς
3209 4873 3391 4924 αὐτῶν
3453 4873 3548 4924 καὶ
3606 4873 3843 4926 διάκονοι
3903 4875 4000 4935 τὰς

2434 4966 2586 5033 ἱερὰς
2618 4964 2808 5027 στολὰς
2845 4964 2918 5027 ὡς
2974 4967 3031 5018 ἐν
3068 4966 3228 5035 ἑορτῇ
3259 4964 3739 5034 περιὸεϐλημένοι,
3794 4964 4000 5033 κηρούς

2431 5073 2490 5108 τε
2516 5057 2609 5109 καὶ
2644 5055 2983 5126 θυμιατήρια
3056 5057 3193 5125 μετὰ
3223 5059 3410 5126 χεῖρας
3443 5056 3698 5124 φέροντες
3729 5053 3872 5108 οὕτω
3905 5054 3997 5106 τὸν

2033 5241 2304 5303 Joannis
2336 5238 2463 5302 Ciei
2503 5246 2693 5303 notia.

830 5390 946 5458 (59)
986 5388 1332 5454 imperarunt
1384 5407 1489 5447 una
1536 5392 1592 5446 in
1653 5391 1875 5450 Oriente
1921 5395 1990 5450 ab
2030 5408 2176 5451 anno
2215 5395 2320 5449 9'76

761 5476 934 5526 usque
968 5459 1103 5512 1024
1145 5459 1377 5516 Basilius
1421 5471 1476 5516 et
1526 5463 1919 5522 Constantinus
1974 5465 2192 5529 fratres,
2254 5464 2323 5518 de

759 5530 1077 5602 quibusliic
1108 5545 1292 5602 sermo
1323 5541 1425 5588 est.

827 5598 1272 5674 (O0)_Pa_ndulfus
1302 5603 1354 5674 is
1397 5601 1533 5656 obiit
1597 5618 1739 5674 anno
1790 5601 1917 5667 981,
1962 5604 2106 5658 circa
2160 5620 2323 5674 quem

760 5668 991 5739 proinde
1044 5669 1154 5723 haec
1213 5671 1579 5740 contigerunt.
1631 5672 1866 5740 lrruptio
1928 5683 2108 5727 autem
2177 5668 2324 5727 'Sar-

763 5751 1111 5810 raeenorum,
1187 5740 1252 5793 de
1324 5756 1430 5809 qua
1497 5742 1656 5810 paulo
1745 5758 1930 5810 supra,
2004 5759 2150 5798 anno
2221 5742 2325 5798 986

763 5808 968 5881 ﬁgitur,
1009 5810 1080 5881 ad
1135 5825 1292 5881 quem
1319 5808 1370 5863 in
1397 5808 1666 5866 Cltronico
1700 5808 1884 5881 Lupus
1920 5813 2272 5880 l‘rotospatba
2306 5830 2316 5864 :

774 5874 1374 5946 (Comprehet’tdcrunt
1429 5881 1714 5936 Sarraceni
1770 5874 2015 5937 sanctam
2073 5874 2312 5937 C'hiriaci

2424 5396 2728 5469 civitatem,
2749 5401 2804 5469 e_t_
2826 5387 3557 5469 dissipaverunthalabriam
3595 5395 3786 5442 totam.
3817 5405 3838 5440 ι
3879 5455 3892 5469 _

2499 5467 2610 5534 (61)
2690 5455 3147 5534 llaligerno___scu
3224 5460 3499 5534 Aligerno,
3538 5469 3612 5534 _ut
3673 5455 3997 5534 venerabili,

2427 5525 2608 5588 locum
2681 5525 2839 5588 dedit:
2867 5531 3217 5585 Mabillonius
3257 5525 3500 5583 in'Actis
3535 5527 3860 5580 Sanctorum
3899 5525 4000 5580 Or-

2428 5606 2570 5659 dinis
2598 5603 2654 5656 S.
2695 5601 2967 5676 Benedicti
2999 5602 3201 5655 saeculo
3249 5600 3300 5663 5,
3335 5609 3482 5665 parte
3521 5599 3723 5676 ihpag.
3768 5595 4001 5676 §65Het

2431 5690 2607 5741 seqq.,
2668 5674 2759 5725 ubi
2829 5672 2991 5748 etiam
3029 5686 3153 5748 _nou
3226 5662 3396 5748 pauca
3449 5662 3707 5748 ex'yna
3768 5662 3998 5748 S_._Nili

2436 5736 2559 5795 huc'
2603 5743 2902 5807 spectantia
2956 5741 3120 5792 habes
3170 5746 3451 5804 excerpta.
3521 5736 4002 5807 lnirtiauuabbatia

2435 5803 2672 5878 Aligerni
2724 5827 2868 5864 anno
2918 5809 3045 5873 9‘9,
3103 5808 3309 5863 obitum
3341 5803 3476 5860 vero
3513 5805 3637 5868 986,
3673 5803 3835 5875 afﬁgit
3889 5803 3998 5860 Ma-

2426 5881 2702 5937 billouius.
