4132 6332
692 346 792 409 127

686 556 911 620 quaesita
945 557 1257 626 hujusmodi
1295 568 1616 622 c0ntinuata
1655 573 1795 626 serie
1856 576 2250 643 proponebant.

685 646 862 699 liicito
889 650 1070 710 nobis,
1105 652 1266 707 Pater
1297 668 1508 722 sancte,
1543 664 1682 730 quod
1716 675 1796 716 est
1824 680 1962 733 Opus
1996 669 2251 721 monachi

684 745 735 787 et
761 742 1035 804 quomodo
1070 746 1500 801 misericordiam
1539 758 1968 821 consequemur?
1989 759 2255 825 Aperiens

686 837 869 880 autem
896 830 1106 899 beatus
1143 833 1299 890 Pater
1337 855 1398 892 os
1423 857 1603 904 suum,
1641 845 1832 899 Latine
1859 851 2034 901 dixit:
2065 850 2254 902 Mona-

683 919 823 972 chus
861 933 944 974 est
979 911 1227 992 angelus.
1272 946 1410 999 opus
1447 947 1628 987 autem
1663 940 1782 1006 ejus
1823 953 1905 994 est
1935 944 2251 997 miscricor-

685 1009 799 1073 dia,
836 1028 963 1081 pax,
1007 1020 1341 1074 sacrificium
1394 1025 1590 1083 laudis.
1630 1030 1758 1082 Nam
1793 1036 2250 1100 quemadmodum

685 1101 858 1154 sancti
883 1107 1054 1172 angeli
1083 1108 1191 1162 Deo
1219 1114 1435 1179 quidem
1473 1131 1789 1186 perpetuum
1821 1123 2055 1176 offerunt
2086 1128 2256 1178 sacri-

689 1194 867 1246 ficium
894 1197 1091 1259 laudis,
1136 1202 1274 1255 inter
1299 1221 1356 1256 se
1392 1224 1516 1261 vero
1552 1220 1734 1264 mutua
1793 1216 2080 1270 charitalis
2123 1234 2253 1286 pace

684 1286 970 1353 conjuncti
996 1301 1123 1344 sunt
1152 1303 1230 1364 ct,
1267 1298 1594 1354 miserantur
1651 1305 1920 1370 homines,
1987 1297 2252 1379 opemque

684 1374 793 1439 illis
855 1378 1042 1434 ferunt
1069 1389 1221 1451 quasi
1270 1391 1575 1448 minoribus
1607 1395 1892 1462 fratribus,
1917 1405 2060 1456 itaet
2092 1421 2252 1459 verus

685 1476 988 1524 monachus
1025 1476 1183 1532 debet
1211 1480 1261 1533 in
1301 1484 1541 1541 minores
1563 1498 1614 1540 et
1638 1490 1874 1548 advenas
1905 1494 2102 1551 fratres
2132 1513 2253 1553 esse

687 1561 1024 1629 misericors,
1051 1583 1234 1623 amare
1271 1579 1509 1640 :equales
1549 1580 1603 1632 in
1648 1597 1800 1649 pace,
1838 1586 2252 1651 proﬁcientibus

695 1668 799 1705 ron
831 1655 1092 1723 invidere,
1155 1662 1426 1735 [idemque
1482 1673 1705 1728 minime
1757 1675 1938 1729 fictam
1990 1689 2042 1734 et
2099 1698 2249 1749 spem

687 1745 888 1800 habere
938 1749 992 1801 in
1037 1753 1205 1806 Deum
1259 1765 1311 1809 et
1368 1761 1419 1813 in
1473 1765 1768 1831 spiritalem
1840 1768 2074 1824 Patrem.
2128 1774 2252 1828 "ac.

683 1837 784 1888 tria
816 1840 907 1904 qui
941 1845 1206 1909 possidet,
1245 1851 1410 1902 vitam
1449 1856 1628 1923 agitin
1684 1861 1848 1914 terris
1897 1866 2198 1932 angelicam
2235 1886 2250 1921 :

682 1933 952 1982 contraria
980 1935 1070 1998 qui
1108 1936 1288 2003 habet,
1321 1941 1419 1994 huc
1438 1953 1519 1996 est
1549 1946 2014 2015 incredulitatem,
2054 1955 2238 2010 odium

682 2024 735 2066 et
765 2020 1247 2095 inhumanitatem,
1278 2037 1517 2089 omnium
1549 2041 1812 2095 malorum
1871 2044 1927 2097 fit
1966 2045 2244 2102 habitacu-

681 2104 1043 2181 iumetplane
1079 2120 1131 2172 in
1162 2123 1460 2179 d:vmonem
1493 2135 1712 2186 transit.

757 2378 843 2434 75.
873 2380 1008 2436 Nam
1052 2385 1138 2440 ubi
1169 2391 1291 2456 quis
1316 2398 1566 2449 monachi
1605 2399 1849 2454 habitum
1876 2406 2249 2470 inducrit,non

683 2472 918 2540 amplius
978 2476 1028 2529 in
1059 2494 1121 2532 eo
1156 2491 1256 2541 est,
1300 2493 1356 2536 ut
1403 2489 1471 2539 sit
1503 2490 1686 2552 homo,
1721 2496 1816 2547 sed
1859 2497 2090 2552 duorum
2120 2504 2254 2556 alte-

683 2577 827 2627 rum,
861 2575 952 2617 aut
980 2571 1227 2636 angelus,
1260 2583 1351 2626 aut
1385 2578 1593 2632 daemon
1634 2584 1928 2640 videbitur.
1988 2591 2057 2644 De
2098 2594 2254 2650 vobis

684 2661 890 2718 autem,
925 2655 1145 2726 fratres,
1183 2666 1399 2719 confido
1430 2671 1655 2725 meliora
1696 2683 1747 2727 et
1777 2678 2038 2734 viciniora
2063 2685 2252 2740 saluti.

684 2740 810 2795 "me
833 2755 887 2798 et
922 2748 1049 2814 alia,
1101 2768 1223 2819 quae
1261 2757 1483 2826 scriptis
1527 2764 1792 2820 mandare
1825 2769 2053 2823 nimium
2084 2782 2253 2841 esset,

682 2849 807 2886 cum
868 2839 948 2888 vir
1014 2853 1239 2897 sanctus
1307 2847 1680 2918 disseruisset,
1741 2862 2057 2926 compuncti
2129 2866 2254 2918 s’uot

681 2928 866 2981 corde.
927 2931 1284 3001 Respondeas
1331 2949 1508 2995 autem
1564 2947 1781 3014 quidam
1839 2939 1903 3004 c'x
1956 2953 2064 3007 iis:
2118 2957 2250 3021 Cur,

685 3017 881 3085 inquit,
915 3020 1117 3076 dictum
1161 3042 1189 3080 a
1220 3027 1417 3084 Davidc
1446 3041 1530 3087 est
1583 3053 1594 3089 :
1637 3036 1774 3091 Cum
1806 3050 1996 3097 sancto
2024 3056 2252 3102 sanctus

2139 373 2482 434 ANONYMI

684 460 814 513 baut
849 463 1009 516 verba
1059 479 1275 535 quoque
1313 471 1502 524 audire.
1526 473 1592 525 de
1613 491 1707 528 ore
1737 477 1872 545 ejus.
1912 479 2121 532 Exinde
2172 483 2244 533 illi

2356 485 2444 534 τοῦ
2490 487 2799 557 πνεύματος
2834 494 3228 567 ἐκπεμπομένη
3251 500 3358 552 ἀπὸ
3393 502 3487 571 τῆς
3549 505 3621 558 ἰδέ

3627 522 3691 568 ας
3712 523 3879 560 αυτου
3908 536 3923 560 ι

2357 575 2630 643 ἐγλίχοντο
2663 580 2753 630 καὶ
2788 582 2895 632 ἀπὸ
2936 583 3040 636 τῶν
3069 587 3329 654 ῥημάτων
3352 589 3443 640 τοῦ
3467 590 3733 659 στόματος
3757 593 3925 646 αὐτοῦ

2357 667 2727 731 ὲνωτίζεσθαι.
2767 674 2856 724 Διὸ
2910 675 3003 726 καὶ
3029 677 3395 745 προϐλήματα
3414 682 3610 751 συνεχῆ
3641 683 3926 752 προσῆγον

2357 757 2505 825 αὐτῷ
2543 758 2809 824 λέγοντες.
2852 764 2984 815 Εἰπὲ
3031 767 3180 833 ἡμῖν,
3240 767 3363 834 ἆγιε
3413 770 3614 839 Πάτερ,
3639 772 3692 823 τί
3717 775 3834 825 ἐστι
3867 773 3927 826 τδ

2358 845 2516 913 ἔργον
2543 849 2633 899 τοῦ
2679 853 2934 921 μοναχοῦ,
2988 857 3221 918 καὶπῶς
3264 859 3514 928 εὕρωμεν
3554 862 3736 929 ἔλεος;
3785 863 3843 916 '0
3872 865 3928 917 δὲ

2360 943 2624 1011 μακάριος
2644 945 2860 1010 ἀνοίξας
2883 949 2942 998 τὸ
2967 949 3140 1018 στόμα
3156 952 3320 1004 αὐτοῦ
3337 957 3400 1023 τῇ
3429 958 3680 1026 ῥωμαῐκῇ
3705 958 3925 1029 γλώσσῃ

2355 1030 2494 1100 ἔφη⁸
2530 1035 2776 1102 Μοναχὸς
2826 1040 2970 1091 ἐστιν
3025 1041 3289 1107 ἄγγελος·
3321 1043 3378 1095 τὸ
3429 1044 3483 1095 δὲ
3536 1045 3697 1114 ἔργον
3757 1048 3924 1100 αὑτοῦ

2357 1125 2501 1176 ἐστιν
2528 1124 2695 1191 ἔλεος,
2731 1130 2941 1197 εἰρήνη,
2975 1130 3133 1184 Θυσία
3184 1134 3460 1196 αἰνέσεως.
3497 1136 3703 1206 Ὥσπερ
3733 1138 3842 1207 γὰρ
3877 1141 3926 1191 oi

2357 1215 2501 1280 ἆγιοι
2531 1217 2752 1284 ἄγγελοι
2785 1221 2859 1289 τῷ
2901 1223 3000 1289 μὲν
3026 1223 3144 1292 Θεῷ
3180 1225 3540 1290 ἀδιαλείπτως
3565 1227 3752 1283 Θυσίαν
3777 1231 3926 1283 αίνέ-

2357 1323 2492 1368 σεως
2526 1311 2946 1378 προσφέρουσιν,
2974 1317 3029 1366 ἐν
3058 1315 3310 1383 ἀλλήλοις
3360 1319 3414 1370 δὲ
3443 1320 3668 1388 εἰρήνην
3703 1320 3927 1391 ἀγαπη-

2355 1399 2524 1462 τικῶς
2571 1403 2887 1470 κέκτηνται,
2942 1406 3151 1458 ἐλεοῦσι
3178 1407 3234 1459 δὲ
3289 1411 3380 1462 καὶ
3433 1410 3927 1480 ἀντιλαμϐάνονται

2353 1492 2461 1545 τῶν
2486 1493 2788 1561 ἀνθρώπων
2814 1495 2888 1558 ὡς
2919 1499 3259 1568 μικροτέρων
3279 1501 3543 1566 ἀδελφῶν,
3570 1502 3710 1554 οὕτω
3733 1503 3926 1556 δεῖκαὶ

2353 1582 2443 1634 τὸν
2501 1583 2676 1653 ἁληθῆ
2736 1587 2964 1656 μοναχὸν
3011 1588 3159 1650 ἔλεος
3212 1589 3310 1656 μὲν
3355 1590 3758 1643 ἐπιδείκνυσθαι
3788 1593 3926 1661 πρὸς

2354 1678 2478 1736 τοὺς
2502 1676 2944 1746 ἐλαχιστοτέρους
2969 1680 3061 1732 καὶ
3090 1680 3269 1743 ξένους
3292 1681 3396 1733 τῶν
3415 1681 3678 1749 ἀδελφῶν,
3704 1683 3926 1751 ἀγαπᾷν

2353 1763 2407 1815 δὲ
2437 1766 2494 1816 ἐν
2528 1768 2718 1837 εἰρήνῃ
2750 1770 2877 1830 τοὺς
2941 1769 3237 1838 ἰσοτίμους,
3284 1774 3393 1832 τοῖς
3449 1771 3506 1823 δὲ
3558 1772 3926 1840 προκόπτουσι

2361 1854 2433 1923 μὴ
2467 1855 2679 1922 φθονεῖν
2711 1874 2724 1888 ·
2760 1858 2943 1911 πίστιν
2972 1859 3026 1910 δὲ
3061 1860 3247 1913 ἄδολον
3280 1862 3371 1913 καὶ
3401 1861 3591 1913 ἐλπίδα
3620 1863 3764 1930 ἔχειν
3789 1861 3927 1932 πρός

2353 1965 2411 2001 τε
2472 1950 2563 2000 τὸν
2603 1950 2768 2012 Θεὸν,
2825 1953 2918 2003 καὶ
2966 1951 3056 2003 τὸν
3101 1954 3156 2003 ἐν
3231 1953 3498 2020 πνεύματι
3553 1955 3790 2023 Πατέρα.
3867 1954 3926 2007 '0

2356 2040 2692 2110 κεκτημένος
2743 2042 2807 2093 τὰ
2847 2043 2973 2111 τρία
3017 2041 3188 2094 ταῦτα
3249 2041 3536 2110 ἀγγελικὺν
3566 2044 3677 2113 βίον
3701 2043 3794 2096 ἐπὶ
3824 2045 3927 2113 γῆς

2353 2134 2557 2200 διάγει·
2624 2136 2650 2186 6
2695 2135 2750 2186 δὲ
2805 2136 3090 2196 τάναντία,
3148 2135 3430 2188 τουτέστιν
3489 2137 3770 2194 ἀπιστίαν,
3834 2135 3930 2187 καὶ

2359 2227 2532 2293 μῖσος,
2584 2227 2675 2277 καὶ
2705 2226 3100 2293 ἄσπλαγχνίαν,
3151 2226 3349 2288 παντὸς
3380 2226 3546 2279 κακοῦ
3582 2227 3929 2295 καταγώγιον

2354 2316 2585 2381 γίνεται,
2616 2317 2713 2368 καὶ
2743 2317 2952 2385 δαίμων
2987 2319 3278 2388 προφανῶς
3320 2318 3718 2372 ἀναδείκνυται.

2426 2404 2516 2460 οε’.
2558 2407 2674 2474 Ἀφ’
2707 2403 2766 2461 οὗ
2798 2408 2904 2478 γάρ
2937 2427 3021 2468 τις
3050 2413 3282 2480 μονάσῃ,
3315 2410 3497 2461 οὐκέτι
3533 2409 3776 2477 διαμένει
3830 2409 3924 2461 τοῦ

2357 2495 2494 2552 εἶναι
2543 2501 2849 2570 ἄνθρωπος,
2910 2503 3022 2553 ἀλλ’
3053 2504 3115 2554 ὲκ
3143 2502 3249 2554 τῶν
3300 2501 3390 2554 δύο
3416 2503 3495 2566 ἓν,
3524 2501 3555 2571 ἢ
3605 2501 3857 2568 ἄγγελος,
3891 2503 3923 2571 ἢ

2354 2589 2896 2659 δαίμωνφανήσεται.
2930 2592 3237 2659 Πέπεισμαι
3264 2592 3320 2644 δὲ
3346 2594 3470 2661 περὶ
3489 2591 3665 2660 ὑμῶν,
3683 2590 3927 2658 ἀδελφολ,

2356 2683 2424 2733 τὰ
2460 2681 2747 2749 κρείττονα
2792 2682 2892 2735 καὶ
2946 2683 3183 2752 ἐχόμενα
3244 2684 3539 2752 σωτηρίας.
3592 2680 3778 2735 Ταῦτα
3833 2681 3929 2734 καὶ

2355 2774 2520 2842 ἕτερα
2571 2774 2707 2842 ὑπὲρ
2754 2775 3078 2845 συγγραφὴν
3121 2775 3574 2846 διαγορεύσαντος
3627 2773 3718 2827 τοῦ
3745 2772 3927 2840 ἁγίου,

2357 2866 2737 2934 κατενύγησαν
2794 2869 2913 2928 ταῖς
2967 2867 3216 2935 καρδίαις
3243 2866 3425 2919 αὐτῶν
3445 2883 3458 2897 ⁸
3484 2868 3578 2918 καὶ
3609 2863 3929 2934 ἀποκριθείς

2355 2973 2437 3018 τις
2471 2955 2526 3020 ἐξ
2551 2956 2731 3008 αὐτῶν
2765 2951 2902 3008 εἷπε·
2931 2958 3086 3009 Διατί
3126 2956 3277 3023 λέγει
3311 2959 3337 3008 6
3377 2957 3540 3010 Δα6ίδ
3571 2975 3582 2986 ·
3609 2956 3760 3009 Μετὰ
3779 2955 3927 3008 ὁσίου

2355 3047 2501 3108 ὅσιος
2534 3047 2651 3118 ἔσῃ,
2689 3049 2783 3100 καὶ
2817 3048 2957 3116 μετά
3007 3047 3268 3100 ἐκλεκτοῦ
3312 3046 3588 3112 ἐκλεκτὸς,
3647 3047 3741 3100 καὶ
3789 3045 3928 3115 μετὰ

681 3114 812 3175 eris,
839 3125 891 3164 et
929 3130 1051 3167 cum
1085 3119 1274 3174 .clccto
1314 3124 1520 3179 electus
1555 3128 1686 3192 eris,
1721 3139 1771 3182 et
1813 3147 1936 3184 cum
1996 3150 2250 3201 perverso

2358 3114 2630 3205 στρεϐλοῦ
2663 3114 3046 3206 διαστ-ρέψειςς
3078 3140 3240 3204 Λέγει
3266 3139 3414 3207 αὑτῷ
3445 3141 3470 3191 ὁ
3508 3137 3681 3208 μέγας
3704 3154 3716 3168 ·
3756 3114 3928 3192 Τοῦτο

681 3208 1008 3269 perveneris
1034 3209 1124 3261 °‘?
1157 3229 1175 3261 ι
1213 3211 1274 3265 Ει
1302 3230 1532 3283 magnus
1567 3221 1731 3274 Pater
1761 3240 1773 3273 :
1805 3222 1917 3277 lloc
1939 3226 2076 3281 dixit
2112 3228 2250 3285 Pro-

685 3292 843 3356 pheta
875 3311 997 3350 cum
1051 3299 1159 3353 Deo
1194 3305 1448 3372 loquens,
1480 3325 1587 3364 non
1640 3328 1763 3366 cum
1793 3316 2016 3372 homine
2058 3339 2070 3374 :
2128 3338 2249 3376 nam

682 3385 1118 3455 quoilse'iuitur,
1154 3393 1263 3449 Deo
1291 3403 1565 3466 convenit,
1601 3419 1709 3456 non
1753 3405 1957 3462 homini
1996 3429 2009 3464 :
2049 3431 2067 3462 ι
2097 3413 2249 3478 Quo-

690 3474 831 3526 niam
863 3485 918 3529 tu
958 3484 1215 3550 populum
1254 3487 1511 3545 humilem
1544 3497 1752 3550 salvum
1787 3499 1954 3554 facies
1982 3511 2033 3556 et
2059 3506 2251 3560 oculos

683 3569 1045 3634 superborum
1067 3575 1383 3634 humiliabis
1417 3583 1512 3636 ⁸⁷.)
1557 3587 1855 3643 Audiverat
1890 3595 2034 3647 enim
2078 3598 2250 3652 David

683 3654 951 3713 dicentem
1015 3664 1180 3718 Deum
1218 3683 1228 3716 τ
1273 3689 1290 3720 ι
1332 3670 1468 3726 Vivo
1525 3691 1626 3746 ego
1667 3679 1956 3749 Dominus,
2004 3688 2048 3740 si
2106 3699 2254 3745 recte

686 3763 896 3802 mecum
930 3758 1321 3825 ainbulaveris,
1377 3774 1430 3818 et
1475 3783 1574 3837 ego
1629 3784 1772 3827 recte
1828 3778 2118 3834 ambulabo
2179 3791 2257 3837 te-

681 3851 807 3889 cum
839 3841 902 3894 ".
945 3861 963 3893 ι
1002 3843 1064 3898 Et
1103 3863 1295 3905 rursus
1325 3855 1590 3924 scriptum
1616 3869 1700 3914 est
1731 3864 1794 3916 ad
1823 3866 2076 3936 obliquos
2103 3873 2254 3939 (per-

682 3926 809 3980 inde
843 3933 986 3985 enim
1040 3947 1121 3990 est
1176 3955 1239 3993 ac
1299 3942 1482 4000 dicere
1535 3957 1893 4026 perversos):
1937 3979 1955 4011 ι
1995 3950 2255 4032 Obliquas

684 4018 804 4073 vias
832 4025 1010 4077 mittet
1043 4027 1325 4100 Dominus,
1353 4047 1405 4090 et
1446 4056 1551 4094 non
1585 4044 1766 4101 homo.
1808 4067 1827 4100 ι
1860 4050 2124 4107 Caeterum
2162 4056 2255 4111 ho-

687 4111 929 4165 minibus
957 4129 1289 4187 przeccptum
1327 4137 1432 4191 cst,
1473 4139 1531 4182 ut
1569 4134 1820 4193 inimicos
1849 4141 2081 4212 diligant
2111 4162 2125 4210 ;
2158 4148 2254 4201 be-

685 4202 958 4261 nefaciant
993 4210 1056 4264 iis
1085 4215 1174 4280 qui
1220 4218 1456 4276 oderunt
1481 4239 1600 4289 eos,
1633 4239 1686 4281 et
1719 4232 1920 4286 malum
1956 4251 2053 4304 pro
2109 4241 2253 4295 malo

685 4310 795 4347 non
824 4299 1074 4355 reddant.
1100 4304 1677 4385 Deindeinterrogavit
1718 4322 1859 4379 alius
1917 4344 1930 4379 :
1981 4329 2120 4391 Quid
2151 4334 2249 4386 sibi

688 4386 854 4440 velint
884 4389 971 4442 illa
1008 4392 1263 4451 llabacuc
1300 4405 1579 4473 prophetm
1609 4411 1769 4464 verba
1806 4424 1819 4465 ξ
1863 4415 2250 4486 «Βθηυίοεοθῐη

2356 3227 2491 3296 πρὸς
2517 3227 2608 3278 τὸν
2632 3229 2764 3280 Θεὸν
2790 3228 3048 3296 ἐλάλησεν
3078 3231 3103 3281 6
3130 3232 3434 3300 προφήτης,
3468 3231 3526 3282 οὐ
3565 3230 3699 3300 πρὸς
3718 3229 3929 3302 ἀνθρω-

2357 3337 2476 3383 πον,
2497 3319 2590 3371 καὶ
2614 3319 2721 3388 γὰρ
2740 3319 2859 3390 Θεῷ
2886 3321 3085 3389 πρέπει
3107 3323 3166 3373 τὸ
3185 3321 3499 3385 ἀκόλουθον,
3515 3323 3614 3374 οὐκ
3632 3320 3926 3391 ἀνθρώπῳ,

2355 3408 2414 3458 τό
2443 3427 2453 3436 ·
2500 3409 2651 3460 ("Ott
2683 3410 2745 3462 συ
2779 3410 2907 3462 λαὸν
2953 3412 3210 3464 ταπεινὸν
3240 3412 3455 3476 σώσεις,
3485 3412 3579 3465 καὶ
3611 3412 3929 3480 ὀφθαλμοὺς

2356 3501 2465 3570 ὑπη
2479 3503 2732 3570 ρηφάνων
2755 3505 3136 3568 ταπεινώσεις.
3153 3525 3170 3556 ι
3213 3507 3451 3557 ’Ἤκουσε
3475 3505 3582 3575 γὰρ
3606 3508 3633 3558 6
3653 3505 3817 3558 Δαὸὶδ
3833 3503 3929 3560 τοῦ

2356 3592 2490 3645 Θεοῦ
2544 3595 2812 3662 λέγοντος,
2875 3598 2977 3662 ὅτι,
3045 3598 3160 3649 «Ζῶ
3225 3597 3333 3664 ἐγὼ
3374 3596 3599 3668 Κύριος,
3635 3598 3726 3650 ἐὰν
3752 3597 3931 3667 ὀρθῶς

2357 3682 2600 3755 πορεύσῃ
2639 3687 2753 3752 μετ’
2810 3686 2968 3753 ἐμοῦ,
3013 3686 3190 3755 ὀρθῶς
3231 3687 3574 3755 πορεύσομαι
3607 3687 3761 3754 κάγὼ
3791 3688 3929 3756 μετὰ

2358 3772 2507 3826 σοῦ.)
2544 3774 2653 3826 Καὶ
2707 3775 2868 3828 πάλιν
2915 3777 3225 3844 γέγραπται
3275 3776 3409 3846 πρὸς
3466 3778 3590 3839 τοὺς
3657 3777 3925 3843 σκολιοὺς,

2355 3868 2553 3922 ταύτὸν
2583 3869 2640 3920 δέ
2661 3869 2775 3922 ἐστι
2804 3869 2898 3922 καὶ
2918 3872 2945 3922 6
2978 3870 3235 3938 στρεϐλός
3261 3886 3306 3922 ἰ
3346 3871 3574 3932 Σκολιάς
3605 3872 3755 3934 ὁδοὺς
3787 3876 3926 3927 ἀπο·

2360 3959 2536 4010 στελεῖ
2583 3958 2808 4026 Κύριος,
2862 3961 2956 4012 καὶ
2989 3961 3087 4012 οὐκ
3122 3960 3462 4030 ἄνθρωπος.»
3505 3961 3839 4030 Ἀνθρώποις
3870 3962 3926 4015 δὲ

2357 4046 2774 4116 νενομοθέτηται
2826 4048 2887 4099 τὸ
2918 4039 3137 4118 ἀγαπᾷν
3201 4050 3329 4110 τοὺς
3381 4049 3629 4120 ἐχθροὺς,
3659 4051 3717 4102 τὸ
3745 4050 3928 4114 καλῶς

2357 4141 2533 4192 ποιεῖν
2563 4140 2676 4202 τοῖς
2732 4139 2972 4207 μισοῦσι,
3021 4140 3112 4193 καὶ
3142 4141 3312 4193 κακὸν
3361 4141 3480 4194 ἀντὶ
3517 4141 3688 4194 κακοῦ
3713 4159 3822 4194 τινι
3855 4144 3926 4212 μὴ

2358 4227 2672 4282 ἀποδοῦναι..
2703 4230 2873 4283 Πάλιν
2913 4229 3198 4298 ἠρώτησεν
3231 4231 3437 4300 ἕτερος·
3464 4231 3528 4283 Τί
3561 4233 3710 4284 ἐστιν
3738 4233 3930 4302 δλέγει

2370 4319 2680 4387 Ἀ66ακοὺμ
2714 4323 2740 4372 ὁ
2775 4323 3057 4390 προφήτης
3083 4339 3095 4353 ⁸
3136 4342 3154 4374 ι
3179 4323 3594 4392 Ἀναπαύσομαι
3648 4326 3704 4379 ἐν
3741 4328 3925 4398 ἡμέρᾳ

2359 4409 2590 4476 Ολίῲεώς
2637 4427 2758 4476 μου,
2795 4410 2889 4463 τοῦ
2942 4413 3211 4481 ἀναϐῆναί
3249 4431 3314 4483 με
3353 4415 3433 4478 είς
3481 4415 3607 4469 λαὸν
3634 4419 3920 4482 παροικίας

687 4476 740 4530 in
775 4479 863 4531 die
888 4484 1263 4545 tribulationis
1289 4507 1442 4556 meae,
1471 4505 1528 4549 Ill
1566 4503 1857 4557 ascendam
1894 4508 1957 4559 ad
1995 4514 2246 4578 populum

2360 4518 2461 4570 μου
2483 4517 2528 4566 ;»
2549 4502 2605 4554 Ὀ
2628 4501 2681 4553 δὲ
2698 4502 2840 4564 ὅσιος
2863 4476 3158 4572 ἀπεκρίθηο
3176 4476 3281 4557 Τοῦ
3301 4476 3626 4559 Ἀποστόλου
3654 4509 3923 4577 λέγοντος,

688 4569 1152 4635 peregrinationis
1215 4595 1345 4633 mea;
1370 4583 1434 4634 θ’.
1478 4603 1494 4634 ι
1541 4585 1843 4658 Respondit
1875 4598 1954 4648 vir
1985 4613 2205 4657 sanctus
2234 4623 2248 4658 :

684 4658 819 4710 Cum
854 4660 1145 4728 Apostolus
1176 4667 1340 4733 dicat,
1373 4691 1390 4724 ι
1419 4672 1541 4729 Haec
1574 4691 1753 4736 autem
1785 4688 1966 4740 omnia
2001 4691 2051 4742 in
2081 4692 2252 4761 figura

689 4749 1079 4819 contingebant
1104 4756 1229 4820 illis,
1259 4763 1457 4834 scripta
1487 4777 1614 4820 sunt
1646 4781 1825 4826 autem
1854 4777 1917 4830 ad
1957 4786 2254 4850 correptio-

688 4853 810 4891 nem
851 4851 1092 4898 nostram
1114 4848 1159 4879 ⁷⁸
1194 4870 1205 4903 :
1247 4869 1264 4901 ι
1299 4869 1426 4923 ergo
1456 4866 1622 4911 totam
1669 4863 2008 4934 Scripturam
2049 4873 2103 4926 in
2167 4892 2251 4930 me

688 4925 867 4994 ipsum
905 4931 1255 5001 interpretor.
1289 4943 1530 5000 Audiens
1559 4949 1757 5019 quippe
1795 4925 1978 5011 -Adam
2023 4970 2070 5014 et
2098 4925 2246 5018 Cain

686 5032 738 5070 ct
769 5019 1024 5089 Lamech,
1052 5037 1106 5081 et
1132 5045 1341 5099 omnes,
1373 5039 1462 5103 qui
1496 5044 1771 5105 peccando
1804 5046 1971 5101 Deum
2007 5052 2250 5109 offende-

687 5124 837 5176 runt,
866 5119 1122 5174 existimo
1158 5123 1306 5177 illum
1344 5143 1427 5180 me
1459 5145 1602 5194 esse,
1634 5143 1688 5188 et
1727 5152 1830 5191 non
1903 5143 2090 5197 alium.
2135 5145 2249 5203 Hoc

689 5202 855 5268 igitur
899 5209 1176 5276 prophetae
1209 5213 1417 5268 dictum
1452 5220 1568 5273 viro
1600 5224 1830 5279 cordato
1862 5234 2128 5298 congruit,
2163 5250 2250 5289 se-

686 5293 830 5346 denti
869 5297 920 5348 in
957 5297 1040 5351 his
1069 5301 1442 5372 inferioribus,
1481 5309 1532 5362 in
1565 5315 1748 5366 seculi
1787 5318 1935 5384 frece,
1953 5336 2249 5394 secumque

684 5387 970 5451 cogitanti,
1000 5406 1063 5445 ac
1103 5394 1304 5449 dicenti
1353 5416 1365 5450 :
1401 5418 1418 5450 ι
1459 5401 1755 5473 Quousque
1780 5407 1946 5463 Deum
1988 5427 2107 5478 oro,
2145 5431 2246 5472 nec

684 5474 949 5546 intelligo,
985 5497 1103 5550 quae
1127 5484 1319 5553 loquor
1350 5488 1373 5540 ἳ
1403 5508 1420 5540 ι
1454 5490 1703 5563 Tumque
1726 5495 1888 5551 infert
1926 5512 1941 5553 :
1978 5521 1997 5553 ι
2037 5474 2241 5560 Obser-

681 5569 798 5621 vavi
831 5580 884 5624 et
928 5579 1316 5634 conturbatum
1343 5592 1426 5637 est
1482 5600 1577 5639 cor
1609 5605 1787 5644 meum
1821 5593 1887 5658 τί,
1925 5612 1944 5646 ι
1984 5598 2087 5652 hoc
2138 5611 2241 5666 est,

754 5683 970 5807 uigeat.
1012 5706 1144 5758 xv",
1175 5695 1267 5749 27,
1345 5699 1542 5754 "ibid.
1596 5702 1684 5758 28.

689 5768 766 5818 ιιι,
801 5768 886 5809 to.

1763 5707 1806 5738 “
1837 5707 2006 5765 Levit.
2046 5730 2192 5783 xxw,
2236 5717 2289 5782 ὅ,
2332 5718 2416 5770 1:2.

2353 4595 2432 4646 ὅτι
2491 4609 2509 4641 ι
2541 4593 2725 4645 Ταῦτα
2780 4593 2958 4647 πάντα
3011 4596 3260 4658 τυπικῶς
3327 4597 3640 4651 συνέϐαινεν
3675 4599 3924 4667 ἐκείνοις,

2354 4683 2568 4751 ἐγράφη
2587 4682 2642 4735 δὲ
2661 4684 2794 4752 πρὸς
2823 4683 2919 4754 τὴν
2946 4687 3102 4754 ήμῶν
3125 4687 3424 4742 νουθεσίαν
3442 4708 3458 4739 ι
3484 4689 3596 4757 ἐγὼ
3624 4692 3803 4744 πᾶσαν
3829 4692 3926 4762 τὴν

2355 4771 2578 4842 Γραφὴν
2632 4774 2709 4835 είς
2771 4775 3008 4842 ἐμαυτὸν
3062 4777 3366 4846 ἑρμηνεύω.
3438 4779 3540 4832 Τὸν
3606 4780 3711 4847 γὰρ
3762 4782 3924 4852 ’Δδάμ

2354 4861 2688 4926 ἀκούων,καὶ
2706 4864 2968 4926 τδνΚάῖν,
2995 4866 3087 4917 καὶ
3111 4866 3202 4918 τὸν
3222 4868 3436 4939 Λάμεχ,
3464 4870 3555 4920 καὶ
3571 4869 3777 4932 πάντας
3800 4874 3924 4934 τοὺς

2357 4953 2433 5022 ’τῷ
2469 4954 2587 5022 Θεῴ
2647 4956 2994 5018 ἐπταικότας,
3035 4957 3398 5029 ἐνθυμοῦμαι,
3434 4962 3513 5014 ὅτι
3547 4963 3699 5029 κάγώ
3754 4964 3870 5033 είμι
3899 4963 3926 5017 6

2361 5045 2621 5108 τοιοῦτος,
2664 5047 2757 5099 καὶ
2793 5047 2913 5116 οὐχὶ
2943 5048 3125 5111 ἀλλος.
3147 5050 3317 5104 Τοῦτο
3346 5053 3524 5104 τοίνυν
3555 5054 3614 5105 τὸ
3640 5055 3803 5123 ῥητὸν
3830 5056 3921 5110 τοῦ

2360 5138 2639 5208 προφήτου
2685 5138 2957 5220 ἁνθρὼπιρ
2983 5141 3184 5212 πρέπει
3210 5143 3435 5213 συνετῷ,
3463 5145 3759 5216 καθημένῳ
3775 5149 3926 5202 κάτω

2358 5233 2436 5292 εἰς
2468 5232 2565 5302 τὴν
2596 5230 2727 5300 ὓλην
2765 5231 2856 5285 τοῦ
2884 5234 3108 5302 κόσμου,
3142 5235 3476 5306 λογιζομένῳ
3508 5254 3566 5289 τε
3593 5238 3925 5293 καθ’ἐαυτδν

2360 5322 2452 5373 καὶ
2487 5322 2695 5386 λέγοντι
2729 5337 2740 5350 ·
2785 5341 2803 5371 ‹
2827 5322 2969 5384 Ἕως
2999 5324 3130 5376 πότε
3163 5324 3560 5399 προσεύχομαι,
3595 5329 3689 5380 καὶ
3721 5329 3756 5382 ἂ
3784 5329 3927 5398 λέγω

2359 5413 2419 5466 οὐ
2454 5413 2620 5476 νοῶν
2656 5414 2787 5465 Τότε
2818 5414 3014 5483 ἐπάγει
3031 5414 3224 5483 λέγων·
3258 5436 3275 5467 ι
3299 5418 3735 5491 Ἐφυλαξάμην,ι
3765 5431 3924 5475 τουτ-

2362 5499 2508 5555 έστιν
2537 5502 2837 5573 ἐσκόπησα,
2874 5505 2965 5555 καὶ
2995 5504 3316 5576 ἐσκεψάμην
3346 5509 3445 5578 τὴν
3476 5512 3786 5584 προσευχὴν
3814 5510 3925 5568 τῶν

2358 5597 2582 5668 χειλέων
2623 5613 2721 5664 μου
2750 5613 2762 5625 ·
2797 5595 3023 5666 εὔχομαι
3068 5600 3143 5666 δὲ,
3176 5603 3256 5654 ὅτι
3294 5602 3359 5656 Et
3401 5603 3757 5657 ἀνταπέδωκα
3809 5609 3922 5675 τοῖς

2495 5712 2539 5743 ⁸⁸
2581 5711 2781 5768 llabac.
2817 5727 2899 5780 tn,
2937 5716 3022 5771 l6.
3128 5719 3172 5749 ⁷ο
3206 5718 3223 5772 l
3256 5718 3382 5774 Cor.
3409 5735 3460 5785 χ,
3489 5719 3576 5778 ll.
3639 5720 3678 5750 ⁷¹
3710 5717 3916 5779 Hahae.
