4158 6338
178 410 272 475 129

1322 412 1497 475 ι’[τΑ
1536 414 1598 474 S.
1635 412 1797 475 ΝΠ]
1832 412 2226 479 IUNIORIS.

3298 414 3404 475 130

175 523 583 581 ἀνταποδιόοἵωί
638 542 729 596 μοι
769 526 933 592 κακὰ,
959 544 979 578 ι
1034 526 1293 596 πείσομαι
1322 526 1441 579 τόδε
1469 527 1567 581 καὶ
1597 528 1740 584 τόδε.

1871 529 2194 586 :onsideravi
2222 537 2276 587 et
2308 528 2606 584 meditatus
2642 542 2764 582 sum
2790 530 3089 584 orationem
3136 530 3404 585 Iabiorum

176 617 307 671 Kat'
340 616 540 687 Κρῖνόν
571 634 663 687 με,
698 617 899 689 Κύριε,
924 617 1067 671 κατὰ
1101 616 1451 687 δικαιοσύνην
1493 635 1616 687 μου,
1649 620 1745 673 καὶ

178 713 307 765 κατά
327 713 423 782 τὴν
448 713 691 767 ἀκακίαν
708 730 830 781 μου,
855 715 882 766 ὁ
910 712 1067 777 Θεός.
1097 731 1118 765 ι
1156 713 1263 765 Καὶ
1283 712 1363 766 ὅτι
1400 714 1688 783 Ἐμφανῶς
1717 715 1745 767 ὁ

179 804 300 867 Θεὸς
324 803 464 874 ἧξεν
482 822 500 855 ι
527 804 623 856 καί
646 820 660 833 ·
680 822 698 854 ι
720 804 795 856 Οὑ
821 804 1314 874 παρασιωπήσεται
1336 819 1352 835 ⁸
1372 802 1483 873 πῦρ
1518 802 1745 859 ἐνώπιον

180 896 335 949 αὑτοῦ
359 896 716 967 καυθήσεται,
762 898 854 949 καὶ
897 890 1109 966 φλογιεί
1156 895 1339 967 κύκλῳ
1362 896 1488 960 τοὺς
1519 895 1745 967 ἐχθροὺς

184 988 364 1042 αὑτοῦ.
389 1007 408 1039 ι

244 1255 347 1315 σις’.
379 1250 569 1305 Ταῦτα
588 1253 685 1305 καὶ
709 1252 777 1306 τὰ
800 1252 964 1322 ὅμοια
996 1252 1210 1316 τούτοις
1236 1252 1495 1323 ἐννοήσας
1528 1254 1749 1324 ἐξερχό-

187 1341 318 1409 pavi
354 1356 457 1411 μου
506 1342 614 1396 τῶν
674 1343 921 1413 χειλέων,
946 1344 1293 1412 κατανοήσας
1316 1344 1373 1396 δὲ
1403 1345 1640 1414 ἐμαυτὸν
1680 1344 1750 1398 τὰ

187 1436 404 1487 ἐναντία
430 1435 740 1504 πράττοντα
762 1434 991 1500 τούτων,
1024 1434 1267 1506 ἐφοϐήθη
1326 1453 1429 1505 μου
1462 1436 1495 1505 ἡ
1529 1437 1746 1503 καρδία,

190 1523 274 1576 καὶ
305 1524 617 1594 ὲτρόμαξαν
636 1527 703 1579 τὰ
731 1526 865 1578 ὁστᾶ
888 1544 1011 1595 μου,
1041 1528 1073 1597 ὴ
1101 1526 1158 1578 δὲ
1192 1522 1343 1597 ἰσχὺς
1374 1527 1483 1580 τῶν
1509 1528 1751 1595 γονάτων

194 1605 287 1682 ptio
322 1616 587 1669 ὑποκάτω
638 1634 738 1685 μου
770 1617 1066 1687 ἐταράχθη,
1099 1616 1240 1669 ὥστε
1269 1617 1462 1687 στῆναι
1488 1618 1562 1688 μὴ
1591 1618 1750 1671 δύνα-

192 1705 329 1756 σθαι.
376 1703 464 1769 Ἔν
487 1703 657 1774 ταύτῃ
688 1704 869 1757 τοίνυν
920 1707 985 1776 τῇ
1022 1707 1119 1775 τῆς
1155 1705 1385 1773 θλίψεως
1426 1724 1523 1776 μου
1570 1707 1753 1778 ἡμέρᾳ

192 1795 281 1847 οὑκ
310 1793 491 1856 ἄλλως
529 1796 701 1862 ἔγνων
757 1798 1070 1867 ἀναπαῆναι
1098 1797 1195 1851 καὶ
1233 1798 1619 1868 ἀπαλλαγῆναι
1655 1800 1749 1852 τοῦ

1846 637 2117 696 meorum.
2146 622 2256 678 Oro
2313 629 2493 677 autem
2564 622 2670 677 hoc
2742 627 2955 690 pacto:
3002 638 3019 670 ι
3084 622 3139 674 Si
3197 619 3408 675 reddidi

1846 714 2284 769 retribdentibus
2316 713 2446 768 mihi
2473 714 2612 768 mala
2644 713 2711 777 τ’,
2752 730 2771 763 ›
2811 712 2927 766 haec
2950 722 3002 766 et
3027 711 3143 765 haec
3165 713 3336 779 patiar
3391 728 3405 741 -

1844 814 1951 862 et:
2011 825 2029 858 ι
2067 804 2260 860 Judica
2312 821 2420 871 me,
2486 805 2733 868 Domine,
2798 807 3098 859 secundum
3144 803 3406 871 justitiam

1845 912 2022 951 meam
2057 903 2111 949 et
2135 896 2438 951 sewndUm
2473 896 2840 951 innocentiam
2875 910 3071 958 meam,
3104 892 3244 947 Deus
3279 893 3327 924 "
3355 909 3403 944 ε»

1845 998 1899 1042 et
1928 1007 1942 1044 :
1979 1009 1996 1039 ι
2025 988 2170 1043 Deus
2201 987 2489 1041 manifeste
2513 986 2693 1041 veniet
2716 994 2771 1039 et
2800 1001 2905 1039 non
2937 985 3150 1048 silebit;
3184 982 3327 1052 ignis
3357 982 3413 1034 in

1847 1091 2139 1149 conspectu
2159 1081 2279 1149 ejus
2302 1078 2622 1134 exardescet
2645 1090 2694 1131 et
2713 1078 3071 1131 inﬂammabit
3100 1077 3151 1130 in
3178 1076 3411 1130 circuitu

1848 1171 2101 1227 inimicos
2134 1170 2254 1240 ejus
2280 1171 2346 1223 ⁷⁸.
2375 1185 2395 1221 ι

1919 1258 2007 1313 76.
2042 1258 2166 1313 Haec
2201 1271 2255 1314 et
2309 1260 2507 1315 similia
2544 1256 2672 1311 dum
2724 1255 2950 1324 proferri
3000 1271 3092 1323 per
3142 1271 3204 1310 os
3234 1269 3411 1308 meum

1848 1350 2156 1412 considero,
2185 1358 2240 1403 et
2271 1364 2305 1403 a
2332 1359 2417 1403 m‘e
2456 1348 2571 1402 tleri
2598 1347 2873 1402 contraria
2903 1345 3079 1408 video,
3108 1344 3289 1395 timuit
3321 1359 3416 1396 cor

1852 1456 2033 1497 meum
2069 1450 2122 1495 et
2153 1448 2601 1494 contremuerunt
2634 1453 2759 1491 ossa
2782 1451 2897 1491 mea
2928 1444 2979 1487 et
3002 1434 3168 1488 robur
3184 1441 3426 1503 genunnt’.

1851 1548 2095 1587 meorum
2133 1532 2319 1587 subter
2342 1531 2723 1585 conturbatum
2749 1538 2854 1593 est,
2899 1528 2971 1579 ita
3011 1534 3069 1579 ut
3103 1534 3249 1578 stare
3278 1545 3287 1560 ο
3314 1540 3420 1577 non

1850 1641 2071 1697 queam.
2107 1625 2165 1678 in
2214 1626 2314 1677 hac
2343 1622 2510 1692 igitur
2547 1619 2855 1673 alﬂictionis
2920 1632 3056 1671 mea:
3103 1617 3190 1670 die
3242 1616 3422 1677 video.

1850 1734 1961 1773 non
1990 1717 2095 1770 alia
2132 1715 2347 1770 ratione
2392 1727 2477 1765 me
2523 1723 2683 1782 posse
2715 1711 3025 1779 quiescere,
3085 1716 3427 1776 tremoreque

1855 1825 1919 1865 ac
1953 1811 2152 1863 timore
2180 1807 2425 1869 liberari,
2463 1804 2564 1858 nisi
2596 1803 2941 1858 ascendendo
3004 1800 3151 1863 illuc,
3200 1801 3287 1855 ubi
3344 1808 3427 1854 est

190 1887 389 1955 τρόμου
413 1904 472 1940 τε
496 1888 588 1940 καὶ
642 1889 735 1942 τοῦ
802 1889 991 1958 φόϐου,
1021 1890 1069 1941 εί
1103 1889 1179 1958 μὴ
1206 1892 1261 1943 ἂν
1286 1889 1364 1959 τῷ
1391 1889 1659 1959 ἀναὸἦναί
1686 1907 1754 1959 με

1871 1900 2096 1967 populus
2147 1895 2605 1967 peregrinationis
2684 1908 2841 1957 mem,
2904 1894 2995 1945 ubi
3056 1902 3185 1946 sunt
3234 1907 3426 1946 omnes

193 1978 311 2030 ἔνθα
342 1980 369 2031 ὁ
418 1980 545 2043 λαὸς
582 1980 683 2049 τῆς
742 1979 1003 2044 ξενιτείας
1055 1997 1157 2048 μου
1186 1996 1201 2010 ⁸
1259 1980 1393 2032 ὅπου
1418 1980 1524 2032 εἰσὶ
1556 1982 1757 2043 πάντες

192 2069 323 2133 ξένοι
355 2072 453 2123 καὶ
484 2073 990 2141 παρεπίδημοι,καὶ
1006 2072 1066 2123 τὸ
1089 2071 1393 2140 πολίτευμα
1416 2074 1473 2124 ὲν
1506 2074 1759 2142 οὑρανοῖς

194 2161 419 2232 ἔχοντες⁹
444 2166 495 2215 οἱ
529 2164 696 2232 μηδὲν
727 2163 939 2232 ἔχοντες
964 2163 1114 2229 ἴδιον,
1150 2167 1245 2216 καὶ
1278 2164 1458 2217 πάντα
1500 2165 1761 2233 κατέχον-

196 2270 307 2316 τες·
358 2255 495 2309 διότι
537 2258 734 2327 ἡσυκῆ
790 2274 914 2325 μου,
969 2257 1125 2327 καὶὴ
1172 2256 1329 2309 ἐλαία
1402 2273 1527 2324 μου,
1584 2262 1676 2308 καὶ
1726 2259 1758 2326 ἡ

200 2346 456 2414 ἄμπελος,
488 2350 580 2399 καὶ
615 2348 685 2400 τὰ
715 2350 887 2418 κτήνη
920 2366 1023 2417 μου
1069 2348 1225 2399 οὐδέν
1282 2363 1347 2414 με
1380 2347 1763 2415 ὠφελήσουσιν

202 2440 253 2487 ἐν
287 2438 735 2509 ἡμέραθλίψεως,
767 2438 885 2491 οὐδὲ
921 2439 1059 2507 μετά
1083 2438 1313 2491 θάνατόν
1341 2456 1429 2507 μοι
1484 2455 1765 2508 καρποφο-

205 2528 439 2594 ρήςουσι.
476 2528 536 2579 Εἰ
554 2529 609 2581 δὲ
632 2529 842 2599 ποιήσω
866 2528 893 2580 ὃ
916 2528 1345 2598 ἐδουλευσάμην,
1369 2528 1767 2596 ἀγαλλιάσομαι

202 2616 312 2666 τότε
348 2619 405 2668 ὲν
440 2616 515 2686 τῷ
552 2618 759 2685 Κυρίῳ,
816 2619 1131 2688 χαρήσομαι
1167 2620 1260 2669 ἐπὶ
1298 2617 1374 2687 τῷ
1403 2616 1521 2687 Θεῷ
1553 2616 1799 2697 Σωτῆρίυ

209 2726 322 2776 μου.
357 2711 560 2763 Τούτου
597 2714 652 2765 δὲ
684 2712 856 2774 οὑτως
903 2711 1339 2783 ὲρμηνευθέντος
1375 2710 1516 2763 κατά
1549 2712 1647 2780 τὴν
1674 2710 1768 2763 τοῦ

206 2799 389 2867 ἠθικοῦ
450 2802 831 2871 τροπολογίαν,
886 2802 1031 2870 λέγει
1090 2804 1226 2873 πρὸς
1260 2803 1351 2855 τὸν
1410 2804 1553 2855 ὅσιον
1576 2803 1765 2865 ἄλλος’

208 2882 359 2949 Ἰδοὺ,
384 2886 532 2954 τίμιε
561 2889 761 2959 Πάτερ,
792 2892 1192 2960 ἀποστέλλομαι
1217 2892 1367 2959 παρά
1410 2890 1503 2943 τοῦ
1528 2892 1671 2944 ἀὸὃᾶ
1694 2893 1773 2955 είς

208 2974 493 3044 διακονίαν,
522 2978 583 3042 ἐξ
610 2976 677 3052 ἧς
702 2982 761 3034 οὑ
819 2985 1020 3052 μικρὰν
1070 2982 1275 3051 βλάϐην
1325 2983 1585 3051 ὑπομένω
1612 2999 1625 3012 ’
1652 2986 1679 3036 ὁ
1717 2983 1773 3035 δὲ

210 3068 380 3118 κανὼν
412 3072 788 3138 παραγγέλλει
854 3074 1099 3143 ὑπακοὴν
1162 3074 1475 3143 ἀδιάκριτον
1506 3074 1671 3144 ἔχειν.
1710 3076 1773 3127 Τί

1862 1991 2083 2044 advena:
2121 1999 2175 2042 et
2205 1987 2500 2058 peregrini,
2535 2000 2765 2055 quorum
2807 1984 3155 2039 conversatio
3177 1984 3229 2037 in
3274 1984 3428 2038 caelis

1861 2090 1969 2146 est,
2004 2083 2096 2151 qui
2132 2080 2344 2149 prOpl‘ii
2374 2079 2506 2131 nihil
2565 2077 2769 2130 habent
2803 2086 2856 2131 et
2910 2076 3094 2128 onmia
3125 2075 3433 2143 possident.-

1860 2175 1997 2227 Nam
2019 2173 2153 2227 ﬁcus
2188 2186 2305 2225 mea
2352 2170 2539 2225 etolea
2580 2182 2721 2233 mea,
2778 2176 2832 2221 et
2884 2167 3038 2221 vinea
3102 2176 3155 2219 et
3186 2168 3430 2234 jumenta

1864 2279 1983 2317 mea
2028 2264 2165 2316 nihil
2216 2262 2345 2315 mihi
2406 2260 2705 2329 proderunt
2755 2260 2809 2312 in
2848 2257 2936 2312 die
2968 2258 3299 2318 amictionis.
3332 2272 3431 2309 ne-

1867 2369 1973 2424 que
2004 2366 2125 2423 post
2180 2358 2409 2406 mortem
2480 2349 2876 2420 miltil’ructum
2955 2347 3201 2401 aiierent.
3263 2347 3439 2400 Porro

1868 2445 1915 2498 si
1960 2442 2177 2508 faciam,
2215 2442 2358 2511 quod
2385 2440 2641 2508 cogitavi,
2672 2446 2803 2492 tunc
2833 2437 2885 2491 in
2916 2436 3147 2491 Domino
3180 2436 3443 2506 gaudebo

1867 2546 1921 2591 et
1950 2535 2237 2589 exsultabo
2284 2534 2337 2586 in
2373 2532 2479 2585 Deo
2534 2530 2765 2585 salutari
2818 2546 2957 2583 meo.
3000 2528 3111 2583 Hac
3144 2529 3333 2582 morali
3385 2536 3437 2582 et

1870 2621 2205 2690 tropologica
2237 2620 2627 2689 explanatione
2654 2619 2778 2672 data
2803 2618 2942 2687 σοι),
2980 2627 3227 2671 sanctum
3264 2618 3434 2671 virum

1872 2715 2231 2783 interrogavit
2264 2714 2404 2766 alius
2446 2728 2460 2764 :
2491 2711 2545 2763 Si
2579 2726 2660 2764 me
2688 2711 2887 2775 mittat,
2922 2711 3227 2764 venerande
3258 2708 3435 2773 Pater,

1874 2807 2045 2860 abbas
2078 2805 2143 2858 ad
2183 2802 2574 2863 ministerium,
2608 2817 2669 2854 ex
2722 2816 2830 2871 quo
2881 2817 2987 2855 non
3031 2801 3291 2854 mediocri
3346 2802 3440 2853 lzed

1875 2896 2029 2950 sione
2064 2894 2290 2957 allicior,
2318 2894 2545 2963 jubente
2580 2890 2786 2961 regula,
2824 2891 3123 2960 parendum
3150 2907 3271 2945 esse
3306 2892 3439 2945 nihil

1877 2972 2252 3058 dijudicando,
2288 2987 2493 3053 nescio,
2534 2995 2715 3039 utrum
2750 2986 2880 3039 mihi
2913 2985 3311 3052 praeferendum
3346 2985 3436 3037 sit.

1876 3082 2183 3152 Respondit
2253 3080 2411 3134 Pater
2466 3094 2480 3131 ε
2530 3096 2547 3129 ι
2590 3076 2833 3142 Obedite,
2902 3079 3077 3145 inquit
3122 3075 3443 3145 Apostolus,

212 3153 298 3207 οὖν
363 3162 707 3230 προτιμῆσαι
758 3162 869 3215 τῶν
902 3164 1229 3234 ἀμφοτέρων
1295 3165 1395 3217 οὐκ
1447 3160 1584 3217 οῖδα.
1620 3166 1682 3216 ’0
1719 3164 1768 3217 δὲ

216 3248 253 3266 η
330 3250 343 3266 .
450 3252 472 3266 ..
649 3255 694 3266 η
736 3255 777 3266 .-
855 3256 875 3266 -
1026 3259 1046 3266 _
1152 3259 1164 3266 .
1345 3260 1354 3266 .
1510 3260 1522 3266 -
1590 3258 1614 3266 _
1753 3259 1764 3266 .

1879 3176 2186 3245 praepositis
2223 3174 2451 3238 vestris,-
2476 3181 2529 3227 et
2560 3173 2839 3241 subjacete
2855 3171 2955 3232 eis,
2990 3171 3092 3239 ipsi
3126 3170 3266 3223 enim
3315 3184 3439 3237 pcr-

216 3248 392 3320 Πατὴρ
450 3252 588 3321 ἔφη*
649 3255 910 3307 Πείθεσθε
963 3259 1078 3318 τοῖς
1143 3259 1471 3326 ἡγουμένοις
1503 3258 1655 3327 ὑμῶν
1684 3259 1776 3310 καὶ

215 3343 483 3406 ὑπείκετε,
516 3345 672 3399 αὐτοὶ
702 3347 810 3416 γὰρ
842 3348 1213 3417 ἀγρυπνοῦσιν
1248 3349 1388 3419 ὑπὲρ
1428 3349 1538 3401 τῶν
1593 3350 1780 3419 ψυχῶν

214 3434 379 3502 ὑμῶν,
406 3438 482 3498 ὠς
510 3436 668 3504 λόγον
716 3439 1109 3501 ἀποδώσοντες,
1166 3441 1332 3508 φησὶν
1363 3443 1390 3491 ὁ
1430 3441 1774 3502 ’Λποστὸλος.

214 3526 399 3579 Τοίνυν
432 3530 593 3596 ἡμεῖς
634 3530 809 3582 πάντα
839 3530 905 3583 τὰ
934 3530 1029 3593 τῆς
1075 3530 1301 3601 καρδίας
1328 3531 1480 3597 ὑμῶν
1536 3530 1612 3600 τῷ
1637 3531 1779 3601 άὸΰᾷ

213 3619 759 3689 ἐξομολογησάμενοι,
807 3620 883 3689 τῷ
919 3622 1147 3690 κρίματι
1186 3621 1353 3674 αὑτοῦ
1377 3622 1435 3673 τδ
1460 3624 1567 3675 πᾶν
1608 3640 1779 3675 κατα-

213 3707 485 3778 λείψομεν.
520 3712 687 3765 Πάλιν
724 3713 817 3765 οὖν
847 3715 1031 3783 ἕτερος
1064 3710 1215 3766 εἶπεν
1243 3731 1257 3744 ο
1302 3714 1424 3765 Ἐὰν
1484 3713 1629 3777 ἅπαξ
1685 3713 1780 3765 τοῦ

216 3801 362 3865 ἔτους
393 3804 726 3871 συγκαταϐὦ
782 3804 859 3874 τῷ
884 3805 1093 3876 σώματί
1126 3822 1226 3875 μου
1259 3807 1351 3857 καὶ
1380 3808 1779 3876 κρεωφαγήσω,

221 3892 288 3962 μὴ
316 3894 365 3945 τί
394 3912 524 3947 ποτε
560 3896 736 3959 ἐστίν,
780 3895 836 3948 '0
859 3898 1002 3960 ὅσιος
1044 3898 1315 3967 ἀπεκρίθη
1337 3913 1351 3927 ·
1389 3898 1492 3948 Καὶ
1527 3899 1574 3949 εί
1608 3901 1784 3949 πάντα

217 3988 301 4041 τὸν
362 3993 555 4058 χρόνον
614 3988 895 4055 ὑγιαίνων,
956 3992 1013 4041 ὲν
1073 3992 1170 4060 μιᾷ
1242 3990 1359 4057 ὥρᾳ.
1417 3990 1781 4059 κρημνισθεὶς

219 4080 479 4149 κατεάξης
515 4081 577 4132 τὸ
634 4082 844 4146 σκέλος,
898 4081 949 4132 τί
995 4082 1165 4132 κακόν
1216 4082 1404 4144 tactv;
1464 4079 1646 4131 Ταῦτα
1686 4078 1781 4131 καὶ

221 4174 435 4225 πλείονα
457 4170 668 4225 τούτων
690 4173 796 4225 ἀπὸ
822 4173 1051 4243 Γραφῶν
1080 4172 1464 4241 προϐαλόντες,
1492 4170 1783 4239 ἠρώτησαν

224 4269 309 4319 καὶ
349 4266 479 4335 περὶ
508 4267 605 4333 τῆς
629 4266 724 4318 τοῦ
749 4264 1024 4319 Σαϐϐάτου
1049 4264 1320 4333 νηστείας.
1362 4261 1419 4314 '0
1439 4262 1492 4313 δὲ
1522 4260 1783 4328 σύντομον

223 4357 510 4425 ἀπόκρισιν
563 4354 810 4417 δεδωκὼς
849 4358 1052 4419 αὐτοῖς,
1095 4354 1383 4422 ἀπαλλάγη
1436 4352 1641 4404 εἰπών’
1685 4352 1784 4402 «Ὀ

225 4448 410 4501 ἐσθίων
437 4448 532 4501 τὸν
600 4448 675 4517 μὴ
702 4446 949 4500 ἐσθίοντα
997 4446 1070 4515 μὴ
1096 4444 1464 4509 ἐξουθενείτω,
1504 4442 1597 4494 καὶ
1628 4444 1655 4493 ὁ
1710 4441 1783 4511 μὴ

1881 3269 2110 3337 vigilant
2165 3267 2321 3335 quasi
2392 3266 2656 3319 rationem
2723 3277 2821 3332 pro
2880 3262 3166 3316 animabus
3242 3262 3441 3314 vestris

1882 3359 2151 3414 reddituri
2176 3359 2245 3410 ’⁸.
2285 3375 2303 3407 ›
2344 3354 2454 3411 Vos
2480 3356 2663 3425 igitur,
2694 3355 2787 3409 ubi
2849 3364 3027 3407 vestro
3083 3352 3264 3425 abbati
3313 3366 3446 3419 ape—'

1882 3450 2106 3503 meritis
2150 3446 2335 3500 omnia
2373 3446 2557 3499 cordis
2612 3444 2773 3498 vestri
2820 3456 3041 3508 arcana,
3071 3424 3278 3507 judicio
3325 3441 3444 3509 ejus

1883 3550 2054 3594 totum
2092 3538 2447 3608 permittatis.
2492 3536 2619 3589 Post
2677 3537 2789 3587 haec
2816 3535 2955 3588 alius
2987 3532 3117 3586 dixit
3147 3550 3159 3584 :
3193 3531 3248 3585 Si
3276 3534 3443 3586 semel

1881 3648 1977 3703 per
2010 3640 2182 3686 totum
2212 3632 2338 3685 anni
2375 3628 2713 3683 curriculum
2748 3628 3025 3681 indulsero
3050 3627 3265 3695 corpori
3296 3642 3440 3687 meo,

1881 3731 1935 3779 et
1971 3735 2190 3777 carnem
2217 3720 2528 3784 comedere,
2584 3716 2716 3787 quid
2758 3717 2971 3770 tandem
3030 3716 3135 3769 hoc
3180 3714 3331 3767 erit?
3383 3714 3446 3765 Et

1885 3826 2113 3868 sanctus
2141 3812 2301 3866 Pater
2340 3827 2355 3864 :
2395 3810 2459 3862 Et
2486 3798 2528 3864 si
2566 3824 2661 3878 per
2691 3815 2860 3861 totum
2894 3814 3107 3872 tempus
3130 3806 3268 3859 bona
3291 3814 3448 3857 utens

1884 3904 2216 3965 valetudine,
2245 3916 2351 3954 una
2389 3901 2520 3952 liora
2558 3912 2799 3965 prwceps
2832 3896 2996 3949 cadas
3046 3904 3098 3947 et
3131 3911 3257 3947 crus
3294 3893 3445 3945 l‘ran-

1884 4012 2001 4067 gas,
2044 3996 2173 4062 quid
2198 3993 2323 4045 mali
2352 3992 2506 4045 erit?
2552 3989 2675 4042 Haec
2729 3996 2782 4041 et
2837 3986 2991 4056 plura
3030 3985 3095 4039 de
3146 3986 3447 4054 Scriptor-is

1884 4098 2006 4137 cum
2040 4081 2442 4149 quaesivisseut,
2474 4078 2880 4145 interrogarunt
2926 4076 3088 4129 etiam
3149 4076 3214 4129 de
3241 4077 3447 4143 jejunio

1886 4172 2106 4227 Sabbati
2130 4171 2260 4240 (65).
2295 4170 2388 4223 Ille
2411 4183 2539 4222 vero
2571 4169 2714 4220 brevi
2744 4166 3106 4235 responsione
3135 4176 3447 4229 contentus,

1890 4268 1991 4319 hoc
2026 4264 2184 4317 modo
2216 4278 2276 4316 se
2310 4258 2623 4329 expedivit-
2645 4274 2662 4307 ι
2690 4256 2793 4321 Qui
2829 4256 3141 4319 manducat,
3174 4270 3277 4307 non
3300 4272 3451 4308 man-

1884 4358 2174 4410 ducantem
2208 4368 2315 4406 non
2358 4358 2613 4419 spernat;
2650 4359 2702 4402 et
2735 4348 2825 4417 qui
2855 4364 2962 4401 non
2987 4349 3452 4411 titanducat,man-

1889 4450 2175 4503 ducantem
2205 4459 2309 4498 non
2331 4442 2534 4511 judicet
2558 4458 2572 4505 ;
2600 4440 2740 4494 Deus
2770 4442 2914 4493 enim
2942 4448 3206 4506 utrosque
3234 4453 3450 4491 assum-

228 4541 415 4594 ἐσθίων
450 4542 544 4593 τὸν
588 4539 840 4593 ἐσθίοντα
881 4538 954 4609 μὴ
974 4540 1228 4608 κρινέτω,
1255 4537 1282 4588 ὁ
1306 4538 1437 4597 Θεὸς
1466 4537 1573 4603 γὰρ
1602 4536 1751 4603 egeo

1892 4540 1997 4609 psit
2022 4539 2086 4591 ".
2134 4556 2152 4587 ι
2189 4536 2268 4589 Tu
2309 4543 2487 4588 autem
2517 4547 2684 4603 quare
2713 4530 2926 4600 judieas
2957 4529 3179 4582 fratrem
3230 4536 3380 4581 tuum
3431 4531 3456 4581 ?

228 4633 409 4701 τέρους
434 4631 850 4701 προσελάϐετο.»
886 4632 955 4683 Σὺ
982 4631 1036 4683 δὲ
1061 4629 1201 4681 διατί
1226 4627 1430 4696 κρίνεις
1454 4627 1541 4678 τὸν
1562 4625 1787 4691 ἀδελφόν

233 4740 317 4774 σου
343 4742 356 4787 ;
389 4724 513 4775 Είτε
548 4722 639 4774 οὖν
664 4722 915 4790 ἐσθίομεν
942 4724 1125 4792 ἡμεῖς,
1153 4721 1264 4772 εἴτε
1293 4720 1450 4787 ὑμεῖς
1476 4716 1785 4787 νηστεὺετε,

234 4816 402 4866 κᾶντα
436 4816 517 4875 εἰς
560 4813 716 4878 δόξαν
746 4812 882 4864 Θεοῦ
918 4813 1200 4881 ποιοῦμεν.

303 4904 396 4968 οξ.
430 4905 493 4957 Εἰ
526 4905 655 4957 δέτι
686 4904 1126 4972 ὲπιλαμϐἀνεσθε
1174 4903 1355 4972 ἡμῶν,
1391 4900 1524 4954 διότι
1564 4900 1623 4951 τὸ
1647 4899 1774 4951 Σάϐ-

237 4994 391 5046 ϐατον
417 4995 477 5046 οὑ
503 4994 859 5063 νηστεύομεν,
891 4993 1114 5063 βλέπετε
1141 4994 1215 5063 μή
1245 5010 1358 5053 πως
1389 4990 1648 5061 εὑρεθῆτε
1673 4990 1783 5049 τοῖς

300 5177 346 5210 ⁷⁸
372 5176 519 5232 Psal.
552 5192 649 5239 vn,
683 5176 737 5232 5.
810 5175 860 5207 "
885 5173 1019 5230 ibid.
1054 5172 1109 5227 9.

1185 5169 1232 5201 ⁷⁸
1271 5171 1412 5227 Psal.
1450 5187 1593 5233 thx,
1618 5172 1670 5225 5.
1747 5171 1789 5201 ⁷⁸
1814 5169 1977 5223 Ilebr.
2017 5184 2132 5231 xm,
2166 5169 2254 5221 t7.

1893 4632 2018 4681 Sive
2059 4628 2221 4695 igitur
2286 4626 2619 4679 comedimus
2674 4638 2793 4685 nos,
2862 4623 2977 4677 sive
3021 4620 3283 4688 jejnuatis
3334 4636 3451 4682 vos,

1892 4721 2073 4773 omnia
2109 4718 2161 4770 in
2198 4716 2289 4771 Dei
2314 4715 2540 4786 gloriam
2584 4715 2816 4783 agimus.

1971 4899 2058 4950 77.
2093 4894 2246 4962 Quod
2277 4894 2320 4948 si
2354 4894 2529 4947 adhuc
2559 4890 2979 4962 reprehenditis,
3013 4889 3155 4959 quod
3214 4889 3455 4943 Sabbato

1895 5002 2000 5041 non
2025 4985 2357 5055 jejunamus,
2398 4989 2603 5045 cavete,
2632 4996 2698 5034 ne
2721 4982 2922 5035 sanctis
2951 4977 3204 5031 Patribus
3244 4978 3458 5033 advela-r

2340 5169 2382 5199 ⁷⁸
2411 5164 2569 5221 Rom.
2595 5185 2705 5232 xiv,
2731 5167 2785 5221 5.

1528 5284 1789 5345 Joannis
1818 5281 1943 5343 Clei
1990 5290 2177 5342 notm.

304 5420 413 5489 (64)
447 5416 815 5488 Tropologica
836 5413 925 5467 illa
956 5411 1331 5484 interpretatio
1366 5422 1451 5467 est
1482 5428 1613 5466 sane
1631 5413 1794 5479 paulo

239 5488 444 5559 longius
478 5488 773 5543 accersita.

303 5550 413 5630 (ῧό)
471 5560 710 5625 Antiqua
748 5551 1039 5630 admodum
1078 5567 1159 5607 eat
1184 5550 1514 5630 inAEcclesia
1549 5550 1787 5630 _dejeju.

242 5621 327 5685 nio
354 5621 575 5683 sabbati
619 5621 765 5679 inter
788 5624 1086 5679 Orientales
1143 5631 1194 5675 et
1249 5621 1624 5675 Occidentales
1659 5637 1790 5674 con-

244 5701 497 5753 troversia
534 5695 925 5753 contrariaque
960 5694 1013 5746 in
1046 5691 1280 5745 diversis
1324 5690 1572 5743 CCCieSilS
1600 5692 1789 5743 obser-

243 5772 435 5831 vantia,
472 5778 529 5821 ut
569 5782 636 5819 ex
666 5764 769 5817 SS.
833 5761 1102 5816 Ambrosii
1154 5768 1208 5831 et
1258 5761 1556 5831 Augustini
1620 5761 1786 5813 variis

245 5840 365 5893 locis
395 5828 583 5905 liquet.
623 5834 849 5903 Vigc-bat
879 5833 931 5884 in
977 5830 1217 5884 Ecclesia
1254 5828 1497 5895 Romana
1554 5844 1784 5882 consue-

1898 5412 2028 5465 tndo
2063 5412 2151 5463 die
2176 5410 2269 5462 illo
2292 5408 2573 5477 jejunandi
2594 5406 2759 5477 jama
2790 5405 2846 5461 S.
2889 5404 3153 5477 Ambrosii
3182 5412 3452 5472 tempore.

1900 5496 2011 5545 quo
2049 5496 2154 5533 non
2185 5475 2301 5532 erat
2325 5475 2611 5533 observata
2642 5478 2694 5528 in
2716 5475 3197 5534 Mediolauensi,ut
3227 5483 3460 5545 testatur

1901 5542 1957 5602 S.
1991 5550 2328 5619 Augustinus
2363 5550 2555 5619 epist._
2592 5545 2691 5598 118
2730 5548 2795 5599 ad
2844 5544 3185 5598 Januarium.
3233 5542 3457 5619 “Videre

1895 5620 1960 5670 ail
2007 5612 2121 5673 haec
2156 5612 2409 5686 possunt,
2446 5617 2649 5685 quibus
2688 5632 2829 5682 opus
2881 5627 2986 5686 est.
3040 5628 3163 5686 qua;
3215 5612 3459 5686 disputat

1893 5682 2224 5809 ﬁnesnellus
2250 5682 2651 5745 Dissertationc
2703 5701 2753 5738 vr
2808 5686 2875 5739 ad
2903 5682 3075 5755 Opera
3116 5684 3197 5736 «s.
3259 5683 3458 5736 Leonis

1948 5775 2093 5809 ἈΗΙΙΙ.

1948 5775 2093 5825 agul.
