4158 6338
729 339 830 411 135

2136 336 2479 398 ᾹΝΟΝΥᾸΙΙ

3887 325 3982 389 133

727 456 993 515 veremini
1017 452 1041 511 ἵ
1068 453 1208 511 Vere
1238 453 1292 509 in
1332 452 1486 511 vobis
1551 466 1659 506 non
1720 448 1877 505 video
1916 449 2144 520 justitia:
2188 448 2302 502 irii-

2432 445 2571 508 ιῦτός
2590 444 2754 509 ἐστιν,
2782 444 2872 497 καὶ
2904 443 3064 507 αὐτὸς
3088 442 3187 498 οὐκ
3214 440 3354 495 οἶδεν
3384 441 3465 495 ὅτι
3505 441 3760 511 γυναῖκες
3788 442 3978 513 opst;

730 559 879 605 ctum

811 813 1020 871 80.1lis
1062 812 1167 867 illae
1200 811 1432 877 auditis,
1467 826 1592 866 cum
1628 818 1907 881 Oporteret
1940 810 2145 881 pudore
2192 808 2310 861 suf-

738 906 893 961 i‘undi
918 913 972 960 et
1003 906 1103 959 viri
1137 905 1274 973 justi
1294 904 1519 957 liberaui
1542 904 1971 973 increpationem
1996 901 2309 960 formidare.

743 999 999 1052 abierunt
1034 997 1280 1052 dicentes
1324 995 1481 1051 :Nnn
1514 1004 1599 1051 est
1651 997 1741 1050 liic
1799 1010 1990 1051 servus
2050 993 2169 1058 Dei,
2217 996 2308 1048 sed

742 1090 1019 1154 diabolus,
1071 1088 1194 1142 Mox
1221 1089 1487 1158 postridie
1511 1087 1885 1157 deprehensus
1926 1085 2025 1140 fuit
2085 1086 2311 1154 presby-

741 1190 820 1232 ter
839 1178 1214 1232 concumbens
1240 1188 1365 1231 cum
1423 1191 1614 1231 sorore
1660 1175 2004 1237 diacnuissae,
2036 1182 2089 1227 et
2139 1174 2314 1227 divul-

744 1281 864 1338 gata
914 1284 1002 1322 res
1032 1278 1116 1323 est
1142 1282 1242 1337 per
1260 1275 1431 1320 totam
1465 1268 1612 1320 illam
1658 1267 1960 1321 civitatem.
2015 1265 2312 1334 Postquam

746 1364 939 1413 beatus
975 1359 1059 1412 vir
1091 1357 1341 1428 pervenit
1394 1357 1449 1410 in
1503 1358 1764 1427 palatium
1810 1358 2025 1421 Abarne,
2080 1364 2317 1409 tremore

743 1452 995 1521 (νοτε-θριξὶ
1021 1458 1105 1505 est
1132 1448 1221 1502 illa
1255 1446 1321 1501 ad
1354 1448 1474 1516 ejus
1503 1456 1807 1517 aspectum,
1837 1455 1890 1501 et
1926 1445 2213 1515 procidens
2250 1447 2316 1497 ad

742 1543 907 1610 pedes
963 1539 1085 1607 ejus
1142 1538 1507 1593 conﬁtebatur
1567 1544 1623 1588 et
1660 1536 1871 1588 veniam
1931 1534 2170 1603 petebat.
2226 1533 2319 1587 Ille

746 1642 894 1685 stare
934 1631 1083 1684 illam
1115 1630 1306 1699 jussit,
1341 1629 1588 1698 dixitque
1624 1626 1781 1681 :Noli
1816 1627 1917 1681 li‘oe
1946 1627 2153 1691 facere,
2192 1640 2316 1679 nam

746 1735 798 1775 et
827 1738 927 1791 ego
961 1722 1128 1776 homo
1159 1729 1418 1791 peccator
1455 1733 1601 1782 sum,
1652 1718 1887 1771 necdum
1919 1716 2105 1783 accepi
2162 1726 2317 1785 pote-

748 1783 943 1866 statem
982 1783 1183 1883 ligandi
1214 1823 1265 1866 et
1287 1812 1555 1866 solvendi.
1593 1807 1700 1862 Sed
1734 1809 1872 1862 vade
1916 1807 1981 1861 ad
2009 1783 2317 1877 episcopos,
2351 1783 2391 1837 Β

748 1903 949 1970 quibus
983 1902 1096 1954 haec
1128 1900 1405 1969 jiidicandi
1459 1906 1701 1968 potestas
1746 1898 2073 1951 demandata
2121 1905 2223 1961 est,
2269 1904 2323 1949 ιι

751 1992 834 2046 fac
868 1991 1238 2060 quodcunque
1276 1991 1351 2041 illi
1386 1989 1651 2043 dixerint.
1682 1986 1983 2056 Respondit
2014 1987 2101 2040 illa
2131 2004 2143 2041 ε
2180 1988 2326 2041 Con-

750 2085 895 2137 lessa
917 2096 1037 2137 sum
1065 2082 1334 2150 episeupis
1369 2091 1654 2150 peccatum
1687 2095 1867 2133 meum
1889 2090 1940 2133 et
1969 2079 2326 2149 injunxerunt

751 2177 909 2239 milii,
952 2186 1009 2228 ut
1050 2186 1129 2227 ter
1157 2189 1254 2243 per
1285 2172 1685 2227 hebdomadam
1727 2171 2045 2241 psalterium
2100 2173 2324 2231 recitem

752 2278 805 2320 et
836 2269 1019 2337 egenis
1051 2270 1170 2321 dem
1211 2268 1640 2337 eleemosynam.
1666 2265 1775 2319 Sed
1810 2281 1943 2335 rogo
1977 2268 2323 2319 sanctitatem

756 2370 929 2423 tuam,
962 2374 1118 2413 serve
1174 2358 1411 2422 Domini,
1440 2370 1497 2411 ut
1525 2359 1686 2410 etiam
1722 2374 1749 2409 a
1792 2368 1843 2411 te
1893 2359 2134 2422 audiam,
2179 2357 2325 2427 quod

757 2448 812 2501 in
838 2464 949 2501 rem
993 2448 1125 2501 milii
1161 2449 1255 2512 sit,
1296 2456 1351 2500 et
1385 2448 1593 2516 peccati
1629 2450 1840 2500 veniam
1882 2449 2190 2517 impetrem.
2268 2448 2329 2500 Et

759 2544 841 2594 vir
868 2549 1135 2595 sanctus:
1170 2539 1423 2595 Recitare
1448 2542 1671 2610 quidem
1720 2540 2040 2609 psalterium
2084 2549 2139 2596 et
2190 2542 2329 2596 clee-

762 2649 1024 2702 niosynas
1056 2634 1210 2698 dare,
1245 2634 1340 2685 iibi
1397 2644 1452 2686 et
1505 2633 1839 2702 pauperibus
1898 2635 2175 2699 conducit,
2235 2636 2327 2690 sed

758 2736 954 2774 necem
992 2737 1159 2790 passo
1190 2722 1392 2792 injuste
1423 2722 1654 2775 salutem
1684 2738 1792 2776 non
1819 2721 1973 2777 affert
2004 2739 2105 2778 nec
2136 2724 2327 2793 deplo-

761 2814 995 2864 ranliuin
1030 2812 1180 2865 illum
1249 2811 1401 2865 tollet
1439 2827 1750 2866 matronam.
1802 2812 1941 2877 Quid
2005 2816 2147 2869 enim
2203 2816 2324 2879 das,

760 2907 906 2971 quod
937 2905 1273 2957 tantumdem
1309 2904 1505 2966 valeat,
1555 2915 1820 2973 quantum
1861 2905 2186 2958 abstulisti?
2224 2906 2325 2960 Sed

763 2998 806 3050 si
838 2998 1063 3051 omnino
1104 2998 1182 3050 vis
1214 3013 1242 3048 a
1272 3011 1389 3049 mea
1432 3011 1651 3066 quoque
1728 2997 1993 3052 tenuitate
2042 2999 2330 3053 consilium

761 3104 977 3156 capere,
1015 3090 1217 3158 Deique
1236 3089 1571 3143 voluntatem
1602 3089 1851 3157 implere,
1884 3105 2010 3143 ecce
2039 3091 2164 3144 dico
2193 3091 2287 3144 tibi
2317 3110 2329 3145 :

765 3184 915 3233 trade
944 3180 1009 3233 de
1051 3168 1289 3233 duobus
1320 3179 1430 3233 tuis
1493 3178 1620 3231 ﬁliis
1650 3180 1880 3232 alterum
1914 3182 2335 3253 consanguineis

765 3273 992 3333 mortui,
1024 3281 1080 3324 ut
1110 3273 1176 3325 de
1218 3287 1281 3324 eo
1324 3270 1530 3323 iaciant
1582 3271 1947 3339 quodcunque
2001 3272 2245 3335 libuerit,
2282 3282 2335 3326 et

762 3363 876 3418 eris
907 3373 1037 3419 tunc
1074 3379 1102 3415 a
1131 3372 1353 3431 peccato
1383 3363 1597 3430 expiata
1632 3362 1765 3431 (69).
1793 3364 1933 3416 Dixit
1965 3366 2109 3417 enim
2136 3364 2279 3419 Deus
2315 3382 2328 3417 :

770 3471 788 3503 ι
832 3455 902 3507 De
938 3470 1101 3507 manu
1125 3456 1381 3525 gliominis
1411 3453 1597 3506 fratris
1627 3455 1748 3523 ejus
1782 3458 2057 3525 requiram
2095 3458 2330 3510 animam

769 3544 942 3612 ipsius
992 3544 1252 3598 hominis.
1316 3543 1637 3613 Quicunque
1699 3544 1950 3599 eﬂ'uderit
2040 3546 2333 3601 humanum

768 3636 1113 3704 sanguinem,
1148 3635 1405 3688 inridetur
1436 3636 1658 3703 sanguis
1690 3636 1837 3689 illius
1869 3638 1990 3692 τ”.ι
2024 3637 2084 3689 Ει
2108 3654 2332 3692 rursus:

772 3742 792 3775 ι
821 3723 1027 3788 Omnis,
1054 3725 1146 3793 qui
1171 3726 1449 3793 acceperit
1490 3725 1751 3795 gladium,
1790 3726 1968 3796 gladio
1992 3728 2189 3796 peribit
2215 3728 2283 3781 ⁷⁸.
2315 3750 2331 3780 ι

771 3816 960 3886 Neque
986 3817 1132 3870 enim
1192 3816 1463 3871 inﬁrmior
1496 3832 1556 3871 es
1600 3828 1657 3871 tu
1712 3818 1875 3873 Saule
1905 3828 1959 3873 et
2009 3818 2201 3889 Jeplite
2249 3820 2341 3887 ju-

771 3910 916 3974 dice,
943 3910 1035 3978 qui
1076 3911 1215 3979 lege,
1265 3924 1427 3978 quam
1455 3910 1557 3979 ipsi
1590 3910 1697 3964 sibi
1738 3913 2167 3975 constituerant,
2206 3912 2341 3965 libe-

772 4014 865 4054 ros
918 4016 1047 4056 suos
1074 4002 1233 4055 morti
1284 4002 1648 4065 tradiderunt.
1689 4002 1995 4072 Respondit
2026 4004 2117 4057 illa
2178 4004 2339 4058 :Non

776 4107 1009 4161 possunt
1043 4094 1147 4147 hoc
1184 4093 1385 4159 facere,
1445 4094 1610 4147 timeo
1654 4094 1822 4158 enim,
1873 4110 1938 4148 ne
1970 4094 2124 4148 illum
2194 4093 2342 4147 occi-

772 4184 926 4239 dant.

846 4467 933 4521 8i.
966 4465 1121 4521 Tunc
1153 4466 1237 4520 vir
1296 4475 1523 4521 sanctus
1576 4466 1694 4521 zelo
1738 4467 1832 4522 Dei
1888 4470 2127 4538 repletus
2192 4473 2261 4525 ait
2330 4491 2343 4526 ι

775 4554 902 4611 Haec
931 4558 1066 4611 dicit
1108 4557 1350 4626 Spiritus
1383 4566 1631 4612 sanctus.
1656 4558 1777 4612 Filii
1824 4560 1897 4613 tui
1926 4564 2147 4630 sanguis
2180 4562 2351 4617 ction-

776 4650 936 4701 iletur
963 4664 1059 4717 pro
1095 4649 1386 4718 sanguine,
1422 4666 1582 4718 quem
1646 4660 1701 4705 tn
1756 4654 1955 4722 injuste
2006 4656 2241 4710 eﬂ'udisti
2298 4666 2350 4710 et

778 4749 1060 4807 peceatum
1106 4740 1213 4792 hoc
1246 4742 1311 4793 de
1337 4742 1499 4795 domo
1552 4752 1643 4795 tua
1701 4760 1808 4797 non
1874 4746 2139 4799 delebiiur
2178 4763 2351 4816 usque

781 4833 835 4882 in
888 4831 1165 4883 Saeculum.
1196 4831 1462 4897 liegnabit
1503 4843 1683 4886 autem
1714 4835 1896 4888 nullus
1924 4836 1989 4888 de
2016 4844 2110 4889 tuo
2145 4840 2351 4891 semine

779 4923 836 4973 in
875 4932 974 4972 nae
1009 4921 1162 4982 urbe,
1189 4921 1283 4974 scd
1309 4922 1613 4990 expelletur
1650 4932 1701 4977 et
1758 4926 2078 4979 succumbet
2111 4927 2352 4980 inimicis

779 5012 896 5066 suis
928 5012 1221 5081 :quoniam
1250 5014 1493 5081 potentia
1523 5024 1613 5067 tua
1650 5014 1857 5069 conﬁsa
1890 5032 1971 5083 es,
2015 5033 2115 5071 nec
2150 5019 2347 5071 didici-

783 5107 877 5165 sti,
913 5108 1057 5173 quod
1095 5106 1356 5161 Dominus
1382 5121 1673 5176 pauperem
1707 5106 1835 5161 facit
1871 5119 1925 5161 et
1956 5110 2111 5171 ditat,
2170 5111 2349 5162 hinni-

783 5192 878 5244 liat
924 5203 969 5247 et
1028 5194 1298 5250 sublevat.
1358 5195 1481 5249 llaec
1550 5198 1640 5248 illa
1689 5212 1810 5250 cum
1866 5198 2132 5262 audisset,
2185 5202 2349 5269 ('(Bpit

782 5283 913 5365 ﬂere
966 5301 1029 5339 ac
1066 5286 1380 5350 lamentari,
1421 5297 1473 5342 et
1499 5290 1731 5357 Oppletis
1759 5306 1891 5344 auro
1926 5292 2202 5353 manibus,
2234 5295 2347 5363 viro

857 5456 922 5489 ’τ’
958 5458 1095 5514 Gen.
1141 5462 1267 5523 ix,5
1294 5462 1345 5515 6.
1422 5464 1469 5495 "
1498 5464 1690 5518 Matth.
1715 5480 1863 5531 xm,
1891 5466 1982 5521 59..

2408 538 2498 591 τὸν
2525 538 2656 590 Θεδν
2698 540 2774 608 μὴ
2816 536 3169 606 φοϐούμεναι,
3227 534 3332 587 κᾶν
3361 534 3487 594 τοὶς
3516 533 3841 602 ἀνθρώπους
3875 535 3975 586 ούκ

2410 628 2777 697 αἱσχύνεσθες
2826 628 2994 690 ὅντως
3020 628 3117 696 οὐχ
3145 624 3255 696 όρῶ
3289 627 3344 678 ἐν
3371 625 3501 696 ὑμῖν
3530 626 3746 696 καρπὸν
3772 625 3985 679 δικαιοο

2415 723 2600 790 σύνης.

2483 819 2559 865 π’.
2585 813 2771 865 Ταῦτα
2805 813 3008 863 ἐκεῖναι
3027 810 3354 878 ἀκούσασαι,
3378 812 3498 865 δέον
3530 812 3867 881 ἐντραπῆναι
3892 812 3991 863 καὶ

2414 903 2755 972 καταπτῆξαι
2777 902 2870 955 τοῦ
2899 903 3106 956 δικαίου
3136 904 3232 973 τὴν
3258 905 3593 975 παρρησίαν,
3628 902 3989 973 ἀνεχώρησαν

2413 997 2708 1063 λέγουσαι,
2750 997 2831 1053 ὅτι
2882 988 3037 1059 οὗτος
3091 997 3191 1049 οὐκ
3240 996 3356 1048 ἔστι
3406 996 3591 1058 δοῦλος
3643 995 3803 1059 Θεοῦ,
3851 995 3995 1047 ἀλλὰ

2413 1086 2680 1149 διάϐολος.
2735 1089 2842 1139 Καὶ
2907 1088 3110 1152 εὐθέως
3169 1091 3236 1159 τῇ
3296 1088 3560 1157 ἐπαύριον
3617 1086 3897 1157 ἐκρατήθη
3967 1089 3997 1137 ὁ

2417 1178 2790 1249 πρεσὸύτερος
2826 1179 3173 1248 κοιμώμενος
3207 1179 3344 1249 μετὰ
3392 1180 3493 1247 τῆς
3527 1180 3776 1231 διακόνου
3831 1177 4000 1246 ὁμαί-

2420 1284 2579 1338 μονος
2608 1283 2623 1298 ·
2664 1268 2760 1321 καὶ
2792 1269 3034 1339 ἠκούσθη
3062 1271 3120 1321 ἐν
3158 1270 3255 1341 ὅλῃ
3290 1273 3355 1338 τῇ
3406 1270 3561 1323 πόλει
3606 1270 3809 1340 ἐκείνῃ.
3844 1271 4004 1322 Κατ-

2416 1358 2611 1414 ἐλαϐεν
2642 1356 2737 1412 οὖν
2774 1362 2801 1413 ό
2826 1361 2972 1423 ὅσιος
3004 1361 3063 1413 τὸ
3092 1361 3353 1414 παλάτιον
3381 1361 3481 1430 τῆς
3532 1361 3584 1413 Ἀ
3600 1360 3806 1431 ράὁας·
3870 1361 4005 1429 ἣτις

2417 1452 2731 1521 θεασαμένη
2751 1451 2935 1517 αὐτὸν,
2958 1454 3052 1505 καὶ
3073 1453 3374 1525 σύντρομος
3398 1456 3666 1525 γενομένη
3687 1454 4002 1524 προσέπεσε

2416 1546 2531 1606 τοῖς
2556 1544 2714 1595 ποσὶν
2768 1542 2931 1596 αὐτοῦ
2992 1546 3486 1615 ἐξομολογουμένη,
3519 1548 3613 1599 καὶ
3645 1544 4008 1615 συγχώρησιν

2419 1637 2604 1691 λαϐεῖν
2668 1637 2989 1707 αἰτουμένη.
3048 1637 3107 1691 '0
3135 1638 3192 1691 δὲ
3222 1640 3536 1707 ἀναστήσας
3594 1639 3765 1707 αὐτὴν
3810 1634 3996 1690 εἷπεν·

2420 1731 2509 1800 Μὴ
2537 1730 2679 1783 οὕτω
2704 1733 2870 1795 ποιεῖ,
2903 1732 2985 1782 ὅτι
3014 1730 3170 1797 κάγὼ
3196 1730 3482 1801 ἅνθρωπος
3504 1728 3619 1799 εἰμὶ
3638 1728 4004 1800 ἁμαρτωλὸς,

2420 1822 2573 1875 οῦπω
2590 1821 2769 1875 λαϐὼν
2801 1821 3050 1886 ἐξουσίαν
3080 1821 3170 1875 τοῦ
3191 1822 3409 1891 δεσμεῖν
3438 1823 3534 1875 καὶ
3550 1821 3719 1874 λύειν.
3736 1821 3991 1892 Πορεύου

2421 1912 2475 1965 δέ
2512 1913 2647 1983 πρὸς
2694 1914 2819 1975 τοὺς
2873 1913 3227 1977 ἐπισκόπους,
3264 1914 3386 1974 τοὺς
3424 1913 3488 1964 τὰ
3519 1912 3744 1964 τοιαῦτα
3775 1911 3998 1981 κρίνειν

2424 2004 2892 2073 πεπιστευμένους
2923 2020 2936 2034 ·
2987 2004 3081 2057 καὶ
3134 2003 3209 2067 ὡς
3235 2004 3298 2056 ἄν
3332 2020 3414 2055 σοι
3446 2005 3697 2065 εἴπωσιν,
3751 2005 4010 2073 ποίησεν.

2437 2097 2500 2148 Ἢ
2530 2096 2585 2147 δέ
2617 2094 2890 2163 ἀπεκρίθη
2912 2110 2927 2123 ο
2995 2094 3120 2157 Τοῖς
3149 2094 3251 2162 μὲν
3310 2093 3631 2155 ἐπισκόποις
3660 2090 4014 2161 ἐξηγόρευσα.

2427 2187 2524 2255 τὴν
2580 2184 2719 2253 ἐμὴν
2772 2183 3072 2254 ἁμαρτίαν,
3132 2185 3225 2236 καὶ
3274 2184 3481 2236 ἔδωκάν
3516 2200 3604 2252 μοι
3634 2182 3853 2243 ἐντολὰς
3907 2179 4013 2233 τοῦ

2431 2278 2660 2347 πληρεῐν
2722 2278 2784 2329 τὸ
2820 2278 3121 2348 ψαλτήριον
3180 2276 3363 2346 τρίτον
3420 2276 3521 2345 τῆς
3547 2275 3865 2345 ἑϐδομάδος,
3910 2276 4012 2327 καὶ

2429 2378 2601 2426 ποιεῖν
2628 2374 2774 2435 ἕλεος
2822 2375 2903 2434 εἰς
2960 2375 3086 2433 τοὺς
3118 2373 3421 2442 δεομένους.
3479 2370 3793 2441 Παρακαλῶ
3819 2370 3873 2421 δὲ
3908 2367 4018 2437 τὴν

2429 2469 2529 2536 σὴν
2564 2466 2902 2535 ἁγιωσύνην,
2962 2464 3116 2518 δοῦλε
3182 2465 3412 2533 Κυρίου,
3459 2464 3552 2517 τοῦ
3580 2464 3676 2516 καὶ
3719 2462 3871 2532 παρὰ
3913 2460 4015 2513 σοῦ

2428 2561 2487 2612 τ’)
2523 2560 2799 2628 συμφέρον
2853 2555 3106 2618 ἀκοῦσαι,
3165 2557 3259 2608 καὶ
3309 2555 3406 2624 τὴν
3463 2553 3655 2620 ἄφεσιν
3689 2553 3881 2606 hasty
3912 2552 4017 2602 τοῦ

2430 2650 2847 2722 ἡμαρτημένου.
2910 2650 2951 2702 0
2984 2648 3040 2700 δὲ
3066 2649 3213 2709 ὅσιος
3264 2647 3405 2715 ἔφη·
3438 2646 3510 2698 Τὸ
3567 2646 3663 2714 μὲν
3715 2648 3891 2720 εἰπεῖν
3947 2649 4015 2696 τὸ

2430 2744 2750 2814 ψαλτήριον,
2810 2743 2905 2795 καὶ
2960 2740 3143 2793 δοῦναι
3206 2738 3600 2809 ἐλεημοσύνην,
3641 2739 3725 2791 σοὶ
3756 2740 3849 2790 καὶ
3893 2737 4020 2797 τοῖς

2431 2838 2701 2906 δεομένοις
2762 2835 2909 2887 ἐστὶν
2955 2832 3169 2901 ὄφελος,
3232 2830 3307 2901 τῷ
3367 2831 3422 2883 δὲ
3476 2832 3682 2892 ἀδίκως
3743 2829 4016 2896 σφαγέντι

2436 2928 2709 2997 σωτηρίαν
2736 2927 2834 2978 οὐκ
2885 2925 3030 2991 ἄγει,
3085 2923 3208 2975 οὒτε
3249 2921 3359 2975 τῶν
3418 2924 3626 2974 ἐκεῖνον
3660 2918 4015 2972 πενθούντων

2436 3020 2535 3089 τὴν
2574 3018 2751 3086 λύπην
2775 3016 3139 3069 διασκεδάσει.
3171 3015 3235 3067 Τί
3270 3015 3377 3084 γὰρ
3406 3012 3657 3065 τοσοῦτον
3680 3012 3856 3074 δίδως,
3879 3012 4015 3063 ὅσον

2439 3112 2698 3183 ἀφείλους
2730 3112 2789 3162 Ei
2851 3109 2905 3162 δὲ
2968 3108 3105 3171 ὅλως
3156 3105 3337 3173 βούλει
3390 3106 3485 3157 καὶ
3550 3106 3681 3173 παρ’
3729 3104 3863 3172 ἐμοῦ
3917 3103 4020 3155 τοῦ

2441 3203 2690 3264 εὐτελοῦς
2749 3199 3000 3263 δέξασθαι
3050 3198 3266 3267 βουλὴν,
3324 3197 3417 3248 καὶ
3463 3195 3765 3264 ποιῆσαιτὸ
3796 3195 4020 3263 θέλημα

2442 3293 2533 3343 τοῦ
2562 3290 2720 3352 Θεοῦ,
2751 3290 2858 3341 ἰδοὺ
2882 3288 3025 3355 λέγω
3057 3305 3160 3342 σοι.
3202 3286 3450 3357 Παράδος
3481 3285 3576 3337 Eva
3616 3286 3724 3337 τῶν
3742 3285 3850 3337 σῶν
3879 3285 4020 3337 υἱῶν

2439 3387 2551 3446 τοῖς
2584 3383 2731 3445 ἰδίοις
2763 3382 2854 3433 τοῦ
2885 3380 3328 3449 τελευτήσαντος,
3380 3377 3472 3430 τοῦ
3525 3377 3747 3445 ποιῆσαι
3779 3380 3834 3428 ἐν
3865 3378 4023 3445 αὐτῷ

2442 3477 2494 3528 εἴ
2520 3493 2570 3527 τι
2620 3475 2685 3527 ἄν
2717 3474 2963 3537 θέλωσιν,
3015 3473 3109 3526 καὶ
3136 3454 3281 3523 τότε
3313 3471 3679 3543 ἀπαλλαγήσῃ
3708 3470 3800 3523 τοῦ
3830 3472 4025 3540 ἁμαρ-

2439 3565 2703 3633 τήματος.
2735 3557 2871 3614 Eine
2886 3563 2992 3629 γὰρ
3010 3562 3036 3612 ὁ
3060 3560 3214 3625 Θεὸς,
3239 3561 3319 3613 ὅτι
3354 3580 3372 3610 ι
3395 3562 3491 3612 Ἐκ
3513 3560 3690 3629 χειρὸς
3724 3560 4021 3630 ἀνθρώπου

2441 3656 2669 3722 ἀδελφοῦ
2717 3654 2883 3708 αὑτοῦ
2944 3654 3234 3722 ἐκζητήσω
3284 3653 3386 3721 τὴν
3416 3652 3595 3723 ψυχὴν
3632 3652 3795 3705 αὑτοῦ
3823 3652 3885 3721 δὴ
3922 3655 4021 3705 τοῦ

2443 3746 2765 3817 ἀνθρώπου·
2810 3747 2867 3797 Ὀ
2927 3745 3137 3812 ἐκχέων
3196 3738 3334 3812 αἷμα
3407 3744 3726 3815 ἀνθρώπου,
3775 3746 3896 3797 ἀντὶ
3921 3744 4021 3797 τοῦ

2448 3839 2680 3906 αἵματος
2715 3835 2878 3888 αὐτοῦ
2903 3835 2963 3887 τὸ
2994 3834 3159 3887 αὑτοῦ
3192 3834 3569 3904 ἐκχυθήσεται.
3597 3854 3615 3886 ι
3651 3834 3760 3887 Καὶ
3808 3836 3972 3887 πάλιν
4002 3852 4015 3865 ·

2452 3930 2591 3989 «Πᾶς
2633 3929 2660 3979 ὁ
2694 3926 2871 3979 λαϐὼν
2907 3925 3203 3994 μάχαιραν,
3243 3926 3299 3975 ἐν
3331 3923 3574 3995 μαχαίρᾳ
3602 3922 4014 3977 ἀποθανεῖται.)

2447 4021 2519 4072 Ού
2548 4022 2659 4089 γὰρ
2690 4014 2740 4071 εἴ
2772 4019 2833 4071 σὺ
2868 4016 3203 4086 ἀσθενεσέρα
3262 4016 3435 4068 Σαοὺλ
3471 4016 3567 4068 τοῦ
3602 4015 3889 4085 βασιλέως,
3923 4017 4021 4067 καὶ

2446 4110 2540 4162 τοῦ
2583 4110 2768 4180 κριτοῦ
2836 4103 3065 4176 Ἰεφθάε,
3121 4107 3319 4168 οἵτινες
3360 4107 3427 4158 δι’
3459 4106 3666 4158 οἰκείαν
3699 4105 3920 4173 ἐντολὴν
3950 4106 4020 4158 τὰ

2452 4201 2558 4253 ἴδια
2578 4200 2740 4251 τέκνα
2779 4200 2858 4260 είς
2886 4198 3114 4251 θάνατον
3154 4194 3496 4263 προθδωκαν.
3537 4195 3601 4247 Ἡ
3625 4194 3682 4247 δὲ
3715 4194 4019 4264 ἀπεκρίθη*

2371 4291 2422 4349 D
2450 4290 2523 4342 Οὐ
2553 4287 2786 4356 δύναμαι
2820 4285 2975 4339 τοῦτο
3007 4287 3228 4355 ποιῆσαι
3253 4302 3267 4317 ο
3299 4284 3569 4354 φοῦοῦμαι
3607 4283 3737 4352 γὰρ,
3790 4286 3864 4353 μή
3895 4300 4017 4347 πως

2445 4382 2606 4433 αὐτὸν
2662 4379 3050 4433 ἀποκτείνωσι.

2520 4472 2633 4527 τιδι’.
2666 4473 2800 4525 Τότε
2848 4473 2875 4523 ὁ
2918 4470 3189 4540 μακάριος
3221 4470 3384 4539 ζήλου
3419 4468 3555 4522 Θεοῦ
3589 4469 3851 4538 πλησθεὶς
3885 4469 4021 4520 ἀπε-

2447 4567 2691 4635 κρίνατο.
2746 4562 2885 4617 Τάδε
2926 4565 3075 4630 λέγει
3109 4563 3168 4614 τὸ
3204 4561 3429 4631 Πνεῦμα
3465 4563 3523 4615 τὸ
3551 4563 3704 4630 ἅγιον
3737 4578 3750 4593 ο
3786 4562 3859 4614 Τὸ
3880 4556 4019 4630 αἷμα

2447 4659 2540 4711 τοῦ
2592 4656 2706 4709 υἱοῦ
2761 4674 2852 4708 σου
2910 4658 3271 4727 ἐκχυθήσεται
3321 4657 3443 4711 ἀντὶ
3492 4657 3585 4709 τοῦ
3643 4656 3896 4723 αἵματος,
3959 4650 4019 4707 οὗ

2449 4750 2645 4811 ἀδίκως
2716 4748 2936 4818 ἐξέχεας
2960 4764 2972 4777 ·
3026 4749 3117 4799 καὶ
3145 4750 3177 4817 ἡ
3213 4750 3459 4819 ἁμαρτία
3513 4746 3651 4815 αὕτη
3683 4748 3781 4799 οὐκ
3811 4746 4020 4803 ἐξαλει-

2452 4840 2715 4907 φθήσεται
2774 4840 2836 4889 ἐκ
2866 4839 2955 4890 τοῦ
3004 4840 3153 4891 οἴκου
3214 4858 3306 4891 σου
3359 4841 3462 4901 ἕως
3510 4838 3726 4899 αἰῶνος.
3757 4836 3945 4906 Ἀρξει
3976 4838 4019 4888 δ’

2450 4931 2624 4989 οὐδεὶς
2658 4929 2761 4980 ἀπὸ
2792 4929 2883 4981 τοῦ
2916 4930 3008 4981 σοῦ
3048 4930 3359 4997 σπέρματος
3400 4931 3455 4981 ἐν
3504 4928 3677 4998 ταύτῃ
3709 4930 3773 4995 τῇ
3818 4927 3969 4978 πόλει
4004 4944 4017 4955 ’

2450 5020 2564 5075 ἀλλ’
2620 5020 2771 5073 ἔσται
2827 5022 3220 5091 ἐκδιωκόμενον
3279 5022 3370 5074 καὶ
3417 5019 3717 5088 νικώμενον
3755 5019 3863 5071 ἀπὸ
3912 5017 4020 5070 τῶν

2453 5113 2660 5181 ἐχθρῶν
2688 5113 2853 5164 αὐτοῦ
2876 5116 2993 5168 ἀνθ’
3014 5109 3087 5166 ὧν
3115 5114 3381 5175 πέποιθας
3410 5114 3501 5166 ἐπί
3530 5116 3592 5182 τῇ
3616 5115 3679 5181 σῇ
3710 5111 4018 5180 δυναστεία⁸

2456 5207 2549 5256 καὶ
2572 5206 2671 5258 οῦκ
2701 5206 2925 5274 ἔμαθες,
2951 5207 3031 5258 ὅτι
3064 5206 3266 5276 Κύριος
3301 5207 3563 5275 πτωχίζει
3592 5209 3687 5259 καῖ
3720 5203 4021 5267 πλουτίζει,

2455 5298 2697 5347 ταπεινοῖ
2723 5300 2814 5347 καί
2837 5295 3047 5361 ἁνυῲοῖ.
3081 5294 3264 5347 Ταῦτα
3294 5294 3573 5347 ἀκούσασα
3607 5295 3789 5361 ἐκείνη
3822 5288 4023 5361 ἤρξατο

2087 5575 2345 5641 Joannis
2378 5578 2501 5639 Clci
2537 5588 2725 5642 notae.

867 5670 980 5741 (69)
1010 5672 1311 5756 Mirandum
1361 5676 1413 5729 in
1448 5687 1601 5731 tanto
1654 5678 1791 5739 viro,
1835 5688 1907 5741 ct,
1965 5678 2066 5731 nisi
2121 5677 2355 5746 benigna
2396 5678 2845 5751 interpretatimie
2912 5685 3137 5740 multum
3169 5683 3470 5755 mitigetur,
3517 5686 3806 5755 ridiculum
3871 5704 4024 5756 plm-

790 5755 883 5797 sus
906 5745 1212 5798 consilium.
