4132 6332
165 431 263 492 13'!

1326 431 1497 491 Vl'l‘A
1548 430 1606 490 S.
1653 429 1815 490 NlLl
1845 431 2228 492 JUNlORlS.

3273 435 3373 497 133

158 540 368 594 κλαίειν
427 539 522 592 καὶ
567 539 930 610 ἀποδύρεσθαι
958 556 971 570 ·
1025 540 1278 611 πλήσασά
1303 531 1360 593 τέ
1390 541 1487 603 τὰς
1538 543 1721 610 χεῖρας

1840 542 1972 600 iusto
2007 540 2289 605 oll‘erebat,
2318 548 2534 609 putans,
2571 541 2724 596 illum
2770 542 2875 597 sibi
2917 541 3018 597 boc
3073 551 3227 611 pacto
3266 543 3384 611 pla-

163 631 379 698 dpualou
400 628 707 699 προσέφερε
746 628 824 698 τῷ
853 628 1068 698 δικαίῳ,
1086 630 1379 700 νομίζουσα
1409 630 1494 682 διὰ
1528 628 1730 683 τούτων

157 721 319 773 αὑτὸν
349 719 766 784 ἐξιλεώσασθαι.
835 719 892 772 '0
926 720 981 773 δὲ
1025 720 1193 784 ὅντως
1254 721 1470 790 ἀπαθὴς
1501 723 1728 784 ἐκεῖνος’

165 810 301 879 μήτε
323 813 440 872 τοῖς
461 809 691 879 δάκρυσι
722 809 820 876 τῆς
839 810 1098 876 γυναικὸς
1123 810 1563 878 κατακαμφθεὶς,
1593 811 1729 878 μήτε

159 899 235 968 τῷ
263 900 566 971 πλήθειτοῦ
593 900 820 970 χρυσίου
849 899 1174 965 δελεασθεὶς,
1206 903 1340 969 μήτε
1363 901 1460 972 τὴν
1483 899 1729 964 ἐξουσίαν

159 989 334 1058 αὐτῆς
379 988 669 1053 αἰδεσθεὶς,
719 989 1017 1060 διαρρήξας
1072 990 1133 1042 τὸ
1189 990 1589 1058 καταπέτασμα
1634 987 1730 1041 τοῦ

159 1077 444 1140 κοιτῶνος,
468 1060 564 1129 καὶ
610 1077 683 1139 ὡς
700 1078 899 1147 δορκάς
943 1079 1260 1148 ἐκπηδήσας
1304 1077 1498 1147 ᾤχετο,
1571 1079 1729 1131 τοῦτο

158 1167 547 1235 λογισάμενος,
581 1165 657 1228 ὠς
702 1167 862 1228 αὐτὸς
890 1168 1136 1237 εἴρηκεν,
1160 1168 1243 1220 ὅτι
1273 1165 1432 1232 ΕΙπε,
1456 1156 1648 1235 φησὶν,
1698 1168 1726 1220 6

157 1257 439 1319 διάϐολος·
487 1250 654 1318 Οὗτος
684 1259 711 1309 6
753 1257 987 1326 μοναχὸς
1039 1257 1168 1326 χοῦς
1219 1261 1400 1309 ἐστιν’
1460 1257 1732 1326 ἐπιϐρέξω

160 1349 324 1402 αὐτὸν
372 1348 547 1409 ὕδατι,
573 1347 805 1417 δάκρυσι
833 1350 933 1416 τῆς
963 1346 1247 1416 γυναικὸς.
1284 1346 1379 1399 xal
1433 1347 1535 1417 ήδη
1588 1346 1728 1398 ποιῶ

163 1440 326 1493 αὑτὸν
366 1441 535 1510 πηλὸν
583 1438 677 1491 τοῦ
730 1438 1033 1492 τυποῦσθαι
1063 1442 1139 1502 ὡς
1169 1441 1234 1492 ἂν
1283 1437 1392 1507 ἐγὼ
1433 1438 1728 1508 βούλωμαι.

162 1529 351 1592 Οὕτως
385 1530 529 1599 ἔργῳ
573 1529 812 1599 ἐπλήρου
863 1529 943 1592 τὸ,
979 1548 997 1580 ι
1027 1529 1249 1581 Γίνεσθε
1291 1528 1546 1598 φρόνιμοι
1575 1528 1650 1589 ὡς
1683 1529 1733 1580 οἱ

159 1620 336 1688 δφεις,
357 1624 452 1673 καὶ
467 1620 715 1689 ἀκέραιοι
729 1619 802 1681 ὡς
822 1620 878 1671 al
912 1619 1257 1690 περιστεραὶ,
1286 1637 1305 1671 ι
1345 1620 1544 1688 ὁμοίως
1567 1618 1624 1671 δὲ
1642 1619 1734 1672 καὶ

159 1711 222 1763 τὸ
250 1710 613 1764 ἀποστολικὺν
633 1708 1003 1780 παράγγελμα
1025 1710 1104 1761 τό·
1130 1727 1148 1759 ι
1171 1710 1262 1778 Μὴ
1287 1707 1532 1762 κοινώνει
1555 1708 1734 1776 ἁμαρ-

159 1800 306 1860 τίαις
337 1799 671 1869 ἀλλοτρίαις.
700 1819 718 1850 ι
748 1800 857 1852 Kal
878 1800 997 1853 τότε
1029 1800 1128 1868 μὲν
1154 1800 1342 1860 ὁδσιος
1374 1799 1733 1869 ὑπεχώρησεν

1831 640 2011 684 catum
2065 631 2311 686 reddere.
2349 629 2542 686 Verum
2575 632 2621 688 is
2650 634 2797 687 omni
2827 634 2984 702 plane
3035 632 3228 687 aﬁ‘ectu
3289 650 3381 686 su-

1833 723 2034 789 perior,
2074 737 2172 777 nec
2194 722 2409 776 femina:
2451 723 2706 792 lacrymis
2737 724 2926 788 flexus,
2963 741 3062 779 nec
3083 726 3197 777 auri
3227 725 3380 792 copia

1832 811 2073 874 illectus,
2110 825 2208 864 nec
2232 810 2606 864 dominantem
2636 803 2863 876 veﬂtus,
2929 811 3178 881 disrupta
3230 813 3384 866 ctrbi-

1832 900 1938 954 culi
1972 903 2112 962 velo,
2145 916 2353 970 capreae
2382 902 2556 956 instar
2592 903 2855 957 exsiliens
2881 901 3087 966 effugit,
3146 903 3271 965 hoc,
3324 912 3384 955 ut

1833 991 1950 1060 ipse
1999 992 2237 1054 dicebat,
2268 1007 2450 1046 secum
2509 1002 2768 1063 reputans
2808 1010 2822 1047 :
2884 993 3029 1046 Dixit
3084 993 3382 1072 diabolus:

1834 1078 1942 1133 lste
1981 1081 2282 1136 monachus
2309 1091 2394 1136 est
2426 1083 2628 1151 pulvis,
2649 1083 3000 1138 madefaciant
3031 1083 3180 1138 illum
3221 1098 3384 1152 aqua,

1835 1168 2049 1224 feminae
2101 1172 2382 1240 lacrymis,
2408 1180 2463 1225 et
2496 1170 2721 1226 efﬁciam
2765 1174 2959 1236 lutum,
2990 1182 3050 1226 ut
3077 1173 3386 1227 conforme-

1834 1265 1927 1328 tur
1956 1259 2087 1310 mihi
2117 1259 2182 1312 ad
2208 1259 2447 1312 libitum.
2483 1257 2559 1311 Ita
2604 1273 2664 1312 re
2727 1259 2841 1328 ipsa
2894 1261 3132 1327 implevit
3187 1261 3386 1313 dictum

1836 1349 1986 1409 illud,
2038 1366 2056 1399 ι
2095 1346 2280 1402 Eslote
2311 1348 2612 1417 prudentes
2655 1348 2804 1403 sicut
2829 1359 3110 1418 serpentes
3163 1357 3216 1402 et
3253 1348 3389 1402 sitn-

1837 1441 2005 1508 plices
2045 1441 2191 1494 sicut
2221 1440 2483 1494 columba:
2514 1441 2606 1504 "';
2657 1458 2674 1490 ι
2729 1449 2784 1494 et
2840 1439 3194 1509 apostolicum
3254 1455 3390 1507 prte-

1837 1540 2075 1598 ceptum,
2113 1547 2131 1581 ι
2163 1529 2242 1584 Ne
2266 1530 2757 1584 communicaveris
2793 1531 3034 1599 peccatis
3066 1530 3257 1584 alienis
3287 1528 3386 1581 ⁸ο.»

1838 1621 1902 1674 Ει
1937 1629 2068 1695 tunc
2121 1621 2423 1689 Quidemin
2481 1635 2642 1674 suum
2679 1621 2770 1673 ille
2839 1622 3068 1674 secessit
3127 1630 3393 1674 monaste-

1838 1712 2000 1773 rium,
2045 1725 2148 1764 nec
2173 1711 2344 1764 multo
2380 1719 2504 1779 post
2538 1710 2850 1764 vaticinium
2902 1711 3019 1779 ejus
3075 1711 3231 1763 finem
3274 1725 3393 1763 sor-

1838 1803 2093 1856 tiebatur.
2118 1800 2360 1870 Namque
2395 1802 2573 1855 minor
2596 1801 2754 1854 dicta
2783 1802 3026 1854 mulieris
3053 1800 3194 1854 filius
3210 1801 3392 1854 Studio

161 1892 244 1952 είς
271 1891 330 1942 τὸ
383 1893 745 1960 μοναστήριον
800 1889 986 1942 αὐτοῦ.
1025 1891 1098 1941 Οὐ
1154 1890 1287 1942 πολὺ
1311 1890 1368 1941 δὲ
1391 1890 1450 1942 τὸ
1471 1892 1527 1944 ἐν
1561 1891 1728 1960 μέσῳ,

1840 1892 2140 1948 asciscendi
2175 1893 2280 1946 sibi
2317 1894 2687 1962 principatus,
2751 1892 3011 1960 majorem
3076 1892 3128 1944 in
3164 1893 3394 1945 ecclesia

159 1980 256 2032 καὶ
283 1981 363 2042 είς
414 1980 570 2042 τέλος
630 1981 857 2048 ἐξήγετο
897 1983 930 2050 ἠ
968 1979 1132 2033 αὐτοῦ
1159 1982 1484 2052 πρόρρησις.
1532 1981 1592 2034 Ὀ
1627 1983 1733 2051 γάρ

167 2072 500 2141 μικρότερος
533 2072 648 2134 υίὸς
683 2073 782 2140 τῆς
807 2071 1093 2140 λεχθείσης
1129 2071 1279 2140 ζήλῳ
1301 2071 1401 2140 τῆς
1435 2073 1604 2142 ἀρχῆς
1643 2075 1733 2126 τὸν

167 2162 344 2230 μείζω
397 2166 453 2215 ἐν
509 2166 574 2232 τῇ
629 2163 900 2230 ἐκκλησίᾳ
964 2163 1404 2232 προσευχόμενον
1490 2164 1734 2232 μαχαίρᾳ

161 2253 506 2322 κατέσφαξεν
532 2271 545 2284 ·
579 2256 784 2316 ἐκεῖνος
815 2255 872 2306 δέ
900 2254 1062 2306 πάλιν
1093 2254 1198 2306 ὑπὸ
1228 2255 1322 2307 τοῦ
1340 2255 1448 2307 τῶν
1467 2255 1734 2324 Φράγκων

160 2344 327 2414 ρηγὸς
361 2346 450 2397 διὰ
494 2345 593 2413 τὴν
637 2345 815 2396 αἰτίαν
867 2344 1071 2411 ταύτην
1119 2346 1401 2415 δεδεμένος
1458 2347 1731 2415 ἀπήγετο.

160 2436 271 2487 Kal
300 2436 494 2488 λοιπὸν
524 2436 673 2498 ἐντὸς
693 2435 876 2501 ὀλίγου
913 2439 1108 2505 χρόνου
1143 2439 1248 2498 πᾶς
1267 2439 1293 2488 6
1324 2437 1538 2504 κόμπος
1560 2436 1738 2488 αὐτῶν

163 2527 441 2592 ἐξέλιπεν,
473 2527 565 2578 καὶ
609 2529 641 2597 ή
673 2525 888 2590 ἐξουσία
954 2527 1222 2580 ἀπώλετο.
1255 2529 1365 2580 Καὶ
1413 2528 1485 2596 μή
1515 2544 1597 2590 τις
1631 2526 1739 2578 τῶν

166 2621 345 2671 πάντα
415 2619 690 2686 εὐτόλμων
745 2619 1011 2687 ἀπήνειαν
1082 2618 1175 2670 τοῦ
1236 2618 1448 2687 Harpe,
1483 2620 1560 2679 είς
1612 2618 1740 2678 τοὺς

165 2707 585 2775 ἁμαρτάνοντας
646 2708 1127 2771 καταγινωσκέτω.
1159 2705 1414 2774 Ζηλωτὴς
1443 2703 1549 2773 γὰρ
1568 2699 1739 2773 ἧνηείς

163 2797 224 2848 τὸ
242 2796 531 2864 ἐκδικῆσαι
560 2796 651 2846 τὸν
703 2797 865 2864 νόμον
924 2797 1150 2864 Κυρίου,
1205 2795 1456 2864 καθάπερ
1492 2796 1679 2857 Ἠλίας
1706 2797 1735 2847 6

163 2891 475 2957 προφήτης,
511 2887 715 2949 οὗτινος
766 2893 859 2939 καὶ
898 2889 988 2939 τὸν
1037 2888 1364 2956 χαρακτῆρα
1426 2888 1526 2954 τῆς
1561 2887 1738 2955 ὂψεως

166 2977 489 3044 ἐπεφέρετο.
522 2979 630 3030 Καὶ
679 2978 834 3030 τοῦτο
885 2980 943 3030 οὐ
997 2980 1155 3045 μόνον
1187 2982 1241 3030 ἐν
1274 2983 1384 3036 τοῖς
1412 2979 1612 3042 ἔξωθεν
1645 2981 1741 3033 καὶ

169 3069 419 3137 μηδόλως
471 3070 858 3137 προσήκουσιν,
914 3069 1050 3120 ἀλλὰ
1120 3072 1212 3121 καὶ
1245 3073 1300 3120 ἐν
1339 3072 1450 3130 τοῖς
1490 3070 1739 3122 δοκοῦσιν

168 3160 394 3223 ίδιάζειν
419 3159 566 3229 αὐτῷ
591 3161 728 3211 κατὰ
756 3160 952 3229 σάρκα,
976 3161 1070 3212 καὶ
1087 3163 1144 3211 ἐν
1171 3163 1280 3221 τοῖς
1302 3161 1463 3213 αὑτοῦ
1499 3161 1738 3228 μέλεσιν·

1836 1989 2082 2035 orantem
2109 1981 2254 2036 ferro
2281 1982 2572 2052 iugulavit,
2591 1991 2645 2036 et
2671 1984 2786 2050 ipse
2808 1983 2876 2035 ob
2900 1981 3142 2035 eamdem
3175 1996 3394 2034 causam

1839 2087 1866 2124 a
1897 2086 2023 2140 rege
2055 2072 2388 2124 Francorum
2424 2071 2643 2126 vinctus
2673 2071 2973 2124 ducebatur
3018 2070 3156 2139 (70).
3214 2069 3396 2134 Quare

1839 2162 1982 2215 intra
2017 2162 2291 2215 modicum
2318 2168 2533 2230 tempus
2566 2161 2745 2215 omnis
2768 2176 2954 2215 eorum
2988 2160 3161 2215 fastus
3178 2161 3400 2214 evanuit

1837 2260 1890 2306 et
1919 2260 2239 2320 potentatus
2273 2251 2536 2319 disperiit.
2577 2250 2688 2304 Nec
2716 2266 2842 2304 vero
2882 2251 3168 2319 quisquam
3199 2267 3263 2304 ex
3320 2252 3388 2305 iis

1841 2340 1937 2406 qui
1969 2341 2206 2394 audaces
2236 2342 2299 2391 ad
2318 2340 2502 2393 omnia
2525 2350 2671 2401 sunt,
2701 2339 2914 2393 Patrem
2945 2349 3188 2404 accuset,
3233 2343 3390 2410 quasi

1841 2431 1896 2483 in
1929 2439 2244 2498 peccantem
2273 2429 2622 2483 severiorem.
2677 2429 2812 2482 Nam
2869 2429 2916 2482 is
2976 2431 3089 2483 zelo
3143 2431 3402 2498 agebatur

1840 2519 2054 2573 tuendae
2083 2521 2218 2588 legis
2251 2519 2488 2582 Domini,
2527 2518 2667 2572 sicut
2719 2520 2980 2587 prepheta
3015 2520 3159 2573 Elias
3188 2536 3203 2583 ;
3245 2521 3402 2587 cujus

1841 2610 2007 2663 etiam
2043 2609 2460 2663 similitudinem
2512 2609 2670 2662 faciei
2705 2609 2976 2662 referebat
3019 2625 3033 2660 :
3085 2609 3247 2679 idque
3294 2627 3401 2664 non

1843 2701 2018 2756 solum
2061 2701 2114 2755 in
2159 2709 2450 2753 extraneos
2500 2709 2551 2752 et
2577 2701 3050 2768 consanguinitate
3081 2715 3187 2754 non
3241 2703 3406 2754 attin-

1843 2799 2054 2858 gentes,
2090 2791 2184 2845 sed
2217 2790 2272 2844 in
2305 2805 2398 2843 eos
2422 2789 2607 2853 etiam,
2656 2791 2750 2859 qui
2777 2789 3102 2844 videbantur
3134 2791 3406 2858 pertinere

1846 2883 1910 2936 ad
1950 2882 2126 2950 ipsum
2151 2882 2275 2950 jure
2300 2881 2480 2936 carnis
2517 2880 2650 2934 etin
2698 2896 2796 2950 sua
2855 2882 3099 2936 membra
3134 2899 3147 2934 :
3195 2892 3402 2934 tantum

1847 2974 2051 3043 quippe
2087 2972 2285 3026 eratin
2317 2987 2448 3026 suos
2477 2972 2624 3026 omni
2655 2955 2852 3024 aﬂectu
2922 2972 3078 3035 liber,
3139 2982 3402 3040 quantum

1843 3065 2112 3134 exemplo,
2143 3063 2284 3132 quod
2317 3061 2692 3132 subjiciemus,
2729 3065 2950 3131 planum
2991 3063 3079 3116 fiet
3117 3080 3130 3115 :
3167 3066 3404 3116 narrabo

1847 3157 1994 3208 enim
2051 3141 2239 3207 ethoc
2297 3153 2361 3205 ad
2415 3153 2710 3220 legentium
2764 3153 3030 3233 caqtelam
3079 3162 3132 3206 et
3212 3168 3400 3208 eorum

164 3252 583 3321 ἀπροσπάθειαν
613 3251 719 3320 γὰρ
752 3252 882 3320 πρὸς
906 3253 1030 3312 τοὺς
1049 3252 1280 3314 οἰκείους
1319 3251 1495 3320 ἑαυτῷ
1541 3251 1734 3303 τοσαύ-

1842 3246 2296 3303 emendationem,
2329 3242 2421 3311 qui
2456 3242 2739 3295 imitantur
2776 3242 2880 3294 Eli.

163 3354 264 3412 την
294 3344 580 3412 ἐκέκτητο,
618 3345 747 3414 ὅσην
783 3344 1050 3407 ἀποδείξει
1081 3346 1137 3395 τὸ
1167 3343 1580 3414 λεχθησόμενον.
1622 3344 1764 3414 Ἐρῶ
1794 3342 1850 3394 δὲ
1890 3340 1983 3392 καὶ
2019 3335 2177 3390 τοῦτο
2204 3335 2338 3404 πρὸς
2367 3335 2664 3402 ἀσφάλειαν
2689 3335 2794 3387 τῶν
2825 3337 3274 3405 ἐντυγχανόντων,
3307 3337 3404 3388 καὶ

163 3439 462 3510 διόρθωσιν
492 3441 602 3491 τῶν
641 3439 730 3490 τὸν
768 3441 916 3491 Ἠλεὶ
945 3441 1321 3509 μιμουμένων.

235 3527 353 3596 πβ’.
379 3528 508 3590 Υίὸς
536 3527 636 3593 τῆς
664 3528 753 3580 τὸν
791 3530 1060 3598 μακάριον
1088 3530 1474 3598 ἀναθρεψὰσης
1502 3530 1736 3599 ἀδελφῆς

163 3616 334 3670 αὐτοῦ
361 3617 608 3684 ὑπῆρχεν
641 3619 697 3670 ἐν
720 3621 785 3686 τῇ
853 3621 1014 3686 μονῇ,
1077 3618 1394 3686 ἀδελφότητι
1443 3619 1742 3671 συνασκού-

166 3727 358 3780 μενος,
393 3709 510 3760 λίαν
553 3710 896 3777 εὐφυὴς,καὶ
931 3710 1051 3760 κατ’
1091 3711 1376 3779 ἀμφότερα
1410 3710 1736 3779 ἐπιτήδειος.

160 3795 333 3859 Οὗτος
363 3798 563 3850 ὁδεύων
586 3798 713 3850 ποτὲ
741 3800 878 3865 μετὰ
915 3798 1178 3865 ἀδελφῶν,
1205 3802 1298 3850 καὶ
1339 3800 1618 3869 ἀργυροῦν
1641 3798 1742 3867 βα-

163 3888 388 3949 στάζων
401 3888 832 3955 δισκοποτήριον,
851 3890 1068 3958 ἐνέτυχε
1084 3889 1416 3962 διειδεστάτῃ
1433 3891 1745 3959 πηγῇ.Βου-

159 3977 444 4048 ληθέντων
476 3976 658 4028 τοίνυν
674 3978 816 4026 πιεῖν
849 3979 912 4027 ὲκ
942 3977 1032 4028 τοῦ
1058 3978 1270 4042 ὓδατος,
1303 3979 1463 4039 αὐτὸς
1488 3978 1734 4030 ἐκϐαλὼν

159 4071 222 4124 τὸ
256 4069 420 4136 ἅγιον
443 4069 721 4136 ποτήριον,
741 4069 832 4119 καὶ
853 4066 1156 4137 λιμὸισθεὶς
1176 4072 1240 4138 τῇ
1275 4070 1537 4138 μετάλλου
1570 4071 1740 4121 καθα·

161 4142 541 4227 ρότητι,έπιον
573 4155 689 4224 μετ’
707 4155 870 4208 αὑτοῦ
903 4155 1300 4218 πάντες.Τοῦτο
1329 4158 1485 4225 γνοὺς
1512 4159 1540 4208 6
1560 4158 1738 4226 μακά-

167 4247 416 4320 ριος,καὶ
445 4247 651 4316 σφόδρα
682 4246 955 4315 θυμωθεὶς
981 4247 1100 4299 κατ’
1132 4247 1419 4311 αὑτοῦ,καὶ
1440 4249 1739 4300 πολλὰέπι-

157 4341 414 4409 τιμήσας
434 4337 939 4406 αὐτῴ,άπεστράφη
966 4338 1128 4390 αὑτὸν
1155 4339 1315 4407 μέχρι
1335 4339 1428 4390 καὶ
1453 4339 1743 4406 συντυχίας

159 4431 360 4499 αὐτῆς.
404 4430 469 4481 ’Β
493 4429 549 4482 δέ
578 4429 897 4498 ἀποστροφὴ
917 4427 1080 4481 αὑτοῦ
1110 4425 1177 4498 ἦν
1201 4429 1275 4490 ὡς
1307 4429 1742 4498 ἀπαλλοτρίωσις

159 4521 320 4580 Θεοῦ,
365 4519 509 4589 ὑπὲρ
562 4518 758 4587 ῥάϐδον
781 4519 875 4569 καὶ
909 4519 1150 4586 μάστιγα
1179 4516 1585 4586 σωφρονίζουσα
1613 4519 1742 4578 τοὺς

1915 3522 2004 3578 82.
2039 3520 2172 3586 Erat,
2201 3520 2256 3573 in
2288 3526 2617 3573 monasterio
2655 3527 2722 3574 tte
2749 3527 2974 3573 namero
3001 3519 3228 3574 fratrum
3249 3535 3404 3574 soro-

1844 3618 1924 3670 ris
1957 3626 2009 3668 et
2032 3613 2272 3667 nutritia:
2308 3614 2446 3663 beati
2485 3613 2582 3662 viri
2619 3610 2783 3670 filius,
2816 3612 3078 3678 elegantis
3108 3611 3398 3664 admodum

1843 3707 2046 3775 ingenii
2073 3713 2126 3757 et
2153 3704 2207 3755 in
2235 3702 2504 3755 utramvis
2538 3713 2742 3770 partem
2778 3711 2957 3768 aptus.
2991 3700 3087 3755 Hic
3110 3703 3390 3768 aliquandi;

1845 3814 1967 3850 cum
1991 3797 2091 3850 iter
2118 3794 2464 3849 faceretcum
2487 3793 2748 3846 fratribus
2770 3801 3145 3863 etargenteum
3173 3794 3394 3849 calicem

1850 3890 2037 3953 ferret,
2078 3885 2342 3939 inciditin
2378 3885 2579 3938 fontem
2638 3884 3099 3951 limpidissimum,
3166 3899 3401 3953 cumque

1849 3994 2044 4048 aquam
2075 3976 2298 4029 haurire
2327 3975 2392 4028 ad
2449 3974 2741 4027 bibendum
2796 3973 3016 4034 vellent.
3064 3973 3152 4027 ille
3185 3990 3398 4027 sacrum

1847 4069 2069 4121 calicem
2123 4065 2352 4134 protulit
2389 4072 2443 4117 et
2483 4064 2772 4116 immodica
2814 4065 3007 4116 nitoris
3047 4066 3246 4118 metalli
3301 4083 3398 4120 vo-

1851 4161 2056 4226 luptate
2092 4171 2280 4210 omnes
2311 4155 2520 4224 abrepti
2546 4156 2598 4207 in
2631 4169 2694 4207 eo
2721 4154 2992 4207 biberunt.
3025 4153 3178 4220 Quod
3212 4158 3400 4211 beatus

1846 4250 1927 4302 vir
1955 4263 2080 4302 cum
2113 4246 2452 4312 rescivisset,
2516 4247 2596 4299 ira
2632 4246 2686 4299 in
2721 4244 2873 4299 illum
2928 4252 3129 4299 exarsit
3174 4257 3226 4300 et
3282 4261 3401 4315 post

1844 4339 2042 4392 multas
2071 4338 2475 4406 iucrepationes
2505 4338 2578 4391 ita
2615 4337 2766 4390 illum
2805 4349 3086 4390 aversatus
3122 4349 3227 4402 est,
3258 4347 3397 4392 utne

1841 4431 2211 4498 alloqueretur
2239 4429 2480 4498 quidem.
2518 4429 2804 4482 Aversatio
2826 4443 2986 4496 porro
3011 4430 3130 4495 ejus
3176 4431 3398 4496 perinde

1861 4531 1961 4574 rrat
1993 4531 2156 4589 atque
2186 4520 2283 4574 Dei
2319 4520 2554 4583 aversio,
2623 4536 2726 4589 qua
2781 4519 3074 4587 prudentes
3130 4522 3398 4574 cautiores

161 4587 496 4679 lxécppovac.
545 4609 602 4661 '0
626 4609 681 4662 δὲ
703 4609 928 4675 ἀδελφὸς
962 4611 1027 4676 τῇ
1058 4607 1199 4677 λύπῃ
1226 4608 1323 4676 τῆς
1366 4608 1734 4676 ἐπιτιμήσεως

1845 4587 2210 4664 reddebantur
2285 4625 2446 4679 quam
2490 4587 2683 4663 baculo
2742 4618 2794 4663 et
2850 4610 3079 4663 scutica.
3139 4610 3229 4661 ille
3270 4626 3397 4664 vero

162 4699 480 4769 συσχεθεὶς,
510 4699 602 4751 καὶ
638 4701 703 4768 τῇ
737 4699 1054 4768 ἀποστροφῇ
1094 4698 1186 4750 τοῦ
1249 4699 1461 4768 Πατρὸς
1497 4715 1733 4751 καταπο-

238 4861 284 4891 ⁷³
332 4853 528 4912 Matth.
561 4874 610 4912 ι.
648 4854 730 4907 16.
811 4857 856 4885 ⁸ο
894 4856 907 4906 1
949 4854 1090 4908 Titii.
1126 4855 1293 4918 v.22.

1844 4702 2011 4757 frater
2043 4702 2690 4771 mteroreincrepatiouis
2736 4715 3030 4770 oppressus
3056 4709 3110 4754 et
3176 4715 3392 4757 aversa-

1475 4953 1736 5016 Joannis
1768 4955 1890 5017 Clei
1925 4962 2115 5018 noue.

231 5059 350 5126 (70)
407 5053 515 5106 Leo
547 5051 818 5105 Ostiensis
845 5053 1090 5104 Cltronici
1126 5053 1224 5126 lib.
1257 5066 1476 5126 il._Cap‘.
1517 5054 1602 5116 10,
1642 5055 1738 5106 ba-

161 5121 272 5189 bet,
312 5121 442 5193 qua:
479 5126 584 5175 huc
616 5131 863 5188 spectant
893 5124 1173 5188 seqtl:ntia
1209 5136 1222 5170 :
1267 5141 1283 5171 ι
1318 5121 1577 5176 Praedicta
1610 5140 1734 5177 vero

159 5203 387 5255 Aloara,
415 5207 540 5247 cum
593 5193 819 5243 vixisset
848 5193 898 5242 itt
931 5193 1136 5243 honore
1176 5206 1275 5243 suo
1326 5193 1484 5244 annis
1512 5194 1733 5245 circiter

167 5285 284 5329 viii,
315 5261 555 5330 reliquit
590 5260 644 5312 in
672 5261 978 5328 principatu
1015 5261 1178 5312 tilium
1209 5259 1731 5330 Landenulfum,qui

165 5347 289 5405 post
320 5329 570 5402 quatuor
602 5344 820 5405 nienses
848 5345 875 5379 a
906 5333 1232 5405 quibUsdam
1278 5329 1589 5405 infidelibus
1617 5332 1730 5405 suis

166 5399 445 5474 Capuanis
475 5399 776 5474 crudeliter
808 5400 1028 5474 occisus
1062 5407 1145 5451 est
1180 5399 1318 5474 apud
1344 5400 1631 5474 ecclesiam
1670 5399 1726 5452 S.

173 5467 438 5536 Ua'rcelli,
475 5470 593 5536 ipsa
610 5467 800 5536 quinta
838 5468 970 5518 feria
1000 5480 1198 5520 saurtm
1228 5468 1464 5521 Paseinc.
1489 5468 1552 5520 ad
1572 5483 1730 5535 quam

180 5552 228 5600 le
282 5557 444 5597 more
489 5535 779 5606 principali
817 5536 1059 5599 ejusdem
1095 5537 1335 5588 civitatis
1403 5543 1588 5590 eadem
1647 5539 1735 5589 ilic

180 5605 544 5671 )rOcesserat.
591 5623 609 5656 ι
643 5605 699 5657 ln
732 5606 1111 5672 sequentibus,
1141 5607 1230 5657 ubi
1275 5607 1338 5657 de
1365 5607 1568 5672 punitis
1635 5608 1736 5658 bo-

172 5684 391 5738 micidis
436 5677 572 5745 agit,
606 5674 909 5745 Laidulfuin
949 5676 1088 5738 inter
1119 5676 1242 5726 illos
1275 5689 1379 5745 non
1418 5684 1735 5742 computat;

170 5768 222 5808 at
253 5768 377 5820 cap.
401 5743 497 5807 15,
513 5745 594 5820 sic
629 5743 866 5820 loquitur
890 5745 1322 5820 2_¢_Sl-|Pl'tttiicllls
1357 5744 1537 5820 itaque
1570 5746 1738 5811 impe-

170 5811 783 5888 ιάιοιδοιιυηόθρυδιιο
840 5811 1156 5866 Luidulfo...
1220 5822 1270 5864 et
1333 5814 1472 5866 ultra
1527 5825 1739 5866 ηιοιιιωε

539 5911 802 5968 Parum.
849 5905 961 5964 Gn.
997 5903 1183 5964 CXX.

1842 5058 2116 5118 exsiliato.
2140 5071 2203 5112 eo
2234 5053 2376 5124 quod
2425 5053 2481 5107 in
2514 5068 2644 5124 nece
2680 5052 2862 5105 fratris
2923 5054 3005 5106 sui
3047 5055 3394 5124 consensisse

1842 5123 2535 5185 dicebatur,Adetitario...
2601 5123 2918 5187 Capuanum
2974 5123 3196 5175 tradidit
3247 5128 3390 5186 priu-

1843 5197 2104 5262 cipatuin.
2150 5213 2168 5243 ι
2212 5193 2310 5246 Hic
2347 5193 2603 5262 nimirum
2632 5192 2821 5262 liquet,
2857 5193 3162 5244 submissos
3206 5195 3392 5246 verisi-

1843 5261 2024 5317 milius
2064 5264 2232 5317 fuiSse
2271 5279 2297 5313 a
2354 5261 2624 5321 Laidulfo,
2662 5261 2752 5328 qui
2805 5261 3023 5313 fratrem
3059 5261 3392 5323 occiderent,

1843 5345 1898 5387 at
1952 5335 2095 5386 bune
2145 5333 2365 5398 proprio
2422 5331 2541 5395 ejus
2614 5345 2742 5382 ense
2785 5329 3001 5396 ictuque
3037 5329 3390 5392 tiucidatum,

1843 5419 1951 5456 non
1988 5413 2210 5470 apparet
2267 5400 2400 5453 satis
2435 5399 2720 5470 credibile.
2777 5414 2899 5451 cum
2959 5414 3065 5470 non
3119 5399 3388 5462 videatur,

1845 5475 1895 5524 id
1954 5466 2125 5524 ἰδίη-ΓΘ
2201 5473 2448 5538 potuisse
2506 5469 2784 5533 “ligonem
2846 5466 3238 5538 marcliiouem,
3293 5486 3392 5520 t'tt-

1841 5543 1930 5608 jus
1980 5543 2136 5609 jussu
2207 5536 2453 5609 instituta
2513 5552 2675 5602 super
2737 5536 3032 5590 homicidio
3091 5537 3391 5609 illo__qua;-

1848 5604 2044 5671 suone,
2072 5623 2164 5662 sex
2213 5623 2242 5660 e
2309 5607 2456 5659 lurca
2526 5620 2844 5673 suspensos,
2893 5615 3112 5658 c:eteros
3161 5604 3391 5658 diversis

1839 5681 2338 5747 pmuisrmultatos
2380 5677 2573 5730 Scribit
2651 5673 2758 5727 Leo
2819 5673 3172 5738 Marsicauus,
3228 5674 3392 5727 citato

1842 5746 1961 5807 cup.
2006 5746 2091 5800 10.

3048 5892 3081 5951 5
