4132 6332
743 367 838 419 ιῖιί)

2135 360 2472 424 ΛΝΟΝΥΜῙ

3857 369 3952 432 HO

740 474 882 525 tione
909 470 1086 523 Patris
1112 469 1389 523 confectus
1421 471 1470 522 iu
1504 484 1717 538 gravem
1748 472 1996 524 nimbum
2039 472 2289 538 delapsus

2397 471 2600 539 wﬂetg,
2632 473 2907 544 ἀρρωστία
2972 476 3118 546 δεινῇ
3152 478 3450 547 περιέπεσέ
3479 499 3537 534 τε
3563 482 3652 537 καὶ
3683 481 3960 556 ἐτελεύτη-

740 571 843 624 est,
876 577 981 632 quo
1010 562 1171 613 etiam
1209 561 1460 614 decessil.
1494 559 1561 612 At
1597 559 1787 612 beatus
1815 562 1896 613 vir
1924 571 2038 614 toto
2064 567 2296 628 mgtOltt~

739 654 901 707 tionis
932 652 1050 720 ejus
1081 662 1322 719 tempore
1346 649 1523 701 eundo
1559 650 1612 701 in
1637 651 1921 704 ecclesiam
1955 649 2298 703 ctrcdeuudo

738 756 790 800 et
818 760 984 814 prepe
1023 744 1173 796 cellze
1220 742 1338 807 ejus
1371 740 1576 794 aditum
1633 741 1966 795 transeundo
2019 756 2296 808 nunquam

738 836 993 902 inspexit,
1051 849 1328 901 nunquam
1378 834 1529 885 illum
1584 834 1790 899 invisit,
1824 847 1998 901 usque
2032 832 2096 884 ad
2125 833 2242 900 ejus
2269 846 2298 884 e

739 927 844 979 vita
885 925 1284 993 m’grationem.
1342 926 1662 992 Quanquam
1716 924 1908 976 fratres
1959 937 2161 981 omnes
2203 922 2295 975 ob-

737 1025 1106 1076 scrvaverant,
1162 1017 1204 1067 si
1260 1014 1475 1083 quando
1527 1014 1690 1069 frater
1769 1012 2038 1082 quispiam
2107 1011 2298 1065 morbo

738 1110 1011 1163 laboraret
1054 1118 1106 1161 et
1136 1123 1257 1160 eum
1301 1108 1490 1158 crebro
1537 1107 1695 1159 Pater
1726 1105 2000 1169 inviseret,
2037 1114 2294 1172 mgrotum

738 1215 1015 1268 nunquam
1054 1196 1425 1252 convaluisse.
1461 1194 1612 1248 Tunc
1654 1193 1817 1262 igitur
1869 1209 2009 1247 unus
2052 1208 2082 1247 e
2118 1192 2299 1247 senio-

737 1293 890 1346 ribus
931 1307 1052 1343 cum
1107 1289 1496 1358 laerymantem
1554 1284 1935 1355 conspexisset
1983 1283 2193 1337 Patrem
2245 1291 2298 1336 et

737 1395 962 1435 mortem
998 1382 1181 1434 fratris
1205 1381 1598 1448 deplorantem,
1649 1392 1893 1431 seorsum
1933 1377 2180 1438 accessit,
2216 1374 2294 1428 lo-

737 1474 1110 1541 quebaturque
1143 1482 1399 1540 tanquam
1425 1472 1619 1525 dolens
1643 1469 1830 1522 fratris
1885 1468 2186 1530 tristitiam,
2230 1481 2295 1519 ex

735 1581 839 1632 qua
873 1565 1008 1616 obiit
1034 1563 1100 1615 ob
1151 1565 1548 1616 aversationem
1601 1559 1797 1613 Patris.
1836 1557 1903 1610 At
1952 1559 2039 1610 ille.
2105 1557 2240 1609 dixit
2278 1574 2290 1609 :

737 1658 847 1711 Nisi
874 1675 972 1725 ego
1001 1664 1287 1709 aversatus
1320 1656 1468 1706 illum
1504 1667 1705 1716 essem,
1748 1649 1890 1704 Deus
1935 1637 2293 1703 non'assum-

736 1752 954 1818 psisset.
1010 1748 1206 1800 Certus
1242 1754 1420 1799 autem
1457 1760 1600 1808 sum,
1637 1744 1756 1811 ejus
1817 1742 2051 1794 animam
2102 1754 2293 1809 magna

2400 578 2512 615 σεν.
2551 561 2609 617 Ὀ
2639 563 2695 614 δὲ
2727 563 2994 633 μακάριος
3019 566 3076 617 tv
3113 568 3316 632 πάσαις
3348 574 3466 633 ταῖς
3501 573 3600 641 τῆς
3646 574 3956 644 ἀρρωστίας

2398 653 2562 706 αὑτοῦ
2604 654 2836 724 ἡμέραις
2860 657 3242 727 εἰσερχόμενος
3279 661 3371 713 καὶ
3414 662 3769 733 ἐξερχόμενος
3808 666 3865 716 tv
3890 668 3952 735 τῇ

2399 747 2683 817 ἐκκλησίᾳ,
2712 749 2804 798 καὶ
2833 749 2930 817 τῆς
2955 750 3127 803 διόδου
3154 751 3324 822 οὔσης
3360 753 3668 823 ἔμπροσθεν
3695 757 3789 809 τοῦ
3845 759 3960 810 κέλ-

2398 836 2488 889 λου
2524 838 2612 890 τοῦ
2645 839 2895 906 ἀδελφοῦ,
2949 842 3204 895 οὐδέποτε
3261 844 3559 914 ἐπέϐλεψεν
3597 849 3675 909 είς
3714 850 3894 907 αὑτὸν,
3929 849 3959 918 ἢ

2395 923 2494 990 τῆς
2533 925 2698 977 αὑτοῦ
2733 926 2998 991 ἐλεύσεως
3025 930 3423 1001 ἠξίωσε”μέχρι
3452 937 3550 1002 τῆς
3584 936 3749 987 αὑτοῦ
3781 937 3962 989 τελευ-

2397 1017 2516 1082 τῆς.
2557 1017 2812 1084 Καίτοιγε
2844 1021 3180 1088 σεσημείωτο
3211 1025 3360 1091 παρά
3381 1027 3514 1077 πᾶσι
3541 1028 3653 1088 τοῖς
3690 1028 3958 1094 ἀδελφοῖς,

2398 1103 2476 1153 ὅτι
2532 1105 2693 1173 ἡνίκα
2745 1105 3019 1176 ἠρρώστει
3051 1110 3076 1158 6
3108 1110 3354 1176 ἀδελφὸς,
3411 1115 3502 1164 καὶ
3538 1112 3799 1182 ὲσύχναζε
3827 1116 3962 1182 πρὸς

2397 1195 2558 1248 αὑτὸν
2620 1197 2646 1248 ὁ
2711 1199 2924 1268 Πατὴρ,
2979 1199 3078 1253 οὐκ
3128 1201 3381 1270 ἠγείρετο
3438 1204 3501 1254 ἐκ
3523 1205 3621 1270 τῆς
3676 1205 3961 1266 ἀσθενείας

2396 1286 2630 1354 ἐκείνης.
2685 1289 2819 1342 Τότε
2869 1291 3052 1344 τοίνυν
3099 1309 3183 1354 τις
3219 1293 3325 1345 τῶν
3370 1295 3640 1362 γερόντων
3715 1295 3838 1347 ίδὼν
3871 1298 3961 1348 τὸν

2397 1376 2616 1446 Πατέρα
2644 1378 2950 1448 δακρύοντα
2984 1379 3123 1448 μετὰ
3177 1379 3407 1433 Θάνατον
3434 1381 3530 1432 τοῦ
3564 1382 3817 1448 ἀδελφοῦ,
3868 1387 3962 1434 καὶ

2398 1465 2697 1535 θρηνοῦντα
2747 1469 2844 1538 τὴν
2900 1471 3157 1539 στέρησιν
3205 1471 3394 1535 αὑτοῦ,
3450 1459 3764 1541 προσελῧὼν
3821 1475 3961 1525 κατά

2399 1561 2567 1628 μόνας
2605 1562 2875 1630 διελέγετο
2905 1563 3073 1632 αὐτῷ,
3098 1564 3173 1625 ὡς
3201 1564 3675 1634 ψυχοπονούμενος
3696 1567 3825 1634 περὶ
3863 1567 3961 1635 τῆς

2398 1651 2629 1718 θλίψεως
2664 1652 2758 1705 τοῦ
2790 1654 3046 1721 ἀδελφοῦ,
3097 1655 3216 1722 μεθ’
3249 1651 3315 1725 ἦς
3352 1655 3540 1722 ἐξῆλθε
3589 1657 3681 1707 τοῦ
3713 1656 3962 1724 σώματος

2396 1745 2482 1798 διὰ
2511 1745 2608 1814 τὴν
2635 1746 2987 1816 ἀποστροφὴν
3041 1746 3132 1798 τοῦ
3170 1746 3405 1815 Πατρός.
3452 1748 3509 1798 Ὀ
3535 1746 3589 1798 δὲ
3622 1746 3723 1816 ἔφη
3746 1763 3758 1776 ο
3790 1749 3850 1799 Εἰ
3886 1750 3960 1817 μὴ

735 1842 916 1895 ltctitia
946 1840 1232 1891 fruituram
1267 1848 1487 1905 propter
1519 1836 1786 1888 modicam
1813 1835 1952 1886 banc
1990 1832 2286 1886 tristitiam:

2399 1834 2508 1901 ἐγὼ
2532 1802 2694 1888 α’ὑτὺν
2724 1802 3105 1906 ἀπεστΙράφην,
3132 1837 3231 1889 οὐκ
3255 1802 3319 1890 ἂν
3403 1836 3535 1900 Θεὸς
3574 1802 3958 1906 προσελάϐετοί

733 1929 1178 2000 quandoquidem
1216 1943 1324 1980 non
1367 1935 1448 1979 est
1483 1925 1702 1993 iniquus
1731 1924 1890 1985 Deus,
1922 1929 1980 1974 ut
2009 1937 2039 1975 e
2072 1934 2293 1973 carcere

733 2024 907 2084 tollat,
941 2031 993 2072 tt
1018 2024 1070 2072 in
1104 2032 1379 2072 careerem
1415 2016 1692 2083 conjiciat.
1732 2013 1855 2066 llaec
1892 2013 1990 2066 fuit
2035 2011 2294 2065 discretio

734 2111 908 2164 Patris
959 2110 1126 2163 nostri
1173 2106 1298 2169 Nili,
1352 2102 1519 2173 supra
1577 2108 1778 2158 multos
1830 2113 2050 2158 sanctos
2106 2103 2294 2157 Patres

731 2202 1110 2257 diseretissimi
1137 2209 1190 2255 et
1220 2200 1635 2268 sapientissimi.
1680 2198 1969 2264 Superavit
2000 2198 2143 2250 enim
2199 2212 2294 2266 per

731 2295 1119 2349 discretionem
1155 2293 1351 2346 summi
1385 2290 1579 2358 rigoris
1610 2288 1990 2342 observatores
2011 2296 2060 2339 el
2082 2301 2294 2339 summo

733 2387 914 2452 rigore
975 2384 1098 2434 vita:
1147 2381 1576 2434 discrttissitnos
1637 2398 1648 2430 ι
1692 2379 1968 2445 superarit
2019 2375 2294 2442 simplices

731 2477 979 2531 scicntia,
1016 2473 1385 2540 pollentesqne
1427 2469 1705 2536 superavit
1743 2465 2129 2534 simplicitate;
2185 2464 2292 2514 \ita

732 2569 1057 2634 conspicuos
1120 2577 1482 2628 sermoneque
1533 2561 1777 2612 celebres
1829 2559 2108 2624 superavit
2173 2556 2295 2606 vitae

733 2659 1022 2726 splendore
1053 2663 1104 2706 et
1155 2655 1404 2720 utrisque
1442 2651 1696 2719 praeditos
1752 2661 1964 2700 summa
2012 2647 2294 2712 utriusque

733 2747 1104 2816 perfectione;
1138 2743 1394 2812 praeditus
1415 2741 1655 2793 moribus
1679 2737 2003 2804 peregrinis,
2038 2752 2065 2786 a
2093 2736 2293 2786 ltlUllti'J

734 2839 948 2905 penitus
1004 2836 1238 2897 alienus,
1313 2831 1598 2884 affectibus
1653 2828 2062 2895 insuperabilis,
2131 2825 2294 2876 animi

731 2929 984 2982 sensibus
1017 2927 1288 2986 excelsus,
1320 2920 1632 2974 inflexibilis
1663 2919 2014 2981 sublimibus,
2040 2919 2089 2968 in
2111 2915 2292 2968 ltntni-

732 3020 808 3074 les
841 3017 1216 3088 compatienlis
1241 3015 1489 3068 affectum
1514 3025 1732 3073 gerens.

801 3201 888 3253 85.
923 3194 1311 3266 Longobardus
1340 3190 1558 3262 quidam
1589 3189 1865 3258 subripuit
1925 3205 2124 3259 equum
2177 3207 2290 3246 mo-

732 3291 992 3354 nasterii;
1045 3295 1393 3341 accesserunt
1421 3299 1548 3352 ergo
1575 3283 1641 3335 ad
1695 3282 1905 3334 Patrem
1969 3299 1997 3336 e
2031 3282 2288 3340 fratribus

732 3385 861 3447 duo,
909 3381 1320 3450 petieruntque,
1362 3382 1418 3426 ut
1443 3375 1547 3428 sibi
1584 3375 1770 3426 liceret
1803 3377 2057 3441 persequi
2120 3385 2170 3427 ct
2205 3393 2290 3429 re-

733 3488 997 3544 cuperare
1023 3485 1244 3537 equum,
1288 3467 1430 3535 quod
1464 3475 1609 3519 esset
1645 3465 1974 3516 inenasterio
2019 3469 2285 3532 perutilis.

729 3565 796 3619 Et
825 3579 936 3618 rem
983 3568 1305 3630 peregerunt
1335 3574 1350 3620 ;
1380 3570 1504 3608 nam
1555 3569 1675 3608 cum
1719 3555 1902 3608 labore
1940 3559 2111 3609 multo
2155 3573 2250 3624 per

731 3657 1010 3714 venissent
1037 3653 1088 3706 in
1120 3651 1402 3721 Oppidum,
1434 3648 1486 3700 in
1522 3662 1629 3716 quo
1669 3646 1754 3698 fur
1781 3656 1920 3708 erat,
1991 3650 2176 3701 audito
2210 3666 2291 3701 so-

734 3751 843 3803 lum
875 3746 1052 3800 Patris
1081 3743 1320 3805 nomine,
1357 3742 1540 3793 statim
1577 3737 1682 3792 loci
1711 3739 1964 3792 dominus
1999 3742 2286 3794 adductum

735 3856 957 3910 equum,
994 3834 1277 3902 furemque
1305 3832 1524 3900 ligatum
1560 3829 1664 3882 illis
1690 3830 2040 3883 contradidit.
2069 3829 2288 3884 Reversi

737 3935 791 3988 in
826 3929 1215 3985 monasterium
1251 3934 1302 3978 et
1336 3933 1462 3976 ante
1498 3921 1714 3975 Patrem
1749 3936 1871 3974 eum
1900 3925 2077 3976 lmtitia
2115 3926 2292 3992 proci-

729 4027 946 4090 .dcntes,
970 4021 1187 4075 aiebant
1218 4032 1231 4068 :
1273 4014 1610 4068 Adtluximus
1645 4016 1753 4066 tuis
1811 4015 1979 4080 adjuti
2011 4015 2284 4081 precibus,

735 4132 769 4171 ο
803 4115 987 4175 Pater,
1032 4123 1228 4176 equum
1268 4114 1325 4158 et
1373 4103 1568 4156 furem.
1614 4102 1706 4156 Ille
1759 4101 2176 4171 Longobardum
2224 4107 2286 4156 ad

737 4223 797 4263 se
828 4203 1035 4257 vocavit
1062 4215 1112 4253 et
1144 4217 1156 4250 :
1193 4187 1354 4257 Nunt,
1381 4194 1576 4261 inquit,
1612 4202 1667 4245 tu
1695 4191 1880 4254 frater,
1916 4209 2112 4262 equum
2149 4197 2290 4247 bune

739 4313 862 4351 vere
891 4290 1092 4346 antas?
1133 4291 1196 4342 ιιι
1242 4287 1329 4339 ille
1369 4302 1381 4338 :
1417 4280 1469 4336 Si
1506 4301 1613 4337 non
1663 4299 1922 4347 amarent,
1963 4301 2064 4336 non
2113 4286 2292 4338 subri.

736 4389 995 4457 pttissem.
1020 4381 1173 4433 Tunc
1205 4377 1360 4430 Pater
1409 4376 1483 4427 illi
1515 4392 1712 4443 equum
1766 4376 1908 4427 dono
1940 4377 2106 4440 dedit,
2138 4378 2288 4429 addi-

737 4479 921 4545 ditque
960 4470 1270 4540 epbippiutu
1338 4477 1391 4517 et
1453 4465 1663 4515 frenum
1734 4466 1967 4518 dicens:

736 4568 921 4634 accipe
948 4573 1001 4617 et
1034 4561 1143 4615 abi.
1178 4558 1323 4612 Abiit
1357 4557 1445 4609 ille
1495 4557 1649 4609 lactus
1698 4564 1752 4608 et
1782 4557 2082 4610 exsultans.
2124 4559 2290 4610 (Jun;-

736 4675 843 4729 que
873 4657 1288 4710 obmurmurare
1355 4648 1550 4700 fratres
1601 4649 1915 4715 coepissent,
1952 4648 2160 4702 vocavit
2194 4664 2288 4702 eos

733 4750 915 4808 Pater,
941 4742 1350 4806 instruebatque
1389 4737 1611 4790 dicens:
1652 4736 1850 4790 Discite
1885 4737 2014 4802 boc,
2071 4737 2287 4804 fratres,

737 4835 940 4907 privari
993 4830 1491 4901 quomodocunque
1544 4827 1730 4889 rebus,
1788 4840 1906 4881 esse
1961 4843 1989 4880 a
2051 4832 2289 4897 peccatis

740 4922 980 4979 liberari.
1013 4921 1094 4974 An
1130 4918 1333 4986 indigni
1379 4931 1590 4981 sumus,
1627 4918 1771 4984 quod
1829 4934 1990 4972 unum
2025 4927 2187 4986 caput
2237 4927 2290 4972 et

740 5029 841 5068 nos
869 5010 1190 5078 impleamus
1215 5022 1278 5060 ex
1340 5005 1405 5058 iis
1443 5021 1562 5073 qua:
1597 5015 1894 5058 narrantur
1923 5008 1974 5059 in
2003 5008 2139 5063 Vitis
2165 5025 2291 5062 san-

736 5113 950 5156 ctorum
971 5096 1226 5149 Patrum?
1261 5094 1316 5148 Si
1347 5093 1486 5146 Deus
1531 5098 1700 5148 nostri
1735 5098 1977 5149 misereri
2018 5101 2153 5162 vult,
2192 5115 2289 5153 nos

740 5194 818 5245 illi
862 5206 926 5243 ne
973 5188 1326 5241 obsistamus.
1383 5186 1446 5238 Et
1499 5186 1573 5238 illi
1614 5204 1626 5238 :
1671 5185 1819 5240 Dolet
1878 5189 2053 5248 nobis,
2110 5190 2287 5256 Pater,

739 5283 879 5353 quod
912 5288 1032 5350 post
1063 5278 1262 5331 multos
1292 5277 1503 5331 itineris
1530 5281 1702 5332 nostri
1740 5279 1976 5345 labores,
2006 5291 2286 5350 postquam

742 5373 1072 5430 invenimus,
1106 5367 1250 5437 quod
1276 5367 1533 5436 perierat,
1570 5379 1698 5423 tunc
1733 5371 1860 5423 illud
1917 5370 2018 5423 furi
2067 5374 2290 5442 largitus

741 5479 819 5516 es.
856 5459 1155 5529 Respondit
1187 5456 1347 5510 Pater
1381 5473 1393 5508 :
1425 5456 1536 5512 lloc
1565 5461 1714 5513 vobis
1749 5460 1873 5524 feci,
1897 5471 1950 5511 ut
1985 5461 2210 5513 discatis
2238 5482 2291 5515 re

740 5556 854 5621 ipsa
881 5544 1132 5606 inimicos
1177 5549 1401 5618 diligere
1441 5558 1492 5601 et
1543 5551 1861 5604 benefacere
1912 5553 1976 5604 iis
2013 5556 2103 5618 qui
2165 5560 2293 5607 nisi-

740 5645 960 5697 diantur
1012 5642 1182 5705 vobis,
1203 5648 1255 5694 et
1292 5639 1471 5692 omnia
1513 5641 1814 5707 possidere,
1839 5643 1969 5694 nihil
2007 5645 2285 5701 Ιιιιὶιοιιιυς.

745 5737 884 5790 sicut
936 5749 1033 5789 nos
1091 5733 1287 5787 docent
1332 5731 1677 5802 Erattgcliunt
1733 5745 1783 5784 et
1828 5736 2136 5802 Apostolus.
2194 5739 2286 5788 lli!-

2400 1927 2914 1997 Πεπληροφόρημαι
2969 1927 3044 1990 δὲ,
3099 1928 3179 1978 ὅτι
3212 1927 3299 1978 διὰ
3349 1931 3565 1997 ταύτης
3611 1931 3706 1997 τῆς
3759 1931 3960 1998 μικρᾶς

2395 2017 2649 2086 Θλίψεως,
2702 2019 2966 2088 μεγίστης
3029 2021 3202 2087 χαρᾶς
3261 2019 3960 2089 καταξιωθήσεταιήψυχὴ

2395 2109 2559 2161 αὑτοῦ
2580 2125 2592 2138 ·
2621 2110 2777 2178 εἴπερ
2808 2110 2906 2161 οὐκ
2937 2109 3117 2172 ἄδικος
3165 2111 3190 2161 6
3217 2109 3367 2170 Θεὸς,
3401 2110 3509 2162 ἀπὸ
3534 2109 3777 2178 φυλακῆς
3834 2106 3957 2178 ἄρα·

2395 2205 2490 2256 καὶ
2524 2202 2601 2265 εἰς
2642 2202 2890 2272 φυλακὴν
2951 2201 3146 2253 Θεῖναι.
3209 2201 3356 2269 Αὕτη
3389 2202 3712 2271 ήδιάκρισις
3745 2200 3838 2254 τοῦ
3874 2203 3952 2253 εὖ·

2394 2286 2880 2358 διακριτικωτάτου
2906 2290 2992 2339 καί
3009 2288 3320 2355 σοφωτάτου
3350 2289 3557 2357 Πατρδς
3579 2289 3735 2358 ἡμῶν
3768 2288 3961 2341 Νείλου

2394 2381 2547 2448 παρά
2579 2378 2803 2440 πολλοὺς
2822 2379 2929 2429 τῶν
2962 2379 3130 2445 ἁγίων
3169 2380 3444 2446 Πατέρων.
3489 2379 3834 2448 ’Υπερέὸαλει
3855 2381 3961 2450 γὰρ

2393 2471 2518 2532 τοὺς
2554 2470 3036 2535 ἀσκητικωτάτους
3076 2471 3130 2538 τῇ
3155 2469 3452 2540 διακρίσει,
3481 2472 3573 2521 καὶ
3597 2473 3723 2531 τοὺς
3746 2469 3962 2539 διακρι-

2393 2562 2725 2623 τικιυτάτους
2757 2564 2820 2629 τῇ
2856 2561 3110 2631 ἀσκήσει,
3143 2567 3238 2612 καὶ
3276 2562 3388 2622 σοὺς
3419 2562 3476 2611 ἐν
3514 2561 3776 2629 ἁπλότητι
3812 2563 3868 2613 tv
3895 2564 3960 2630 τῇ

2395 2655 2614 2720 γνώσει,
2642 2655 2734 2706 καὶ
2766 2655 2890 2716 τοὺς
2922 2656 3252 2720 γνωστικοὺς
3283 2655 3339 2705 tv
3365 2657 3430 2722 τῇ
3461 2654 3669 2724 ἀκακία
3689 2671 3701 2684 ’
3752 2655 3876 2715 τοὺς
3906 2656 3962 2706 tv

2397 2744 2496 2813 βίῳ
2525 2744 2601 2812 τῷ
2628 2745 2790 2811 λόγῳ,
2825 2745 2949 2805 τοὺς
2981 2745 3036 2794 ἐν
3067 2743 3208 2811 λόγῳ
3236 2743 3312 2811 τῷ
3345 2742 3466 2812 βίῳ,
3525 2744 3617 2794 καὶ
3665 2745 3790 2806 τοὺς
3831 2744 3955 2796 κατ’

2395 2835 2682 2903 ἀμφότερα
2715 2837 2770 2885 tv
2796 2839 2862 2902 τῇ
2893 2835 3098 2901 ἀμφοῖν
3130 2835 3391 2902 ἀκρότητι
3412 2851 3422 2864 ·
3454 2833 3601 2896 ξένος
3620 2836 3732 2896 τοῖς
3753 2836 3964 2904 ἤθεσιν,

2397 2927 2673 2993 ἀλλότριος
2707 2929 2869 2977 παντὶ
2905 2926 2981 2994 τῷ
3012 2925 3221 2994 κόσμῳ,
3257 2926 3623 2987 ἀταπείνωτος
3651 2928 3760 2987 τοῖς
3792 2926 3965 2978 πάθε-

2399 3035 2502 3080 σιν,
2528 3016 2728 3084 ὐψηλὸς
2757 3019 2868 3076 τοῖς
2929 3016 3218 3084 νοήμασιν,
3250 3017 3517 3085 ἀκαμπὴς
3566 3019 3677 3078 τοῖς
3714 3017 3965 3086 ὑψηλοῖς,

2351 3132 2358 3167 τ
2399 3108 2688 3176 συμπαθὴς
2711 3109 2766 3159 δὲ
2802 3111 2909 3167 τοῖς
2939 3110 3238 3168 ταπεινοῖς.

2470 3199 2576 3264 πγ⁹,
2613 3199 2843 3265 Ἐκλεψέ
2879 3199 2960 3260 τίς
3010 3215 3137 3273 ποτε
3189 3197 3297 3248 τῶν
3355 3197 3741 3266 Λογγισάρδων
3795 3199 3966 3250 ἵππον

2397 3289 2494 3356 τῆς
2532 3290 2717 3356 μονῆς,
2759 3287 2850 3338 καὶ
2886 3286 3274 3355 προσελθόντες
3291 3285 3383 3335 δύο
3419 3285 3525 3336 τῶν
3549 3284 3791 3352 ἀδελφῶν
3823 3287 3965 3354 ᾐτή-

2400 3401 2559 3434 σαντο
2592 3383 2679 3434 τὸν
2716 3383 2985 3450 μακάριον
3039 3381 3133 3432 τοῦ
3180 3379 3513 3442 καταδιῶξαι
3573 3381 3665 3432 καὶ
3710 3382 3965 3451 ἀνευρεῖν

2397 3474 2485 3526 τὸν
2512 3476 2694 3536 ἵππον,
2727 3474 2808 3524 ὅτι
2831 3473 3094 3540 χρήσιμος
3130 3467 3197 3540 ἦν
3231 3473 3370 3523 πάνυ
3398 3473 3453 3522 ἑν
3482 3470 3557 3540 τῷ
3589 3472 3963 3541 μοναστηρίῳ,

2397 3564 2423 3615 ὃ
2453 3567 2541 3616 καὶ
2596 3563 2982 3630 πεποιήκασιν.
3026 3561 3351 3613 Φθασάντων
3409 3562 3516 3630 γὰρ
3553 3561 3680 3614 Ti’v‘
3713 3561 3965 3628 ἀδελφῶν

2397 3656 2548 3721 κόπῃ
2583 3653 2758 3720 πολλῷ
2813 3653 2890 3712 εἰς
2917 3652 2975 3701 τὸ
3014 3651 3270 3718 κάστρον,
3307 3654 3362 3702 tv
3387 3644 3476 3717 ᾧὸ
3513 3650 3749 3717 κλέπτης
3780 3651 3966 3720 ὑπῆρ-

2398 3762 2511 3814 χεν,
2566 3732 2723 3812 ἡνίκα
2751 3743 2931 3794 τὸτοῦ
2988 3742 3196 3810 Πατρὸς
3245 3737 3415 3810 ὄνομα
3463 3744 3555 3793 καὶ
3591 3744 3749 3810 μόνον
3776 3744 3964 3795 ἐκεῖσε

2399 3833 2583 3901 ᾄρχων
2614 3833 2873 3899 ἀκήκοεν,
2918 3831 3118 3892 εὐθέως
3156 3828 3380 3897 ἀγαγὼν
3414 3831 3502 3881 τὸν
3535 3831 3697 3881 ἵππον
3730 3833 3821 3882 καὶ
3865 3832 3963 3882 τὸν

2397 3925 2635 3991 κλέπτην
2672 3922 2972 3988 δεδεμένον,
3009 3921 3291 3991 παρέδωκε
3326 3925 3435 3984 τοῖς
3467 3921 3732 3987 ἀδ;>.ιροῖ;.
3781 3921 3961 3974 ’Υποε

2399 4014 2743 4082 στρεψάντων
2796 4012 2974 4064 τοίνυν
3030 4011 3208 4064 αὐτῶν
3258 4014 3314 4064 ὲν
3460 4012 3829 4082 μοναστηρῖῳ,
3861 4013 3982 4064 καὶ”

2396 4105 2474 4174 τῷ
2503 4106 2674 4172 lla-cpt
2688 4102 2833 4172 μετά
2865 4102 3036 4170 χαρᾶς
3070 4103 3516 4168 προσπιπτόντων
3548 4102 3641 4153 καὶ
3666 4101 3958 4166 λιγόντιυν,

2397 4198 2475 4248 ὅτι
2517 4196 2593 4246 Δι’
2632 4194 2807 4264 εὐχῶν
2839 4209 2952 4257 σου,
2985 4193 3185 4258 Πάτερ,
3224 4193 3506 4260 ἠγάγομεν
3543 4194 3631 4244 τὸν
3667 4193 3833 4243 ἵππον
3862 4195 3960 4244 καὶ

2399 4289 2490 4338 τὶν
2526 4284 2799 4352 κλέψαντα
2837 4300 2850 4314 ·
2916 4283 3113 4334 καλεῖό
3142 4282 3407 4352 μακάριος
3440 4283 3529 4334 τὸν
3561 4269 3956 4353 Λογγιῦαρδον,

2402 4377 2493 4427 καὶ
2527 4376 2672 4440 λέγει
2726 4373 2909 4441 αὐτῷ’
2957 4374 3162 4433 Ὄντως
3226 4373 3315 4434 σὺ,
3359 4373 3575 4439 ἀδελφὲ,
3615 4375 3837 4441 ἀγαπᾷς
3866 4375 3960 4425 τὴν

2007 4467 2058 4518 St
2117 4483 2286 4528 antas,
2323 4459 2368 4516 D
2399 4467 2561 4517 ἵππον
2592 4463 2818 4527 τοῦτονς
2857 4463 2964 4515 Καὶ
3026 4463 3173 4529 λέγει
3211 4466 3449 4523 ἐκεῖνος·
3486 4464 3545 4514 Εἰ
3577 4463 3649 4531 μὴ
3701 4464 3956 4531 ἠγάπων,

2398 4556 2494 4604 οὐκ
2529 4553 2592 4605 ἂν
2627 4552 2828 4618 ἔκλεψα
2887 4551 3095 4602 τοῦτον.
3162 4549 3291 4601 Τότε
3346 4549 3522 4603 λαϐὼν
3554 4555 3580 4602 ὁ
3617 4553 3804 4621 Πατήρ
3863 4552 3960 4606 τὸν

2397 4647 2558 4696 ἵππον
2581 4642 2806 4694 δέδωκεν
2831 4642 3000 4709 αὐτῷ,
3032 4641 3286 4709 προσθεῖς
3318 4643 3464 4710 αὐτῷ
3486 4643 3622 4711 μετά
3652 4644 3744 4711 τῆς
3763 4643 3958 4705 σέλλας

2398 4737 2490 4788 καὶ
2524 4737 2582 4785 τὸ
2617 4733 2946 4802 χαλινάριον,
2997 4733 3200 4798 λέγων’
3254 4733 3315 4784 Εἰ
3364 4737 3578 4802 ἀγαπᾷς
3608 4734 3789 4794 αὐτὸν,
3823 4735 3958 4787 λάϐε

2398 4827 2492 4878 καὶ
2528 4827 2759 4894 πορεύου
2788 4841 2797 4854 ’
2831 4828 2856 4875 ὁ
2886 4823 2940 4875 δὲ
2973 4823 3179 4892 ἀπῆλθε
3212 4825 3413 4892 χαίρων
3450 4827 3540 4875 καὶ
3570 4825 3955 4892 ἀγαλλόμενος.

2410 4916 2838 4986 Ἀρξαμέ.ωνδὲ
2900 4915 3007 4965 τῶν
3063 4915 3307 4982 ἀδελφῶν
3361 4917 3792 4981 καταγογγύζειν
3859 4917 3960 4970 τοῦ

2403 5010 2694 5080 μακαρίου.
2713 5009 2942 5068 καλέσας
2972 5008 3166 5069 αὐτοὺς
3188 5010 3214 5058 6
3243 5007 3427 5077 Πατὴρ
3450 5009 3718 5061 ἐνουθέτει
3737 5011 3912 5077 λέγων
3943 5030 3958 5041 ·

2399 5103 2636 5167 Μάθετε,
2663 5101 2898 5168 ἁδελφο“·,
2921 5100 3102 5163 τοῦτο,
3131 5101 3210 5152 ὅτι
3231 5099 3382 5168 ἡτῶν
3408 5102 3745 5169 πραγμάτων
3775 5105 3963 5158 ὁπωσ-

2398 5195 2597 5262 δήποτε
2633 5192 2913 5262 στέρησις,
2959 5190 3370 5260 ἁμαρτημάτων
3405 5193 3552 5243 ἐστὶν
3610 5192 3901 5261 ἀφαίρεσις
3940 5210 3958 5224 ο

2400 5280 2517 5336 εἶτα
2576 5284 2675 5334 οὐκ
2727 5283 2892 5349 ἐσμὲν
2937 5280 3074 5344 ἄξιοι
3124 5280 3214 5331 τοῦ
3270 5280 3584 5350 γεροντικοῦ
3632 5285 3854 5348 ποιῆσαι
3885 5282 3950 5335 ἓν

2398 5371 2728 5438 κεφάλαιον;
2792 5367 3059 5431 ΕΞὸΘεὸς
3117 5367 3257 5420 θέλει
3314 5368 3532 5436 ἐλεῆσαι
3591 5369 3755 5437 qua,
3794 5370 3964 5437 ἡμεῖς

2400 5463 2546 5530 αὐτῷ
2609 5463 2684 5531 μὴ
2752 5458 3222 5526 ἀντιτασσώμεθα.
3255 5461 3315 5511 Οἱ
3344 5460 3398 5510 δὲ
3427 5454 3577 5509 εἷπον
3597 5475 3610 5487 ·
3646 5459 3814 5511 Τοῦτο
3845 5462 3964 5512 ϐλι-

2400 5554 2864 5622 6ὁμεοα,’ῐ]ἀτερ,
2931 5553 3012 5604 ὅτι
3051 5551 3187 5619 μετά
3242 5551 3299 5602 τὸ
3349 5550 3606 5602 κοπιάσαι
3637 5551 3781 5617 ἡμᾶς
3810 5551 3963 5603 πάνυ

2403 5646 2570 5699 πολλὰ
2624 5644 3128 5720 περιπατήσαντας,
3178 5643 3269 5694 καὶ
3334 5643 3514 5710 εὑρεῖν
3545 5640 3604 5691 τὸ
3650 5641 3957 5704 ἀπολωλδς,

2401 5739 2515 5788 τότε
2545 5736 2676 5788 αὐτὸ
2715 5735 2970 5804 ἐδωρήσω
2995 5733 3072 5802 τῷ
3097 5733 3373 5800 κλέψαντι.
3409 5732 3514 5785 Καὶ
3546 5735 3571 5784 ὁ
3601 5730 3785 5799 Πατὴρ
3818 5730 3955 5805 ἔφη·
