4158 6338
223 352 324 416 lii

1374 358 1551 418 \‘l'I'A
1592 355 1654 415 S.
1695 354 1857 413 NlLl.
1891 352 2273 412 JUNIOHIS.

3367 355 3466 419 14?.

218 475 390 526 Τοῦτο
451 474 738 543 πεποίηκα
789 476 939 544 ὑμῖν,
1002 475 1087 528 ἵνα
1139 473 1336 540 διδάξω
1382 477 1528 546 ὑμᾶς
1567 476 1790 544 ἀγαπᾷν

1904 487 2122 535 sensus,
2179 473 2294 526 haec
2346 472 2597 527 doctrina
2637 483 2753 528 erat
2796 474 2968 530 beata:
3027 475 3300 531 memoria:
3359 476 3464 534 Nili

216 567 362 635 ἔργῳ
393 566 521 628 τοὺς
556 569 805 638 ἐχθροὺς,
835 568 932 621 καὶ
958 568 1148 631 ἁπλῶς
1200 570 1375 621 ποιεῖν
1405 569 1519 630 τοῖς
1549 567 1792 637 ἐπηρεά-

217 653 428 721 ζουσιν”
467 658 653 727 ὑμᾶς·
710 662 803 711 καὶ
835 660 896 711 τὸ
951 659 1130 712 πάντα
1197 658 1449 729 κατέχειν
1496 657 1572 720 ὡς
1631 656 1795 726 μηδὲν

216 748 461 816 ἔχοντας,
495 749 676 813 καθὼς
708 751 768 803 τὸ
787 751 1120 820 Εὑαγγὲλιον
1141 750 1232 804 καὶ
1261 755 1288 804 ὁ
1305 750 1627 811 Ἀπόστολος
1649 750 1796 818 ἡμᾶς

216 837 660 892 ἐκδιδάσκουσιν.
706 839 766 894 Ὀ
804 839 902 908 μὲν
937 839 1032 892 οὖν
1069 841 1380 910 μακαρίτης
1413 839 1603 910 Πατὴρ
1635 838 1795 908 ήμῶν

214 927 410 991 Νεῖλος
467 930 641 983 ταῦτα
698 933 914 1002 ἐφρόνει
951 949 1010 985 τε
1060 933 1153 984 καὶ
1206 932 1509 998 ἐδίδασκεν,
1575 932 1662 983 ἀεὶ
1705 930 1801 983 ἐπὶ

1904 565 2080 618 Patris
2118 565 2313 630 nostri,
2348 566 2440 634 qui
2493 566 2774 621 beatorum
2813 574 2866 623 et
2932 569 3463 638 sapientissimorum

1902 655 2190 708 doctorum
2229 657 2533 712 sententias
2592 657 2646 710 in
2699 673 2790 712 ore
2858 674 3075 730 semper
3128 659 3361 716 habebat
3412 658 3469 718 et

1906 748 2057 800 omni
2090 753 2288 799 conatu
2342 747 2709 811 adnitebatur,
2763 759 2820 803 ut
2872 752 3075 806 dictum
3101 767 3274 822 opere
3327 769 3469 822 pra:-

1908 845 2081 892 staret
2112 845 2165 891 et
2192 837 2337 906 quod
2372 839 2782 906 addiseebatur,
2832 844 3176 912 prudentiam
3231 853 3468 913 pareret,

1907 940 1959 984 et
1990 931 2131 983 actio
2165 930 2359 984 similis
2392 941 2536 984 esset
2564 931 2915 988 institutioni.

217 1021 496 1089 στόματος
549 1022 732 1091 φέρων
786 1023 886 1085 τὰς
945 1022 1174 1092 χρήσεις
1215 1022 1325 1076 τῶν
1366 1022 1671 1092 ’μακαρίων
1699 1021 1795 1075 καὶ
1834 1019 2013 1088 σοφῶν
2043 1020 2405 1085 διδασκάλων,
2432 1023 2671 1094 παντοίῳ
2696 1011 2770 1076 es.
2818 1028 3006 1097 τρόπῳ
3068 1028 3470 1098 ἀγωνιζόμενος

214 1114 367 1181 ἔργῳ
402 1115 687 1178 ἀποδεῖξαι
721 1114 1019 1183 τὸνλόγον,
1052 1117 1146 1169 καὶ
1170 1116 1270 1186 τὴν
1311 1116 1569 1186 μάθησιν,
1602 1115 1888 1185 φρόνησιν,
1920 1114 2015 1166 καὶ
2044 1113 2140 1184 τὴν
2165 1115 2363 1184 πρᾶξιν
2395 1116 2532 1170 κατὰ
2560 1116 2658 1187 τὴν
2683 1117 2903 1184 δίδαξιν.

288 1208 393 1260 πεί.
432 1210 505 1262 Οὐ
526 1209 686 1278 μόνον
708 1211 764 1263 δὲ
793 1211 1010 1277 ἑαυτὸν,
1042 1211 1177 1264 ἀλλὰ
1206 1213 1300 1265 καὶ
1329 1213 1465 1275 τοὺς
1492 1213 1611 1283 μετ’
1635 1211 1804 1265 αὑτοῦ

213 1300 390 1363 οὕτως
450 1301 810 1370 ὲφωταγώγει
861 1302 960 1357 καὶ
1010 1301 1220 1373 ἢλιζεν,
1277 1304 1492 1358 ἀκούων
1537 1303 1691 1373 παρὰ
1712 1302 1804 1355 τοῦ

215 1395 498 1463 Σωτῆρος,
527 1395 606 1447 ὅτι
645 1395 878 1465 ι’Υμεῐς
912 1397 1037 1448 ἐστε
1075 1395 1137 1448 τὸ
1171 1395 1303 1459 ἅλας
1334 1396 1432 1464 τῆς
1457 1396 1583 1466 γῆς,
1629 1395 1723 1448 καὶ
1745 1395 1805 1447 τὸ

214 1487 332 1551 φῶς
395 1485 493 1538 τοῦ
533 1487 764 1556 κόσμου.
810 1505 828 1538 ι
869 1486 1138 1550 Πολλάκις
1180 1488 1290 1557 γὰρ
1333 1488 1386 1540 ετ
1438 1505 1540 1540 που
1571 1487 1801 1558 η’ύρισκε

216 1578 418 1647 χρῆσιν
451 1579 483 1648 ἢ
511 1577 759 1649 γνώμην,
793 1579 902 1632 εἴτε
925 1581 1221 1650 τροπάριον
1254 1582 1316 1631 ὲκ
1367 1579 1476 1632 τῶν
1534 1578 1797 1642 κανόνων,

215 1667 568 1738 κατόρθωσιν
600 1670 765 1739 ἧθους
792 1670 1133 1733 διδάσκοντα,
1168 1667 1644 1741 προσκαλούμενος
1673 1669 1799 1730 τοὺς

1982 1210 2069 1280 84.
2095 1211 2206 1266 Nec
2238 1229 2297 1267 se.
2321 1214 2498 1283 ipsum
2533 1215 2928 1280 tantummodo,
2986 1217 3080 1270 sed
3134 1234 3260 1274 suos
3305 1222 3468 1275 etiam

1909 1304 2112 1370 pariter
2143 1304 2351 1358 lumine
2375 1305 2635 1374 implebat
2666 1313 2721 1360 et
2751 1305 2864 1359 sale
2896 1307 3210 1374 eOndiebat,
3241 1313 3470 1367 audiens

1907 1409 1934 1447 a
1973 1393 2276 1462 Salvatore,
2309 1414 2326 1446 ι
2364 1404 2466 1452 Vos
2491 1400 2622 1453 estis
2657 1400 2735 1454 sal
2764 1409 2923 1454 terra:
2947 1409 2998 1454 et
3027 1402 3118 1455 lux
3147 1405 3338 1456 mundi
3366 1404 3465 1459 ἰ.»

1907 1485 2062 1558 Stepe
2102 1490 2242 1542 enim
2278 1489 2364 1543 ubi
2402 1489 2458 1544 in
2490 1491 2718 1554 dictum,
2751 1501 2843 1545 aut
2887 1494 3211 1548 sententiam
3250 1496 3475 1549 incidis-

1902 1589 2007 1642 set,
2061 1581 2232 1634 autin
2263 1583 2540 1638 modulum
2600 1598 2666 1638 ex
2699 1582 2902 1638 ()lliciis
2971 1595 3311 1650 sanctorum,
3364 1605 3472 1658 quo

1900 1670 1966 1724 ad
2000 1671 2351 1741 corrigendos
2384 1689 2564 1729 mores
2602 1675 2810 1744 aliquid
2842 1677 3236 1744 contineretur,
3276 1679 3471 1735 fratres

214 1759 485 1828 ἀδελφοὺς
536 1760 725 1830 ὥσπερ
776 1761 896 1815 τινά
954 1760 1157 1831 κλῆρον
1205 1760 1430 1813 διεδίδου
1477 1760 1664 1820 αὐτοῖς
1698 1759 1792 1811 τοῦ

1900 1762 2198 1816 advocabat
2234 1772 2288 1818 et
2347 1764 2505 1832 quasi
2565 1764 2964 1818 haereditariam
3002 1767 3308 1835 portionem
3358 1769 3474 1825 dis-

215 1853 612 1920 άποστηθίζειν
661 1853 833 1904 αὑτά”
868 1854 981 1914 τοῖς
1044 1853 1142 1920 μὲν
1203 1850 1452 1921 ἰσχύουσι
1491 1849 1561 1902 τά
1590 1847 1791 1918 ὑψηλὰ,

222 1945 328 1999 τοῖς
362 1943 417 1994 δὲ
453 1942 874 2010 ἀσθενεστέροις
902 1941 968 1993 τὰ
993 1941 1205 2010 ἐλαφρά
1232 1958 1243 1971 ·
1280 1943 1376 1993 καὶ
1409 1941 1624 2009 ἑκάστῳ
1655 1940 1796 2008 πρὸς

216 2035 275 2085 τὸ
331 2032 505 2094 πάθος
540 2025 582 2099 ᾧ
616 2033 1052 2096 ὲπλεονεκτείτο,
1087 2032 1184 2085 καὶ
1219 2032 1279 2084 τὸ
1318 2032 1670 2102 ἐμπλαστρον
1698 2031 1795 2084 τοῦ

219 2125 555 2194 μαθήματος
612 2125 870 2179 ἐπετίθει.
927 2119 1051 2178 Οἷον
1109 2123 1165 2176 εί
1217 2141 1298 2185 τις
1361 2124 1793 2194 γαστρίμαργος,

215 2217 284 2267 τὰ
317 2233 382 2266 πε
396 2216 450 2282 pi.
477 2215 826 2283 ἐγκρατείαςο
859 2215 911 2267 εῐ
939 2233 1020 2277 τις
1041 2215 1264 2281 λάγνος,
1299 2214 1368 2266 τὰ
1397 2215 1528 2284 περὶ
1547 2215 1793 2281 ἀγνείας·

216 2308 385 2369 εἴτις
447 2305 743 2370 κενόδοξος,
780 2305 846 2358 τά
890 2306 1020 2374 περὶ
1050 2304 1553 2374 ταπεινοφροσύνης
1589 2320 1601 2333 ’
1635 2304 1798 2366 εἴτις

215 2395 555 2466 γλωσσώδης
611 2396 705 2448 καὶ
731 2396 986 2466 μάχιμος,
1019 2396 1118 2466 τὴν
1177 2393 1497 2468 Ἐπιστολὴν
1539 2395 1796 2450 Ἰακώϐου

216 2488 318 2542 τοῦ
344 2488 664 2542 ἀποστόλου.
694 2488 753 2539 El
780 2488 836 2541 δέ
853 2506 936 2550 τις
970 2484 1040 2558 ἦν
1072 2488 1379 2557 δυσμαθὴς,
1411 2492 1508 2542 καὶ
1537 2489 1612 2558 μὴ
1641 2489 1798 2542 δυνά-

223 2592 387 2644 μενος
425 2594 528 2646 μνη
541 2577 804 2645 μονεύειν,
835 2579 1063 2644 γράφων
1082 2576 1179 2646 τὴν
1203 2577 1430 2648 γνώμην
1461 2579 1516 2629 ὲν
1545 2579 1798 2646 τμήματι

219 2669 476 2736 χαρτίου,
543 2669 752 2737 ὲκρέμα
785 2669 932 2737 αὐτῷ
972 2669 1063 2721 ἐπὶ
1133 2669 1224 2720 τὸν
1268 2668 1560 2737 τράχηλον,
1596 2669 1628 2739 ἢ
1670 2669 1799 2738 περὶ

217 2758 317 2807 τὸν
341 2756 602 2824 βραχίονα
623 2756 809 2819 αὑτοῦ,
831 2758 1024 2825 μέχρις
1057 2756 1179 2808 ὅτου
1208 2756 1377 2825 αὐτὴν
1409 2755 1796 2825 ἀπεστήθιζεν.

221 2848 418 2907 Οὕτως
471 2848 646 2900 ἐποίει
688 2850 713 2900 ὁ
742 2848 1214 2918 τρισμακάριστος
1275 2849 1400 2910 τοὺς
1435 2847 1665 2908 ἀλάλους
1702 2845 1800 2898 λα-

219 2940 360 3002 λεῖν,
421 2943 513 2992 καὶ
564 2941 689 3001 τοὺς
750 2939 967 3006 κωφοὺς
1008 2939 1248 3003 ἀκούειν,
1282 2937 1526 3000 καὶτοὺς
1564 2937 1801 3006 τυφλοὺς

221 3028 484 3097 βλέπειν·
548 3027 674 3088 τοὺς
759 3028 1068 3097 βαρϐάρους
1150 3026 1438 3097 εἰργάζετο
1480 3026 1796 3095 θεολόγουςο

1899 1853 2191 1918 tribuebat,
2223 1863 2282 1908 ut
2309 1856 2584 1910 memoriae
2615 1858 2961 1921 mandarent,
2995 1860 3191 1916 validis
3241 1861 3462 1930 quidem

1899 1942 2154 1996 sublimia
2189 1944 2346 2006 dans,
2380 1946 2723 2000 tenuioribus
2782 1961 2908 2001 vero
2958 1947 3119 2012 levia,
3157 1961 3210 2003 et
3251 1953 3470 2005 unicui-

1897 2051 2027 2103 que,
2070 2045 2127 2088 ut
2169 2036 2366 2090 aﬂ‘eetu
2419 2037 2723 2101 laborabat,
2783 2037 2856 2091 ita
2903 2041 3259 2108 empiasuum
3301 2043 3472 2098 doct:-

1899 2126 2067 2192 menti
2099 2127 2432 2196 apponebat.
2491 2127 2735 2198 Exempli
2767 2130 2964 2198 gratia,
3030 2131 3076 2186 si
3131 2134 3259 2202 quis
3320 2145 3471 2192 esset

1899 2219 2078 2269 ventri
2106 2219 2348 2284 deditus,
2371 2219 2534 2273 dabat
2566 2220 2913 2276 abstinentia;
2935 2234 3237 2294 praecepta;
3261 2228 3304 2281 si
3339 2230 3466 2295 quis

1901 2310 2072 2371 salax,
2115 2309 2384 2363 castitatis
2419 2327 2434 2373 ;
2468 2311 2513 2364 si
2544 2326 2669 2379 qus
2725 2313 2904 2368 inanis
2962 2315 3147 2384 gloriae
3209 2321 3464 2386 cupidus,

1899 2397 2257 2463 humilitatis;
2309 2402 2357 2454 si
2390 2403 2514 2463 quis
2555 2401 2777 2471 lingua!
2804 2413 2860 2459 et
2879 2410 3280 2473 eontentiosus,
3332 2427 3466 2480 apo-

1900 2491 2024 2542 stoli
2060 2488 2248 2544 Jacobi
2291 2492 2588 2560 Epistolam
2617 2495 2681 2548 ⁸¹.
2729 2495 2882 2560 Quod
2931 2499 2974 2552 sl
3030 2499 3153 2567 quis
3185 2511 3331 2555 esset
3369 2504 3466 2556 he-

1900 2580 2127 2635 betioris
2167 2582 2392 2651 ingenii,
2446 2599 2546 2638 nec
2573 2586 2622 2638 vi
2649 2589 2923 2641 memoria:
2957 2590 3205 2657 polleret,
3257 2593 3311 2645 in
3343 2609 3465 2662 par-

1900 2674 2025 2725 vula
2048 2674 2236 2726 charta
2272 2675 2546 2729 scribebat
2577 2679 2899 2732 sententiam
2938 2691 2994 2733 et
3019 2683 3360 2750 appendebat
3395 2687 3463 2739 ad

1900 2763 2020 2832 ejus
2088 2766 2382 2828 cervicem,
2449 2768 2564 2820 sive
2625 2769 2691 2822 ad
2752 2770 3062 2834 brachium,
3115 2772 3290 2827 donec
3347 2794 3463 2829 eam

1903 2858 2216 2911 memoriter
2248 2859 2522 2915 recitaret.
2549 2859 2626 2915 Ita
2680 2862 2915 2917 .‘aciebat
2949 2875 3030 2919 ter
3071 2867 3265 2920 beatus
3285 2867 3461 2933 Pater,

1904 2957 1962 2998 ut
1997 2949 2130 3001 muti
2160 2949 2514 3017 loquerentur
2536 2961 2590 3006 et
2622 2954 2773 3007 surdi
2817 2955 3068 3009 audirent
3117 2969 3170 3011 et
3219 2961 3346 3013 caeéi
3388 2964 3463 3014 vi-

1902 3038 2094 3092 derent
2128 3055 2142 3091 :
2179 3040 2442 3096 barbaros
2471 3042 2740 3098 eﬂiciebat
2771 3046 3080 3117 theologos,
3105 3058 3158 3103 et
3183 3051 3466 3119 jumento-

221 3121 326 3171 καὶ
344 3118 469 3180 τούς
504 3136 632 3172 ποτε
663 3119 1081 3190 κτηνοτρόφους,
1103 3116 1401 3189 ἀνθρώπων
1428 3119 1795 3182 διδασκάλους.

1904 3145 2023 3182 rum
2075 3140 2326 3198 pastores
2382 3135 2627 3189 mutabat
2667 3139 2717 3190 iu
2759 3116 3012 3194 doctores
3068 3141 3373 3210 hominmu,
3412 3158 3467 3202 et

221 3211 323 3264 καὶ
357 3212 583 3274 πολλοὺς
613 3212 715 3280 μὲν
759 3211 1034 3280 ἀπήλλαξε
1057 3211 1246 3262 δεινῶν
1269 3211 1578 3280 δαιμονίων,
1615 3210 1798 3263 πλείο-

221 3321 325 3365 νας
349 3304 405 3355 δὲ
447 3303 640 3356 παθῶν
705 3303 1052 3373 ἀκαθάρτων,
1090 3302 1184 3354 καὶ
1235 3301 1523 3371 συνηθείας
1558 3302 1798 3354 άτὸπου’

225 3395 498 3462 μεῖζονδὲ
529 3393 622 3445 τοῦ
685 3396 954 3465 προτέρου
1005 3393 1064 3444 τὸ
1113 3392 1387 3461 δεύτερον.
1460 3393 1636 3446 Πολλά
1692 3394 1799 3464 ἔχω

219 3483 324 3536 τοῦ
374 3484 550 3548 λέγειν
613 3486 743 3550 περὶ
800 3482 987 3544 αὑτοῦ,
1048 3481 1162 3534 ἀλλ’
1210 3483 1310 3534 οὐκ
1338 3483 1401 3552 ὲᾷ
1427 3499 1493 3551 με
1522 3484 1796 3552 ὁ·χρόνος,

221 3573 522 3640 ἐπείγομαι
570 3574 676 3642 γάρ
728 3572 864 3640 πρὸς
901 3573 960 3623 τὸ
987 3571 1156 3634 τέλος.
1194 3571 1346 3625 Μετὰ
1374 3571 1432 3623 τὸ
1477 3572 1795 3642 τελευτῆσαι

221 3669 319 3720 τὸν
347 3667 589 3737 ἀοίδιμον
627 3667 962 3737 Ἀλιγέρνο-ι,
998 3667 1090 3719 τὸν
1121 3667 1300 3729 καλῶς
1331 3669 1424 3720 καὶ
1464 3668 1626 3729 ὁσίως
1680 3685 1798 3720 ποι-

226 3758 480 3824 μάναντα
527 3758 625 3826 τὴν
657 3758 824 3828 μονὴν
877 3756 971 3809 τοῦ
1003 3757 1159 3826 ἁγίου
1207 3758 1542 3822 Βενεδίκτου,
1595 3759 1794 3829 ἀνέστη

226 3850 318 3902 ἐπ’
342 3850 511 3918 αὐτὴν
537 3849 860 3920 ἡγούμενος,
896 3848 953 3910 ὃς
985 3851 1084 3902 οὐκ
1114 3849 1227 3919 ⁴ᾔδει
1255 3848 1352 3912 ,τὸν
1400 3849 1547 3901 ὅσιον
1580 3849 1792 3914 Νεῖλον,

223 3943 379 4002 ὅστις
427 3937 516 4010 ἦν,
583 3939 803 4008 άληθῶς
838 3939 882 3991 δ’
913 3942 1086 3992 εἰπεῖν
1141 3939 1262 3992 οὐδὲ
1307 3941 1399 3991 τὸν
1451 3939 1616 3993 Θεόψ
1645 3941 1795 4010 ὅμως

223 4032 489 4109 γνωρίσει
521 4031 587 4084 τά
614 4032 744 4102 περὶ
772 4031 934 4085 αὑτὸν
962 4030 1140 4094 τοῦτο,
1175 4031 1311 4101 ὅπερ
1345 4032 1622 4102 συντόμως
1661 4033 1791 4102 ὲρῶ.

304 4215 407 4262 πε’.
435 4209 849 4278 Παραϐαλόντος
875 4208 969 4260 τοῦ
1007 4210 1281 4280 μακαρίου
1308 4213 1406 4280 μιᾷ
1434 4211 1540 4262 τῶν
1570 4211 1794 4281 ἡμερῶν

233 4302 364 4370 πρὸς
392 4302 580 4361 αὐτὸν,
602 4286 791 4369 ἔτυχεν
816 4300 978 4351 αὐτὸν
1035 4301 1219 4370 εὑρεῖν
1249 4301 1307 4352 ὲν
1354 4301 1431 4369 τῷ
1454 4301 1603 4354 κάτω
1631 4318 1795 4370 μονα-

227 4391 459 4462 στηρίῳ,
487 4393 543 4443 ὲν
566 4385 609 4458 ᾧ
643 4389 852 4458 ἵδρυται
881 4390 1220 4459 πάντερπνος
1256 4389 1383 4452 ναὸς
1407 4391 1499 4467 τοῦ
1552 4391 1791 4458 ἁγιωτά-

223 4502 322 4537 του
348 4484 388 4535 Γ
391 4481 655 4552 ερμανοῦ,
719 4480 924 4535 ὑδάτων
983 4480 1180 4551 πλήθει
1215 4483 1312 4535 καὶ
1341 4482 1530 4536 κάλλει
1564 4500 1788 4554 περιαν-

223 4577 541 4644 τλούμενος.
581 4555 718 4644 Εὗρε
773 4573 829 4625 δὲ
878 4573 968 4626 τὸν
1007 4573 1171 4626 αὐτὸν
1217 4572 1519 4643 ἡγούμενον
1549 4576 1646 4628 σὺν
1678 4579 1792 4640 τοῖς

227 4667 468 4737 πρώτοις
509 4664 602 4716 τοῦ
632 4663 870 4734 μεγάλου
920 4665 1281 4734 μοναστηρίου
1326 4663 1667 4734 λελουμένον,
1700 4671 1795 4722 καὶ

227 4759 287 4810 ἐν
339 4757 417 4825 τῷ
465 4755 772 4825 ἀριστηρίῳ
823 4753 1095 4808 ἐσθίοντα.
1163 4753 1251 4817 Ὠς
1309 4751 1404 4808 οὖν
1467 4759 1791 4828 περιέμενεν

228 4849 392 4903 ait?»
424 4849 451 4898 ό
480 4848 627 4908 ὅσιος
659 4847 716 4896 ἑν
742 4848 808 4914 τῇ
859 4846 1128 4916 ἐκκλησίᾳ
1163 4845 1301 4916 μετά
1331 4847 1440 4900 τῶν
1495 4851 1594 4905 σὺν
1641 4853 1788 4923 αὑτῴ

226 4937 499 5006 ἀδελφῶν,
534 4936 720 4989 ἀκούει
761 4935 841 4987 ὅτι
879 4933 1196 5005 κιθαριστὴς
1233 4936 1448 5005 εἰσῆλθε
1503 4938 1794 5010 κιθαρίζων

229 5033 287 5082 ἰν
349 5029 430 5096 τῷ
463 5018 788 5097 ἀριστηρίῳ.
852 5027 1042 5079 Τότεὸ
1087 5028 1396 5100 μακαρίτης
1443 5031 1634 5095 Νεῖλος
1683 5033 1787 5104 ἔφη

226 5123 366 5192 πρὸς
418 5121 544 5180 τοὺς
598 5118 854 5180 συνόντας
881 5135 892 5146 ·
930 5119 1224 5189 Μέμνησθέ
1255 5137 1356 5189 μου
1391 5121 1485 5174 τοῦ
1519 5123 1786 5194 ῥήματος,

227 5211 574 5280 ἀδελφὶςὸτι
593 5209 654 5260 οὐ
683 5205 931 5277 βραδύνει
953 5207 1048 5260 τοῦ
1078 5207 1249 5258 ἐλθεῖν
1268 5209 1366 5279 τὴν
1388 5211 1558 5279 ὀργὴν
1583 5213 1784 5282 Κυρίου

299 5395 342 5426 ⁶¹
370 5395 561 5450 Matth.
591 5413 642 5459 ν,
679 5397 765 5458 l5,
804 5397 889 5450 14.
959 5397 1005 5428 "
1033 5397 1150 5452 Jac.
1178 5412 1258 5460 ut,
1292 5395 1407 5449 5-7.

1905 3221 2106 3276 multos
2158 3223 2377 3290 quidem
2409 3225 2477 3278 ab
2534 3226 2744 3282 infestis
2797 3229 3138 3287 daemonibus
3194 3235 3470 3306 liberavit,

1904 3313 2090 3382 plures
2125 3329 2254 3369 vero
2292 3316 2359 3368 ab
2399 3316 2625 3386 impuris
2654 3321 2818 3373 animi
2842 3319 3124 3377 affectibus
3151 3333 3203 3378 et
3232 3343 3466 3383 consue-

1903 3406 2090 3459 tudine
2137 3408 2384 3461 absona:
2432 3409 2608 3477 majus
2659 3427 2820 3479 porro
2866 3422 2946 3466 est
3004 3415 3107 3471 hoc
3191 3422 3463 3486 posterius

1901 3496 2091 3565 priori.
2136 3499 2300 3551 Multa
2345 3498 2540 3563 habeo,
2596 3517 2715 3570 quae
2758 3503 2932 3556 dicam
2993 3505 3060 3560 de
3104 3508 3216 3573 illo,
3271 3526 3459 3566 verum

1903 3597 2117 3657 tempus
2164 3606 2272 3643 non
2307 3593 2596 3659 permittit,
2624 3595 2880 3662 quoniam
2907 3596 2974 3649 ad
3014 3598 3170 3653 linem
3205 3618 3457 3671 propero.

1903 3677 2170 3734 Defuncto
2200 3681 2554 3737 celeberrimo
2576 3684 2850 3753 Aligerno,
2881 3689 2972 3756 qui
3006 3690 3141 3744 bene
3163 3703 3460 3765 sancteque

1901 3769 2779 3828 administraveratmonasterium
2816 3777 2871 3829 S.
2901 3777 3200 3843 Benedicti,
3239 3800 3460 3842 succeso

1900 3856 1971 3909 sit
2003 3855 2055 3908 in
2093 3871 2158 3910 eo
2186 3858 2536 3926 hegumenus,
2597 3863 2688 3930 qui
2726 3863 2939 3917 beatum
2992 3865 3194 3931 Nilum,
3225 3875 3316 3941 qui
3377 3877 3460 3929 vir

1898 3953 2064 4010 esset,
2113 3947 2414 4016 ignorabat,
2469 3953 2578 4006 imo
2629 3968 2756 4008 vero
2806 3956 2910 4011 dici
2948 3967 3127 4026 potest
3166 3971 3222 4017 et
3283 3965 3452 4021 Deum

1897 4036 2100 4105 ipsum.
2158 4037 2384 4094 Planum
2437 4042 2489 4096 id
2542 4045 2634 4098 ﬁet
2696 4061 2793 4114 per
2854 4048 2980 4112 hoc,

1898 4130 2151 4179 narrabo.

1968 4217 2057 4270 85.
2095 4216 2455 4280 Cuinbeatus
2501 4225 2583 4272 vir
2631 4223 2905 4288 profectus
2958 4238 3103 4283 esset
3149 4233 3214 4285 ad
3274 4238 3453 4304 ipsum

1897 4309 2212 4378 aliquando,
2268 4310 2404 4364 forte
2433 4313 2580 4364 illum
2632 4314 2835 4368 invenit
2896 4317 2950 4370 in
2983 4319 3227 4376 inferiori
3264 4343 3456 4382 mona-

1900 4401 2088 4466 sterio,
2150 4401 2237 4455 ubi
2299 4405 2650 4459 sanctissimo
2700 4404 2970 4463 Germano
3017 4413 3128 4482 (71)
3176 4414 3338 4469 situm
3375 4431 3456 4473 est

1901 4492 2183 4561 templum,
2267 4507 2530 4562 aquarum
2601 4496 3095 4554 eircumﬂuentium
3163 4507 3316 4573 copia
3398 4518 3453 4562 et

1897 4586 2210 4638 amoenitate
2260 4586 2702 4654 pulcherrimum.
2735 4589 3151 4645 lnvenitautem
3195 4597 3447 4651 eumdem

1899 4674 2281 4743 hegumenum,
2341 4690 2466 4730 cum
2523 4677 2796 4744 primariis
2852 4684 3168 4736 monasterii
3229 4688 3452 4752 majoris

1894 4762 2064 4816 lotum
2106 4775 2160 4818 et
2215 4765 2566 4834 prandentem
2629 4769 2683 4822 in
2737 4772 3038 4825 cmnaeulo.
3105 4774 3237 4826 Cum
3291 4777 3453 4846 igitur

1889 4855 1972 4907 vir
2002 4862 2224 4910 sanctus
2260 4857 2407 4910 illum
2441 4870 2782 4927 exspectaret
2833 4863 2884 4915 in
2920 4864 3148 4918 ecclesia
3191 4881 3296 4920 una
3326 4883 3450 4922 eum

1901 4946 2066 4998 sociis
2096 4947 2374 5011 fratribus,
2414 4951 2565 5003 audit
2597 4935 2900 5018 ingressum
2938 4968 3060 5007 esse
3106 4957 3447 5011 citharistam

1899 5035 2099 5090 tidibus
2158 5045 2442 5093 canentem
2491 5041 2545 5094 in
2599 5044 2902 5097 ctenaculo.
2963 5023 3098 5098 Tum
3147 5047 3212 5101 ad
3269 5051 3449 5104 socios
3492 5059 3497 5068 ‘

1896 5127 2091 5180 beatus
2121 5125 2276 5181 Nilus
2314 5145 2326 5180 :
2357 5129 2695 5198 Mementote,
2733 5134 2930 5204 inquit,
2960 5136 3112 5190 verbi
3177 5138 3302 5201 mei,
3335 5139 3449 5192 fra-

1895 5227 2006 5272 tres
2045 5234 2058 5270 :
2099 5234 2207 5272 non
2243 5221 2394 5274 tarda
2427 5222 2480 5274 in
2507 5223 2604 5277 hos
2629 5223 2876 5280 homines
2905 5226 3082 5280 veniet
3115 5227 3190 5280 ira
3212 5227 3444 5283 Domini.

3061 4055 3202 4120 quod
3267 4062 3455 4125 paucis

1530 5511 1788 5573 Joannis
1817 5510 1938 5571 Clei
1974 5521 2164 5574 notae.

298 5637 413 5706 (7i)
463 5634 751 5708 Templum
783 5636 842 5708 S.
865 5637 1125 5691 Germani
1173 5638 1335 5708 situm
1370 5644 1453 5691 est
1483 5642 1536 5690 in
1567 5638 1784 5705 oppido,

228 5714 372 5779 quod
411 5706 630 5779 olim
667 5706 814 5762 Petri
869 5709 1203 5779 nominatum
1233 5707 1353 5779 fuit
1414 5717 1489 5779 et
1521 5723 1667 5779 nunc
1718 5712 1785 5761 ab

227 5775 416 5834 eodem
459 5776 514 5832 S.
542 5776 824 5832 Germana
861 5777 1184 5845 appellatur.
1223 5775 1375 5830 Jacet
1430 5777 1496 5831 ad
1542 5777 1778 5832 radicem

1895 5638 2330 5714 Casiniﬂontis,
2385 5643 2436 5696 in
2470 5644 3068 5714 eoquemonasterium
3097 5658 3151 5699 et
3183 5654 3442 5714 templum

1892 5714 2054 5781 etiam
2087 5711 2244 5764 hodie
2275 5723 2542 5781 superest.
2571 5711 2708 5767 Vide
2746 5714 3116 5770 Mabillonium
3148 5715 3200 5769 in
3264 5711 3445 5770 Anna-

1891 5780 2026 5833 libas
2057 5780 2122 5835 ad
2167 5780 2366 5836 annum
2391 5784 2594 5839 Christi
2624 5782 2746 5837 720.
