4132 6332
231 437 334 498 145

1419 442 1590 500 VlTA
1622 442 1686 503 S.
1723 440 1891 500 ΝΙιῖ
1935 443 2325 505 JUN‘iORiS.

3378 438 3482 502 146

225 548 484 618 εὕρισκεν
517 550 572 601 ὲν
603 548 785 612 αὐτοῖς
816 549 842 602 ὅ
873 550 1151 620 ἐπεζήτει,
1212 553 1474 621 ἐρημίαν,
1530 557 1624 606 καὶ
1667 559 1802 625 ﬁcu-

1912 561 2274 614 secessionem
2309 575 2337 613 a
2376 558 2682 627 frequentia
2722 556 3030 611 hominum.
3075 554 3265 608 Aiebat
3302 556 3473 615 etiitn,

222 643 369 712 χίαν,
438 642 532 693 καὶ
579 643 686 692 τῶν
753 642 963 694 πολλῶν
1015 644 1294 698 ἀποικίαν.
1326 646 1519 712 Ἔλεγε
1551 650 1682 718 γὰρ,
1727 652 1807 703 ὃτι

228 734 287 784 ού
321 733 598 800 συμφέρει
623 735 734 795 τοῖς
759 736 817 788 ἐν
844 737 910 805 τῇ
939 739 1102 806 γενεᾷ
1132 736 1305 808 ταύτῃ
1335 742 1592 808 μοναχοῖς
1625 743 1810 806 ἄνεσις

225 826 320 877 καὶ
375 826 759 894 ἀφροντησία’
793 828 850 879 ού
879 828 989 897 γάρ
1039 831 1186 881 ἐστιν
1239 833 1269 898 ὴ
1326 831 1492 903 σχολὴ
1544 835 1723 887 αὐτῶν
1751 836 1809 886 ἐν

224 920 505 986 προσευχῇ
532 918 624 968 καὶ
656 917 857 988 θεωρία
887 921 981 971 καὶ
1006 924 1068 987 τῇ
1088 921 1197 973 τῶν
1236 923 1467 992 Γραφῶν
1488 927 1806 992 ἀναπτύξει,

224 1009 343 1062 ἀλλ’
381 1012 438 1061 ἐν
470 1011 834 1079 ματαιολογία
883 1014 975 1065 καὶ
1017 1015 1438 1087 κακενθυμησία
1481 1021 1573 1072 καὶ
1601 1024 1664 1089 τῇ
1699 1022 1809 1074 τῶν

228 1101 476 1170 ματαίων
537 1102 852 1173 περιεργία,
914 1104 1120 1171 Διόπερ
1190 1097 1539 1175 εὑρίσκονται
1607 1113 1696 1164 τὸν
1753 1117 1808 1166 ἐν

222 1194 378 1262 κὸπῳ
427 1195 815 1264 περισπασμδν
868 1197 1189 1268 ἀποτροπὴν
1219 1202 1472 1270 πονηρῶν
1530 1203 1809 1273 λογισμῶν

227 1285 324 1336 καὶ
351 1285 563 1337 πολλῶν
587 1288 774 1339 κακῶν
803 1305 815 1318 ·
847 1292 1217 1359 προτιμητέον
1240 1310 1296 1343 τε
1325 1295 1404 1357 τὸ,
1449 1316 1464 1345 ι
1500 1297 1585 1348 Ἐν
1621 1298 1805 1367 ἱδρῶτι

225 1377 320 1429 τοῦ
352 1377 648 1446 προσώπου
675 1380 873 1434 ἐσθίειν
894 1383 984 1435 τὸν
1017 1383 1201 1453 ἄρτον.
1247 1405 1262 1436 ι
1303 1387 1458 1440 Οὕτω
1489 1392 1584 1442 καὶ
1611 1393 1642 1460 ἡ
1673 1393 1810 1444 ἀπο·

223 1469 446 1540 στολικῆ
517 1472 706 1541 ἐντολὴ
783 1473 1261 1544 πληρωθήσεται,
1338 1478 1431 1528 καὶ
1488 1483 1535 1531 oi
1585 1483 1807 1545 πυκνῶς

225 1563 634 1630 παρερχόμενοι
690 1565 1024 1634 συμμέτρως
1079 1567 1488 1638 ἀναπαυόμενοι
1523 1574 1807 1640 στεφάνων

222 1653 354 1721 ἡμῖν
382 1655 544 1706 αἴτιοι
585 1655 748 1720 ἀξίως
781 1658 1129 1727 γενήσονται.

296 1743 407 1809 πξ.
443 1746 660 1816 Ταύτης
708 1750 808 1815 τῆς
844 1753 1116 1814 συνέσεως
1145 1752 1236 1805 τοῦ
1268 1753 1477 1809 δικαίου
1505 1758 1649 1822 τινὲς
1695 1759 1805 1811 τῶν

223 1835 470 1905 ἀδελφῶν
525 1839 792 1908 μηδαμῶς
852 1842 1239 1914 αξσθηνθέντες
1274 1886 1288 1910 ,
1342 1849 1652 1905 τούναντίον
1706 1854 1804 1921 μὲν

225 1925 317 1981 οὖν
374 1930 474 1999 τὴν
524 1931 842 2002 εὐρύχωρον
889 1936 1006 1988 ὁδὸν
1051 1937 1148 2006 τῆς
1198 1940 1393 2008 στενῆς
1429 1944 1804 2012 προτιμῶντες

223 2022 592 2090 ἐ·.απέμειναν
622 2024 698 2094 τῷ
755 2028 1107 2096 προλεχθέντι
1147 2033 1527 2101 μοναττηρίῳ,
1574 2037 1806 2104 προσδε-

222 2113 408 2174 θὲντες
445 2117 510 2183 τῇ
544 2116 636 2167 τοῦ
695 2117 863 2168 τόπου
897 2120 1283 2185 διαναπαύσει,
1321 2126 1409 2174 καὶ
1446 2125 1809 2194 ἀχθεσθέντες

221 2199 286 2273 τῇ
321 2207 692 2275 στρυφνότητι
728 2209 820 2259 τοῦ
886 2210 1066 2276 ἁγίου.
1122 2213 1195 2264 Οὐ
1265 2215 1446 2280 μέντοι
1483 2209 1642 2287 εὖρον
1673 2219 1807 2271 ἀνά-

223 2313 428 2350 παυσιν
456 2298 638 2361 πασας
663 2300 762 2361 τάς
819 2302 1034 2370 ἡμέρας
1069 2304 1169 2371 τῆς
1209 2305 1390 2358 ἐκεῖσε
1423 2308 1603 2361 αὐτῶν
1636 2311 1808 2380 ἀσκή-

223 2407 363 2451 σεως
390 2407 404 2418 ⁸
442 2391 569 2444 οὔτε
603 2391 872 2462 διέλειψεν
910 2395 1095 2459 αὐτοῖς
1133 2383 1445 2452 ἇκαστασία
1469 2400 1562 2453 καὶ
1585 2403 1805 2466 ἀταξία,

223 2478 404 2547 θλίψις
434 2498 494 2532 τε
546 2482 640 2533 καὶ
680 2481 1006 2552 λογολεσχία
1042 2501 1055 2513 '
1115 2485 1268 2547 τέλος
1293 2487 1349 2538 δὲ
1387 2488 1482 2538 καὶ
1527 2490 1808 2552 παντελῶς

222 2572 576 2643 ἐξεώσθησαν
612 2577 706 2627 καὶ
766 2575 1149 2646 ἀπηλάθησαν.
1194 2579 1254 2631 '0
1275 2578 1330 2630 δὲ
1367 2578 1637 2649 μακάριος
1674 2583 1811 2650 μετά

221 2667 329 2718 τῶν
379 2667 749 2720 συνελθόντων
786 2667 934 2738 αύτῷ
989 2670 1258 2738 ἀδελφῶν,
1292 2673 1386 2725 καὶ
1431 2671 1525 2725 τοῦ
1552 2675 1801 2743 ἀοιδίμου

223 2759 499 2826 Στεφάνου
523 2759 698 2828 εὑρὼν
719 2762 777 2812 ὲν
804 2763 915 2824 τοῖς
944 2763 1042 2831 τῆς
1073 2764 1270 2825 Γαῒτας
1297 2765 1492 2832 μέρεσι
1524 2767 1807 2835 τοπάριον,

222 2848 443 2918 ἀληθῶς
482 2850 524 2902 δ’
568 2853 742 2902 εἰπεῖν
801 2852 1145 2923 σπανίθριον,
1180 2855 1274 2906 καὶ
1331 2855 1584 2924 ἀρεσθεὶς
1623 2857 1716 2908 ἐπὶ
1743 2860 1808 2927 τῇ

222 2936 387 2987 αὑτοῦ
447 2939 728 3007 στενότητι
764 2941 860 2992 καὶ
915 2942 1177 3013 ξηρότητι
1221 2944 1552 3015 κατῴκησεν
1584 2949 1719 3011 ἐκεῖ,
1753 2951 1811 3000 ἐν

222 3029 402 3099 ινδεία
440 3033 534 3082 καὶ
569 3032 745 3100 λείψει
797 3034 908 3087 τῶν
939 3038 1303 3105 σωματικῶν·
1348 3040 1466 3108 μετ’
1497 3040 1557 3092 ού
1590 3042 1725 3094 πολὺ
1755 3043 1809 3094 δὲ

221 3123 486 3174 πλειόνων
512 3124 756 3193 ἀδελφῶν
784 3129 878 3180 καὶ
908 3129 1127 3182 πάντων
1152 3129 1419 3197 θεοφιλῶν
1441 3134 1814 3188 συνελθόντων

1917 654 2093 707 aetatis
2127 653 2359 722 hujusce
2401 653 2692 708 monachis
2743 667 2850 705 non
2911 664 3032 702 esse
3068 650 3251 702 utilem
3309 647 3478 699 animi

1916 749 2295 802 remissionem
2332 757 2386 801 et
2416 748 2749 810 socordiam,
2809 759 3006 798 vacare
3047 744 3190 797 enim
3226 759 3321 797 eos
3368 758 3475 795 non

1911 840 2171 902 orationi,
2211 841 2655 908 contemplationi
2698 847 2749 892 et
2775 838 3186 907 Scripturarum
3221 835 3483 904 explana-

1912 932 2072 997 tioni,
2101 933 2196 988 sed
2241 932 2554 1001 vaniloquio
2598 934 2897 1000 pravisque
2929 927 3364 997 cogitationibus
3425 933 3482 979 et

1911 1027 1977 1080 ad
2032 1041 2119 1080 res
2178 1027 2369 1080 inanes
2403 1025 2729 1080 curiositati.
2761 1025 3106 1092 Quapropter
3144 1020 3345 1074 laboris
3387 1033 3483 1071 oc—

1911 1119 2264 1187 cupationem
2325 1133 2447 1172 esse
2541 1117 2649 1170 illis
2720 1131 3005 1186 pravarum
3089 1112 3480 1180 cogitationum

1911 1214 2321 1281 multorumque
2393 1209 2660 1264 malorum
2749 1209 3204 1264 devitationcm;
3275 1203 3484 1257 idcirco

1913 1304 2342 1372 amplecteudum
2387 1316 2507 1356 esse
2541 1301 2696 1364 illud,
2738 1319 2755 1351 ι
2808 1300 2865 1352 in
2911 1299 3108 1352 sudore
3159 1296 3341 1349 vultus
3404 1293 3482 1347 tui

1911 1396 2155 1451 vesceris
2189 1412 2326 1466 pane
2349 1395 2417 1447 ⁸³.
2478 1413 2494 1444 ι
2553 1398 2626 1447 lta
2683 1406 2813 1445 vero
2861 1388 3077 1458 impleri
3124 1385 3483 1454 apostolicum

1909 1497 2260 1557 prmeeptum,
2285 1498 2338 1543 et
2370 1504 2482 1549 eos,
2515 1486 2606 1556 qui
2646 1484 2840 1539 crebro
2876 1498 2973 1551 per
3029 1495 3129 1534 nos
3177 1485 3481 1539 transeunt,

1909 1582 2122 1636 modica
2155 1582 2340 1652 quiete
2371 1581 2636 1642 fruentes,
2672 1591 3004 1632 coronarum
3041 1574 3202 1629 nobis
3233 1580 3485 1627 auctores

1909 1672 2104 1726 merito
2139 1671 2280 1725 ﬁeri.

1979 1763 2067 1818 87.
2109 1762 2255 1817 lianc
2289 1762 2387 1816 viri
2429 1760 2561 1828 justi
2601 1757 2950 1830 prudentiam
2991 1756 3186 1809 fratres
3231 1771 3334 1806 non
3365 1769 3489 1822 per-

1907 1853 2198 1924 cipientes,
2237 1853 2345 1906 imo
2372 1853 2478 1906 late
2507 1857 2784 1920 patentem
2814 1848 2955 1902 viam
3010 1855 3255 1915 angustas
3294 1845 3487 1912 praefe-

1913 1957 2116 2010 rentes,
2170 1945 2531 2012 perstiterunt
2591 1943 2642 1994 in
2695 1941 2842 1996 dicto
2886 1938 3239 1998 monasterio,
3281 1938 3486 2005 alligati

1911 2036 2213 2089 commodis
2270 2035 2374 2087 loci
2411 2044 2458 2088 et
2492 2031 2670 2087 sancti
2721 2031 2899 2085 Patris
2937 2033 3284 2087 severitatem
3341 2045 3487 2098 aegre

1913 2128 2171 2181 ferentes.
2204 2125 2315 2179 Nec
2349 2135 2528 2178 tamen
2563 2124 2666 2177 frui
2703 2127 2888 2194 quiete
2922 2134 3226 2192 potuerunt
3270 2123 3488 2176 cunctis

1910 2220 2125 2281 diebus,
2177 2218 2380 2285 quibus
2429 2218 2562 2272 illud
2607 2216 3009 2279 inhabitarunt,
3063 2232 3160 2271 nec
3191 2216 3364 2270 defuit
3415 2214 3487 2268 ibi

1911 2310 2247 2365 inordinatio
2271 2320 2324 2364 ct
2351 2310 2628 2362 confusis.
2692 2325 2861 2376 angor
2907 2316 2956 2362 et
3003 2309 3262 2366 futililas.
3317 2311 3492 2363 donec

1911 2403 2129 2455 tandem
2156 2401 2383 2454 omnino
2412 2400 2569 2468 eiecti
2610 2401 2932 2468 extrusique
2962 2411 3112 2455 sunt.
3171 2403 3236 2451 At
3297 2401 3489 2453 beatus

1914 2494 2074 2547 Pater
2105 2509 2226 2546 cum
2269 2491 2558 2555 fratribus,
2618 2507 2757 2560 quos
2819 2492 3084 2556 habuenat
3131 2499 3381 2549 conutes.
3438 2500 3494 2544 et

1913 2601 2035 2638 eum
2074 2585 2435 2639 celeberrimo
2467 2583 2748 2654 Stephano
2800 2585 2854 2637 in
2909 2584 3110 2654 Caietae
3143 2585 3340 2638 linibus
3366 2599 3495 2638 cum

1914 2677 2202 2744 parvulum
2267 2677 2566 2737 r-.;:erissct
2619 2677 2821 2741 locum,
2881 2676 2990 2731 imo
3030 2686 3088 2730 ut
3123 2691 3245 2729 vere
3287 2675 3502 2739 dicam,

1913 2766 2192 2820 desertum
2217 2767 2472 2820 siccitate
2509 2781 2816 2826 secessum,
2854 2767 3103 2834 placente
3135 2765 3389 2835 angustia
3437 2772 3492 2819 et

1915 2858 2171 2910 ariditate
2228 2856 2369 2926 ejus.
2420 2856 2569 2908 illmn
2631 2857 2880 2921 incoluit,
2935 2858 3093 2912 initio
3153 2858 3370 2926 quidem
3434 2859 3488 2910 iu

1919 2963 2114 3018 magna
2157 2948 2336 3002 victus
2405 2947 2618 3016 inoliia,
2649 2948 2743 3001 sed
2779 2962 2882 3001 non
2921 2949 3096 3002 multo
3146 2959 3264 3017 post
3307 2949 3490 3001 fratri-

1914 3042 2039 3102 bus,
2091 3041 2307 3094 cunctis
2366 3053 2497 3095 sane
2565 3040 2657 3093 Dei
2690 3040 3024 3103 amantibus,
3089 3041 3228 3094 haud
3281 3042 3492 3110 paucis,

1915 3126 2395 3191 Convenientibus,
2455 3126 2752 3180 subsecuta
2825 3133 2908 3179 est
2988 3140 3166 3179 rerum
3245 3126 3492 3180 omnium

228 3213 448 3268 ᾶπαντα
496 3218 553 3268 ἐν
605 3217 831 3289 εύθηνίᾳ
883 3222 1144 3290 κατέστη,
1204 3223 1613 3292 ἀπερίσπαστός
1655 3245 1713 3279 τε
1740 3223 1806 3298 ἦν

1912 3218 2206 3271 afﬂuentia.
2241 3217 2427 3286 Itaque
2460 3215 2716 3271 assiduus
2758 3225 2876 3271 erat
2909 3218 3084 3278 labor,
3117 3215 3266 3286 iugis
3331 3217 3482 3286 psal-

225 3308 481 3374 ὲργασία,
515 3310 609 3361 καὶ
670 3311 1019 3374 ἀδιάλειπτος
1073 3313 1390 3382 ψαλμῳδία,
1441 3317 1806 3386 ψαλμολογίαι

226 3402 441 3467 σ“λκναίν
474 3400 568 3452 καὶ
585 3401 926 3467 γονυκλισίαι
957 3406 1187 3468 πυκναὶ,
1221 3409 1518 3477 ἐγκράτεια
1539 3410 1805 3477 ἑκούσιος,

222 3493 317 3542 καὶ
349 3491 567 3560 ὑπακοὴ
621 3494 918 3556 ἀῦίειστος⁹
955 3497 1049 3548 καὶ
1100 3497 1290 3551 λοιπὸν
1341 3500 1558 3554 ἅπαντα
1613 3503 1809 3585 ῆνθουν

222 3586 318 3635 καὶ
344 3587 762 3655 ἐκαρποφόρουν
790 3591 855 3659 τῇ
883 3589 1046 3660 ἀρδίᾳ
1069 3591 1176 3641 τῶν
1213 3591 1386 3658 λόγων
1419 3594 1512 3646 καὶ
1543 3595 1809 3666 ἀπαύστῳ

222 3677 548 3747 διδασκαλίᾳ
574 3678 667 3730 τοῦ
697 3681 969 3750 θεοφόρου
1000 3683 1215 3752 Πατρὸς
1246 3685 1401 3752 ἡμῶν
1427 3685 1645 3740 Νείλου.
1667 3687 1808 3740 Ἀλλ’

222 3766 554 3831 οὐδ”αὐτὸςό
577 3771 846 3840 ἀήττητος
870 3773 927 3823 ἐν
956 3773 1168 3841 ἀγῶσιν
1197 3777 1477 3828 ἀπέκοπτε
1505 3778 1602 3846 τῆς
1636 3779 1804 3848 συνήο

223 3857 349 3921 θους
380 3859 554 3912 αὐτοῦ
591 3862 941 3929 ἐγκρατείας,
975 3865 1070 3916 καὶ
1103 3865 1301 3918 ἐνθέων
1334 3868 1801 3938 κατορθωμάτων·

226 3947 342 4000 ἀλλ’
381 3949 507 4001 ὅσον
528 3950 604 4019 τῷ
645 3951 859 4019 σώματι
889 3954 1066 4025 ἐγήρα
1096 3956 1189 4008 καὶ
1217 3955 1515 4024 ἑξησθένει,
1554 3960 1807 4016 τοσοῦτον

224 4040 302 4109 τῷ
338 4041 926 4111 πνεύματινωέθαλλε
979 4048 1072 4099 καὶ
1127 4048 1480 4118 ἐδυναμοῦτο.
1541 4053 1808 4105 Οὐδέποτε

224 4127 293 4200 ἦν
327 4131 476 4199 αύτῷ
509 4132 819 4201 παραλῦσαι
849 4137 1131 4204 νηστείαν.
1164 4138 1196 4206 ἢ
1239 4138 1565 4205 γεύσασθαι,
1663 4146 1806 4197 πιεῖν

225 4221 402 4291 καιρῷ
426 4222 502 4291 μὴ
543 4225 944 4294 νενομισμένῳ,
982 4227 1057 4289 ὡς
1092 4226 1213 4290 ἔθος
1247 4229 1356 4281 τῶν
1390 4234 1803 4301 γηρασκόντων.

225 4311 362 4365 Οὐδὲ
404 4330 540 4365 ποτε
578 4313 843 4390 ἐγεύσατο
896 4317 1154 4385 κρέα-τος,
1189 4318 1220 4389 ἢ
1255 4321 1313 4373 τὸ
1357 4321 1515 4389 σῶμα
1548 4323 1808 4377 ἐλούσατο

228 4408 390 4475 μέχρι
421 4407 524 4476 τῆς
543 4407 801 4476 τελευτῆς
837 4409 1028 4461 αὐτοῦ’
1056 4409 1151 4463 καὶ
1187 4410 1359 4463 ταῦτα
1380 4416 1437 4464 ἐν
1467 4413 1803 4485 βαθεῖγῆρα·

227 4499 518 4562 ικατοστὸς
558 4499 665 4567 γὰρ
694 4499 1032 4570 ἀποθνήσκει
1085 4503 1244 4554 πέντε
1296 4504 1523 4556 δεόντων
1547 4505 1562 4534 ³
1599 4508 1689 4560 καὶ
1717 4508 1805 4560 νό-

229 4608 340 4652 σοις
374 4589 642 4658 μεγάλαις
670 4591 765 4643 καὶ
792 4593 1065 4655 ποικίλαις
1095 4595 1384 4648 πυκτεύων
1407 4599 1467 4649 οὐ
1508 4597 1669 4666 μόνον
1719 4599 1806 4652 διὰ

225 4681 282 4734 to
319 4681 531 4749 γῆρας,
571 4681 709 4733 ἀλλά
726 4684 823 4735 καὶ
879 4682 967 4735 διά
990 4684 1088 4753 τὴν
1124 4685 1327 4756 πολλὴν
1356 4690 1654 4759 κακουχίαν
1712 4693 1808 4745 καὶ

227 4773 432 4838 ἄφατον
512 4772 965 4842 σκληραγωγίαν.
1056 4777 1148 4838 Εἰς
1203 4779 1461 4850 τοιαύτην
1529 4782 1631 4851 γὰρ
1693 4782 1807 4850 ἕξιν

226 4864 535 4933 ἠγωνίσατο
586 4865 680 4918 καὶ
744 4866 1218 4937 ἧγαγενέαυτὸν,
1286 4873 1366 4924 ὅτι
1434 4876 1525 4926 καὶ
1560 4878 1608 4928 εί
1644 4877 1803 4947 ἤθελε

228 4959 420 5023 φαγεῖν
449 4956 480 5019 ἥ
518 4959 664 5008 πιεῖν
718 4957 852 5026 πρὸς
880 4959 938 5012 τὸ
992 4963 1411 5031 ἀνακτήσασθαι
1465 4967 1656 5020 ἑαυτὸν
1700 4971 1802 5024 οὐκ

225 5049 305 5101 tia
331 5048 495 5100 αὑτὸν
534 5050 565 5117 ἡ
599 5049 875 5119 συνήθεια·
935 5052 1050 5105 ἀλλ’
1067 5054 1189 5109 οὐδὲ
1247 5054 1415 5110 ὕπνου
1443 5058 1674 5127 ἠδύνατο
1709 5080 1804 5131 με-

227 5144 445 5212 τασχεῖν
465 5142 526 5195 τὸ
561 5141 787 5212 ἀρκοῦν.

297 5398 405 5471 mf.
467 5401 736 5467 Πολλάκις
776 5404 833 5457 δὲ
881 5410 975 5460 καὶ
1036 5409 1230 5462 ἑαυτοῦ
1283 5413 1556 5477 ἐξίστατο.
1588 5416 1680 5469 καὶ
1710 5418 1804 5470 ἐπὶ

295 5583 494 5640 υ(ἶῖτιιι.
531 5601 615 5653 ιιι,
653 5587 738 5643 l9.

1913 3310 2113 3375 modia,
2147 3309 2362 3363 crebrae
2391 3311 2746 3364 recitationes
2776 3308 3111 3378 psalmorum
3146 3321 3200 3362 et
3234 3309 3496 3378 frequens

1911 3400 2240 3469 genuﬂexio,
2282 3400 2619 3456 abstinentia
2679 3410 2981 3466 spontanea'
3043 3410 3095 3455 et
3154 3417 3262 3455 non
3300 3413 3490 3456 coacta

1911 3495 2248 3549 obedientia.
2285 3494 2348 3549 Et
2379 3510 2510 3550 sane
2537 3496 2646 3563 iam
2699 3494 2968 3550 florebant
3001 3511 3194 3551 omnes
3221 3496 3495 3550 fructum-

1910 3603 2016 3656 que
2061 3587 2309 3642 ferebant
2377 3587 2695 3656 irrigatione
2766 3602 3089 3641 sermonum
3146 3596 3198 3641 et
3261 3589 3487 3654 perenni

1911 3680 2228 3749 magisterio
2267 3678 2460 3733 deifcri
2521 3678 2698 3732 Patris
2737 3678 2915 3732 nostri
2983 3678 3108 3740 Nili,
3175 3685 3226 3731 et
3264 3679 3379 3747 ipse
3435 3679 3490 3732 in

1911 3770 2249 3839 perferendis
2265 3769 2449 3824 arduis
2479 3768 2764 3823 laboribus
2795 3768 3035 3823 invictus
3068 3768 3204 3822 nihil
3237 3768 3301 3822 dc
3327 3767 3489 3822 solita

1911 3862 2250 3917 abstinentia
2303 3862 2617 3916 remittebat
2663 3862 2974 3930 divinisque
3026 3864 3327 3923 exercitiis.
3392 3862 3487 3917 sed

1910 3970 2019 4024 quo
2046 3954 2222 4022 magis
2256 3968 2493 4023 corpore
2524 3953 2849 4009 senescebat
2872 3965 2924 4008 et
2955 3953 3284 4008 imbecillior
3307 3954 3493 4020 fiebat,

1912 4055 2064 4100 tanto
2090 4047 2273 4100 acrius
2306 4044 2507 4115 spiritu
2537 4042 2922 4099 reﬂorescebat
2953 4055 3004 4099 et
3050 4046 3196 4099 vires
3234 4046 3490 4113 acquirc~

1914 4141 2024 4194 bat.
2061 4138 2347 4207 Nunquam
2405 4137 2510 4192 sibi
2545 4137 2775 4192 indulsit
2810 4147 2869 4192 ut
2930 4137 3196 4207 ieiunium
3232 4139 3490 4206 solveret,

1910 4239 2003 4283 aut
2025 4229 2362 4300 degustaret,
2403 4230 2685 4284 biberetve
2720 4237 2918 4299 praeter
2954 4228 3313 4284 constitutum
3353 4237 3492 4281 tent-

1909 4337 2033 4391 pus,
2070 4330 2128 4375 ut
2159 4321 2329 4376 moris
2361 4330 2445 4376 est
2468 4321 2700 4376 senibus
2727 4335 2742 4372 :
2785 4335 2958 4376 carne
2983 4335 3196 4390 semper
3226 4321 3492 4374 abstinuit

1910 4422 1964 4466 et
2019 4413 2216 4468 balneo
2253 4427 2532 4482 nunquam
2590 4420 2676 4466 est
2714 4427 2851 4468 usus
2917 4427 3091 4483 usque
3121 4413 3186 4466 ad
3236 4423 3493 4476 mortem,

1913 4504 2208 4574 idqueiam
2239 4503 2558 4572 decrepitus
2597 4517 2767 4557 senex
2795 4503 3011 4570 (agebat
3043 4503 3186 4557 enim
3235 4502 3490 4570 quintum

1913 4603 1965 4646 et
1996 4596 2410 4664 nonagesimum
2445 4607 2648 4645 annum
2715 4590 2854 4663 (75),
2914 4607 3038 4644 cum
3109 4602 3359 4644 mortuus
3406 4599 3492 4644 est.

1915 4686 2239 4756 magnisque
2268 4691 2324 4738 et
2362 4684 2533 4738 variis
2570 4684 2777 4738 morbis
2825 4684 3084 4745 afﬂictus,
3118 4698 3226 4736 non
3279 4691 3491 4735 tantum

1916 4785 2140 4848 propter
2167 4784 2525 4841 senectutem,
2561 4775 2656 4830 sed
2715 4776 2880 4830 etiam
2943 4775 3013 4829 ob
3076 4773 3299 4826 nimiam
3369 4771 3493 4826 vitae

1915 4870 2268 4938 asperitatem
2297 4877 2372 4932 et,
2410 4883 2530 4937 quae
2558 4867 2646 4922 vix
2683 4867 2935 4921 enarrari
2963 4872 3146 4934 queat,
3190 4863 3493 4932 disciplina:

1916 4961 2318 5032 austeritatem.
2351 4961 2431 5014 Eo
2455 4959 2604 5013 enim
2639 4957 2987 5013 habitudinis
3016 4973 3113 5027 per
3133 4957 3349 5010 labores
3367 4969 3491 5010 sese

1915 5049 2213 5118 redegerat,
2250 5057 2308 5104 ut
2362 5049 2406 5103 si
2437 5050 2617 5110 vellet.
2657 5048 2820 5103 etiam
2876 5045 3162 5101 comedere
3197 5046 3277 5100 vel
3302 5045 3491 5101 bibere

1914 5142 1977 5195 ad
2014 5151 2341 5196 recreandas
2364 5140 2530 5204 vires;
2572 5140 2624 5194 id
2681 5139 2782 5195 sibi
2835 5135 3175 5192 consuetudo
3221 5149 3328 5188 non
3368 5151 3488 5205 per-

1915 5235 2155 5288 mitteret
2177 5242 2229 5288 et
2250 5248 2499 5304 peraeque
2531 5247 2725 5286 somno
2771 5247 2830 5286 se
2860 5231 2991 5285 dare
3018 5226 3337 5298 congruenti
3372 5240 3485 5281 non

1918 5334 2128 5394 posset.

1985 5417 2072 5473 88.
2104 5417 2217 5472 Non
2253 5432 2375 5472 raro
2401 5418 2562 5473 etiam
2594 5417 2794 5472 mentis
2817 5417 3128 5488 patiebatur
3154 5420 3477 5476 abstractio-

1539 5685 1798 5745 Joannis
1831 5687 1953 5748 Clei
1999 5697 2186 5757 notae.

296 5800 409 5874 (ἷῦ)
443 5799 518 5852 Ex
557 5800 710 5856 hisce
746 5801 1124 5858 chronotatim
1161 5805 1398 5874 aliquam
1475 5803 1610 5854 Vim
1662 5808 1838 5859 sancti
1885 5808 2061 5865 l’attis
2115 5813 2311 5869 deduxi
2365 5815 2671 5870 Comment.

229 5873 466 5925 Ctttisuic.

2751 5816 2958 5884 praevii‘
2993 5833 3142 5871 num.
3215 5818 3264 5886 τ,
3321 5836 3480 5887 quem
