4132 6332
185 384 286 449 149

1357 389 1532 449 νιτΑ
1564 389 1624 447 S.
1654 386 1818 445 NILI
1869 385 2255 446 JUNlOlUS.

3285 387 3386 452 150

173 496 344 559 λείοις
400 495 684 559 δεδόξαστο
712 510 726 526 ’
782 497 810 549 ὁ
856 496 955 566 μὲν
979 491 1065 549 οἷα
1092 498 1375 563 γινώσκων
1432 500 1490 550 τὸ
1520 497 1733 567 μέλλον,

1855 495 2068 565 ideptus
2096 497 2232 567 erat)
2261 505 2484 551 sanctus
2504 495 2687 557 Pater,
2705 497 2899 564 quippe
2923 495 3014 565 qui
3037 498 3379 566 praevidebat,

171 585 498 639 ἐπέστελλεν
522 586 688 641 αὐτὸν
712 586 976 640 δυσωπῶν
997 589 1398 658 παραχωρῆσαι
1425 591 1489 659 τῇ
1526 586 1737 658 ἀνθρω-

171 678 303 747 πίνῃ
336 677 482 747 δόξῃ,
551 678 647 731 ἅτε
680 679 884 750 ταύτης
913 681 991 741 είς
1027 680 1187 750 κόρον
1233 681 1603 750 χρησάμενον,
1641 681 1736 732 καὶ

168 768 378 839 ἠσυχίᾳ
401 769 534 838 πρὸς
574 769 671 839 τὴν
709 771 1008 843 μοναχικὴν
1038 773 1371 824 κατάστασιν
1394 755 1732 839 ἀνακάμψαι.

185 859 425 923 Ἐκεῖνος
457 860 512 912 δὲ
559 862 620 914 οὐ
661 861 900 915 διέλιπεν
949 865 1400 927 συντασσόμενος,
1457 865 1561 927 ἕως
1613 865 1735 916 ὅτου

173 950 402 1019 ἐξῆλθεν
428 955 455 1003 ὸ
490 951 739 1020 βασιλεὺς
808 955 904 1006 στιν
961 955 1035 1024 τῷ
1087 956 1432 1026 ἐκδιωχθέντι
1468 957 1736 1028 πρυέδρῳ,

171 1044 269 1094 καλ⁵
296 1044 394 1112 τῆς
424 1043 908 1114 αὐτῶνάφορήτου
937 1047 1107 1117 ὀργῆς
1129 1047 1288 1117 ἔργον
1321 1049 1555 1115 ἐγένετο.
1607 1050 1737 1101 Στε-

174 1133 368 1201 ρηθεὶς
399 1134 505 1204 γὰρ
536 1137 665 1206 παρ’
696 1137 872 1190 αὐτῶν
924 1138 1032 1192 τῶν
1074 1141 1507 1212 χρειωδεστέρων
1536 1143 1735 1212 μελῶν,

172 1224 472 1292 sesama»;
492 1227 633 1294 λέγω
663 1229 756 1281 καὶ
787 1228 1032 1301 γλώττης
1058 1231 1149 1295 καὶ
1180 1231 1346 1302 ῥινὸς.
1397 1234 1625 1304 ἔρριπτο
1661 1237 1741 1297 είς

174 1317 428 1385 φυλακὴν
489 1319 721 1382 ἐλεεινός
765 1338 824 1373 τε
887 1323 979 1374 καὶ
1038 1323 1499 1394 ἀποστράτευτος.
1556 1326 1742 1381 Ταῦτα

171 1408 418 1472 ἀκούσας
470 1411 498 1462 ὁ
554 1411 808 1480 θεοφόρος
857 1414 1067 1484 Πατὴρ,
1111 1416 1202 1467 καὶ⁸
1254 1417 1354 1484 τὴν
1411 1418 1636 1484 καρδίαν
1679 1420 1740 1488 τῇ

172 1499 354 1568 θλίψει
404 1504 812 1566 καταπιεσθεὶς,
865 1505 1187 1576 ἠναγκάσθη
1214 1508 1270 1558 ἐν
1305 1508 1530 1576 τοιούτῳ
1594 1511 1740 1580 γήρᾳ

173 1591 272 1643 καὶ
331 1593 473 1662 νόσῳ
527 1593 619 1646 καὶ
681 1594 856 1666 καιρῷ
889 1595 1321 1667 (τεσσαρακοστῇ
1372 1597 1480 1668 γὰρ
1529 1594 1617 1668 ἦν)
1647 1599 1743 1666 τὴν

186 1679 410 1751 Ῥώμην
443 1683 785 1748 καταλαϐεῖν,
823 1684 1016 1754 καὶτῷ
1062 1685 1270 1754 βασιλεί
1297 1689 1434 1756 μετὰ
1457 1688 1742 1758 παρακκλή-

175 1790 317 1834 σεως
347 1775 760 1845 προσελθεῖν.⁹υ
793 1777 849 1830 δὲ
878 1779 1128 1847 βασιλεὺς
1161 1781 1256 1833 σὺν
1291 1780 1367 1852 τῷ
1400 1781 1740 1852 πατριάρχῃ,

173 1864 514 1930 ἀκούσαντες
551 1868 649 1938 τὴν
681 1869 888 1923 ἐλευσιν
920 1873 1108 1934 αὑτοῦ,
1145 1874 1567 1943 προῡπήντησαν
1594 1875 1741 1942 αὐτῷ

175 1954 268 2002 καὶ
308 1956 690 2024 κρατήσαντες
721 1959 883 2011 αὑτὸν
911 1961 1305 2030 ἀμφοτέρωθεν
1363 1964 1472 2016 τῶν
1512 1965 1736 2033 χειρῶν,

175 2042 462 2112 ἀνήγαγον
513 2049 592 2109 εἰς
622 2049 680 2101 τὸ
734 2056 1143 2122 πατριαρχεῖον,
1202 2054 1522 2117 καθίσαντες
1584 2055 1743 2108 αὑτὸν

179 2135 370 2201 μέσον
442 2139 683 2191 κάκεῖνοι
717 2141 781 2191 ἐκ
810 2140 1000 2207 δεξιῶν
1061 2143 1156 2198 καὶ
1208 2145 1509 2216 ἀριστερῶν
1535 2145 1746 2211 κατεφί-

174 2226 307 2280 λουν
328 2227 428 2292 τὰς
471 2233 655 2300 χεῖρας
679 2232 864 2286 αὑτοῦ.

251 2362 322 2429 ιε’.
376 2365 437 2419 '0
475 2366 531 2417 δὲ
564 2367 728 2428 ὅσιος,
795 2369 842 2421 εἰ
906 2370 998 2423 καὶ
1056 2371 1256 2438 σφόδρα
1318 2369 1611 2438 ἐϐαρύνετο
1655 2371 1747 2422 καὶ

179 2455 402 2508 ιστενεν
459 2457 551 2508 ἐπὶ
607 2460 719 2520 τοῖς
783 2458 924 2510 οὕτω
977 2461 1318 2528 γινομένοις.
1374 2461 1523 2528 ὅμως
1571 2459 1749 2512 πάντα

181 2547 481 2617 ὑπέμενεν,
516 2549 568 2600 εῐ
597 2567 712 2605 πως
741 2549 986 2618 ἐπιτύχοι
1010 2551 1100 2602 τοῦ
1127 2552 1446 2620 αἰτήματος·
1475 2552 1567 2603 καί
1618 2568 1749 2621 φησι

181 2640 324 2712 πρὸς
359 2640 560 2701 αύτούς
593 2656 607 2670 ·
632 2643 1030 2710 Συγχωρήσατέ
1069 2660 1154 2712 μοι
1188 2642 1272 2695 διὰ
1311 2643 1400 2696 τὸν
1435 2642 1635 2713 Κύριον
1674 2644 1750 2712 τῷ

185 2732 502 2801 ἁμαρτωλῷ
540 2732 690 2802 παρὰ
749 2735 958 2794 πάντας
994 2734 1434 2804 ἀνθρώπουςκαὶ
1467 2735 1751 2804 ήμιθνήτῳ

183 2825 428 2892 γέροντι,
466 2825 546 2876 ὅτι
607 2813 824 2890 ἀνάξιος
883 2824 1111 2894 ὑπάρχω
1140 2826 1237 2893 τῆς
1257 2825 1511 2894 τοιαύτης
1534 2826 1700 2894 τιμῆς
1737 2840 1750 2854 ’

187 2914 398 2983 μᾶλλον
429 2915 559 2982 ἐμόν
595 2914 793 2968 ἐστιτδ
831 2918 1157 2984 προσκυνεῖν
1198 2915 1323 2977 τοὺς
1349 2915 1563 2982 τιμίους
1590 2917 1753 2979 πόδας

185 3004 369 3072 ὑμῶν,
400 3005 492 3057 καὶ
532 3005 780 3059 σέϐεσθαι
803 3005 899 3067 τὰς
925 3005 1178 3066 τοιαύτας
1222 3005 1377 3070 ἀξίας
1408 3006 1579 3074 ὑμῶν.
1610 3006 1753 3076 Πλὴν

184 3093 428 3164 ἐλήλυθα
462 3095 596 3163 πρὸς
624 3095 718 3164 τὴν
743 3094 1059 3163 ἐνδοξότητα
1092 3097 1263 3162 ὑμῶν,
1295 3097 1353 3147 οὐ
1385 3096 1542 3165 δόξης
1572 3098 1757 3166 ὀρεγό-

187 3204 376 3256 μενος,
399 3187 431 3255 ῆ
455 3187 690 3255 δωρεῶν,
737 3189 768 3256 ἢ
813 3187 1085 3255 προσόδων
1122 3188 1410 3256 μεγίστων,
1442 3187 1576 3240 ἀλλὰ
1597 3189 1754 3259 χάριν

183 3279 283 3331 τοῦ
312 3278 489 3330 πολλὰ
517 3279 904 3341 δουλεύσαντος
936 3280 1085 3348 ὑμῖν,
1121 3279 1214 3330 καὶ
1250 3279 1435 3340 κακῶς
1460 3280 1750 3350 διοικηθέν-

183 3387 275 3432 τος
307 3371 448 3439 παρ’
506 3368 698 3438 ὑμῶν·
743 3369 837 3422 τοῦ
899 3369 1042 3437 ὑμᾶς
1106 3356 1446 3438 ἀμφοτέρους
1494 3370 1600 3421 ἀπὸ
1661 3370 1754 3422 τοῦ

187 3458 575 3529 βαπτίσματος
629 3459 1072 3527 ἀναδεδεγμένου,
1132 3459 1223 3510 καὶ
1271 3459 1399 3526 παρ’
1433 3458 1584 3526 ὑμῶν
1633 3461 1755 3521 τοὺς

186 3551 510 3619 ὀφθαλμοὺς
533 3549 998 3620 ἐξορωρυγμένον.
1035 3548 1234 3616 Δέομαι
1265 3549 1364 3614 τῆς
1387 3549 1758 3616 φιλευσεϐείας

187 3645 346 3712 ὑμῶν
377 3641 727 3712 δωρήσασθαί
756 3659 842 3710 μοι
869 3641 1050 3706 αὑτὸν,
1071 3640 1155 3692 ἵνα
1187 3641 1413 3703 καθίσας
1456 3641 1572 3709 μετ’
1601 3643 1755 3709 ἐμοῦ,

187 3735 524 3802 κλαύσωμεν
572 3733 866 3801 ἀμφότεροι
897 3731 995 3793 τὰς
1043 3732 1316 3799 ἁμαρτίας
1362 3732 1541 3800 ἡμῶν.
1577 3733 1706 3783 Τότε
1733 3735 1760 3784 ὁ

190 3826 457 3896 βασιλεὺς
502 3823 869 3892 ἐπιδακρύσας
919 3821 1110 3890 μικρὸν
1161 3823 1241 3888 (οὐ
1291 3822 1399 3890 γὰρ
1451 3819 1518 3892 ἦν
1548 3824 1760 3892 ἀληθῶς

187 3918 248 3971 τὸ
276 3919 392 3970 πᾶν
419 3915 522 3982 τῆς
556 3914 718 3967 αὐτοῦ
775 3913 990 3984 βουλῆς)
1054 3913 1325 3982 ἀπεκρίθη
1355 3913 1431 3979 τῷ
1459 3913 1714 3983 μακαρίῳ
1744 3931 1755 3944 ·

188 4009 381 4061 Πάντα
414 4009 582 4076 ἐσμὲν
606 4008 811 4072 ἕτοιμοι
852 4004 945 4063 τοῦ
1000 4005 1285 4073 πληρῶσαι
1318 4003 1383 4054 τὰ
1407 4002 1665 4056 δοκοῦντα
1693 4005 1758 4072 τῇ

191 4103 256 4170 σῇ
313 4097 621 4169 ἁγιωσύνῃ,
677 4096 788 4163 εῐγε
853 4095 948 4147 καὶ
998 4097 1060 4148 σὺ
1112 4094 1423 4163 ἐπακούσῃς
1481 4096 1576 4162 τῆς
1606 4094 1761 4162 ἡμῶν

191 4191 624 4262 παρακλήσεως,
658 4189 750 4241 καὶ
776 4187 1041 4257 καταδέξῃ
1073 4186 1162 4239 τοῦ
1186 4186 1369 4239 λαϐεῖν
1404 4187 1762 4255 μοναστήριον

193 4288 251 4338 ἐν
279 4285 467 4354 ταύτῃ
522 4284 588 4352 τῇ
637 4279 808 4340 πόλει,
841 4274 950 4330 οἷον
982 4279 1046 4332 ἂν
1077 4278 1263 4348 βούλῃ,
1320 4278 1415 4329 καὶ
1463 4272 1602 4328 εἶναι
1646 4275 1760 4344 μεθ’

191 4379 222 4439 ἡ
235 4376 352 4447 μῶν
379 4355 390 4362 ⁴
414 4374 506 4427 διὰ
556 4371 773 4433 παντός.
804 4369 908 4422 Τοῦ
940 4370 992 4421 δὲ
1035 4369 1288 4437 γέροντος
1332 4368 1762 4434 ἀπαναινομένου

1837 587 1979 658 quod
2013 587 2253 641 futurum
2294 596 2430 649 erat,
2463 588 2732 643 scribebat
2766 588 2838 640 illi
2895 603 3110 658 rogans,
3168 600 3226 645 ut
3281 593 3383 644 bu-

1837 693 2054 734 manam
2084 694 2190 733 non
2230 679 2504 734 aﬂectaret
2527 681 2780 750 gloriam,
2821 679 2964 748 quod
2997 695 3057 734 ea
3087 681 3196 749 jam
3225 697 3388 737 exsa-

1840 772 2004 826 tiatus
2043 780 2212 834 esset,
2249 773 2341 826 sed
2375 775 2443 825 ad
2492 772 2728 839 quietem
2772 778 2948 824 status
2979 773 3262 827 monastici
3302 789 3385 826 re—

1839 873 2066 918 mearet.
2090 866 2184 918 llle
2208 879 2334 917 vero
2389 864 2512 916 dum
2555 880 2611 918 se
2646 864 2709 917 ad
2743 863 2843 916 hoc
2897 879 3083 930 parare
3109 862 3257 926 dicit,
3290 866 3386 918 ad-

1841 956 2188 1010 venientibus
2218 957 2546 1024 imperatore
2571 963 2624 1008 et
2658 956 2885 1022 praesule
2934 955 3112 1022 eiecto
3141 954 3277 1024 (76),
3307 956 3387 1010 in-

1840 1049 2176 1103 tolerandam
2230 1062 2415 1102 eorum
2470 1052 2725 1114 expertus
2780 1055 2863 1102 est
2916 1049 3080 1102 iram.
3153 1046 3386 1100 Orbatus

1841 1142 1983 1194 enim
2025 1155 2122 1208 per
2151 1139 2300 1209 ipsos
2335 1139 2568 1193 maxime
2594 1140 2922 1193 necessariis
2953 1140 3234 1201 membris,
3258 1153 3383 1193 ocu-

1842 1232 1933 1297 lis,
1975 1232 2218 1301 inquam,
2251 1231 2431 1298 lingua
2459 1239 2511 1284 et
2536 1245 2689 1293 naso,
2712 1230 3096 1299 coujectusque
3126 1230 3180 1282 in
3203 1243 3391 1283 carce-

1842 1336 1954 1375 rem
1986 1322 2176 1388 plenus
2237 1321 2578 1375 miseriarum
2639 1328 2693 1375 et
2751 1320 2895 1373 omni
2953 1335 3054 1387 Ope
3096 1320 3389 1372 destitutus

1839 1411 2075 1479 jacebat.
2109 1412 2203 1467 His
2256 1413 2457 1467 auditis
2492 1411 2604 1466 Deo
2659 1413 2853 1480 plenus
2919 1408 3102 1472 Pater,
3160 1423 3388 1464 τηαν-ονε

1843 1504 2022 1558 cordis
2065 1514 2309 1573 urgente,
2346 1513 2565 1558 coactus
2598 1503 2698 1556 fuit
2728 1503 2889 1556 homo
2930 1502 2978 1554 id
3038 1501 3233 1564 aetatis,
3281 1508 3391 1554 tam

1845 1593 1990 1662 gravi
2016 1595 2205 1648 morbo
2237 1594 2465 1648 aﬂ‘ectus
2519 1603 2573 1646 et
2621 1594 2671 1648 id
2733 1594 3014 1662 temporis,
3054 1594 3400 1660 quadragesi-

1845 1688 1984 1740 male
2014 1687 2155 1740 enim
2182 1687 2446 1756 agebatur
2469 1686 2759 1755 jejunium,
2789 1686 3016 1738 Romam
3053 1685 3323 1753 proficisci
3345 1691 3400 1738 et

1845 1778 2189 1845 supplicibus
2246 1779 2389 1832 votis
2444 1779 2593 1831 adire
2633 1777 3040 1845 imperatorem.
3099 1774 3400 1841 Imperator

1846 1880 2024 1924 autem
2059 1885 2182 1922 cum
2223 1871 2555 1936 patriarcha.
2589 1869 2775 1920 audito
2809 1869 2926 1936 ejus
2981 1867 3401 1934 adventu,‘pro-

1844 1963 1990 2016 dicre
2021 1962 2236 2015 obviam
2272 1969 2325 2012 et
2359 1959 2625 2028 prehensa
2685 1959 2819 2012 hinc
2874 1957 3002 2011 inde
3060 1969 3219 2009 manu
3280 1955 3398 2020 ejus

1847 2054 2192 2107 adduxerunt
2219 2052 2270 2103 in
2295 2049 2710 2118 patriarcbium,
2741 2046 2976 2100 medium
3001 2045 3188 2100 sedere
3215 2046 3403 2114 juben-

1850 2157 1948 2204 tes.
1978 2144 2052 2196 illi
2077 2157 2202 2196 vero
2234 2140 2298 2194 ad
2327 2142 2570 2195 dextram
2606 2147 2660 2194 et
2715 2138 2987 2193 sinistram
3035 2151 3230 2190 manus
3281 2136 3401 2205 eius

1847 2234 2323 2289 deosculabantur.

1917 2367 2004 2420 90.
2058 2365 2125 2417 At
2157 2363 2239 2415 vir
2273 2372 2492 2416 sanctus
2519 2362 2643 2416 licet
2674 2358 2739 2414 ad
2776 2361 2889 2414 haec
2913 2361 3144 2415 nimium
3179 2361 3402 2414 amicta-

1848 2465 2002 2510 retur
2032 2464 2083 2509 et
2110 2463 2368 2523 gemeret,
2401 2453 2582 2507 omnia
2618 2460 2798 2504 tamen
2831 2451 3143 2515 suiferebat,
3201 2452 3245 2505 si
3295 2466 3400 2520 quo

1853 2557 2008 2617 pacto
2042 2545 2506 2615 possetnblinere,
2531 2542 2672 2610 quod
2698 2543 2933 2610 petebat,
2967 2550 3020 2596 et
3053 2542 3127 2595 ait
3154 2542 3218 2594 ad
3241 2543 3400 2596 illos:

1852 2639 2118 2706 Ignoscite
2144 2635 2273 2688 mihi
2300 2635 2540 2687 omnium
2572 2633 2806 2685 maximo
2850 2635 3119 2701 peccatori
3152 2640 3210 2686 et
3240 2632 3408 2686 semi-

1853 2736 2068 2783 mortuo
2097 2727 2211 2781 seni
2282 2740 2377 2793 per
2422 2723 2728 2784 Dominum,
2779 2723 3030 2790 indignus
3079 2724 3222 2775 enim
3285 2738 3403 2776 sum

1803 2838 1809 2846 ·
1855 2827 2007 2870 tanto
2060 2817 2284 2869 honore.
2330 2813 2506 2866 Meum
2566 2813 2744 2879 potius
2791 2820 2869 2865 est
2931 2812 3285 2879 procumbere
3343 2812 3406 2863 ad

1859 2907 2210 2961 honorabiles
2237 2912 2452 2958 vestros
2482 2902 2648 2970 pedes
2685 2910 2739 2955 et
2771 2902 3015 2955 venerari
3044 2909 3152 2954 tam
3182 2901 3409 2956 eximias

1857 3005 2068 3051 vestras
2092 2993 2567 3063 dignitates.Sane
2595 2991 2802 3044 accessi
2833 2991 2896 3042 ad
2919 2989 3142 3057 gloriam
3173 3001 3407 3042 vestram

1860 3105 1969 3142 non
2002 3089 2188 3159 gloria?
2213 3085 2474 3151 cupidus,
2510 3089 2603 3136 aut
2631 3081 2998 3149 largitionum.
3029 3088 3122 3132 aut
3146 3080 3410 3132 maximo-

1859 3197 1978 3234 rum
2013 3186 2396 3249 proventuum,
2428 3175 2520 3229 sed
2573 3174 2626 3227 in
2675 3170 2923 3226 beneﬁcii
2969 3171 3090 3222 loco
3141 3169 3410 3236 petiturus

1860 3271 2032 3328 illum,
2069 3269 2160 3336 qui
2193 3266 2419 3318 multum
2449 3263 2606 3322 vobis
2639 3259 2915 3314 inservivit
2950 3268 3001 3310 et
3031 3256 3169 3309 male
3200 3270 3226 3307 a
3259 3257 3413 3310 vobis

1861 3367 2126 3414 tractatus
2146 3365 2249 3420 est,
2282 3357 2374 3424 qui
2410 3363 2701 3421 utrumque
2734 3363 2973 3405 vesnum
3008 3348 3073 3402 de
3105 3347 3252 3400 fonte
3317 3348 3414 3400 ba-

1863 3449 2132 3516 ptismatis
2165 3446 2422 3512 suscepit,
2447 3453 2498 3497 et
2529 3444 2807 3494 oetilorum
2841 3457 2868 3492 a
2916 3441 3069 3494 vobis
3126 3448 3409 3492 erutorum

1861 3541 1982 3593 luce
2017 3537 2262 3604 privatus
2281 3542 2385 3588 est.
2417 3533 2654 3587 Obsecro
2696 3531 2934 3585 studium
2969 3531 3182 3596 pietatis
3200 3536 3409 3583 vestra).

1861 3641 1917 3682 ut
1949 3630 2096 3682 illum
2130 3627 2277 3683 mibil
2298 3625 2441 3679 dono
2482 3623 2643 3686 detis,
2703 3637 2810 3690 quo
2852 3635 3060 3673 mecum
3103 3618 3304 3682 sedeat,
3338 3619 3416 3671 si—

1863 3724 2085 3790 mulque
2114 3727 2334 3791 peccata
2366 3725 2550 3772 nostra
2584 3715 2896 3768 deﬂeamus.
2934 3712 3088 3766 Tunc
3118 3713 3412 3780 imperator

1863 3816 2080 3883 paulum
2108 3813 2529 3879 collacrymatus
2556 3805 2756 3874 (neque
2813 3804 2955 3857 enim
3015 3810 3212 3857 totum.
3270 3799 3411 3867 quod

1865 3911 2233 3965 successerat,
2301 3907 2418 3953 erat
2446 3911 2632 3949 revera
2668 3895 2734 3947 de
2764 3892 2880 3958 ejus
2911 3891 3157 3954 consilio)
3187 3903 3416 3957 respon-

1866 4000 1940 4050 dit
1970 3998 2126 4049 beato
2150 3992 2332 4046 Viro:
2368 3988 2546 4042 Parati
2579 4000 2768 4040 sumus
2806 3983 2871 4036 ad
2915 3981 3186 4049 implenda
3211 3980 3412 4041 omnia,

1865 4105 1984 4155 quae
2005 4100 2108 4138 tum
2147 4079 2330 4150 pietati
2361 4080 2594 4148 placent,
2631 4074 2675 4128 si
2702 4084 2755 4128 et
2785 4073 2902 4138 ipse
2934 4081 3175 4124 nostram
3193 4067 3416 4135 petitio-

1867 4197 1985 4235 nom
2019 4174 2294 4231 audiveris
2333 4179 2524 4223 etnon
2577 4165 2906 4234 dedignatus
2956 4161 3125 4214 fueris
3169 4159 3416 4225 accipere

1867 4266 2258 4323 monasterium
2321 4262 2374 4314 in
2421 4260 2521 4311 hac
2549 4256 2702 4319 urbe,
2751 4253 3114 4323 quodcunque
3152 4249 3412 4309 volueris.

1868 4370 1928 4415 ut
1967 4359 2252 4412 nobiscum
2311 4359 2571 4420 perpetuo
2631 4361 2874 4399 maneas.
2914 4342 3224 4396 Recusante
3288 4353 3420 4392 sene

192 4431 292 4535 sip)
352 4468 413 4518 ἐν
465 4466 530 4532 τῇ
585 4431 746 4515 πόλει
781 4431 1444 4529 διατριϐὴν,’προέτεινεν
1498 4431 1645 4526 αύτῷ
1676 4459 1751 4508 τὸι

1872 4431 2348 4499 commorationem
2375 4439 2427 4491 in
2463 4437 2614 4498 urbe,
2647 4435 2995 4502 protulerunt
3019 4431 3094 4483 illi
3163 4439 3423 4509 sanctum.

1884 4543 1891 4545 ε
2107 4539 2118 4545 -
2445 4530 2457 4545 I
2543 4538 2553 4545 .
2633 4529 2688 4545 ιω
2737 4527 2968 4545 Α--Ξι--...
3008 4530 3050 4545 ,ι
3093 4521 3417 4545 n-.-...._:.....

193 4558 352 4624 ἅγιον
417 4554 790 4610 Ἀναστάσιον,
848 4553 922 4612 ὡς
979 4551 1084 4614 ἔξω
1143 4551 1373 4617 θορύϐου
1427 4550 1761 4617 ὑπάρχοντα,

193 4651 289 4702 καὶ
319 4647 409 4700 ἀεὶ
436 4643 518 4714 τῷ
561 4643 812 4713 ἡμετέρῳ
847 4642 992 4708 γένει
1022 4640 1520 4710 προσαναφέροντα.
1555 4640 1663 4690 Καὶ
1700 4638 1763 4705 δὴ

196 4736 535 4803 κατεδέξατο
568 4733 878 4797 σπουδάζων
898 4731 990 4784 τοῦ
1019 4731 1351 4802 ζητουμένου
1374 4731 1555 4798 τυχεῖν
1585 4726 1765 4797 δωρή-

201 4848 396 4900 ματος.
450 4826 506 4879 Ὀ
537 4826 590 4880 δὲ
620 4825 807 4893 ἄγριος
858 4824 1044 4884 πάπας
1098 4823 1302 4883 ἐκεῖνος
1343 4819 1415 4887 μὴ
1445 4817 1767 4888 χορτασθεὶς

199 4919 283 4988 ἐφ’
340 4915 426 4980 οἷς
490 4916 724 4985 ἔπραξεν
762 4914 838 4975 είς
876 4912 967 4964 τὸν
995 4909 1371 4981 προρρηθέντα
1408 4905 1710 4973 Φιλάγαθον
1743 4921 1756 4934 ο

1868 4539 2242 4597 Anastasium,
2274 4530 2460 4602 procul
2487 4545 2513 4582 a
2540 4529 2697 4583 turba
2735 4527 2971 4595 positum
3004 4530 3055 4576 et
3092 4521 3420 4575 Graecanica:

1871 4628 2016 4699 genti
2044 4638 2256 4693 semper
2311 4620 2608 4675 addictum.
2671 4618 2859 4683 Itaque
2921 4611 3133 4672 annuit,
3195 4610 3420 4676 cupiens

1872 4723 1974 4776 sibi
2008 4716 2219 4778 donari,
2263 4711 2402 4781 quod
2441 4710 2675 4780 petebat.
2710 4705 2906 4759 Verum
2930 4716 3063 4772 papa
3105 4701 3195 4753 ille
3236 4699 3420 4751 immi-

1877 4814 1979 4864 tior
2005 4808 2113 4878 (77)
2147 4821 2254 4858 non
2284 4803 2528 4872 expletus
2553 4799 2734 4858 malis,
2771 4795 2966 4863 quibus
3012 4791 3416 4860 Pliilagathum,

1869 4902 1934 4954 de
1965 4914 2082 4969 quo.
2104 4911 2265 4965 supra
2294 4893 2538 4955 memini,
2568 4889 2842 4950 aﬂ'ecerat,
2878 4881 3133 4953 produxit
3179 4880 3334 4933 illum
3368 4888 3422 4932 et

1473 5085 1732 5148 Joannis
1764 5083 1894 5147 Clei
1945 5089 2132 5142 notae.

275 5242 387 5312 (76)
427 5238 698 5312 Gregorio
742 5237 1000 5312 nimirum
1046 5233 1114 5294 γ’,
1183 5229 1758 5312 Romanompomilicel,

203 5296 293 5384 qui
332 5296 467 5366 ante
501 5296 687 5384 Bruno
723 5305 1112 5384 appellabatur.
1144 5310 1367 5384 eratque
1397 5298 1631 5384 _Ot.tonis
1689 5296 1755 5384 ill

204 5369 563 5450 imperatoris
621 5369 1302 5450 consanguineusa'natus
1353 5369 1646 5450 ιιὶιιιὶιιιιιιΔ
1699 5381 1761 5417 ex

204 5439 404 5506 Ottone
432 5447 596 5507 duce,
628 5443 717 5511 qui
750 5439 1046 5494 marcbiam
1081 5439 1448 5511 Veronensem
1484 5445 1607 5511 tuul
1631 5442 1766 5511 tem?

204 5503 354 5585 poris
404 5503 710 5585 obtinebat.
752 5511 903 5585 ilqu
959 5526 1151 5585 porro”
1184 5507 1466 5585 inmlucen)
1526 5503 1766 5585 ediderat

206 5573 552 5649 Luitguarda
595 5581 810 5649 Ottonis
855 5573 1033 5642 Magni
1083 5574 1369 5649 liliauVide
1407 5573 1763 5649 Muratorium

209 5642 260 5710 in
289 5643 592 5708 Aimalilms
621 5648 798 5703 Italia:
823 5651 887 5701 ad
917 5662 1117 5700 annum
1136 5644 1238 5699 996
1264 5653 1315 5697 et
1344 5647 1396 5696 in
1422 5642 1766 5710 Antiquitati-

211 5707 303 5779 bus
355 5721 569 5774 Italicis
623 5718 846 5773 dissert.
906 5716 994 5769 41.
1045 5714 1174 5779 Quae
1216 5713 1346 5766 dicit
1398 5713 1633 5776 scriptor
1700 5707 1766 5758 de

212 5790 504 5847 miraculis
551 5797 705 5844 extra
761 5784 1084 5847 Ecclesiam,
1128 5781 1368 5846 intelligo
1408 5782 1473 5833 dc
1505 5791 1767 5843 apparen-

1864 5225 2028 5284 tibus,
2074 5220 2152 5273 vel
2191 5215 2417 5286 patratis
2442 5213 2507 5267 ab
2543 5208 2670 5268 illis,
2708 5206 2798 5274 qui
2828 5204 3021 5258 deinde
3047 5218 3077 5256 a
3120 5203 3221 5258 ﬁde
3247 5204 3421 5261 desci-

1866 5300 2079 5345 \‘Ci‘lllll.

1943 5359 2050 5426 (77)
2087 5359 2279 5426 lfaparn
2319 5345 2865 5426 immitemmappellat
2921 5342 3253 5426 biographus
3294 5359 3308 5394 :
3369 5352 3424 5396 at

1870 5410 2061 5482 Petrus
2106 5410 2400 5479 Damianus
2443 5429 2496 5471 et
2568 5410 3034 5480 Claro'uograpbus
3079 5410 3221 5482 Saxo
3289 5426 3423 5482 cru-

1874 5479 2148 5549 delitatem
2207 5502 2371 5544 totam
2421 5486 2694 5546 Romanis,
2752 5479 3058 5549 veritis,‘ue
3092 5479 3423 5549 impunitum

1872 5547 2170 5620 dimitteret
2216 5563 2533 5624 imperator,
2618 5554 2885 5624 aﬂricant.
2931 5547 3106 5624 ﬁnde,
3143 5548 3208 5624 _si
3269 5549 3424 5615 plura

1873 5616 2147 5688 dehisce
2201 5616 2508 5688 desideras,
2561 5638 2682 5690 qua
2750 5618 2944 5687 scripsi
2997 5616 3203 5690 gloriae
3271 5625 3425 5690 post:

1875 5684 2209 5756 liumaeLSS.
2257 5684 2510 5766 Cypriani
2565 5684 2617 5746 ἐι
2677 5684 2948 5746 sociorum
2993 5687 3103 5756 εὖ,
3153 5701 3304 5739 num.
3356 5684 3424 5736 97

1872 5779 1926 5826 ct
1955 5771 2044 5822 ~28.
