4158 6338
714 383 806 445 151

2154 371 2496 430 ΑΝΟΝΥΜΙ

3858 366 3971 433 152

708 500 1036 556 sacerdotali
1065 501 1251 554 habitu
1291 514 1453 566 super
1485 499 1661 566 ipSuut
1693 495 1926 549 discisso
1965 493 2261 547 eireutndu

2382 489 2605 557 ἀγαγών
2633 506 2692 540 τε
2716 489 2900 552 αὑτὸν,
2937 489 3032 542 καὶ
3088 490 3187 556 τὴν
3235 491 3518 560 ἱερατικὴν
3587 490 3775 561 στολὴν
3799 491 3970 562 διαρο

705 596 785 648 xit
843 609 938 662 per
970 604 1136 646 totam
1167 593 1380 646 urbem.

776 776 863 830 9|.
898 776 1016 839 Quo
1048 772 1253 835 audito,
1312 779 1536 826 sanctus
1593 787 1756 825 senex
1801 771 2144 824 vehementer
2191 769 2271 820 in-

703 867 900 930 doluit,
930 881 1028 919 nec
1054 864 1293 933 amplius
1324 863 1394 918 ab
1431 864 1761 930 imperatore
1795 863 2269 930 archiepisCOpum

701 959 880 1027 petiit.
945 957 1096 1022 Quod
1155 956 1247 1009 ubi
1293 955 1674 1009 animadvertit
1745 955 2062 1023 imperator,
2122 952 2271 1005 misit

701 1048 990 1117 quemdam
1022 1048 1086 1100 de
1115 1047 1227 1101 suis
1259 1047 1686 1115 archiepiscopis
1736 1046 1932 1099 blando
1967 1052 2272 1112 prwpoten-

699 1151 807 1193 tem
852 1140 1095 1205 eloquio.
1138 1139 1230 1205 qui
1268 1139 1416 1191 senis
1461 1139 1701 1191 animum
1737 1139 1949 1190 leniret.
2007 1137 2084 1188 Ad
2108 1150 2269 1205 quem

697 1232 781 1282 vir
816 1239 1044 1285 sanctus
1094 1246 1107 1282 :
1166 1228 1336 1290 Vade,
1393 1231 1593 1298 inquit,
1636 1230 1805 1283 dicito
1847 1229 2160 1297 imperatori
2215 1237 2269 1281 et

698 1337 848 1390 papa:
884 1341 896 1376 :
937 1320 1061 1376 l-lzec
1114 1323 1191 1373 ait
1221 1321 1427 1375 delirus
1461 1322 1550 1375 ille
1581 1336 1750 1376 senex
1801 1339 1811 1371 :
1853 1319 2106 1374 Donastis
2138 1318 2267 1372 mihi

696 1417 840 1468 hunc
862 1429 1090 1478 crocum,
1125 1431 1231 1469 non
1267 1416 1336 1470 ob
1362 1418 1463 1470 mei
1493 1416 1768 1475 timorem,
1803 1428 1909 1467 non
1935 1412 2003 1465 ob
2019 1426 2264 1481 magnam

694 1520 869 1559 meam
911 1507 1227 1572 potentiam,
1257 1508 1350 1561 sed
1387 1507 1458 1560 ob
1493 1506 1656 1559 unius
1687 1504 1777 1558 Dei
1807 1517 2071 1557 amorem.
2113 1501 2268 1557 Nunc

696 1597 861 1665 igitur
894 1613 1237 1667 qnmcuuquc
1291 1598 1367 1651 illi
1420 1599 1560 1650 mala
1619 1597 1928 1658 addidistis,
1992 1611 2101 1650 non
2139 1595 2264 1663 ipsi,

693 1685 785 1738 sed
820 1688 948 1740 mihi
986 1689 1215 1753 fecistis,
1245 1689 1379 1757 quin
1415 1691 1527 1742 imo
1559 1688 1613 1741 in
1645 1687 1810 1741 Deum
1851 1687 2030 1754 ipsum
2070 1698 2267 1741 contu-

693 1779 902 1832 meliosi
962 1779 1160 1834 fuistis.
1231 1780 1418 1833 Estote
1482 1781 1646 1845 igitur
1711 1780 1950 1834 scientes
2019 1780 2135 1833 fore
2183 1789 2262 1841 ut,

689 1873 1150 1939 quemadmodum
1177 1891 1275 1928 vos
1308 1891 1415 1930 non
1442 1876 1695 1929 doluistis
1717 1877 1910 1935 vicem.
1937 1891 2033 1928 nec
2057 1875 2262 1929 miserti

691 1965 827 2020 estis
865 1968 1003 2033 eius,
1041 1983 1199 2036 quem
1262 1967 1404 2021 Deus
1436 1967 1663 2021 tradidit
1728 1968 1980 2020 manibus
2042 1967 2260 2029 vestris,

692 2057 766 2110 ita
798 2059 949 2112 vobis
980 2074 1197 2127 quoque
1224 2059 1382 2112 Pater
1403 2061 1646 2114 caalestis
1672 2068 1893 2127 peccata
1925 2074 2262 2127 nequaquam

689 2149 1026 2203 dimissurus
1070 2151 1164 2204 sit.
1218 2153 1288 2204 At
1331 2132 1599 2206 verbosus
1657 2151 1744 2203 ille
1820 2151 2264 2220 archiepiscopus

690 2249 939 2294 sanctum
971 2244 1145 2294 virum
1193 2241 1543 2294 sermonibus
1593 2242 1880 2300 onerabat,
1948 2239 2263 2293 excusando

690 2334 1078 2401 imperatorem
1111 2343 1162 2386 et
1187 2349 1405 2402 papam.
1437 2332 1619 2397 Quare
1644 2348 1833 2392 senex,
1868 2331 2108 2387 demisso
2133 2341 2261 2386 ante

686 2427 841 2479 illum
867 2428 1066 2496 capite,
1093 2427 1391 2480 dormitare
1441 2441 1500 2480 se
1551 2425 1865 2479 simulabat.
1927 2425 1990 2476 Et
2050 2426 2096 2480 is
2135 2439 2258 2478 cum

686 2521 918 2574 vidisset
969 2534 1248 2573 sermones
1290 2533 1422 2573 suos
1473 2533 1698 2586 prorsus
1747 2533 1853 2570 non
1903 2517 2132 2576 attendi,
2174 2533 2262 2569 re-

688 2611 875 2665 cessit.
912 2609 1102 2664 Statim
1137 2625 1266 2678 ergo
1285 2611 1368 2663 vir
1391 2618 1616 2663 sanctus
1643 2601 1766 2663 cum
1793 2609 1960 2662 sociis
1996 2608 2258 2661 fratribus

695 2704 1010 2758 conscensis
1035 2702 1190 2771 equis
1218 2717 1314 2770 per
1342 2711 1510 2756 totam
1547 2701 1692 2755 illam
1757 2712 1968 2755 noetcm
2020 2699 2260 2754 confecit

693 2800 810 2857 iter,
837 2794 1192 2864 pervenitque
1223 2793 1287 2847 ad
1344 2809 1506 2847 suum
1562 2795 1977 2856 monasterium,
2023 2793 2256 2847 orationi

689 2889 904 2955 sibique
947 2901 1150 2941 vacans
1184 2887 1466 2954 Deumque
1505 2885 1713 2953 jugiter
1765 2886 2095 2956 propitians.
2137 2884 2256 2940 Non

690 2979 891 3032 multos
929 2978 1185 3046 postdics
1226 2992 1363 3047 papa
1388 2965 1608 3046 quidem
1652 2993 1681 3030 e
1723 2993 1952 3032 numero
2008 2979 2254 3032 vivorum

686 3073 738 3122 vi
784 3069 1202 3132 cxturbabatur,
1275 3071 1429 3137 quasi
1510 3079 1802 3138 tyrannus.
1872 3080 1930 3124 ut
2012 3071 2257 3127 dicentes

2294 1826 2341 1885 B

2383 580 2550 652 ῥήξας
2611 583 2699 633 ἐπ’
2761 581 2931 653 αὐτῷ,
2989 585 3331 654 περιήγαγεν
3394 583 3557 636 αὑτὸν
3618 586 3800 636 πᾶσαν
3859 586 3971 654 τὴν

2391 674 2629 744 Ῥώμην.

2455 770 2562 832 ita}.
2599 769 2778 836 Ὅπερ
2808 765 3050 829 ἀκούσας
3075 768 3102 820 6
3135 768 3290 835 ἅγιος
3323 768 3522 837 γέρων,
3558 769 3650 821 καὶ
3679 769 3820 821 πάνυ
3861 769 3968 819 λυ-

2377 857 2591 925 πηθεὶς,
2647 859 2832 912 οὐκέτι
2883 860 3124 929 ᾐτήσατο
3183 860 3484 929 napi-toﬁ
3543 859 3809 928 βασιλέως
3862 861 3966 914 τὸν

2375 949 2828 1017 ἁρχιεπίσκοπον.
2868 950 2954 1012 Ὠς
2982 951 3039 1003 δὲ
3069 950 3212 1017 ἔγνω
3243 952 3398 1003 τοῦτο
3429 952 3456 1002 6
3490 950 3767 1017 βασιλεὺς,
3811 953 3960 1002 ἀπο-

2377 1043 2583 1093 στέλλει
2610 1042 2705 1095 ἓνα
2729 1042 2834 1095 τῶν
2856 1041 3020 1094 αὑτοῦ
3049 1043 3496 1111 ἀρχιεπισκὸπων
3517 1043 3637 1094 λίαν
3672 1042 3962 1109 στωμύλον

2375 1135 2511 1202 πρὸς
2544 1135 2603 1186 τὸ
2654 1135 2976 1203 δυσωπῆσαι
3023 1135 3114 1186 τὸν
3181 1134 3436 1202 γέροντα.
3487 1134 3630 1202 Πρὸς
3659 1134 3717 1186 ὃν
3749 1130 3903 1186 εἶπεν
3930 1137 3962 1186 ὁ

2373 1226 2537 1286 ὅσιος·
2577 1224 2832 1288 Ἀπελθε,
2865 1225 2987 1277 εἰπὲ
3020 1225 3096 1295 τῷ
3131 1225 3340 1293 βασιλεῖ
3365 1227 3458 1277 καὶ
3497 1225 3574 1292 τῷ
3610 1227 3787 1295 πάπᾳ·
3812 1225 3962 1277 Τάδε

2373 1320 2521 1387 λέγει
2550 1322 2578 1374 6
2617 1320 2810 1389 ἐξηχος
2845 1322 3023 1391 γέρων
3048 1338 3060 1350 ο
3107 1321 3469 1391 Ἐχαρίσασθέ
3503 1339 3593 1389 μοι
3635 1322 3725 1374 τὸν
3751 1321 3961 1390 τυφλὸν

2370 1411 2562 1464 τοῦτον
2593 1410 2718 1463 οὔτε
2753 1411 2840 1464 διὰ
2871 1412 2961 1463 τὸν
2989 1414 3120 1482 ἐμὸν
3151 1412 3337 1480 φόϐον,
3367 1411 3490 1463 οὔτε
3521 1411 3608 1463 διὰ
3637 1412 3732 1480 τὴν
3778 1413 3949 1479 μεγάο

2371 1508 2468 1578 λην
2503 1525 2605 1576 μου
2669 1507 3013 1567 δυναστείαν,
3041 1508 3174 1560 ἀλλά
3209 1506 3296 1560 διὰ
3350 1507 3519 1576 μόνην
3555 1507 3652 1574 τὴν
3691 1505 3780 1557 τοῦ
3813 1504 3959 1557 Θεοῦ

2371 1601 2616 1667 ἀγάπην.
2644 1601 2758 1652 Νῦν
2787 1599 2876 1651 οὑν
2911 1601 3009 1653 ὅσα
3044 1599 3192 1668 αὑτῷ
3213 1600 3615 1668 προσεθήκατε,
3651 1598 3749 1650 οὑκ
3777 1598 3958 1667 αὑτῷ⁹

2370 1691 2485 1745 ἀλλ’
2517 1693 2638 1760 ἐμοὶ
2693 1693 3008 1760 ἐποιήσατε,
3051 1692 3254 1759 μᾶλλον
3282 1691 3336 1742 δὲ
3366 1693 3446 1752 είς
3479 1692 3641 1742 αὑτὸν
3672 1691 3764 1741 τὸν
3813 1689 3955 1742 Θεὸν

2374 1784 2715 1852 ὲνυϐρίσατε.
2785 1786 2949 1839 Ἔστε
3015 1789 3191 1840 τοίνυν
3237 1789 3623 1854 γινώσκοντες,
3653 1790 3732 1840 ὅτι
3763 1786 3958 1850 καθὼς

2375 1878 2531 1948 ὑμεῖς
2591 1879 2650 1930 οὑ
2701 1882 3139 1948 συνεπαθήσατε,
3172 1881 3296 1934 οὔτε
3319 1881 3655 1947 ἐνεδείξασθε
3693 1881 3837 1943 ἔλεος
3871 1882 3957 1943 εἰς

2367 1972 2460 2023 τὸν
2515 1972 2618 2023 ὑπὸ
2677 1972 2812 2025 Θεοῦ
2865 1975 3237 2043 παραδοθέντα
3265 1976 3345 2037 είς
3392 1976 3489 2036 τὰς
3550 1978 3736 2044 χεῖρας
3769 1973 3953 2042 ὑμῶν,

2368 2063 2396 2113 6
2427 2064 2483 2114 ἐν
2512 2066 2623 2125 τοῖς
2652 2064 2902 2131 οὐρανοῖς
2941 2066 3294 2134 συμπαθήσει
3315 2066 3413 2128 τὰς
3466 2067 3739 2135 ἁμαρτίας
3769 2065 3951 2132 ὑμῶν.

2379 2154 2437 2204 ’0
2464 2155 2518 2206 δὲ
2552 2155 2849 2221 πολυλόγος
2904 2159 3110 2220 ἐκεῖνος
3161 2158 3592 2225 ἀρχιεπίσκοπος
3626 2156 3951 2225 περιλαλῶν

2367 2245 2458 2296 τὸν
2481 2246 2628 2298 ὅσιον
2693 2247 2795 2298 οὑκ
2860 2248 3114 2311 ἐπαύετο,
3169 2249 3613 2316 ἀπολογούμενος
3679 2248 3820 2313 ὑπὲρ
3848 2247 3954 2300 τοῦ

2367 2335 2633 2405 βασιλέως
2693 2337 2788 2389 καὶ
2828 2335 2922 2389 τοῦ
2980 2338 3161 2390 πάπα.
3215 2339 3322 2390 Καὶ
3355 2340 3381 2390 6
3415 2339 3593 2407 γέρων
3623 2340 3812 2400 κλίνας
3845 2337 3954 2406 τὴν

2365 2425 2605 2493 κεφαλὴν
2663 2426 2971 2495 ἔμπροσθεν
3027 2428 3214 2491 αὑτοῦ,
3244 2429 3690 2498 προσεποιήσατο
3723 2428 3818 2481 τοῦ
3852 2445 3954 2480 νυ-

2365 2519 2606 2579 στάζειν.
2646 2518 2733 2579 Ὠς
2765 2515 2858 2572 οὖν
2892 2516 3032 2572 εἶδεν
3067 2521 3230 2572 αὑτὸν
3262 2523 3468 2583 ἐκεῖνος
3500 2522 3742 2590 μηδόλως
3771 2538 3954 2589 προσ-

2363 2609 2557 2676 έχοντα
2593 2611 2705 2671 τοῖς
2746 2610 2913 2661 αὑτοῦ
2945 2611 3144 2678 λόγοις,
3175 2613 3412 2674 ἀναστὰς
3457 2612 3748 2682 ἐπορεύθη.
3795 2612 3853 2665 Ὀ
3888 2611 3953 2665 δὶ

2361 2700 2506 2761 ὅσιος
2548 2701 2824 2768 παρευοὺς
2885 2702 2981 2753 σὺν
3033 2705 3146 2763 τοῖς
3199 2703 3452 2756 συνοῦσιν
3512 2703 3660 2771 αὑτῷ
3690 2703 3950 2771 ἀδελφοῖς

2362 2789 2558 2850 ἐπιϐὰς
2596 2795 2710 2853 τοῖς
2755 2792 3001 2861 κτήνεσι,
3054 2793 3121 2844 δι’
3150 2793 3275 2862 ὅλης
3322 2796 3420 2864 τῆς
3472 2796 3666 2857 νυκτὸς
3719 2796 3946 2864 ἐκείνης

2362 2879 2625 2932 κατέλαϐε
2673 2880 2731 2933 τὸ
2769 2881 2897 2933 ἴδιον
2950 2886 3333 2953 μοναστήριον,
3397 2888 3463 2954 τῇ
3516 2888 3794 2954 προσευχῇ
3845 2881 3950 2936 καὶ

2361 2972 2539 3040 ἐαυτῷ
2573 2973 2946 3042 προσανὲχων,
2997 2975 3091 3026 καὶ
3116 2975 3207 3027 τὸν
3234 2975 3365 3027 Θεὸν
3390 2977 3686 3039 ἀπαύστως
3709 2975 3950 3040 ὲξιλεοὺ-

2364 3082 2544 3134 μενος.
2601 3066 2824 3118 Μετόὑ
2863 3066 3065 3128 πολλὰς
3117 3067 3210 3120 οὖν
3266 3069 3541 3137 ἡμέραςὸ
3593 3068 3691 3135 μὲν
3752 3071 3946 3128 πὰπας

689 3162 954 3231 quosdam
979 3161 1160 3217 audivi
1196 3163 1328 3231 (78).
1372 3170 1425 3217 et
1467 3159 1680 3216 eﬂ‘ossis
1731 3163 1834 3216 sibi
1893 3165 2088 3224 oculis.
2120 3178 2259 3234 quos

2365 3157 2553 3226 ῶσπερ
2577 3174 2660 3219 τις
2692 3157 2954 3226 τύραννος
3011 3157 3202 3228 βιαίως
3232 3160 3340 3210 τῶν
3381 3159 3535 3212 ἐνθεν
3560 3159 3826 3228 ἀπήγετο,
3865 3157 3946 3221 ῶς

686 3254 986 3323 pendentes
1013 3253 1078 3307 ad
1102 3252 1286 3322 ‘genas
1328 3252 1556 3316 ferebat,
1603 3268 1664 3305 ea
1726 3267 1920 3320 pompa
1963 3256 2261 3320 sepulturae

690 3345 1072 3405 mandabatur.
1116 3345 1416 3413 Imperator
1458 3353 1641 3398 autem
1698 3345 2038 3414 paenitentiae
2094 3363 2258 3402 causa

687 3449 1001 3506 MISCCplUtn
1053 3437 1301 3491 indicans
1367 3435 1630 3498 laborem,
1684 3438 1753 3491 ab
1810 3437 1947 3493 urbe
2003 3437 2070 3493 ad
2124 3438 2264 3511 Gar-

687 3546 885 3598 ganum
944 3529 1171 3598 pedibus
1235 3529 1339 3583 iter
1394 3527 1543 3590 fecit,
1609 3538 1971 3586 veneraturus
2021 3530 2259 3586 Michae-

690 3624 794 3675 lem
829 3620 1214 3689 archangelum
1252 3637 1267 3673 :
1300 3622 1352 3672 in
1385 3619 1567 3675 reditu
1600 3620 1744 3676 beati
1800 3622 1900 3675 viri
1952 3622 2255 3692 hospitium

688 3713 895 3767 invisit.

759 3883 844 3936 92.
877 3883 1013 3935 Cum
1085 3882 1250 3951 igitur
1283 3897 1347 3935 ex
1410 3882 1624 3939 etlitiori
1681 3883 1802 3936 loco
1861 3885 2256 3938 monasterium

688 3975 1070 4041 conspexisset
1101 3983 1154 4028 et
1192 3973 1418 4026 fratrum
1466 3975 1680 4042 tuguria
1744 3974 1893 4027 circa
1947 3976 2255 4029 oratorium

694 4071 792 4124 lixa
826 4086 839 4122 ι
869 4067 1035 4131 Ecce,
1094 4066 1296 4136 inquit,
1349 4067 1705 4122 tabernacula
1736 4067 1902 4124 lsrael
1937 4071 1990 4124 in
2015 4074 2255 4138 deserto,

688 4175 816 4215 ecce
849 4160 998 4228 regni
1057 4159 1320 4214 cmlorum
1354 4159 1523 4213 cives.
1557 4159 1618 4212 lli
1645 4175 1752 4214 non
1801 4170 1859 4214 ut
1896 4161 2254 4223 habitatores.

691 4250 786 4305 sed
822 4259 882 4304 ut
907 4249 1147 4305 viatores
1174 4249 1263 4304 hic
1289 4258 1534 4303 manent.
1569 4251 1636 4302 At
1681 4261 1908 4320 sanctus
1956 4254 2042 4308 vir
2091 4254 2258 4320 jussit

691 4343 867 4398 thuris
898 4340 1131 4396 sumtum
1163 4343 1477 4411 praaparari,
1502 4357 1610 4409 quo
1632 4343 1844 4396 obviam
1876 4345 1948 4398 illi
1981 4349 2258 4415 profectus

690 4441 774 4485 cst
802 4446 924 4485 cum
952 4431 1225 4486 universis
1257 4430 1553 4485 fratribus:
1597 4447 1758 4500 quem
1811 4436 1974 4488 etiam
2029 4452 2245 4491 summa

2363 3267 2524 3302 τινων
2545 3249 2811 3315 λεγόντων
2835 3251 3066 3317 ἀκήκοα,
3099 3251 3225 3312 τοὺς
3242 3251 3553 3319 ὀφθαλμοὺς
3583 3250 3944 3320 ἐκϐρασθεὶς,

2364 3342 2459 3394 καὶ
2491 3343 2584 3393 ἐπὶ
2629 3341 2739 3393 τῶν
2800 3343 3044 3412 παρειῶν
3079 3344 3278 3406 αὐτοὺς
3340 3345 3654 3413 περιφέρων
3686 3344 3828 3396 οὑτω
3855 3343 3936 3414 τῷ

2362 3435 2517 3503 τάφῳ
2549 3433 2892 3502 παρεδίδοτο.
2955 3435 3014 3487 Ὀ
3046 3435 3100 3487 δὲ
3135 3434 3386 3503 βασιλεὺς
3444 3439 3723 3506 μετανοεῖν
3767 3438 3944 3504 ὲπαγα

2361 3522 2707 3590 γελλόμενος,
2764 3523 3088 3592 πεζοπορῶν
3119 3523 3228 3577 ἀπὸ
3282 3525 3503 3595 Ῥώμης
3529 3526 3667 3596 πρὸς
3696 3526 3787 3578 τὸν
3839 3527 3938 3580 τοῦ

2361 3613 2642 3681 Γαργάνου
2693 3612 2860 3682 ἀπῄει.
2929 3612 3221 3680 ἀσώματον
3282 3614 3796 3683 Ἀρχιστράτηγον·
3839 3615 3941 3667 καὶ

2361 3707 2395 3772 ή
2424 3703 2588 3757 αὑτοῦ
2652 3705 2970 3774 ὑποστροφὴ
3037 3705 3124 3758 διὰ
3154 3707 3253 3775 τῆς
3305 3706 3487 3769 ξενιᾶς
3519 3706 3614 3759 τοῦ
3661 3705 3938 3775 μακαρίου

2361 3794 2624 3861 ἐγίγνετο.

2432 3885 2540 3955 ιβ’.
2587 3885 2787 3940 Ἐλθὼν
2826 3885 2920 3939 οὖν
2966 3887 3245 3940 ὲπάνωθεν
3289 3886 3385 3939 τοῦ
3417 3887 3805 3958 μοναστηρίου,
3836 3887 3938 3943 καὶ

2362 3979 2696 4046 θεασάμενος
2755 3978 2854 4037 τάς
2892 3979 3137 4041 καλύϐας
3165 3980 3273 4032 τῶν
3325 3979 3567 4046 ἀδελφῶν
3591 3981 3716 4049 περὶ
3747 3979 3808 4032 τὸ
3841 3980 3938 4032 εὑ-

2363 4073 2583 4142 κτήριον
2635 4070 3016 4140 πεπηγμένας,
3071 4069 3214 4141 ἔφη’
3283 4071 3413 4124 Ἰδοὺ
3455 4070 3511 4123 αῑ
3583 4058 3784 4142 σκηναὶ
3834 4070 3934 4124 τοῦ

2373 4162 2587 4231 Ἰσραὴλ
2642 4163 2698 4214 ἐν
2726 4164 2957 4232 ἐρήμῳο
2995 4163 3105 4216 ίδοὺ
3153 4163 3201 4215 οἱ
3253 4162 3470 4216 πολῖται
3519 4165 3617 4233 τῆς
3682 4163 3936 4232 οὐρανῶν

2363 4255 2639 4326 βασιλείας
2663 4272 2675 4284 ·
2705 4249 2851 4307 οὗτοι
2873 4255 2971 4323 οὑχ
3001 4252 3076 4316 ὡς
3114 4254 3379 4320 κάτοικοι,
3408 4253 3524 4306 ἀλλ’
3545 4253 3619 4317 ὡς
3644 4255 3934 4322 παροδῖται

2360 4346 2546 4400 ἐνθάδε
2581 4345 2851 4414 μένουσιν.
2903 4345 2962 4396 Ὀ
2989 4345 3045 4396 δὲ
3077 4344 3346 4415 μακάριος
3367 4343 3631 4407 κελεύσας
3666 4344 3934 4415 Θυμιατδν

2360 4438 2637 4509 γενέσθαι,
2667 4438 2978 4503 ὑπήντησεν
3013 4435 3162 4504 αὑτῷ
3197 4437 3293 4488 σὺν
3326 4432 3473 4509 πάσῃ
3494 4439 3558 4507 τῇ
3591 4437 3932 4507 ἀδελφότητιο

691 4538 814 4575 ωιτη
842 4522 1148 4576 humilitate
1179 4530 1231 4576 et
1261 4521 1563 4575 reverentia
1590 4525 2004 4581 venerabundos
2047 4532 2254 4585 saluta-

2364 4496 2459 4583 καὶ
2509 4527 2647 4598 μετά
2697 4496 2879 4595 πάσης
2927 4496 3473 4595 ταπεινοφροσύνης..
3503 4496 3596 4580 καὶ
3642 4496 3933 4594 εὐλαϐείας

692 4613 786 4665 vit.
818 4612 882 4665 Et
937 4612 1233 4680 imperator
1265 4611 1544 4679 supposita
1589 4629 1778 4679 manu,
1806 4631 1913 4683 qua
1939 4619 2250 4676 suhnitere-

691 4715 781 4757 tur
806 4718 995 4768 senex,
1033 4718 1136 4757 una
1172 4716 1296 4756 cum
1330 4702 1424 4756 illo
1462 4707 1763 4758 oratorium
1810 4708 2089 4778 ingressus
2119 4721 2202 4766 est
2235 4730 2248 4764 :

691 4807 741 4870 et
779 4805 990 4863 peracta
1024 4796 1290 4854 oratione.
1321 4795 1616 4867 imperator
1648 4797 1762 4853 viro
1793 4809 1984 4854 sancto
2023 4820 2035 4856 :
2070 4802 2252 4856 Domi-

2359 4620 2769 4689 προσεκύνησεν
2826 4617 2997 4687 αὐτῷ.
3044 4619 3100 4669 Ὀ
3123 4618 3178 4670 δὲ
3216 4617 3476 4686 βασιλεὺς
3536 4618 3764 4682 ὑποθεὶς
3828 4620 3932 4690 τὴν

2360 4714 2520 4781 χεῖρα
2547 4711 2642 4762 καὶ
2689 4708 3072 4778 ὑποστηρίζων
3105 4709 3197 4761 τὸν
3249 4708 3502 4778 γέροντα,
3531 4710 3786 4780 εἰσῄεσαν
3806 4710 3930 4781 ἅμα

2361 4805 2439 4864 εἰς
2472 4803 2533 4854 τὸ
2573 4803 2880 4869 εὑκτήριον.
2944 4799 3077 4854 Εἶτα
3131 4799 3297 4870 εὑχῆς
3346 4799 3669 4871 γενομένης,
3723 4799 3930 4858 εἶπενὸ

1961 4978 2224 5040 Joannis
2260 4978 2389 5041 Clei
2423 4986 2610 5042 notae.

763 5115 893 5191 {7S)_
924 5117 1000 5170 Ex
1026 5116 1165 5191 vulgi
1194 5132 1434 5191 rumore,
1462 5129 1518 5171 ut
1545 5119 1999 5191 quideinwfatetur
2026 5119 2245 5191 biogra-

691 5187 851 5259 phus,
879 5185 996 5259 haec
1015 5187 1184 5259 refert
1232 5188 1298 5259 de
1325 5197 1521 5259 _morte
1552 5189 1795 5252 Gregorii
1823 5187 1896 5248 ν.»
1916 5207 2036 5259 qum
2068 5185 2244 5244 conti-

692 5257 769 5322 git
799 5270 942 5307 anno
972 5255 1192 5326 999‘die
1225 5256 1290 5308 12
1324 5256 1625 5312 Februarii.
1657 5260 1879 5326 Antiqui
1935 5255 2070 5313 nulli
2107 5261 2247 5312 scri-

689 5333 898 5395 ptores,
936 5325 1010 5375 ait
1042 5322 1370 5378 Muralorius
1395 5326 1446 5378 in
1476 5322 2144 5395 Annalibusfexpressius
2173 5332 2240 5383 de

686 5393 783 5466 i_lla
861 5393 1208 5466 loquuntur;
1283 5396 1539 5466 opinatur
1592 5406 1771 5450 autem
1843 5393 1952 5459 ille,
2017 5407 2244 5452 mortem

690 5461 958 5536 Gregorio
992 5461 1329 5515 maturatam
1352 5463 1419 5536 ab
1455 5465 1520 5518 iis
1548 5467 1636 5534 qui
1670 5466 1969 5520 Crescentii
2004 5469 2248 5536 partibus

691 5532 1080 5603 adlueserant;
1133 5547 1255 5601 quae
1312 5534 1443 5603 sane
1495 5532 1828 5603 conjectura.
1889 5538 1933 5590 si
1999 5532 2243 5600 eiusdem

689 5602 876 5672 uxoris
915 5601 1126 5672 insidiis
1157 5607 1278 5656 Utlo
1330 5601 1624 5671 imperator
1686 5608 1862 5672 periit.
1913 5623 2026 5659 tum
2080 5619 2162 5660 est
2216 5624 2242 5659 a

687 5670 1170 5741 verisimilitudine
1228 5670 1423 5725 aliena.
1463 5674 1563 5725 Sed
1598 5670 1724 5741 quid
1764 5677 1828 5729 de
1865 5677 2090 5728 assertis
2131 5679 2242 5728 hio-

686 5740 874 5805 graplii
936 5743 1158 5793 nostri?
1215 5740 1663 5808 Quandoquidem
1758 5746 1802 5796 is
1867 5748 2019 5795 tim-it:
2092 5763 2240 5796 suum

692 5812 899 5873 hbent,
938 5811 1161 5879 ulli-guto
1225 5815 1403 5881 populi
1433 5829 1669 5877 rumore,
1713 5816 2075 5869 ret‘isintiliter
2146 5836 2241 5870 nec

2347 5124 2541 5178 mortis
2602 5123 2895 5195 adjuncta;
2942 5125 3042 5194 ipsi
3126 5125 3684 5195 aliunde‘perspecta
3749 5127 3924 5184 lueret

2346 5208 2578 5261 quaeque
2609 5196 2828 5258 asserit,
2859 5192 3186 5264 Gregorium
3223 5196 3328 5249 sibi
3363 5192 3578 5256 fecisse.
3602 5211 3631 5248 a
3656 5195 3926 5250 Crescen-

2347 5265 2405 5316 tii
2446 5263 2684 5334 asset-lis
2719 5265 2857 5318 forte
2895 5263 3104 5330 patrata
3141 5265 3311 5319 luere.
3340 5265 3614 5334 Quidquid
3642 5266 3733 5327 sit,
3767 5266 3919 5327 Otto,

2349 5342 2408 5384 ut
2444 5333 2637 5387 scribit
2666 5332 2856 5386 Petrus
2914 5334 3209 5387 Damianus
3265 5334 3318 5386 in
3356 5335 3473 5387 Vita
3504 5332 3598 5388 _S.
3638 5334 3925 5389 Romualdl

2349 5403 2583 5465 abbatis,
2622 5421 2639 5451 ι
2682 5403 2841 5457 nudis
2873 5404 3104 5468 pedibus
3138 5402 3203 5457 tle
3242 5403 3487 5458 Romana
3533 5405 3670 5458 urbe
3699 5419 3924 5471 progre-

2353 5472 2531 5534 diens,
2555 5473 2632 5526 sic
2669 5488 2840 5536 usque
2869 5474 2931 5522 ad
2976 5472 3288 5541 Garganum
3333 5484 3571 5528 montem
3631 5473 3696 5525 ad
3731 5473 3785 5526 S.
3827 5472 3927 5526 Mi-

2355 5543 2561 5596 chaelis
2595 5543 2830 5608 perrexit
2860 5543 3171 5596 ecclesiam.
3216 5562 3233 5593 ι
3301 5542 3405 5596 Sed
3440 5543 3732 5611 piacularis
3765 5543 3925 5593 itine-

2355 5613 2429 5664 ris
2466 5627 2627 5665 causa
2686 5630 2713 5662 ιι
2757 5611 3117 5677 scriptoribus
3163 5613 3250 5665 illa
3299 5611 3556 5675 refertur,
3595 5612 3738 5678 quod
3794 5626 3922 5664 cou-

2352 5688 2435 5756 tra
2457 5682 2817 5756 j_urisjuram|i
2852 5682 3034 5745 tidem,
3076 5682 3450 5738 Crescentium
3476 5681 3653 5750 capite
3677 5681 3923 5734 truncati

2354 5763 2616 5814 iussisset.
