4132 6332
668 382 770 447 1’5

2071 380 2413 440 ᾹΝΟΝΥΜῘ

3784 373 3882 439 156

663 498 879 564 phanus
908 467 1042 565 (80),
1074 514 1139 553 ex
1174 513 1281 569 quo
1310 514 1417 552 non
1449 497 1746 553 convaluit.
1780 496 2025 550 Animam
2064 495 2225 560 igitur

2339 493 2521 560 κάριος
2546 489 2815 560 Στέφανος
2831 490 3290 561 τὴνξέπιθανάτιον
3314 486 3623 561 ἀρρωστίαν
3641 503 3654 516 ·
3683 486 3888 559 ψυχορο

667 589 856 658 agenti
903 604 1068 643 senex
1142 590 1435 654 assidebat.
1490 597 1968 656 conveneruntque
2033 585 2226 640 fratres

664 691 858 736 omnes
893 687 946 731 et
965 679 1427 743 circumstabant.
1488 678 1735 746 Tumque
1773 695 1999 749 magnus
2023 677 2181 731 Pater
2210 693 2223 729 :

667 766 884 836 Frater,
924 770 1120 839 inquit,
1187 769 1478 838 Stephane.‘
1548 771 1639 825 Ille
1670 757 1812 827 vero
1865 787 1986 825 sese
2043 771 2223 830 statim

666 862 1073 930 erigens'sedil,
1105 863 1485 932 colligatisque
1506 864 1778 923 manibus.
1808 865 2019 916 beatum
2052 863 2224 915 virum

669 961 873 1006 attente
913 954 1250 1009 intuebatur.
1288 955 1352 1008 Et
1390 957 1567 1019 Pater,
1589 955 1900 1010 Benedicito
1941 956 2223 1016 fratribus,

667 1044 929 1112 quiajam
967 1043 1178 1098 deficis.
1242 1045 1337 1098 llle
1388 1062 1516 1100 vero
1585 1059 1776 1100 nanus
1807 1047 2117 1113 expandens
2176 1056 2230 1099 et

668 1136 802 1190 bene
864 1136 973 1188 illis
1006 1146 1284 1202 precatus,
1312 1141 1455 1202 quod
1479 1136 1671 1206 jussus
1702 1146 1842 1200 erat,
1883 1137 2228 1203 exsequeba-

667 1236 775 1279 tur.
843 1226 1089 1295 Tumque
1166 1228 1362 1281 iterum
1413 1243 1645 1295 magnus
1717 1229 1939 1283 Pater:
1998 1228 2229 1293 Quiesce

661 1317 798 1384 lam,
835 1317 1203 1385 inquit,-quia
1236 1319 1381 1373 vires
1413 1327 1464 1373 te
1491 1319 1769 1374 deficiunt.
1801 1319 1867 1381 Et
1891 1320 1979 1373 ille
2006 1320 2230 1373 decum-

666 1405 802 1460 bu-ns
837 1409 1063 1476 quievit,
1117 1419 1335 1463 servato
1391 1411 1711 1465 obedientim
1767 1411 1947 1465 studio
1999 1410 2050 1463 in
2109 1412 2228 1480 ipso

673 1496 867 1549 mortis
911 1499 1173 1552 articulo.
1228 1497 1518 1568 Postquam
1561 1516 1686 1554 vero
1726 1501 1962 1552 animam
2005 1499 2225 1564 efﬂavit,

669 1585 888 1654 lugebat
913 1587 1064 1641 illum
1091 1604 1252 1643 senex
1287 1590 1340 1643 in
1376 1591 1488 1644 haec
1523 1593 1726 1647 verba:
1759 1590 1802 1644 Ο
1823 1591 1962 1644 bone
1994 1591 2228 1646 micoru-

2337 583 2632 651 ραγοῦντος
2668 577 2759 634 οὖν
2793 580 2979 645 αὐτοῦ,
3022 581 3114 633 καὶ
3154 580 3246 632 τοῦ
3265 581 3515 649 γέροντος
3540 577 3688 646 αὑτῷ
3718 594 3890 647 παρα.⁸

2329 672 2642 741 καθημένου
2674 670 3015 740 συνήχθησαν
3067 672 3115 722 οἱ
3153 670 3368 736 ἀδελφοὶ
3401 667 3635 728 ἃπαντες
3682 665 3889 736 κύκλῳ,

2330 765 2422 817 καὶ
2450 764 2596 828 λέγει
2625 764 2652 815 6
2696 764 2866 830 μέγας
2893 779 2905 793 ·
2946 761 3163 828 Ἀδελφέ
3197 761 3477 828 Στέφανείσ
3525 761 3554 811 6
3580 759 3634 812 δέ
3687 757 3890 820 εὐθέως

2329 853 2662 914 ἀνακαθίσας
2692 853 2847 920 ἔδησε
2880 852 2976 915 τάς
3029 855 3218 921 χεῖρας
3249 851 3338 905 καὶ
3372 852 3630 920 προσεῖχε
3664 847 3740 916 τῷ
3783 864 3888 914 μα·

2329 945 2524 1013 καρίῳ.
2589 939 2720 994 Εἶτα
2775 942 2920 1009 λέγει
2981 942 3115 1012 πρὸς
3170 940 3369 993 αὐτόν·
3434 938 3741 1009 Εὑλόγησον
3763 938 3886 997 τοὺς

2327 1034 2605 1100 ἀδελφοὺς.
2634 1034 2717 1084 ὅτι
2755 1033 3045 1093 ἐκλείπενις.
3091 1031 3150 1083 Ὀ
3179 1028 3526 1091 δέἀπλώσας
3574 1029 3672 1089 τὰς
3704 1029 3890 1098 χεῖρας

2328 1132 2419 1177 καὶ
2460 1123 2849 1195 ἐπευξάμενος,
2875 1123 2935 1175 τὸ
2982 1121 3271 1190 κελευσθὲν
3325 1117 3473 1188 αὐτῷ
3536 1118 3729 1171 ἐποίει.
3781 1115 3890 1168 Καὶ

2329 1217 2488 1268 πάλιν
2524 1216 2670 1282 λέγει
2712 1215 2860 1282 αὐτῷ
2894 1215 2922 1264 6
2959 1215 3132 1283 μέγας
3158 1227 3172 1241 ⁸
3238 1210 3545 1263 Ἀναπαύου
3569 1206 3775 1272 λοιπὸν,
3808 1206 3889 1259 ὅτι

2327 1309 2508 1361 οὐκέτι
2551 1307 2774 1375 ἰσχύεις’
2792 1305 2884 1358 καὶ
2917 1303 3221 1364 ἀνακλιθεὶς
3246 1300 3569 1361 ἀνεπαύετο,
3595 1297 3698 1364 πλη
3710 1291 3890 1366 ρώσιῖς

2326 1397 2416 1448 τὸν
2432 1396 2531 1464 τῆς
2544 1396 2787 1463 ὑπακοῆς
2807 1394 2930 1462 ὅρον
2954 1394 3010 1446 ἐν
3039 1391 3116 1462 τῷ
3133 1390 3368 1459 θανάτῳ.
3396 1388 3547 1442 Μετά
3574 1386 3628 1439 δέ
3652 1387 3712 1452 τὸ
3727 1385 3891 1438 αὑτὸν

2328 1487 2666 1541 ἀποπνεῦσαι
2726 1486 2945 1556 ἐθρήνει
2971 1486 2998 1538 6
3042 1484 3220 1559 γέρων
3269 1480 3353 1532 ἐπ’
3388 1477 3536 1547 αὐτῷ
3569 1477 3743 1545 λέγων
3769 1494 3783 1507 ⁸
3819 1469 3891 1527 '0

2328 1576 2458 1629 καλέ
2487 1593 2587 1645 μου
2614 1573 2985 1643 συναγωνιστά
3033 1573 3127 1625 καὶ
3167 1570 3409 1638 σύμπονε
3435 1567 3697 1636 Στέφανε,
3756 1563 3893 1633 μετά

669 1677 843 1731 milito
872 1685 926 1732 et
955 1693 1141 1735 comes
1176 1680 1425 1735 laborum
1465 1679 1760 1750 Stephane,
1800 1689 1924 1749 post
1947 1689 2024 1734 tot
2055 1695 2226 1736 annos

2339 1666 2566 1719 τοσαῦτα
2600 1667 2696 1735 ἐτη
2734 1662 3104 1735 χωριζόμεθα,
3130 1661 3224 1715 καὶ
3254 1660 3500 1726 ἀλλήλων
3548 1653 3892 1750 ἀποστερού-

666 1768 1031 1838 disiungimur
1051 1754 1112 1825 ὀι
1138 1772 1280 1826 alter
1314 1773 1489 1827 altero
1519 1774 1778 1827 orbamur
1808 1792 1822 1828 :
1847 1783 1899 1828 et
1926 1783 1979 1826 tu
2006 1773 2222 1842 quidem
2254 1812 2300 1873 Β

667 1858 733 1913 ad
792 1862 1057 1928 requiem,
1113 1878 1273 1930 quam
1328 1865 1424 1917 tibi
1480 1867 1820 1932 prmparasti,
1866 1867 2084 1935 migras,
2129 1880 2229 1934 ego

650 1966 797 2005 .vero
825 1952 880 2005 in
914 1953 1088 2021 poenis
1120 1955 1357 2006 remansi
1400 1969 1416 2007 :
1447 1963 1505 2008 tu
1541 1956 1743 2008 athleta
1785 1970 1849 2009 es
1897 1963 1949 2007 et
2002 1964 2228 2024 martyr,

667 2056 768 2110 ego
813 2043 960 2095 enim
1019 2050 1198 2097 tortor
1245 2044 1344 2098 tibi
1392 2059 1562 2102 eram.
1616 2044 1730 2099 Hoc
1778 2053 1958 2100 autem
2020 2046 2233 2100 dicebat.

668 2147 855 2195 senex,
905 2134 1031 2199 quia
1059 2135 1112 2187 in
1146 2142 1431 2196 senectute
1455 2135 1616 2189 etiam
1650 2135 1910 2204 colaphos
1955 2136 2029 2189 illi
2089 2136 2232 2191 inﬂi-

670 2223 874 2292 gebat:
914 2224 1120 2278 sciebat
1175 2226 1400 2294 quippe,
1457 2227 1607 2280 illum
1649 2235 1975 2280 eertatorem
2010 2242 2130 2281 esse
2183 2237 2235 2280 et

668 2314 928 2383 pugilem,
954 2315 1159 2383 illoque
1213 2305 1466 2370 utebatur
1519 2325 1776 2384 tanquam
1838 2317 2083 2378 dolabra,
2141 2326 2232 2370 aut

671 2403 834 2456 simili
867 2403 1235 2466 instrumento
1266 2406 1319 2459 in
1367 2412 1720 2462 contumaces
1771 2415 1825 2460 et
1856 2406 2227 2474 impatientes.

668 2493 805 2548 Nam
864 2495 910 2550 si
959 2495 1179 2564 quando
1230 2497 1284 2550 in
1319 2496 1582 2551 ecclesia
1636 2497 1864 2550 fratrum
1927 2496 2233 2570 quempiam

669 2586 990 2654 completus
1022 2593 1168 2642 esset
1199 2601 1427 2641 somnus
1456 2595 1510 2640 et
1556 2595 1834 2648 sterterel,
1896 2587 2024 2639 dum
2076 2588 2233 2641 lectio

671 2675 970 2733 haberetur
998 2689 1054 2733 et
1087 2693 1318 2748 magnus
1351 2677 1509 2732 Pater
1540 2687 1856 2746 exponeret,
1890 2678 2006 2746 ipse
2045 2678 2236 2732 beatus

670 2768 826 2831 quasi
855 2767 1119 2836 ignorans
1167 2770 1346 2825 aiebat
1392 2785 1406 2820 :
1441 2767 1544 2834 Qui
1586 2769 1786 2833 stertit,
1830 2769 2020 2838 praeui
2071 2769 2236 2822 dubio

672 2854 980 2922 Stephanus
1011 2866 1096 2912 est
1127 2873 1141 2910 :
1172 2856 1354 2924 ejicite
1376 2871 1499 2908 eum
1554 2856 1720 2920 foras,
1779 2873 1847 2910 ne
1906 2873 2005 2912 nos
2040 2857 2237 2912 doceat

671 2960 890 3012 pravam
923 2945 1404 2998 consuetudinem.
1428 2944 1583 3010 Saepe
1605 2947 1767 2998 etiam
1799 2962 1829 2999 e
1860 2961 2046 3001 mensa
2084 2946 2232 3000 illum

673 3037 879 3114 pepulit
903 3051 1024 3089 cum
1051 3037 1267 3105 probris
1297 3043 1349 3090 et
1375 3022 1721 3091 contumeliis
1759 3044 2017 3104 tanquam
2046 3038 2234 3091 incon-

2333 1756 2490 1824 μεθα.
2523 1756 2632 1808 Καὶ
2668 1756 2731 1807 σὺ
2789 1754 2887 1822 μέν
2917 1751 3132 1821 ἀπέρχῃ
3165 1749 3300 1816 πρὸς
3339 1747 3435 1815 τὴν
3467 1744 3788 1803 ἀνάπαυσιν,
3827 1741 3895 1811 ῆν

2334 1848 2542 1916 σεαυτῷ
2563 1847 2864 1916 ἡτοίμασας
2890 1862 2902 1874 ·
2933 1842 3042 1909 ἐγὼ
3073 1842 3127 1893 δέ
3151 1841 3482 1908 ἐ-ναπέμεινα
3507 1837 3586 1898 είς
3617 1834 3714 1904 τὴν
3734 1833 3896 1886 κόλα-

2331 1957 2433 1994 σιν.
2460 1942 2529 1992 Σὺ
2556 1939 2791 2007 ἀθλητὴς
2823 1937 2915 1988 καὶ
2941 1936 3148 2003 μάρτυς
3176 1931 3486 2000 τυγχάνεις,
3521 1928 3630 1996 ἐγὼ
3661 1928 3771 1996 γάρ
3811 1943 3892 1978 σοι

2333 2031 2528 2100 γέγονα
2578 2031 2788 2100 δήμιος.
2845 2024 3014 2079 Τοῢτο
3039 2026 3095 2077 δὲ
3136 2023 3316 2075 ἐλάλει
3365 2024 3392 2074 ὁ
3437 2020 3636 2089 γέρων,
3707 2015 3897 2083 ἐπειδὴ

2339 2128 2498 2196 μέχρι
2527 2124 2712 2192 γήρως
2751 2122 2812 2174 οὐ
2839 2120 3077 2171 διέλιπεν
3106 2116 3266 2168 αὐτὸν
3309 2113 3636 2182 κολαφίζων,
3697 2112 3901 2175 ἀγωνι-

2337 2217 2466 2284 στὴν
2492 2216 2654 2267 αὑτὸν
2687 2211 3049 2280 ἐπιστάμενος
3073 2211 3165 2262 καὶ
3205 2207 3436 2274 πύκτην.
3496 2202 3760 2266 Καθάπερ
3789 2199 3898 2269 γὰρ

2336 2307 2580 2374 ξυστῆρα
2627 2305 2788 2357 αὑτὸν
2843 2299 3070 2372 εἷχεν,ἢ
3118 2301 3249 2354 ἄλλο
3308 2317 3359 2351 τι
3426 2294 3707 2364 ἐργαλεῖον
3760 2291 3900 2360 πρὸς

2331 2400 2458 2460 τοὺς
2480 2397 2821 2463 ἀϐαστάγους
2849 2395 2943 2447 καὶ
2972 2392 3433 2460 ἀνυπομονήτους.
3472 2384 3740 2454 Ὀπηνίκα
3770 2382 3902 2450 γοῦν

2335 2493 2412 2552 είς
2465 2489 2560 2558 τὴν
2615 2486 2910 2555 ἐκκλησίαν
2959 2502 3046 2546 τις
3120 2482 3227 2535 τῶν
3284 2477 3526 2545 ἀδελφῶν
3556 2475 3902 2545 κοιμώμενος

2332 2582 2592 2651 ἓῤῥεγχεν
2623 2583 2679 2631 ἐν
2701 2581 2767 2646 τῇ
2802 2574 3103 2642 ἀναγνώσει
3132 2573 3222 2625 τοῦ
3251 2572 3487 2640 μεγάλου
3511 2565 3905 2638 διερμηνεύον-

2333 2691 2444 2734 τος,
2495 2672 2677 2738 έλεγεν
2731 2669 2891 2731 αὐτὸς
2923 2667 2951 2719 6
3001 2665 3268 2734 μακάριος
3299 2661 3376 2723 ὡς
3427 2658 3633 2726 ἀγνοῶν
3661 2672 3673 2683 °
3712 2655 3904 2718 Οἰδείς

2335 2766 2481 2816 ἐστιν
2519 2763 2545 2813 6
2578 2762 2786 2830 ῥέγχων
2817 2761 2863 2810 εἰ
2910 2756 2982 2824 μή
3009 2757 3036 2806 6
3067 2753 3334 2822 Στέφανος
3367 2767 3379 2780 ο
3438 2749 3698 2801 ἐκϐάλετε
3732 2745 3901 2798 αύτδν

2336 2855 2462 2920 ἔξω.
2498 2854 2690 2923 μήπως
2717 2851 2902 2920 διδάξῃ
2927 2852 3074 2920 ἡμᾶς
3107 2847 3281 2917 κακὴν
3305 2843 3605 2915 συνήθειαν.
3635 2841 3904 2904 Πολλάκις

2336 2947 2392 2999 δὲ
2423 2947 2517 2999 καὶ
2541 2947 2602 2997 ἐκ
2650 2944 2748 3012 τῆς
2799 2942 3080 3012 τραπέζης
3133 2939 3298 2992 αὐτὸν
3358 2937 3495 3007 μετὰ
3546 2935 3754 3004 ὕϐρεων
3808 2933 3906 2986 καὶ

2337 3035 2648 3104 ὀνειδισμῶν
2669 3035 2958 3102 ἐξήγαγεν,
2988 3033 3061 3093 ὡς
3091 3027 3430 3089 ἀπαιδεύτως
3456 3026 3725 3088 ἐσθίοντα,
3756 3025 3906 3094 διορ-

672 3126 782 3175 dite
808 3125 1182 3178 comedentem
1215 3144 1230 3192 ;
1267 3141 1361 3179 eos
1393 3127 1693 3195 corrigens,
1722 3127 1812 3196 qui
1843 3127 1890 3180 id
1917 3129 2232 3194 peccabant.

2339 3127 2599 3196 θούμενος
2625 3126 2747 3186 τοὺς
2797 3114 2928 3176 αὐτὸ
2980 3123 3338 3189 πράττοντας.
3392 3120 3503 3172 Καὶ
3538 3116 3719 3178 ἁπλῶς
3761 3114 3815 3167 εῐ
3849 3132 3906 3167 τι

674 3214 915 3284 Denique
952 3217 1214 3284 quidquid
1255 3218 1436 3271 delicti
1475 3218 1634 3271 fiebat
1669 3234 1762 3287 per
1791 3219 2097 3272 universam
2127 3222 2238 3272 fra-

673 3305 1009 3366 ternitatem,
1033 3306 1343 3374 Stephanus
1373 3309 1784 3378 increpabatur,
1816 3310 1970 3376 quasi
1994 3310 2237 3366 omnium

656 3412 822 3450 reus.
859 3395 966 3450 Nec
1001 3399 1136 3452 satis
1178 3401 1278 3452 hoc
1317 3410 1454 3461 erat,
1482 3400 1574 3454 sed
1629 3403 1786 3454 etiam
1843 3403 2059 3469 quando
2116 3416 2238 3454 cum

676 3485 939 3541 fratribus
963 3487 1026 3540 ad
1062 3504 1281 3555 operam
1337 3491 1690 3560 laboremque
1731 3507 1790 3546 se
1813 3493 2124 3546 conferebat
2150 3509 2237 3547 se-

679 3594 783 3632 nex
814 3580 927 3647 ipse
952 3583 1446 3650 etseptuagcnario
1482 3583 1655 3649 major
1693 3593 1748 3635 et
1781 3583 2102 3647 incurvatus
2133 3599 2242 3653 pra:

678 3674 829 3726 senio
865 3673 1138 3740 variiSqne
1170 3673 1395 3736 morbis,
1431 3688 1540 3726 non
1584 3687 1641 3726 se
1694 3675 1938 3742 erigebat
1976 3675 2029 3726 in
2067 3688 2242 3728 messe

679 3772 773 3816 aut
820 3765 871 3816 in
911 3778 1033 3816 area
1090 3780 1182 3831 per
1229 3772 1400 3817 totum
1461 3766 1622 3826 die‘m,
1683 3773 1734 3817 et
1804 3765 2238 3818 sordidissimum

681 3855 934 3921 qvodque
996 3863 1089 3906 aut
1133 3853 1620 3907 laboriosissimum
1655 3870 1788 3916 opus
1829 3871 1922 3922 per
1970 3856 2119 3908 illum
2153 3857 2249 3907 fie-

679 3946 823 3997 bat:
869 3961 995 3999 sane
1032 3946 1290 4012 quietem,
1338 3955 1431 3997 aut
1491 3946 1885 3998 relaxationem
1951 3954 2063 3998 toto
2120 3947 2243 4000 vitae

681 4051 792 4087 sum
857 4036 1133 4090 curriculo
1184 4051 1513 4104 quacunque
1557 4037 1610 4089 in
1667 4051 1724 4089 re
1780 4044 2005 4089 nonest
2053 4050 2244 4106 exper-

679 4135 784 4176 HIS.

750 4237 840 4289 95.
878 4237 1170 4303 Postquam
1208 4250 1337 4288 vero
1399 4235 1609 4287 beatam
1644 4242 2012 4302 aeternamque
2051 4240 2246 4288 nactus

687 4335 770 4379 est
825 4327 1094 4393 requiem,
1153 4327 1406 4394 prerEpil
1463 4324 1625 4377 Pater
1673 4324 1870 4392 duplex
1956 4322 2245 4390 praeparari

683 4419 1024 4485 sepulcrum,
1070 4428 1213 4472 utet
1280 4419 1416 4487 ipse,
1455 4433 1618 4470 cursu
1687 4427 2086 4477 consummato,
2139 4429 2245 4467 una

2342 3219 2406 3270 ἂν
2434 3218 2681 3284 πταῖσμα
2739 3213 2946 3278 ἐγίνετο
2983 3214 3038 3263 ἐν
3071 3211 3218 3280 πάσῃ
3246 3212 3310 3278 τῇ
3348 3209 3690 3277 ἀδελφότητι,
3721 3209 3747 3258 6
3769 3207 3908 3258 Στέι»

2343 3325 2508 3374 φανος
2537 3307 2834 3374 ἐπετιμᾶτο
2862 3305 2934 3365 ὡς
2963 3305 3069 3356 τῶν
3107 3303 3324 3356 πάντων
3370 3301 3636 3363 ὑπαίτιος.
3666 3301 3776 3353 Καὶ
3804 3300 3907 3352 οὐκ

2343 3400 2501 3468 ’ήρκει
2535 3389 2685 3465 αύτῷ
2746 3386 2922 3457 τοῦτο,
2989 3394 3124 3447 ἀλλά
3176 3394 3271 3447 καὶ
3341 3394 3476 3460 μετά
3508 3393 3616 3444 τῶν
3658 3391 3908 3459 ἀδελφῶν

2341 3488 2704 3559 ἐργαζόμενος
2725 3486 2901 3556 γέρων
2923 3485 2997 3536 ὢν
3033 3484 3194 3536 πλέον
3223 3483 3256 3553 ἢ
3284 3484 3410 3552 περὶ
3436 3485 3501 3535 τά
3541 3482 3908 3550 ἐϐδομήκοντα

2342 3582 2459 3648 ἐτη,
2504 3580 2597 3631 καὶ
2645 3578 2785 3629 πάνυ
2833 3568 3137 3646 κυρτωθεὶς
3189 3575 3252 3627 ἐκ
3276 3574 3367 3625 τοῦ
3426 3573 3610 3641 γήρως
3661 3571 3754 3624 καὶ
3796 3571 3909 3623 τῶν

2344 3669 2552 3721 πολλῶν
2611 3667 2954 3736 νοσημάτων,
2981 3666 3080 3717 ούκ
3136 3664 3389 3717 ἀνένευεν
3424 3668 3477 3716 ἐν
3505 3681 3579 3724 τῳ
3605 3663 3753 3730 θέρει
3792 3662 3824 3729 ἦ
3851 3663 3910 3712 ἐν

2343 3763 2407 3829 τῇ
2440 3759 2603 3812 ἀλωνι
2668 3758 2795 3824 ὃλην
2827 3756 2924 3824 τὴν
2963 3756 3200 3824 ἡμέραν.
3237 3754 3346 3807 Καὶ
3376 3755 3509 3806 ὅπου
3540 3753 3584 3804 δ’
3617 3753 3682 3805 ἂν
3715 3747 3781 3820 ἦν
3812 3753 3911 3820 ρυ-

2347 3847 2661 3914 παρώτερον
2691 3847 2848 3914 ἔργον
2878 3846 2908 3913 ἢ
2943 3843 3369 3912 κοπωδέστερον,
3429 3843 3544 3894 ἐκεῖ
3603 3841 3906 3906 εὑρίσκετο.

2346 3939 2521 3999 Ὃλως
2548 3937 2602 3988 δέ
2626 3937 2723 3988 οὐκ
2777 3933 2916 3987 οίδεν
2978 3935 3284 3986 ἀνάπαυσιν
3310 3932 3343 3999 ἢ
3368 3933 3553 3984 ἄνεσιν
3579 3929 3755 3989 πάσας
3806 3929 3912 3990 τάς

2344 4033 2551 4103 ἡμέρας
2578 4032 2673 4099 τῆς
2705 4029 2850 4098 ζωῆς
2882 4028 3043 4081 αὑτοῦ
3075 4030 3129 4079 ἐν
3175 4026 3472 4096 οίῳδήποτε
3524 4025 3836 4094 πράγματι.

2417 4223 2515 4291 [ιε’.
2539 4224 2670 4275 Ὀτε
2697 4216 2788 4274 οὖν
2811 4218 3154 4273 ἀνεπαύσατο
3188 4217 3285 4285 τὴν
3337 4215 3614 4284 μακαρίαν
3658 4214 3906 4267 ἀνάπαυ-

2349 4337 2453 4381 σιν,
2487 4316 2766 4380 διετάξατο
2790 4316 2815 4365 ὁ
2845 4312 3035 4380 Πατὴρ
3070 4310 3161 4361 τὸν
3183 4309 3355 4375 τάφον
3376 4305 3598 4358 διπλοῦν
3629 4304 3902 4372 γενέσθαι,

2350 4411 2436 4461 ἵνα
2464 4409 2560 4460 καὶ
2603 4405 2764 4466 αὐτὸς
2800 4401 3093 4462 τελειώσας
3146 4399 3238 4451 τὸν
3280 4397 3478 4466 δρόμον
3540 4396 3779 4462 συνταφῇ
3830 4391 3910 4463 τῷ

681 4484 1028 4576 sepeliretur.
1062 4507 1115 4559 Id
1169 4484 1315 4558 runr
1350 4504 1548 4573 Cajetae
1587 4505 1842 4574 princeps
1876 4503 2010 4571 (81),
2043 4504 2122 4554 vir
2151 4503 2237 4555 ad-

2355 4498 2629 4569 μακαρίτῃ
2661 4495 2938 4562 Στεφάνῳ.
2979 4492 3036 4543 '0
3069 4489 3125 4542 δέ
3147 4489 3331 4558 ἄρχων
3368 4487 3571 4548 Γαῖτας
3594 4485 3716 4536 λλαν
3754 4484 3912 4550 φιλό-

686 4600 907 4652 modum
935 4598 1244 4665 religiosus,
1282 4610 1642 4663 magnamque
1665 4595 1730 4646 de
1761 4595 2050 4646 smclitate
2066 4592 2245 4646 Patris

684 4689 998 4755 opinionem
1032 4687 1258 4743 habens.
1311 4693 1555 4752 rogasset
1588 4693 1640 4735 et
1674 4683 1967 4748 sepultura:
2022 4696 2241 4734 causam

687 4779 1016 4838 rescivissel,
1050 4777 1113 4826 ad
1139 4786 1430 4843 prtesentes
1484 4774 1618 4826 dixit
1666 4789 1682 4824 .'
1716 4772 1853 4840 Ergo
1889 4773 1934 4824 si
1967 4771 2123 4824 Pater
2149 4772 2246 4826 de-

685 4868 930 4931 cesserit,
965 4868 1049 4918 hic
1088 4882 1184 4930 ego
1225 4866 1368 4916 illum
1426 4863 1726 4930 relinquam
1782 4870 1833 4913 et
1861 4876 1966 4913 non
2010 4860 2244 4914 transfe-

686 4974 800 5009 rant
841 4957 893 5007 in
927 4971 1096 5007 meum
1136 4955 1344 5014 urbem,
1383 4960 1442 5003 ut
1496 4951 1566 5002 illi
1604 4951 1670 5004 sit
1716 4951 1882 5002 turris
1951 4949 2123 5001 instar
2163 4949 2247 5000 iu-

687 5061 966 5101 coucussne
995 5045 1018 5096 ?
1043 5045 1195 5108 Quod
1222 5051 1405 5111 postea
1436 5057 1594 5109 quam
1634 5040 1897 5107 perlatqu
1929 5047 2013 5092 est
2043 5039 2106 5092 ad
2127 5039 2244 5092 bea«

690 5148 801 5190 tum
827 5151 1035 5197 senem,
1061 5135 1411 5186 vehementer
1460 5131 1712 5183 tristatus
1749 5136 1852 5190 est,
1901 5137 1952 5181 et
1991 5128 2071 5181 ‘de
2131 5142 2248 5179 mu-

690 5229 856 5282 tando
914 5226 1190 5280 domicilio
1242 5221 1522 5293 cogitavit,
1588 5231 1647 5273 ut
1709 5235 1774 5274 eo
1820 5217 2118 5282 secederet,
2161 5218 2251 5271 ubi

2353 4591 2473 4650 θεος
2505 4587 2598 4648 ὣν,
2631 4587 2722 4639 καὶ
2759 4586 2940 4636 πίστιν
2999 4581 3198 4647 πολλὴν
3225 4578 3360 4648 ἔχων
3394 4579 3472 4639 εἰς
3504 4577 3592 4628 τὸν
3618 4577 3763 4628 ὅσιον
3800 4576 3913 4627 Πα-

2348 4680 2505 4747 τέρα,
2558 4676 2836 4743 ἐρωτήσας
2866 4673 2958 4723 xui.
3014 4666 3199 4739 μαθὼν
3252 4667 3351 4734 τὴν
3385 4665 3564 4718 αἰτίαν
3593 4663 3684 4714 τοῦ
3713 4663 3912 4725 τάφου,

2352 4763 2472 4819 εἷπε
2540 4763 2674 4831 πρὸς
2734 4761 2856 4821 τοὺς
2917 4757 3195 4827 παρόντας
3231 4770 3245 4784 °
3293 4754 3492 4806 Λοιπὸν
3544 4753 3686 4804 ἐάνὸ
3720 4749 3916 4820 Πατὴρ

2354 4857 2673 4926 τελευτήσῃ,
2711 4848 2811 4906 ὧδε
2844 4851 3006 4903 αὐτὸν
3043 4848 3379 4915 καταλείψω,
3411 4845 3525 4897 ἀλλ’
3548 4832 3646 4896 οὐκ
3693 4845 3914 4908 ἀπαγα-

2354 4945 2465 5013 γὼν
2487 4947 2540 4995 ἐν
2569 4945 2633 5010 τῇ
2668 4940 2819 4992 πόλει
2853 4956 2951 5008 μου
2973 4935 3288 5002 καταθήσω,
3323 4935 3409 4985 ἴνα
3434 4932 3532 5002 ἔχῃ
3557 4931 3718 4982 αὐτὸν
3746 4927 3916 4980 καθώς

2357 5050 2462 5101 περ
2491 5033 2738 5086 ἄσειστον
2785 5027 3028 5097 πύργον;
3094 5021 3263 5075 Τοῦτο
3306 5022 3483 5073 τοίνυν
3527 5017 3710 5087 μαθὼν
3746 5017 3773 5067 ὁ
3807 5031 3915 5083 μα-

2357 5125 2548 5194 κάριος
2579 5121 2780 5190 γέρων,
2839 5119 2931 5170 καὶ
2982 5115 3188 5186 σφόδρα
3234 5111 3516 5182 λυπηθεὶς,
3558 5106 3922 5161 ἐϐουλεύσατο

2361 5213 2522 5266 πάλιν
2557 5209 2877 5279 μετοικῆσαι
2905 5205 3133 5270 ἐκεῖθεν,
3159 5204 3252 5257 καὶ
3296 5200 3550 5257 ἀπελθεῖν
3571 5199 3705 5252 ὅπου
3739 5195 3923 5259 οὐδείς

1984 5407 2249 5468 Joannis
2286 5405 2416 5467 Clei
2455 5411 2642 5464 nota).

763 5561 875 5630 (80)
920 5563 989 5613 De
1023 5561 1317 5628 Stephano,
1359 5561 1517 5627 cujus
1542 5558 1719 5610 obitus
1744 5557 1850 5630 _hic
1889 5569 2022 5630 curui
2076 5553 2251 5630 elogio

693 5623 965 5691 nai-ralur,
996 5623 1171 5697 aliqua
1192 5623 1513 5684 dixinius'ad
1548 5638 1709 5691 caput
1787 5629 1920 5700 (not:
1941 5623 2054 5689 25).
2076 5623 2251 5700 Chr-0-

695 5701 935 5756 notaxim
965 5693 1196 5768 aliquam
1234 5702 1356 5750 vine
1399 5699 1519 5768 eius
1557 5698 1850 5768 secundum
1877 5693 2249 5768 rhronOtainu

697 5780 973 5842 gestorum
1011 5757 1067 5823 Si
1102 5769 1203 5822 Nili
1238 5769 1357 5822 vide
1383 5757 1766 5820 commentarii
1823 5760 2004 5830 przcvii
2039 5775 2186 5814 num.
2223 5757 2253 5807 ’7

2361 5554 2542 5687 “(88.0
2588 5619 2699 5671 Sub
2733 5617 3044 5687 finemvitaa
3075 5612 3247 5687 sancti
3291 5609 3481 5687 Patris,
3523 5616 3574 5658 et
3599 5603 3799 5687 saeculi
3838 5618 3928 5682 ,ιι

2364 5675 2579 5744 initium
2626 5687 2749 5755 quis
2809 5685 3006 5754 Cajeta:
3039 5683 3288 5750 princeps
3329 5678 3509 5737 fuerit,
3544 5675 3672 5727 mihi
3701 5687 3810 5726 non
3838 5675 3936 5724 in-

2362 5768 2557 5814 ηοιιιιι.
