4132 6332
171 425 263 488 157

1290 426 1466 486 VlTA
1506 423 1569 482 S.
1603 420 1764 480 NILI
1793 421 2178 486 JUNIORIS.

3302 418 3404 486 158

163 545 309 596 ἐστιν
338 545 366 595 ὁ
393 542 705 609 γινώσκων.
741 544 1036 613 Προῃρεῖτο
1071 542 1180 610 γὰρ
1204 540 1492 594 ἀποθανεῖν
1522 539 1729 602 κακῶς,

1837 544 1968 597 nulli
2032 544 2284 612 cognitus
2333 551 2501 596 esset.
2546 541 2778 596 Malebat
2812 543 2953 597 enim
3007 541 3203 596 misere
3241 542 3405 608 mori,

163 636 195 704 ἢ
237 634 510 702 ὑπόληψιν
544 637 692 704 σχεῖν
743 633 895 701 ἁγίου
924 634 1076 702 παρά
1108 651 1251 694 τινος
1287 633 1394 684 τῶν
1416 629 1736 699 ἀνθρώπων·

161 726 476 779 τούναντίον
536 727 635 795 μὲν
703 721 794 778 οῦν
851 727 1148 796 ἠγωνίζετο
1188 725 1340 794 παρὰ
1385 726 1496 784 τοῖς
1527 723 1742 786 πολλοῖς

162 817 386 886 θυμώδη
421 859 436 880 ,
487 817 583 870 καὶ
637 817 919 888 ὑϐριστὴν,
971 820 1063 870 καὶ
1116 816 1331 869 πάντων
1389 815 1496 867 τῶν
1564 815 1741 868 ἄλλων

163 907 354 959 παθῶν
395 908 621 977 μέτοχον
673 907 951 970 ἀποδεῖξαι
998 923 1011 937 ο
1063 906 1242 959 πολλοὶ
1268 907 1323 958 δὲ
1373 907 1586 975 ἀνόητοι
1648 907 1740 958 καὶ

161 997 710 1065 ἐσκανδαλίσθησαν*
763 999 922 1066 ἡμεῖς
984 996 1062 1059 δὲ,
1114 997 1310 1058 οἵτινες
1360 997 1740 1064 συνεφάγομεν

160 1090 257 1141 καὶ
322 1089 659 1156 συνεπίομεν
725 1088 870 1157 αὑτῷ
927 1087 1186 1151 ἀναξίως,
1243 1086 1586 1155 πεπείσμεθα
1645 1090 1739 1138 καὶ

165 1179 730 1248 πεπληροφορήμεθα,
798 1180 890 1230 καὶ
918 1179 1148 1229 ἐνώπιον
1190 1177 1324 1230 Θεοῦ
1359 1180 1452 1229 καὶ
1493 1177 1740 1243 ἀγγέλων

155 1269 596 1337 ὁμολογήσομεν,
653 1269 733 1319 ὅτι
764 1267 918 1332 ἅγιός
970 1268 1118 1316 ἐστιν
1173 1268 1198 1316 ὁ
1234 1266 1502 1334 μακάριος
1529 1263 1738 1329 Νεῖλος,

157 1359 235 1420 ὡς
255 1353 336 1420 εἷς
370 1359 477 1410 τῶν
515 1357 787 1427 θεοφόρων
829 1358 970 1408 Πατέ
982 1374 1088 1425 ρων
1114 1358 1205 1408 καὶ
1225 1355 1580 1424 ὑπερὸἀλλων
1609 1355 1742 1407 πάν-

159 1467 260 1512 τας
291 1452 420 1510 τοὺς
449 1452 506 1502 ὲν
528 1452 592 1518 τῇ
624 1451 786 1519 γενεᾷ
809 1449 980 1516 ταύτῃ
1011 1447 1328 1516 ἀνθρώπους
1358 1449 1421 1500 ἄν
1450 1464 1507 1498 τε
1539 1448 1740 1514 σημεῖα

160 1544 393 1612 ποιήσῃ,
427 1541 492 1593 ἄν
515 1557 572 1592 τε
612 1541 719 1609 μή·
741 1542 833 1592 καὶ
862 1541 996 1606 ὅπερ
1027 1539 1078 1590 οἱ
1108 1539 1299 1590 πολλοὶ
1329 1539 1435 1591 τῶν
1468 1538 1741 1590 ἀσυνέτων

160 1630 531 1699 ἐπερωτῶσι,
590 1628 684 1680 τοῦ
736 1628 918 1680 αὐτῶν
961 1628 1076 1696 βίου
1143 1626 1344 1697 μηδένα
1427 1627 1741 1694 ποιούμενοι

157 1723 320 1788 λόγον
347 1740 361 1752 ο
395 1723 531 1790 ὅπερ
564 1721 656 1774 καὶ
690 1723 747 1774 ὲν
781 1723 996 1784 πολλοῖς
1043 1722 1149 1773 τῶν
1177 1719 1486 1784 κακοδόξων
1517 1719 1738 1789 εὑρέθη.

160 1814 339 1867 Τοῦτο
371 1817 425 1866 δὲ
455 1809 628 1877 εἶπον,
692 1815 790 1884 οὐχ
851 1816 936 1866 ἵνα
999 1814 1094 1883 τὴν
1148 1813 1312 1866 αὑτοῦ
1347 1813 1506 1882 χάριν
1538 1813 1740 1881 ἄπορον

159 1903 462 1972 θαυμάτων
530 1903 754 1970 ἐλέγξω·
828 1903 1084 1972 βλέπουσι
1135 1903 1246 1970 γὰρ
1298 1903 1382 1954 ἀεὶ
1443 1903 1542 1971 τὴν
1568 1901 1736 1969 αὐτῆς

153 1994 393 2062 δύναμιν
441 1996 489 2046 οἱ
523 1997 648 2056 τοὺς
695 1994 1010 2062 ὀφθαλμοὺς
1045 1996 1099 2046 ἐν
1142 1997 1208 2063 τῇ
1246 1994 1455 2064 κεφαλῇ
1485 1995 1733 2061 ἔχοντεςο

157 2085 276 2136 ἀλλ’
303 2086 391 2136 ἵνα
433 2088 533 2152 τὴν
562 2085 785 2152 ἄκαιρον
818 2087 911 2136 καὶ
946 2086 1174 2152 ἀνόητον
1205 2084 1474 2153 ἐρώτησιν
1505 2085 1738 2153 ἀνατρέ-

156 2175 265 2245 ψω.
298 2178 414 2229 Πᾶν
450 2177 556 2245 γὰρ
583 2177 639 2228 τὸ
691 2175 1022 2247 ζητούμενον
1054 2177 1080 2226 ὁ
1123 2176 1236 2245 βίος
1271 2177 1528 2246 τυγχάνει
1556 2194 1568 2207 ·
1603 2177 1735 2228 θαυ-

162 2268 353 2335 μάτων
403 2268 458 2319 δὲ
510 2267 713 2335 πλῆθος
780 2251 873 2320 και
926 2267 1155 2334 δύναμις
1239 2266 1575 2336 στεργομένη
1637 2267 1736 2335 μὲν

158 2357 648 2426 σννεκλάμπουσα,
689 2360 1156 2427 περιφρονουμένη
1205 2359 1274 2411 δὲι
1308 2359 1381 2427 μὴ
1412 2359 1730 2427 συνᾴδουσα.

169 2450 292 2502 Ἐπὶ
329 2448 429 2515 τὴν
459 2449 660 2500 νύσσαν
688 2449 866 2500 τοίνυν
900 2442 1408 2514 ὲπανάκάμψωμεν.
1443 2447 1736 2514 Βουληθεὶς

154 2537 250 2593 οῦν
282 2542 307 2591 ὁ
343 2542 626 2609 μισόδοξος
683 2540 872 2608 Πατὴρ
924 2539 1081 2608 ἡμῶν
1109 2539 1297 2598 Νεῖλος
1329 2539 1648 2591 καταλιπεῖν
1679 2539 1738 2590 τὸ

163 2633 553 2699 μοναστήριον,
605 2633 739 2699 ὅπερ
788 2631 1004 2696 λέγεται
1056 2632 1337 2698 Σὲρπερις,
1377 2636 1431 2678 εν
1460 2622 1502 2694 ᾧ
1529 2629 1734 2696 ἦσκησε

163 2721 293 2788 περὶ
313 2721 402 2770 τὸν
455 2720 682 2770 δέκατον
730 2719 937 2786 χρόνον,
1005 2719 1156 2785 μόλις
1210 2717 1536 2778 ἐπικαθίσας
1568 2715 1735 2767 διὰτὸ

159 2813 341 2878 γῆρας
375 2811 549 2876 ἵππῳ,
576 2808 746 2877 ᾣχετο
779 2809 871 2860 ἐπὶ
910 2808 1007 2874 τὴν
1041 2806 1279 2874 Ῥώμην.
1321 2807 1512 2871 Ἔλεγε
1553 2805 1606 2856 δὲ
1626 2808 1736 2866 τοῖς

163 2900 418 2966 ἀδελφοῖς
484 2898 903 2965 ὲποδυρομένοις
941 2899 1015 2963 τῷ
1068 2896 1331 2965 χωρισμῷ
1381 2894 1543 2946 αὐτοῦ
1575 2911 1586 2924 °
1647 2895 1734 2964 Μὴ

159 2988 449 3050 λυπεῖσθε,
494 2982 538 3038 ιῖ)
573 2982 810 3056 Πατέρες
870 2988 960 3038 καὶ
998 2986 1213 3051 ἀδελφοί
1245 3003 1258 3015 ·
1295 2985 1596 3052 πορεύομαι
1627 2984 1735 3053 γὰρ

161 3081 455 3149 ἑτοιμάσαι
512 3079 676 3131 τόπον
741 3079 829 3130 καὶ
874 3080 1250 3147 μοναστήριον,
1291 3075 1416 3127 ἔνθα
1443 3076 1734 3142 συναγάγω

163 3174 372 3231 πάντας
402 3171 523 3230 τοὺς
555 3170 835 3236 ἀδελφοὺς,
864 3168 956 3221 καὶ
981 3168 1044 3219 τὰ
1079 3167 1539 3236 διεσκορπισμένα
1571 3166 1734 3220 τέκνα

165 3280 298 3332 μου.
850 3246 852 3249 ’

240 3353 356 3421 ἵης’.
399 3357 625 3408 Ἐκεῖνοι
656 3355 710 3404 δὲ
736 3354 809 3421 μὴ
839 3350 1084 3412 νοοῦντες
1114 3350 1236 3402 τίνα
1264 3347 1330 3418 ἦν
1361 3348 1394 3402 ἃ
1427 3350 1608 3415 ἔλεγεν
1635 3351 1729 3400 αὺ-

161 3445 303 3505 τοῖς,
339 3444 774 3512 παρεμυθοῦντο.
810 3442 915 3492 Τοῦ
953 3441 1130 3492 τοίνυν
1182 3439 1315 3490 Θεοῦ
1369 3438 1729 3504 καθοδηγοῦν-

160 3554 255 3598 τος
289 3539 447 3589 αὑτὸν
477 3537 568 3588 ἐπὶ
613 3537 700 3586 τὸν
739 3534 1149 3602 προωρισμένον
1200 3531 1300 3598 τῆς
1365 3533 1538 3600 ταφῆς
1569 3531 1728 3583 αὑτοῦ

159 3628 534 3688 τόπον,·κατὰ
569 3628 658 3678 τὸν
707 3629 1160 3691 προεγνωσμένον
1193 3623 1390 3684 θεῐκῶς
1423 3624 1570 3692 αὐτῷ
1601 3623 1727 3691 τρό-

160 3738 288 3781 πον,
321 3719 724 3787 καταλαμδάνει
756 3717 948 3784 κώμην
977 3718 1096 3768 τινὰ
1125 3716 1465 3783 καλουμένην
1493 3717 1728 3784 Τουσχο-

162 3811 355 3872 λάναν,
387 3813 692 3879 ἀπέχουσαν
735 3808 941 3859 δώδεκα
976 3808 1123 3875 μίλια
1149 3807 1253 3858 ἀπὸ
1301 3805 1521 3873 Ῥώμης
1550 3821 1563 3834 ·
1601 3808 1728 3872 περὶ

163 3903 232 3972 ῆν
263 3903 472 3970 ἵδρυται
537 3900 895 3967 μοναστήριον
930 3899 1125 3962 ὀλίγων
1171 3897 1415 3961 ἀδελφῶν
1445 3895 1728 3963 ὁμοφύλων

165 3991 260 4042 ἐπ’
295 3991 515 4058 ὀνόματι
552 3991 649 4056 τῆς
687 3989 844 4056 ἁγίας
882 3989 1134 4054 ’Λγάθης.
1173 3988 1407 4038 Κὰκεῖσε
1423 3985 1730 4046 καταλύσας

161 4084 189 4135 ὸ
223 4082 378 4147 ἆγιος
401 4083 610 4150 γέρων,
642 4081 735 4133 καὶ
771 4081 850 4141 τὸ,
901 4098 918 4130 ι
954 4079 1098 4146 Αὕτη
1136 4081 1166 4148 ή
1217 4078 1557 4135 κατάπαυσίς
1606 4095 1726 4144 μου,

164 4171 427 4240 εἰρηκὼς,
476 4175 551 4232 εἰς
587 4171 754 4223 αίῶνα
779 4171 1022 4231 αἰῶνος.»
1060 4169 1340 4220 ούκέτιτοῦ
1371 4168 1555 4220 λοιποῦ
1582 4168 1730 4234 ἴσχυσ-

167 4263 226 4315 σέ
268 4279 348 4324 τις
393 4262 554 4314 αὐτὸν
617 4263 927 4314 ἀνασπάσαι
977 4261 1204 4322 ἐκεῖθεν,
1257 4261 1430 4311 καίτοι
1477 4261 1568 4311 καὶ
1623 4259 1730 4312 τῶν

167 4355 440 4406 συνόντων
490 4354 638 4421 αύτῷ
673 4354 912 4420 ἀδελφῶν
953 4352 1331 4419 ἐνοχλούντων,
1362 4351 1580 4402 καὶτῶν
1633 4353 1730 4418 τῆς

179 4444 400 4511 Ῥώμης
459 4446 804 4512 μεγιστάνων
850 4444 983 4511 πρὸς
1044 4443 1206 4493 αὑτὸν
1248 4442 1726 4510 παραγενομένων,

1843 649 2000 702 quam
2057 633 2199 701 apud
2265 647 2587 702 quemquam
2649 631 2924 687 hominum
2983 647 3103 685 esse
3168 631 3221 684 in
3287 630 3407 699 opio

1850 726 2012 779 niune
2068 725 2397 779 sanctitatis.
2447 723 2652 780 Contra
2687 722 2868 790 potius
2929 723 3202 776 nitebatur
3236 720 3404 774 videri

1830 797 2034 868 multis
2069 815 2390 876 iracundus,
2415 815 2873 878 contumeliosus,
2901 815 3221 882 cunctisque
3240 811 3405 865 animi

1845 907 2050 960 morbis
2108 904 2382 973 oppletus.
2435 904 2541 958 Nec
2600 903 2822 958 defuere
2871 902 3188 970 insipientes
3227 901 3403 964 multi,

1843 1000 1933 1064 qui
1971 996 2114 1065 passi
2151 997 2261 1050 sint
2321 994 2654 1049 scandalum.
2695 994 2800 1048 Sed
2847 1010 2968 1061 nos,
3034 995 3120 1061 qui
3190 995 3407 1059 indigne

1843 1085 2297 1138 manducavimus
2322 1094 2373 1138 et
2407 1085 2645 1142 bibimus
2677 1099 2798 1138 cum
2844 1085 2934 1139 illo
2962 1085 3096 1153 (82),
3131 1100 3225 1151 pro
3257 1094 3404 1134 cc-rto

1841 1187 1894 1229 et
1919 1177 2204 1244 explorato
2239 1176 2522 1238 habemus,
2548 1185 2601 1228 et
2624 1192 2803 1230 coram
2868 1179 2971 1229 lico
3013 1185 3064 1228 et
3093 1177 3303 1242 angelis
3333 1175 3408 1226 fa-

1845 1269 2101 1330 tebimur,
2159 1268 2327 1323 beata
2391 1267 2669 1322 memoria:
2733 1267 2906 1320 Nilum
2959 1285 3077 1322 esse
3133 1280 3403 1331 sanctum,

1815 1373 2000 1426 .9?qu
2024 1369 2082 1410 ut
2125 1374 2290 1412 unum
2327 1375 2390 1411 ex
2423 1357 2646 1412 deiferis
2683 1357 2956 1416 Patrihus.
2987 1367 3038 1412 et
3069 1359 3281 1412 cunctis
3310 1358 3408 1409 hu-

1834 1450 1927 1518 jus
1975 1448 2346 1517 generationis
2378 1449 2693 1503 hominibus
2756 1449 2905 1502 illurn
2956 1457 3233 1515 praestare.
3290 1448 3408 1500 site

1844 1539 2102 1601 ediderit,
2162 1539 2275 1593 sive
2311 1554 2417 1592 non
2449 1539 2678 1594 ediderit
2734 1540 3016 1593 miracula.
3050 1538 3193 1605 quod
3248 1536 3405 1591 multi

1845 1630 2092 1697 imperite
2116 1635 2392 1696 quaerunt,
2450 1629 2632 1696 qualis
2662 1637 2782 1682 acta
2826 1629 2897 1682 sit
2933 1629 3062 1691 vita,
3133 1640 3242 1678 non
3305 1641 3404 1679 cu-

1841 1729 2051 1785 rantes,
2084 1735 2206 1772 cum
2232 1720 2364 1774 illud
2403 1727 2456 1773 et
2491 1720 2627 1790 apud
2665 1721 2911 1774 homines
2960 1718 3265 1774 orthodoxa
3301 1718 3405 1772 fide

1844 1821 2094 1864 carentes
2133 1811 2312 1865 fuerit.
2351 1809 2463 1865 Hoc
2499 1821 2680 1866 autem
2717 1811 2848 1876 dixi,
2915 1819 3105 1863 nonut
3136 1809 3253 1878 ejus
3284 1825 3408 1876 gra—

1843 1904 1929 1955 tiae
1954 1902 2223 1955 miracula
2247 1902 2440 1957 deesse
2471 1903 2811 1956 ostenderem
2850 1901 3056 1971 (vident
3095 1904 3237 1954 enim
3259 1918 3404 1954 sem-

1843 2011 1936 2063 per
1968 1993 2085 2061 ejus
2124 1995 2269 2047 vires
2300 1994 2334 2046 ii
2364 1994 2563 2062 quibus
2587 1995 2731 2047 oculi
2763 2003 2889 2047 sunt
2917 1995 2970 2046 in
3003 1994 3177 2060 capite
3193 1992 3404 2059 eorum)

1841 2084 1933 2138 sed
1971 2093 2032 2137 ut
2089 2084 2324 2151 ineptam
2364 2085 2502 2137 hanc
2554 2091 2608 2137 et
2668 2083 2871 2135 fatuam
2926 2082 3404 2151 interrogationem

1845 2173 2110 2241 rejiciam.
2137 2171 2331 2226 Totum
2370 2172 2514 2240 quod
2551 2172 2836 2240 quaeritur,
2871 2173 2976 2224 vita
3012 2181 3116 2236 est,
3174 2172 3408 2223 miracu-

1842 2265 2016 2317 lorum
2050 2279 2177 2319 vero
2209 2266 2360 2333 copia
2424 2275 2478 2318 et
2531 2264 2845 2333 magnitudo
2901 2266 3123 2334 probata
3181 2263 3401 2332 quidem

1841 2364 1941 2415 est.
1979 2357 2020 2410 si
2057 2356 2216 2409 simul
2250 2356 2483 2414 eluceat.
2518 2355 2764 2422 neglecta
2800 2371 2948 2414 vero.
3001 2356 3044 2408 si
3103 2356 3283 2406 minus
3333 2355 3404 2408 sit

1839 2461 2095 2498 consona.
2135 2445 2240 2498 Sed
2263 2429 2331 2497 ad
2365 2446 2703 2512 pr0pusitum
2739 2445 3048 2499 redeamus.
3106 2445 3238 2498 Cum
3274 2461 3401 2513 ergo

1841 2540 2131 2587 statuisset
2161 2535 2432 2586 honorum
2469 2546 2810 2605 contemptor
2846 2536 3006 2590 Pater
3037 2547 3224 2590 noster
3249 2537 3404 2591 Nilus

1839 2626 2089 2677 deserere
2145 2629 2558 2690 monasterium,
2591 2628 2734 2695 quod
2788 2627 3033 2695 Set-peris
3068 2628 3176 2696 (85)
3227 2644 3401 2682 voca—

1839 2721 1946 2776 tur,
1975 2715 2026 2764 in
2053 2729 2160 2780 quo
2186 2715 2250 2766 ad
2294 2730 2469 2770 annos
2513 2717 2699 2770 decem
2773 2718 3128 2770 monasticam
3175 2718 3405 2771 duxerat

1837 2803 2030 2863 vitam,
2068 2806 2157 2856 vix
2195 2819 2303 2872 pra=
2340 2806 2492 2858 senio
2524 2808 2700 2873 potuit
2753 2823 2950 2873 equum
3005 2808 3401 2869 conscendere,

1840 2907 1896 2950 ut
1926 2897 2148 2951 Romam
2183 2899 2305 2954 iret.
2330 2899 2548 2954 Dicebat
2605 2909 2785 2954 autem
2811 2900 3070 2954 fratribus
3100 2903 3399 2955 disce-sum

1837 2989 1955 3053 ejus
1994 2991 2302 3056 lugentibus
2345 3009 2358 3042 :
2394 2991 2466 3042 Ne
2497 2992 2759 3052 doleatis,
2791 3007 2821 3045 ο
2855 2991 3040 3046 Patres
3073 3000 3127 3044 et
3159 2991 3398 3048 fratres:

1836 3096 1900 3134 eo
1930 3081 2129 3147 quippe
2181 3081 2243 3132 ad
2285 3082 2583 3147 parandum
2636 3083 2812 3135 locum
2872 3094 2923 3135 et
2980 3083 3399 3143 monasterium,

1765 3191 1807 3250 ς
1841 3189 1946 3240 quo
1984 3187 2171 3225 omnes
2201 3170 2396 3225 fratres
2429 3182 2480 3225 et
2504 3172 2779 3242 dispersos
2818 3173 2955 3226 filios
2987 3187 3138 3228 meos
3171 3188 3399 3242 congre-

1834 3282 1978 3336 gem.

1901 3357 1989 3410 96.
2021 3357 2097 3410 Illi
2124 3373 2252 3410 vero
2285 3371 2394 3408 non
2452 3356 2836 3423 intelligentes,
2875 3372 2994 3424 quae
3052 3357 3395 3419 dicebantur,

1834 3449 2086 3502 solatium
2118 3447 2410 3500 habebant.
2443 3447 2658 3516 itaque,
2720 3448 2825 3504 Deo
2880 3449 3017 3502 dure
3049 3450 3194 3502 illum
3252 3448 3400 3502 diri-

1832 3551 1990 3609 gente
2021 3539 2086 3591 ad
2119 3539 2296 3592 locum
2340 3540 2634 3606 svpultura:
2682 3555 2794 3594 sua:
2830 3541 3163 3594 destinatum
3199 3541 3392 3592 eumin

1839 3632 2081 3692 modum,
2112 3645 2270 3698 quem
2307 3630 2414 3684 Deo
2450 3633 2724 3685 revelante
2760 3638 3115 3700 cognoverat,
3147 3630 3392 3698 pervenit

1832 3718 1885 3771 in
1909 3718 2184 3786 quoddam
2215 3720 2495 3787 oppidum,
2525 3722 2612 3772 cui
2667 3737 2859 3774 nomen
2912 3705 3204 3775 Tusculum
3255 3719 3391 3789 (84),

1833 3810 2122 3862 duodecim
2159 3810 2326 3863 millia
2360 3826 2615 3880 passuum
2651 3813 2717 3865 ah
2756 3813 2898 3867 Urbe
2917 3789 3163 3866 'distans.
3221 3811 3394 3879 Prope

1833 3899 1963 3952 illud
2000 3900 2161 3953 situm
2194 3910 2310 3953 erat
2375 3903 2764 3956 monasterium
2797 3918 3093 3970 paucorum
3158 3900 3387 3954 fratrum

1833 3989 2069 4043 nationis
2107 4000 2306 4044 nostra:
2333 3990 2666 4057 Graecorum,
2701 3995 2916 4047 nomine
2965 3993 3026 4050 S.
3059 3994 3298 4061 Agatbze.
3337 3995 3388 4046 in

1831 4080 2205 4147 quodsanctus
2224 4097 2383 4135 senex
2403 4083 2649 4136 divertit:
2692 4102 2709 4134 ‹
2726 4083 2870 4146 Haec,
2893 4085 3162 4152 inquiens,
3179 4085 3391 4152 requies

1831 4185 1945 4222 mea
1997 4172 2051 4222 in
2081 4171 2333 4223 saeculum
2369 4173 2575 4224 szeculi.
2605 4191 2627 4225 θ
2675 4173 2784 4227 Nec
2814 4174 2940 4229 inde
2993 4177 3166 4244 potuit
3197 4190 3223 4226 a
3257 4189 3390 4241 quo-

1829 4258 1992 4329 quam
2017 4261 2221 4323 divelli,
2265 4263 2387 4314 licet
2424 4263 2556 4317 szcii
2600 4263 2797 4320 fratres
2856 4266 3067 4320 molesti
3118 4273 3302 4318 essent
3337 4274 3388 4318 et

1829 4355 2121 4428 Optimates
2150 4353 2379 4406 Romani
2412 4354 2734 4409 accedentes
2759 4365 3034 4422 rogarent,
3066 4364 3122 4408 ut
3159 4354 3386 4407 Romam

1830 4458 1890 4496 se
1923 4443 2222 4508 conferret,
2266 4444 2458 4497 saltem
2512 4455 2731 4513 propter
2790 4448 3064 4515 principes
3115 4446 3385 4514 apostolo-

170 4538 268 4589 καὶ
313 4537 704 4589 δυσωπούντων
759 4536 852 4586 τοῦ
919 4535 1178 4586 εἰσελθεῖν
1209 4534 1265 4584 ὲν
1295 4537 1360 4599 τῇ
1407 4533 1589 4602 Ῥώμῃ
1623 4533 1726 4584 κᾶν

1835 4549 1973 4587 rum.
2005 4535 2071 4584 At
2106 4535 2195 4588 ille
2228 4535 2562 4602 respondens
2589 4537 2766 4590 aiebat
2791 4538 3043 4592 omnibus
3079 4557 3092 4591 :
3125 4539 3381 4592 Celeber-

165 4628 255 4680 διὰ
288 4626 411 4690 τοὺς
445 4627 692 4696 πρώτους
733 4628 840 4679 τῶν
896 4625 1228 4678 ἀποστόλων.
1285 4623 1634 4693 Ἀπεκρίνετο
1670 4625 1724 4676 δὲ

1833 4625 1987 4679 rimis
2014 4631 2067 4678 et
2090 4639 2279 4680 revera
2304 4633 2386 4680 ter
2429 4626 2760 4680 bc'atissimis
2788 4629 3158 4696 apostolorum
3212 4628 3380 4696 Cory-

1409 4808 1674 4869 Joannis
1721 4809 1849 4870 Clei
1898 4817 2086 4870 notae.

233 4929 345 4992 (82)
416 4929 496 4981 En
573 4930 938 4981 testimonium
996 4928 1523 4990 manifestissimum.
1581 4932 1726 4997 quod

166 5000 506 5065 biographus
534 5015 636 5050 non
665 5004 836 5050 solum
871 5009 1062 5050 sancto
1092 5007 1583 5063 contemporanens
1607 5000 1726 5052 fue-

168 5071 266 5124 rit.
301 5071 394 5121 sed
422 5070 586 5121 etiam
630 5067 819 5120 intima
867 5069 1261 5121 consuetudine
1297 5069 1459 5121 fuerit
1495 5070 1725 5137 conjun-

165 5146 311 5191 ctus.

243 5206 354 5272 (83)
414 5205 484 5256 De
525 5205 849 5258 monasterio
898 5206 997 5256 hoc
1054 5205 1126 5257 ita
1169 5205 1280 5259 fere
1336 5205 1721 5262 Sciommarius

169 5283 301 5327 nota
343 5276 400 5326 l8
458 5274 521 5327 ad
581 5274 750 5327 Vitam
802 5275 858 5327 Β.
896 5273 1302 5328 Bartholomtei:
1336 5295 1353 5325 ι
1392 5275 1563 5329 Situtn
1604 5285 1720 5330 erat

209 5358 343 5410 rope
382 5359 530 5396 mare
565 5345 617 5396 in
664 5346 800 5413 loco,
833 5345 921 5409 qui
990 5345 1281 5396 vocabatur
1334 5345 1558 5413 Serapo,
1610 5361 1714 5398 non

188 5429 330 5479 onge
361 5428 388 5465 a
414 5425 594 5480 porta,
613 5430 731 5478 qua!
756 5412 1047 5466 Terrestris
1074 5413 1293 5473 dicitur,
1325 5412 1388 5465 ad
1419 5412 1716 5468 sinistram.

168 5482 452 5536 Invenerat
508 5483 578 5535 ibi
614 5483 670 5537 S.
705 5482 856 5535 Nilus
902 5483 1155 5550 exiguum
1193 5483 1603 5548 solitariumque
1635 5487 1721 5534 Ita-

167 5552 486 5613 bitaculum,
575 5552 752 5618 ibique
821 5553 967 5605 brevi
1041 5560 1283 5618 tempore
1329 5555 1716 5607 monasterium

167 5622 460 5684 exstruxit,
521 5621 665 5689 quod
708 5619 944 5688 Serperi,
1011 5635 1102 5673 seu
1163 5623 1407 5688 Serperis
1472 5631 1717 5676 vocatum

170 5691 360 5744 {uitab
394 5707 482 5753 eo,
526 5693 670 5758 quod
709 5705 775 5742 eo
826 5692 944 5742 loco
976 5699 1136 5748 esset.
1167 5691 1254 5742 uhi
1308 5692 1433 5744 olim
1499 5693 1716 5758 Serapis

168 5775 259 5814 seu
292 5759 599 5828 Serapidis,
644 5760 882 5812 numinis
903 5758 1228 5827 Egyptiaci.
1283 5762 1465 5812 fanum
1517 5763 1712 5812 fuerat.

164 5831 318 5887 Addit
354 5829 778 5893 Sciommarius,
813 5844 874 5883 ex
900 5828 1044 5884 Petri
1076 5829 1280 5884 Rosetti
1343 5828 1711 5898 Descriptionis

1833 4929 2046 4998 aneta',
2079 4929 2310 4984 discurs.
2343 4929 2395 4992 2,
2430 4930 2632 4987 locum.
2673 4926 2764 4991 ubi
2796 4925 2893 4998 fuit
2931 4925 3204 4998 Serapidis
3243 4932 3375 4976 tem-

1831 4995 1976 5066 plum
2007 5008 2058 5051 et
2084 5000 2327 5062 Serpcrls
2355 4995 3220 5066 monasterium,rdeterminatius
3281 5009 3368 5066 co-

1826 5065 2029 5130 gnitum
2113 5084 2216 5121 non
2295 5082 2435 5130 esse,
2525 5065 2886 5118 verisimiliter
2963 5071 3141 5115 tamen
3213 5065 3371 5115 exsti-

1827 5139 1974 5200 tisse,
2025 5138 2114 5190 ubi
2154 5138 2309 5190 hodie
2359 5136 2553 5189 visitur
2606 5135 2746 5195 diva,
2796 5148 2917 5200 quae
2953 5148 2979 5184 a
3030 5135 3229 5186 (Iateua
3287 5147 3363 5198 ap

1825 5208 2020 5271 pellata
2063 5215 2166 5265 est,
2223 5208 2273 5259 in
2338 5221 2444 5273 qua
2487 5203 2718 5257 ecclesia
2783 5207 3080 5254 tumulatus
3129 5213 3214 5255 est
3257 5201 3367 5253 Ste-

1841 5275 2053 5328 thauus.

1819 5289 2116 5406 νυῗέῗῗίῑι
2153 5345 2252 5396 hoc
2293 5341 2659 5395 verisimiliter
2711 5341 3099 5395 monasterium
3156 5339 3371 5407 penitus

1823 5415 2159 5467 destructum
2221 5421 2300 5464 est
2326 5425 2347 5474 ;‘
2395 5412 2555 5462 tertio
2619 5411 2828 5461 milliari
2886 5411 3124 5464 distabat
3182 5409 3247 5460 ab
3308 5423 3369 5462 eo

1821 5484 1960 5540 loco,
2015 5483 2103 5534 ubi
2154 5483 2312 5535 hodie
2364 5479 2948 5548 Cryptze-Ferratensis
2997 5477 3211 5548 abbatia
3268 5486 3367 5530 est.

1821 5552 2182 5605 Tusculanam
2223 5564 2382 5614 porro
2408 5545 2676 5601 civitatem
2722 5562 2867 5598 anno
2891 5548 3023 5600 H90
3046 5562 3074 5599 a
3106 5545 3366 5599 Romanis

1822 5622 2036 5688 penitus
2090 5621 2325 5673 excisam
2397 5633 2537 5688 esse,
2594 5616 2753 5688 tradit
2804 5616 3198 5688 Sciommarqu
3230 5631 3366 5688 saepe

1822 5683 2068 5744 laudatus
2116 5700 2238 5742 nota
2279 5688 2366 5741 30.
2404 5686 2476 5739 De
2501 5685 2856 5738 translatione
2891 5684 3136 5747 corporis
3169 5684 3226 5737 S.
3259 5683 3365 5736 Nili

1819 5775 1882 5812 ex
1935 5762 2035 5814 hoc
2065 5758 2316 5812 ccenubio
2349 5757 2416 5811 ad
2448 5755 2718 5809 abbatiam
2753 5752 3365 5824 Cryptat-Fcrratenscm

1817 5831 1939 5884 vide
1971 5839 2084 5884 not.
2118 5826 2203 5882 88.
