4158 6338
709 351 814 407 1ῦ9

2160 347 2499 406 ANONYMI

3867 346 3973 416 160

707 467 875 533 pineis
912 466 1034 519 licet
1072 465 1196 517 hinc
1233 466 1394 518 etiam
1431 465 1590 516 fidem
1622 463 1952 517 habentibus
1988 465 2126 518 sicut
2155 480 2280 532 gra-

2404 469 2517 518 tia:
2547 466 2638 518 καὶ
2680 465 2889 534 ἔλεγεν,
2923 467 3005 518 ὅτι
3051 465 3190 530 Τοὺς
3225 471 3622 541 πανευφήμους
3671 469 3765 524 καὶ
3796 470 3977 533 ὅντως

708 573 836 610 ιιιιιιι
891 557 1122 621 sinapis,
1195 554 1600 606 venerationem
1686 551 1902 605 deferre
1963 570 1976 604 :
2041 552 2291 618 quamvis

708 664 811 717 ego
845 648 1101 716 indignus
1131 648 1259 708 sim,
1291 646 1382 712 qui
1427 645 1506 695 vel
1533 647 1650 695 solo
1698 644 1918 696 nomine
1954 658 2050 697 cos
2107 645 2292 711 appul-

709 739 838 799 leni,
874 740 924 789 in
961 739 1105 789 hunc
1135 749 1302 804 porro
1353 747 1569 787 lennem
1595 736 1785 788 deveni
1839 736 2016 789 locum
2078 751 2181 786 non
2216 735 2293 786 al-

708 830 879 880 terius
933 829 1004 881 rei
1059 843 1247 888 causa,
1286 842 1447 891 quam
1512 837 1570 878 ut
1624 827 1765 879 dicm
1837 842 2012 878 meum
2077 827 2291 878 obeam.

713 919 880 971 Porro
915 929 1090 970 autem
1127 920 1273 970 illius
1304 918 1489 986 oppidi
1531 917 1808 977 dominus,
1841 917 2135 986 Gregorius
2178 917 2291 984 (85)

711 1011 950 1072 nomine,
1004 1009 1295 1078 tyrannide
1354 1008 1573 1077 quidem
1626 1018 1676 1062 et
1723 1010 1963 1076 nequitia
2037 1009 2288 1072 insignis,

714 1103 808 1154 sed
841 1105 1139 1170 sagacitate
1185 1111 1411 1154 ornatus
1465 1110 1515 1152 et
1561 1103 1868 1168 prudentia.
1912 1101 2194 1155 dc~cendit
2239 1109 2292 1153 et

710 1192 1020 1260 prostratus
1053 1194 1115 1245 ad
1149 1194 1319 1246 sanrti
1365 1193 1463 1245 viri
1513 1194 1676 1259 pcdcs
1737 1195 1807 1245 ita
1851 1193 2062 1244 diccbat
2115 1209 2128 1244 :
2184 1191 2292 1261 Ego

711 1285 956 1349 quidem,
1004 1301 1162 1339 serve
1201 1286 1292 1338 Dei
1332 1285 1700 1346 altissimi,ob
1738 1284 1899 1336 multa
1929 1293 2149 1351 peccata
2175 1298 2289 1336 mea

709 1377 908 1445 dignus
937 1394 1041 1430 non
1071 1394 1214 1440 sum,
1268 1389 1324 1430 ut
1373 1379 1544 1430 intres
1597 1378 1928 1429 Snbtectum
1981 1391 2184 1436 meum,
2240 1383 2292 1425 et

711 1471 856 1522 unde
905 1471 1031 1521 mihi
1062 1470 1186 1531 hoc,
1233 1480 1289 1522 ut
1316 1478 1538 1521 sanctus
1593 1467 1803 1521 Domini
1869 1466 1970 1520 inei
2008 1467 2187 1518 veniat
2226 1465 2290 1518 ad

717 1576 802 1612 me
832 1560 854 1612 ?
886 1559 989 1612 Sed
1048 1561 1269 1629 quando
1316 1560 1557 1629 Magistri
1591 1567 1644 1612 et
1694 1558 1909 1611 Domini
1934 1559 2010 1608 tui
2046 1557 2293 1624 exemplo

713 1670 800 1706 me
829 1654 1357 1722 peceatoremjustis
1395 1653 1700 1721 praetulisti,
1737 1666 1863 1704 ecce
1894 1649 2092 1702 domus
2151 1663 2290 1710 mea,

713 1752 996 1810 letumque
1048 1759 1172 1796 cum
1228 1760 1327 1795 suo
1385 1759 1513 1810 agro
1568 1739 1826 1808 oppidum
1892 1749 2017 1790 aute
2080 1749 2129 1789 te
2185 1747 2291 1790 est.

713 1831 990 1900 Quidquid
1028 1835 1091 1887 de
1123 1838 1189 1889 iis
1219 1835 1455 1894 libuerit,
1507 1833 1720 1902 jubeto.

2401 558 2908 626 τρισμακαρίστν.ιυς
2972 561 3066 609 καὶ
3116 560 3448 626 κορυφαίους
3486 563 3595 614 τῶν
3653 563 3980 616 ἀποστόλων

2399 649 2489 700 καὶ
2518 649 2766 700 ἐντεῦθεν
2788 649 3008 702 δυνατὸν
3037 652 3148 710 τοῖς
3177 650 3359 702 πίστιν
3380 651 3453 712 ὡς
3478 654 3676 706 κόκκον
3703 656 3986 718 σινάπεως

2399 740 2759 807 κεκτημένοις
2818 741 3015 804 αὐτοὺς
3067 743 3464 811 προσκυνῆσαι,
3502 746 3550 795 εί
3587 747 3678 796 καὶ
3707 745 3815 812 ἐγὼ
3839 747 3983 802 ἀνά-

2400 830 2510 891 ξιος
2566 829 2768 882 καὶτοῦ
2803 833 2963 899 μόνον
2992 834 3190 896 αὐτοὺς
3220 835 3510 902 ὀνομάσαι.
3557 837 3647 912 Ἐγ
3679 837 3860 903 μέντοι
3891 838 3980 910 τῷ

2397 917 2606 969 εὖτελεῖ
2637 918 2786 987 τόπῳ
2835 919 3008 984 τούτῳ
3048 919 3114 972 δι’
3142 922 3294 973 οὐδὲν
3321 923 3448 975 ἄλλο
3505 925 3758 992 ἐλήλυθα,
3807 928 3854 979 εί
3893 927 3978 997 μὴ

2401 1010 2560 1075 μόνον
2600 1011 2684 1062 διὰ
2711 1012 2769 1062 τὸ
2795 1011 3135 1078 τελευτῆσαι.
3203 1015 3261 1064 Ὁ
3286 1014 3340 1065 δὲ
3399 1015 3583 1083 ἄρχων
3638 1017 3986 1086 τῆς-κώμης

2395 1102 2608 1169 ἐκείνης
2635 1102 2934 1171 Γρηγόριος
2956 1103 3031 1173 τῷ
3053 1105 3300 1172 ὀνόματι,
3336 1106 3662 1175 περιϐόητος
3699 1111 3753 1160 ὲν
3777 1126 3989 1179 τυραν-

2396 1193 2496 1242 νίδι
2531 1193 2625 1246 καὶ
2684 1193 2867 1265 ἀδικίᾳ
2932 1196 3236 1263 τυγχάνων,
3308 1197 3429 1248 λίαν
3465 1197 3520 1250 δὲ
3578 1200 3834 1267 ἀγχίνους
3879 1204 3988 1254 καὶ

2398 1285 2612 1335 συνέσει
2676 1288 3116 1358 κεκοσμημένος,
3189 1289 3471 1341 κατελθὼν
3518 1292 3612 1342 καὶ
3648 1294 3989 1360 προσπεσὼν

2395 1379 2506 1435 τοῖς
2539 1378 2665 1428 ποσὶ
2695 1377 2790 1429 τοῦ
2828 1380 2982 1445 ἁγίου
3036 1381 3188 1447 ἔλεγε
3221 1381 3391 1432 ταῦτα
3419 1400 3430 1412 ·
3472 1382 3615 1445 Ἐγὼ
3647 1384 3765 1450 μὲν,
3815 1385 3984 1438 δοῦλε

2394 1467 2487 1519 τοῦ
2519 1468 2654 1519 Θεοῦ
2681 1468 2774 1520 τοῦ
2809 1469 3062 1537 ὑψίστου,
3103 1471 3193 1522 διὰ
3218 1464 3314 1532 τὰς
3346 1472 3548 1531 πολλάς
3573 1490 3671 1540 μου
3703 1475 3992 1542 ἁμαρτίας

2395 1559 2495 1610 οὒκ
2521 1558 2636 1626 είμὶ
2672 1559 2878 1625 ἱκανὸς,
2917 1560 3004 1612 ἵνα
3037 1579 3140 1629 μου
3180 1562 3282 1613 ὑπὸ
3313 1562 3411 1630 τὴν
3442 1564 3643 1632 στέγην
3683 1564 3937 1636 εἰσέλθῃς
3971 1580 3989 1594 ⁶

2398 1649 2493 1701 καὶ
2527 1649 2691 1702 πόθεν
2749 1668 2838 1718 μοι
2883 1652 3062 1712 τοῦτο,
3095 1652 3179 1703 ἵνα
3228 1652 3358 1724 ἔλθῃ
3385 1655 3412 1704 ὁ
3441 1654 3595 1716 ἆγιος
3634 1655 3725 1707 τοῦ
3771 1654 3991 1724 Κυρίου

2404 1758 2505 1808 μου
2541 1744 2676 1810 πρός
2711 1760 2810 1810 με;
2857 1743 3075 1812 Ἐπειδὴ
3103 1744 3158 1795 δὲ
3196 1745 3534 1812 μιμούμενος
3567 1747 3657 1798 τὸν
3713 1747 3804 1799 σὺν
3829 1749 3996 1802 διδά-

2328 1825 2368 1877 Β
2405 1832 2598 1886 σκαλον
2631 1835 2724 1885 καὶ
2753 1836 3033 1903 Δεσπότην
3083 1838 3442 1906 προετιμήσω
3473 1856 3540 1907 με
3571 1839 3664 1892 τὸν
3715 1841 3993 1909 ἁμαρτω-

711 1927 799 1978 λὸν
831 1926 938 1979 τῶν
965 1927 1212 1991 δικαίων,
1283 1928 1439 1981 ἰδοὺό
1483 1923 1630 1990 οἶκός
1688 1943 1814 1996 μου,
1861 1926 1956 1979 καὶ
2016 1925 2163 1978 ἅπαν
2200 1924 2296 1976 σὺν
2329 1926 2440 1986 τοῖς
2480 1927 2830 1998 περιχιυρίοις
2883 1928 3047 1980 αὐτοῦ
3083 1928 3141 1980 τὸ
3185 1928 3500 1982 καστέλλιον
3556 1930 3662 2000 πρὸ
3692 1930 3997 2000 προσώπου

713 2038 805 2072 σου
830 2037 844 2051 ·
888 2022 939 2072 εί
974 2040 1022 2072 τι
1050 2021 1291 2083 κελεύεις
1324 2023 1450 2089 περὶ
1482 2022 1682 2084 αὐτῶν,
1728 2019 2050 2090 πρόσταξον.

786 2140 873 2193 97.
908 2138 1208 2208 Respondit
1239 2141 1428 2194 beatus
1461 2139 1624 2194 Pater
1661 2157 1674 2191 :
1703 2140 1999 2193 Benedicat
2021 2137 2289 2192 Dominus

714 2239 770 2284 ct
824 2232 918 2284 tibi
948 2241 1000 2284 et
1028 2233 1135 2284 tuis
1168 2240 1220 2283 et
1253 2231 1437 2284 domui
1492 2240 1598 2284 tua:
1624 2240 1677 2284 et
1706 2231 1906 2298 oppido
1949 2238 2063 2282 tuo.
2115 2229 2294 2280 Parti-

715 2324 894 2377 culam
933 2325 986 2377 in
1014 2324 1220 2378 ditione
1259 2333 1348 2377 tua
1377 2324 1537 2378 nobis
1569 2324 1831 2388 concede,
1867 2334 1923 2378 ut
1960 2323 2202 2392 quietem
2238 2324 2292 2376 in

717 2430 781 2467 ea
853 2415 996 2467 nacti
1067 2414 1234 2469 Deum
1300 2431 1399 2484 pro
1451 2417 1691 2484 peccatis
1749 2416 1953 2470 nostris
1996 2417 2293 2486 propitium

719 2507 1019 2559 reddamus
1046 2515 1099 2560 et
1132 2522 1232 2573 pro
1265 2507 1442 2560 salute
1474 2517 1563 2559 tua
1603 2522 1792 2574 preces
1832 2507 2296 2562 ftmdamus.Gre-

717 2595 905 2662 gorins
977 2607 1160 2650 autem
1213 2612 1404 2666 magna
1466 2599 1754 2652 alacritate
1815 2598 2099 2666 implebat,
2149 2600 2296 2668 quod

718 2685 936 2752 iussum
969 2694 1106 2738 erat.
1137 2686 1355 2740 Atvero
1421 2685 1646 2750 fratres,
1713 2687 1806 2755 qui
1857 2688 1910 2740 in
1963 2689 2312 2746 monasterio.

718 2785 1133 2841 remanserant,
1167 2787 1290 2845 post
1337 2778 1602 2833 bimestre
1631 2781 1893 2847 spatium,
1925 2779 2297 2848 audito,qnod

719 2866 882 2920 Pater
910 2883 1015 2920 non
1052 2877 1417 2922 reverteretur
1449 2871 1703 2938 amplius,
1739 2882 2085 2928 recesserunt
2106 2888 2301 2942 aspor-

718 2965 899 3012 tantos
918 2974 1104 3014 secum
1132 2960 1386 3023 melotas,
1421 2962 1789 3027 succinctoria
1818 2970 1873 3016 et
1904 2963 2137 3032 reliqua,
2177 2977 2302 3031 pcr-

720 3061 1099 3121 veneruntque
1158 3052 1486 3116 ad.locuni,
1566 3056 1920 3110 construendi
1983 3059 2302 3114 monasterii

722 3144 944 3199 nomine
969 3160 998 3198 a
1029 3145 1403 3213 principeillis
1441 3146 1704 3200 dicatum.
1731 3146 1894 3213 Quod
1919 3150 2009 3202 tibi
2046 3149 2303 3219 cognovit

721 3235 807 3288 vir
839 3236 1212 3298 beatissimus,
1249 3237 1813 3293 uimirnmadvenissc
1849 3240 1990 3302 illos,
2010 3241 2306 3294 exsultavit

723 3325 946 3393 spiJitu.
982 3325 1426 3396 significavitque
1484 3328 1597 3383 illis
1656 3329 1769 3382 haec
1824 3345 1920 3400 per
1971 3332 2223 3384 nuntium
2286 3348 2300 3387 :

2467 2137 2572 2203 ις’.
2643 2137 2702 2189 '0
2747 2137 2802 2188 δὲ
2860 2138 3131 2205 μακάριος
3208 2137 3548 2207 ἀπεκρίνατο
3601 2136 3735 2204 πρὸς
3789 2135 3988 2188 αὐτόν’

2395 2229 2705 2298 Εὑλογὴσαι
2738 2231 2943 2296 Κύριος
2966 2229 3060 2281 καὶ
3091 2229 3148 2281 σὲ
3179 2231 3270 2281 καὶ
3306 2231 3430 2291 τοὺς
3461 2231 3554 2282 σὺν
3585 2229 3663 2296 τῷ
3694 2230 3827 2294 οίκῳ
3865 2245 3995 2291 σου,

2397 2319 2492 2373 καὶ
2525 2323 2589 2390 τῇ
2617 2319 2779 2389 κώμῃ
2806 2337 2921 2373 σου.
2955 2322 3136 2390 Μέρος
3167 2321 3223 2374 δὲ
3248 2323 3429 2389 ὀλίγον
3466 2325 3520 2373 ὲν
3547 2322 3623 2392 τῷ
3650 2324 3840 2391 κράτει
3877 2339 3980 2374 σου

2398 2414 2528 2481 ἡμῖν
2585 2411 2934 2481 διαχώρισον,
2980 2413 3210 2476 ὅπωςνὲν
3251 2413 3400 2483 αὑτῷ
3456 2415 3832 2484 ἡσυχάσαντες
3896 2414 3996 2467 τὸν

2400 2507 2532 2556 Θεὸν
2573 2506 2710 2574 ὑπὲρ
2733 2505 2841 2556 τῶν
2864 2506 3153 2574 ἁμαρτιῶν
3181 2501 3342 2591 ῂμῶν
3387 2506 3830 2576 ὲξιλεωσὼμεοα,
3889 2509 3994 2562 καὶ

2401 2594 2542 2664 ὑπὲρ
2581 2593 2678 2663 τῆς
2713 2594 2814 2663 σῆς
2862 2593 3139 2664 σωτηρίας
3193 2594 3502 2662 εὐξώμεθα.
3551 2596 3685 2646 Τότε
3716 2598 3742 2648 ὁ
3776 2597 4001 2665 Γρηγόο

2405 2701 2518 2752 ριος
2541 2683 2678 2750 μετά
2719 2684 2920 2751 πολλῆς
2974 2685 3075 2751 τῆς
3121 2683 3432 2753 προθυμίας
3472 2684 3775 2753 ἐξεπλήρου
3804 2686 3863 2735 τὸ
3898 2702 3999 2736 κε-

2403 2776 2721 2845 λευόμενον.
2761 2777 2824 2827 Οἱ
2855 2776 2911 2826 δὲ
2930 2775 3395 2843 ε’ναπομείναντες
3430 2778 3487 2827 ὲν
3509 2778 3574 2846 τῇ
3616 2779 3748 2845 μονῇ
3770 2776 4002 2843 ἀδελφοὶ

2407 2866 2546 2936 μετά
2567 2868 2660 2918 δύο
2681 2867 2894 2938 ἡμέρας
2916 2867 3100 2936 μηνῶν
3129 2867 3415 2935 μαθόντες,
3437 2868 3517 2918 ὅτι
3536 2869 3821 2920 οὐκὰποστ
3833 2885 3997 2936 ρεφει

2406 2961 2542 3030 πρὸς
2578 2962 2774 3022 αὐτοὺς
2808 2963 2834 3011 ὀ
2865 2960 3075 3030 Πατὴρ,
3104 2961 3418 3029 ἀπάραντες
3455 2963 3567 3023 τοῖς
3617 2959 3998 3029 μηλωταρίοις

2408 3054 2504 3105 καὶ
2528 3051 2904 3122 περιϐολαίοις
2929 3052 3023 3104 καὶ
3046 3052 3157 3112 τοῖς
3184 3049 3416 3111 λοιποῖς,
3453 3049 3752 3103 κατέλαϐον
3774 3050 3864 3100 τὸν
3885 3049 3998 3103 ὑπὸ

2406 3144 2500 3197 τοῦ
2533 3145 2793 3214 ἄρχοντος
2848 3142 3229 3212 ἀφιερωοέντα
3289 3142 3456 3194 τόπον
3499 3141 3683 3201 αὐτοῖς
3734 3142 3792 3192 ἐν
3843 3141 3997 3212 λόγῳ

2413 3236 2579 3303 μονῆς
2606 3253 2618 3265 ·
2668 3233 2853 3304 μαθὼν
2899 3233 3086 3286 τοίνυν
3109 3233 3136 3282 ὁ
3173 3234 3637 3301 παμμακάριστος
3665 3233 3855 3301 Πατὴρ
3883 3233 3992 3303 τὴν

2409 3329 2593 3393 assem
2643 3327 2826 3380 αὐτῶν
2863 3364 2878 3386 ,
2944 3324 3311 3402 ἠγαλλιάσατο
3367 3323 3446 3388 τῷ
3505 3322 3778 3391 πνεύματι
3823 3364 3837 3387 ,
3899 3325 4001 3377 καὶ

725 3390 936 3482 Sufficit
962 3390 1118 3480 inibi,
1145 3390 1350 3473 Patres
1364 3427 1417 3474 et
1442 3419 1662 3484 fratres,
1700 3390 1841 3488 quod
1880 3420 1950 3475 ob
1973 3421 2063 3474 Dei
2091 3422 2301 3490 meique

2407 3390 2706 3486 δεδήλωκεν
2756 3417 2940 3478 αὐτοῖς
2968 3390 3274 3486 λ-’Ἇρκετὸν
3334 3409 3445 3482 μοι,
3501 3407 3544 3464 ὦ
3604 3414 3845 3477 Πατέρες
3897 3413 4001 3467 καὶ

725 3522 968 3561 amorem
1029 3508 1274 3563 laborem
1318 3510 1600 3580 ceperitis,
1657 3521 1713 3564 ut
1769 3510 1949 3566 istliuc
2019 3514 2300 3568 veniretis.

722 3596 880 3652 Nunc
904 3601 1070 3669 igitur
1112 3600 1438 3657 charitatem
1476 3611 1710 3657 vestram
1747 3619 1903 3673 rogo,
1938 3613 1999 3658 ut
2021 3618 2304 3674 exspecteo

726 3693 822 3756 tis,
855 3695 1031 3749 donec
1067 3705 1120 3751 et
1148 3697 1265 3765 ipse
1290 3698 1506 3751 veniam
1542 3698 1607 3751 ad
1633 3713 1750 3752 vos.
1785 3697 1920 3751 Dum
1953 3699 2121 3770 igitur
2151 3708 2306 3769 parat

725 3800 787 3840 se
815 3786 880 3839 ad
919 3787 1239 3841 solvendum
1275 3789 1604 3856 promissum
1640 3789 1752 3843 suis
1793 3789 2024 3856 pedibus
2057 3789 2304 3859 (aberant

725 3879 871 3931 enim
921 3878 1114 3933 fratres
1144 3881 1248 3934 tria
1276 3880 1388 3935 fere
1416 3881 1582 3934 millia
1617 3881 1924 3948 passuum),
1988 3883 2305 3937 convocatis

726 3968 794 4022 ad
825 3984 884 4023 se
919 3967 1201 4035 fratribus,
1230 3972 1320 4038 qui
1360 3987 1547 4025 secum
1585 3981 1764 4034 erant,
1800 3986 1911 4024 una
1973 3986 2101 4026 cum
2136 3973 2307 4040 begu-

727 4076 888 4115 tneno
957 4061 1128 4118 Paulo
1187 4063 1321 4133 (86),
1389 4065 1477 4117 cui
1524 4063 1901 4132 praefecturam
1956 4066 2308 4120 commiserat

727 4163 852 4207 ante
910 4155 1113 4208 multos
1167 4155 1309 4222 dies,
1351 4157 1468 4211 viro
1507 4165 1575 4210 et.
1607 4157 1898 4226 prudentia
1936 4167 1990 4212 et
2036 4166 2197 4214 aetate
2253 4167 2308 4212 et

730 4245 1130 4300 exerciiatione
1173 4249 1302 4301 vitae
1340 4249 1661 4303 monasticae
1691 4256 1744 4302 et
1796 4247 2310 4317 pbilosophiaastu-

729 4338 838 4392 diis
868 4339 1112 4406 antiquo,
1150 4338 1438 4405 distribuit
1480 4340 1592 4394 illis
1627 4353 1802 4408 pauca
1851 4353 2160 4406 pannorum
2192 4340 2303 4392 fru-

731 4439 837 4492 sta,
877 4427 1034 4496 (nihil
1059 4429 1201 4482 enini
1235 4430 1495 4484 mundani
1543 4430 1705 4498 plane
1731 4429 1806 4483 illi
1829 4430 1990 4499 erat),
2026 4429 2109 4482 vel
2140 4444 2306 4482 unum

728 4533 804 4573 ms
836 4517 1124 4582 min‘ntuin,
1151 4529 1377 4588 tumque
1416 4521 1533 4572 dari
1571 4519 1673 4574 sibi
1713 4519 1877 4584 jussit
1931 4517 2196 4573 sumenda
2232 4519 2312 4571 vi-

730 4609 892 4663 vifica
919 4607 1124 4664 Christi
1167 4611 1450 4679 mysteria.
1484 4608 1686 4664 Deinde
1749 4602 2057 4680 liegumeno
2090 4620 2144 4664 et
2198 4609 2310 4661 fra-

2403 3513 2646 3577 ἀδελφοὶ,
2676 3513 2759 3564 ὅτι
2817 3511 2906 3564 διὰ
2936 3510 3034 3581 τὴν
3064 3509 3158 3562 τοῦ
3191 3508 3328 3561 Θεοῦ
3358 3506 3580 3574 ἀγάπην
3607 3509 3702 3560 καὶ
3729 3509 3827 3577 τὴν
3849 3508 4000 3577 ἐμὴν

2406 3603 2670 3673 ἐσκύλητε
2693 3603 2795 3665 ἕως
2821 3593 3004 3656 αὑτοῦ.
3051 3600 3164 3654 Νῦν
3189 3600 3279 3664 οὖν
3310 3590 3614 3671 παρακαλῶ
3644 3599 3742 3669 τὴν
3766 3600 3999 3670 ἀγάπην

2410 3693 2584 3761 ὑμῶν,
2622 3694 2710 3746 ἵνα
2746 3693 3104 3763 περιμείνητε
3160 3693 3352 3762 μέχρις
3388 3695 3452 3745 ἂν
3477 3693 3571 3745 καὶ
3623 3690 3788 3752 αὐτὸς
3842 3690 3999 3743 ὲλεύ-

2412 3801 2592 3852 σωμαι
2628 3784 2762 3852 πρὸς
2809 3786 2974 3852 ὑμᾶς.
3026 3777 3116 3838 Ἐν
3153 3783 3232 3854 τῷ
3265 3783 3357 3836 οὖν
3388 3783 3782 3852 ἑτοιμάζεσθαι
3821 3783 3998 3835 αὐτὸν

2407 3877 2502 3928 τοῦ
2530 3878 2927 3944 ἀποπληρῶσαι
2977 3877 3309 3945 αὐτομάτοις
3347 3877 3475 3929 ποσὶ
3497 3878 3596 3942 τὴν
3624 3878 3832 3928 οἰκείαν
3858 3876 3995 3928 σύν-

2408 3969 2562 4033 ταξιν
2583 3985 2598 4000 ·
2636 3965 2774 4037 ἦσαν
2823 3969 2930 4038 γὰρ
2962 3971 3010 4022 οἱ
3042 3969 3261 4038 ἀδελφοὶ
3302 3970 3375 4030 ὼς
3403 3970 3510 4022 ἀπὸ
3544 3969 3734 4037 μιλίων
3773 3969 3942 4036 τριῶν
3976 3986 3992 3999 ⁶

2411 4062 2891 4130 συγκαλεσάμενος
2916 4062 3044 4122 τοὺς
3067 4061 3626 4130 προσκαρτεροῦντας
3669 4061 3817 4130 αὐτῷ
3842 4061 3992 4113 ἀδελ-

2411 4153 2544 4219 φοὺς
2577 4153 2670 4204 σὺν
2715 4152 2793 4221 τῷ
2832 4151 3122 4221 ἡγουμένῳ
3173 4151 3393 4218 Παύλῳ,
3516 4146 3584 4220 ἦν
3619 4152 3727 4219 πρὸ
3779 4151 3996 4206 πολλῶν

2411 4242 2938 4312 προκεχειρισμένος
2988 4237 3228 4312 ἡμερῶν
3271 4245 3373 4309 τὴν
3426 4242 3771 4311 ἡγεμονίαν,
3836 4244 3996 4313 ἀνδρὶ

2413 4334 2629 4403 παλαιῷ
2670 4334 2770 4386 καὶ
2801 4334 2901 4401 τὴν
2934 4334 3218 4403 φρόνησιν,
3245 4334 3341 4385 καὶ
3371 4332 3470 4402 τὴν
3502 4332 3742 4401 ἠλικίαν,
3776 4335 3873 4386 καὶ
3894 4334 3998 4404 τὴν

2410 4428 2665 4495 ἄσκησιν,
2719 4426 2815 4478 καὶ
2869 4425 2967 4494 τὴν
3023 4425 3365 4494 φιλοσοφίαν·
3400 4425 3612 4486 τούτοις
3654 4424 3991 4495 διαμερίσας

2411 4520 2479 4571 τὰ
2513 4520 2682 4588 μικρά
2715 4519 2881 4589 ῥάκια
2904 4517 3068 4570 αὑτοῦ
3097 4517 3180 4586 (οὐ
3212 4516 3321 4586 γὰρ
3351 4517 3480 4570 ἄλλο
3505 4516 3556 4569 τί
3589 4533 3718 4568 ποτε
3744 4511 3812 4585 ἦν
3845 4515 3996 4586 αὐτῷ

2413 4612 2507 4665 τοῦ
2540 4611 2794 4682 κόσμου),
2823 4614 2929 4674 ἓως
2952 4611 3046 4664 καὶ
3073 4610 3164 4663 τοῦ
3198 4610 3428 4680 ἐσχάτου
3456 4609 3657 4662 λεπτοῦ
3681 4649 3693 4671 ,
3741 4610 3996 4663 ἐκέλευσε

731 4700 956 4754 tribus:
1003 4697 1269 4764 Obsecro,
1329 4699 1529 4768 inquit,
1562 4715 1683 4762 vos,
1714 4707 1775 4752 ut
1811 4699 1858 4752 si
1915 4711 1946 4753 e
1982 4698 2088 4751 vita
2113 4711 2301 4752 exces-

2422 4702 2743 4774 μεταλαόεῖν
2769 4703 2876 4756 τῶν
2897 4703 3178 4766 ζωοποιῶν
3212 4702 3309 4754 τοῦ
3365 4701 3607 4770 Χριστοῦ
3648 4701 3990 4771 μυστηρίων.

732 4806 882 4857 sero,
913 4789 1035 4848 sine
1067 4805 1218 4846 mora
1280 4805 1485 4861 corpus
1530 4806 1710 4846 meum
1770 4799 1916 4846 terra
1984 4791 2318 4866 contegatis,

2433 4792 2666 4844 Ἔπειτα
2685 4792 2836 4860 λέγει
2866 4792 2943 4863 τῷ
2969 4791 3259 4862 ἡγουμένῳ
3281 4790 3376 4844 καὶ
3402 4793 3516 4853 τοῖς
3544 4790 3794 4854 ἀδελφοῖς
3817 4807 3830 4820 ο
3867 4789 3995 4843 Δέο-

2002 4969 2272 5029 Joannis
2299 4965 2432 5028 Clei
2473 4975 2665 5030 notae.

809 5097 919 5165 (85)
949 5096 1215 5152 Observat
1246 5095 1386 5149 idem
1437 5095 1834 5165 Sciommarius
1869 5101 1993 5165 nota
2034 5093 2123 5165 ιι,
2167 5090 2307 5145 Gre-

774 5162 947 5222 oriuin
975 5169 1122 5219 hunc
1160 5165 1535 5219 Tusculanum
1559 5164 1839 5227 comitem,
1870 5162 2041 5217 fuisse
2071 5163 2306 5216 duorum

789 5251 1113 5291 omauormu
1177 5234 1524 5290 Pontificum.
1592 5233 1865 5287 Benedicti
1930 5233 2142 5286 scilicet
2195 5228 2308 5292 VII,

738 5311 878 5362 alias
937 5304 1074 5366 ιἰιι.
1099 5313 1152 5356 et
1204 5303 1433 5358 Joannis
1495 5301 1640 5362 XlX,
1695 5304 1831 5357 alias
1892 5300 2011 5365 XX,
2077 5310 2310 5363 patrem,

744 5391 956 5430 necnon
989 5389 1149 5427 avum
1204 5373 1478 5426 Benedicti
1513 5371 1649 5436 νιιι,
1703 5372 1839 5426 alias
1902 5370 1992 5425 1X.
2048 5370 2311 5431 Consule,

741 5448 785 5500 si
825 5447 975 5503 libet.
1031 5443 1279 5496 Kircberi
1333 5443 1510 5497 nostri
1547 5441 1836 5496 Historiam
1884 5436 2318 5496 Eustathio-Ma-

743 5517 985 5572 rianam.
1023 5524 1174 5580 parte
1216 5529 1274 5571 ιι,
1322 5528 1442 5579 cap.
1480 5511 1533 5575 ι,
1569 5512 1657 5580 ubi
1691 5511 1756 5564 de
1806 5513 2072 5564 comitum
2109 5507 2320 5580 Tuscu-

746 5586 792 5637 la
810 5599 1001 5636 norum
1023 5577 1191 5650 stirpe
1215 5595 1268 5634 et
1300 5577 1598 5651 propagine
1619 5579 2008 5636 fusiustractat
2029 5595 2093 5633 ex
2113 5577 2318 5632 Zazara

748 5654 1006 5719 uilisque.

823 5717 944 5789 (uti)
979 5723 1283 5775 Rccusantc
1316 5719 1527 5774 abbatis
1568 5727 1619 5773 et
1678 5718 1964 5785 liegumeni
2003 5717 2218 5771 titulum
2256 5717 2312 5772 S.

765 5793 908 5853 Nilo.
943 5794 1042 5846 hoc
1079 5793 1294 5847 nomine
1336 5790 1440 5856 iam
1482 5789 1660 5855 aliquo
1696 5797 1935 5856 tempore
1979 5796 2103 5842 ante
2144 5802 2238 5841 san

2408 5093 2621 5149 obitum
2654 5090 2873 5162 praefuit
2906 5088 3155 5162 Panlus_:
3184 5096 3237 5140 at
3262 5081 3992 5162 quantoillisuper‘vixerit,

2410 5178 2522 5218 non
2604 5150 2740 5216 sa'tis
2799 5168 3039 5214 constat.
3105 5157 3160 5210 ln
3227 5150 3368 5211 serie
3434 5154 3693 5206 abbatum
3755 5150 3996 5220 Cryptte-

2411 5232 2819 5287 Ferrateusium
2866 5232 3007 5281 inter
3050 5227 3277 5280 Paulum
3325 5236 3380 5277 et
3415 5223 3472 5277 Β.
3531 5220 3992 5274 Bartliolomaeum

2414 5303 2595 5356 adhuc
2627 5301 2841 5354 medius
2871 5307 2953 5352 est
2993 5294 3656 5367 Cyrillus._C0i_nputante
3685 5289 3994 5343 Sciomma-

2414 5373 2520 5434 rio,
2549 5372 2637 5424 vix
2670 5370 2914 5440 quinque
2934 5361 3106 5440 annos
3129 5381 3234 5419 una
3266 5361 3665 5440 impleverunt}
3702 5375 3826 5412 uani
3865 5370 3990 5440 nota

2415 5441 2486 5494 20
2529 5436 2712 5498 tradit,
2769 5436 3316 5492 BfBartholommum
3354 5447 3528 5484 annos
3557 5439 3766 5482 tantum
3803 5437 3989 5479 natum

2420 5511 2590 5565 fuisse
2626 5509 2845 5577 viginti,
2871 5507 3088 5575 qnando
3126 5505 3333 5577 collata
3351 5503 3450 5577 fuit
3478 5500 3646 5555 Paulo
3679 5498 3990 5577 plra‘lgtura.

2420 5595 2660 5648 eumque
2687 5566 3139 5648 villain-tantum
3195 5573 3485 5626 admisisse
3517 5578 3674 5648 “past
3704 5566 3992 5644 Cyrillum,

2423 5638 2720 5715 cum-jam
2784 5645 2958 5699 artatis
3018 5659 3219 5715 annum
3265 5649 3466 5715 ageret
3517 5638 3588 5691 25
3623 5653 3636 5686 :
3674 5638 3993 5715 quzL-oinnia

2426 5721 2492 5774 ad
2545 5709 2724 5772 Vitam
2755 5716 2814 5770 Β.
2837 5712 3221 5769 Bartliolomuti
3249 5709 3448 5765 discuti
3496 5713 3772 5778 potrrnnt.
