4132 6332
168 358 266 422 161

1373 366 1544 426 VlTA
1586 367 1648 426 S.
1684 366 1840 426 NIIJ
1875 369 2256 434 JUNIORIS.

3314 382 3416 447 162

161 493 265 543 μαι
303 473 480 544 ὑμῶν,
515 473 614 528 ἐὰν
646 475 928 539 ἀποθάνω,
985 476 1059 547 μὴ
1107 477 1405 548 βραδύνητε
1446 476 1542 530 τοῦ
1575 494 1729 531 κατα-

1847 496 1949 536 nec
1975 499 2060 539 me
2089 485 2144 540 in
2205 490 2408 560 templo
2450 493 2754 562 sepeliatis,
2800 510 2900 553 nec
2935 478 3100 567 supra
3135 501 3407 556 tumulum

156 566 371 637 κρύψαι
407 569 471 638 τῇ
503 569 572 638 γῇ
604 568 665 619 τι
690 567 850 638 σῶμά
878 586 979 637 μου
1001 585 1014 598 ·
1046 571 1184 640 μήτε
1223 573 1280 624 ἐν
1307 573 1441 642 οἴκῳ
1490 572 1736 642 κυριακῷ

157 659 500 727 κατάθηαΟεε
541 658 680 728 μηδὲ
727 659 994 730 θελήσητε
1031 661 1254 728 ποιῆσαι
1279 662 1537 731 καμάραν
1557 663 1739 714 ἐπάνω

160 766 292 816 μου,
331 751 364 819 ἦ
399 748 564 804 ἄλλον
617 751 742 804 τινὰ
798 750 1003 819 κόσμον
1034 746 1144 803 οἷον
1177 752 1400 820 δήποτε.
1431 753 1492 804 Εἰ
1519 752 1576 805 δὲ
1606 752 1739 815 ὅλως

158 840 421 910 βούλεσθε
454 840 679 909 ποιῆσαί
703 858 756 894 τι
812 844 1040 911 σημεῖον
1072 841 1160 895 διὰ
1184 843 1245 894 τὸ
1271 842 1583 912 γνωρίζειν,
1635 845 1737 897 ποῦ

155 931 448 986 τεθείκατέ
483 950 572 1002 με,
621 932 827 1002 ὁμαλὸν
869 933 1028 986 ’ἔστω
1058 934 1360 998 ὲπάνωθεν,
1394 935 1480 987 ἵνα
1509 936 1558 988 οἱ
1598 934 1737 999 ξένοι
1781 981 1783 984 ι

157 1024 282 1075 ἐκεῖ
311 1022 776 1076 ὲπαναπαύωνται
797 1039 809 1050 '
837 1025 931 1076 καὶ
962 1024 1072 1095 γὰρ
1097 1024 1256 1092 κάγὼ
1285 1025 1434 1089 ξένιος
1467 1026 1739 1096 ἐγενόμην

155 1114 344 1178 πασας
374 1116 470 1174 τὰς
518 1117 728 1186 ἡμέρας
755 1117 854 1185 τῆς
885 1115 1030 1185 ζωῆς
1064 1133 1166 1186 μου
1188 1129 1201 1145 ⁸
1239 1118 1332 1171 καὶ
1368 1119 1737 1187 μνημονεύετὲ

158 1220 266 1273 μου
302 1207 361 1258 ὲν
387 1209 508 1269 ταῖς
566 1207 751 1276 ἁγίαις
780 1208 934 1278 ὑμῶν
960 1209 1170 1278 εὐχαῖς.

229 1319 343 1390 εην.
376 1321 562 1374 Ταῦτα
589 1319 782 1385 εἰπὼν,
807 1321 901 1373 καὶ
925 1319 1238 1393 εὐλογήσας
1252 1321 1469 1382 αὐτοὺς,
1504 1319 1732 1386 ἑπευξά-

158 1413 326 1481 μενός
346 1429 406 1464 τε
436 1414 568 1465 πᾶσι
594 1416 706 1476 τοῖς
723 1413 996 1482 ἀδελφοῖς,
1025 1414 1118 1483 ὲξῆ
1129 1430 1186 1482 ρε
1211 1413 1336 1476 τοὺς
1359 1413 1523 1476 πόδας
1542 1409 1734 1478 αὐτοῦ,

154 1505 255 1555 καὶ
294 1503 550 1574 ἥπλωσεν
595 1504 788 1558 ἑαυτὸν
817 1507 875 1557 ὲν
898 1504 977 1573 τῷ
1003 1504 1264 1575 κοιταρίῳ
1295 1503 1482 1558 αὐτοῦ.
1517 1506 1736 1575 Ἐποίη-

155 1608 254 1643 σεν
315 1592 410 1646 δύο
469 1594 684 1664 ἡμέρας
725 1595 799 1663 μὴ
857 1595 1265 1664 συντυγχάνων,
1323 1596 1456 1665 μηδὲ
1501 1597 1735 1663 ἀνοίγων

151 1685 288 1746 τοὺς
311 1683 630 1754 ὀφθαλμοὺς
681 1684 868 1751 αὑτοῦ,
917 1687 1012 1740 καὶ
1052 1686 1364 1756 ἐθαύμαζον
1393 1687 1442 1739 oi
1499 1689 1734 1756 ὁρῶντες

152 1776 346 1842 αὐτὴν,
373 1779 575 1831 ὅτιούκ
609 1774 675 1850 ἦν
703 1779 777 1842 ὡς
810 1780 1194 1851 ψυχορραγῶν,
1228 1781 1436 1845 ἀλλ’ὡς
1460 1783 1731 1837 ἀναπαυό-

157 1884 347 1936 μενος·
386 1870 545 1940 μόνον
569 1870 622 1923 δὲ
655 1874 720 1923 τὰ
747 1873 899 1943 χείλη
931 1873 1120 1938 κινῶν,
1147 1875 1240 1927 καὶ
1275 1877 1338 1944 τῇ
1384 1874 1536 1944 δεξιᾷ
1589 1877 1731 1945 χειρὶ

151 1963 768 2033 κατασφραγιζόμενος,
815 1966 1145 2032 ἐγνωρίζετο
1200 1967 1315 2029 τοῖς
1369 1967 1637 2038 παροῦσιν
1658 1968 1732 2029 ὡς

153 2044 621 2124 προσευχόμενος.
655 2055 762 2108 Καί
817 2075 902 2119 τις
937 2059 1046 2110 τῶν
1091 2056 1337 2124 ἀδελφῶν
1364 2060 1732 2130 προσεγγίσας

152 2143 234 2212 τῷ
254 2143 404 2216 ὠτίῳ
437 2146 571 2217 πρὸς
601 2147 678 2217 τῷ
710 2148 938 2218 στόματι
969 2150 1160 2211 αὑτοῦ,
1217 2150 1408 2202 τοῦτον
1445 2154 1606 2219 μόνον
1638 2151 1731 2204 τὸν

155 2235 347 2304 στίχον
378 2237 627 2306 ἐνενόησε
676 2239 926 2303 λέγοντος
950 2256 965 2270 ο
1010 2258 1027 2291 ι
1064 2241 1199 2292 Τότε
1240 2241 1301 2294 οὐ
1337 2240 1410 2310 μὴ
1437 2243 1730 2311 αίσχυνθῶ,

155 2325 219 2379 ἐν
252 2327 331 2396 τῷ
357 2345 424 2396 με
458 2329 774 2382 ἐπιϐλέπειν
807 2333 900 2382 ἐπὶ
940 2332 1122 2395 πάσας
1153 2333 1251 2395 τὰς
1305 2333 1526 2395 ἐντολάς
1561 2350 1677 2388 σου.
1708 2353 1726 2386 ι

167 2415 438 2481 Ἀκούσας
458 2418 514 2470 δὲ
543 2422 635 2472 καὶ
659 2421 686 2470 ό
721 2420 904 2492 ἄρχων
931 2422 1234 2493 Γρηγόριος
1274 2425 1343 2477 τὰ
1379 2427 1520 2494 περὶκ
1539 2427 1728 2490 αὑτοῦ,

152 2504 417 2576 δρομαῖος
451 2509 720 2578 κατῆλθεν
745 2512 850 2564 ἀπὸ
874 2511 968 2565 τοῦ
990 2514 1308 2567 καστελλίου
1336 2515 1520 2580 αὑτοῦ,
1545 2516 1728 2586 φέρων

154 2596 253 2650 καὶ
291 2596 384 2649 τὸν
416 2599 598 2669 ἰατρὸν
631 2589 846 2668 Μιχαὴλ
879 2601 997 2670 μετ’
1054 2602 1244 2666 αὑτοῦ,
1273 2601 1327 2664 ὃς
1355 2598 1424 2672 ἦν
1466 2603 1732 2671 ἐμπειρό-

152 2705 339 2750 τατος.
373 2691 485 2743 Καὶ
537 2692 819 2743 ἐπιπεσὼν
859 2691 936 2761 τῷ
972 2694 1249 2763 μακαρίῳ,
1289 2693 1470 2745 ἔκλαιε
1520 2694 1732 2763 πικρῶς

154 2781 256 2833 καὶ
307 2780 494 2849 ἔλεγεν
517 2798 531 2810 ·
566 2779 637 2834 Ὦ
662 2782 861 2853 Πάτερ,
909 2783 1115 2853 Πάτερ,
1167 2784 1309 2836 διατι
1351 2784 1493 2837 οὕτω
1521 2787 1732 2856 ταχέως

159 2890 226 2940 με
258 2873 657 2940 ἐγκατέλιπες;
689 2874 832 2927 διατί
870 2877 1138 2942 ὲϐδελύξω
1181 2877 1279 2940 τὰς
1303 2878 1579 2948 ἁμαρτίας
1605 2896 1727 2947 μου,

155 2963 254 3013 καὶ
307 2963 486 3032 ἀφίεις
527 2979 642 3032 pe;
697 2965 1029 3033 Καταφιλῶν
1055 2967 1112 3019 δὲ
1165 2950 1262 3029 τὰς
1317 2972 1505 3037 χεῖρας
1561 2967 1728 3022 αὑτοῦ

154 3054 381 3122 ἔλεγεν*
421 3056 550 3109 Ἰδοὺ
595 3057 779 3110 οὐκέτι
829 3057 1058 3121 κωλύεις
1115 3077 1181 3128 με
1213 3061 1307 3112 τοῦ
1349 3062 1574 3130 φιλῆσαι
1628 3064 1728 3125 τὰς

1849 573 2109 632 famicem
2142 580 2274 635 mihi
2309 587 2627 652 exstruatis,
2655 597 2747 642 aut
2779 589 3008 659 quodvis
3031 603 3412 648 ornannntum

1844 662 2140 733 adjiciatis.
2170 667 2322 734 Quod
2351 673 2395 726 si
2440 677 2665 738 omnino
2701 678 2862 732 vultis
2919 681 3132 748 signum
3188 684 3410 754 aliquod

1844 769 2051 824 ponere
2101 761 2166 814 ad
2231 767 2694 833 cognoscendum,
2760 771 2852 826 ubi
2901 772 3094 828 fuerim
3134 775 3412 841 humatus,

1845 847 2068 918 planum
2098 861 2236 918 esto,
2265 858 2620 924 ulquiescere
2651 863 2705 916 in
2731 878 2796 918 eo
2847 866 3120 934 peregrini
3160 871 3403 937 possint,

1845 955 1972 1007 nam
2011 950 2065 996 et
2098 958 2198 1014 ego
2232 949 2555 1017 peregrinus
2578 952 2653 1006 fui
2683 957 2902 1012 cunctis
2947 958 3163 1024 diebus,
3212 963 3416 1030 quibus

1843 1031 1977 1098 vixi,
2012 1042 2065 1088 et
2089 1046 2420 1094 mementote
2464 1043 2565 1096 mei
2593 1044 2645 1097 in
2671 1047 2877 1102 sanctis
2910 1049 3108 1105 vestris
3143 1052 3416 1107 orationi-

1842 1123 1967 1179 bus.

1914 1326 2002 1380 98.
2023 1328 2150 1383 Hac
2180 1329 2337 1394 dixit,
2372 1334 2568 1391 deinde
2607 1336 2881 1394 benedixit
2903 1340 3004 1400 eis,
3044 1350 3097 1396 et
3130 1341 3264 1398 bene
3290 1358 3416 1412 pre-

1845 1425 2002 1472 catus
2061 1429 2144 1474 est
2189 1426 2406 1480 cunctis
2475 1427 2736 1486 fratribus
2803 1433 3179 1503 attollensque
3225 1445 3415 1504 pedes.

1842 1512 2090 1566 extendit
2113 1529 2173 1568 se
2203 1515 2255 1568 in
2297 1515 2499 1572 lectulo
2539 1535 2660 1575 suo.
2691 1521 2919 1577 Biduum
2949 1539 3078 1580 vero
3104 1527 3278 1595 jacuit
3313 1545 3412 1583 nec

1845 1602 2097 1672 loquens,
2179 1623 2282 1663 nec
2341 1612 2594 1681 aperiens
2649 1616 2860 1683 oculos,
2912 1627 2966 1672 et
3011 1619 3103 1688 qui
3156 1619 3412 1675 videbant

1843 1695 2019 1762 illum,
2055 1697 2417 1766 mirabantur,
2463 1720 2575 1760 non
2621 1707 2766 1761 enim
2836 1718 2953 1763 erat
2986 1709 3182 1776 similis
3232 1715 3412 1780 agenti

1845 1788 2104 1851 animam,
2136 1794 2229 1846 sed
2257 1799 2588 1863 quiescenti,
2625 1803 2878 1855 movebat
2907 1800 3083 1856 solum
3151 1801 3297 1856 labia
3356 1815 3411 1859 et

1840 1881 2060 1935 dextera
2092 1898 2150 1938 se
2179 1887 2335 1954 signo
2382 1889 2562 1944 erucis
2595 1893 2972 1960 consignabat,
3036 1876 3138 1964 per
3187 1914 3307 1968 niue
3354 1900 3408 1954 in

1835 1970 2088 2026 oratione
2113 1973 2348 2028 defixum
2400 1988 2694 2046 praesentes
2741 1982 3134 2054 intelligehanl.
3171 1989 3235 2043 Et
3284 1991 3412 2058 qui-

1833 2059 1954 2116 dam
1989 2065 2175 2129 frater,
2207 2069 2423 2122 admota
2477 2071 2542 2124 ad
2577 2087 2638 2125 os
2669 2072 2787 2140 eius
2830 2091 2980 2142 aure,
3039 2079 3184 2132 hunc
3234 2083 3413 2135 versi-

1835 2155 2020 2208 culum
2045 2161 2420 2213 tantummodo
2455 2162 2523 2214 ab
2551 2178 2614 2217 eo
2638 2162 2896 2220 distincte
2917 2167 3124 2224 audivit
3159 2183 3176 2222 :
3209 2189 3228 2223 ι
3255 2170 3408 2226 Tunc

1833 2247 2290 2312 non'conl‘undar,
2328 2267 2454 2304 cum
2485 2269 2817 2323 perspexero
2857 2258 2910 2312 in
2942 2235 3217 2316 .emnibus
3247 2278 3404 2316 man-

1835 2337 1977 2393 datis
2006 2339 2135 2394 tuis.
2168 2358 2186 2391 ι
2223 2339 2518 2411 Gregorius
2553 2360 2769 2415 quoque
2811 2347 2917 2402 loci
2977 2349 3229 2405 dominus
3286 2368 3410 2406 ctua»

1835 2426 1951 2481 haec
1980 2428 2250 2492 audisset,
2311 2447 2412 2487 suo
2465 2448 2529 2487 ex
2571 2435 2772 2504 Oppido
2828 2453 3060 2494 currens
3103 2440 3410 2506 descendit,

1831 2533 2016 2574 secum
2045 2532 2096 2575 et
2128 2521 2444 2579 Michaclcm
2475 2526 2752 2583 adducens
2801 2533 3202 2599 peritissimum
3238 2537 3408 2591 medi-

1833 2625 1981 2675 cum,
2020 2629 2296 2685 ruensque
2331 2618 2725 2685 superbeatum
2757 2622 2931 2674 virum
2964 2623 3404 2691 ﬂebatubertim,

1835 2718 1898 2757 ac
1935 2707 2198 2759 diccbat:
2259 2707 2302 2762 0
2356 2708 2539 2778 Pater,
2586 2710 2764 2774 Pater,
2823 2694 2922 2767 cu'r
2988 2725 3098 2770 tant
3157 2719 3266 2772 cito
3321 2736 3408 2774 me

1833 2796 2180 2852 deseruisti?
2227 2799 2340 2854 Cur
2383 2802 2733 2858 abominatus
2792 2821 2854 2860 es
2905 2816 3126 2875 peccata
3183 2826 3300 2864 mea
3354 2824 3407 2866 et

1832 2888 2098 2955 relinquis
2157 2892 2691 2950 me?Deosculando
2751 2905 2928 2951 autem
2979 2913 3176 2955 manus
3233 2901 3403 2970 ejus:

1833 2977 1914 3032 En
1951 2994 2038 3032 me
2058 2979 2169 3048 jam
2206 2996 2310 3035 non
2348 2984 2625 3051 prohibes,
2659 2984 2860 3048 aiebat,
2887 2986 3016 3054 quin
3053 2996 3173 3042 tuas
3208 3006 3404 3046 manus

1831 3071 2070 3137 osculer,
2114 3080 2174 3124 ut
2211 3073 2431 3128 solebas
2460 3083 2640 3138 antea,
2673 3077 2904 3135 dicendo
2937 3093 2954 3132 :
2987 3077 3104 3133 Non
3141 3097 3257 3134 sum
3285 3085 3403 3153 epi-

153 3147 351 3216 χεῖράς
376 3164 491 3212 σου,
544 3148 723 3212 καθὼς
754 3150 960 3214 ἐποίεις
992 3152 1050 3203 τὸ
1080 3152 1366 3220 πρότερον,
1406 3153 1581 3221 λέγων
1647 3156 1728 3208 ὅτι

1835 3177 2062 3234 scapus,
2099 3173 2192 3218 aut
2224 3166 2537 3237 presbyter,
2569 3176 2660 3220 aut
2695 3169 2988 3234 diaconus,
3020 3175 3114 3226 sed
3162 3147 3404 3228 humilli-

156 3239 277 3290 Οὐκ
307 3240 425 3308 εἰμὶ
456 3241 774 3304 ἐπίσκοπος,
832 3243 863 3311 ἢ
894 3244 1283 3311 πρεσϐύτερος,
1314 3246 1434 3297 οὔτε
1462 3246 1728 3310 διάκονος,

153 3327 298 3380 ἀλλὰ
327 3329 489 3398 μόνον
553 3331 874 3401 καλογήριον
932 3336 1164 3403 μικρόν·
1223 3335 1366 3386 διατί
1420 3335 1516 3387 οὖν
1556 3337 1731 3398 θέλεις

152 3420 389 3489 φιλῆσαι
427 3423 526 3490 τὴν
574 3423 734 3492 χεῖρά
774 3440 912 3489 μου;
961 3423 1147 3477 Ταῦτα
1171 3426 1227 3478 δὲ
1273 3429 1448 3495 λέγων
1479 3429 1729 3481 τοσοῦτον

155 3514 449 3582 ἐδάκρυεν,
507 3515 648 3567 ὥστε
685 3518 893 3579 πάντας
919 3519 1042 3579 τοὺς
1075 3508 1436 3590 παρεστῶτας
1460 3520 1726 3586 διεγεῖραι

155 3605 300 3674 πρὸς
325 3604 553 3675 δάκρυα.
593 3608 891 3676 Κρατήσας
937 3609 993 3660 δὲ
1027 3611 1122 3662 καὶ
1149 3612 1173 3661 ό
1206 3610 1383 3680 ἰατρὸς
1413 3611 1502 3666 τόν
1555 3627 1728 3678 σφυγ-

158 3698 266 3767 μὸν
292 3699 481 3763 αὑτοῦ,
517 3699 879 3768 διισχυρίζετο
911 3700 1106 3768 λέγων,
1148 3701 1230 3753 ὅτι
1263 3695 1428 3762 Οὗτος
1461 3702 1560 3753 οὐκ
1591 3707 1727 3753 απο-

156 3789 421 3860 Θνήσκειο
459 3791 521 3844 οὐ
579 3792 687 3861 γάρ
736 3793 883 3844 ἐστιν
911 3794 964 3843 ὲν
989 3790 1137 3860 αὐτῷ
1181 3793 1440 3860 πυρετὸς,
1472 3790 1595 3842 οὔτε
1623 3791 1728 3869 μὴν

155 3883 292 3936 ἄλλο
337 3898 388 3933 τι
447 3883 674 3949 σημεῖον
733 3879 968 3932 θανάτου
996 3898 1011 3911 ο
1046 3883 1140 3934 καὶ
1197 3881 1306 3951 γὰρ
1345 3879 1516 3942 οὕτως
1559 3877 1724 3950 εἶχεν.

167 3972 675 4042 ’Λναχωρησάντων
725 3971 902 4022 τοίνυν
938 3971 1182 4036 ἐκείνων,
1210 3973 1304 4024 καὶ
1336 3971 1434 4040 τῆς
1461 3971 1607 4040 ὥρας
1633 3971 1726 4024 τοῦ

156 4062 420 4134 λυχνικοῦ
472 4061 884 4131 καταλαϐούσης
948 4061 1034 4132 (ἦν
1089 4062 1146 4114 δὲ
1190 4063 1285 4115 καὶ
1328 4064 1360 4132 ἡ
1400 4063 1588 4133 μνήμη
1632 4064 1726 4116 τοῦ

154 4155 460 4209 ἀποστόλου
500 4155 745 4208 Ἰωάννου
781 4157 874 4207 καὶ
909 4154 1206 4224 θεολόγου),
1247 4154 1391 4218 ἔδοξε
1425 4157 1539 4218 τοῖς
1575 4156 1731 4211 ἁδελ-.

156 4252 278 4318 φοίς
306 4247 717 4316 ἀπτγαγεῖντὸν
735 4249 881 4300 ὅσιον
906 4249 962 4298 ἐν
981 4249 1043 4316 τῇ
1070 4247 1357 4316 ἐκκλησίαν
1380 4246 1728 4317 ἐμνήσθησαν

157 4345 274 4411 γὰρ
299 4340 394 4393 τοῦ
461 4341 626 4395 πόθου
686 4342 778 4394 καὶ
839 4343 933 4394 τοῦ
987 4339 1210 4409 φίλτρου
1242 4337 1620 4409 αὑτοῦ,οὒπερ
1648 4341 1728 4402 είς

157 4435 257 4496 τὰς
291 4432 479 4502 μνείας
504 4432 616 4485 τῶν
641 4433 810 4500 ἁγίων
839 4433 1138 4484 ἐδείκνυτο·
1173 4431 1267 4483 καὶ
1299 4431 1373 4488 ὡς
1400 4431 1484 4482 ἀεὶ
1517 4431 1724 4497 ἔλεγεν,

155 4528 242 4580 ὅτι
271 4525 353 4578 δεῖ
379 4527 470 4578 τὸν
504 4524 756 4594 μοναχὸν,
805 4525 960 4587 ἐκτὸς
1004 4524 1182 4592 πάσης
1227 4525 1494 4592 ἀνάγκης,
1529 4525 1584 4575 ἐν
1645 4521 1723 4594 τῷ

156 4618 435 4686 εὖκτηρίῳ
463 4616 808 4685 τελευτῆσαι.

229 4709 337 4776 εον.
372 4707 541 4760 Τοῦτο
557 4707 612 4760 δὲ
633 4707 946 4776 γενομένου,
984 4706 1076 4758 καὶ
1104 4705 1196 4758 τοῦ
1237 4707 1523 4773 ἑσπερινοῦ
1553 4705 1721 4773 ὕμνου

155 4802 310 4863 τέλος
344 4799 620 4862 λαϐόντος,
658 4801 683 4851 ὁ
712 4799 859 4869 ἥλιος
913 4798 1054 4864 ἔγνω
1096 4797 1194 4867 τὴν
1227 4797 1380 4850 δύσιν
1412 4796 1596 4858 αὐτοῦ,
1634 4798 1728 4849 καὶ

159 4893 320 4955 αὐτὸς
342 4891 629 4961 παρέδωκε
664 4891 721 4942 τὺ
749 4890 965 4959 πνεῦμα
989 4908 1002 4920 ⁸
1037 4891 1134 4942 καὶ
1162 4889 1251 4942 ἔδυ
1281 4888 1494 4958 ἀληθῶς
1551 4892 1724 4941 εἰπεῖν

154 4984 353 5053 ὁῆλιος
412 4983 553 5051 μετὰ
607 4983 701 5037 τοῦ
758 4981 907 5049 ἡλίου
929 4998 942 5011 ο
977 4982 1071 5034 καὶ
1104 4980 1316 5046 ἐξέλιπε
1346 4979 1461 5047 φῶς
1491 4981 1595 5032 ἀπὸ
1624 4981 1720 5049 τῆς

155 5077 260 5144 γῆς
296 5077 354 5128 ἐν
379 5078 445 5144 τῇ
488 5075 671 5147 ἡμέρᾳ
722 5074 926 5143 ἐκείνῃ,
954 5073 1045 5124 καὶ
1071 5071 1259 5141 λύχνος
1288 5072 1394 5124 ἀπὸ
1428 5070 1720 5152 προσώπου

157 5167 428 5241 δρώντων.
470 5168 538 5218 Ἢ
565 5166 672 5236 γὰρ
706 5166 800 5218 καὶ
827 5164 988 5226 αὐτὸς
1010 5165 1068 5216 οὐ
1104 5165 1356 5233 προέγνω
1386 5162 1485 5232 τὴν
1523 5162 1726 5230 παροῦκ

158 5279 257 5316 σαν
286 5259 674 5327 σκοτόμαιναν,
746 5259 841 5310 καὶ
890 5255 1173 5322 ἀπόλειψιν
1230 5254 1337 5305 τῶν
1381 5253 1726 5322 φωτιζόντων

1837 3269 1959 3308 mus
1987 3258 2288 3310 monachus
2315 3273 2329 3309 :
2357 3258 2546 3326 utquid
2593 3259 2759 3328 igitur
2786 3275 3006 3313 manum
3041 3279 3212 3315 meum
3238 3279 3402 3317 05m:-

1831 3345 1932 3399 lari
1965 3346 2092 3400 vis?
2127 3346 2253 3401 Haec
2284 3347 2474 3404 dicens
2507 3357 2710 3402 tantam
2747 3350 3109 3421 lacrymarunt
3143 3358 3247 3406 vim
3275 3373 3403 3425 pro-

1831 3439 2114 3501 fundebat,
2159 3449 2217 3493 ut
2267 3449 2510 3496 astantes
2549 3457 2740 3498 omnes
2797 3445 3054 3498 invitaret
3090 3448 3154 3498 ad
3191 3445 3398 3504 fletum.

1829 3529 2072 3584 Medicus
2090 3540 2294 3595 autem,
2315 3539 2604 3586 attrectato
2631 3534 2814 3600 pulsu,
2847 3537 3219 3600 asseverabat,
3250 3539 3397 3592 illum

1830 3635 1939 3673 non
1965 3622 2315 3687 moriturum,
2345 3622 2491 3691 quod
2528 3639 2630 3678 nec
2669 3624 2842 3680 febris
2867 3636 3014 3681 esset
3053 3629 3106 3682 in
3165 3645 3251 3692 eo,
3296 3647 3399 3700 nec

1831 3711 1980 3765 aliud
2015 3713 2209 3768 mortis
2253 3714 2469 3783 signum
2501 3729 2516 3768 :
2548 3717 2620 3770 ita
2649 3717 2794 3772 enim
2827 3733 2915 3773 res
2965 3719 3220 3776 habebat.
3260 3723 3398 3778 Cum

1833 3816 1967 3856 vero
2003 3802 2080 3856 illi
2117 3803 2505 3860 discessissent
2532 3816 2584 3860 et
2607 3807 3111 3878 advesperasceret,
3134 3813 3400 3882 agebatur

1830 3908 1994 3962 porro
2025 3895 2187 3949 etiam
2220 3899 2482 3951 memoria
2511 3895 2739 3953 Joannis
2773 3902 3002 3969 apostoli
3059 3913 3110 3956 et
3163 3918 3398 3972 evange-

1831 3983 1970 4037 lista:
2003 3984 2135 4054 (87),
2170 3985 2345 4040 vismn
2401 3994 2483 4040 est
2535 3986 2824 4052 fratribus,
2888 3989 3102 4044 deferre
3146 4003 3395 4048 sanctum

1827 4071 2045 4128 Patrem
2078 4074 2134 4128 in
2185 4075 2520 4131 ecclesiam:
2565 4079 2831 4134 recordati
2895 4083 3040 4135 enim
3079 4095 3228 4146 sunt,
3288 4100 3399 4151 quo

1829 4163 2045 4230 affectu,
2077 4179 2185 4234 quo
2209 4166 2399 4221 studio
2424 4175 2742 4223 sanctorum
2769 4170 3065 4225 memorias
3100 4188 3396 4242 proseque-

1827 4264 2002 4322 retur,
2045 4264 2101 4312 et
2147 4271 2362 4328 semper
2393 4258 2576 4314 dicere
2615 4259 2860 4326 solitum,
2911 4274 3162 4330 oportere
3206 4280 3396 4330 mona-

1829 4345 1992 4400 chum
2079 4348 2219 4400 citra
2296 4363 2513 4404 onmem
2572 4351 2982 4417 necessitatem,
3047 4353 3102 4406 in
3158 4358 3399 4410 oratorio

1831 4451 1994 4492 ωσι-ι.

1905 4705 1994 4760 99.
2028 4705 2146 4772 Quo
2185 4707 2352 4771 facto,
2398 4715 2450 4761 et
2479 4708 2790 4776 vespertino
2840 4717 3061 4778 peracto
3089 4723 3288 4766 omcto.
3315 4710 3392 4766 soi

1836 4798 2091 4867 cognovit
2133 4811 2387 4850 occasum
2415 4813 2574 4853 suum
2617 4809 2668 4852 et
2696 4798 2810 4865 ipse
2834 4798 3340 4870 tradiditspiritum
3379 4820 3391 4854 :

1834 4897 1886 4942 et
1917 4888 2116 4943 occidit
2146 4904 2331 4943 revera
2369 4904 2494 4944 cum
2532 4890 2648 4944 sole
2678 4891 2782 4954 sol,
2811 4890 3115 4960 defecitque
3168 4893 3257 4945 die
3304 4892 3392 4944 illa

1833 4978 2014 5032 lumen
2034 4977 2101 5033 de
2135 4986 2280 5032 terra
2301 4991 2353 5034 et
2388 4979 2608 5034 lucerna
2660 4996 2688 5034 a
2741 4982 2877 5036 facie
2910 4983 3235 5056 videntium,
3291 4986 3387 5038 Au-

1832 5084 1943 5125 nou
1975 5070 2225 5138 praevidit
2251 5079 2306 5124 et
2345 5070 2459 5139 ipse
2507 5071 2863 5127 densissimas
2913 5073 3074 5142 hujus
3132 5077 3395 5142 temporis

1833 5161 2111 5224 tenebras,
2164 5159 2550 5231 defectumque
2595 5171 2912 5219 sanctorum
2946 5166 3393 5232 illuminantium,

1835 5263 2172 5322 ueteresque
2204 5253 2515 5307 docentium
2552 5253 2662 5309 ?Et
2694 5256 2912 5310 ubinam
2937 5256 3164 5311 alterum
3193 5262 3394 5326 reperit

1443 5434 1701 5497 mannis
1734 5432 1867 5495 Clei
1896 5443 2089 5495 noue.

222 5599 327 5666 (87)
353 5595 618 5666 Memoria
643 5587 951 5666 Satioannis
982 5587 1214 5666 theologi
1241 5600 1334 5666 seu
1363 5582 1721 5666 evangelista?

154 5653 249 5721 hoc
303 5653 392 5720 die
436 5665 670 5719 solemni
703 5662 892 5714 Ollicio
943 5661 1123 5730 agitur
1167 5653 1305 5730 apud
1359 5653 1598 5730 Grﬂfﬁos.
1655 5660 1719 5730 ξιι

151 5720 414 5790 munitum
446 5733 703 5788 estinter
733 5720 1126 5800 prtutermissos
1176 5720 1250 5800 ad
1283 5723 1621 5800 ltuttendiem.
1655 5720 1712 5774 ltt

146 5805 478 5873 Authologio
540 5791 854 5854 (irtccoi'ttttt
908 5796 1284 5850 recentissimo
1357 5791 1547 5844 Oli‘tcio
1595 5804 1718 5842 mox

1828 5592 2130 5638 memorato
2162 5581 2410 5651 subjecta
2472 5589 2553 5638 est
2601 5580 2842 5651 rubrica,
2892 5593 3011 5646 quae
3060 5579 3386 5651 Διιιοηιιιη-ξιι

1823 5651 2044 5732 abbatia
2068 5647 2627 5721 Cryptte-Ferratensi
2658 5651 2763 5705 hoc
2778 5649 2866 5704 die
2896 5649 3159 5718 agt-udam
3182 5653 3241 5701 5.
3281 5647 3386 5702 Nili

1823 5737 2162 5778 ηιειιιοῖιτιω.
