4158 6338
203 429 309 492 169

1255 428 1428 490 VITA
1474 430 1580 492 SS.
1625 429 1875 489 ClllYCl
1914 428 2011 488 ET
2051 429 2414 491 JULITT/E.

3347 441 3451 505 170

195 548 428 615 ἔχουσα,
494 543 636 596 πάνυ
667 544 861 612 νήπιον
891 543 1018 597 ὄντα
1042 559 1055 573 ’
1089 543 1165 608 ὡς
1205 544 1260 597 δὲ
1295 547 1496 616 ταύτην
1521 547 1568 598 οἱ
1591 545 1775 617 δήμιοι

1887 543 2031 598 illam
2065 543 2288 602 lictores
2335 546 2726 614 detinuisscnt,
2772 552 2982 608 ancillae
3011 553 3133 624 ejus
3183 569 3302 610 eam
3354 557 3452 618 de-

196 638 557 709 συνέσχον,αί
587 637 919 708 θεράπαιναι
950 637 1120 706 αὐτῆς
1146 637 1553 692 καταλιποῦσαι
1588 637 1777 708 αὐτὴν,

197 730 450 797 ἀπῆλθον
485 729 870 800 ἀποδράσασαι
898 745 914 760 ο
944 729 1142 796 ἔξωθεν
1168 729 1224 782 δὲ
1250 730 1559 800 ἱστάμεναι,
1585 729 1781 799 θεωροὶ

194 823 309 875 τῶν
341 823 421 885 εἰς
443 822 613 890 αὐτὴν
670 823 1067 892 πραττομένων
1116 822 1358 889 ἐγίνοντο
1386 837 1398 850 ’
1460 817 1598 886 εἶτα,
1626 825 1779 893 φησι,

199 915 571 985 παραστάσης
625 913 803 981 αὐτῆς
869 914 946 984 τῷ
995 913 1092 967 τοῦ
1132 913 1487 985 Ἀλεξάνδρου
1551 915 1778 985 βήματι,

197 1006 445 1077 διηρώτα
509 1006 720 1069 ἐκεῖνος
775 1004 947 1072 αὐτὴν
1015 1004 1680 1078 ὲξειπείνπροσηγορίαν
1723 1026 1782 1061 τε

197 1104 297 1153 καὶ
329 1101 501 1167 τύχην
532 1099 626 1151 καὶ
655 1098 753 1168 τὴν
776 1097 1155 1167 ὲνεγκαμένην
1183 1088 1420 1170 πατρίδα
1441 1115 1454 1128 '
1479 1101 1512 1167 ἠ
1550 1099 1607 1153 δὲ
1642 1102 1783 1171 παῤ-

201 1189 578 1260 ρησιαξομένη
634 1192 772 1259 πρὸς
821 1189 911 1241 τον
967 1189 1248 1260 δικαστὴν,
1309 1191 1370 1243 τὸ
1422 1191 1519 1245 τοῦ
1575 1191 1782 1261 Κυρίου

197 1283 443 1353 Χριστοῦ
473 1283 645 1349 ὄνομα
667 1281 1030 1352 ἐπεγράφετο,
1051 1281 1310 1349 λέγουσα,
1331 1284 1630 1353 Χριστιανή
1648 1286 1781 1353 εἰμι.

278 1372 357 1436 ς’.
411 1374 822 1443 Θυμομαχήσας
887 1374 941 1426 δὲ
987 1376 1014 1426 ὁ
1069 1375 1416 1444 Ἀλέξανδρος
1496 1377 1785 1429 ἐκέλευσεν

201 1464 574 1532 ἀξξαιρεθῆναι
605 1465 704 1534 μὲν
736 1465 832 1518 ἀπ’
856 1466 1024 1536 αὐτῆς
1047 1467 1137 1518 τον
1171 1468 1336 1520 παῖδα
1368 1469 1645 1538 Κήρυκον,
1692 1473 1787 1524 καὶ

199 1553 583 1620 προσάγεσθαι
605 1555 773 1623 αὐτῷ,
802 1550 899 1609 οἷα
930 1559 986 1608 δὲ
1020 1557 1116 1609 καὶ
1141 1559 1356 1612 ἀστεῖον
1378 1560 1527 1625 ὄντα,
1561 1562 1655 1614 καὶ
1685 1580 1790 1632 μη-

195 1642 285 1693 δὲν
307 1643 416 1694 τῶν
462 1644 606 1694 κατὰ
661 1645 922 1714 πρόθεσιν
970 1647 1150 1699 εἰδότα
1178 1663 1189 1674 ·
1223 1648 1426 1718 ταύτην
1461 1650 1516 1702 δὲ
1575 1669 1787 1721 σχημα·

197 1734 480 1785 τιεθείσαν
515 1735 608 1786 καὶ
642 1736 1002 1790 τανυσθείσαν
1029 1738 1202 1808 ὠμοῖς
1245 1740 1562 1812 βουνεύροις
1591 1743 1789 1797 τύπτε-

201 1824 333 1875 σθαι
372 1827 609 1892 ἀφειδῶς
671 1830 998 1898 ἐπέτρεπεν·
1043 1830 1118 1894 ὡς
1157 1831 1213 1884 δὲ
1260 1833 1352 1885 τὸν
1388 1837 1554 1888 παῖδα
1603 1834 1695 1906 βίᾳ
1721 1838 1784 1889 ἐκ

198 1915 313 1968 τῶν
360 1917 460 1985 τῆς
531 1919 738 1988 μητρὸς
791 1921 1051 1987 ἀγκαλῶν
1104 1923 1154 1976 oi
1213 1924 1398 1993 δήμιοι
1443 1927 1779 1993 ἀφείλκυσαν

200 2006 693 2075 κλαυθμυρίζοντα
751 2012 943 2078 ἄγουσι
967 2012 1045 2082 τῷ
1096 2015 1344 2084 ἡγεμόνι,
1387 2016 1521 2085 πρὸς
1548 2018 1646 2087 τὴν
1676 2034 1782 2086 μη-

199 2099 340 2168 τέρα
397 2099 605 2164 ἀτενῶς
637 2104 948 2174 -ὲνορῶντα,
977 2107 1073 2159 καὶ
1107 2106 1165 2159 τὸ
1193 2107 1412 2178 ἐκείνης
1455 2108 1624 2180 ῦνομα
1659 2113 1782 2164 ἐπι·

200 2193 600 2262 φθεγγόμενον,
649 2194 748 2265 τὴν
779 2196 836 2249 δέ
877 2214 940 2264 γε
975 2200 1229 2271 μάρτυρα
1285 2201 1426 2255 κατά
1480 2202 1540 2254 τὸ
1598 2204 1783 2268 αὐτοῖς

208 2283 560 2353 προσταχθὲν
607 2285 836 2348 ἀνιλεῶς
878 2287 1108 2342 ἔτυπτον
1131 2292 1241 2353 τοῖς
1275 2291 1610 2362 βουνεύροις,
1642 2294 1784 2346 ἐκεί-

199 2391 302 2444 νης
333 2375 404 2437 ὡς
436 2375 750 2446 ἀνδριάντος
807 2379 952 2441 τινος
1017 2379 1229 2450 ἀψύχου
1257 2384 1375 2444 ταῖς
1405 2384 1642 2453 πληγαῖς
1672 2384 1787 2450 ξαι-

199 2466 459 2534 νομένης,
516 2467 613 2519 καὶ
671 2468 838 2536 μηδὲν
881 2469 1073 2541 ἕτερον
1130 2472 1545 2544 φθεγγομένης,
1613 2475 1787 2545 ἢτὴν

202 2557 409 2625 ππτῆν
437 2556 655 2628 ἐκείνην
684 2559 866 2630 φωνὴν
895 2562 1194 2628 ἀπαύστως
1219 2563 1452 2636 βοώσης,
1485 2568 1784 2641 Χριστιανὴ

199 2648 319 2715 εἰμι
349 2648 446 2698 καὶ
477 2647 730 2716 δαίμοσιν
777 2651 837 2702 οὗ
870 2650 1006 2707 θύω.

270 2737 337 2800 ζ’.
417 2737 475 2790 Ὀ
529 2738 623 2791 οῦν
671 2729 922 2810 ἡγεμὼν
957 2746 1078 2808 ταῖς
1147 2752 1305 2818 χερσὶ
1366 2752 1669 2820 λαϐόμενος
1728 2757 1788 2808 το

204 2828 450 2891 παιδίον,
489 2829 755 2894 θωπείαις
797 2834 1058 2904 ἐπειρᾶτο
1087 2837 1360 2893 δυσωπεῖν
1395 2841 1469 2914 μὴ
1503 2844 1792 2899 ἀποκλαέε·

203 2919 351 2982 σθαι,
376 2923 470 2974 καὶ
526 2926 644 2984 τοῖς
677 2925 874 2979 ἑαυτοῦ
899 2927 1157 2994 γούνασιν
1185 2933 1446 3000 ἐπετίθει,
1487 2935 1580 2989 καὶ¹
1616 2937 1791 3004 φιλεῖν

199 3009 504 3081 ἐπεχείρει.
545 3013 618 3065 Τὸ
641 3014 696 3068 δὲ
731 3016 865 3086 προς
912 3019 1013 3089 τὴν
1067 3023 1278 3091 μητέρα
1309 3025 1514 3089 ἀτενῶς
1562 3029 1794 3084 ἀποόλέο

201 3117 327 3164 πον,
386 3105 678 3158 ἀπεσεξετο
739 3107 838 3177 μὲν
885 3111 977 3162 τὸν
1027 3113 1294 3183 ἡγεμόνα,
1329 3118 1421 3171 καὶ
1451 3119 1550 3190 τὴν
1593 3122 1788 3177 ἑαυτοῦ

1885 645 2164 703 serentes,
2203 637 2472 709 fugientes
2499 641 2757 698 abierunt
2786 659 2799 696 :
2837 642 2970 700 foris
3003 655 3183 701 autem
3217 657 3452 712 stantes.

1887 736 2056 783 testes
2089 745 2280 784 eorum
2315 747 2436 801 qua:
2466 734 2518 786 in
2555 734 2702 787 illam
2740 742 2890 804 gesta
2926 745 3055 790 sunt
3098 740 3449 796 exstiterunt.

1885 818 2115 885 Deinde,
2147 821 2372 888 dicitur,
2403 824 2496 877 illa
2533 825 2746 881 sistitur
2771 837 2894 881 ante
2927 829 3222 885 Alexandri
3274 833 3456 888 tribu-

1890 910 1998 972 nal,
2035 911 2337 982 interrogat
2371 915 2473 970 iSte
2502 926 2558 970 ut
2586 927 2768 971 narret
2800 917 2889 971 illa
2919 934 3144 985 nomen,
3175 919 3450 975 fortunam

1887 1010 1941 1056 et
1975 1019 2138 1072 quam
2171 1005 2410 1059 obtinuit
2457 1009 2708 1076 patriam.
2746 1009 2840 1063 illa
2873 1025 3004 1065 vero
3036 1027 3162 1066 cum
3199 1011 3454 1069 libertate

1889 1106 2016 1152 ante
2055 1098 2298 1168 judicent
2343 1099 2550 1156 Christi
2588 1101 2801 1156 Domini
2837 1119 3032 1159 nomen
3069 1104 3320 1161 confessa
3351 1113 3457 1172 est,

1887 1190 2101 1255 dicens,
2132 1191 2447 1246 Christiana
2499 1208 2640 1247 sum.

1960 1367 2013 1424 6.
2056 1367 2232 1421 [ratus
2287 1378 2468 1423 autem
2499 1368 2813 1424 Alexander
2859 1371 3025 1439 jussit
3055 1374 3121 1428 ab
3157 1376 3246 1429 illa
3277 1377 3455 1446 abripi
3499 1359 3502 1362 i

1889 1474 2119 1529 puerum
2165 1458 2442 1529 Cirycum,
2491 1469 2544 1515 et
2579 1462 2643 1516 ad
2674 1477 2733 1516 se
2769 1462 2972 1530 afferri,
3005 1474 3260 1535 tanquam
3291 1485 3461 1523 venu-

1892 1559 2060 1614 stum,
2129 1557 2185 1605 et
2239 1551 2375 1604 nihil
2412 1566 2603 1606 eorum
2656 1569 2777 1623 qua:
2824 1556 3130 1625 agebantur
3163 1559 3458 1625 scientem;

1835 1656 1837 1658 ·
1892 1643 2036 1697 illam
2067 1651 2247 1698 autem
2281 1644 2551 1698 nudutam
2580 1655 2634 1699 et
2669 1646 2717 1700 vi
2750 1657 3030 1702 extensam
3080 1650 3266 1706 crudis
3296 1652 3460 1706 boum

1891 1724 2096 1790 nervis
2124 1736 2334 1805 percuti
2371 1735 2669 1790 crudeliter
2705 1737 3014 1808 imperavit.
3070 1740 3137 1796 Ut
3169 1757 3299 1797 vero
3330 1759 3463 1811 pue~

1893 1842 2014 1880 rum
2045 1829 2094 1882 vi
2130 1843 2160 1882 e
2191 1828 2383 1884 matris
2407 1829 2552 1884 ulnis
2580 1830 2872 1885 carnifices
2906 1831 3262 1902 abripuerunt
3294 1837 3461 1889 multa

1885 1918 2276 1990 lacrymantem
2309 1920 2592 1974 adducunt
2616 1921 2681 1974 ad
2707 1921 3045 1991 praefectum,
3079 1925 3456 1980 indesinenter

1887 2017 2117 2065 matrem
2167 2011 2495 2074 intuentem,
2566 2019 2620 2066 et
2676 2014 2794 2081 eius
2842 2029 3039 2068 nomen
3100 2017 3453 2080 voeitantem,

1888 2107 2182 2170 martyrem
2219 2110 2401 2154 autem
2439 2103 2612 2171 ipsam
2656 2104 2956 2159 secundum
2988 2107 3138 2175 quod
3172 2109 3278 2163 sibi
3309 2124 3466 2162 mau-

1887 2189 2074 2245 datum
2101 2190 2278 2246 fuerat
2304 2193 2588 2249 carnifices
2609 2195 2772 2250 boum
2802 2199 2982 2252 nervis
3014 2198 3130 2254 dire
3153 2201 3456 2265 caedebant,

1889 2294 2014 2350 quze
2051 2281 2199 2335 velut
2250 2289 2438 2336 statua
2487 2283 2737 2353 quaedam
2787 2285 3125 2342 insensibilis
3157 2290 3328 2360 plagis
3379 2291 3466 2345 la-

1890 2370 2060 2436 niata,
2094 2372 2230 2425 nihil
2285 2372 2432 2428 aliud
2483 2377 2735 2442 sonabat,
2790 2393 2952 2446 quam
2992 2379 3132 2434 hanc
3175 2383 3450 2452 egregiam

1889 2474 2078 2514 vocem
2117 2460 2238 2515 sine
2267 2461 2680 2520 intermissione
2721 2466 2958 2534 edendo,
2993 2469 3305 2526 Christiana
3336 2487 3458 2527 sum

1891 2561 1945 2606 et
1971 2551 2312 2608 daemonibus
2343 2568 2450 2607 non
2480 2555 2752 2612 sacrifico.

1965 2755 2014 2808 7.
2059 2754 2354 2810 Praefectus
2410 2756 2582 2826 igitur
2618 2759 2874 2814 manibus
2920 2776 3146 2830 puerum
3186 2766 3467 2835 acc.piens

1892 2845 2171 2901 blanditiis
2207 2847 2462 2902 teutabat
2516 2847 2792 2936 addue'ere
2840 2867 2906 2906 ne
2943 2852 3361 2923 lacrymaretur,
3410 2870 3468 2913 et

1894 2938 2010 2994 suis
2062 2939 2297 3008 genibus
2349 2940 2685 3009 imponebat,
2722 2943 3076 3012 oscularique
3123 2954 3464 3017 conabatur;

1895 3030 1984 3084 ille
2006 3041 2184 3085 autem
2216 3040 2447 3087 matrem
2477 3033 2849 3090 indesinenter
2873 3037 3116 3102 intuens,
3142 3042 3460 3108 praefectum

1894 3123 2114 3192 quidem
2169 3125 2412 3190 arcebat,
2457 3137 2726 3197 caputque
2770 3143 2930 3182 suum
2991 3135 3305 3186 retrahebat
3351 3151 3466 3188 ma-

200 3191 413 3258 ὰιρίστα
448 3196 712 3267 κεφαλὴν,
744 3203 868 3262 ταῖς
895 3205 1047 3272 χερσὶ
1081 3203 1136 3256 δὲ
1157 3207 1484 3273 ἀντιόαῖνιν,
1510 3214 1622 3274 τοῖς
1639 3213 1783 3278 laici,-

1897 3216 2056 3270 nibus
2105 3225 2287 3270 autem
2337 3219 2606 3284 renitens,
2669 3220 2889 3290 ungulis
2935 3222 3178 3277 cmdebat
3226 3228 3465 3292 praefecti

208 3283 395 3350 ὖνυξιν
427 3285 627 3357 ἔπληξε
684 3291 783 3360 τὴν
829 3293 925 3346 τοῦ
958 3296 1225 3364 ἡγεμόνος
1252 3299 1374 3366 ὄψιν
1406 3317 1421 3334 ο
1453 3305 1545 3355 καὶ
1579 3304 1654 3367 ὡς
1681 3308 1780 3376 τῆς

200 3375 485 3448 σώφρονος
542 3384 804 3450 τρυγόνος
863 3387 1082 3451 νεοσσὸς
1139 3389 1402 3460 νηπιὼδει
1454 3393 1786 3466 ψελλίσματι

204 3470 392 3538 φωνὴν
437 3474 532 3524 καὶ
600 3474 763 3538 αὐτὸς
795 3477 1000 3544 όᾶγιος
1055 3481 1313 3548 Κήρυκος
1382 3487 1786 3558 ἀπεφθέγγετο,

201 3560 450 3652 1[ἀντιιιιρὰ
490 3564 590 3630 τῆς
626 3569 844 3636 μητρὸς
900 3568 1207 3626 δεδίδακται
1253 3575 1348 3627 καὶ
1407 3578 1787 3652 ἐπιϐοωμένην

204 3645 374 3718 ἤκουε
400 3691 416 3714 ,
447 3652 617 3722 Κάγὼ
674 3656 1003 3726 Χριστιανός
1033 3663 1171 3730 είμι*
1221 3664 1393 3729 οὕτως
1422 3668 1478 3721 δὲ
1510 3671 1629 3723 ’καὶ
1691 3674 1788 3723 αύ-

201 3744 295 3804 τθλς
343 3742 407 3795 τδ
451 3749 546 3796 τοῦ
605 3747 841 3816 Χριστοῦ
891 3750 1062 3820 ὄνομα
1129 3755 1569 3828 ἀνακαλούμενος
1610 3772 1787 3818 απαύ-

206 3850 347 3896 στως
379 3835 474 3888 καὶ
521 3836 621 3904 λὰξ
663 3837 740 3908 τῷ
796 3841 1029 3915 δικαστῇ
1087 3847 1446 3918 ὲναλλόμενος
1505 3856 1648 3908 κατὰ
1689 3857 1784 3910 τοῦ

205 3924 474 3996 πλευροῦ,
531 3930 680 3998 φιλεῖ
741 3935 848 4002 γὰρ
901 3934 977 3998 ὡς
1039 3938 1106 3990 τὰ
1148 3939 1317 3993 πολλὰ
1363 3943 1787 4015 ἡνηπιάζουσα

208 4018 372 4086 φύσις
411 4023 471 4072 ὲν
497 4026 605 4085 τοῖς
625 4024 889 4090 τοιούτοις
921 4030 1168 4098 σχήμασι
1194 4035 1484 4101 κινεῖσθαι,
1507 4043 1586 4101 είς
1618 4043 1786 4110 θυμὸν

207 4110 426 4181 ἐκίνησε
462 4116 554 4165 τον
588 4113 781 4184 ἄγριον
829 4118 1036 4171 ἐκεῖνον
1083 4122 1245 4191 θῆρα·
1280 4125 1342 4177 ού
1365 4128 1474 4196 γάρ
1499 4128 1784 4198 ἄνθρωπον

205 4201 368 4254 αὐτὸν
401 4207 898 4276 προσαγορευτέον,
936 4210 1010 4280 μὴ
1041 4213 1408 4282 συγγνώμονα
1465 4220 1564 4288 τῆς
1591 4222 1786 4286 ἀδαοῦς

207 4292 460 4360 πράξεως
482 4297 860 4351 καταστάντα·
923 4303 988 4352 ὲκ
1027 4303 1122 4354 τοῦ
1153 4304 1309 4370 ποδὸς
1334 4309 1518 4360 τοίνυν
1555 4310 1789 4384 λαῦόμε-

205 4399 297 4444 νος
327 4385 421 4435 τὸν
452 4387 700 4452 ἀοίδιμον
757 4391 949 4456 παῖδα,
999 4393 1224 4464 ἔρριψεν
1286 4397 1499 4452 ἄνωθεν
1525 4401 1632 4454 ἀπὸ
1690 4404 1785 4456 τοῦ

207 4470 371 4541 ὕψους
401 4475 495 4527 τοῦ
557 4478 804 4548 βήματος
830 4482 922 4535 ἐπὶ
961 4484 1059 4552 τὴν
1089 4489 1194 4554 γῆν
1218 4488 1388 4542 κάτω.
1426 4492 1531 4542 Τοῦ
1560 4493 1616 4545 δὲ
1650 4511 1786 4564 κρα-

1891 3309 2143 3376 vultum;
2181 3316 2237 3362 et
2269 3318 2530 3379 tanquam
2582 3319 2746 3365 castra
2781 3314 3017 3368 turturis
3055 3315 3241 3384 pullus
3288 3316 3467 3371 infan-

1893 3401 1983 3454 tile
2049 3399 2362 3456 balbutiens
2431 3416 2622 3456 vocem
2677 3414 2730 3458 et
2768 3404 2882 3474 ipse
2951 3417 3175 3462 sanctus
3237 3407 3465 3480 Cirycus

1873 3491 2088 3544 edebat
2117 3505 2280 3561 quam
2305 3504 2335 3545 a
2356 3501 2528 3547 matre
2552 3492 2823 3547 didicerat
2853 3494 3175 3550 clamantem
3208 3499 3460 3560 audiens.

1889 3581 1956 3635 Et
1986 3595 2086 3651 ego
2132 3580 2478 3636 Christianus
2509 3598 2651 3636 sum.
2688 3584 2762 3637 fta
2801 3585 2915 3654 ipse
2964 3603 3182 3655 quoque
3235 3586 3460 3654 Christi,

1888 3691 2089 3730 nomen
2124 3677 2412 3742 invocans,
2459 3685 2515 3732 et
2547 3677 2698 3732 calce
2727 3679 2935 3747 judicis
2973 3683 3114 3736 latus
3163 3669 3456 3751 impetens,

1888 3777 2038 3819 amat
2079 3767 2225 3819 enim
2263 3783 2427 3836 quam
2460 3769 2763 3836 saepissime
2796 3771 3062 3828 infantilis
3107 3772 3325 3828 indoles
3374 3786 3458 3828 ta-

1889 3857 2034 3914 libus
2067 3858 2310 3913 motibus
2352 3859 2574 3929 agitari,
2607 3863 2672 3912 ad
2710 3861 2848 3915 iram
2901 3862 3152 3918 incitavit
3182 3867 3458 3921 crudelem

1890 3948 2034 4003 hanc
2077 3947 2274 4004 feram.
2323 3947 2442 4004 Non
2493 3951 2640 4005 enim
2673 3952 2840 4006 homo
2887 3954 2991 4008 iste
3027 3957 3304 4012 vocandus
3357 3969 3459 4021 est,

1889 4041 1984 4110 qui
2013 4042 2300 4110 ignoscere
2332 4042 2612 4110 intrepidae
2637 4044 2839 4098 actioni
2870 4045 3066 4100 noluit.
3109 4045 3252 4102 l’ede
3287 4049 3457 4118 igitur

1888 4132 2167 4202 egregium
2201 4146 2428 4201 puerum
2455 4134 2894 4203 apprehendens,
2926 4137 3158 4206 projecit
3183 4153 3213 4194 e
3237 4154 3459 4194 summo

1891 4223 2154 4277 tribunali
2187 4223 2242 4276 in
2282 4233 2531 4279 terram:
2574 4227 2768 4280 cranio
2821 4237 2998 4283 autem
3052 4229 3278 4285 illustris
3313 4247 3458 4284 mar-

1890 4315 2022 4387 tyris
2049 4316 2210 4371 talem
2238 4314 2646 4371 confessionem
2673 4318 2885 4374 edentis
2909 4321 2963 4373 in
2993 4322 3261 4389 graduum
3287 4339 3427 4393 angu
3453 4355 3460 4362 -

1892 4406 1970 4462 los
2007 4406 2270 4475 proiecto,
2302 4415 2357 4460 et
2405 4406 2585 4461 acutis
2633 4415 2688 4461 et
2721 4409 2874 4481 duris
2904 4409 3168 4478 gradibus
3197 4415 3459 4475 contrito,

1892 4511 2086 4552 cruore
2116 4496 2412 4565 implentur
2458 4512 2579 4563 quae
2625 4498 2832 4552 circum
2886 4501 3126 4555 tribunal
3164 4503 3368 4570 jaceut,
3405 4520 3459 4556 t'l.

205 4564 316 4616 νίου
346 4566 446 4619 τοῦ
484 4568 804 4624 καλλινίκου
860 4573 1140 4647 μάρτυρος
1175 4579 1269 4632 ἐπὶ
1297 4584 1365 4650 τῇ
1397 4583 1627 4658 τοιαύτῃ
1657 4587 1783 4656 ὁμο-

1892 4588 1946 4642 in
1986 4564 2316 4642 nianuerei
2371 4587 2628 4653 spiritum
2665 4588 2917 4643 immittit
2960 4591 3073 4646 Deo
3103 4564 3456 4662 acceptabiiis

207 4653 364 4728 λογίᾳ
396 4660 540 4713 κατά
568 4662 666 4732 τῆς
703 4663 811 4717 τῶν
834 4665 1116 4736 βαθμίδων
1157 4671 1376 4751 ’γωνίας
1436 4653 1782 4745 προσραγήέν-

1896 4680 2114 4746 infans;
2152 4678 2345 4734 animae
2372 4679 2516 4734 enim
2544 4680 2818 4749 justorum
2859 4682 2911 4734 in
2941 4696 3105 4736 manu
3148 4681 3241 4737 Dei
3273 4694 3420 4740 sunt.

205 4761 317 4813 τος,
370 4753 468 4803 καὶ
504 4752 582 4819 τῷ
641 4753 758 4820 ὀξεῖ
796 4755 895 4826 τῆς
953 4759 1279 4822 ἀντιτυπίας
1337 4765 1781 4837 κατατριϐέντος,
1824 4771 2078 4842 αἱμάτων
2137 4769 2237 4840 μὲν
2296 4768 2698 4840 πληροῦταιτά
2732 4771 2838 4842 πρὸ
2904 4771 3000 4826 τοῦ
3052 4773 3317 4844 βήματος,
3379 4781 3457 4839 εἰς

206 4845 398 4912 χεῖρας
431 4843 488 4895 δὲ
513 4845 649 4898 Θεοῦ
676 4847 926 4902 ἀπεδίδου
954 4851 1015 4902 τδ
1062 4853 1285 4922 πνεῦμα
1338 4855 1402 4908 τὸ
1471 4857 1792 4917 θεότευκτον
1836 4865 2056 4936 βρέφος·
2090 4862 2260 4934 ψυχαὶ
2279 4861 2386 4934 γὰρ
2407 4861 2630 4916 δικαίων
2652 4863 2709 4915 ὲν
2744 4864 2887 4933 χειρὶ
2935 4863 3093 4919 Θεοῦ.

271 4929 346 4999 η’.
412 4933 588 4987 Τοῦτο
652 4932 746 4989 οὖν
783 4938 1315 5012 θεασαμὲιιηὴάγία
1365 4945 1628 5003 Ἰουλίττα
1683 4955 1781 5007 καὶ

205 5029 378 5097 χαρᾶς
410 5029 780 5098 πληρωθεῖσα,
835 5036 1156 5107 Εύχαριστῶ
1181 5054 1284 5104 σοι,
1320 5041 1514 5111 Κύριε,
1552 5043 1764 5112 ἔλεγεν,

204 5118 284 5173 ὅτι
315 5122 672 5191 κατηξίωσας
695 5127 784 5178 τὸν
812 5128 942 5196 ἐμὸν
961 5129 1076 5183 υίδν
1105 5131 1212 5202 πρὸ
1253 5134 1389 5201 ἐμοῦ
1418 5138 1777 5192 τελειωθέντα

202 5212 299 5265 τοῦ
356 5213 684 5285 ἀμαράντου
712 5221 895 5288 τυχεῖν
946 5223 1235 5290 στεφάνου.
1274 5226 1698 5294 Σχετλιάσαντος
1722 5231 1780 5284 δὲ

209 5303 304 5355 καὶ
333 5303 474 5373 πρὸς
511 5305 672 5359 τοῦτο
723 5309 817 5362 τοῦ
844 5310 1124 5378 δικαστοῦ,
1187 5314 1400 5370 κελεύει
1427 5321 1780 5391 ἁρμενταρίῳ

205 5391 605 5464 ἀναρτηθετσαν
642 5397 818 5468 αὐτὴν
865 5402 1097 5466 ἐντόνως
1156 5406 1398 5474 ξέεσθαι,
1430 5411 1526 5462 καὶ
1551 5411 1660 5463 ἀπὸ
1684 5411 1777 5464 τοῦ

203 5482 433 5553 λέϐητος
461 5485 772 5542 ἀντλεῖσθαι
829 5490 1030 5544 πίσσαν
1076 5497 1473 5564 κοχλάζουσαν,
1527 5503 1620 5554 καὶ
1665 5507 1778 5566 τοῖς

205 5579 365 5630 ποσὶν
388 5579 566 5648 αὐτῆς
595 5579 934 5650 ἑπιχέεσθαι·
997 5589 1302 5655 προσέταξε
1334 5591 1390 5643 δὲ
1429 5593 1525 5646 καὶ
1557 5595 1780 5663 κήρυκα

206 5671 437 5741 ἐπιϐοᾷν
467 5671 609 5744 αὐτῇ
642 5674 737 5727 καὶ
769 5673 951 5742 λέγειν
989 5693 1003 5707 ο
1051 5677 1336 5746 Ἰουλίττα,
1368 5683 1592 5754 ἐλέησον
1622 5703 1780 5739 σεαυ-

203 5763 326 5832 τὴν,
364 5765 459 5818 καὶ
484 5763 647 5819 θῦσον
683 5770 790 5832 τοῖς
825 5767 989 5832 θεοῖς,
1041 5773 1135 5824 καὶ
1175 5775 1653 5845 ἀπαλλάγηθιτῶν
1683 5778 1780 5849 βα-

205 5856 405 5922 σάνων,
449 5859 536 5912 ἵνα
593 5859 670 5929 μὴ
704 5860 801 5914 καὶ
851 5861 915 5914 σὺ
944 5863 1128 5926 κακῶς
1182 5866 1380 5939 ἀπολῇ,
1423 5867 1658 5940 ὦσπερύ
1687 5872 1778 5934 σος

489 5957 768 6020 ΡΑτιιοι..
805 5956 936 6017 Cn.
970 5957 1165 6020 CXX.

1959 4957 2010 5011 8.
2057 4953 2114 5010 Id
2155 4969 2290 5026 ergo
2339 4955 2617 5024 aspiciens
2651 4965 2844 5011 sancta
2893 4954 3109 5023 Julitta,
3154 4973 3208 5014 et
3255 4963 3456 5036 gaudio

1888 5047 2215 5101 exsultans:
2256 5045 2475 5102 Gratias
2514 5061 2616 5117 ago
2663 5046 2786 5111 tibi,
2821 5048 3068 5114 Domine,
3118 5051 3280 5117 dixit,
3325 5056 3453 5120 quia

1888 5140 2112 5207 dignum
2145 5139 2447 5207 praestitisti
2482 5139 2651 5193 lilium
2683 5155 2860 5193 meum
2909 5151 3037 5197 ante
3085 5159 3170 5199 me
3216 5149 3454 5202 morien-

1890 5245 1996 5288 tem
2022 5234 2123 5304 ~qui
2152 5249 2412 5289 coronam
2447 5235 2810 5290 immortalem
2844 5237 3111 5294 obtineat.
3137 5239 3240 5295 Sed
3272 5242 3326 5296 in
3351 5249 3453 5297 hoe

1883 5325 2065 5387 iratus
2107 5325 2272 5396 judex
2323 5326 2481 5395 jubet
2537 5331 2874 5384 armentario
2929 5348 3251 5402 suspensam
3303 5337 3448 5388 illa-.u

1888 5417 2008 5471 dire
2033 5415 2353 5482 dilacerari,
2385 5426 2442 5470 et
2485 5432 2514 5472 e
2545 5418 2721 5472 lebcte
2765 5419 2970 5474 hauriri
3020 5423 3191 5490 picem
3222 5424 3451 5493 liquefa-

1888 5515 2058 5571 ctam,
2091 5519 2142 5562 et
2171 5507 2224 5560 in
2255 5507 2420 5577 pedes
2444 5507 2564 5577 ejus
2589 5509 2787 5564 elfnmli
2813 5511 3010 5580 ;jussit
3032 5520 3212 5567 autem
3247 5530 3450 5583 prmco-

1884 5617 2007 5656 nem
2061 5602 2298 5654 clamare
2347 5600 2529 5655 dicere
2590 5617 2695 5670 que
2747 5604 2864 5658 illi:
2925 5602 3136 5671 Julitta,
3190 5606 3448 5662 miserere

1890 5693 1969 5747 tui
2011 5693 2180 5762 ipsius
2217 5699 2270 5746 et
2310 5691 2558 5746 sacrifica
2593 5695 2720 5760 diis,
2755 5704 2806 5748 et
2850 5697 3025 5750 exime
3056 5705 3108 5750 te
3140 5699 3443 5767 suppliciis,

1883 5799 1951 5836 ne
1981 5791 2033 5836 te
2067 5783 2205 5834 male
2252 5780 2469 5848 perdas,
2507 5790 2565 5834 ut
2603 5792 2728 5837 tuus
2761 5785 2926 5839 filius.
2957 5784 3232 5838 Generosa
3263 5798 3446 5842 autent

1884 5880 2088 5942 martyr
2144 5870 2356 5926 fortiter
2410 5873 2678 5943 supplicia
2734 5875 3051 5943 perferens.
3108 5877 3446 5934 exclamavit

3045 5963 3076 6028 ὓ
