4132 6332
209 530 2757 572 W

255 557 1610 579 ——————-————.-w-

1498 711 1530 746 Α
1547 703 1665 746 ΝΝΟ
1723 704 1942 748 ΒΟΜΙΝΙ
2010 711 2118 750 ΜΥῙ
2134 741 2143 750 .

690 884 1468 1064 LEONIS
1609 891 2982 1070 PBESBYTERI

1624 1194 2021 1256 PROLOGUS

567 1371 717 1459 AD
797 1367 1462 1460 PASSIONEM
1549 1368 1705 1456 SS.
1795 1366 2072 1458 RUFI

2226 1369 2372 1455 ET
2500 1370 3064 1464 PESPICII.

1289 1573 1425 1638 (MAI,
1451 1573 1686 1636 Spieileg.
1715 1575 1858 1623 Rom.
1883 1578 2002 1624 tom.
2033 1575 2114 1633 IV,
2155 1588 2208 1636 p.
2247 1574 2377 1630 290.)

251 1876 371 1934 Non
405 1881 556 1935 enim
602 1881 680 1952 (I)
715 1883 956 1953 insignes
987 1882 1334 1950 antiquorum
1371 1882 1594 1938 Patrum
1627 1886 1756 1940 titu-
1786 1885 1831 1940 Λ
1863 1896 2028 1949 gnum
2077 1883 2142 1936 de
2174 1885 2382 1938 sanctis
2437 1885 2798 1956 quadraginta
2848 1887 3184 1958 martyribus
3238 1902 3450 1942 sermo-

185 1974 270 2027 los
319 1962 619 2030 inﬁrmare
677 1993 967 2043 conamur,
1016 1991 1192 2044 neque
1232 1992 1497 2045 generosa
1556 1979 1774 2032 illorum

190 2080 553 2121 monumenta
592 2069 880 2136 suggillare
922 2070 1190 2132 nitimur;
1249 2069 1383 2138 quin
1440 2071 1625 2138 potius
1662 2073 1778 2125 lau-

191 2158 413 2220 damus,
457 2172 625 2228 atque
679 2163 958 2216 laudando
996 2163 1359 2228 roboramus;
1416 2165 1510 2219 sed
1546 2179 1606 2218 ca
1657 2180 1778 2232 qua:

189 2267 291 2320 per
330 2253 600 2305 incuriam
636 2264 688 2307 et
723 2255 1108 2316 temeritatem,
1146 2263 1203 2308 ut
1255 2256 1586 2324 simplicium
1642 2259 1782 2312 scri-

190 2355 432 2413 ptorum,
491 2347 787 2415 depravata
822 2347 1098 2410 videntur,
1155 2349 1209 2402 in
1261 2358 1527 2417 quantum
1582 2350 1780 2404 divina:

191 2435 562 2491 Providentiae
595 2453 714 2493 sors
744 2438 974 2502 dederit,
1030 2439 1327 2493 emendare
1357 2441 1680 2508 satagimus,
1713 2457 1781 2497 ne

191 2527 339 2596 apud
380 2528 596 2582 sobrios
630 2537 681 2582 et
711 2531 1072 2599 grammatico
1117 2531 1232 2584 sale
1265 2532 1514 2586 conditos
1545 2533 1782 2589 lectores

191 2617 405 2671 veritas
438 2627 714 2684 gestorum
751 2622 865 2688 ipsa
902 2621 1254 2691 corruptione
1291 2624 1534 2688 vilescat,
1568 2639 1631 2676 ac
1659 2624 1782 2693 pius

189 2707 352 2761 labor
387 2711 594 2777 piorum
643 2713 887 2765 onmium
943 2724 1103 2782 sputo
1155 2715 1427 2769 obnoxius
1477 2716 1780 2782 judicetur.

193 2798 295 2854 Est
330 2812 508 2854 autem
548 2813 602 2856 ct
637 2804 742 2857 alia
777 2819 942 2858 causa
992 2805 1220 2874 hujusce
1253 2809 1628 2862 renovationis
1668 2823 1779 2862 non

193 2891 446 2957 minima,
479 2911 598 2962 qua:
631 2911 732 2949 nos
765 2905 872 2948 tam
902 2912 1171 2952 annosum
1207 2913 1271 2952 ac
1307 2899 1613 2965 neglectum
1641 2917 1782 2970 opus

189 2987 534 3040 coinininare
594 2989 690 3057 (ita
743 2990 884 3057 cod.)
923 2991 1067 3060 COgil
1124 2991 1176 3043 in
1225 2991 1442 3056 melius,
1481 2994 1608 3058 quia
1664 2995 1783 3048 sine

191 3078 359 3133 titulo
382 3083 624 3136 auctoris
654 3082 1046 3151 amphibolium
1076 3094 1159 3138 est
1186 3085 1365 3138 thema
1396 3087 1782 3156 subsequentis

190 3172 403 3239 operis,
437 3183 492 3225 et
542 3173 661 3226 ideo
686 3176 986 3227 verendum
1020 3191 1086 3228 ne
1119 3175 1262 3229 inter
1302 3178 1609 3246 apocrypha
1654 3178 1778 3247 jure

194 3273 513 3317 censeatur.
549 3264 703 3329 Quod
737 3266 906 3334 igitur
933 3269 997 3319 ad
1022 3267 1267 3333 publicas
1294 3284 1452 3323 aures
1483 3271 1553 3323 ob
1585 3271 1778 3324 inulto-

192 3368 318 3407 rum
350 3354 772 3410 adilicationem
827 3357 1106 3425 proficisci
1156 3367 1396 3426 oportet.
1433 3374 1662 3413 necess,‘
1697 3369 1783 3413 cst

192 3455 258 3499 ut
307 3451 680 3514 grammaticae
727 3449 1027 3518 diligentiae
1063 3450 1248 3504 cribro
1303 3449 1371 3504 ab
1422 3452 1570 3503 omni
1634 3452 1782 3520 prius

191 3539 459 3592 vhiorum
515 3542 645 3594 lolio
698 3551 984 3611 purgetur.
1035 3540 1178 3614 Dixit
1227 3558 1465 3612 namque
1517 3541 1782 3608 Isidorus,

195 3634 403 3686 abrade
442 3636 664 3686 titulum
701 3645 756 3687 ut
789 3644 937 3687 muta
975 3635 1046 3689 sit
1083 3635 1298 3703 pagina.
1343 3633 1482 3703 Ergo
1514 3651 1582 3690 ne
1619 3645 1786 3691 tanta:

190 3727 486 3780 calumnia:
540 3741 673 3780 ansa
715 3737 960 3780 nostram
1010 3727 1335 3796 parvitatem
1382 3727 1568 3796 aliquo
1623 3729 1785 3784 modo

194 3819 472 3874 inundare
529 3821 801 3882 videatur,
857 3819 1092 3874 sanandi
1131 3834 1195 3874 ac
1253 3821 1560 3874 medicandi
1602 3824 1783 3890 operis

192 3913 516 3983 prodendus
547 3921 631 3966 est
685 3912 950 3973 medicus,
986 3920 1042 3963 ut
1079 3927 1202 3965 cum
1261 3914 1485 3981 probata
1548 3929 1782 3983 persona

192 4005 457 4058 omnibus
484 4006 536 4056 in
571 4005 824 4058 notitiam
861 4004 1094 4067 venerit,
1129 4004 1250 4072 ejus
1280 4005 1567 4074 opuscula,
1602 4005 1784 4060 divina

191 4097 428 4149 veritate
465 4095 724 4159 subnixa,
754 4111 918 4149 nemo
952 4094 1188 4148 fidelium
1219 4095 1458 4150 refutare
1501 4096 1783 4165 permitta-

192 4198 310 4250 tur,
349 4189 446 4243 sed
495 4189 675 4256 potius
709 4199 898 4240 contra
945 4203 1136 4241 omnes
1166 4190 1393 4243 :emulos
1426 4189 1623 4243 divinae
1659 4205 1785 4256 prn—

193 4280 459 4334 tectionis
521 4281 605 4334 vis
654 4281 790 4332 bene
844 4277 1131 4333 defensare
1214 4281 1622 4347 comprobetur.
1687 4279 1784 4334 Est

198 4389 397 4440 nempe
458 4371 835 4427 Theodericus
893 4373 983 4425 ille
1051 4371 1356 4425 monachus
1409 4386 1471 4426 ac
1525 4386 1783 4427 sacernos

197 4467 568 4535 peregrinus,
626 4477 791 4535 atque
855 4467 1061 4520 diutius
1116 4453 1413 4519 viscerunr
1446 4466 1783 4521 cruciatibus

1883 1989 2026 2028 nem.
2079 1976 2392 2043 Compinxit
2467 1986 2726 2045 prazterea
2790 1979 3104 2047 passionem
3174 1980 3456 2033 beatorum

1881 2078 2182 2138 martyrum
2223 2069 2465 2123 Antbimi
2501 2070 2896 2140 sociorumque
2948 2073 3069 2141 ejus
3125 2073 3459 2128 ln~xametris

1881 2161 2231 2213 intersertam
2292 2161 2599 2216 versiculis.
2639 2163 2957 2217 Memoriam
3000 2182 3221 2234 quoque
3254 2182 3461 2234 nuper-

1881 2251 2021 2306 rime
2059 2252 2483 2323 haudquaquam
2523 2254 2962 2324 vilipendendam
3003 2257 3192 2318 edidit.
3223 2259 3461 2327 qualiter

1883 2353 2048 2414 caput
2085 2345 2346 2400 eximium
2377 2349 2632 2417 martyris
2664 2345 2909 2400 Damiani
2955 2345 3217 2402 Romanis
3249 2348 3461 2404 illatum

1883 2447 1967 2492 est
1999 2439 2252 2507 septulis.
2294 2437 2388 2493 llis
2424 2437 2735 2492 addendum
2771 2455 2879 2493 non
2932 2440 3267 2508 superfluum
3311 2441 3463 2495 vide-

1884 2537 1992 2592 tur,
2028 2529 2173 2598 quod
2205 2538 2258 2583 et
2299 2531 2583 2585 rusticano
2619 2546 2873 2586 sermone
2906 2534 3321 2588 translationem
3371 2547 3466 2601 pa-

1885 2621 2073 2675 tefecit
2139 2630 2461 2677 sanctorum
2520 2623 2726 2677 Christi
2780 2627 3110 2681 athletarum
3165 2626 3463 2692 Basilidis,

1886 2712 2166 2782 Tripodis,
2195 2723 2246 2767 et
2276 2712 2558 2781 Magdalis.
2594 2714 2702 2785 Ego
2727 2731 2944 2785 quoque
2986 2717 3114 2782 Leo,
3149 2735 3465 2789 quanquam

1885 2806 2069 2857 minus
2120 2804 2375 2868 idoneus,
2409 2819 2647 2871 snperna
2697 2817 2872 2858 tamen
2915 2810 3126 2863 favente
3176 2811 3466 2865 clementia

1886 2898 2173 2967 presbyter
2227 2905 2281 2951 et
2337 2898 2638 2956 sacerdos.
2701 2911 3064 2955 memoratum
3135 2903 3464 2956 monachum

1886 2992 2026 3058 ρωρί
2073 3006 2170 3058 pro
2224 2989 2444 3045 Christo
2503 3005 2687 3045 amare
2719 2993 3025 3057 ardentius,
3079 3010 3186 3048 non
3237 2996 3306 3051 ob
3359 2998 3468 3053 hoc

1886 3093 2096 3136 tantum
2124 3083 2268 3152 quod
2305 3083 2591 3137 videbatur
2618 3084 2845 3150 sciolus,
2877 3086 3122 3153 quinimo
3145 3087 3272 3156 quia
3307 3089 3466 3143 testi-

1889 3175 2131 3226 monium
2191 3175 2382 3226 habuit
2433 3175 2633 3227 bonum
2682 3175 2748 3228 ab
2797 3176 3072 3235 omnibus.
3114 3193 3256 3244 qunti
3321 3188 3468 3233 esset

1891 3266 2054 3335 hujus
2105 3266 2290 3319 smcnli
2342 3267 2623 3326 inimicus.
2667 3275 2720 3319 ct
2756 3267 2996 3321 mundus
3051 3268 3125 3320 illi
3158 3279 3304 3322 esset
3335 3285 3466 3324 cru-

1885 3361 2098 3416 ciﬁxus.
2152 3358 2287 3412 Nam
2337 3358 2459 3427 ejus
2505 3359 2810 3412 infirmitati
2847 3360 3068 3414 assidue
3117 3377 3466 3430 compassus.

1888 3452 2126 3520 hospitio
2177 3451 2331 3503 illum
2371 3450 2550 3518 recepi
2603 3451 2847 3501 omnium
2882 3459 3197 3504 nostrorum
3233 3453 3466 3517 primus,

1885 3545 2115 3612 ejusque
2158 3558 2242 3596 me
2278 3542 2544 3596 interesse
2569 3541 3039 3611 disputationibus
3083 3545 3302 3611 gavisus
3341 3559 3466 3598 sum

1886 3635 2096 3688 sedulo.
2123 3634 2370 3701 Cumque
2414 3633 2489 3685 illi
2524 3641 2870 3700 compertum
2907 3632 3065 3694 foret,
3099 3635 3245 3701 quod
3285 3650 3465 3690 essent

1887 3727 2048 3781 etiam
2086 3727 2440 3794 quotidianus
2480 3726 2620 3778 beati
2666 3725 3086 3794 triumphatoris
3118 3725 3321 3780 Christi
3359 3726 3466 3781 Re~

1887 3821 2047 3884 spicii
2087 3821 2389 3882 litularius,
2422 3818 2649 3886 ejusque
2701 3817 2933 3872 servitor
2974 3819 3303 3883 indefessus,
3347 3834 3464 3875 cen-

1887 3911 1966 3978 pit
1999 3925 2024 3960 a
2060 3925 2146 3963 me
2183 3909 2490 3977 disquirere
2525 3916 2837 3960 utrumnam
2892 3911 3088 3962 beatus
3121 3919 3327 3977 martyr
3354 3927 3485 3965 suae.

1889 4002 2163 4072 passionis
2197 4009 2343 4055 esset
2383 4001 2678 4070 insignitus
2712 4001 3120 4056 memorialibus
3169 4001 3310 4074 [cod.
3353 4020 3462 4058 me-

1887 4093 2220 4163 tnorilibus],
2279 4109 2346 4145 an
2413 4093 2720 4146 fa‘culentia
2778 4096 2989 4147 ruitura
3050 4110 3158 4161 pra:
3213 4096 3465 4150 manibus

1891 4185 2078 4237 inundi
2136 4184 2386 4243 historia,
2423 4183 2646 4236 omnino
2681 4183 3116 4254 Chrenographis
3165 4185 3469 4240 deficit-nti-

1889 4275 2014 4336 bus,
2071 4283 2300 4326 careret.
2354 4273 2486 4325 Cen
2544 4273 2759 4326 beatum
2815 4272 3018 4327 Christi
3083 4276 3466 4343 pugillatorem

1890 4367 2141 4436 proprios
2202 4365 2590 4435 responderem
2652 4365 2849 4418 habere
2891 4366 3119 4426 titulos;
3156 4369 3351 4434 Vehm,
3391 4372 3468 4422 ait

1893 4463 2005 4526 ille,
2033 4462 2238 4525 videre,
2274 4461 2400 4530 styli
2437 4459 2705 4529 probandi
2764 4462 2955 4526 gratia.
3000 4460 3253 4524 Quicum
3299 4462 3467 4514 citius

195 4557 488 4610 confectus
523 4557 613 4624 qui
649 4568 773 4611 ante
804 4558 982 4610 varios
1021 4554 1160 4626 [cod.
1201 4555 1380 4625 raros]
1411 4572 1583 4609 annos
1615 4559 1780 4608 vitam
1811 4581 1853 4636 ρ
1895 4555 2082 4622 prima:
2111 4554 2334 4622 pagellm
2373 4567 2594 4621 campos
2629 4562 2992 4620 percurreret.
3050 4551 3322 4608 Habemus
3371 4570 3469 4607 na-

196 4649 514 4718 COIDpOStIil.
539 4649 679 4702 beati
715 4648 933 4702 Martini
965 4648 1067 4701 PP.
1099 4649 1420 4716 jucundius.
1485 4663 1698 4702 necnon
1730 4657 1782 4700 et

197 4741 307 4794 alia
335 4741 600 4808 epuscula
647 4741 699 4794 in
734 4743 831 4794 hac
857 4741 990 4794 urbe
1023 4739 1266 4794 Romana
1303 4745 1512 4810 positus
1542 4741 1785 4796 conscri-

197 4836 312 4903 psit
340 4834 697 4901 diligentius;
737 4836 827 4902 qui
875 4850 999 4888 cum
1047 4833 1278 4886 fratrum
1333 4842 1526 4902 rogatu
1577 4834 1782 4902 aliquid

197 4925 431 4993 dignum
471 4910 835 4993 sc’riptitasset
873 4925 1394 4988 commendandum,
1453 4925 1597 4978 haud
1657 4927 1781 4978 fuco

198 5030 388 5085 anque
418 5031 550 5070 usus
586 5016 826 5080 dicendi,
861 5033 960 5072 nec
992 5018 1210 5085 phalera
1243 5019 1622 5088 pretiosorum.
1651 5034 1774 5070 ver-

197 5106 419 5169 borum,
487 5106 581 5160 sed
638 5107 944 5160 humillimo
991 5108 1324 5160 narrationis
1359 5121 1582 5177 genere,
1629 5107 1774 5176 quod

197 5192 378 5250 Graci
402 5197 732 5250 ταπείνωσιν
761 5211 980 5262 vocant,
1025 5200 1095 5253 ob
1141 5214 1435 5253 commune
1466 5199 1776 5252 auditorum

197 5296 366 5356 atque
399 5289 666 5342 lectorum
693 5291 1038 5344 commodum
1076 5291 1311 5345 subulco
1341 5299 1668 5360 prosecutus
1699 5298 1782 5342 est

199 5381 366 5449 Stylo.
411 5381 650 5449 Scripsit
695 5397 936 5450 queque,
991 5392 1049 5434 ut
1090 5384 1390 5436 multorum
1453 5381 1650 5435 fatetur
1687 5397 1781 5433 au—

201 5472 453 5535 ctoritas,
503 5473 974 5541 elegantissimum
1021 5481 1075 5527 et
1124 5475 1272 5527 omni
1318 5475 1668 5527 veneratione
1696 5472 1781 5524 di-

283 5655 356 5724 (l)
414 5653 572 5707 Enim
632 5654 776 5722 apud
827 5655 1109 5724 sequiores
1173 5656 1472 5727 prtesertim
1533 5663 1786 5727 auctores

209 5724 482 5794 tignilicat
514 5739 664 5787 sane,
714 5729 965 5797 profecto,
1005 5724 1202 5797 utique.
1257 5727 1399 5794 Quin
1453 5727 1586 5782 adeo
1639 5725 1781 5794 apud

1892 4655 2055 4706 ctam,
2084 4646 2280 4712 inquit,
2311 4645 2680 4704 occasionem,
2718 4659 2822 4708 qtta
2861 4644 2927 4696 de
2961 4655 3162 4711 agresti
3194 4656 3358 4712 atque
3389 4647 3473 4698 iu-

1893 4743 2045 4792 sulso
2081 4739 2360 4806 pulmento
2409 4738 2489 4789 l'as
2537 4738 2693 4789 nobis
2728 4737 2795 4789 sit
2833 4737 3130 4790 laceratum
3183 4747 3360 4791 lacere
3393 4740 3471 4790 ci-

1893 4834 2041 4886 bum.
2087 4831 2218 4884 l\'ani
2278 4830 2657 4883 amariSsimas
2717 4828 3074 4896 projiciamus
3127 4830 3468 4900 colocynthi-

1894 4922 2014 4986 das,
2072 4933 2125 4975 et
2184 4920 2469 4975 tnellilluas
2507 4935 2602 4989 pro
2637 4920 2746 4974 illis
2785 4921 3092 4974 inseramus
3129 4920 3351 4987 herbas,
3408 4932 3469 4977 ut

1894 5015 2038 5068 sicut
2070 5013 2269 5066 indocti
2305 5013 2605 5080 scriptores
2637 5012 2701 5065 de
2746 5012 2888 5067 bono
2937 5011 3181 5066 fecerunt
3237 5016 3466 5087 malum,

1884 5109 1963 5161 sic
1998 5116 2051 5161 et
2087 5121 2184 5160 nos
2231 5107 2298 5159 de
2335 5105 2477 5156 malo
2516 5105 2754 5156 nitamur
2794 5105 2973 5158 facere
3014 5105 3236 5169 bonum,
3288 5107 3464 5175 ipsius

1885 5200 2003 5252 fulti
2039 5200 2330 5261 lcvamine,
2366 5200 2483 5252 sine
2516 5215 2624 5266 quo
2655 5199 2788 5250 nihil
2823 5214 3119 5266 possumus
3152 5197 3352 5253 facere.

2137 5288 2368 5356 Explicit
2397 5290 2665 5358 prologue,
2697 5292 2878 5355 incipit
2909 5292 3108 5357 passio.

1962 5381 2116 5452 Sa-p‘e
2138 5383 2318 5436 divina
2347 5384 2630 5437 consuevit
2661 5383 2951 5437 clementia
2981 5384 3030 5436 in
3058 5393 3244 5438 tenera
3287 5382 3465 5439 adhuc

1892 5488 2164 5542 parvaque
2195 5481 2373 5538 actate,
2402 5485 2499 5526 είς.

1901 5655 2106 5710 Julium
2135 5656 2408 5715 Valerium
2439 5661 2666 5730 primani
2698 5674 2911 5728 qunque
2950 5658 3130 5715 sedem
3159 5657 3213 5711 in
3239 5655 3466 5726 periodo

1892 5737 2141 5796 occupat.

1789 5897 1886 5917 ᾗ.
