4164 6342
709 360 813 422 175
1991 365 2133 424 LEt)
2167 365 2311 424 PRE
2323 365 2602 425 SBYTER
3843 363 3947 425 176

2148 519 2486 530 ι--υ-ῇ-

2002 699 2618 792 MONITUM.

1774 899 1908 959 (MAI,
1935 896 2185 960 Spicilege
2211 898 2350 946 Rom.
2385 898 2503 944 tom.
2529 893 2586 950 V,
2609 908 2661 956 ρ.
2690 892 2819 953 153.)

783 1209 979 1260 Leonis
1013 1203 1226 1268 clerici,
1261 1202 1438 1273 patria
1474 1200 1731 1264 Romani,
1766 1201 2036 1271 dignitate
2072 1201 2403 1270 presbyteri,
2440 1201 2728 1269 prologum
2759 1200 3035 1254 eruditum
3077 1202 3127 1254 in
3180 1200 3282 1255 hoc
3318 1200 3606 1272 Spicilegio
3633 1203 3744 1272 jam
3775 1204 3947 1258 edidi-

709 1315 829 1352 mus
862 1308 902 1351 t.
929 1297 1018 1358 lV,
1049 1297 1139 1349 ubi
1180 1297 1319 1362 ipse,
1355 1309 1478 1362 pag.
1506 1293 1609 1347 9.92
1669 1294 1973 1347 tilularium
2024 1309 2082 1346 se
2130 1294 2367 1362 appellat
2390 1291 2447 1345 S.
2487 1292 2722 1361 [{espicii
2763 1293 3040 1362 martyris,
3072 1292 3140 1346 de
3184 1293 3340 1356 cujus
3370 1293 3597 1362 antiqua
3630 1294 3863 1349 ecclesia
3894 1301 3946 1348 et

707 1406 862 1444 saera
891 1392 1126 1444 statione
1161 1388 1402 1457 loquitur
1427 1386 1661 1441 Carolus
1692 1386 1877 1439 Barth.
1909 1385 2095 1439 Platea
2130 1386 2182 1438 in
2223 1385 2607 1454 llemerologio
2647 1384 2922 1450 Romano,
2965 1403 3016 1452 p.
3052 1385 3174 1438 672.
3198 1386 3341 1438 Nihil
3369 1395 3548 1439 tamen
3581 1402 3682 1438 nos
3710 1365 3949 1439 diximus

708 1486 761 1536 in
797 1483 1054 1551 praedicto
1087 1492 1234 1534 tumo
1262 1481 1328 1533 de
1370 1480 1476 1532 Leo
1537 1493 1594 1532 se
1636 1477 2039 1532 Theodericum
2093 1479 2424 1531 monachum
2462 1478 2812 1546 peregrinum
2843 1489 2893 1531 et
2924 1479 3200 1530 infirmum
3240 1479 3484 1546 hospitio
3521 1479 3818 1546 recepisse,
3853 1476 3950 1528 ha-

705 1577 1029 1642 bemusjam
1062 1574 1404 1642 exploratum
1439 1569 1636 1624 Leonis
1665 1586 1836 1625 :evutn
1874 1586 1887 1623 :
1930 1571 2129 1624 etenim
2169 1569 2551 1623 Theudoricus
2587 1571 2700 1640 (qui
2739 1571 2840 1623 fuit
2881 1573 3054 1640 patria
3089 1573 3438 1626 Trevircnsis
3472 1583 3523 1625 ct
3561 1573 3751 1625 morbo
3783 1575 3954 1640 poda-

707 1667 914 1737 gricus)
956 1666 1305 1720 monachutui
1353 1681 1411 1719 se
1483 1680 1681 1718 nomen
1713 1663 1930 1718 dedisse
1980 1680 2123 1718 anno
2158 1665 2362 1720 Christi
2401 1665 2559 1730 1006,
2615 1678 2803 1718 narrat
2864 1682 2957 1718 ore
3009 1669 3231 1735 prOprio
3281 1668 3422 1735 apud
3467 1667 3845 1720 illabillonium
3891 1666 3951 1718 ln

706 1760 1001 1815 Annalibus
1054 1758 1246 1813 Bened.
1286 1766 1324 1810 t.
1378 1759 1466 1823 lV,
1502 1759 1725 1827 p.174;
1777 1774 1889 1827 quo
1945 1759 2066 1812 loco
2119 1761 2286 1812 miror
2368 1759 2680 1814 Maurinum
2732 1761 3115 1814 doctissimum
3165 1764 3253 1814 vix
3302 1776 3464 1814 unam
3513 1773 3954 1814 commemorare

705 1855 1038 1908 Theudorici
1072 1853 1601 1906 lucubratiunculam
1633 1853 1700 1906 de
1733 1854 1840 1907 vita
1870 1862 1922 1906 et
1943 1854 2229 1908 m’raculis
2259 1855 2318 1907 ὃ.
2355 1854 2496 1909 Celsi
2521 1855 2766 1924 episcOpi
2795 1897 2808 1920 ,
2842 1872 2963 1909 cum
2993 1858 3132 1923 apud
3159 1871 3258 1908 nos
3295 1857 3412 1908 loco
3441 1856 3702 1923 prtedicto
3737 1864 3816 1907 tot
3840 1853 3951 1908 alia

704 1947 818 2000 Leo
850 1956 1138 2000 enttmeret
1197 1943 1527 2000 Theoderici
1579 1947 1826 2013 scripta;
1879 1948 2082 2015 quibus
2136 1945 2275 1998 adde
2335 1929 2597 2016 illa'quae
2650 1958 2900 2002 recenset
2937 1950 3299 2010 Trithemins,
3354 1948 3594 2015 itemque
3650 1946 3951 1998 Ballandus

706 2053 750 2098 ῑ.
781 2042 873 2106 lll,
913 2041 1096 2095 Martii
1134 2041 1221 2094 die
1249 2040 1340 2101 2|,
1384 2056 1440 2110 p.
1477 2039 1576 2094 199
1606 2047 1661 2093 et
1685 2039 1811 2102 200,
1852 2056 2082 2108 quorum
2127 2041 2387 2094 nonnulla
2424 2043 2477 2095 in
2515 2042 2790 2095 Vaticanis
2824 2058 3045 2111 quoque
3075 2043 3364 2096 codicibus
3391 2051 3817 2094 conservantur.

777 2136 931 2187 Nunc
971 2135 1036 2186 ad
1075 2131 1308 2186 Lmnem
1347 2141 1402 2185 ut
1448 2131 1688 2195 redeam,
1728 2148 1924 2184 novam
1962 2135 2082 2200 ejus
2121 2134 2306 2201 aspexi
2356 2134 2411 2186 in
2459 2135 2660 2204 regina:
2704 2133 2891 2188 Svecue
2921 2135 3112 2188 codice
3147 2134 3613 2193 lucubrationem,
3649 2134 3808 2184 \itam
3840 2131 3954 2186 sci-

709 2229 832 2281 licet
867 2225 922 2278 S.
966 2224 1193 2278 Joannis
1231 2222 1634 2292 Chrysostomi,
1695 2239 1858 2292 quam
1891 2238 1990 2291 ego
2036 2225 2291 2277 lectitatis
2326 2225 2509 2277 statim
2540 2226 2808 2293 comperi,
2844 2242 2962 2278 eam
2999 2225 3065 2279 de
3111 2224 3304 2278 Gril'CO
3364 2226 3736 2294 Metriphraste
3781 2228 3956 2294 potis-

705 2324 904 2375 simum
936 2334 963 2370 a
993 2317 1173 2372 Leane
1196 2318 1424 2385 ejusque
1451 2317 1702 2385 adjutore
1747 2317 2142 2386 Christophoro
2180 2317 2352 2372 fuisse
2393 2318 2696 2371 derivatam
2725 2337 2738 2385 ;
2768 2336 2888 2388 quae
2919 2335 3042 2373 cum
3079 2321 3222 2387 apud
3257 2320 3476 2371 Surium
3523 2327 3704 2373 exstet
3735 2317 3954 2383 Latino,

705 2417 800 2469 etsi
842 2411 966 2466 aliis
1001 2411 1200 2473 verbis,
1239 2410 1376 2463 nihil
1409 2419 1526 2464 erat
1565 2425 1765 2473 eausre,
1821 2425 1917 2464 cur
1963 2411 2162 2464 Leonis
2209 2411 2650 2479 compilationem
2702 2413 2752 2464 in
2805 2413 2998 2480 vulgus
3035 2414 3365 2464 emitterent.
3394 2409 3547 2462 llnnc
3585 2411 3721 2462 adeo
3753 2411 3955 2471 verbo-

704 2507 902 2559 siorem
940 2519 1158 2573 quoque
1193 2503 1338 2555 illam
1375 2503 1657 2570 multoque
1697 2501 2048 2570 prolixiorem
2086 2501 2466 2572 Chrysostomi
2523 2504 2836 2568 historiam,
2904 2519 3066 2574 quam
3116 2519 3144 2555 a
3196 2503 3597 2570 Cbristophoro
3649 2503 3956 2566 interprete

702 2601 805 2654 sibi
835 2600 1134 2653 cxhibitam
1167 2597 1300 2652 dicit
1331 2595 1462 2659 Leo,
1501 2597 1554 2649 in
1581 2596 1690 2649 alio
1725 2595 1991 2650 Vaticano
2018 2597 2206 2652 codice
2237 2596 2462 2662 offendi,
2498 2614 2663 2668 quam
2705 2600 2831 2653 item
2873 2600 3127 2652 consulto
3165 2599 3510 2667 pt-aztcrmisi.
3540 2597 3708 2664 igitur
3735 2613 3795 2650 ex
3823 2597 3955 2647 uni-

705 2712 860 2751 versa
913 2695 1110 2748 Leonis
1159 2694 1539 2746 lucubratione
1600 2693 1886 2761 prologum
1931 2693 2315 2746 tantummodo
2357 2694 2649 2758 ineditutn,
2697 2711 2790 2750 seu
2817 2697 2997 2763 potius
3025 2696 3276 2762 praevium
3309 2694 3374 2746 ad
3413 2693 3697 2762 quemdam
3737 2689 3951 2758 Lupum

703 2791 990 2860 epistolam
1036 2789 1262 2853 retinui,
1294 2788 1509 2856 adjecta
1535 2788 1699 2840 etiam
1729 2788 1879 2841 brevi
1921 2789 2106 2854 operis
2151 2789 2420 2842 clausula.
2475 2789 2618 2842 Sane
2659 2792 2786 2859 quia
2822 2791 3007 2843 Romae
3051 2805 3265 2853 versor,
3295 2797 3347 2842 et
3380 2789 3504 2855 quia
3541 2785 3773 2838 Romani
3811 2786 3949 2838 clcri

700 2883 902 2938 studiis
935 2881 1186 2949 apprime
1220 2880 1399 2942 faveo,
1437 2879 1580 2932 banc
1619 2878 1851 2931 Romani
1886 2879 2099 2943 clerici,
2145 2879 2416 2934 hactenus
2457 2890 2513 2931 ut
2550 2890 2681 2947 puto
2710 2880 2996 2948 incogniti,
3033 2888 3085 2931 et
3128 2879 3323 2932 notitia
3371 2889 3423 2931 et
3457 2877 3764 2945 religiosam
3811 2875 3953 2928 scri.

698 2977 1040 3045 ptiuuculam
1069 2973 1350 3028 celandam
1387 2986 1494 3026 non
1525 2970 1790 3039 judicavi.

784 3173 884 3183 -——
902 3175 1210 3184 “po—oh

1300 3333 1812 3491 LEON
1825 3333 1998 3488 IS
2115 3333 3333 3488 PRESBYTERI

2120 3605 2528 3669 PROLOGUS

1123 3786 1249 3873 IN
1332 3780 1704 3873 VITAM
1852 3779 1946 3868 S.
2037 3776 2551 3869 JOANNIS
2662 3773 3550 3868 CHRYSOSTOMI.

777 4097 958 4148 Sacra:
1003 4091 1284 4162 dignitatis
1332 4089 1530 4145 summi
1574 4088 1982 4160 presbyteratus
2030 4090 2272 4145 culmine
2302 4099 2347 4153 Α
2376 4094 2549 4148 tulum
2594 4095 3086 4164 interpretaretur;
3140 4103 3193 4148 et
3244 4109 3345 4165 ego
3379 4093 3449 4149 ob
3491 4109 3664 4149 meam
3716 4095 3945 4152 nimiam

703 4189 1002 4242 sublimato
1034 4185 1176 4246 viro,
1212 4184 1492 4253 quondam
1521 4181 1760 4248 Juliano,
1814 4197 1963 4236 nunc
2003 4181 2157 4252 Lupo
2184 4198 2274 4236 no-

706 4281 851 4333 mine
890 4293 996 4330 non
1041 4277 1236 4342 iniquo
1267 4283 1417 4338 actu,
1451 4275 1560 4328 Leo
1610 4275 1704 4345 qui
1763 4284 1818 4330 et
1881 4271 2124 4328 Joannes
2175 4289 2273 4327 co-

705 4371 960 4441 gnominc
983 4368 1170 4421 infelix
1201 4367 1475 4421 exsistt-ns
1501 4367 1760 4431 clericus,
1790 4381 1819 4419 a
1841 4367 2017 4436 prima
2043 4366 2272 4419 infantia

705 4465 894 4515 divino
923 4459 1132 4530 judicio
1167 4459 1371 4511 lumine
1405 4457 1604 4512 visibili
1643 4471 1858 4522 carens,
1916 4472 1980 4511 ex
2031 4466 2146 4511 toto
2177 4471 2272 4526 pe-

705 4568 934 4610 rennem
962 4559 1114 4619 optat
1145 4550 1197 4602 in
1237 4549 1469 4603 Domino
1493 4550 1751 4602 salutem.

774 4646 1034 4698 Actiones
1090 4640 1489 4709 passionesque
1520 4639 1666 4694 beati
1696 4637 2074 4708 Chrysostomi
2106 4637 2272 4691 Joan-

703 4734 791 4788 nis
829 4733 895 4785 ab
919 4730 1144 4785 exordio
1197 4745 1370 4799 usque
1402 4729 1469 4783 ad
1503 4729 1796 4784 terminum
1830 4731 1954 4783 vita:
1988 4730 2130 4798 ejus,
2177 4727 2270 4783 sed

703 4835 758 4880 ct
806 4833 927 4892 post
971 4821 1179 4876 obitum
1221 4821 1393 4890 ipsius
1445 4821 1728 4888 aliquanta
1785 4821 1852 4873 de
1885 4835 1950 4874 eo
1989 4819 2155 4881 facta,
2208 4836 2273 4874 ex

707 4916 897 4970 Graeco
925 4915 977 4966 in
1011 4912 1257 4965 Latinam
1291 4913 1534 4981 linguam
1564 4910 1876 4975 transferri,
1930 4914 2064 4964 satis
2112 4913 2272 4964 anxie

705 5005 972 5074 quaesisti,
1010 5019 1131 5071 quae
1167 5014 1217 5066 et
1251 5018 1351 5071 ego
1388 5017 1551 5058 nosse
1604 5017 1728 5055 cum
1770 5003 2074 5057 innumeris
2121 5003 2272 5057 sitic-

708 5102 852 5151 bam.
913 5096 1015 5149 Sed
1082 5095 1335 5162 quamvis
1387 5097 1504 5149 hazc
1561 5095 1705 5148 scire
1747 5095 2031 5149 vobiscum
2079 5094 2271 5148 avidus

705 5205 906 5249 essent,
945 5203 1007 5241 ea
1041 5199 1220 5240 tamen
1255 5187 1556 5242 transferre
1582 5194 1636 5242 te
1672 5189 1868 5241 crebro
1897 5203 1924 5240 a
1959 5204 2046 5241 me
2085 5197 2271 5257 postn-

707 5284 872 5342 lante,
908 5287 959 5332 et
991 5279 1245 5347 plurimis
1277 5279 1378 5332 hoc
1417 5278 1534 5332 fieri
1567 5294 1596 5331 a
1641 5295 1725 5333 me
1756 5281 2136 5349 poscentibus,
2175 5295 2274 5350 pro

707 5386 822 5423 mea
859 5370 1126 5439 imperitia
1155 5385 1502 5440 nequaquam
1531 5371 1859 5439 gaudebam.
1894 5372 1950 5425 ld
1998 5374 2141 5426 enim
2188 5389 2274 5426 me

707 5477 889 5529 agere,
954 5463 1208 5515 idoneum
1259 5463 1484 5516 minime
1533 5463 1649 5516 fore
1691 5479 1969 5516 noveram.
2037 5465 2272 5518 Verebar

708 5568 923 5621 qut-que
956 5568 1023 5606 ne
1062 5554 1198 5605 forte
1251 5556 1544 5623 interpres,
1600 5570 1914 5624 quanquam
1945 5556 2182 5609 disertus
2218 5566 2270 5610 et

711 5646 952 5713 prudens
985 5659 1047 5695 ac
1085 5646 1281 5713 loquax
1313 5645 1473 5709 foret,
1512 5648 1745 5699 humana
1781 5657 1960 5700 tamen
1997 5649 2269 5700 oblivione

711 5735 942 5794 quadam
991 5738 1340 5801 praepeditus,
1411 5739 1522 5790 haec
1560 5736 1793 5792 obscure
1841 5739 1971 5792 mihi
2023 5740 2268 5792 aliquan-

2301 5429 2348 5488 B

2375 4195 2679 4239 exstantem
2731 4186 3084 4253 imperitiam,
3115 4185 3202 4239 bis
3247 4187 3453 4240 criduri
3507 4197 3564 4238 ut
3616 4197 3950 4256 congrueret

2375 4276 2776 4344 nequidquam.
2815 4275 2922 4330 Sed
2952 4278 3169 4330 tandem
3206 4279 3254 4329 vi
3298 4277 3480 4330 divina
3536 4279 3947 4346 quodammodo

2375 4373 2623 4434 cogente,
2681 4374 2733 4418 et
2771 4367 3072 4434 propriam,
3121 4376 3179 4420 ut
3232 4368 3427 4421 beatus
3476 4370 3816 4438 Augustinus
3845 4375 3947 4439 ait,

2373 4457 2665 4511 exhibente
2709 4458 3101 4526 dignationem,
3147 4473 3211 4511 ac
3261 4462 3534 4527 praebente
3591 4465 3942 4519 occasionem

2373 4559 2580 4617 aptam,
2632 4552 2990 4618 precantibus
3056 4550 3208 4603 vobis
3266 4553 3469 4620 prazbui
3533 4570 3818 4610 assensum
3891 4566 3947 4614 et

2375 4650 2534 4708 prout
2561 4642 2713 4709 quivi
2749 4642 2932 4697 verbis
2971 4647 3345 4712 interpretatis
3371 4662 3436 4699 ex
3477 4650 3654 4702 tribus
3700 4651 3943 4705 volumi-

2373 4733 2537 4786 nibus
2570 4734 2742 4786 multo
2765 4745 3009 4803 tempore
3038 4749 3235 4802 capere
3272 4750 3335 4790 ea
3362 4738 3562 4805 quibus
3604 4739 3802 4794 instrui
3856 4757 3948 4796 ar.

2376 4824 2570 4877 denter
2599 4825 2983 4894 eupiebamus,
3028 4827 3276 4881 libellum
3329 4844 3392 4883 ex
3426 4830 3506 4884 eis
3550 4834 3802 4900 quamvis
3837 4835 3946 4889 im-

2377 4918 2554 4981 perito
2593 4933 2847 4972 sermone
2883 4920 3158 4972 contexui.
3201 4919 3357 4985 Quod
3389 4937 3517 4974 vero
3556 4937 3620 4975 ne
3665 4926 3943 4981 accideret

2377 5010 2820 5074 formidaveram,
2850 5010 3052 5064 accidit
3087 5022 3138 5065 te
3173 5014 3504 5079 perliciente.
3538 5012 3710 5078 Quam
3735 5017 3805 5070 ob
3830 5033 3942 5072 rem

2377 5100 2587 5171 pref-ali
2625 5103 2944 5170 interpretis
2983 5102 3369 5172 Christopbori
3406 5105 3620 5158 scilicet
3654 5109 3944 5164 reverendi

2377 5193 2687 5246 sacerdotis
2719 5208 2816 5260 per
2848 5201 3022 5246 totttm
3070 5195 3326 5247 volumen
3376 5211 3500 5249 cum
3538 5199 3666 5251 illud
3698 5201 3942 5267 ederem,

2375 5283 2556 5335 addidi
2605 5298 2671 5335 ex
2730 5293 2910 5337 mente
2970 5295 3026 5338 et
3087 5287 3300 5340 ratione
3378 5291 3596 5357 propria
3651 5290 3944 5347 innumera

2377 5375 2540 5431 verba
2571 5391 2692 5442 quae
2727 5391 2969 5446 congrua
3013 5377 3144 5428 mihi
3187 5377 3309 5431 visa
3352 5389 3480 5432 sunt
3533 5380 3598 5432 ad
3649 5396 3944 5439 ornamen-

2378 5475 2489 5518 tum
2526 5464 2728 5519 favoris
2764 5465 2853 5518 Dei
2887 5466 3176 5533 sanctique
3225 5466 3477 5534 Juannis,
3535 5481 3589 5523 et
3634 5473 3698 5525 ad
3730 5473 3945 5542 depre-

2377 5555 2610 5609 candum
2643 5559 2913 5620 eumdem,
2978 5572 3039 5610 ac
3087 5560 3500 5626 vituperandam
3538 5564 3939 5630 iznperatricem

2379 5647 2537 5714 hujus
2583 5648 2883 5700 inimicam.
2919 5648 3159 5701 Plurima
3190 5658 3369 5702 tamen
3397 5667 3519 5719 qua:
3543 5663 3610 5705 ab
3641 5657 3941 5723 interprete

2376 5740 2440 5791 ad
2477 5740 2696 5792 olenutn
2736 5749 2792 5794 ut
2826 5756 2884 5795 se
2919 5740 3122 5795 habent
3159 5742 3304 5796 dicta
3338 5750 3485 5808 Sunt,
3525 5757 3744 5815 propter
3781 5746 3938 5801 fasti-
