4164 6342
671 356 776 422 Πιὶ

1826 367 2301 428 EPIPHANIUS
2338 366 2778 428 MONACHUS.

3831 352 3939 423 180

674 491 693 518 η
714 478 929 545 trgincl.
955 477 1035 530 An
1064 477 1248 545 itaque
1270 476 1322 530 id
1358 476 1543 541 liceat,
1566 476 1698 530 mihi
1728 478 1931 533 indica.
1953 478 2083 535 Rem
2107 479 2251 534 enim

2362 482 2617 553 ροτονίαν
2681 480 3119 551 ἐκπαρθενεῦται
3197 480 3390 563 αὐτὴν.
3474 479 3540 532 Et
3614 473 3706 532 οὖν
3757 476 3938 543 ἔξεστι

675 568 972 621 absurdam
1000 582 1126 624 esse
1150 577 1411 640 reputans
1434 583 1626 623 servus
1657 579 1805 635 tuus,
1840 585 2009 627 ausus
2035 586 2151 625 sum
2181 571 2249 625 ad

673 668 725 711 te
755 661 1018 716 scribere.

671 768 1001 838 Responsum
1050 771 1242 828 Leonis
1271 773 1621 846 Grammatiei
1665 788 1714 829 et
1738 776 2117 846 archiepiscopi
2144 774 2253 830 Ca-

1355 845 1560 899 [αὐτ-ξω.

738 932 849 987 Leo
887 934 1110 990 humilis
1140 976 1153 1001 ,
1191 938 1619 1005 grammaticus,
1675 948 1729 993 et
1800 940 2252 1007 archiepiscopus

667 1023 953 1088 Calabriae,
987 1024 1187 1082 Joanni
1215 1028 1487 1095 spirituali
1535 1028 1689 1083 fratri
1727 1072 1740 1095 ,
1796 1045 1859 1085 ac
1889 1028 2103 1083 Domini
2161 1046 2254 1083 sa-

668 1118 903 1173 cerdOti.

739 1210 791 1264 ls
846 1211 942 1280 qui
978 1211 1216 1280 puellam
1270 1214 1534 1285 virginem
1591 1214 1645 1268 in
1691 1229 1949 1285 sponsam
2001 1214 2252 1283 accepit,

669 1301 815 1355 sicut
856 1303 1151 1372 scripsisti,
1181 1312 1373 1360 sancte
1401 1306 1474 1360 tili
1506 1347 1518 1371 ,
1550 1315 1605 1362 et
1644 1315 1929 1377 postquam
1966 1307 2253 1361 ordinatus

670 1393 865 1457 fuerit,
899 1396 1017 1448 vult
1047 1412 1165 1450 eam
1197 1398 1546 1469 devirginare
1571 1438 1586 1463 ,
1646 1399 1781 1454 nihil
1839 1398 1982 1454 aliud
2038 1399 2254 1453 exhibet

668 1500 834 1556 quam
861 1501 922 1542 se
952 1487 1231 1543 occultum
1258 1489 1677 1556 fornicatorem,
1709 1490 1793 1544 vel
1828 1505 2053 1544 uxorem
2098 1504 2254 1545 suam

669 1587 984 1645 suspectam
1016 1591 1075 1635 ut
1102 1588 1262 1635 antea
1293 1591 1735 1651 constupratam.
1769 1584 1833 1638 Et
1864 1584 1909 1637 si
1961 1583 2078 1652 ipse
2129 1583 2255 1651 qui-

669 1669 793 1723 dem
814 1670 1038 1726 Christo
1057 1674 1336 1741 pollicitus
1360 1686 1443 1729 est
1468 1691 1526 1730 se
1548 1674 1602 1729 in
1626 1674 1940 1744 virginitate
1953 1675 2251 1738 victurum,

671 1761 806 1824 quid
838 1777 1061 1819 necesse
1090 1764 1192 1819 fuit
1218 1781 1341 1821 cum
1374 1767 1590 1837 virgine
1617 1764 2057 1837 copularﬁN-atn
2082 1768 2249 1822 etiam

2355 574 2535 637 τοῦτο,
2573 574 2815 643 δήλωσον
2846 592 2957 643 μοι.
2991 575 3229 627 ’Ἄτοπον
3259 573 3369 643 γὰρ
3402 573 3532 625 αὐτὸ
3577 572 3936 641 λογισάμενος

2355 662 2495 716 εῖναι
2521 666 2548 716 ὁ
2570 655 2760 726 δοῦλός
2794 681 2909 726 σου,
2954 664 3235 733 ἐτόλμησα
3265 662 3479 733 γράψαι
3514 679 3618 715 σοι.

2367 777 2758 845 Ἀντὶγραμιια
2819 776 3081 841 Λέοντος
3142 775 3551 845 γραμματικοῦ
3608 776 3704 829 καὶ
3768 774 3939 843 ἀρχι-

2776 847 3119 900 επισκόπου
3148 848 3507 913 Καλαόρίας.

2426 938 2580 993 Λέων
2623 941 2650 991 ὁ
2679 938 2932 1002 ταπεινὸς
2982 939 3390 1007 γραμματικὸς,
3442 938 3537 990 καὶ
3582 934 3940 1006 ἀρχιεπίσκο-

2360 1048 2461 1092 πος
2495 1030 2838 1099 Καλαόρίας,
2896 1032 3121 1102 Ἰωάννῃ
3167 1030 3245 1099 τῷ
3296 1030 3658 1101 πνευματικῷ
3700 1027 3936 1098 ἀδελφῷ,

2358 1123 2453 1176 καὶ
2488 1123 2627 1193 ίερεϊ
2656 1125 2886 1194 Κυρίου.

2439 1216 2498 1268 Ὀ
2536 1217 2804 1291 παρθένον
2856 1217 3025 1285 κόρην
3064 1214 3450 1284 ὀρμασάμενος
3504 1212 3605 1279 (Ξ),
3654 1212 3797 1264 καθὰ
3846 1211 3940 1279 γέ-

2357 1324 2598 1379 γραφας,
2666 1309 2854 1363 τέκνον
2894 1308 3071 1376 ἅγιον,
3122 1304 3217 1358 καὶ
3255 1305 3391 1375 μετὰ
3422 1304 3519 1375 τὴν
3574 1303 3939 1373 χειροτονίαν,

2357 1400 2563 1468 ταύτην
2612 1399 3053 1467 ὲκπαρθενεῦσαι
3099 1398 3445 1470 βουλόμενος,
3488 1386 3640 1448 οὖδὲν
3688 1394 3937 1462 ἕτερονῆ

2358 1494 2705 1563 κλεψίγαμον
2741 1493 2933 1545 ἑαυτὸν
2971 1492 3326 1562 παρίστησιν,
3369 1488 3401 1558 ἢ
3454 1488 3555 1556 τὴν
3606 1486 3803 1541 ἑαυτοῦ
3840 1503 3940 1552 γυ-

2358 1589 2522 1639 ναῖκα
2557 1585 2825 1649 ὖποπτον,
2856 1584 2933 1647 ὼς
2959 1582 3589 1653 προεκπορνευσθεῖσαν.
3615 1579 3723 1631 Καὶ
3753 1580 3799 1630 εί
3840 1578 3940 1645 μὲν

2362 1676 2586 1748 Χριστῷ
2620 1675 2876 1729 συνέθετο
2911 1674 3266 1744 παρθενεύειν
3294 1672 3478 1734 αὐτὸς.
3534 1670 3615 1733 τίς
3639 1668 3797 1738 χρεία
3842 1670 3946 1735 τῆς

2361 1769 2497 1837 πρὸς
2526 1767 2793 1839 παρθένον
2848 1767 2999 1835 αὐτῷ
3059 1763 3398 1833 συναφείας;
3455 1762 3566 1815 Καὶ⁸
3619 1761 3789 1829 χωρὶς
3832 1758 3945 1827 γὰρ

672 1856 881 1925 absque
914 1859 1167 1923 muliere,
1202 1868 1418 1929 poterat
1449 1862 1603 1932 virgo
1632 1876 1861 1917 manens
1913 1862 2253 1917 ordinatione

2364 1861 2649 1928 γυναικὸς,
2701 1858 2935 1928 ἠδύνατο
2980 1854 3339 1923 παρθενεύων
3394 1851 3732 1923 χειροτονίας
3775 1850 3948 1917 ἁξιωέ

672 1944 887 2012 donari,
925 1948 1019 2003 Sin
1051 1965 1181 2003 vero
1211 1959 1435 2019 propter
1466 1960 1679 2007 natura:
1702 1951 2128 2006 imbecillitatem
2171 1962 2259 2004 at-

672 2053 780 2104 que
812 2038 1101 2094 aﬂ'eetuum
1129 2042 1481 2096 incoereibile
1508 2057 1726 2109 agmen,
1756 2042 1899 2095 illam
1922 2043 2023 2096 sibi
2048 2042 2254 2110 junxit,

675 2131 829 2200 prius
852 2145 975 2185 cum
1011 2147 1073 2187 ea
1110 2132 1352 2203 legitime
1386 2134 1716 2189 concumbat
1741 2175 1755 2199 ,
1785 2150 1847 2189 ac
1890 2136 2081 2190 deinde
2112 2137 2254 2191 ordi-

674 2228 856 2274 netur.
887 2221 1132 2277 Mulieris
1174 2226 1318 2278 enim
1341 2223 1609 2294 patefacta
1640 2224 1968 2293 virginitate,
1997 2233 2257 2293 tanquam

677 2313 843 2367 unius
879 2316 1069 2370 uxoris
1100 2316 1184 2368 vir
1210 2356 1222 2380 ,
1258 2317 1322 2369 ad
1354 2316 1645 2373 saecrdmii
1687 2315 2254 2370 formidabilissimnm

678 2404 925 2470 gradum
950 2408 1383 2475 pt'omo'vcbitur.

754 2677 829 2745 (2)
882 2680 1352 2749 ⁹ι)ρμίισάμενος.
1390 2683 1483 2739 Est
1513 2682 1861 2754 oppdoaojiat
1910 2685 2252 2751 despondere,

680 2762 1051 2821 cuntrsponsa
1105 2762 1316 2820 nuptms
1370 2752 1694 2807 contrahere.
1751 2752 2087 2821 Epiphanius
2144 2760 2255 2811 bre-

682 2819 790 2896 ειξεὶ
818 2820 991 2896 73,_n‘j
1022 2819 1203 2896 l5,_de_
1224 2821 1394 2877 Maria
1424 2834 1471 2877 et
1502 2819 1897 2896 γιοενιτριιοεάπὸ
1925 2827 2017 2879 τοῦ
2048 2829 2257 2896 ὀρμασ-

682 2886 842 2957 θῆναι
870 2890 1040 2959 αὐτὴν
1067 2890 1235 2960 αὐτῷ,
1282 2908 1342 2945 eo
1371 2895 1508 2961 quod
1545 2886 1651 2947 illa.
1669 2895 1718 2948 ei
1751 2893 2064 2962 desponsata
2084 2886 2252 2951 esset.

2367 1954 2547 2024 θῆναι.
2600 1953 2663 2005 Ei
2710 1952 2765 2003 δὲ
2800 1952 2889 2005 διὰ
2935 1950 3129 2018 τὸτῆς
3172 1948 3389 2016 φύσεως
3439 1946 3668 2006 ἀσθενὲς
3713 1943 3808 1995 καὶ
3852 1942 3950 1995 τὸν

2364 2049 2739 2113 ἀκατάσχετον
2758 2046 2924 2113 ὲσμῦν
2969 2045 3078 2095 τῶν
3128 2042 3337 2103 παθῶν,
3369 2039 3669 2109 ὼρμάσατο
3715 2036 3949 2103 ταύτην,

2367 2135 2711 2203 συγγινέσθω
2735 2134 2999 2205 πρότερον
3030 2133 3197 2202 αὐτὴν
3228 2132 3351 2203 Heg.
3376 2129 3538 2201 αὐτῇ]
3570 2128 3953 2197 νομίμωςικαὶ

2364 2230 2487 2284 τότε
2538 2227 2980 2298 χειροτονείςθω.
3058 2227 3383 2295 Καταδήλου
3423 2227 3531 2293 γὰρ
3581 2224 3678 2291 τῆς
3744 2221 3952 2291 7:090:-

2369 2322 2488 2382 νίας
2518 2320 2691 2385 αὐτῆς
2728 2320 3045 2388 γινομένης,
3082 2321 3157 2381 ὡς
3192 2321 3319 2386 μιᾶς
3358 2316 3615 2383 γυναικὸς
3660 2314 3817 2382 ἀνὴρ,
3868 2314 3954 2375 είς

2365 2413 2457 2465 τὸν
2489 2412 2586 2479 τῆς
2615 2408 2917 2478 ἱερωσύνης
2950 2408 3393 2477 φρικωδέστατον
3445 2405 3653 2477 βαθμὸν
3712 2404 3954 2474 ἀναχθή-

2369 2519 2540 2554 σεται.

2364 2691 2521 2758 Apud
2554 2690 2808 2745 eumdem
2852 2688 3215 2755 Epiphauinm
3278 2688 3349 2741 De
3388 2686 3633 2741 tau’dibur
3682 2688 3950 2754 Deipara',

2365 2770 2401 2811 ι.
2437 2761 2501 2820 ΙΙ.
2530 2776 2580 2826 p.
2607 2761 2733 2820 292.
2772 2761 3070 2828 ὼρίιάσατο
3102 2761 3197 2824 τὴν
3224 2761 3517 2828 Παρθένον
3548 2760 3625 2817 ei;
3653 2760 3741 2809 τὸν
3778 2774 3949 2828 μονο-

2362 2831 2495 2911 γενῆ
2529 2825 2685 2882 Υίόν’
2723 2825 2885 2884 Pater
2909 2828 3181 2895 despondit
3213 2825 3354 2880 Filio
3391 2845 3484 2881 suo
3509 2831 3776 2896 unigenito
3818 2825 3948 2880 Vir-

2360 2916 2554 2968 ginem.

688 3121 3945 3170 Μ

1987 3330 2159 3375 ANNO
2218 3331 2439 3375 DOMINI

2491 3333 2647 3375 ΜΧΥ.

997 3539 2339 3717 EPIPHANIUS
2422 3535 3685 3719 MONACHUS.

2053 3886 2601 3977 ΝΟἹῚΤΙΑ.

897 4117 1164 4174 Auctore
1202 4112 1445 4171 Joanne
1490 4107 1742 4185 Aloysio
1772 4107 2183 4185 Mingarellio.
2227 4107 2393 4185 apud
2428 4106 2824 4167 Amodutium
2853 4105 3154 4167 Anecdot.
3196 4106 3371 4169 litter
3407 4152 3420 4180 ,
3460 4114 3587 4168 to‘m
3644 4106 3751 4167 Ill.

2285 4329 2353 4337 φ.-

706 4482 1081 4535 ltlustrissimo
1114 4498 1174 4535 :tc
1209 4483 1664 4538 rcvcrcndtssimo
1700 4483 1916 4550 prresuli
1949 4481 2227 4550 Stephano
2262 4478 2486 4550 Βοιαὶ-ιε,
2517 4474 3027 4550 sacra;_congr._de
3073 4475 3426 4546 Propaganda
3449 4474 3581 4531 Fide
3633 4492 3661 4532 a
3690 4475 3953 4543 secretis,

1764 4553 1829 4606 D.
1861 4545 2098 4607 Joannes
2130 4549 2381 4618 Aloysius
2411 4546 2783 4617 Mingartdlius
2824 4546 2880 4598 S.
2931 4545 2993 4599 D.

788 4673 979 4736 Optas.
1010 4668 1382 4725 eruditissime
1414 4674 1631 4741 praesul,
1674 4680 1883 4739 protua
1915 4671 1968 4725 in
2004 4682 2088 4723 mc
2117 4665 2474 4734 benignitate,
2511 4664 2856 4731 maximoque.
2892 4662 2944 4715 in
2979 4662 3183 4716 litteras
3217 4676 3423 4729 amore,
3457 4673 3516 4717 ut
3543 4662 3966 4749 vetustumgali-

710 4757 853 4825 quod
892 4758 1237 4825 npttsculum,
1268 4759 1426 4827 idque
1453 4760 1725 4825 Grmcum,
1766 4759 1928 4812 tertio
1959 4756 2365 4808 Aneedotorutn
2401 4752 2685 4811 volumini,
2726 4750 2871 4819 quod
2907 4750 3171 4803 Romanis
3219 4752 3532 4820 propediem
3571 4752 3733 4819 typis,
3769 4752 3967 4817 impri-

712 4858 910 4909 nzutur,
946 4847 1293 4900 inseremlum
1332 4848 1621 4914 praebeam.
1653 4846 1764 4915 Ego
1788 4858 1966 4900 autem
1999 4842 2235 4912 culiienti
2273 4841 2317 4895 si
2348 4840 2477 4909 quid
2520 4854 2749 4909 negem,
2788 4839 2929 4905 quod
2986 4847 3244 4906 praestare
3278 4853 3509 4904 queam,
3548 4838 3791 4905 ingratus
3829 4838 3962 4893 sim.

713 4932 953 4985 Necdum
986 4935 1129 4987 enim
1176 4935 1269 4988 tibi
1300 4936 1384 4988 vel
1425 4936 1492 4990 de
1526 4935 1661 4988 [acie
1694 4943 1857 4989 notus
1885 4948 2054 4993 eram,
2118 4945 2240 4983 cum
2278 4928 2425 4981 omni
2450 4928 2803 4981 hnnmnitatis
2835 4926 3010 4979 oﬂicio
3036 4942 3120 4979 me
3156 4926 3469 4980 devinxisti.
3494 4924 3747 4979 Memoria
3790 4928 3965 4994 probe

717 5032 900 5085 teneo,
939 5025 1021 5077 vir
1057 5023 1474 5090 humanissime,
1505 5026 1791 5078 duodecim
1824 5024 2042 5077 circiter
2107 5019 2303 5072 abhinc
2335 5018 2496 5071 annis
2532 5031 2652 5069 cum
2690 5014 3057 5069 Beneventum
3099 5014 3237 5069 forte
3280 5016 3752 5083 venissem,quam
3791 5023 3844 5066 tu
3881 5016 3967 5069 ci-

724 5114 949 5164 vitatem
981 5114 1206 5166 miritica
1251 5129 1343 5179 per
1370 5115 1419 5168 id
1463 5123 1680 5183 tempus
1715 5113 2035 5165 dexteritate
2068 5109 2316 5178 regehas,
2352 5115 2515 5174 atque
2540 5103 2825 5171 prudentia
2852 5143 2867 5165 ,
2899 5118 3061 5169 quam
3098 5103 3392 5157 liberaliter
3433 5119 3458 5153 a
3499 5111 3547 5155 te
3574 5142 3587 5163 ,
3623 5105 3968 5172 comiterque

721 5209 983 5268 exceptus
1014 5202 1207 5254 fuerim
1234 5216 1336 5255 una
1360 5216 1483 5254 cum
1508 5216 1765 5270 supremo
1806 5210 1934 5253 tunc
1963 5209 2136 5250 cintus
2180 5193 2351 5249 nostri
2381 5192 2724 5247 moderatore
2747 5188 2957 5245 Joanne
2979 5189 3372 5261 Chrysostomo
3398 5191 3745 5253 'l‘rumhelliu,
3768 5205 3969 5257 quam-

722 5307 831 5358 que
868 5291 1106 5352 iucunde
1140 5306 1343 5360 paucos
1378 5291 1503 5346 illos
1538 5292 1679 5353 dies,
1709 5290 1910 5359 quibus
1947 5287 2022 5341 ibi
2053 5302 2276 5340 manere
2316 5281 2489 5344 licuit,
2530 5280 2913 5347 transegerim,
2948 5287 3095 5330 tuam
3127 5287 3179 5329 et
3208 5278 3261 5329 in
3296 5278 3691 5332 consuetudine
3720 5281 3970 5333 suavita-

725 5390 835 5432 tem
869 5390 1152 5446 expertus,
1185 5388 1237 5431 et
1266 5379 1319 5429 in
1350 5378 1619 5445 colloquio
1648 5377 1979 5436 doctrinam,
2018 5385 2179 5443 atque
2213 5371 2581 5427 eruditionem
2615 5369 2940 5422 admiratus.
2970 5366 3334 5430 Quamobrem
3372 5366 3502 5419 nihil
3531 5379 3647 5429 est,
3679 5368 3821 5436 quod
3858 5384 3970 5426 non

728 5468 809 5520 tui
844 5482 1013 5520 causa
1042 5465 1289 5519 facturus
1324 5467 1554 5518 libenter
1584 5467 1711 5518 sim.
1749 5464 1789 5517 E
1819 5465 2048 5529 vestigio
2080 5465 2264 5529 itaque.
2300 5459 2544 5511 converti
2586 5473 2615 5510 e
2651 5457 2837 5511 Graeco
2873 5457 3112 5508 libellum
3162 5456 3452 5525 quemdam
3526 5456 3810 5526 Epiphanii
3847 5476 3968 5515 tno-

731 5548 895 5602 nachi
930 5549 996 5603 de
1022 5550 1138 5601 Vita
1184 5548 1446 5617 lleiparae,
1485 5550 1642 5614 cujus
1674 5550 2045 5617 apugraphnm
2078 5545 2218 5611 apud
2262 5562 2344 5597 me
2375 5545 2639 5599 ineditunt
2668 5544 2991 5613 jampridem
3024 5544 3151 5595 latet
3179 5582 3193 5605 ,
3252 5557 3576 5623 semperque
3628 5543 3855 5598 forsitan
3891 5547 3973 5600 [an

732 5640 957 5701 luisset,
999 5638 1106 5691 nisi
1139 5637 1281 5690 hanc
1312 5651 1368 5690 ιιι
1408 5637 1540 5689 mihi
1570 5637 1909 5689 occasionem
1944 5634 2297 5702 przebuisses,
2337 5642 2394 5686 ut
2430 5633 2697 5687 rursusin
2735 5646 2929 5683 manus
2977 5643 3247 5682 sumerem
3283 5646 3297 5682 :

3345 5630 3439 5682 diu
3485 5630 3629 5683 enim
3676 5629 3924 5685 dubitavi
3954 5672 3970 5698 ,

734 5741 804 5781 an
834 5742 955 5780 eum
991 5725 1331 5795 supprimere
1362 5733 1673 5794 prestaret,
1716 5739 1877 5789 quam
1914 5725 1966 5775 in
2002 5738 2198 5776 manus
2227 5723 2475 5777 omnium
2505 5723 2757 5774 emittere
2794 5737 2807 5771 :
2846 5726 3131 5787 prepterea
3165 5717 3309 5783 quod
3362 5732 3393 5771 e
3450 5721 3818 5774 monumentis
3859 5737 3970 5776 non

740 5815 973 5870 sinceris
1006 5816 1185 5877 modo,
1216 5824 1372 5883 atque
1407 5814 1769 5877 imltti‘i'tltiS,‘
1793 5810 1880 5865 sed
1912 5810 2235 5880 apocrypbis
2268 5812 2454 5876 etiam,
2488 5818 2544 5863 ut
2585 5811 2807 5879 ipsemet
2839 5820 3027 5861 auctor
3074 5804 3359 5873 profitetur
3385 5846 3398 5871 ,
3436 5820 3495 5859 ac
3528 5806 3708 5861 dubiis
3743 5818 3967 5863 contex~
