4148 6334
226 325 315 391 191
1591 323 2073 386 TES’I‘IMONIA.
3357 325 3455 392 182

218 452 301 498 tus
327 442 420 499 sit.
454 441 617 500 Nunc
645 448 829 499 autem
864 457 986 498 cum
1017 443 1180 498 alicui
1220 441 1578 498 nihilominus
1611 442 1832 498 utilitati
1864 443 2012 500 visus
2049 444 2120 499 sit
2147 458 2269 500 esse
2299 459 2457 514 posse
2487 487 2500 510 ,
2549 446 2594 501 si
2627 444 2910 514 cvulgetur
2937 487 2952 513 ,
2983 461 3107 502 eum
3142 445 3206 500 ad
3240 453 3291 499 te
3324 446 3453 498 mit-

215 540 324 587 tere
345 533 640 598 constitui,
667 541 729 587 ut
751 540 866 588 tute
899 531 1037 604 ipse,
1068 531 1230 601 cujus
1265 530 1484 602 plurimi
1517 529 1783 600 judicium
1815 531 1978 597 duco,
2013 530 2138 602 quid
2169 531 2439 602 agendum
2473 533 2565 598 sit,
2600 533 2809 589 videas.
2845 531 2997 587 Tuus
3033 548 3163 602 ergo
3198 534 3270 590 sit
3303 533 3455 587 arbi-

215 627 384 675 tratus
418 639 433 674 :
468 630 527 675 ut
556 611 733 686 illum,
776 627 936 690 prout
964 618 1202 681 libuerit.
1230 619 1314 675 vel
1340 619 1656 683 comburas,
1689 635 1814 674 eum
1840 621 2056 689 legeris,
2086 621 2170 676 vel
2199 622 2536 693 typographo
2560 622 2790 678 librario
2806 621 3184 677 excudendum
3225 621 3452 677 tradas:

216 709 338 762 mihi
381 723 512 763 vero
544 708 601 764 id
637 723 810 763 unum
835 708 988 763 cordi
1017 723 1143 765 esse
1172 709 1350 772 noris.
1389 715 1450 763 ut
1480 700 1618 763 nihil
1650 723 1680 763 a
1711 724 1798 764 me
1825 710 2022 765 edatur
2048 749 2063 772 .
2100 724 2210 780 quo
2241 710 2506 768 lectorum
2541 711 2592 765 in
2625 711 2912 767 Dominam
2959 717 3202 766 nostram
3236 712 3410 778 pietas
3439 733 3455 754 ς

215 807 303 850 aut
330 796 554 853 debitus
575 798 681 868 ipsi
712 797 890 852 honor
923 797 1002 852 vel
1041 797 1350 863 minimum,
1379 807 1430 851 te
1453 789 1686 866 quidem
1713 798 1920 868 judice.
1949 799 2203 854 imminui
2232 812 2421 871 queat.

288 882 480 939 Libelli
514 901 682 955 porro
722 879 917 940 auctor
950 885 1051 940 tibi
1085 885 1393 942 incredibili
1432 886 1692 956 memoria
1726 889 1954 956 praedito
1982 889 2144 960 plane
2179 891 2398 959 ignotus
2424 905 2546 946 esse
2590 907 2698 947 non
2728 900 2907 964 potest
2943 910 2956 946 :
2999 905 3126 946 nam
3171 889 3280 946 Leo
3307 889 3455 942 Alla-

213 974 316 1028 tins
341 985 394 1028 et
435 973 737 1046 fragmenta
765 990 831 1029 ex
869 975 972 1029 hoc
1003 976 1124 1044 ipso
1158 976 1300 1029 haud
1355 976 1524 1031 semel
1561 976 1785 1044 protulit
1820 978 2089 1048 opusculo
2114 1019 2127 1040 .
2176 986 2230 1034 et
2279 979 2426 1034 aliud
2474 981 2746 1051 quoddam
2796 982 3036 1050 ejusdem
3080 971 3346 1050 scriptum
3405 978 3457 1031 in

214 1062 533 1132 Symmic'tis
571 1063 1240 1134 divulgavit,hujnsmodi
1277 1065 1493 1118 titulum
1524 1065 1575 1118 in
1607 1063 1785 1120 fronte
1815 1067 2021 1123 habens
2059 1085 2072 1121 :
2115 1066 2401 1138 Epipltanii
2443 1070 2685 1126 monachi
2738 1072 3088 1140 Hagiopotitre
3148 1069 3310 1138 Syria
3337 1109 3352 1133 ,
3409 1077 3459 1122 ct

213 1152 332 1203 urbs
361 1159 553 1204 sancta
578 1167 598 1212 ;
627 1166 725 1206 nec
753 1154 898 1206 etiim
935 1153 1124 1206 dubito
1187 1153 1320 1222 quin
1367 1169 1512 1208 unus
1547 1152 1800 1222 idemque
1830 1154 2171 1226 Epiphanius
2207 1158 2497 1228 utriusque
2526 1158 2689 1213 libelli
2727 1167 2920 1212 auctor
2950 1158 3018 1212 sit
3044 1199 3058 1222 ,
3109 1173 3230 1212 cum
3261 1154 3456 1210 eodem
3511 1172 3520 1185 ι

224 1238 379 1308 plane
413 1241 555 1310 stylo
589 1249 889 1311 utrumque
929 1229 1301 1312 conscriptum
1337 1241 1574 1304 videam.
1606 1242 1755 1296 tenui
1789 1243 2026 1305 scilicet,
2063 1253 2227 1314 atque
2258 1244 2416 1309 adeo,
2452 1254 2511 1300 ut
2540 1245 2723 1300 verius
2760 1246 2973 1316 loquar,
3004 1244 3192 1301 humili
3225 1259 3288 1297 ac
3317 1257 3458 1313 pene.

213 1327 443 1394 abiecto.
469 1329 613 1394 Quin
666 1330 952 1385 hemiliam
991 1346 1212 1400 qquue
1245 1329 1536 1399 Epiphanii
1574 1329 1827 1384 monachi
1855 1330 1907 1384 in
1933 1341 2182 1391 sanctum
2235 1325 2512 1389 Andream
2547 1334 2850 1403 apostolum
2902 1342 3295 1386 commemorat
3344 1330 3462 1399 ipso

209 1415 445 1472 .Allatius
478 1418 533 1470 in
566 1417 805 1473 Diatriba
851 1419 916 1473 de
949 1417 1284 1473 Simeonnm
1321 1418 1547 1486 scriptis
1577 1435 1589 1470 :
1627 1420 1725 1474 sed
1772 1433 1836 1474 ea
1872 1427 2055 1472 utrum
2107 1419 2394 1491 Epiphanii
2424 1423 2594 1476 nostri
2625 1422 2694 1476 sit
2723 1461 2737 1485 ,
2780 1422 2901 1490 quis
2939 1428 3057 1474 tuto
3081 1461 3094 1484 ,
3153 1418 3257 1473 nisi
3311 1417 3458 1472 illam

211 1503 430 1566 viderit,
461 1504 692 1560 delinire
718 1514 907 1574 queat,
945 1521 1069 1562 cum
1105 1506 1337 1566 Aliatius
1374 1505 1510 1560 nihil
1543 1515 1742 1576 prteter
1769 1507 1990 1561 titulum
2053 1516 2216 1580 atque
2253 1509 2469 1564 initium
2522 1510 2809 1566 attulerit?
2835 1511 2888 1564 Si
2922 1510 3049 1580 quid
3080 1517 3258 1563 tamen
3289 1523 3318 1563 e
3349 1516 3457 1561 tam

225 1591 438 1660 exiguis
477 1591 958 1661 lndiciisjudicari
995 1602 1196 1663 potest.
1228 1594 1483 1662 equidem
1513 1610 1632 1648 eam
1668 1611 1890 1664 qquue
1923 1595 2208 1650 homiliam
2244 1597 2344 1667 ipsi
2381 1597 2727 1653 tribuendam
2766 1597 3106 1652 crediderim.
3157 1597 3230 1649 De
3291 1602 3458 1646 mem-

219 1679 426 1734 braneo
473 1691 654 1733 autem
697 1682 1023 1749 exemplari,
1059 1697 1089 1736 e
1123 1698 1232 1752 quo
1267 1683 1512 1737 libellum
1539 1699 1641 1755 ego
1669 1686 1961 1752 exscripsi,
2001 1687 2137 1741 nihil
2176 1687 2358 1743 dicere
2392 1688 2589 1748 attinet
2623 1689 2675 1741 in
2710 1686 2958 1757 prtesenti
2989 1702 3000 1736 :
3035 1684 3170 1741 satis
3195 1683 3338 1739 enim
3369 1683 3464 1736 de-

216 1767 484 1836 scriptum
527 1768 628 1821 fuit
658 1769 728 1823 iis
763 1769 985 1831 litteris,
1017 1787 1154 1838 quas
1185 1772 1252 1826 de
1280 1772 1521 1840 quodam
1554 1775 1729 1828 sancti
1764 1772 2012 1843 Gregorii
2047 1773 2435 1845 Thaumaturgi
2471 1789 2722 1831 sermone
2781 1775 2847 1828 ad
2909 1771 3183 1837 .I’Egidium
3234 1769 3456 1823 fratrem

213 1870 392 1908 meum
433 1854 694 1909 Bononia:
721 1855 842 1910 dedi
878 1873 891 1909 :
927 1872 1068 1912 unus
1103 1859 1272 1922 enim,
1300 1859 1558 1928 Idemque
1588 1863 1756 1914 codex
1786 1869 1839 1914 et
1869 1877 1994 1915 eum
2034 1862 2279 1933 Gregorii
2315 1877 2646 1928 sermonem,
2696 1875 2746 1918 et
2773 1862 2917 1917 hunc
2985 1858 3271 1930 Epiphanii
3326 1856 3460 1910 mihi

216 1943 680 1999 subministravit.
727 1942 864 1998 Illud
904 1948 1089 2013 potius
1119 1949 1416 2016 Optandum
1450 1949 1559 2018 jam
1587 1957 1733 2003 esset
1761 1957 1821 2003 ut
1850 1965 1961 2018 quo
1987 1959 2232 2020 tempore
2255 1949 2596 2021 Epiphanius
2629 1959 2812 2005 noster
2840 1948 3137 2013 scripserit.
3172 1954 3448 1999 accurate.

214 2046 278 2086 ac
311 2031 523 2100 liquido
565 2033 781 2086 deliniri
817 2045 1039 2104 possm;
1072 2051 1192 2089 nam
1225 2035 1462 2092 Joannes
1497 2037 1753 2092 Albcrtus
1787 2037 2095 2104 Fabricius,
2125 2041 2339 2094 incerttc
2369 2042 2543 2094 (etatis
2571 2041 2890 2109 scriptorem
2939 2036 3094 2091 dixit.
3131 2037 3200 2089 At
3263 2034 3308 2088 si
3361 2031 3460 2085 ad-

215 2121 484 2176 amussim
525 2122 659 2175 illud
694 2123 1082 2189 deter-minare.
1114 2140 1175 2179 ac
1200 2126 1364 2180 veluti
1396 2141 1495 2180 acu
1534 2139 1755 2196 tangere
1787 2142 1892 2181 non
1932 2129 2079 2191 licet,
2116 2129 2276 2183 valde
2305 2137 2484 2182 tamen
2517 2130 2765 2197 angustis
2794 2127 2992 2180 finibus
3031 2124 3261 2191 spatium
3302 2135 3464 2175 omne

213 2209 358 2263 intra
393 2212 540 2278 quod
571 2225 695 2264 eum
731 2213 1023 2280 scripsisse
1055 2228 1278 2268 necesse
1305 2215 1399 2278 sit,
1439 2214 1816 2269 circumscribi
1850 2231 2011 2284 posse
2030 2231 2176 2283 reor,
2216 2227 2378 2283 atque
2406 2216 2607 2270 includi
2640 2233 2652 2269 :
2681 2227 2738 2268 ut
2762 2229 2936 2282 neque
2970 2210 3460 2265 tmteumlecimmn

215 2297 419 2352 Christi
450 2301 742 2361 saeculum,
769 2315 871 2355 nec
905 2309 1030 2369 post
1055 2302 1277 2356 tertium
1306 2302 1578 2356 decimum
1630 2304 1834 2359 vixisse
1863 2307 1968 2359 dici
2041 2307 2258 2362 debeat.
2295 2305 2414 2360 Non
2461 2312 2584 2359 ante
2615 2303 2958 2359 undecimum
3015 2301 3232 2370 quidem
3263 2318 3273 2352 :
3336 2298 3465 2366 quia

227 2384 582 2457 Hippolytum
619 2386 938 2442 Thebanum
972 2388 1127 2448 citat.
1160 2405 1322 2456 quem
1355 2388 1594 2454 decimo,
1633 2398 1728 2441 aut
1752 2404 2028 2444 summum
2067 2389 2362 2444 undecimo
2385 2379 2635 2444 ﬂoruisse
2659 2387 3007 2442 consentiunt
3059 2384 3276 2437 eruditi.
3339 2381 3465 2434 Post.

218 2474 724 2530 tertiumdecimum
761 2491 890 2530 vero
922 2477 1178 2530 satculum
1215 2477 1380 2530 scribi
1414 2491 1518 2531 non
1556 2477 1732 2546 potuit
1763 2477 2092 2545 opusculum
2124 2517 2139 2542 ,
2172 2492 2204 2530 e
2243 2491 2352 2545 quo
2405 2477 2770 2546 fragmentum
2812 2473 3155 2542 Nicephorius
3202 2469 3462 2524 Callistus

229 2562 465 2632 protulit
497 2561 866 2633 Epiphanium
898 2565 1076 2633 ipsum
1117 2566 1432 2629 nominans,
1472 2573 1529 2618 ut
1569 2581 1691 2620 mox
1724 2563 2034 2618 videbimus
2067 2580 2080 2617 :
2111 2565 2411 2633 praesertim
2449 2578 2572 2617 cum
2604 2563 2720 2632 ipse
2772 2561 2964 2623 codex,
3016 2557 3159 2612 unde
3206 2557 3340 2610 illud
3372 2570 3465 2610 es-

215 2650 444 2715 scripsi,
483 2661 578 2705 aut
610 2652 923 2706 duodecimi
964 2652 1149 2705 saeculi
1178 2653 1269 2718 sit,
1308 2662 1400 2706 aut
1426 2667 1535 2706 non
1574 2653 1748 2706 multo
1782 2667 1915 2706 sane
1948 2655 2242 2707 recentior.
2277 2653 2354 2706 Ex
2386 2653 2585 2721 quibus
2632 2651 2884 2706 omnibus
2927 2649 3056 2702 illud
3087 2648 3302 2701 tandem
3333 2660 3467 2699 con-

213 2738 420 2801 ficitur,
453 2749 514 2792 ut
545 2741 751 2793 saeculo
788 2739 1013 2793 circiter
1045 2739 1376 2794 duodecimo
1407 2739 1772 2809 Epiphanium
1801 2748 2053 2794 nostrum
2087 2741 2292 2795 vixisse
2324 2741 2464 2795 haud
2530 2750 2738 2795 temere
2800 2736 2968 2792 statui
3025 2742 3209 2804 queat.
3255 2732 3310 2786 Si
3358 2747 3464 2798 qua

213 2826 381 2895 igitur
413 2828 712 2882 identidem
749 2839 1048 2884 occurrent
1085 2829 1229 2882 inter
1269 2829 1579 2896 legendum,
1611 2843 1732 2896 qua:
1764 2842 1955 2897 parum
1991 2827 2087 2882 tibi
2121 2828 2440 2893 arrideant,
2473 2827 2660 2881 mirari
2693 2842 2796 2880 non
2821 2825 3042 2880 debebis
3067 2863 3080 2886 ,
3119 2825 3200 2875 vir
3243 2820 3468 2890 prteela~

221 2915 447 2970 tissime
481 2935 495 2971 :
531 2915 782 2970 Graecum
819 2918 962 2970 enim
988 2916 1107 2984 ejus
1138 2915 1314 2968 aetatis
1352 2917 1562 2975 vinum.
1591 2927 1649 2969 ut
1679 2917 1751 2969 ita
1780 2931 1903 2970 cum
1940 2915 2144 2970 Catone
2173 2917 2384 2986 loquar,
2413 2917 2558 2986 quod
2598 2930 2770 2984 neque
2805 2920 2978 2977 aeeat,
3013 2926 3186 2978 neque
3215 2916 3450 2968 llltht"“.t,

221 3001 316 3054 vix
361 3003 536 3056 ullum
577 3014 681 3070 est,
721 3013 780 3058 ut
817 3006 986 3059 nosti.
1017 3002 1230 3057 Mucida
1265 3017 1399 3058 sane
1436 3004 1576 3058 haud
1613 3019 1783 3073 pauca
1812 3005 1899 3058 hic
1924 3003 2184 3071 offendes,
2225 3005 2390 3060 multa
2431 3006 2762 3074 ineleganter
2786 3002 2927 3056 dicta
2959 3040 2974 3063 ,
3035 2999 3262 3053 barbara
3299 2998 3460 3050 etiam

212 3094 502 3154 rtatmulla.
536 3103 702 3162 atque
732 3097 977 3154 soloeca;
1036 3094 1191 3162 plura
1225 3093 1442 3147 demum
1488 3095 1720 3156 incerta,
1755 3095 2011 3163 nulloque
2045 3095 2224 3150 idonei
2259 3095 2566 3165 scriptoris,
2595 3093 2682 3162 qui
2706 3091 2923 3161 quidem
2959 3099 3156 3146 exstet.
3184 3097 3278 3138 aut
3305 3093 3466 3138 notus

212 3181 308 3240 sit.
346 3184 671 3236 testimonio
694 3181 1040 3237 conﬁrmata.
1089 3184 1341 3236 Attamen
1379 3182 1493 3236 haec
1524 3184 1641 3251 ipsa
1678 3190 1864 3250 utpote
1902 3183 2305 3250 quodammodo
2336 3197 2496 3248 nova,
2526 3181 2764 3251 aliquam
2797 3180 3028 3233 fortasse
3053 3173 3279 3229 afferent
3308 3171 3464 3227 oble-

208 3270 539 3325 ctationem.
583 3270 736 3333 Vale,
763 3269 962 3340 praesul
998 3269 1337 3334 doctissime,
1372 3284 1432 3324 ac
1463 3279 1552 3324 tua
1581 3284 1666 3325 me
1695 3271 1933 3324 amicitia
1965 3286 2162 3326 ornare
2199 3286 2386 3341 perge.

285 3407 489 3462 Dabam
523 3408 712 3463 Romae
743 3409 796 3463 in
827 3409 1040 3464 aedibus
1084 3409 1142 3463 S.
1176 3408 1318 3464 Petri
1348 3409 1416 3463 ad
1449 3409 1700 3471 Vincula.
1733 3407 1994 3463 Kalendis
2027 3406 2257 3472 Martiis,
2289 3421 2433 3462 anno
2469 3406 2625 3459 1774.

235 3620 1914 3639 μου-α-Μηω-υαυ-οφη--ηοσηη-*η-*ᾙ-
1936 3626 1992 3636 Η
2011 3627 2181 3636 ι.--υ---.
2232 3626 2392 3636 ..νς-,ναι
2430 3626 2631 3635 -ο-...νηρ-
2643 3623 3058 3634 _--—---MMN
3068 3622 3147 3631 ευ..-
3158 3617 3452 3634 *ο--ι--νεη

1289 3790 1796 3880 SELECTA
1881 3790 2413 3895 QU/EDAM

761 3991 854 4050 DE
910 3991 1328 4056 ΕΡΙΡΗΛΝΙΟ
1357 3993 1724 4055 MONACHO
1767 3995 1862 4056 ET
1902 3991 2394 4055 PRESBYTERO
2422 3987 2911 4050 TES'I‘lMONlA.

211 4314 554 4382 Nicephortts
586 4315 842 4370 Callistus
876 4316 926 4367 in
964 4314 1108 4367 Hist.
1147 4316 1279 4369 ϐασι.
1307 4315 1401 4370 lib.
1438 4331 1477 4367 ll
1507 4357 1520 4380 ,
1563 4332 1682 4382 cap.
1713 4313 1784 4367 ‘25
1816 4319 1849 4375 Α

1816 4316 2185 4383 Απρὸσωπον
2235 4316 2296 4367 οὑ
2352 4314 2704 4384 στρογγύλον,
2765 4312 2878 4366 ἀλλ’
2927 4313 3126 4364 ὡσανεὶ
3184 4312 3453 4379 minque;

281 4402 346 4440 ea:
383 4387 674 4479 Epiphanii
708 4385 989 4466 quscuto,
1021 4393 1156 4455 quod
1193 4402 1330 4439 nunc
1356 4387 1580 4450 edimus,
1613 4388 1787 4438 locum
1894 4427 1919 4462 Ἃ

1894 4409 2207 4479 κεκτημένη
2246 4424 2260 4439 ³
2298 4408 2604 4478 μακρόχειρ
2635 4423 2696 4459 τε
2736 4405 2832 4458 καὶ
2867 4401 3310 4472 μακροδὰκτυλος
3334 4396 3400 4470 ἦν
3438 4419 3447 4430 ·

277 4459 562 4527 quemdam
596 4459 673 4509 sic
704 4459 853 4508 citat.

1892 4459 2098 4572 ἄτυφοέ
2126 4459 2310 4556 τεοκαί
2335 4459 2743 4572 ἀσὲηἱλάτιστος
2787 4515 2802 4530 ο
2963 4459 3221 4566 Bulotus!“
3265 4459 3454 4547 ἐπίου-

283 4587 391 4644 Ἦν
423 4591 480 4644 δὲ
511 4592 572 4644 τδ
600 4587 731 4662 ἦθος
775 4591 868 4643 καὶ
912 4593 944 4660 ἡ
981 4575 1252 4660 οέδιξτῆς
1287 4591 1503 4660 μορφῆς
1530 4591 1623 4644 καὶ
1683 4591 1786 4660 τῆς
1896 4598 2108 4668 ραμένη
2159 4597 2316 4650 τινὰ·
2352 4594 2686 4648 ταπείνωσιν
2727 4589 3166 4661 ὑπερϐάλλουσαν
3210 4587 3407 4656 ἔχουσα
3436 4605 3448 4614 ·

214 4682 425 4748 ξλικίας
451 4684 628 4754 αὐτῆς
659 4682 831 4746 οὕτως
856 4683 1066 4752 ἔχοντα,
1104 4683 1181 4746 ὣς
1226 4701 1390 4752 φησιν
1442 4684 1785 4752 Ἐπιφὰνιος.
1895 4690 2087 4756 ἱμάτια
2141 4687 2413 4756 αὐτόχροα
2465 4684 2707 4754 φοροῦσα
2764 4683 2858 4734 καὶ
2911 4681 3189 4748 ἀγαπῶσα
3227 4694 3239 4706 °
3271 4679 3452 4730 ὁποῖον

215 4774 410 4846 Ξεμνὴ.
447 4776 635 4844 φησὶν,
680 4769 747 4846 ἦν
774 4776 912 4828 κατὰ
942 4776 1152 4828 πάνταο
1182 4774 1336 4842 ὀλίγα
1387 4792 1444 4826 τε
1491 4775 1583 4826 καὶ
1621 4775 1788 4841 ἀναγ-
1892 4777 1987 4830 νῦν
2026 4777 2121 4830 καὶ
2147 4777 2209 4830 τὸ
2261 4777 2415 4842 ἅγιον
2465 4773 2638 4844 αὐτῆς
2687 4771 2954 4842 μαφόριον
2997 4771 3296 4825 δείκνυται.
3345 4773 3454 4824 Καὶ

216 4871 339 4921 εαῖα
367 4868 608 4921 λαλοῦσα.
641 4885 655 4898 ·
693 4870 888 4937 ταχεῖα
924 4868 1059 4938 πρδς
1089 4866 1338 4937 ὑπακοὴν
1380 4870 1473 4919 καὶ
1513 4865 1787 4935 εὐπροσή-
1893 4870 2126 4930 συνόλως
2159 4869 2351 4929 εἰπεῖν,
2389 4867 2475 4934 ἐφ’
2527 4865 2694 4918 ἅπασι
2730 4866 2842 4926 τοῖς
2880 4863 3074 4932 αὐτῆς,
3101 4863 3249 4924 θείας
3295 4865 3451 4932 χάρι-

214 4977 374 5028 τορος
404 4973 420 4987 ⁸
448 4961 668 5028 τιμῶσα
699 4959 911 5023 πάντας
949 4959 1046 5011 καὶ
1083 4957 1487 5028 προσκυνοῦσα.
1530 4957 1684 5027 Μέση
1729 4956 1784 5009 δὲ

1888 4979 1979 5024 τος
2010 4959 2431 5030 πεπληρωμένη.
2466 4959 2598 5023 Qua:
2617 4958 2691 5012 sic
2713 4958 3082 5023 interpretatus
3109 4965 3187 5009 cst
3212 4955 3445 5010 ,Ιομηηες

217 5051 305 5114 τὴν
351 5048 574 5119 ἡλικίαν
600 5043 690 5124 ⁸ἦν
718 5067 730 5078 ⁸
763 5049 869 5100 εἰσὶ
906 5049 962 5100 δὲ
1009 5048 1058 5100 οἳ
1095 5055 1188 5101 καὶ
1225 5049 1386 5100 πλέον
1417 5065 1468 5099 τι
1497 5047 1588 5100 τοῦ
1617 5048 1785 5117 μέσου
1888 5055 2137 5124 Langius.

227 5159 355 5210 χειν
402 5119 774 5211 αὑτὴνςφασί
807 5157 820 5170 ’
872 5141 932 5194 τὸ
984 5141 1459 5211 εὐπαρρησεαστον
1525 5140 1583 5192 δὲ
1649 5141 1783 5209 πρὸς

1958 5119 2135 5199 Mores
2167 5153 2346 5197 autem
2377 5140 2749 5213 (sanctissian
2807 5138 3088 5208 Deiparte),
3131 5139 3444 5207 femurque.

220 5236 393 5288 πάντα
442 5234 734 5300 ἄνθρωπον
779 5230 892 5303 εἶχε
929 5249 942 5262 ‘
990 5231 1181 5302 πόρῤω
1234 5232 1472 5299 γέλωτος
1520 5247 1536 5262 ο
1587 5229 1692 5295 ἔξω
1724 5247 1784 5282 τε

1888 5246 1943 5289 et
1980 5245 2202 5290 staturae
2234 5234 2355 5302 ejus
2379 5234 2592 5294 modus,
2628 5231 2770 5294 talis,
2799 5241 2857 5283 ut
2883 5230 3059 5296 inquit
3084 5229 3440 5298 Epiphanius.

222 5328 464 5397 ταραχῆς
497 5342 509 5355 ·
547 5327 645 5378 καὶ
678 5326 949 5395 ἀόργητος
983 5325 1217 5394 μάλιστα
1251 5339 1266 5352 ⁸
1301 5324 1578 5392 σιτὸχροος
1627 5323 1672 5374 δ’
1715 5318 1784 5391 ἦν

1888 5326 2010 5380 fuit.
2047 5327 2195 5386 Erat,
2242 5326 2436 5394 inquit,
2483 5323 2536 5376 iu
2589 5322 2754 5375 rebus
2795 5322 3049 5376 omnibus
3101 5320 3345 5384 honesta,
3392 5333 3446 5373 et

221 5423 305 5472 :1".
336 5417 633 5487 ξανοόθριξ
678 5435 690 5449 ·
735 5417 1075 5484 εὐόφθαλμος
1118 5430 1132 5444 ’
1175 5415 1637 5480 ὐποξανθιζούσας
1689 5415 1783 5467 καὶ

1887 5417 2088 5485 gravis.
2125 5429 2292 5482 pauca
2325 5413 2615 5466 admodum
2649 5427 2822 5480 eaque
2853 5409 3162 5463 necessaria
3193 5409 3443 5476 loquens,

227 5516 368 5566 Eovz‘:
399 5511 683 5573 ὲλαιώδεις
714 5512 810 5572 τὰς
841 5510 1006 5578 κόρας
1037 5509 1147 5562 τῶν
1194 5507 1491 5576 ὀφθαλμῶν
1541 5507 1740 5576 ἔχουσα
1765 5523 1777 5535 ·

1887 5508 1953 5561 ad
1983 5504 2312 5560 audiendum
2359 5504 2553 5566 facilis,
2585 5513 2637 5556 et
2674 5515 2938 5571 perquam
2972 5499 3230 5563 aﬂabilis,
3263 5500 3440 5555 honu~

223 5605 594 5674 εεριηγμὲνας
647 5604 741 5654 καὶ
788 5601 1044 5670 μελαίνας
1098 5599 1542 5668 περιϐεϐλημένη
1612 5598 1781 5668 ὀφρῦς
1817 5648 1858 5702 Β

1817 5648 1858 5702 Β
1887 5615 2001 5652 rem
2036 5613 2218 5660 suum,
2263 5604 2317 5648 et
2366 5595 2774 5649 venerationem
2826 5591 3084 5647 omnibus
3122 5591 3392 5645 exhibens
3426 5606 3441 5646 :

1923 5700 1930 5702 Α
1979 5699 1986 5702 .
2236 5687 2268 5702 ..
2377 5690 2390 5702 .
2577 5701 2601 5702 η
2653 5687 2692 5702 ._
2867 5682 2951 5702 ___,
2991 5696 3099 5702 μμ
3137 5681 3411 5702 -.ε,,,,,,.,,

237 5696 580 5766 ποχρώντως
606 5709 620 5725 ο
685 5694 902 5763 ὲπίρῥιν
930 5709 944 5723 ν
978 5693 1130 5762 χείλη
1164 5689 1498 5743 ὲπανθοῦντα
1557 5689 1774 5765 ἔχουσα,
1817 5681 1858 5702 ¹’

1817 5681 1858 5702 ¹’
1886 5699 2094 5744 statura
2129 5687 2414 5751 mediocri,
2446 5687 2699 5755 quamvis
2726 5684 2835 5738 sint
2859 5682 2951 5751 qui
2984 5696 3101 5736 eam
3135 5681 3417 5749 aliquantu

242 5790 308 5842 αἱ
363 5789 461 5858 τῆς
533 5789 596 5840 ἐκ
673 5785 778 5840 τῶν
840 5784 1012 5853 λόγων
1079 5782 1412 5852 γλυκύτητος
1496 5781 1770 5852 γέμοντα’

1885 5784 1997 5839 lum
2055 5781 2381 5839 mediocrem
2437 5778 2832 5850 longitudinem
2875 5775 3183 5833 excessisse
3233 5778 3446 5830 dicant.
