4164 6342
688 344 794 409 188

1905 350 2310 412 EPIPHANII
2354 342 2688 411 MONACHI

3841 315 3955 410 tes

691 462 909 518 recenti
942 461 1157 518 dicendi
1191 462 1439 521 libertate
1472 465 1739 522 adversus
1769 467 2021 523 homines
2062 482 2256 523 omnes
2286 472 2330 523 Α
2360 477 2477 522 ιυυι
2506 484 2606 523 son
2635 467 2914 524 extérieur
2938 467 3027 539 (Β.
3069 452 3292 539 Virginis
3318 467 3541 539 scilicet)
3571 466 3664 538 qui
3689 474 3774 522 est
3802 465 3921 522 bell.

687 566 785 606 usa
812 561 916 614 est.
955 552 1074 607 sine
1118 553 1256 618 risu,
1293 554 1412 609 sine
1440 555 1881 624 perturbatione,
1912 565 1966 612 et
1993 558 2113 613 sine
2149 559 2256 612 ira-

684 643 883 698 cundia
916 646 1178 701 maxime.
1201 645 1400 701 Colore
1433 644 1539 701 fuit
1575 649 1822 703 triticum
1849 648 2141 715 referente,
2171 665 2255 704 ca-

684 734 817 803 pillo
856 734 1017 805 ﬂavo,
1053 738 1229 793 oculis
1268 738 1518 804 acribus,
1553 739 1848 806 subﬂavas,
1893 751 1948 797 et
1990 751 2252 812 tanquam

683 829 819 882 oleae
855 829 1043 883 colore
1073 827 1321 913 pupillas
1355 830 1412 886 in
1457 830 1538 887 eis
1574 831 1800 888 habens.
1847 832 2155 903 Supercilia
2203 832 2254 886 ei

681 928 839 973 erant
882 919 1097 985 inﬂexa,
1149 929 1204 976 et
1250 921 1510 979 decenter
1567 924 1756 996 nigra;
1814 939 1982 980 nasus
2018 924 2254 995 longior,

684 1012 831 1066 labia
873 1011 1086 1080 ﬂorida,
1116 1023 1172 1068 et
1198 1016 1494 1071 verborum
1531 1016 1803 1072 suavitate
1851 1017 2008 1087 plena
2038 1033 2052 1082 ;
2085 1016 2253 1071 facies

684 1118 791 1157 non
829 1104 1084 1170 rotunda,
1113 1113 1167 1159 et
1196 1113 1376 1170 acuta,
1412 1107 1507 1162 sed
1534 1107 1815 1177 aliquanto
1849 1107 2093 1176 longior;
2136 1121 2256 1159 ma-

684 1208 794 1249 nus
825 1195 1010 1259 simul,
1041 1203 1095 1250 et
1125 1196 1280 1267 digiti
1320 1199 1620 1267 longiores.
1653 1197 1785 1252 Erat
1818 1199 2055 1269 denique
2083 1196 2259 1253 fastus

681 1286 864 1342 omnis
886 1302 1104 1358 expers,
1135 1289 1390 1360 simplex,
1417 1291 1755 1361 minimeque
1777 1294 1982 1347 vultum
2010 1291 2256 1362 ﬁngens;

682 1377 820 1432 nihil
882 1380 1131 1436 mollitiei
1184 1397 1370 1438 secum
1427 1384 1686 1448 trahens,
1751 1383 1843 1440 sed
1894 1384 2259 1440 humilitatem

681 1476 1090 1543 praecellentem
1121 1478 1310 1533 colens
1345 1495 1360 1545 ;
1391 1480 1758 1547 vestimentis,
1783 1496 1904 1552 quae
1933 1481 2049 1552 ipsa
2077 1488 2262 1551 gesta-

680 1568 780 1629 vit,
805 1568 1006 1623 coloris
1032 1569 1200 1623 nativi
1227 1579 1489 1625 contenta
1513 1572 1618 1626 fuit
1649 1592 1663 1627 :
1700 1571 1753 1627 id
1783 1572 1929 1643 quod
1958 1573 2259 1628 etiamnum

680 1673 932 1714 sanctum
973 1663 1170 1731 capitis
1207 1664 1329 1732 ejus
1361 1665 1611 1719 velamen
1638 1665 1905 1721 ostendit.
1940 1662 2022 1729 Et,
2055 1673 2107 1718 nt
2136 1680 2265 1735 pau-

681 1754 763 1808 cis
790 1755 992 1820 dicam,
1043 1756 1099 1811 in
1138 1757 1301 1813 rebus
1337 1759 1456 1826 ejus
1500 1758 1758 1814 omnibus
1795 1759 1966 1813 multa
1998 1758 2262 1813 divinitus

683 1846 861 1900 inerat
888 1851 1086 1916 gratia.

678 1958 784 2013 Leo
815 1960 1046 2033 Albitius
1086 1962 1142 2014 in
1177 1963 1518 2032 Συμμίκτοις
1555 1963 1691 2017 libro
1735 1980 1772 2027 ι,
1816 1980 1937 2033 pag.
1990 1965 2082 2031 48,
2114 1965 2258 2026 Opu-

923 2031 1128 2084 sculum
1161 2033 1347 2096 edidit,
1385 2034 1522 2102 quod
1552 2035 1626 2087 sic
1659 2031 1970 2088 inscribitur
2003 2052 2020 2089 :

764 2123 1083 2191 Ἑπιφανὶου
1105 2127 1340 2194 μοναχού
1370 2126 1461 2178 τοῦ
1494 2126 1874 2193 Ἀγιοπολὶτου
1897 2126 1991 2178 τοῦ
2015 2143 2259 2196 πνευμα-

678 2213 832 2268 τικοῦ
868 2215 1024 2285 ἡμῶν
1067 2216 1285 2286 Πατρὸς
1313 2217 1586 2288 διήγησις,
1636 2220 1716 2280 εἰς
1765 2236 1935 2272 τυπον
1988 2236 2261 2289 περιηγη-

679 2307 798 2373 τοῦ,
835 2308 1087 2376 περὶτῆς
1119 2311 1344 2380 Συρίας,
1377 2313 1471 2365 καὶ
1513 2315 1612 2382 τῆς
1667 2313 1827 2380 ἁγίας
1878 2313 2107 2377 πόλεως,
2163 2314 2259 2367 καὶ

676 2396 787 2449 τῶν
818 2401 874 2449 ἐν
907 2400 1042 2468 αὐτῇ
1074 2400 1242 2466 ἁγίων
1274 2401 1456 2456 τόπων
1495 2419 1508 2454 :
1549 2402 1833 2472 Epiphanit
1866 2405 2109 2456 monac/ti
2140 2408 2259 2459 Ila-

674 2484 961 2551 giopolitte,
987 2489 1283 2555 spirilualis
1318 2489 1498 2545 Patris
1519 2496 1707 2553 nostri,
1729 2493 1795 2543 ad
1819 2494 2031 2545 modum
2058 2494 2262 2549 descri-

674 2576 871 2642 ptionis
903 2579 1037 2632 situs
1072 2579 1249 2646 Orbis,
1283 2580 1579 2636 Enarratio
1614 2581 1804 2652 Syrica,
1845 2581 1999 2637 Urbis
2036 2595 2252 2652 sancta',

674 2676 724 2719 et
758 2685 1032 2722 sacrorum
1071 2673 1142 2724 ibi
1181 2673 1433 2726 locorum.

675 2759 828 2815 Idem
876 2762 1107 2816 Allatius
1157 2765 1210 2817 in
1269 2765 1628 2890 Diatribagode
1679 2767 1988 2822 Simeonum
2036 2771 2250 2838 scriptis

1337 2851 1463 2890 nan.
1579 2874 1592 2888 .

1337 2851 1463 2904 pag.
1505 2851 1592 2890 νυ.

749 2923 1041 2994 Epiphanii
1076 2929 1334 2980 monachi
1367 2937 1420 2981 et
1471 2929 1775 2999 presbyteri
1826 2929 2062 3000 (Sermo)
2117 2932 2252 3001 Περὶ

673 3019 770 3072 τοῦ
806 3021 921 3090 βίου
965 3023 1057 3075 καὶ
1093 3023 1368 3093 πράξεων,
1398 3029 1492 3077 καὶ
1517 3025 1706 3088 τέλους
1762 3025 1858 3078 τοῦ
1903 3027 2058 3092 ἁγίου
2113 3029 2253 3080 ἀπο-

676 3112 866 3164 στόλου
921 3114 1192 3184 Ἀνδρέοι.›.
1226 3115 1326 3180 (De
1355 3118 1464 3169 rita
1494 3126 1544 3170 et
1580 3119 1760 3185 gestis,
1794 3127 1842 3170 et
1889 3120 2033 3171 obitu
2078 3121 2255 3173 sancti

675 3205 908 3270 apostoli
937 3204 1205 3269 Andrew.)
1253 3208 1448 3277 Incipit
1485 3224 1499 3258 :
1547 3210 1879 3280 Ἐπειδήπερ
1917 3211 2103 3263 πολλοὶ
2133 3213 2256 3265 ἀνε-

673 3295 960 3365 γράψαντο
993 3297 1141 3368 βίους
1185 3299 1474 3369 (Quoniam
1513 3301 1664 3353 multi
1707 3303 2029 3368 scripserunt
2071 3304 2252 3373 vitas.)

1272 3391 1339 3444 Et
1366 3409 1486 3461 pag_
1522 3392 1642 3446 106.

749 3480 1038 3550 Epiphanii
1094 3484 1348 3538 monachi
1392 3493 1446 3539 et
1488 3486 1795 3555 presbyteri
1832 3486 2075 3558 (Sermo)
2117 3489 2254 3558 Περὶ

669 3569 768 3622 τοῦ
822 3570 939 3639 βίου
973 3572 1073 3641 τῆς
1123 3572 1285 3640 ἁγίας
1337 3573 1625 3640 Θεοτόκου,
1657 3576 1750 3627 καὶ
1777 3576 1876 3645 τῆς
1903 3577 2052 3644 ζωῆς
2083 3575 2254 3646 αὐτῆς

672 3661 904 3731 χρόνων.
961 3661 1154 3732 Incipit
1216 3679 1230 3715 :
1293 3664 1428 3734 napi.
1481 3664 1582 3733 τῆς
1626 3665 1829 3736 κυρίως
1883 3668 1976 3718 καὶ
2035 3667 2252 3736 ἀληθῶς

672 3751 938 3804 Θεοτόκου
968 3753 1063 3805 καὶ
1093 3754 1458 3824 ἀειπαρθένου
1504 3757 1725 3825 Μαρίας
1760 3757 1946 3810 πολλοὶ
1970 3759 2252 3829 διεξῆλθον

672 3842 785 3894 τῶν
850 3843 1020 3897 πάλαι
1063 3844 1419 3901 διδασκάλων.
1465 3845 1617 3901 Unde
1657 3864 1755 3902 sua
1809 3851 2073 3916 hauserit,
2133 3852 2261 3921 ipse-

674 3935 732 3988 iu
778 3935 1045 4004 principio
1094 3936 1374 3993 Orationis
1416 3939 1496 3992 sic
1535 3949 1723 3993 narrat
1765 3957 1777 3991 :
1834 3941 2252 4015 ‘nywptaavat

675 4023 732 4077 δὲ
758 4027 930 4096 αὐτῆς
963 4028 1149 4082 πολλοὶ
1175 4032 1238 4083 ἐκ
1261 4031 1368 4082 τῶν
1403 4033 1573 4099 ἁγίων
1608 4037 1883 4107 πατέρωνδ
1928 4077 1941 4092 .
1984 4077 1998 4092 .
2047 4075 2060 4091 .
2105 4075 2121 4093 .

676 4120 1048 4180 Tillemontius
1085 4136 1212 4180 tom.
1252 4126 1281 4178 Ι
1320 4127 1781 4184 Monumentorum
1830 4134 1898 4184 ad
1949 4131 2249 4186 Historiam

741 4193 1176 4270 ecclesiasticam
1205 4201 1574 4265 spectantium,
1622 4217 1745 4270 pag.
1785 4201 1874 4264 70,
1930 4204 1982 4256 in
2022 4202 2144 4255 Vita
2181 4202 2245 4255 Β.

745 4262 944 4319 Mariae
977 4265 1228 4335 Virginis.

746 4351 1051 4426 Nicéphore
1084 4358 1186 4413 lirc
1212 4359 1341 4414 d‘un
1375 4361 1654 4431 npiphane
1682 4380 1789 4420 une
1819 4365 2153 4436 description
2182 4365 2248 4421 de

2359 569 2414 616 et
2444 570 2812 633 avantageuse
2845 563 2890 616 si
2923 563 3028 617 elle
3059 563 3226 618 estoit
3263 562 3442 616 mieux
3486 559 3797 617 autorisée.
3832 559 3942 614 Car

2361 653 2397 707 il
2428 670 2458 724 y
2485 670 2516 708 a
2543 653 2668 708 bien
2697 654 2764 708 de
2790 655 3131 726 l’appa’rence
3181 655 3345 725 qu’on
3383 653 3453 708 l’a
3502 653 3759 725 depeinte
3810 652 3941 707 telle

2360 749 2530 816 qu’on
2559 763 2587 801 a
2609 746 2737 817 jugé
2762 746 2962 818 qu’elle
2994 746 3177 802 devoit
3204 755 3372 803 estre.
3407 747 3553 801 Pour
3591 761 3655 801 ce
3698 745 3827 816 qu‘il
3851 744 3935 820 dit

2361 838 2431 892 de
2465 852 2566 893 son
2602 839 2824 910 visage,
2879 838 2914 893 il
2945 839 3012 893 l’a
3065 854 3140 908 pu
3193 839 3329 893 tirer
3367 839 3439 894 du
3489 839 3725 910 portrait
3775 837 3944 908 qn'un

2364 931 2633 986 historien
2668 931 2741 986 du
2782 949 2831 985 vl
2863 931 3029 987 siecle
3067 932 3146 985 dit
3178 947 3285 1002 que
3318 930 3377 985 S.
3413 930 3528 986 Luc
3555 947 3622 985 en
3653 932 3794 986 avoit
3820 929 3946 998 fait,

2361 1035 2414 1078 et
2440 1026 2606 1095 qu‘on
2631 1039 2841 1090 envoya
2871 1025 2939 1080 de
2970 1023 3282 1080 Jerusalem
3308 1024 3339 1079 ὲ
3367 1023 3690 1094 Pulquerie.

2362 1184 2598 1240 Joannes
2641 1185 2887 1240 Albertus
2939 1183 3225 1239 Fabricius
3267 1184 3323 1237 in
3354 1183 3685 1238 Bibliotheca
3732 1181 3944 1250 Gra'ca,

2895 1255 2995 1311 vol.
3030 1255 3085 1322 6,
3113 1272 3238 1326 pag.
3282 1253 3406 1310 705.

2439 1415 2727 1487 Epiphanii
2768 1413 3021 1468 monachi
3078 1428 3144 1469 ac
3189 1412 3496 1485 presbyteri
3549 1411 3943 1484 llagiopolitze,

2365 1510 2482 1566 sive
2537 1507 3054 1579 Hierosolymitani,
3101 1508 3324 1562 incertae
3384 1508 3599 1573 uitatis,
3649 1505 3840 1577 Syria,
3892 1513 3944 1560 et

2371 1604 2501 1659 Urbs
2566 1612 2776 1663 sancta.
2810 1602 2999 1656 Graece
3037 1615 3068 1656 e
3111 1601 3304 1656 codice
3345 1600 3630 1666 Vaticano,
3670 1617 3793 1657 cum
3843 1599 3945 1656 Fe-

2367 1695 2538 1751 derici
2571 1695 2784 1750 Morelli
2825 1696 3082 1750 versione
3123 1709 3221 1763 per
3268 1695 3528 1750 Allatium
3585 1695 3769 1748 multis
3809 1693 3950 1749 locis

2296 1811 2340 1866 Β
2369 1787 2715 1858 interpolata.
2746 1785 3001 1857 Ejusdem
3036 1786 3322 1857 scriptoris
3357 1785 3428 1840 De
3469 1769 3585 1841 Vita
3615 1783 3674 1843 S.
3705 1783 3948 1853 Deipara

2367 1880 2556 1936 laudat
2593 1879 2829 1934 Allatius
2862 1877 2930 1934 de
2957 1878 3274 1933 Simeonum
3303 1877 3525 1948 scriptis
3559 1893 3614 1946 p.
3651 1876 3775 1940 l06,
3801 1886 3854 1930 et
3876 1876 3947 1930 ad

2366 1971 2639 2027 Eustathii
2669 1969 3046 2025 Hexaemeron
3079 1984 3203 2039 pag.
3235 1968 3343 2024 285
3390 1983 3506 2036 seq.
3556 1966 3848 2020 Ilomiliam
3880 1967 3947 2022 de

2364 2065 2423 2120 S.
2456 2064 2669 2118 Andrea
2705 2061 2964 2132 apostolo,
3007 2061 3150 2116 idem
3184 2061 3252 2115 de
3290 2059 3665 2124 Simeonibus,
3697 2074 3819 2129 pag.
3853 2059 3946 2114 90.

2364 2199 2637 2264 Codicem,
2670 2215 2771 2265 quo
2802 2214 2928 2251 usus
2965 2213 3103 2255 sum,
3135 2196 3326 2265 quique
3356 2195 3453 2249 hoc
3489 2194 3781 2264 Epiphanii
3807 2211 3946 2261 opu-

2433 2271 2640 2323 sculum
2686 2270 2861 2336 habet;
2885 2284 3006 2336 pag.
3057 2266 3186 2326 237.
3221 2269 3299 2319 sic
3338 2267 3593 2331 descripsi
3631 2274 3832 2335 egomet
3881 2266 3944 2330 in

2436 2340 2678 2407 Epistula
2699 2339 2766 2390 ad
2790 2334 3067 2407 .Egidium
3097 2337 3314 2404 fratrem
3336 2334 3803 2407 meum,Bononi¢§
3835 2336 3944 2388 im-

2431 2403 2613 2478 pressa
2639 2424 2777 2478 anno
2806 2403 2962 2468 I770,
2986 2403 3103 2460 cum
3133 2407 3389 2478 ineditnm
3495 2405 3733 2475 Gregorii
3761 2403 3944 2459 Thais-

2435 2475 2670 2547 maturgi
2705 2475 3013 2532 Sermonem
3039 2478 3092 2529 in
3127 2475 3290 2529 lucem
3321 2477 3633 2546 proferrem.

2432 2616 2640 2671 Horum
2702 2627 2832 2685 ergo
2884 2610 3136 2666 codicum
3195 2609 3507 2680 (Naniana:
3555 2611 3941 2682 Bibliotheca;

2362 2723 2554 2772 unum,
2596 2700 2688 2774 qui
2727 2719 2873 2758 nunc
2908 2703 2977 2756 22
3017 2711 3126 2766 est,
3157 2703 3286 2758 dum
3325 2705 3637 2759 evolverem
3664 2741 3681 2770 ,
3709 2705 3761 2759 in
3790 2704 3941 2758 illam

2359 2799 2525 2856 incidi
2560 2796 3037 2865 scr-iptiunculam,
3074 2796 3141 2851 de
3171 2812 3277 2865 qua
3314 2800 3568 2866 superius
3604 2812 3945 2852 commemo-

2358 2891 2571 2946 rabam.
2608 2887 2991 2942 Membrancus
3025 2888 3069 2942 is
3100 2895 3205 2953 est,
3240 2903 3302 2942 ea
3335 2890 3781 2943 membranarum
3814 2904 3937 2943 ma-

2358 2983 2639 3055 gnitudine
2670 2988 2729 3034 ut
2760 2993 3099 3048 unaquaeque
3126 2994 3188 3033 ex
3226 2981 3476 3034 ducentis
3511 2979 3808 3051 nonaginta
3839 2981 3942 3034 tri-

2360 3077 2464 3131 bus
2495 3071 2724 3132 chartis,
2760 3069 2963 3138 quibus
3018 3068 3244 3122 omnino
3276 3079 3530 3135 constat,
3567 3085 3689 3124 cum
3738 3079 3935 3140 quarta

2280 3161 2325 3221 C
2360 3165 2658 3223 mediocris
2696 3161 2811 3219 folii
2858 3172 3014 3234 parte
3067 3162 3335 3217 nostratis
3379 3162 3583 3217 chartae
3630 3178 3698 3218 ex
3749 3163 3938 3230 lineis,

2357 3260 2668 3329 vilibusque
2702 3259 2905 3314 scrutis
2929 3253 3199 3313 confectae
3221 3261 3558 3324 exaequetur.
3594 3255 3795 3311 llarum
3823 3257 3942 3326 ple-

2359 3370 2567 3424 raeque,
2625 3355 2734 3408 imo
2779 3353 2951 3408 ferme
3007 3367 3271 3407 omnes...
3330 3352 3650 3422 quingentis
3711 3353 3939 3408 circiter

2359 3457 2486 3503 ante
2526 3448 2687 3502 annis
2727 3456 2967 3502 exarata:
2999 3453 3147 3511 sunt,
3183 3447 3279 3500 sed
3322 3447 3390 3501 ab
3421 3447 3761 3515 exscriptore
3792 3445 3928 3500 adeo

2357 3539 2504 3604 rudi,
2541 3548 2597 3594 ut
2626 3538 2759 3594 nihil
2786 3539 3082 3593 admodum
3121 3539 3250 3608 quid
3280 3538 3543 3593 scriberet
3601 3537 3936 3593 intellexisse

2357 3630 2700 3685 videatur....
2731 3628 2902 3685 Totus
2929 3637 3110 3684 autem
3131 3629 3304 3684 codex
3336 3644 3366 3683 e
3401 3629 3575 3695 libris,
3603 3643 3740 3698 quos
3763 3628 3932 3683 eccle-

2355 3725 2601 3778 siasticos
2635 3737 2917 3788 vocamus,
2957 3738 3102 3777 unus
3134 3732 3257 3778 est:
3285 3738 3449 3793 quem
3488 3721 3670 3777 Latini
3708 3723 3932 3792 quidem

2356 3816 2666 3871 sacerdotes
2693 3814 3078 3868 Homiliarium
3109 3814 3373 3880 dicereut,
3393 3812 3567 3868 Graeci
3595 3829 3723 3868 vero
3756 3814 3937 3882 Πανη-

2353 3905 2582 3976 γυρικὸν
2615 3905 2910 3975 appellant.
2953 3904 3097 3959 Nihil
3134 3919 3370 3974 namque
3402 3903 3547 3958 aliud
3577 3918 3641 3959 eo
3683 3903 3934 3958 contineo

2355 4009 2479 4065 tur,
2514 3998 2621 4052 nisi
2664 4008 2868 4067 septem
2921 4007 2974 4051 et
3030 3996 3392 4067 quadraginta
3446 3997 3562 4050 sive
3611 3995 3928 4059 Orationes,

2353 4089 2469 4145 sive
2518 4087 2865 4141 uomitum...
2921 4099 3152 4156 quarum
3206 4087 3487 4140 nonnullae
3528 4085 3748 4155 quidem
3800 4092 3932 4140 sunt

2353 4181 2738 4250 ἀνεπίγραφοι,
2758 4188 2967 4235 cane-ra:
3001 4189 3182 4234 autem
3210 4178 3475 4250 Gregorio
3509 4177 3930 4234 Nazianzeno...

2353 4273 2661 4343 Epiphanio
2707 4271 2981 4328 monacho
3028 4285 3094 4326 ac
3144 4271 3509 4343 presbytero,
3562 4281 3616 4326 ct
3653 4270 3932 4327 Germano

2351 4367 2609 4436 episcono
2639 4365 3253 4437 Constantinopolitano
3286 4366 3682 4425 inscribuntur.
