4148 6334
668 401 763 465 2H

1913 400 2316 466 ΕΡΙΡΠΑΝΙΙ
2357 401 2708 464 MONACHI

3835 399 3949 464 212

671 494 916 548 citationi
965 496 1248 576 virtutum,
1304 503 1357 551 et
1411 494 1925 565 genuflexionibus;
1978 511 2124 560 nam,
2181 505 2249 564 ut,

2354 493 2550 562 ἑαυτὴν
2574 496 2640 564 τῇ
2677 494 2913 563 ἀσκήσει
2943 496 3036 547 καὶ
3063 495 3180 559 ταῖς
3212 496 3610 565 γονυκλισῖαις·
3647 494 3722 558 ὣς
3764 508 3941 562 φησιν

673 584 749 640 ait
832 589 1081 644 Andreas
1178 587 1714 658 Hierosolymitanus
1802 589 2251 660 archiepiscopus

672 679 845 735 Cretae
871 681 1008 751 (68),
1072 699 1245 753 usque
1285 681 1352 735 ad
1407 680 1736 737 hodiernum
1790 682 1932 739 diem
1989 683 2249 740 cavitates

672 787 913 841 gctutttm
947 775 1116 844 ipsius
1165 775 1217 827 in
1268 775 1635 829 marmoribus
1666 786 1868 832 sanctae
1903 777 2033 832 Sion
2069 786 2250 833 osten-

674 865 879 919 duntur
912 885 924 919 :
959 874 1012 920 et
1041 866 1202 919 situm
1233 865 1682 922 reclinationisin
1711 868 1907 938 lapide,
1940 870 2028 925 ubi
2058 885 2248 949 parum

675 956 944 1009 naturalis
972 954 1452 1025 somnicapiebat,
1507 961 1987 1029 prosequebantur
2044 960 2250 1014 honore

673 1057 725 1101 et
771 1048 969 1101 timore
1014 1038 1209 1102 omnEs
1260 1049 1538 1117 homines,
1584 1062 1638 1106 et
1688 1053 2103 1121 gloriﬁcahatur
2142 1068 2248 1108 non

674 1136 850 1190 solum
873 1151 903 1189 a
928 1135 1201 1201 ﬁdelibus,
1222 1137 1316 1193 sed
1340 1152 1366 1190 a
1393 1139 1599 1196 Iudaeis
1625 1161 1638 1196 :
1663 1149 1718 1195 et
1735 1143 1919 1198 nullus
1938 1142 2246 1197 Iuda-orum

671 1230 945 1300 princeps.
983 1241 1077 1283 aut
1108 1230 1424 1286 Grincomm
1454 1233 1690 1288 audebat
1725 1235 1855 1303 quid
1899 1250 2139 1304 unquam
2183 1235 2249 1288 de

671 1326 761 1379 illa
786 1325 992 1390 dicere,
1025 1334 1119 1380 aut
1150 1326 1595 1396 appropinquare
1650 1328 1859 1392 domui,
1908 1330 1962 1384 in
1994 1343 2101 1398 qua
2133 1328 2247 1398 ipsa

670 1425 968 1472 manserat.
1041 1417 1171 1472 Sion
1235 1433 1384 1481 vero,
1431 1428 1490 1475 et.
1540 1418 1894 1474 Gethsemani
1955 1420 2092 1474 idem
2145 1426 2247 1474 est.

668 1509 873 1566 Multos
925 1518 1107 1565 autem
1160 1511 1406 1565 inlirmos
1467 1509 1720 1575 sanabat,
1783 1518 1838 1564 et
1901 1511 2161 1565 obsessos
2220 1525 2249 1564 a

667 1601 1014 1657 daemonibus
1061 1601 1362 1657 immundis
1413 1601 1686 1656 liberabat
1715 1620 1728 1656 :
1761 1602 2164 1672 eleemosynas,
2198 1609 2252 1656 et

668 1709 861 1748 curam
906 1694 958 1747 in
993 1709 1289 1763 pauperes,
1339 1704 1394 1748 et
1428 1692 1622 1747 viduas
1662 1692 2009 1749 conferebat.
2053 1693 2250 1749 Nullus

665 1801 797 1840 vero
821 1804 851 1842 e
884 1786 1176 1840 duodecim
1209 1786 1477 1854 aposmlis
1513 1786 1715 1841 missus
1737 1795 1842 1853 est,
1895 1797 1996 1842 aut
2020 1788 2251 1842 recessit

667 1877 736 1932 ab
761 1892 824 1932 ea
855 1876 1100 1946 quandiu
1140 1869 1257 1945 ipsa
1296 1876 1452 1931 vixit.
1496 1877 1649 1943 Quin
1695 1883 1752 1931 et
1801 1878 1854 1930 in
1915 1877 2250 1948 lapidatione

668 1968 1099 2039 protomartyris
1136 1968 1426 2039 Stephani,
1457 1985 1578 2038 qua:
1603 1970 1836 2040 contigit
1863 1982 2068 2039 septem
2097 1972 2254 2027 annis

671 2067 795 2128 post
851 2059 1056 2116 Christi
1105 2060 1540 2126 Ascensiouem,
1575 2061 1776 2132 cuncti,
1823 2060 2076 2131 dispersi
2124 2071 2254 2118 sunt

671 2151 1015 2214 praeterillos
1048 2151 1361 2208 duodecim.
1406 2149 1475 2205 Et
1514 2151 1788 2206 habebant
1839 2151 2101 2206 Jacohum
2147 2153 2254 2207 fra-

668 2256 806 2300 trem
861 2245 1078 2301 Domini
1122 2257 1182 2302 ut
1233 2247 1466 2317 primum
1496 2247 1634 2317 (69).
1668 2255 1724 2301 et
1779 2247 1896 2302 sine
1951 2249 2069 2316 ipso
2117 2248 2252 2302 nihil

672 2337 969 2393 faciebant.
995 2337 1251 2394 Mulieres
1283 2353 1413 2393 vero
1440 2354 1505 2392 ex
1542 2338 1775 2394 diversis
1812 2339 2112 2407 provinciis
2152 2355 2249 2393 uo-

669 2424 806 2478 biles
843 2439 966 2477 cum
997 2423 1227 2494 Deipara
1276 2435 1464 2492 erant,
1494 2426 1615 2480 aliae
1644 2425 1865 2494 quidem
1899 2441 1926 2478 a
1964 2426 2252 2494 spiritibus

670 2514 969 2570 immundis
999 2515 1261 2577 liberata,
1294 2515 1413 2569 alia
1455 2531 1587 2570 vero
1621 2517 1781 2571 Iidem
1818 2517 2078 2583 amplexae
2111 2517 2246 2587 (70),

668 2608 815 2662 luter
845 2608 942 2661 has
972 2616 1088 2661 erat
1120 2607 1282 2661 etiam
1320 2623 1456 2662 uxor
1487 2608 1661 2675 Pauli,
1701 2619 1755 2662 ut
1785 2610 2005 2678 quidam
2035 2609 2246 2668 dicunt.

741 2698 930 2752 XXIII.
970 2697 1292 2769 Hippolytus
1320 2710 1501 2754 autem
1542 2699 1838 2756 Thebanus
1874 2700 1990 2772 (Ἠ)
2037 2709 2248 2767 narrat,

665 2804 786 2840 eam
813 2789 1019 2844 vixisse
1059 2805 1233 2845 annos
1264 2791 1490 2844 omnino
1513 2791 1614 2857 59;
1655 2806 1754 2846 nos
1779 2806 1907 2846 vero
1937 2791 2249 2848 invenimus

671 2895 792 2934 eam
856 2880 1065 2934 diutius
1120 2881 1347 2936 vixisse.
1408 2881 1596 2950 Itaque
1651 2883 1946 2952 prmdictus
2002 2884 2250 2938 Andreas

668 2967 961 3034 episcopus
1019 2967 1196 3022 Cretae
1246 2984 1313 3022 ex
1384 2968 1684 3025 traditione
1751 2971 1850 3034 ait.
1894 2971 2067 3040 ipsam
2129 2988 2252 3041 per-

667 3058 884 3113 venisse
914 3058 977 3113 ad
1014 3074 1266 3129 magnam
1313 3069 1653 3115 senectutem
1693 3078 1706 3114 :
1745 3069 1799 3114 at
1847 3062 2245 3132 quinquaginta

2365 586 2621 659 Ἀνδρέας
2656 587 2763 641 ἀπὸ
2803 586 3198 659 Ἰεροσολύμων
3223 589 3660 659 ἀρχιεπίσκοπος
3683 586 3944 656 Κρήτηςν

2351 679 2434 732 ὅτι
2471 681 2632 750 μέχρι
2669 681 2763 733 καὶ
2793 679 2889 730 νῦν
2917 679 2986 735 τὰ
3019 680 3335 749 κοιλώματα
3364 681 3472 734 τῶν
3494 681 3739 745 γονάτων
3765 676 3941 745 αὐτῆς

2353 773 2411 825 ἐν
2443 773 2556 836 τοῖς
2581 771 2918 841 μαρμαρίοις
2949 771 3048 838 τῆς
3067 772 3231 837 ἀγίας
3257 771 3396 825 Σιών
3412 773 3550 823 εἰσιν
3575 768 3933 837 δεικνύμενα’

2353 864 2444 916 καὶ
2471 864 2504 934 ἡ
2531 864 2818 926 ἀνάκλισις
2876 863 2970 914 ἐπὶ
3008 862 3100 916 τοῦ
3153 863 3327 928 λίθου,
3387 864 3523 916 ὅπου
3560 862 3653 915 τὸν
3705 859 3927 929 φυσικὺκ

2353 957 2524 1011 ὕπνον
2575 959 2771 1028 μικρὸν
2831 956 3261 1026 μετελάμϐανεν,
3314 957 3489 1026 τιμήν
3520 972 3582 1008 τε
3617 958 3712 1010 καὶ
3769 953 3935 1021 φόϐον

2352 1047 2498 1121 εῖχεν
2536 1051 2692 1122 παρά
2727 1053 2933 1112 πάντας
2985 1049 3330 1119 ἀνθρώπους,
3357 1050 3451 1102 καὶ
3480 1049 3661 1114 δόξαν,
3684 1049 3743 1100 οὐ
3777 1047 3940 1116 μόνον

2352 1144 2505 1213 παρά
2540 1144 2772 1205 πιστῶν,
2803 1143 2938 1197 ἀλλά
2967 1143 3061 1196 καὶ
3109 1141 3262 1210 παρὰ
3283 1141 3582 1193 Ἰουδαίωνο
3624 1141 3718 1194 καὶ
3751 1139 3932 1201 οὐδεὶς

2353 1237 2557 1306 ἐτόλμα
2612 1240 2720 1291 τῶν
2751 1238 3022 1292 Ἰουδαίων
3063 1237 3247 1306 ἄρχων
3298 1234 3330 1303 ἢ
3368 1233 3643 1303 Ἑλλήνων
3701 1233 3936 1301 λαλῆσαι

2355 1330 2488 1396 περὶ
2545 1331 2714 1401 αὐτῆς
2740 1332 2817 1384 ’τί
2851 1348 2997 1392 ποτε,
3038 1329 3073 1400 ἢ
3103 1328 3560 1398 προσεγγίσαιτῇ
3603 1327 3756 1397 οίκίᾳ
3806 1325 3937 1379 ἔνθα

2352 1422 2657 1491 κατέμενεν
2683 1441 2696 1455 ·
2735 1424 2873 1476 Σιὼν
2900 1423 2956 1477 δέ
3006 1421 3103 1474 καὶ
3133 1419 3464 1491 Γεθσημανῆ
3499 1420 3559 1472 τὸ
3590 1418 3726 1472 αὐτὸ
3763 1420 3937 1471 ἐστιν’

2358 1513 2528 1575 ἰάσεις
2555 1511 2613 1564 δὲ
2649 1511 2851 1574 πολλάς
2905 1511 3236 1565 ἐπιτελοῦσα
3282 1513 3398 1573 τοῖς
3444 1507 3790 1570 ἀσθενοῦσιν,
3842 1507 3941 1560 καὶ

2353 1603 2752 1674 δαιμονιῶντας
2807 1604 3171 1674 ἐλευθεροῦσα.
3223 1602 3335 1656 τῶν
3394 1600 3746 1670 ἀκαθάρτων,
3782 1599 3940 1669 ἐλεη-

2358 1697 2599 1766 μοσύνας
2633 1714 2689 1749 τε
2722 1697 2818 1750 καὶ
2855 1696 3197 1766 ἐπιμελείας,
3242 1698 3321 1759 είς
3365 1695 3490 1758 τοὺς
3549 1693 3802 1762 πτωχοὺς
3848 1691 3951 1746 καὶ·

2281 1790 2449 1885 ετάς
2487 1791 2681 1860 χήρας.
2734 1788 2925 1850 Οὐδεὶς
2955 1787 3011 1840 δὲ
3077 1788 3186 1839 τῶν
3220 1786 3432 1840 δώδεκα
3480 1784 3802 1838 ἀποστόλων
3827 1782 3938 1836 ἀπ-

2356 1882 2557 1952 εστάλη
2591 1882 2623 1951 ἢ
2663 1881 2937 1952 ἐχωρίσθη
2971 1881 3142 1950 αὐτῆς
3181 1882 3237 1934 ἐν
3265 1882 3331 1951 τῇ
3371 1880 3482 1949 ζωῇ
3518 1879 3691 1948 αὐτῆς
3727 1894 3740 1906 ·
3801 1876 3948 1930 ἀλλά-

2355 1975 2451 2028 mi.
2480 1977 2536 2027 ἐν
2568 1977 2634 2044 τῇ
2661 1973 2939 2044 λιθοϐολίᾳ
2976 1972 3070 2025 τοῦ
3105 1973 3582 2042 πρωτομάρτυρος
3631 1970 3936 2037 Στεφάνου,

2354 2065 2478 2135 ἥτις
2510 2065 2739 2132 γέγονεν
2799 2065 2939 2133 μετά
2993 2063 3133 2115 ἐπτὰ
3162 2062 3256 2131 ἔτη
3309 2063 3412 2130 τῆς
3451 2060 3776 2130 ἀναλήψεως
3805 2059 3925 2126 Χριο

2357 2155 2506 2218 στοῦ,
2560 2154 2764 2217 πάντες
2827 2154 3204 2222 διεσπάρησαν
3251 2152 3389 2222 πλὴν
3437 2152 3544 2205 τῶν
3572 2151 3803 2204 δώδεκα·
3846 2149 3938 2202 xui

2355 2242 2501 2314 εἴχον
2523 2245 2614 2299 τὸν
2638 2245 2899 2300 Ἰάκωϐον
2928 2244 3018 2298 τὸν
3051 2245 3280 2312 ἀδελφὸν
3305 2243 3399 2297 τοῦ
3453 2243 3657 2313 Κυρίου
3693 2244 3934 2313 πρῶτον,

2355 2336 2452 2389 καὶ
2511 2336 2682 2407 χωρὶς
2739 2335 2912 2388 αὐτοῦ
2966 2335 3188 2388 ἐποίουν
3241 2335 3414 2388 οὐδέν.
3462 2335 3728 2395 Γυναῖκες
3787 2332 3843 2386 δέ
3875 2332 3951 2385 ἐκ·

2354 2427 2631 2497 διαφόρων
2662 2425 2940 2494 ἐπαρχιῶν
2967 2421 3114 2496 ἦσαν
3149 2427 3248 2479 σὺν
3288 2429 3348 2496 τῇ
3381 2426 3631 2496 Θεοτόκῳ
3662 2427 3929 2493 εὐγενεῖς·

2356 2521 2413 2572 αἱ
2449 2519 2570 2588 μὲν,
2605 2519 2669 2570 ἐκ
2702 2515 3030 2586 πνευμάτων
3062 2517 3414 2586 ἀκαθάρτων·
3449 2517 3603 2570 ἄλλαι
3634 2518 3689 2570 δὲ
3734 2516 3936 2569 πίστειο

2353 2610 2414 2662 ἐν
2470 2590 2561 2669 αἷς
2585 2603 2652 2678 ἦν
2687 2607 2781 2660 καὶ
2809 2608 2842 2676 ἡ
2875 2606 3011 2678 γυνὴ
3072 2602 3312 2669 Παυλου,
3373 2605 3447 2670 ὥς
3482 2625 3628 2670 τινες
3660 2608 3956 2675 λέγουσινη

2425 2701 2552 2755 Kl".
2574 2700 2903 2763 Ἱππόλυτος
2929 2700 2985 2753 δὲ
3017 2702 3042 2752 6
3068 2700 3306 2770 Θηϐαῖος
3335 2700 3558 2769 ἱστορεῖ.
3595 2702 3938 2769 πεντήκοντα

2353 2793 2509 2848 ἐννέα
2540 2793 2634 2862 ἔτη
2665 2792 2734 2846 τὰ
2792 2791 2973 2846 πάντα
3036 2791 3207 2860 αὐτὴν
3258 2791 3421 2860 σαρκὶ
3461 2789 3644 2861 βιοῦν·
3699 2793 3864 2861 ἡμεῖς
3883 2789 3951 2843 δέ

2352 2886 2688 2956 εὑρίσκομεν
2778 2882 2986 2938 πλεῖον.
3047 2881 3309 2952 Ἀνδρέας
3373 2877 3465 2937 οῦν
3515 2883 3542 2934 6
3599 2881 3937 2953 προρρηθεὶς

2352 2976 2649 3040 ἐπίσκοπος
2699 2976 2948 3047 Κρήτης,
2981 2976 3043 3027 ἐκ
3087 2974 3440 3045 παραδόσεως
3489 2974 3639 3042 λέγει
3692 2974 3770 3036 είς
3802 2971 3952 3043 βαθὺ.

2352 3067 2532 3138 γῆρας
2579 3066 2754 3136 αὐτὴν
2809 3065 3187 3134 καταντῆσαι·
3258 3065 3447 3119 ἕνεκεν
3473 3065 3530 3117 δὲ
3595 3065 3950 3135 πεντήκοντα..

670 3163 862 3202 novem
897 3149 1025 3202 anui
1057 3165 1165 3203 non
1201 3149 1414 3204 faciunt
1459 3165 1710 3219 magnam
1743 3161 2100 3207 senectutem.
2141 3150 2244 3207 Sed

2354 3160 2511 3215 ἐννέα
2535 3157 2673 3211 ἐτῶν
2730 3157 2866 3225 βαθὺ
2926 3156 3130 3228 γῆρας
3166 3157 3265 3210 οὐκ
3297 3158 3466 3211 ἐστιν.
3503 3157 3600 3212 Διὰ
3634 3157 3815 3221 δὲτὰς
3845 3174 3940 3212 ταν

668 3248 889 3309 propter
949 3241 1392 3309 perturbationes
1448 3257 1608 3296 nemo
1652 3242 1871 3311 scripsit
1921 3259 2008 3299 res
2070 3245 2246 3312 illius;

669 3331 881 3386 scilicet
914 3332 984 3387 ob
1014 3332 1376 3401 direptionem
1420 3332 1836 3402 Hierosolymae,
1873 3347 1993 3401 quae
2021 3334 2250 3405 contigit

669 3425 860 3494 viginti
912 3435 1037 3479 octo
1092 3425 1252 3478 annis
1299 3431 1425 3493 post
1472 3423 1676 3478 Christi
1736 3423 2161 3491 Ascensi‘ouem;
2199 3433 2253 3481 et

671 3517 1083 3586 apostolijuxta
1111 3516 1291 3586 angeli
1341 3515 1662 3570 mandatum
1707 3525 1977 3570 venerunt
2007 3516 2062 3570 in
2115 3517 2252 3572 civi-

671 3620 838 3664 tatem
869 3611 1094 3665 nomine
1133 3609 1376 3673 Pellam;
1411 3608 1491 3662 sic
1528 3608 1674 3662 enim
1715 3624 1776 3662 ea
1819 3618 2070 3664 vocatur.
2120 3609 2248 3664 Dio-

669 3703 860 3775 nysius
914 3717 1042 3756 vero
1097 3701 1427 3771 Areopagita
1461 3700 1581 3768 (72)
1631 3700 1766 3754 dicit
1820 3716 1878 3755 se
1930 3701 2248 3759 interfuisse

669 3793 988 3848 dormitioni
1030 3792 1273 3861 Deiparae
1305 3806 1412 3846 una
1453 3807 1576 3846 cum
1611 3790 1918 3857 Timetheo,
1965 3800 2018 3848 et
2052 3792 2246 3848 Hiero-

671 3884 818 3945 theo,
856 3891 910 3938 et
944 3884 1091 3937 aliis.
1126 3883 1193 3936 Hi
1224 3891 1405 3937 autem
1439 3891 1598 3937 erant
1630 3882 1886 3952 discipuli
1931 3883 2078 3937 Pauli
2111 3903 2124 3939 :
2154 3886 2245 3955 qui

670 3985 791 4042 post
822 3990 916 4028 sex
973 3990 1169 4039 annos,
1229 3983 1282 4029 ct
1342 3974 1631 4029 dimidium
1678 3975 1994 4046 baptizatus
2039 3987 2149 4041 est,
2195 3989 2249 4034 et

671 4075 796 4134 post
828 4073 940 4122 tres
970 4081 1144 4121 annos
1188 4067 1357 4135 coepit
1405 4067 1726 4137 praedicare,
1779 4077 1832 4122 et
1879 4077 2008 4137 post
2055 4084 2246 4124 novem

673 4174 847 4214 annos
903 4160 1234 4229 discipulum
1293 4161 1482 4215 habuit
1533 4161 1874 4231 Dionysiuml
1931 4161 2020 4214 Ait
2067 4171 2246 4216 autem

674 4253 865 4306 beatus
898 4249 1125 4314 Paulus,
1162 4266 1221 4307 se
1253 4265 1376 4320 ροει
1407 4251 1596 4320 viginti
1645 4265 1816 4305 annos
1847 4249 2166 4304 ascendisse
2195 4253 2249 4304 in

669 4344 970 4398 Jerusalem
1011 4343 1301 4397 secundum
1342 4342 1711 4398 reuelationem
1738 4342 1781 4372 "
1827 4339 1979 4412 (75);
2013 4349 2066 4393 et
2100 4341 2254 4396 inve-

2355 3252 2526 3323 ραχάς
2551 3251 2733 3313 οὐδεὶς
2761 3250 3145 3319 συνεγράψατο
3183 3249 3252 3302 τὰ
3281 3249 3411 3321 περὶ
3436 3250 3609 3318 αὐτῆς
3641 3265 3676 3282 ·’
3719 3250 3937 3314 πάντως

2349 3344 2439 3397 διὰ
2471 3343 2568 3412 τὴν
2617 3343 2889 3398 ἀνάλωσιν
2951 3342 3051 3411 τῆς
3097 3341 3480 3412 Ἰερουσαλὴμ,
3527 3341 3652 3411 ἦτις
3713 3342 3939 3411 γέγονεν

2354 3433 2494 3502 μετά
2526 3433 2705 3486 εἴκοσι
2754 3428 2899 3483 ὀκτὼ
2927 3429 3023 3499 ἐτη
3051 3431 3148 3498 τῆς
3180 3426 3420 3504 Χριστοῦ
3443 3428 3775 3504 ¹ἀναλήψεως
3798 3445 3812 3460 ·
3844 3428 3940 3481 καλ⁶

2351 3526 2402 3579 oi
2434 3524 2722 3578 ἀπόστολοι
2756 3523 3050 3588 ἐξάραντες
3085 3521 3193 3574 ἀπὸ
3241 3518 3602 3588 Ἰερουσαλὴμ
3629 3521 3750 3571 κατ’
3796 3522 3923 3572 ἐπι·

2353 3614 2526 3685 ταγὴν
2559 3613 2793 3682 ἀγγέλου
2823 3608 2988 3684 ἦλθον
3017 3611 3095 3673 είς
3118 3610 3270 3663 πόλιν
3306 3610 3532 3677 ὀνόματι
3554 3609 3765 3662 Πέλλαν
3796 3610 3944 3662 οὕτω

2355 3705 2936 3779 προσαγορευομένην.
3007 3701 3285 3761 Διονύσιος
3342 3700 3397 3752 δέ
3446 3702 3473 3752 6
3537 3699 3940 3770 ’Δρεοπαγίτης

2354 3799 2503 3865 λέγει
2529 3796 2786 3866 παρεῖναι
2812 3795 2894 3854 είς
2932 3791 3029 3862 τὴν
3067 3791 3332 3859 κοίμησιν
3381 3789 3554 3856 αὐτῆς
3595 3789 3736 3857 μετά
3768 3790 3937 3860 Τιμο.

2357 3887 2509 3948 θέου,
2554 3885 2650 3938 καὶ
2678 3880 2968 3953 Ἱεροθέου,
3003 3878 3097 3932 καῖ
3129 3877 3333 3946 ἐτέρων
3354 3892 3367 3907 ο
3406 3873 3632 3938 τούτους
3654 3875 3708 3927 δὲ
3731 3875 3937 3946 ἐμαθή-

2356 3994 2546 4031 τευσεν
2576 3979 2604 4029 6
2633 3975 2787 4043 ἅγιος
2855 3971 3088 4035 Παῦλος,
3154 3970 3303 4030 ὅστις
3363 3965 3500 4033 μετά
3525 3965 3585 4029 ἒξ
3639 3966 3813 4035 ἥμισυ
3843 3964 3939 4035 ἐτη

2357 4067 2686 4137 ἐϐαπτίσθη,
2723 4066 2818 4120 καὶ
2847 4066 2983 4133 μετά
3011 4064 3137 4134 τρία
3164 4061 3257 4130 ἐτη
3289 4059 3495 4130 ἧρξατο
3520 4057 3615 4111 τοῦ
3646 4057 3939 4128 κηρύγμα-

2359 4175 2472 4222 τος·
2498 4159 2593 4212 καὶ
2628 4158 2765 4227 μετά
2789 4156 2947 4210 ἐννέα
2980 4157 3072 4225 ἐτη
3108 4152 3488 4221 ἐμαθήτευσεν
3516 4149 3604 4202 τὸν
3638 4149 3938 4204 Διονύσιον.

2361 4249 2525 4318 Λέγει
2571 4249 2626 4301 δέ
2693 4249 2721 4300 ὀ
2777 4247 3047 4316 μακάριος
3106 4244 3340 4305 Παῦλος,
3409 4241 3547 4309 μετά
3602 4242 3778 4294 εῖκοσι
3844 4241 3941 4304 ἐτη

2359 4341 2606 4395 ἀνελθεῖν
2637 4342 2717 4403 είς
2750 4338 3102 4410 Ἰεροσόλυμα
3135 4334 3286 4389 κατὰ
3309 4332 3725 4401 ἀποκάλυψιν.
3769 4334 3938 4403 Εὖρο-

673 4433 856 4490 nimus
886 4435 942 4490 in
972 4433 1196 4490 scholiis
1225 4432 1362 4505 (74),
1396 4448 1520 4489 cum
1556 4435 1626 4490 ab
1694 4431 1911 4504 Epheso
1954 4440 2146 4502 raptus
2177 4441 2249 4490 est

2375 4451 2475 4508 μεν
2502 4434 2560 4488 ἐν
2593 4432 2848 4504 σχολίοις·
2885 4431 2946 4486 τὸ
2971 4430 3062 4485 οῦν
3085 4429 3192 4484 ἀπὸ
3214 4427 3443 4497 Ἐφέσου
3469 4425 3695 4498 ἡρπάγη
3727 4427 3758 4480 ὁ
3796 4424 3933 4479 Παῦ-

2026 4601 2405 4679 Mingareltu
2472 4615 2658 4662 noue.

748 4749 859 4817 (68)
897 4749 1198 4818 Desumpta
1254 4750 1371 4804 bazc
1431 4757 1561 4805 sunt
1606 4764 1671 4804 ex
1706 4748 1936 4818 Andreae
1967 4745 2251 4801 Cretensis

676 4822 921 4876 oratione
957 4817 1131 4888 prima
1166 4820 1220 4873 in
1269 4819 1686 4873 Dormitionem.
1720 4817 1965 4888 Deiparge
1996 4831 2119 4886 pag.
2148 4818 2251 4871 I22

675 4900 727 4945 et
765 4892 890 4945 126.
919 4885 1159 4960 Operum
1197 4889 1370 4959 ipsius
1396 4904 1540 4943 anno
1572 4889 1730 4943 1654.
1758 4885 1988 4941 Parisiis
2020 4889 2255 4956 impres-

678 4976 886 5017 SOI‘IIm.

752 5031 864 5094 (69)
906 5031 1213 5100 Nugaretur
1248 5037 1461 5091 auctor,
1495 5028 1600 5100 nisi
1631 5031 1697 5082 de
1727 5029 1892 5083 meris
1921 5025 2248 5100 urbanitatis

679 5101 871 5154 oliiciis
909 5096 1264 5166 accipiendus
1288 5107 1453 5153 esset.
1494 5098 1628 5151 Nam
1665 5105 1957 5164 potestate,
2003 5096 2245 5166 auctori-

680 5182 811 5231 tate.
839 5165 1227 5238 jurisdictione
1249 5211 1261 5230 ,
1295 5172 1526 5238 clavium
1566 5167 1872 5222 caelestium
1907 5165 2250 5237 possessione

721 5241 895 5294 rimus
934 5243 1054 5296 sine
1100 5242 1268 5295 dubio
1304 5251 1424 5293 erat
1463 5237 1685 5296 Petrus.
1721 5238 1978 5304 princeps
2025 5245 2244 5304 aposto-

703 5325 861 5362 orum
887 5326 915 5364 a
953 5312 1181 5364 Domino
1209 5311 1330 5378 ipso
1351 5310 1703 5378 constitutus.
1733 5303 1810 5378 Ne
1841 5303 2250 5378 Febroniiqui-

681 5379 802 5432 dem
863 5381 1091 5434 audacia
1140 5395 1204 5434 eo
1235 5373 1490 5443 devenit,
1543 5387 1603 5430 ut
1637 5373 1901 5429 Jacobum
1951 5375 2248 5446 principem

682 5452 1057 5516 apostolorum
1091 5450 1320 5503 diceret.

760 5519 871 5587 (70)
914 5520 1304 5573 Emendutione
1359 5514 1814 5587 intligentyerba
1858 5515 1995 5587 εκαί
2039 5514 2151 5583 μὲν
2184 5514 2249 5587 ἐκ

685 5583 1019 5658 πνευμάτων
1060 5585 1585 5658 άκαθάρτων,άλλαι
1616 5583 1672 5638 δέ
1720 5583 1920 5658 πίστει.
1962 5583 2247 5650 Quomodo

686 5657 805 5723 ipse
843 5660 1084 5725 legerim,
1119 5655 1267 5712 vides
1305 5659 1356 5710 in
1393 5671 1506 5711 mea
1537 5655 2006 5725 interpretatione.

757 5725 877 5795 (Ἠ)
915 5729 1184 5797 Hippolyti
1212 5727 1450 5782 Thebani
1485 5726 1657 5788 locus,
1686 5739 1851 5797 quem
1895 5725 2249 5797 citat_m9_na-

687 5792 818 5851 chus
847 5792 1047 5864 noster,
1073 5792 1391 5868 eistat’pag.
1422 5797 1508 5863 I7,
1529 5803 1660 5852 tom.
1685 5792 1728 5851 II
1784 5797 2014 5864 Operum
2039 5792 2094 5859 S,
2123 5792 2250 5862 Hip-

2363 4745 2530 4816 polyti
2550 4745 2831 4819 editorum
2875 4739 3212 4819 a__Fabri_cio.
3240 4737 3510 4819 Caeterum
3537 4733 3782 4819 Evodius
3795 4751 3933 4819 quo-

2366 4805 2522 4885 que'a
2549 4813 2858 4881 Nicephoro
2882 4811 2976 4866 lib.
3016 4825 3052 4863 ιι
3085 4809 3224 4863 Hist.
3255 4808 3460 4887 cccles.
3495 4820 3613 4873 cap.
3651 4805 3704 4868 3,
3734 4805 3935 4884 citatus

2367 4885 2604 4953 idipsum
2669 4883 2898 4935 allirmat
2958 4881 3024 4934 de
3088 4878 3148 4930 Β.
3215 4873 3462 4946 Virgine,
3520 4875 3667 4944 quod
3724 4873 3935 4942 Hippo-

2366 4957 2546 5092 lyta?)
2573 5023 2697 5092 Ipsa
2733 5018 3001 5092 Dionysii,
3044 5026 3139 5092 aut
3173 5013 3630 5092 Pseudodignysii
3675 5011 3938 5092 vet-bac:

2361 5081 2501 5147 libro
2531 5081 2615 5144 'Dc'
2659 5081 3252 5143 Divinis-nominibus.
3281 5102 3398 5153 cap.
3448 5083 3501 5142 5.
3528 5081 3698 5153 ιιίῐειςι
3729 5083 3789 5153 S.
3824 5081 3935 5134 An-

2358 5164 2526 5217 dreas
2558 5160 2838 5214 Cretensis
2868 5166 3009 5212 orat.
3064 5159 3198 5221 I,-in
3235 5150 3630 5209 Do'rinitionem
3656 5150 3923 5219 Deiparaa,

2357 5249 2478 5304 pag.
2513 5231 2632 5285 124.
3330 5280 3340 5294 λ
3587 5290 3596 5300 ⁸

2432 5303 2545 5367 (75)
2606 5302 2662 5354 In
2723 5300 2884 5361 epist.
2923 5297 2988 5350 ad
3025 5295 3203 5367 Galat.
3238 5309 3294 5367 ιι,
3343 5308 3396 5367 v.
3453 5293 3504 5353 I,
3550 5298 3626 5344 att
3680 5289 3881 5367 Paulus
3912 5305 3933 5345 :

2359 5359 2562 5428 Deinde
2582 5380 2699 5438 post
2726 5359 2890 5423 annos
2914 5365 3312 5437 quatuordecim
3337 5363 3527 5417 iterum
3553 5361 3772 5414 escendi
3801 5359 3931 5413 Hie-

2372 5442 3242 5510 rosolymam..........
3604 5467 3622 5485 .

2367 5511 2593 5567 ascmdi
2621 5518 2801 5562 autem
2831 5506 3130 5561 secundum
3162 5503 3574 5558 revelatiouem.

2431 5581 2542 5650 (74)
2575 5583 2632 5634 In
2657 5579 2851 5650 codice
2872 5575 3138 5650 locu_s_hic
3168 5575 3391 5650 vitiatus
3415 5580 3521 5650 est,
3551 5585 3606 5623 tu
3643 5584 3786 5650 re_or.
3819 5567 3924 5650 Le-

2359 5633 2604 5721 gendumr
2649 5647 2874 5702 Iorsitan
2921 5665 2932 5700 :
2969 5645 3213 5716 Εὖρομεν
3260 5646 3318 5698 ἐν
3360 5641 3597 5714 σχολίοις
3635 5659 3647 5670 ·
3693 5640 3782 5693 ὅτε
3840 5633 3928 5689 uin

2361 5720 2468 5777 ἀπὸ
2483 5720 2730 5789 Ἐφέσου.
