4164 6342
246 395 355 461 ﬁlii

1484 393 1777 459 DE‘VITA
1809 393 1877 457 B.
1919 393 2289 456 VIRGINIS.

3374 389 3480 455 2H

243 512 360 578 λος·
396 514 487 568 διὰ
540 515 638 586 τὴν
698 517 955 588 κοίμησιν
982 517 1077 586 τῆς
1132 517 1400 570 Θεοτόκου
1432 515 1685 586 ἡρπάγη.
1719 514 1821 566 Καὶ

1928 515 2150 581 Paulus,
2176 491 2246 569 ob
2270 510 2652 567 dormitionem
2682 507 2922 578 Deiparae
2955 514 3166 576 raptum
3195 506 3383 562 fuisse.
3418 509 3480 563 Et

247 609 312 660 τὸ
333 609 623 678 εἰρημένον
658 610 749 662 ὑπ’
789 609 953 662 αὑτοῦ
985 609 1121 675 πρὸς
1155 609 1493 677 Κορινθίους·
1514 609 1597 660 ὅτι
1630 608 1818 672 Ὠφθη

245 700 453 765 αὐτοῖς
476 702 678 754 ἐπάνω
712 701 1140 764 πεντακοσίοις
1192 699 1478 768 ἀδελφοῖς
1519 698 1759 769 ἐφάπαξ
1791 702 1822 751 ό

247 795 506 861 Χριστὸς
572 798 711 864 μετὰ
760 798 858 864 τὴν
899 795 1199 848 ἀνάστασιν
1235 811 1249 825 ’
1314 797 1392 857 είς
1422 793 1520 864 τὴν
1563 794 1823 862 κοίμησιν

244 883 413 935 τοῦτο
435 884 590 951 λέγει
642 887 740 953 τῆς
779 884 943 949 ἁγίας
971 884 1258 937 Θεοτόκου.

321 977 428 1028 KA'
453 1014 468 1028 .
496 979 746 1045 Μοναχὸς
779 976 834 1028 δέ
876 993 958 1038 τις
987 976 1353 1046 πρεσϐύτερος
1382 979 1634 1049 ἐνάρετος
1665 982 1823 1035 εὐλα-

249 1065 352 1143 εὴς
393 1065 540 1135 ἔργῳ
579 1069 676 1119 καὶ
702 1067 843 1133 λόγῳ
868 1066 1243 1121 διεϐεϐαιοῦτο
1265 1067 1435 1142 λέγων
1456 1113 1469 1134 ,
1528 1075 1609 1126 ὅτι
1635 1074 1820 1144 Ἀσχο-

247 1156 500 1229 λουμένῳ
536 1161 624 1228 μοί
658 1178 786 1213 ποτε
825 1164 880 1214 ἐν
914 1162 1145 1228 τούτοις,
1199 1169 1303 1236 μιᾷ·
1336 1168 1494 1220 νυκτὶ
1533 1167 1820 1222 ἐπίσταταί

250 1265 334 1311 τις
368 1250 541 1317 λέγων
574 1269 695 1319 μοι,
724 1255 802 1305 ὃτι
829 1257 855 1306 6
885 1256 1178 1320 ἀπόστολος
1208 1259 1419 1325 Παῦλος
1442 1260 1549 1312 ἀπὸ
1594 1260 1818 1328 Ἐφέσου
1863 1272 1866 1275 ‘

249 1336 330 1398 εἰς
361 1337 458 1405 τὴν
500 1339 759 1407 κοίμησιν
791 1341 888 1408 τῆς
917 1343 1182 1398 Θεοτόκου
1207 1349 1429 1418 ἡρπάγη
1455 1349 1540 1403 διὰ
1569 1351 1818 1421 νεφέλης,

250 1428 343 1478 καὶ
396 1429 639 1498 ἀνῆλθεν.
675 1433 774 1495 ἕως
820 1437 1008 1505 τρίτης
1057 1435 1235 1508 ζώνης
1281 1440 1390 1491 τῶν
1442 1440 1678 1513 ἄστρων,
1728 1445 1820 1495 καὶ

251 1519 450 1570 ἀπεκεί
480 1519 747 1576 ἐθεάσατο
792 1524 862 1577 τὰ
915 1528 1132 1595 πέρατα
1164 1528 1258 1582 τοῦ
1318 1530 1576 1585 Ὠκεανοῦ
1614 1534 1706 1587 καὶ
1727 1534 1820 1587 τὸν

252 1608 605 1687 παράδεισον.
638 1613 766 1665 Ὅτε
801 1616 856 1668 δὲ
903 1617 1136 1687 ἤκουσεν
1162 1620 1387 1688 rip/inm
1419 1604 1670 1692 ῥήματα,
1721 1627 1818 1696 τὴν

259 1697 498 1768 ὕμνησιν
519 1702 629 1753 τῶν
669 1703 1046 1771 ἀγγέλων-καὶ
1094 1711 1203 1764 τῶν
1256 1713 1571 1774 ἀποστόλων
1625 1717 1815 1785 λέγει’

249 1789 333 1840 ὅτι
372 1791 419 1841 οξ
444 1791 654 1847 δώδεκα
686 1795 772 1849 διὰ
823 1798 1061 1866 νεφελῶν
1118 1803 1813 1870 παρεγένοντο.Ψεύδεται·

249 1880 427 1949 οίγὲιρ
469 1886 736 1953 παρόντες
767 1889 902 1952 ἐκεῖ,
959 1890 1237 1958 Ἰάκωϐος,
1268 1897 1359 1946 καὶ
1399 1896 1678 1966 Ἰωάννης,
1727 1898 1822 1950 καὶ

248 1969 558 2038 λίατθαῖος,
599 1977 715 2037 πῶς
741 1978 825 2031 διὰ
863 1980 1099 2048 νεφελῶν
1131 1979 1314 2051 ἦλθονς
1350 1986 1507 2045 Ἴσως
1546 1985 1601 2036 δὲ
1638 1987 1687 2037 oi
1717 1987 1822 2038 ἀπὸ

252 2062 493 2126 μήκοθεν
521 2081 536 2129 ;
563 2066 834 2130 Διονύσιος
852 2069 970 2122 τότε
1000 2072 1116 2124 ἐκεῖ
1137 2073 1349 2142 παρὼν,
1374 2075 1532 2126 τοῦτο
1553 2076 1611 2127 οὐ
1651 2076 1820 2143 λέγει·

249 2151 372 2203 οὐδὲ
409 2150 477 2223 ἦν
508 2156 572 2208 ἐκ
606 2157 710 2209 τῶν
737 2159 950 2212 δώδεκα
984 2163 1510 2232 προτελευτῆσαςεῑ
1537 2169 1608 2235 μὴ
1639 2168 1825 2221 Ἰάκω-

247 2241 343 2303 ϐος
393 2248 420 2297 6
471 2248 700 2316 ἀδελφὸς
734 2252 982 2305 Ἰωάννου
1038 2254 1132 2306 τοῦ
1178 2255 1470 2325 Θεολόγου,
1527 2257 1585 2310 ὃν
1617 2260 1824 2312 ἀνεῖλεν

255 2332 538 2403 Ἡρώδης,
574 2339 666 2390 καὶ
720 2340 1027 2410 Ἀγρίππας
1067 2344 1230 2408 ὁυὶὸς
1260 2346 1354 2398 τοῦ
1386 2347 1602 2417 πρώτου
1653 2342 1825 2419 Ἥρώὲ

243 2425 340 2477 δου
374 2427 435 2479 ἐκ
463 2428 799 2500 Μαριάμνης
827 2448 841 2463 ·
877 2433 934 2494 ὃς
983 2437 1076 2489 καὶ
1100 2436 1316 2505 ἐγένετο
1339 2441 1821 2508 σκωληκόϐρωτος.

237 2512 344 2566 Ἐκ
379 2516 433 2567 δὲ
477 2519 584 2576 τῶν
617 2520 817 2574 λοιπῶν
851 2523 1020 2592 ἁγίων
1057 2527 1106 2578 οἱ
1153 2530 1705 2602 προτελευτῆσαντεε.
1766 2536 1820 2587 αι

243 2605 420 2672 ψυχαὶ
447 2611 629 2664 αὐτῶν
654 2615 1018 2682 παρεγένοντο
1051 2620 1244 2672 πᾶσαι.

307 2787 443 2843 KE'.
456 2789 518 2841 'll
536 2789 592 2842 es
616 2791 742 2855 ἁγία
760 2793 1017 2858 Θεοτόκος
1036 2799 1140 2868 πρὸ
1151 2800 1446 2854 δεκαπέντε
1458 2804 1486 2871 ἡ
1500 2821 1561 2871 με
1572 2821 1679 2873 ρων
1695 2822 1822 2874 προ·

240 2880 398 2931 εἶπεν
421 2881 550 2950 περὶ
574 2883 672 2949 τῆς
696 2884 876 2948 ἐξόδου
909 2888 1100 2957 αὐτῆς*
1129 2893 1222 2942 καὶ
1244 2892 1348 2962 πρὸ
1383 2895 1550 2963 τριῶν
1601 2897 1822 2964 ἡμερῶν

239 2964 406 3040 ἦλθεν
431 2973 458 3023 6
481 2974 711 3041 ἄγγελος
739 2976 1000 3048 Γαϐριὴλ,
1020 2983 1112 3032 καὶ
1130 2980 1400 3050 ἐμήνυσεν
1417 2984 1551 3053 αὐτῇ
1577 2986 1671 3048 τὴν
1712 2985 1826 3049 ἐξο-

245 3061 342 3114 δον
378 3065 470 3115 καὶ
504 3064 602 3133 τὴν
629 3071 937 3136 παρουσίαν
955 3070 1048 3122 τοῦ
1069 3072 1293 3141 Κυρίου.
1327 3075 1432 3126 Καὶ
1458 3077 1825 3131 ἀποστείλασα

1924 622 2045 660 cum
2099 607 2236 660 dixit
2290 604 2535 660 scribens
2603 602 2669 656 ad
2751 599 3066 655 Corinthios
3136 616 3149 652 :
3230 600 3480 666 Apparuit

1926 695 2049 762 ipsis
2085 697 2356 763 plusquam
2387 695 2679 764 quingentis
2713 693 2940 762 {ratibus
2968 690 3186 745 simul”
3231 689 3482 744 Christus

1926 797 2046 858 post
2075 788 2552 852 resurrectionem,
2584 787 2648 842 de
2675 786 3008 841 dormitione
3042 787 3145 839 hoc
3190 786 3318 836 dicit
3352 799 3482 837 san-

1926 887 2026 934 cta)
2060 879 2320 946 Deiparaa.

1997 968 2189 1024 XXIV.
2232 969 2526 1024 Monachus
2564 985 2690 1024 vero
2721 970 2934 1039 quidam
2967 967 3254 1038 presbyter
3284 965 3483 1017 virtute

1929 1062 2208 1132 pra’ditus,
2259 1071 2309 1114 et
2343 1059 2501 1114 factis
2543 1075 2604 1114 ac
2633 1061 2809 1114 verbis
2854 1062 2996 1130 pius,
3038 1057 3370 1114 asseveravit
3401 1056 3484 1108 di-

1926 1170 2056 1210 cens
2099 1172 2112 1209 :
2155 1154 2287 1206 Cum
2316 1153 2444 1205 olim
2482 1152 2534 1205 in
2565 1152 2650 1204 his
2677 1159 2970 1219 occupatus
3002 1165 3199 1211 essem,
3244 1144 3478 1215 quadam

1926 1254 2109 1307 nocte,
2141 1242 2456 1312 supervenit
2489 1242 2704 1308 quidam
2756 1241 2942 1294 dicens
2976 1239 3106 1292 mihi
3141 1257 3154 1291 ε
3186 1234 3479 1306 Apostolus

1926 1337 2128 1391 Paulus
2160 1338 2226 1388 ab
2272 1334 2488 1402 Epheso
2539 1332 2592 1385 in
2639 1330 2966 1386 dormitione
3002 1329 3243 1396 Deiparze
3292 1333 3479 1395 raptus

1928 1429 2026 1484 fuit
2051 1445 2146 1498 per
2175 1428 2395 1491 nubem,
2427 1433 2480 1480 et
2503 1423 2747 1479 ascendit
2768 1437 2942 1491 usque
2965 1421 3027 1475 ad
3052 1421 3263 1474 tertiam
3288 1433 3478 1472 zonam

1926 1520 2232 1581 Stellarum,
2258 1526 2310 1570 et
2341 1516 2467 1570 inde
2490 1515 2621 1568 vidit
2650 1513 2781 1568 [ines
2804 1511 3029 1574 Oceani,
3051 1520 3100 1562 et
3124 1507 3433 1578 paradisum
3463 1526 3476 1559 :

1925 1627 2049 1667 cum
2078 1624 2205 1664 vero
2236 1607 2501 1661 audivisse
2547 1621 2746 1658 arcana
2781 1602 2936 1657 verba
2977 1600 3167 1654 dicitur
3195 1598 3260 1660 η,
3297 1596 3481 1666 hymni

1924 1704 1991 1757 ab
2023 1703 2228 1771 angelis
2271 1709 2322 1755 et
2357 1699 2618 1767 apostolis
2678 1694 2884 1751 cantati
2932 1693 3325 1761 designantur,-
3357 1687 3482 1756 quia

1925 1795 2209 1848 duodecim
2234 1792 2467 1862 apostoli
2494 1805 2590 1860 per
2614 1789 2787 1842 nubes
2807 1787 3162 1840 advenerant.
3200 1781 3303 1834 Sed
3332 1795 3482 1852 men.

1928 1888 2078 1948 titur.
2112 1885 2150 1937 li
2183 1885 2325 1938 enim
2379 1883 2472 1950 qui
2505 1881 2574 1934 ibi
2607 1885 2763 1934 erant
2807 1882 3122 1945 prmsentes,
3154 1871 3393 1925 Jacol.us
3429 1877 3482 1922 et

1928 1974 2188 2037 Joannes,
2239 1981 2288 2026 et
2335 1971 2649 2032 Matthaeus,
2701 1966 2976 2036 quomodo
3024 1979 3117 2033 per
3166 1961 3337 2015 nubes
3392 1974 3482 2010 vc-

1929 2065 2278 2118 nerunt?An
2323 2061 2597 2129 iortequi
2661 2060 2817 2128 longe
2872 2055 3136 2111 aberant}?
3191 2051 3481 2120 Diooysius

1929 2159 2020 2227 qui
2078 2157 2148 2211 ibi
2205 2167 2332 2210 tunc
2374 2155 2579 2217 aderat,
2625 2153 2729 2206 hoc
2791 2165 2900 2204 non
2958 2148 3087 2202 dicit
3134 2165 3147 2199 :
3205 2158 3379 2210 neque
3415 2157 3477 2195 ex

1928 2248 2212 2303 duodecim
2268 2247 2376 2302 illis
2434 2253 2590 2300 antea
2619 2252 2869 2298 mortuus
2928 2239 3214 2309 quisquam
3281 2235 3475 2294 fuerat,

1927 2340 2030 2394 nisi
2055 2337 2291 2394 Jacobus
2333 2338 2527 2392 iratrer
2565 2333 2791 2389 Joannis
2821 2330 3102 2401 Theologi,
3158 2327 3374 2382 occisus
3419 2324 3486 2376 ab

1927 2431 2159 2493 Herode,
2213 2431 2302 2499 qui
2354 2439 2404 2482 et
2457 2429 2693 2498 Agrippa
2722 2424 2839 2495 (75)
2878 2423 3101 2487 dicitur,
3163 2420 3272 2474 (ilio
3322 2415 3485 2488 primi

1928 2523 2160 2577 Herodis
2197 2537 2260 2576 ex
2289 2519 2584 2574 Mariamne
2619 2535 2633 2571 :
2666 2519 2756 2586 qui
2786 2516 2946 2573 etiam
2987 2529 3016 2568 a
3049 2511 3326 2568 vermibus
3356 2523 3484 2564 con-

1927 2622 2180 2684 sumptus
2210 2614 2331 2667 fuit.
2361 2613 2604 2665 Aliorum
2652 2625 2780 2665 vero
2825 2617 3158 2670 sanctorum,
3195 2603 3290 2674 qui
3322 2611 3484 2658 antea

1927 2709 2124 2762 mortui
2150 2713 2329 2770 erant,
2358 2706 2549 2759 anima
2584 2718 2773 2759 omnes
2811 2703 3056 2756 aderant.

1997 2797 2164 2853 XXV.
2195 2797 2394 2850 Sancta
2415 2811 2544 2851 vero
2566 2793 2790 2862 Deipara
2816 2790 3126 2862 quindecim
3149 2795 3271 2842 ante
3294 2785 3484 2840 diebus

1929 2890 2179 2961 prmdixit
2248 2888 2458 2942 obitum
2518 2900 2673 2940 suum
2715 2901 2729 2938 :
2772 2890 2825 2937 et
2876 2880 3055 2935 tribus
3107 2887 3231 2933 ante
3287 2876 3497 2930 diebus.

1932 2983 2079 3036 venit
2106 2981 2332 3049 angelus
2369 2978 2612 3040 Gabriel,
2640 2985 2694 3032 et
2729 2972 3053 3044 signiﬁcavit
3092 2970 3139 3025 ei
3192 2969 3398 3023 obitum
3430 2975 3484 3022 et

1929 3074 2143 3130 Domini
2174 3073 2543 3144 praesentiam.
2581 3069 2646 3124 Et
2702 3069 2816 3138 ipsa
2858 3067 3009 3122 misit
3056 3063 3121 3117 ad
3175 3060 3484 3116 invitandos

243 3156 696 3224 προσεκαλέσατο
716 3161 844 3224 τοὺς
860 3163 1191 3228 ἀποστόλους
1225 3164 1433 3229 πάντας
1464 3183 1478 3197 ο
1512 3170 1606 3220 καὶ
1637 3171 1821 3223 πολλοὶ

1929 3167 2205 3236 apostolos
2240 3180 2452 3223 omnes.
2485 3173 2544 3242 let
2576 3161 2820 3232 plerique
2871 3163 3137 3213 venerunt
3176 3155 3241 3209 ad
3275 3153 3420 3207 illam
3466 3169 3479 3205 :

242 3248 616 3315 παρεγένοντο
647 3253 784 3322 πρὸς
804 3253 992 3322 αὐτὴν,
1020 3253 1158 3308 ὥστε
1194 3258 1446 3323 γενέσθαι
1474 3259 1572 3330 τὴν
1609 3278 1821 3332 παρεμ-

241 3335 414 3402 ϐολὴν
449 3339 700 3410 μεγάλην
722 3344 928 3412 σφόδρα
968 3347 1062 3398 καὶ
1093 3347 1292 3418 πολλήν
1312 3387 1325 3401 .
1369 3350 1612 3414 Ἐξέθετο
1641 3352 1821 3416 αὐτοῖς

244 3429 346 3480 καὶ
366 3434 646 3500 μυστήρια
687 3433 911 3500 φρικτὰ,
941 3435 1086 3505 ἅπερ
1111 3438 1167 3489 ἐν
1194 3441 1260 3507 τῇ
1293 3439 1488 3508 καρδίᾳ
1517 3442 1686 3511 αὐτῆς
1713 3445 1819 3496 διε-

240 3516 434 3584 τήρει’
492 3519 590 3569 καῖ.
644 3517 746 3598 ,τὸν
783 3523 1140 3590 χαιρετισμὺν
1180 3524 1565 3593 τοῦ-ἀγγέλου,
1606 3531 1698 3582 καὶ
1723 3531 1819 3600 τὴν

240 3605 517 3658 ὀπτασίαν
564 3607 753 3674 αὐτοῦι
812 3605 906 3662 καὶ
946 3610 1044 3680 τὴν
1117 3613 1310 3683 πρώην
1354 3617 1693 3685 ἐπιφάνειαν,
1752 3622 1820 3691 ἢν

242 3695 704 3763 προσευχομένης
739 3697 908 3767 αὐτῆς
939 3702 995 3753 ὲν
1040 3701 1117 3771 τῷ
1145 3702 1256 3772 ναῷ
1289 3704 1552 3775 ἑώρακεν.
1581 3709 1686 3761 Καὶ
1702 3710 1818 3762 δια-

241 3785 426 3854 Θήκην
449 3787 771 3856 ἐποιήσατο,
828 3788 904 3851 ὡς
936 3788 1082 3859 λέγει
1132 3793 1160 3843 6
1197 3794 1350 3861 ἅγιος
1380 3796 1820 3869 Βαρθολομαῖοςὸ

243 3876 570 3937 ἀπόστολος.
628 3872 736 3929 Ἦν
790 3879 845 3932 δὲ
881 3884 1327 3955 τεταπεινωμένη
1381 3888 1443 3938 ὲκ
1485 3888 1584 3957 τῆς
1629 3891 1818 3961 πρώην

242 3969 562 4038 ἀσκήσεως,
586 3971 680 4022 καὶ
710 3971 797 4022 ὅτε
819 3967 978 4042 ἦλθεν
1016 3975 1047 4042 ή
1076 3974 1194 4044 ὥρα
1219 3977 1406 4046 αὐτῆς,
1431 3981 1592 4031 πᾶσιν
1628 3981 1821 4049 ἐφανέ-

246 4077 428 4133 ρωσεν
485 4063 696 4117 ,ἑαυτὸν
747 4065 776 4116 6
830 4065 1083 4134 Χριστὸς,
1115 4069 1209 4121 καὶ
1255 4070 1318 4121 ὲκ
1370 4070 1467 4139 τῆς
1503 4072 1696 4143 αἴγλης
1724 4073 1818 4126 τοῦ

245 4155 454 4219 φωτὸς,
533 4156 736 4219 πάντες
788 4156 984 4210 ιπεσον
1021 4161 1198 4230 χαμαὶ
1248 4163 1310 4214 ὲκ
1359 4163 1451 4216 τοῦ
1495 4165 1682 4232 φόϐου,
1727 4165 1819 4217 καὶ

243 4246 498 4314 ργἐνοντο
553 4247 685 4300 ὡσεὶ
707 4250 909 4314 νεκροί.
965 4252 1074 4303 Kal.
1129 4247 1282 4304 εἶπεν
1333 4254 1554 4314 αὐτοῖς·
1589 4256 1816 4324 Εἰρήνη

247 4336 410 4414 ὑμῖκ.
443 4339 506 4390 Ol
536 4338 592 4391 δὲ
624 4341 732 4392 ἀπὸ
760 4343 860 4409 τῆς
886 4345 1062 4412 χαρᾶς
1087 4343 1284 4406 πάντες
1319 4342 1696 4413 ὲρῤώσθησαν,
1723 4347 1817 4398 καὶ

248 4427 600 4496 ὑμνήσαντες
666 4431 880 4500 πρῶτον
938 4435 989 4485 οί
1033 4434 1277 4502 ἄγγελοι,
1330 4434 1423 4486 καὶ
1465 4436 1514 4486 οἱ
1547 4434 1818 4505 ἄνθρωποι

248 4519 469 4586 ἵστανῖο
508 4521 681 4572 ὲννεοί
704 4537 718 4550 ο
744 4519 863 4574 εἶτα
897 4522 1148 4591 ὕμνησαν
1174 4525 1224 4575 oi
1266 4524 1576 4577 ἀπόστολοι.
1611 4526 1719 4577 Καὶ
1749 4525 1822 4588 ὡς

246 4611 344 4661 ἰπὶ
375 4609 544 4662 ὕπνον
575 4612 778 4674 γλυκὺν
823 4613 1078 4677 ἀνοίξασα
1108 4615 1170 4668 τὸ
1198 4616 1370 4685 στόμα
1401 4616 1718 4686 παρέδωκεν
1759 4617 1819 4670 τὸ

245 4701 471 4768 πνεῦμα
502 4703 579 4772 τῷ
616 4702 734 4774 Υἱῷ
763 4705 859 4757 καὶ
885 4706 1025 4775 Θεῷ,
1057 4707 1190 4760 οὖσα
1224 4708 1359 4759 ἑτῶν
1382 4706 1480 4777 οβ’.
1520 4707 1627 4760 Καὶ
1661 4710 1822 4763 πάλιν

248 4795 596 4863 ὑμνήσαντες
621 4797 670 4848 οἱ
702 4797 923 4868 ἄγγελοι
944 4798 1197 4868 ἀπῆλθον
1214 4815 1228 4829 ⁶
1248 4800 1297 4852 oi
1324 4800 1378 4852 δὲ
1412 4799 1557 4869 ἆγιοι
1591 4801 1822 4853 ἀπόστο-

251 4895 356 4980 λοι,
390 4887 466 4949 ώς
505 4887 653 4980 λέγει
701 4889 976 4953 Διονύσιος
1019 4893 1046 4944 6
1081 4892 1572 4980 ‘épEOﬂayirqq’dg
1614 4892 1817 4960 παρῆν,

1925 3260 2060 3313 adeo
2093 3266 2146 3311 ut
2180 3257 2332 3309 ﬁeret
2367 3270 2618 3322 magnus,
2647 3253 2820 3316 valde,
2848 3259 2902 3305 et
2926 3249 3127 3304 multus
3153 3249 3488 3302 concursus.’

1924 3347 2186 3417 Exposuit
2217 3345 2351 3416 ipsis
2369 3343 2647 3398 tremenda
2675 3339 2954 3412 mysteria,
2977 3351 3098 3406 quae
3119 3336 3172 3390 in
3194 3332 3354 3390 corde
3380 3345 3480 3386 suo

1923 3434 2306 3497 conservabat,
2353 3439 2406 3486 et
2447 3421 2845 3486 Salutationem
2900 3426 3097 3495 angeli.
3144 3432 3197 3477 et
3243 3422 3360 3490 ejus
3401 3419 3481 3472 vi-

1923 3527 2152 3590 sionem,
2180 3533 2235 3579 et
2266 3524 2495 3592 primam
2532 3521 2948 3590 apparitionem,
2982 3531 3142 3586 quam
3193 3517 3309 3584 ipsa
3350 3515 3480 3568 dum

1922 3625 2104 3672 oraret
2137 3617 2190 3670 in
2225 3614 2449 3682 templo,
2483 3613 2636 3666 vidit.
2663 3610 2728 3664 Et
2756 3615 3139 3664 testamentum
3174 3605 3303 3660 fecit
3337 3604 3477 3672 (76),

1922 3717 1982 3761 ut
2010 3707 2084 3758 ait
2111 3713 2333 3760 sanctus
2383 3701 2809 3757 Bartholomasus
2858 3698 3137 3767 apostolus
3179 3695 3315 3765 (77).
3354 3693 3481 3748 Erat

1923 3809 2105 3851 autem
2157 3797 2270 3864 ipsa
2325 3795 2395 3848 ob
2453 3791 2760 3862 praeteritas
2815 3790 3064 3844 asceticae
3094 3789 3218 3841 vitae
3249 3801 3479 3857 perpes-

1923 3890 2106 3944 siones
2136 3886 2439 3940 debilitata.
2475 3887 2539 3937 Et
2572 3898 2694 3937 cum
2720 3881 2871 3936 venit
2894 3880 3025 3935 hora
3057 3880 3199 3950 ejus,
3227 3877 3480 3932 Christus

1922 3979 2173 4034 omnibus
2204 3977 2442 4045 seipsum
2502 3972 2873 4028 manifestavit
2907 3989 2919 4024 :
2953 3979 3008 4026 et
3035 3970 3104 4024 ob
3131 3969 3474 4040 splendorem

1922 4069 2060 4123 lucis
2090 4083 2280 4122 omnes
2305 4068 2358 4120 in
2413 4076 2614 4119 terram
2669 4063 2983 4118 ceciderunt
3018 4061 3375 4130 praetimere,
3424 4065 3480 4112 et

1923 4160 2051 4214 facti
2082 4165 2214 4213 sunt
2261 4157 2411 4212 velut
2449 4155 2687 4218 mortui;
2719 4162 2773 4208 et
2803 4153 2941 4207 dixit
2969 4153 3050 4207 eis
3084 4171 3097 4205 :
3137 4151 3256 4204 Pas:
3312 4149 3477 4204 vobis.

1924 4250 2236 4318 Omnesque
2291 4260 2403 4316 prae
2462 4245 2662 4315 gaudio
2726 4242 3142 4297 convaluerunt.
3220 4239 3284 4294 Et
3349 4239 3476 4293 dum

1922 4342 2160 4411 hymnos
2196 4339 2349 4408 prius
2396 4343 2656 4392 canerent
2711 4335 2914 4405 angeli,
2969 4332 3218 4388 homines
3265 4330 3489 4406 stabant

1925 4433 2060 4487 muti
2110 4450 2125 4488 :
2173 4431 2433 4500 deinceps
2489 4429 2718 4499 hymnos
2763 4433 3056 4482 cantarunt
3113 4423 3364 4493 apostoli.
3416 4422 3482 4477 Et

1926 4524 2040 4593 ipsa
2069 4523 2216 4577 velut
2250 4522 2486 4577 dulciter
2509 4519 2811 4583 dormiens,
2862 4525 3052 4586 aperto
3093 4528 3212 4577 ore,
3254 4512 3480 4567 tradidit

1927 4616 2176 4684 spiritum
2200 4612 2360 4677 Filio,
2386 4618 2439 4666 et
2472 4611 2601 4674 Deo,
2628 4623 2801 4663 annos
2830 4607 2920 4666 γε,
2946 4605 3010 4659 Et
3038 4604 3212 4674 angeli
3248 4604 3476 4673 hymnos

1921 4721 2117 4760 rursus
2149 4711 2409 4757 canentes
2443 4700 2717 4754 abierunt.
2755 4697 2944 4751 Sancti
2973 4709 3106 4750 vero
3133 4694 3386 4763 apostoli,
3423 4702 3480 4746 ut

1922 4798 2055 4855 dicit
2085 4795 2378 4863 Dionysius
2407 4788 2756 4857 Areopagita.
2798 4791 2893 4858 qui
2933 4786 3143 4851 aderat,
3179 4793 3478 4839 cantarunt

1921 4889 2204 4959 proprium
2231 4888 2514 4956 hymnum,
2543 4897 2647 4936 non
2685 4893 2813 4936 vero
2841 4877 3005 4936 simul
3031 4876 3295 4932 universi.
3322 4875 3478 4936 Unde

251 4976 505 5046 ὕμνησαν
547 4979 679 5032 ῐδιον
712 4979 881 5048 ὕμνον
915 4997 929 5011 ⁸
963 4983 1059 5034 καὶ
1104 4965 1201 5052 δὺχ
1255 4981 1372 5051 ἅμα
1405 4981 1606 5043 πάντες
1631 4996 1644 5012 ·
1684 4979 1810 5031 ὅθεν

1924 4987 1974 5034 et
2028 4980 2288 5048 hymnum
2342 4973 2629 5030 Hierothei
2684 4970 2936 5026 admirati
2989 4975 3120 5024 sunt
3153 4967 3362 5023 cuneti.
3413 4965 3484 5020 Et

254 5067 352 5122 καὶ
409 5071 489 5132 είς
540 5070 630 5124 τὸν
677 5071 856 5142 ὕμνον.
894 5073 1156 5128 ’Ῑεοοθέου
1212 5075 1415 5136 πάντες
1458 5072 1816 5141 ὲΟαύμασανο

330 5240 373 5272 ¹¹
405 5240 581 5296 Galat.
609 5258 668 5305 ιι,
700 5244 754 5298 2.
834 5245 920 5300 ¹⁸Ι
946 5243 1073 5301 Cor.
1110 5262 1200 5313 xv,
1231 5246 1285 5300 6.
1363 5246 1408 5279 “
1442 5246 1487 5301 ll
1521 5247 1646 5302 Cor.
1685 5260 1786 5310 xu,
1811 5244 1866 5298 4.

1920 5069 2155 5129 cantatis
2188 5066 2430 5138 hymnis,
2474 5071 2599 5136 post
2639 5062 2923 5121 funebrem
2970 5074 3228 5132 pompam
3273 5072 3488 5131 posuc-.

1595 5333 1968 5410 Mingarellii
2006 5339 2194 5396 notae.

490 5451 646 5528 μσς»,
685 5455 1027 5528 ἣἭρῴδης,
1056 5455 1099 5526 6}
1120 5457 1562 5528 καὶΪΑγρίππας,
1604 5457 1738 5518 υἱός.

337 5523 446 5593 (76)
488 5521 784 5593 8.;Marim
820 5521 1498 5593 Virginis'testam'e'mum
1544 5535 1811 5580 memorat

263 5590 502 5654 Joannes
551 5590 1077 5656 Thessalonicensis,
1123 5597 1369 5649 oratione
1423 5596 1476 5648 in
1518 5595 1810 5647 Dormitio-

263 5679 388 5718 nem
433 5660 694 5730 Deiparm.
743 5660 878 5716 Vide
922 5663 1232 5718 Combefisii
1285 5664 1475 5727 Notas,
1523 5677 1644 5731 pag.
1679 5662 1805 5729 786,

265 5731 594 5804 Appendicis
624 5732 688 5788 ad
715 5732 1004 5790 Historiam
1052 5733 1268 5787 hwresis
1318 5732 1810 5799 Monothelitarum,

1920 5456 2035 5511 sive
2067 5458 2308 5512 Auctarii
2339 5455 2496 5512 Novi.

1992 5527 2105 5596 (77)
2145 5527 2218 5584 De
2241 5528 2467 5596 spuriis
2498 5523 2697 5596 libellis
2738 5524 2796 5579 S.
2839 5521 3211 5596 Bai-tholorum}
3247 5522 3477 5578 nomine.

1919 5591 2174 5667 conﬁctis
2226 5591 2337 5667 ag'it
2379 5594 2686 5662 Fabricius,
2714 5609 2836 5667 pag.
2867 5592 2971 5648 340
3023 5591 3227 5648 codicis
3270 5605 3460 5661 apocr.

1915 5662 2054 5722 Novi
2087 5662 2331 5723 Testafn.
2370 5673 2512 5736 part.
2548 5679 2588 5718 ι.
