4148 6334
637 366 738 431 215

1872 376 2271 439 ΕΡΙΡΗΑΝΙΙ
2320 379 2663 441 MONACHI

3772 382 3879 446 216

637 488 765 532 runt
813 492 933 533 eam
984 494 1037 532 .n
1068 486 1424 537 monumento
1459 498 1471 534 :
1504 495 1703 552 nempe
1735 484 1790 539 in
1824 484 2198 541 Gethscurani.

2314 489 2402 542 καὶ
2434 492 2572 559 μετά
2618 490 2718 557 τὴν
2768 489 3000 559 ὐμνησιν
3038 490 3403 561 κηδεύσαντες
3444 493 3633 564 αὐτὴν,
3671 494 3880 567 ἔθηκαν

637 570 701 623 Et
729 581 850 640 post
875 586 1103 638 par-rum
1144 580 1383 641 tempus,
1417 575 1799 643 spectantibus
1823 577 2078 632 omnibus
2104 580 2198 648 qui

636 662 886 723 aderant,
934 675 1137 731 corpus
1186 662 1388 717 factum
1442 674 1526 721 est
1583 666 1859 723 invisibile
1909 668 1978 725 ab
2023 670 2201 724 oculis

637 766 848 806 eorum.
877 752 941 806 Et
976 770 1167 810 rursus
1206 766 1467 814 canentes
1519 761 1745 832 hymnos
1785 764 2037 819 abierunt
2082 764 2200 819 sin-

636 846 745 914 guli
778 851 842 899 ad
881 848 1128 914 proprias
1158 849 1370 904 domos.

708 936 896 991 XXVI.
917 939 1056 992 Anni
1083 955 1212 994 vero
1232 940 1349 1009 ejus
1374 954 1728 997 numerantur
1749 947 1849 1001 sic.
1877 947 2200 1017 Septennem

638 1040 894 1098 parentes
943 1048 1061 1087 eam
1112 1032 1343 1089 Domino
1388 1036 1706 1091 obtulerunt
1762 1039 1815 1093 in
1877 1038 2200 1095 Jerusalem.

638 1119 837 1175 Mansit
867 1123 918 1176 in
948 1125 1151 1194 templo
1197 1141 1291 1181 sex
1340 1142 1550 1196 annos,
1585 1138 1639 1186 et
1685 1131 1964 1185 dimidium
2006 1142 2107 1186 :et
2149 1132 2203 1186 in

638 1212 801 1267 domo
824 1213 1044 1284 Josephi
1083 1231 1176 1272 sex
1226 1233 1442 1274 menses
1487 1237 1500 1273 :
1534 1228 1664 1276 tunc
1703 1222 2083 1276 annuntiatum
2122 1230 2205 1277 est

638 1303 688 1356 ei
730 1296 985 1373 gaudium
1018 1307 1185 1363 totius
1220 1311 1429 1364 mundi.
1462 1309 1663 1377 Quinto
1697 1311 1909 1366 decimo
1942 1327 2085 1366 anno
2114 1327 2206 1381 pe-

636 1398 798 1466 perit.
842 1399 905 1452 Et
942 1414 1066 1454 cum
1113 1400 1253 1458 Filio
1294 1401 1395 1458 fuit
1423 1405 1637 1473 triginta
1680 1413 1790 1459 tres
1831 1419 2027 1460 annos.
2067 1404 2206 1459 Sunt

638 1488 801 1542 simul
840 1491 966 1544 anni
1008 1491 1099 1545 48.
1135 1491 1269 1547 Post
1311 1494 1693 1549 ascensionem
1725 1493 1849 1548 Filii
1898 1495 2102 1549 mansit
2150 1496 2205 1549 in

640 1580 806 1636 domo
838 1582 1064 1638 Joannis
1096 1582 1360 1655 Theologi
1416 1587 1467 1639 in
1501 1594 1691 1641 saneta
1723 1584 1849 1641 Sion
1883 1587 2045 1641 simul
2080 1603 2205 1642 cum

638 1672 783 1743 ipso,
812 1682 863 1728 et
897 1675 1017 1729 aliis
1045 1677 1139 1746 qui
1182 1677 1256 1731 ibi
1285 1686 1481 1741 erant,
1520 1692 1697 1731 annos
1734 1676 1825 1731 24.
1865 1676 2088 1732 Summa
2123 1688 2208 1734 est

638 1779 908 1820 annorum
945 1766 1026 1820 72.
1056 1766 1186 1820 Post
1231 1767 1619 1823 dorrnitionem
1656 1784 1783 1824 vero
1828 1779 2036 1826 sanctre
2077 1770 2206 1826 Dei-

638 1870 783 1925 parte
807 1872 998 1911 omnes
1028 1858 1258 1927 apostoli
1290 1859 1527 1930 dispersi
1558 1872 1715 1927 sunt;
1743 1870 1793 1916 et
1817 1860 2056 1918 Joannes
2082 1877 2208 1931 pro-

636 1946 812 2003 fectus
839 1956 923 2003 est
959 1948 1254 2018 Ephesum.
1306 1950 1591 2006 Matthazus
1635 1962 1816 2007 autem
1871 1956 2204 2025 evangelista

634 2037 763 2092 dicit
802 2055 816 2091 :
850 2054 1021 2107 usque
1052 2040 1117 2095 ad
1156 2044 1615 2113 expugnationem
1656 2043 2016 2116 Jerosolymae
2046 2063 2206 2102 nemo

635 2142 761 2183 tneo
794 2138 1038 2201 tempore
1080 2131 1193 2204 (87)
1240 2134 1440 2190 missus
1493 2134 1614 2190 fuit.
1673 2135 2027 2205 Evangelium
2076 2154 2205 2192 vero

633 2221 779 2290 quod
825 2223 1123 2278 secundum
1158 2225 1333 2295 ipsum
1364 2236 1469 2295 est,
1504 2236 1627 2298 post
1668 2230 1740 2283 30
1769 2243 1944 2284 annos
1976 2231 2201 2300 scripsit

633 2328 699 2368 ex
738 2316 992 2371 mandato
1034 2314 1222 2372 Jacobi
1278 2317 1469 2375 fratris
1519 2320 1761 2385 Domini,
1802 2322 1895 2390 qui
1944 2322 2097 2386 vixit,
2150 2332 2209 2402 pt

633 2407 789 2471 dicit,
820 2416 943 2478 post
976 2410 1364 2465 Ascensionem
1404 2412 1616 2466 Domini
1645 2426 1818 2467 annos
1841 2411 1931 2467 28.
1971 2410 2209 2467 Jacobus

634 2508 815 2554 autem
846 2501 946 2557 iste
993 2503 1227 2573 partitus
1258 2513 1344 2558 est
1382 2504 1517 2575 ipsis
1563 2504 1833 2573 regiones,
1883 2516 1937 2559 et
1985 2505 2208 2561 mittens

633 2606 752 2658 eos,
780 2596 1037 2667 pragcepit
1070 2594 1394 2664 unicuique,
1426 2604 1485 2649 ut
1521 2597 1752 2665 singulis
1786 2596 1953 2651 annis
1985 2598 2034 2652 ei
2070 2598 2206 2652 scri-

621 2675 972 2757 ,Iierent(79)
1015 2688 1142 2757 quid
1173 2688 1433 2743 docerent
1475 2704 1489 2741 :
1534 2689 1678 2759 quod
1720 2695 1775 2744 et
1820 2689 2086 2756 fecerunt,
2147 2697 2205 2743 ut

635 2793 827 2833 eorum
894 2779 1145 2834 doctrina
1199 2788 1569 2836 consentanea
1626 2791 1771 2836 esset
1818 2782 2204 2851 praedicationi

635 2870 865 2937 Christi,
914 2872 1006 2927 cui
1041 2872 1213 2941 gloria
1252 2882 1305 2927 et
1364 2873 1608 2942 potentia
1646 2873 1698 2927 in
1749 2874 1972 2929 saecula.
2008 2874 2203 2956 (triten.

2304 583 2362 634 ὲν
2397 585 2644 653 μνημείῳ
2669 598 2681 611 ο
2713 582 2869 651 δῆλον
2899 582 2954 634 δὲ
2979 583 3055 645 είς
3085 582 3431 653 Γεθσημαννίμ
3463 587 3571 638 Καὶ
3606 590 3724 656 μετ’
3765 587 3881 640 ὀλί-

2306 691 2401 742 γον
2449 678 2667 730 πάντων
2711 674 3066 744 θεωρούντων
3111 675 3221 727 τῶν
3270 676 3576 747 παρόντων,
3628 678 3687 731 τὸ
3718 679 3880 749 σῶμα

2304 767 2532 836 γέγονεν
2585 762 2823 836 ἄφαντον
2876 767 2985 821 ἀπὸ
3029 768 3137 819 τῶν
3184 768 3483 837 ὀφθαλμῶν
3541 770 3751 822 αὐτῶν*
3786 772 3879 823 καὶ

2306 860 2470 913 πάλιν
2493 861 2859 931 ὑμνήσαντες,
2892 860 3133 927 ἀπῆλθεν
3160 860 3388 923 ἕκαστος
3409 863 3486 923 είς
3510 859 3578 912 τά
3604 860 3732 913 [δια.

2376 944 2520 1014 KQ”.
2576 948 2967 1017 Ἀριθμοῦνται
2986 949 3041 1001 δὲ
3086 948 3153 1001 τὰ
3180 947 3273 1017 ἔτη
3300 948 3467 1017 αὐτῆς
3488 948 3664 1011 οὔτως
3687 965 3701 979 ·
3739 948 3877 1000 ἑπτὰ

2307 1040 2443 1093 ὲτῶν
2481 1040 2821 1111 προσέφερον
2883 1042 2931 1092 ot
2963 1042 3141 1109 γονεῖς
3182 1039 3258 1110 τῷ
3298 1040 3488 1110 Κυρίῳ
3533 1042 3617 1117 είς
3653 1040 3879 1110 Ἰεροσό-

2307 1134 2475 1202 λυμα,
2510 1135 2607 1187 καὶ
2637 1134 2691 1186 ὲν
2724 1133 2799 1203 τῷ
2839 1133 2950 1202 ναῷ
3001 1134 3061 1198 ἒξ
3108 1134 3305 1204 ἥμισυ,
3347 1133 3443 1186 καὶ
3471 1135 3549 1195 είς
3580 1133 3671 1186 τὸν
3728 1132 3879 1185 οἷκον

2320 1225 2517 1296 Ἰωσὴφ
2542 1224 2719 1293 μῆνας
2743 1224 2804 1289 ἓξ
2824 1243 2835 1256 -
2886 1226 2982 1278 καὶ
3010 1224 3372 1296 εὐηγγελίσθη
3394 1224 3493 1293 τὴν
3537 1224 3881 1294 παγκόσμιον

2308 1320 2504 1390 χαράν,
2538 1321 2631 1372 καὶ
2655 1319 2733 1388 τῷ
2759 1318 3238 1388 πεντεκαιδεκάτῳ
3266 1319 3375 1371 ἔτει
3400 1318 3587 1371 ἔτεκεν
3612 1336 3625 1348 ·
3659 1318 3750 1371 καὶ
3784 1318 3882 1370 οὐν

2307 1412 2387 1479 τῷ
2442 1408 2555 1481 Υίῷ
2583 1412 2677 1481 ἔτη
2706 1408 2820 1477 λγ’·
2863 1408 2999 1479 ὁμοῦ
3051 1409 3288 1478 γίνονται
3322 1409 3419 1477 ἔτη
3464 1405 3572 1477 μη’.
3601 1407 3709 1459 Καὶ
3742 1406 3879 1474 μετά

2307 1503 2403 1558 τοῦ
2436 1502 2567 1557 Υίλοῦ
2613 1503 2713 1569 τὴν
2768 1502 3036 1573 ἀνάληψιν
3091 1503 3170 1565 εἰς
3199 1501 3290 1553 τὸν
3318 1500 3465 1553 οἶκον
3513 1498 3759 1552 Ἰωάννου
3788 1498 3880 1550 τοῦ

2309 1595 2573 1664 Θεολόγου
2604 1596 2684 1657 είς
2708 1594 2806 1662 τὴν
2836 1594 2996 1662 ἁγίαν
3027 1592 3163 1645 Σιὼν
3192 1582 3290 1645 σύν
3328 1590 3474 1659 αὐτῷ
3507 1590 3600 1641 καὶ
3630 1590 3743 1650 τοῖς
3787 1588 3882 1639 σὺν

2311 1689 2518 1749 αὐτοῖς,
2546 1687 2640 1757 ἔτη
2671 1685 2747 1737 κδ’
2769 1701 2780 1713 ·
2805 1684 2941 1754 ὁμοῦ
2975 1684 3070 1755 ἐτη
3096 1682 3194 1754 οβ’.
3220 1684 3374 1737 Μετὰ
3403 1683 3459 1736 δὲ
3491 1682 3589 1752 τὴν
3627 1680 3884 1749 κοίμησιν

2310 1780 2409 1849 τῆς
2441 1777 2602 1844 ἁγίας
2656 1775 2923 1828 Θεοτόκου
2956 1774 3156 1837 πάντες
3184 1776 3233 1826 οί
3263 1772 3547 1836 ἀπόστολοι
3588 1769 3886 1839 διεσπάρη-

2313 1889 2434 1937 σαν,
2470 1872 2563 1924 xui.
2603 1870 2855 1939 Ἰωάννης
2901 1866 3170 1937 κατῆλθεν
3197 1866 3277 1928 είς
3318 1866 3573 1933 Ἔφεσον.
3607 1860 3884 1921 Macedo;

2312 1961 2369 2014 δὲ
2426 1964 2452 2014 ό
2504 1960 2901 2029 εὐαγγελιστὴς
2954 1958 3122 2025 λέγει,
3158 1957 3241 2010 ὅτι
3296 1955 3441 2017 Ἕως
3480 1953 3580 2022 τῆς
3630 1950 3884 2011 ἁλώσεως

2325 2051 2702 2123 Ἰερουσαλὴμ,
2758 2050 2934 2108 οὐδεὶς
2981 2047 3222 2117 οὐδαμοῦ
3294 2046 3388 2099 ἐπὶ
3436 2043 3569 2112 ἐμοῦ
3595 2040 3879 2110 ἐπέμφθη.

2311 2146 2384 2199 Τὸ
2430 2144 2485 2197 δὲ
2526 2144 2647 2196 κατ’
2684 2142 2845 2194 αὐτὸν
2878 2138 3209 2209 Εὐαγγέλιον
3246 2136 3384 2207 μετά
3440 2136 3740 2206 τριάκοντα
3787 2130 3883 2197 ἐτη

2311 2237 2572 2307 ἔγραψεν,
2597 2235 2718 2287 κατ’
2748 2230 3050 2303 ἐπιτροπὴν
3078 2231 3340 2285 Ἰακώὅου
3378 2226 3472 2281 τοῦ
3508 2224 3736 2293 ἀδελφοῦ
3788 2223 3881 2275 τοῦ

2311 2328 2542 2398 Κυρίου,
2580 2327 2640 2387 ὃς
2658 2324 2873 2393 ἔζησεν,
2900 2324 2974 2386 ὼς
2997 2322 3168 2389 λέγει,
3205 2320 3341 2390 μετά
3374 2318 3470 2389 τὴν
3498 2314 3765 2383 ἀνάληψιν
3787 2311 3881 2365 τοῦ

2312 2418 2516 2487 Κυρίου
2552 2417 2645 2485 ἔτη
2694 2421 2801 2485 κηί.
2859 2411 3025 2477 Οὗτος
3094 2414 3150 2465 δὲ
3195 2411 3448 2472 Ἰάκωϐος
3487 2402 3883 2478 ὲμέρισεντάς

2308 2509 2494 2581 χώρας
2526 2510 2712 2571 αὐτοῖς
2734 2523 2746 2536 °
2780 2507 2875 2560 καὶ
2909 2504 3254 2559 ἀποστέλλων
3295 2502 3517 2565 αὐτοὺς,
3559 2499 3641 2551 ἑνὶ
3668 2495 3885 2562 ἑκάστῳ

2311 2599 2706 2670 παρήγγειλεν,
2746 2599 2834 2651 ἵνα
2882 2595 3067 2659 καθὼς
3110 2594 3375 2655 διδάσκει,
3398 2588 3703 2658 ἀποστέλλῃ
3733 2585 3885 2654 αύτῴ

2312 2694 2433 2746 κατ’
2462 2692 2733 2752 ἐνιαυτὸν,
2767 2690 2794 2743 ὃ
2822 2689 2919 2742 καὶ
2964 2687 3206 2747 ἐποίουν,
3262 2686 3349 2737 ἵνα
3383 2683 3639 2753 ὁμοφωνῇ
3673 2678 3751 2748 τῷ
3791 2693 3888 2746 κη.

2315 2782 2556 2853 ρύϊματι
2612 2780 2704 2834 τοῦ
2748 2779 2987 2851 Χριστοῦ
3014 2795 3027 2807 °
3056 2771 3099 2845 ᾧ
3143 2774 3326 2846 ήδόξα
3362 2774 3458 2827 καλ⁸
3491 2773 3552 2827 τὺ
3581 2770 3780 2842 κράτος
3806 2770 3886 2831 εἰς

2312 2874 2440 2937 τοὺς
2472 2872 2697 2937 αἰῶνας.
2746 2871 2942 2941 Ἀμήν.

1980 2982 2352 3061 Mingarellii
2384 2990 2571 3046 noue.

710 3105 824 3177 (78)
857 3103 1053 3167 Voces,
1086 3106 1181 3177 επὶ
1204 3105 1364 3176 ὲμου,
1400 3122 1437 3160 ι.
1467 3119 1519 3159 e.
1540 3106 1662 3177 sub
1690 3121 1797 3173 me,
1832 3119 2027 3176 nempe
2076 3120 2197 3160 meo

642 3175 912 3248 tempore,
942 3175 1376 3232 mendosasesse
1401 3175 1671 3243 suspicor.

2383 3108 2495 3178 (79)
2524 3108 2705 3164 Codex
2735 3126 2750 3163 :
2785 3106 3116 3177 ἀποστέλλῃ.
3159 3104 3364 3165 Malim.
3401 3102 3713 3173 ἐπιστέλλῃ,

641 3362 3863 3412 Wﬁm

1085 3544 1713 3635 ΕΠΙΦΑΝΙΟΥ
1778 3548 2342 3638 ΜΟΝΑΧΟΥ
2423 3541 2618 3629 ΚΑΙ
2658 3538 3451 3629 ΠΡΕΣΒΥΤΕΡΟΥ

812 3730 973 3785 ΠΕΡΙ
1003 3731 1140 3787 ΤΟΥ
1164 3730 1325 3788 ΒΙΟΥ
1355 3735 1477 3789 ΚΑΙ
1505 3734 1642 3788 ΤΩΝ
1671 3732 1987 3788 ΠΡᾹΞΕΩΝ
2019 3733 2140 3787 ΚΑΙ
2170 3731 2438 3787 ΤΕΛΟΥΣ
2484 3732 2623 3785 ΤΟΥ
2654 3730 2860 3785 ΑΓΙΟΥ
2893 3728 3015 3783 ΚΑΙ
3046 3726 3534 3783 ΠΑΝΕΥΦΗΜΟΥ
3587 3720 3713 3777 ΚΑΙ

1472 3848 1989 3905 ΠΡΩΤΟΚΛΗΤΟΥ
2046 3846 2183 3901 ΤΩΝ
2236 3846 2651 3902 ΔΠΟΣΤΟΛΩΝ
2695 3844 3036 3901 ΑΝΔΡΕΟΥ.

1019 4173 1650 4266 EPIPHANII
1805 4175 2347 4267 MONACHI
2476 4178 2622 4265 ET
2756 4172 3503 4264 PBESBYTERI

649 4378 749 4444 DE
784 4377 1094 4443 VITArET
1137 4377 1458 4440 ACTIBUS
1495 4377 1591 4440 ET
1626 4377 1894 4439 MORTE
1935 4378 2228 4450 SANCTI,
2270 4378 2366 4437 ET
2405 4373 2656 4437 PLANE
2696 4363 3118 4444 LAUDANDI,
3159 4371 3257 4431 ET
3323 4368 3552 4430 PRIMI
3613 4366 3889 4431 VOCATI

1713 4496 1957 4556 INTER
1997 4494 2431 4557 APOSTOLOS
2470 4491 2823 4554 ANDREE.

2395 4806 2726 4876 Ἐπειδήπερ
2752 4802 2938 4858 πολλοὶ
2967 4801 3344 4872 ἀνεγράψαντο
3370 4800 3519 4871 βίους
3540 4799 3634 4854 καὶ
3658 4799 3890 4870 πράξεις

2323 4898 2584 4967 θεοφιλῶν
2612 4896 2820 4966 ἀνδρῶν
2856 4913 2915 4949 τε
2946 4895 3039 4948 καὶ
3086 4894 3358 4963 γυναικῶν
3406 4892 3541 4961 πρὸς
3588 4892 3749 4961 ζῆλον
3797 4894 3890 4946 καὶ

2326 4989 2560 5059 μίμησιν
2584 4986 2692 5039 τῶν
2724 4989 2803 5048 είς
2842 4985 3092 5057 οὐράνιον
3144 4984 3331 5053 τρίϐον
3378 4981 3585 5035 ὁδεύειν
3627 4984 3891 5051 θελόντων

720 4808 990 4878 Quoniam
1021 4808 1175 4863 multi
1209 4807 1549 4875 scripserunt
1573 4806 1711 4861 vitas
1744 4816 1795 4859 et
1823 4814 1940 4861 acta
1969 4806 2059 4859 Del
2084 4805 2218 4858 ami-
2245 4809 2290 4869 C

653 4920 842 4961 corum
877 4904 1119 4956 virorum
1154 4916 1217 4955 ac
1252 4900 1563 4963 mulierum,
1608 4900 1675 4953 ad
1720 4898 2117 4954 aemulationem
2165 4906 2219 4952 et

655 4992 1014 5050 imitationem
1051 5005 1241 5051 eorum
1280 4990 1371 5052 qui
1405 4990 1683 5045 caelestem
1730 4989 1983 5042 semitam
2026 4988 2218 5041 ambu-

653 5086 766 5141 lare
800 5086 1024 5147 volunt,
1055 5092 1108 5138 et
1140 5097 1291 5152 spem
1340 5082 1541 5136 habent
1582 5095 1749 5159 regna
1798 5080 2060 5135 coalorum
2102 5079 2218 5131 atti-

652 5175 898 5246 piscendi
932 5190 1027 5243 per
1074 5171 1353 5241 angustias
1383 5182 1435 5227 et
1482 5172 1695 5228 labores
1725 5172 1960 5237 multos;
1992 5172 2135 5226 sicut
2168 5179 2221 5225 et

652 5274 954 5336 martyrum
1008 5265 1184 5319 luctas
1237 5272 1293 5317 et
1338 5264 1519 5331 praelia
1570 5272 1761 5318 contra
1815 5262 2116 5325 diabolum,
2166 5273 2221 5316 et

651 5359 945 5430 prmclaras
983 5359 1212 5413 virtutes
1244 5368 1301 5413 et
1329 5357 1616 5421 miracula;
1648 5372 1753 5411 non
1792 5357 1965 5412 solum
2010 5366 2216 5422 autem,

654 5449 750 5503 sed
787 5456 839 5501 et
870 5454 1182 5503 sanetorum
1212 5444 1566 5501 eremitarum
1598 5445 1707 5501 otia
1734 5454 1785 5501 et
1817 5446 2001 5500 mundi
2041 5446 2218 5515 fugas,

656 5548 713 5593 et
737 5552 1026 5611 corporum
1057 5539 1450 5601 ordinationes,
1486 5536 1766 5591 beatorum
1795 5549 1977 5592 autem
2008 5548 2221 5607 aposto-

653 5631 833 5684 lorum
872 5629 1014 5683 vitas
1048 5644 1208 5683 nemo
1239 5628 1496 5683 decenter
1534 5629 1754 5697 scripsit
1785 5644 1798 5679 :
1830 5628 2010 5683 visum
2043 5638 2127 5683 est
2165 5637 2219 5684 et

654 5720 782 5776 mihi
812 5718 1070 5788 cupienti,
1099 5728 1153 5774 et
1178 5720 1281 5773 hac
1311 5731 1364 5774 et
1391 5719 1514 5774 illac
1540 5719 1825 5789 querenti,
1860 5721 2211 5790 investigare,

654 5819 708 5867 et
730 5809 981 5883 excipere
1001 5825 1066 5868 ex
1092 5810 1325 5869 oculati:
1356 5810 1587 5868 testibus
1617 5821 1671 5868 et
1701 5812 1909 5869 sanctis
1934 5812 2064 5871 viris
2092 5828 2213 5885 qua:

2324 5080 2417 5132 καὶ
2449 5078 2667 5138 ἐλπίδας
2706 5078 2939 5147 ἐχόντων
2977 5076 3252 5145 βασιλείας
3275 5075 3536 5149 ,οὐρανῶν
3596 5074 3892 5129 ἀπολαύειν

2322 5169 2410 5223 διὰ
2436 5169 2668 5237 θλίψεων
2690 5170 2782 5221 καὶ
2816 5169 2997 5220 πόνων
3033 5167 3264 5229 πολλῶν,
3297 5162 3409 5219 οἷον
3450 5171 3549 5228 τὰς
3591 5166 3700 5219 τῶν
3753 5184 3889 5237 μαρο

2322 5260 2501 5328 τύρων
2534 5257 3001 5325 παλαίστραςνκαὶ
3040 5257 3257 5323 ἀγῶνας
3306 5257 3445 5309 κατά
3493 5256 3588 5310 τοῦ
3641 5258 3891 5313 διαϐόλου

2323 5353 2421 5408 καὶ
2452 5351 2918 5420 ἀνδραγαθήματα
2956 5350 3049 5404 καὶ
3090 5350 3558 5419 θαυματουργίας,
3612 5352 3674 5403 οὐ
3733 5352 3891 5419 μόνον

2322 5443 2404 5508 δὲ,
2457 5442 2593 5496 ἀλλά
2633 5440 2725 5493 καὶ⁵
2782 5440 2943 5493 ὁσίων
2991 5441 3245 5510 ἀσκητῶν
3276 5442 3509 5512 ἡσυχίας
3568 5442 3663 5495 καὶ¹
3717 5444 3889 5511 φυγάς

2323 5533 2595 5604 κοσμικὰς
2629 5532 2720 5584 καὶ
2754 5532 2939 5596 τάξεις
2986 5533 3288 5599 σωμάτωνο
3329 5533 3438 5586 τῶν
3494 5534 3550 5586 δὲ
3602 5535 3890 5605 μακαρίων

2325 5625 2641 5681 ἀποστόλων
2667 5626 2843 5685 οὐδεὶς
2884 5626 3033 5695 βίους
3066 5626 3421 5697 ἀνεγράψατο
3466 5626 3683 5690 αἰσίως·
3745 5628 3889 5694 ἔδοξε

2328 5716 2497 5786 κάμοὶ
2530 5714 2783 5768 ποθοῦντι
2821 5718 2913 5768 καὶ
2949 5714 3198 5787 ζητοῦντι
3237 5712 3337 5773 ὧδε
3376 5720 3622 5781 κάκεῖσε,
3666 5721 3892 5789 ἐρευνῆ-

2330 5830 2419 5868 σαι
2443 5810 2538 5865 καὶ
2566 5808 2885 5876 ἐκλέξασθαι
2936 5811 3082 5881 παρὰ
3132 5811 3421 5865 αὐτοπτῶν
3464 5812 3562 5865 καὶ
3618 5810 3890 5881 θεοφόρων
