4148 6334
705 384 816 450 219

1933 380 2335 449 ΕΡΙΡΗᾹΝΙΙ
2371 382 2716 454 MONACHI

3838 404 3948 466 22ιί

705 512 793 558 tos
819 501 1075 573 Scythas.
1104 502 1245 558 sicut
1277 503 1352 559 ait
1381 513 1433 558 et
1460 505 1574 572 ipse
1594 502 1789 558 Petrus
1823 503 1876 558 in
1904 503 2142 573 Epistula
2185 516 2273 555 ca-

2388 497 2465 553 iov
2489 505 2567 566 εἰς
2594 505 2865 574 Σινώπην,
2898 506 3048 560 πόλιν
3080 509 3171 562 τοῦ
3195 512 3396 566 Πόντου
3437 514 3495 567 ἐν
3540 517 3652 578 τοῖς
3709 517 3950 586 λεγομϋ

706 597 904 650 tholica
939 594 1170 650 Pontum
1203 607 1254 652 et
1285 595 1571 652 Galatiam.
1601 597 1726 651 Erat
1750 606 1929 652 autem
1959 596 2269 651 .ludzcorum

707 687 1000 740 multitudo
1031 703 1226 753 magna
1268 691 1319 741 in
1352 689 1571 742 civitate
1598 690 1708 750 illa.
1751 691 2012 745 habentes
2042 691 2181 744 inter
2214 708 2273 746 se

705 780 1087 836 dissensiones
1107 782 1326 844 multus,
1352 783 1454 834 viri
1480 784 1722 838 moribus
1757 785 1971 838 barbari
2009 794 2061 838 ct
2094 785 2269 850 eﬂ'eri,

707 872 800 939 qui
832 883 1050 940 prOpter
1079 875 1174 925 hoc
1197 882 1460 926 vocantur
1490 875 1947 945 anthropophagi.
1977 876 2271 934 Venientes

707 971 889 1018 autem
926 966 1161 1033 apostoli
1214 966 1406 1020 Petrus
1461 978 1513 1020 ct
1553 971 1821 1028 Andreas.
1875 985 1982 1021 non
2039 969 2271 1038 ingressi

711 1065 840 1107 sunt
880 1055 1176 1118 civitatem.
1207 1059 1300 1111 sed
1335 1057 1387 1109 iu
1429 1061 1805 1126 promontorio
1851 1060 2039 1114 insulae
2077 1062 2271 1116 morati

707 1156 851 1199 sunt.
896 1148 1021 1200 Erat
1048 1157 1228 1202 autem
1257 1150 1530 1204 desertum
1565 1153 1718 1220 quasi
1749 1152 1914 1207 millia
1941 1168 2032 1207 Sex
2071 1169 2100 1208 a
2143 1153 2272 1207 civi-

707 1244 837 1290 tate.
861 1237 940 1290 Ad
972 1239 1148 1306 ipsum
1178 1250 1355 1294 autent
1386 1259 1506 1295 cum
1539 1244 2000 1311 pervcnissemus,
2024 1261 2121 1312 ego
2146 1246 2272 1314 qui-

706 1330 828 1383 dem
856 1328 1194 1398 Epiphanius
1224 1335 1524 1388 monachus
1550 1346 1602 1388 et
1625 1337 1929 1408 presbyter,
1955 1347 2008 1392 et
2035 1339 2281 1393 Iacobus

707 1423 1034 1486 monachus,
1079 1425 1387 1480 invenimus
1443 1428 1756 1481 Oratorium
1813 1429 1988 1483 sancti
2038 1431 2272 1498 apostoli

707 1513 962 1576 Andreas,
997 1525 1052 1569 et
1086 1515 1223 1572 duos
1252 1520 1548 1575 monachos
1587 1521 1954 1591 presbyteros.
1988 1522 2275 1592 Theophav

709 1621 830 1658 nem
863 1615 918 1660 ct
950 1605 1294 1675 Simeonem;
1335 1622 1387 1666 et
1415 1613 1640 1680 cﬂigicm
1678 1616 1849 1668 sancti
1881 1615 2130 1678 Andreae,
2175 1615 2275 1666 mi-

707 1697 932 1750 rabilem
959 1701 1138 1766 plane.
1160 1701 1210 1754 in
1231 1717 1508 1757 marmore
1532 1706 1800 1760 etclatant.
1827 1707 1894 1759 Et
1917 1704 2274 1773 Theophanes

2378 617 2487 661 νοις
2519 600 2774 662 Σκύθαις,
2807 601 2879 664 ὡς
2911 603 3005 655 καὶ
3039 603 3196 666 αὐτὸς
3225 607 3426 676 Πέτρος
3482 611 3537 661 ἐν
3585 613 3648 679 τῇ
3681 611 3945 680 καθολικῇ

2389 690 2678 762 Ἐπιστολῇ
2737 691 2939 758 λέγει’
2993 694 3190 745 Πόντον
3228 698 3321 747 καί⁵
3385 697 3670 752 Γαλατίαν.
3725 697 3834 752 Ἦν
3895 701 3950 753 δὲ

2379 782 2655 836 Ἰουδαίων
2689 784 2890 853 πλῆθος
2920 786 3052 837 πολὺ
3089 789 3144 838 ἐν
3179 791 3244 858 τῇ
3291 789 3443 841 πόλει
3481 791 3684 861 ἐκείνῃ,
3728 795 3947 859 ἔχοντες

2379 874 2504 927 καθ’
2533 876 2762 936 ἑαυτοὺς
2798 875 3041 944 αἱρέσεις
3075 877 3296 941 πολλὰς,
3331 880 3520 947 ἄνδρες
3577 884 3642 933 τὰ
3672 883 3776 952 ἢθη
3815 883 3950 951 βάρ-

2378 966 2536 1036 εαροι
2578 967 2668 1020 καὶ
2703 970 2987 1037 ἀνήμεροι,
3046 968 3096 1020 οἳ
3129 971 3203 1040 (ι)
3252 971 3439 1024 ἐνεκεν
3462 973 3651 1026 τούτου
3693 975 3948 1040 λέγονται

2378 1060 2824 1128 ἀνθρωποφάγοι.
2860 1060 3138 1123 Ἐλθόντες
3188 1062 3244 1113 δὲ
3299 1065 3348 1114 οἰ
3394 1055 3683 1118 ἀπόστολοι
3741 1067 3950 1133 Πέτρος

2381 1153 2474 1205 καὶ
2518 1151 2772 1221 Ἀνδρέας
2811 1154 2910 1204 οὐκ
2945 1153 3194 1221 εἰσῆλθον
3219 1155 3275 1205 ἐν
3302 1157 3366 1223 τῇ
3412 1156 3583 1220 πόλει,
3641 1157 3754 1208 ἀλλ’
3779 1160 3855 1218 εἰς
3883 1159 3947 1208 τὺ

2379 1244 2546 1315 ἄκρον
2580 1247 2677 1315 τῆς
2717 1245 2882 1314 νήσου
2915 1245 3238 1298 κατέλυσαν.
3263 1240 3370 1296 Ἦν
3405 1245 3459 1297 δὲ
3506 1246 3707 1316 ἕρημος
3735 1249 3807 1307 ὼς
3837 1251 3949 1302 ἀπὸ

2383 1337 2576 1405 μιλίων
2602 1338 2698 1406 τῆς
2739 1322 2944 1400 πόλεως
2985 1338 3065 1401 ἐξ.
3116 1337 3203 1389 Ἐν
3235 1337 3374 1406 αὐτῇ
3405 1337 3460 1389 δέ
3505 1338 3787 1404 γενόμενοι
3835 1341 3951 1405 ἐγώ

2380 1444 2446 1480 τεν
2481 1428 2796 1496 Ἐπιφάνιος
2820 1431 3050 1497 μοναχδς
3079 1431 3171 1480 καὶ
3195 1428 3595 1498 πρεσϐύτερος,
3636 1429 3730 1481 καὶ¹
3758 1428 3951 1482 Ἰάκωο

2381 1520 2471 1580 6ος
2496 1519 2750 1588 μοναχὸς,
2789 1519 3020 1586 εὕρομεν
3045 1521 3335 1587 εὐκτήριον
3374 1519 3466 1572 τοῦ
3518 1519 3671 1587 ἀγίου
3717 1521 3959 1572 ἀποστό-

2378 1609 2470 1660 λου
2515 1608 2762 1676 Ἀνδρέου
2787 1609 2882 1661 καὶ
2911 1610 3004 1662 δύο
3035 1612 3301 1680 μοναχους
3334 1611 3761 1680 πρεσϐυτέρους,
3812 1610 3955 1663 Θεο-

2379 1699 2554 1768 φάνην
2600 1699 2694 1752 καὶ
2724 1699 2972 1768 Συμεὼν,
3003 1703 3096 1753 καὶ
3126 1702 3312 1754 εἰκόνα
3338 1686 3428 1753 τοῦ
3462 1701 3622 1768 ἁγίου
3669 1701 3950 1770 Ἀνδρέου.

705 1800 824 1843 crat
855 1807 1028 1844 annos
1064 1797 1350 1862 plusquam
1385 1799 1727 1866 septuaginta
1760 1808 1939 1866 natus,
1963 1801 2052 1868 qui
2087 1806 2275 1854 osten-

2388 1793 2707 1864 θαυμαστὴν
2727 1784 2902 1858 κπάνυ,
2952 1798 3032 1858 εἰς
3098 1799 3394 1867 μάρμαρον
3444 1798 3953 1866 ὑλογραφουμένην.

708 1880 789 1933 dit
836 1883 992 1934 nobis
1023 1883 1312 1937 cathedras
1353 1888 1756 1954 apostolorum,
1791 1899 1844 1942 et
1879 1891 2090 1957 lapidea
2122 1893 2276 1946 cubi-

709 1973 857 2027 culn.
905 1973 966 2025 Et
1015 1974 1154 2028 dixit
1209 1980 1332 2046 quia
1383 1981 1486 2032 sub
1545 1978 1805 2033 Cabaliuo
1859 1982 2272 2053 (Copronymu),

709 2074 976 2120 venerunt
1029 2067 1249 2136 quidam
1327 2072 1672 2126 icouoclastae
1729 2078 1976 2130 volentes
2033 2087 2271 2131 statuam

709 2159 1103 2221 comminuere,
1135 2172 1187 2212 et
1220 2163 1385 2215 multa
1418 2169 1688 2218 tentantes
1722 2167 1796 2219 nil
1842 2177 2155 2234 potuerunt,
2182 2172 2274 2224 sed

708 2248 892 2314 patius
928 2249 1154 2304 inﬁrmae
1182 2235 1336 2305 facta:
1361 2265 1697 2309 suntmauus
1716 2271 1926 2312 eorum.
1954 2258 2277 2314 Traditione

711 2347 889 2394 autem
917 2352 1185 2405 tenemus,
1213 2347 1338 2411 quia
1369 2346 1583 2399 virente
1617 2348 1792 2402 adhuc
1819 2352 2066 2416 apostolo
2099 2353 2276 2422 imago

698 2430 856 2503 tacta
897 2441 1001 2495 est,
1034 2443 1086 2488 ct
1115 2437 1424 2492 curatiOncs
1460 2441 1664 2492 multas
1699 2453 1988 2509 Operatur.

784 2612 916 2664 Cum
937 2613 1212 2670 venissent
1243 2627 1422 2673 autem
1456 2622 1681 2689 apostoli
1707 2622 1901 2676 Petrus
1927 2634 1978 2678 et
2003 2625 2274 2686 Andreas.

714 2713 770 2755 et
831 2706 884 2758 in
942 2707 1144 2762 finibus
1211 2712 1407 2763 morati
1453 2723 1664 2775 essent,
1719 2714 1995 2769 dminoues
2040 2718 2280 2784 regionis

716 2793 861 2850 illius
910 2797 1283 2852 clamaverunt
1340 2801 1582 2857 dicentes
1626 2818 1638 2854 :
1675 2803 1813 2869 Quia
1861 2806 2115 2873 discipuli
2148 2805 2278 2862 Jcsu

713 2896 981 2940 venerunt
1004 2889 1199 2954 ejicere
1227 2906 1326 2944 nos
1357 2907 1385 2945 a
1412 2893 1540 2947 viris
1567 2894 1668 2946 loci
1703 2895 1881 2962 hujus.
1910 2895 1984 2949 Ex
2021 2898 2150 2952 urbe
2182 2913 2280 2950 an-

713 2984 821 3028 tem
848 2979 1067 3045 quidam
1111 2980 1397 3038 audientes
1432 2985 1686 3040 exierunt
1731 2987 1796 3040 ad
1831 3003 1946 3042 eos.
1992 2990 2058 3042 Et
2093 2990 2276 3058 populi

715 3067 994 3121 seruientes
1022 3068 1320 3124 aﬂ‘crcbant
1349 3083 1565 3128 vexatos
1596 3091 1623 3128 a
1653 3076 1917 3142 daemone,
1946 3088 2000 3132 et
2038 3081 2283 3133 laboran-

2389 1884 2496 1936 Καὶ
2523 1887 2549 1937 ὁ
2574 1885 2852 1957 Θεοφάνης
2873 1889 3009 1958 ἐτῶν
3044 1883 3111 1954 ἦν
3143 1889 3402 1941 ἐπέκεινα
3449 1888 3564 1939 τῶν
3603 1894 3672 1952 ο’,
3719 1888 3776 1948 ὃς
3820 1889 3959 1938 ἔδει·

2386 1976 2475 2039 ξεν
2523 1977 2652 2044 ἡμῖν
2701 1977 2801 2039 τὰς
2863 1977 3136 2047 καθέδρας
3187 1979 3277 2030 τῶ·
3350 1979 3663 2030 ἀποστόλων
3710 1978 3800 2030 καὶ
3854 1976 3958 2038 τὰς

2384 2068 2695 2131 ἀνακλίσεις
2724 2070 2814 2122 ἐπὶ
2851 2069 3037 2122 λίθων.
3073 2070 3181 2121 Καὶ
3215 2069 3422 2135 ἔλεγεν,
3456 2071 3536 2122 ὅτι
3570 2070 3661 2123 ἐπὶ
3694 2069 3786 2122 τοῦ
3835 2069 3956 2120 Κα-

2385 2137 2602 2213 ϐαλίνου
2642 2161 2714 2230 (5)
2752 2155 2914 2230 ἦλθόν
2939 2177 3084 2222 τινες
3109 2161 3456 2230 εἰκονομάχοι
3490 2161 3734 2223 θέλοντες
3800 2159 3956 2224 ξέσαι

2383 2252 2484 2320 τὴν
2511 2253 2712 2305 εἰκόνα.
2744 2254 2854 2305 Καὶ
2889 2252 3060 2304 πολλά
3118 2253 3568 2321 μηχανησάμενοι
3607 2253 3757 2305 οὐδὲν
3802 2252 3960 2320 ἴσχυ-

2387 2362 2507 2403 σαν.
2571 2343 2770 2412 μᾶλλον
2813 2345 2869 2396 δὲ
2901 2347 2996 2396 καὶ
3036 2344 3416 2412 ἐκρατήθησαν
3465 2346 3520 2396 αἰ
3548 2347 3726 2414 χεῖρες
3751 2344 3957 2398 αὐτῶν.

2387 2434 2694 2501 Παράδοσιν
2720 2434 2776 2485 δὲ
2821 2433 3040 2503 ἔχομεν,
3082 2435 3161 2486 ὃτι
3192 2434 3271 2485 ἔτι
3319 2434 3469 2495 δντος
3518 2435 3610 2486 τοῦ
3650 2434 3956 2486 ἀποστόλου

2383 2529 2427 2595 ἡ·
2478 2525 2640 2578 εἰκὼν
2671 2524 2906 2595 ἐγράφη.
2951 2523 3102 2577 Ποιεῖ
3134 2525 3189 2577 δέ
3217 2524 3384 2585 ἰάσεις
3416 2525 3635 2585 πολλάς.

2454 2617 2751 2669 Ἐλθόντων
2813 2616 2869 2668 δέ
2930 2616 3039 2668 τῶν
3079 2616 3399 2669 ἀποστόλων
3451 2615 3658 2684 Πέτρου
3702 2615 3800 2667 καὶ
3847 2615 3958 2667 Ἀνο

2385 2710 2544 2779 δρέου
2570 2712 2660 2763 καὶ
2693 2707 3121 2764 καταλυσάντων
3168 2709 3248 2771 εἰς
3296 2710 3356 2760 τὸ
3393 2708 3562 2776 ἄκρον
3614 2706 3711 2777 (6).
3751 2706 3962 2771 εὐθέως

2387 2807 2433 2858 οἱ
2463 2804 2714 2872 δαίμονες
2744 2804 2844 2870 τῆς
2894 2802 3073 2871 χώρας
3128 2802 3343 2870 ἐκείνης
3389 2802 3621 2870 ἐϐόησαν
3680 2799 3956 2863 λέγοντες,

2388 2898 2468 2948 ὅτι
2501 2897 2561 2947 Ol
2598 2894 2689 2946 τοῦ
2734 2892 2909 2963 Ἰησοῦ
2963 2893 3205 2961 μαθηταὶ
3239 2886 3401 2960 ἦλθον
3431 2891 3616 2955 διῶξαι
3663 2892 3809 2959 ἡμᾶς
3850 2891 3962 2942 ἀπὸ

2388 2987 2498 3039 τῶν
2547 2979 2669 3038 ὧδε.
2732 2985 2826 3036 Ἐκ
2867 2985 2924 3038 δὲ
2955 2985 3054 3052 τῆς
3098 2985 3305 3046 πόλεως
3352 2984 3685 3045 ἀκούσαντες
3733 2983 3962 3050 ἐξῆλθον

2393 3078 2528 3145 πρὸς
2551 3075 2771 3135 αὐτούς.
2808 3077 2867 3126 Ol
2907 3074 2961 3126 δέ
2993 3073 3112 3126 λαοὶ
3155 3074 3545 3142 συνερχόμενοι
3596 3073 3789 3140 ἔφερον
3839 3071 3961 3124 δαι-

717 3167 799 3210 tes
829 3159 1034 3213 morbis
1072 3162 1485 3220 insanabilibus.
1519 3165 1792 3223 Exeuntes
1821 3180 2000 3224 autem
2048 3172 2278 3240 apostoli

2393 3169 2696 3237 μονιῶντας
2726 3169 2820 3220 καλ⁸
2845 3165 3133 3227 νοσοῦντας
3159 3165 3378 3216 ἀνίατα.
3418 3163 3758 3226 Ἐξελθόντες
3816 3162 3871 3214 δέ
3907 3161 3960 3214 οἰ

717 3249 782 3300 ad
809 3265 925 3312 eos,
958 3255 1220 3306 vocabant
1256 3257 1499 3312 dicentes
1533 3273 1545 3310 :
1578 3258 1732 3324 Viri,
1768 3273 1824 3316 ut
1877 3264 2004 3331 quid
2070 3264 2282 3320 habetis

715 3349 894 3394 sectas
926 3343 1147 3408 multas,
1196 3344 1400 3400 llebrtci
1437 3362 1558 3401 cum
1588 3350 1728 3413 sitis.
1767 3361 1817 3407 et
1852 3369 1958 3407 non
1989 3355 2280 3410 ambulatis

717 3432 771 3482 in
821 3431 935 3501 lege
982 3434 1155 3502 Moysi
1201 3453 1411 3501 omnes,
1458 3441 1740 3499 credentes
1781 3445 1847 3498 iis
1903 3463 2022 3512 quae
2061 3449 2284 3516 scripsit

719 3523 832 3587 ipse
864 3535 917 3576 et
944 3526 1204 3580 tradidit?
1243 3529 1314 3582 Ea
1356 3533 1502 3585 enim
1543 3549 1643 3589 nos
1695 3537 2075 3604 praedicamus.
2110 3538 2280 3604 Quem

715 3614 858 3667 enim
889 3615 1071 3672 dicitis
1107 3623 1422 3692 pr0phctam
1461 3635 1774 3690 venturum,
1809 3630 1986 3697 ipsum
2017 3635 2114 3685 no's
2145 3632 2284 3685 vidi-

721 3719 840 3758 mus
874 3714 925 3759 et
969 3709 1116 3762 misit
1159 3725 1258 3765 nos
1292 3715 1588 3779 praedicare
1623 3716 1677 3770 in
1709 3721 1928 3774 nomine
1957 3724 2074 3791 ejus
2101 3724 2276 3793 paeni—

719 3797 938 3848 tentiam
971 3807 1022 3851 et
1072 3803 1447 3858 remirsioncm
1487 3818 1831 3873 peccatorum
1866 3815 2012 3868 omni
2056 3802 2278 3878 mundo.

719 3885 1054 3942 abstinentes
1085 3891 1151 3943 ab
1199 3895 1344 3946 omni
1378 3897 1604 3957 scelere.
1647 3909 1701 3952 ct
1746 3902 2047 3970 baptizatos
2097 3907 2150 3960 in
2183 3923 2282 3962 no-

719 3975 866 4030 mine
895 3977 1037 4045 ejus.
1057 3979 1193 4034 Cum
1228 3992 1410 4038 autem
1442 3989 1622 4044 verbis
1650 3991 1836 4047 multis
1863 3997 2121 4063 populum
2158 4014 2287 4052 eon-

722 4063 1026 4122 lirmassent
1056 4078 1109 4124 et
1144 4070 1548 4131 illuminassent
1581 4076 1798 4136 Judaeos
1845 4092 1899 4137 et
1951 4084 2193 4153 Graecos,
2235 4099 2287 4143 ..ι

723 4161 806 4215 Ιιὶε
837 4163 928 4230 qui
965 4164 1016 4217 in
1050 4166 1153 4221 ﬂde
1207 4184 1424 4224 manere
1481 4177 1888 4243 sp0ponderant
1945 4196 2142 4237 manus
2183 4184 2285 4237 im-

723 4255 1061 4320 posuissent,
1099 4266 1152 4310 et
1181 4272 1412 4328 aegrotos
1467 4277 1780 4331 sanasseut,
1815 4268 2140 4326 dimiserunt
2170 4290 2283 4328 eos.

723 4339 788 4391 Et
822 4343 1156 4397 venientium
1185 4347 1384 4401 multos
1417 4347 1832 4416 baptizaverunt
1857 4355 1910 4408 in
1937 4359 2158 4414 nomine
2189 4362 2288 4414 Pa-

725 4431 824 4485 tris
848 4441 900 4486 et
922 4431 1042 4486 Filii
1071 4444 1121 4487 et
1150 4434 1385 4503 Spiritus
1417 4441 1618 4504 sancti,
1645 4451 1696 4494 ct
1724 4445 2016 4514 participes
2043 4449 2286 4505 fecerunt

724 4537 818 4576 eos
858 4524 1164 4579 divinorum
1201 4526 1404 4583 Citriin
1440 4534 1849 4601 mysteriorum.

797 4788 933 4843 Cum
957 4798 1138 4844 autem
1167 4793 1657 4853 abiissetMatthias
1684 4800 1740 4854 in
1768 4802 2043 4859 civitatem
2068 4816 2295 4877 pr0pter

727 4878 964 4946 aliquam
1015 4882 1399 4938 necessitatem
1428 4924 1442 4947 .
1496 4901 1687 4943 manus
1725 4890 2031 4958 injicientes
2069 4897 2121 4949 in
2170 4913 2293 4953 eum

728 4971 1079 5035 coniecerunt
1108 4973 1158 5026 in
1189 4989 1460 5030 carcerem
1495 4979 1667 5034 tribus
1693 4981 1908 5047 diebus,
1931 4987 2172 5043 volentes
2203 5006 2296 5057 po-

729 5060 922 5114 stridie
964 5060 1268 5120 interﬁcere
1291 5081 1437 5122 eum.
1465 5069 1714 5128 Andreas
1737 5084 1918 5130 autem
1953 5078 2295 5142 descendens

730 5151 795 5203 de
832 5161 1020 5206 monte
1055 5169 1151 5222 per
1187 5167 1401 5213 noctem
1428 5199 1443 5224 ,
1477 5164 1622 5218 venit
1661 5165 1726 5220 ad
1756 5169 2098 5241 custodiam;
2139 5190 2294 5246 porta

731 5249 909 5296 autem
938 5245 1173 5300 carceris
1207 5247 1349 5303 ultro
1369 5259 1558 5322 aperta
1585 5262 1668 5310 est
1696 5257 1768 5312 ei.
1792 5257 2086 5323 Addueens
2115 5275 2293 5323 autem

2393 3260 2683 3314 ἀπόστολοι
2709 3259 2845 3329 πρὸς
2887 3256 3457 3324 άύτοὺςπαρεκάλουν
3495 3253 3740 3321 λέγοντες
3763 3269 3775 3282 ·
3830 3255 3962 3306 Ἀν-

2391 3357 2535 3425 δρες,
2571 3353 2710 3407 διατί
2746 3353 2894 3422 ἔχετε
2930 3351 3085 3414 δόξας
3104 3350 3330 3412 πολλὰς,
3379 3348 3619 3415 Ἑϐραῖοι
3657 3347 3828 3408 ὄντες,
3868 3345 3965 3397 καὶ

2391 3447 2450 3498 οὑ
2481 3441 2776 3512 στοιχεῖσθε
2803 3439 2878 3510 τῷ
2898 3443 3044 3509 νόμῳ
3068 3437 3308 3498 Μωσέως
3338 3437 3386 3489 οἱ
3419 3436 3640 3500 πάντες,
3675 3434 3964 3487 πιστεύον-

2391 3553 2480 3599 τες
2508 3535 2650 3605 ἅπερ
2687 3533 2848 3594 αὐτὸς
2878 3531 3083 3599 ἔγραψε
3129 3531 3222 3582 καὶ
3259 3529 3613 3598 παρέδωκεν;
3673 3525 3826 3578 Αὺτά
3853 3525 3964 3592 γὰρ

2391 3629 2550 3699 ἡμεῖς
2613 3623 2956 3695 κηρύττομεν
2981 3636 3013 3654 ’κ
3036 3622 3092 3674 ὃν
3148 3620 3256 3689 γὰρ
3285 3620 3472 3686 λέγετε
3503 3618 3790 3688 προφήτην
3826 3617 3966 3668 ἀναο

2395 3722 2727 3792 στησόμενον
2755 3758 2768 3782 ,
2819 3716 3010 3770 τοῦτον
3071 3716 3233 3785 ἡμεῖς
3281 3714 3610 3781 ἑωράκαμεν
3641 3726 3656 3741 ο
3720 3709 3815 3761 καὶ
3860 3709 3966 3759 ἀπο

2395 3811 2631 3864 ἔστειλεν
2660 3810 2828 3879 ἡμᾶς,
2862 3805 3096 3877 κηρῦξαι
3124 3808 3179 3858 ἐν
3316 3802 3543 3872 ὀνόματι
3571 3799 3734 3854 αὑτοῦ
3797 3801 3965 3868 μετά-

2392 3919 2540 3955 νοιαν
2571 3902 2666 3952 καὶ
2697 3900 2889 3967 ἄφεσιν
2915 3897 3199 3966 ἁμαρτιῶν
3232 3892 3487 3960 παντὶτῷ
3509 3893 3720 3960 κόσμῳ,
3755 3893 3965 3960 ἀπεχο-

2401 3993 2594 4061 μένους
2617 3989 2803 4059 πάσης
2832 3987 3184 4058 ῥᾳδιουργίας
3206 3986 3300 4038 καὶ
3328 3983 3760 4054 βαπτιζομένους
3791 3985 3872 4044 εἰς
3901 3984 3966 4034 τὸ

2395 4086 2566 4153 ὄνομα
2599 4081 2786 4136 αὑτοῦ.
2825 4079 3047 4142 Πολλοῖς
3078 4078 3133 4130 δὲ
3163 4077 3343 4144 λόγοις
3387 4076 3475 4128 τὸν
3504 4075 3631 4128 λαὸν
3674 4074 3967 4143 στηρίξαν-

2395 4193 2485 4236 τες
2538 4174 2633 4226 καὶ
2673 4172 3004 4240 φωτίσαντες
3059 4167 3342 4228 Ἰουδαίους
3375 4169 3466 4218 καὶ
3516 4165 3805 4233 Ἕλληνας,
3870 4165 3967 4216 καὶ

2397 4264 2748 4332 συνθεμένοις
2801 4262 3060 4329 ἐμμένειν
3103 4263 3166 4327 τῇ
3199 4259 3381 4310 πίστει
3429 4260 3615 4326 χεῖρας
3657 4257 3964 4321 ἐπιθέντες,

2396 4355 2490 4405 καὶ
2540 4355 2662 4412 τοὺς
2721 4350 3008 4409 νοσοῦντας
3053 4348 3361 4415 ἰασάμενοι,
3404 4345 3681 4398 ἀπέλυσαν
3741 4344 3963 4409 αὐτούς.

2397 4448 2506 4499 Καὶ
2564 4446 2673 4497 τῶν
2721 4441 3134 4512 συνερχομένων
3185 4438 3409 4501 πολλοὺς
3452 4439 3752 4492 ἐϐάπτισαν
3791 4441 3871 4501 εἰς
3904 4440 3967 4492 τὸ

2395 4542 2565 4609 ὀνομα
2596 4536 2688 4590 τοῦ
2718 4537 2929 4605 Πατρῦς
2965 4533 3171 4587 καὶτοῦ
3193 4532 3326 4585 Υἱοῦ
3351 4535 3444 4586 καὶ
3477 4534 3568 4587 τοῦ
3604 4535 3758 4603 ἁγίου
3790 4536 3968 4588 Πνεύ-

2394 4647 2584 4701 ματος,
2618 4630 2712 4682 καὶ
2743 4627 3054 4698 μετέδωκαν
3079 4625 3263 4688 αὐτοῖς
3286 4623 3379 4677 τοῦ
3409 4625 3646 4695 Χριστοῦ
3671 4627 3777 4678 τῶν
3805 4627 3968 4679 θείων

2396 4723 2731 4791 μυστηρίων.

2465 4814 2832 4876 Κατελθόντος
2865 4813 2920 4866 δέ
2941 4813 3034 4865 τοῦ
3064 4812 3281 4866 Ματθία
3309 4813 3513 4882 εἰςτὴν
3544 4813 3698 4865 πόλιν
3727 4813 3815 4866 διά
3841 4832 3970 4866 τινα

2396 4908 2607 4978 χρείαν.
2652 4907 2700 4958 οἰ
2746 4904 2989 4957 Ἰουδαῖοι
3025 4904 3404 4974 κρατήσαντες
3444 4903 3604 4956 αὑτὸν
3651 4904 3836 4958 ἔθεντο
3887 4905 3970 4968 εἰς

2400 4996 2648 5066 φυλακὴν
2697 4997 2846 5062 τρεῖς
2895 4995 3146 5062 ἡμέρας,
3212 4991 3527 5062 βουλόμενοι
3584 4995 3647 5062 τῇ
3703 4994 3970 5064 ἐπαύριον

2400 5087 2610 5141 ἀνελεῖν
2642 5085 2823 5138 αὐτόν.
2875 5085 2932 5136 Ὀ
3000 5083 3055 5136 δὲ
3107 5083 3362 5152 Ἀνδρέας
3407 5083 3685 5138 κατελθὼν
3727 5086 3836 5138 ἀπὸ
3871 5085 3965 5138 τοῦ

2399 5179 2560 5248 ὅρους
2600 5176 2687 5228 διὰ
2739 5175 2835 5243 τῆς
2885 5174 3077 5236 νυκτὸς
3129 5168 3292 5244 ἦλθεν
3343 5177 3424 5237 εἰς
3470 5175 3568 5243 τὴν
3603 5174 3886 5246 φυλακήνο
3931 5177 3967 5246 ἡ

2400 5270 2456 5322 δὲ
2509 5267 2653 5336 πύλη
2697 5267 2796 5335 τῆς
2853 5263 3103 5334 φυλακῆς
3151 5263 3479 5331 αὐτομάτως
3529 5265 3755 5338 ὴνοίχθη
3794 5264 3964 5335 αὐτῷ.

2055 5448 2256 5509 Varia:
2287 5449 2614 5518 lectiones.

735 5570 1082 5703 ωὸᾣνριὶοη.
1146 5582 1200 5635 οἰ
1255 5585 1427 5640 textui
1488 5573 1840 5646 inserendum
1885 5603 2017 5648 erat.
2057 5596 2219 5651 Ancst
2275 5613 2301 5649 a

941 5665 969 5701 2
1001 5687 1014 5701 α

812 5716 890 5802 (5)_
912 5719 1767 5802 constantinum‘(Ioprouymum
1795 5732 2065 5802 intelligit.
2113 5735 2201 5802 Τῷ
2251 5737 2299 5802 γ’

743 5790 853 5844 ἔτει
877 5791 1070 5863 ἐτέχθη
1107 5793 1184 5863 τῷ
1217 5790 1658 5864 βασιλεῖ’Λέοντι
1701 5802 1812 5866 υἰὸς
1872 5790 2299 5869 adgemit-.6;

2411 5617 2504 5672 και
2519 5591 2612 5672 τοῦ
2630 5596 2811 5672 ’Λντιχ
2820 5595 2871 5663 ρί
2879 5611 3001 5647 στου
3018 5594 3346 5672 πρόδρομος,
3363 5590 3789 5672 μωνσταντῖνοςι
3805 5585 3964 5672 31(3-

2415 5667 2654 5728 6αλίνος.
2686 5657 2977 5735 (Ζεεάἶιιηιις⁸
3016 5657 3074 5718 ni
3100 5657 3402 5735 Cdmvpend.
3430 5660 3635 5716 Histor.
3675 5673 3728 5727 ιι.
3767 5657 3870 5713 452
3895 5657 3962 5711 C.

2412 5738 2497 5792 ed.
2533 5736 2795 5790 Parisien.
2827 5748 2875 5788 a.
2919 5733 3074 5790 1647.

2483 5807 2557 5876 (ϐ)
2587 5805 2658 5858 Τὸ
2705 5803 2890 5873 ἄκρος.
2920 5801 3045 5861 γει.
