4164 6342
194 410 296 468 221

1456 418 1630 477 VITA
1671 421 1731 482 S.
1772 423 2121 488 ΛΝΒΒΕΕ.

3320 430 3430 497 εει

193 512 514 581 Ἔξαγαγὼν
560 513 618 566 δὲ
666 513 761 567 τὸν
815 515 1065 604 Ματθίαν
1113 519 1205 573 καὶ
1253 521 1350 575 σὺν
1403 524 1552 595 αὐτῷ
1611 528 1759 582 δεδε-

1870 532 2140 589 Matthiam
2176 543 2229 589 et
2276 550 2396 592 cum
2433 552 2498 593 eo
2537 536 2826 594 credentes
2863 536 3110 604 vinctos,
3143 539 3429 601 abscondit

197 606 390 672 μένους
421 606 846 670 πιστεύσαντας,
875 596 1112 679 ἔκρυψεν
1152 613 1347 677 αὐτοὺς
1379 615 1484 682 ἔξω
1511 617 1609 687 τῆς
1660 620 1761 671 πός

193 693 327 755 ὶεως
357 695 497 748 ἑπτὰ
525 699 762 766 ἡμέρας,
807 699 880 762 ὡς
907 701 1014 753 ἀπὸ
1042 703 1221 772 μιλίου
1269 706 1407 769 ἑνὸς,
1450 709 1602 777 παρὰ
1653 709 1754 763 θά-

191 780 422 835 λασσαν.
449 780 560 837 Ἦν
588 786 646 838 δὲ
671 789 848 841 συκῶν
873 789 1034 855 δάσος
1073 795 1192 848 ἐκεῖ
1223 799 1359 850 πολὺ
1392 799 1761 854 ειδσδιόδευτον

202 869 416 940 ἡμέρων
439 889 499 924 τε
529 875 624 927 καλ⁸
645 877 875 947 ἀγρίων,
924 883 1017 935 καὶΙ
1060 885 1088 936 ὁ
1149 887 1338 957 καιρὸς
1382 888 1491 940 τῶν
1539 888 1718 944 σύκων
1745 909 1758 923 ·

191 958 263 1031 ἦν
325 963 381 1013 δι
434 965 530 1016 καὶ
570 968 852 1034 σπήλαιον.
894 970 1226 1044 Κατήχήσας
1273 977 1329 1029 δὲ
1390 979 1587 1043 αὐτοὺς
1625 982 1764 1034 ἑπτὰ

191 1051 407 1120 ἡμέρας
442 1053 701 1110 ὲόάπτισε
731 1062 796 1128 τῇ
820 1063 973 1114 νυκτὶ⁵
1003 1066 1156 1134 παρὰ
1180 1066 1276 1136 τὴν
1306 1068 1474 1137 διχθην
1519 1070 1620 1139 τῆς
1668 1071 1765 1123 θα-

190 1141 418 1211 λάσσης,
467 1145 560 1198 καὶ
589 1151 653 1216 τῇ
685 1149 844 1222 ὀγδόῃ
894 1154 1076 1226 ἡμέρᾳ
1115 1158 1423 1222 ἀπολούσας
1467 1162 1758 1217 ἀπέλυσεν.

192 1231 537 1301 Παρακαλῶν
574 1237 630 1290 δὲ
664 1241 1031 1311 παρήγγειλεν
1065 1247 1247 1308 αὐτοῖς
1283 1249 1456 1316 λέγων
1482 1265 1495 1280 ⁸
1560 1253 1761 1308 Τεκνία

194 1332 317 1390 μου,
352 1325 625 1389 Σκυθικὰς
652 1331 892 1397 αἱρέσεις
943 1335 1195 1402 φεύγετε,
1252 1342 1363 1402 τοῖς
1409 1343 1633 1414 Ἕλλησι
1686 1349 1760 1416 μὴ

194 1420 668 1486 συναναμίγνυσθε
713 1423 773 1475 ὲν
828 1428 942 1487 τοῖς
998 1427 1296 1493 είδωλικοῖς
1344 1432 1600 1498 δείπνοις,
1648 1441 1761 1499 τοῖς

206 1508 482 1571 Ἰουδαίοις
515 1513 589 1579 μὴ
620 1513 942 1584 προσέχετε.
979 1518 1110 1570 Ἰδοὺ
1152 1521 1257 1590 γὰρ
1293 1521 1573 1587 ἐξελέξατο
1618 1527 1761 1595 ὑμᾶς

191 1601 220 1650 ό
243 1601 373 1661 Θεὸς
403 1604 429 1653 ό
461 1603 623 1669 μόνος
660 1605 833 1671 ἅγιος,
870 1609 964 1661 καὶ
982 1610 1204 1677 ἀγαθὸς,
1241 1614 1333 1665 καὶ
1362 1615 1759 1686 φιλάνθρωπος,

192 1691 289 1742 καὶ
337 1693 720 1761 ὲσημειὼσατο
771 1697 914 1765 ὑμᾶς
969 1701 1055 1754 διὰ
1104 1701 1198 1754 τοῦ
1247 1704 1512 1773 ὀνόματος
1537 1710 1628 1760 καὶ
1665 1710 1760 1778 βα-

193 1783 500 1850 πτίσματος
529 1786 622 1838 τοῦ
653 1788 783 1840 Υίοῦ
810 1790 970 1844 αὐτοῦ
1020 1794 1193 1863 Ίησοῦ
1217 1797 1454 1865 Χριστοῦ
1475 1817 1487 1829 ⁸
1539 1801 1762 1866 ἀνεγεν-

189 1877 391 1944 νήθητε
417 1880 530 1946 γὰρ
564 1879 630 1931 δι’
660 1879 850 1943 ὕδατος
898 1885 991 1937 καὶ
1022 1885 1334 1953 πνεύματος
1370 1905 1384 1920 ο

189 1981 354 2018 πτισα
380 1967 525 2036 ὑμᾶς
557 1972 638 2031 εἰς
675 1971 734 2021 τὸ
760 1971 928 2040 δνομα
961 1974 1055 2025 τοῦ
1101 1976 1334 2042 Πατρδς,
1374 1978 1468 2030 καὶ
1495 1978 1589 2031 τοῦ
1611 1980 1764 2042 Υίοῦ,

189 2057 405 2109 καὶτοῦ
440 2060 597 2128 ἁγίου
629 2062 948 2130 Πνεύματος
977 2066 1076 2134 (7).
1112 2062 1204 2128 Εἷς
1256 2067 1388 2130 Θεὸς
1448 2069 1556 2122 τῶν
1596 2071 1767 2124 ἁπάν-

187 2165 296 2200 των
327 2152 384 2202 tv
411 2153 648 2222 οὐρανῷ,
680 2156 773 2206 καὶ
817 2157 873 2207 ὲν
931 2160 993 2226 τῇ
1030 2161 1124 2228 γῇ,
1174 2158 1269 2210 καὶ
1304 2161 1360 2210 ὲν
1392 2160 1593 2224 πάσαις
1649 2165 1768 2226 ταῖς

188 2239 448 2304 ἁϐύσσοις
476 2260 489 2274 ο
516 2245 706 2299 τοῦτον
740 2247 898 2314 μόνον
920 2253 1286 2316 προσκυνεῖτε
1316 2253 1410 2304 καὶ
1441 2252 1588 2321 αὐτῷ
1618 2255 1763 2323 μόνῳ

1867 637 1961 678 eos
1990 635 2139 679 extra
2177 626 2448 682 civitatem
2485 629 2678 686 diebus
2719 638 2948 698 septem,
2983 631 3138 698 quasi
3173 633 3428 688 milliario

1870 729 1999 778 uno,
2038 731 2204 784 prope
2235 734 2403 775 mare.
2441 722 2564 776 Erat
2599 735 2777 776 autem
2813 724 2886 777 ibi
2912 723 3266 778 liculuearum
3295 725 3403 779 mol

1869 805 2000 859 lium
2036 815 2086 860 et
2119 810 2354 863 ferarum
2398 815 2719 868 densissima
2769 816 2904 870 silva
2955 814 3156 870 dimcili
3205 819 3428 885 pervia,

1870 906 1924 950 et
1971 908 2185 964 tempus
2235 901 2466 969 licuum;
2517 914 2632 958 erat
2685 923 2902 976 quoque
2959 909 3240 976 spelunca.
3291 909 3426 964 Cum

1873 997 2054 1041 autem
2114 990 2397 1044 docuisset
2451 1007 2544 1047 eos
2597 1006 2800 1063 septem
2865 999 3078 1060 diebus,
3137 1000 3428 1065 baptizavit

1872 1083 2031 1128 nocte
2067 1091 2233 1145 prope
2281 1079 2434 1132 littus
2470 1081 2653 1143 maris,
2692 1094 2742 1136 et
2771 1094 2956 1138 octava
2988 1089 3074 1141 die
3119 1088 3426 1156 baptizatos

1869 1166 2097 1219 dimisit.
2141 1165 2447 1221 Exhortans
2501 1178 2681 1223 autem
2714 1165 3050 1227 denuntiat-it
3081 1178 3159 1229 eis
3191 1177 3378 1229 dicens
3410 1188 3424 1226 :

1869 1258 1992 1311 Filii
2028 1259 2458 1330 mei,Scythicas
2487 1261 2861 1317 dissensiones
2892 1264 3072 1332 fugite,
3107 1267 3306 1321 Graecis
3357 1283 3426 1321 ne

1869 1352 2328 1405 commisceamini
2352 1353 2403 1405 in
2424 1354 2688 1408 conviviis
2709 1355 3082 1418 idololatricis,
3098 1356 3294 1411 Iudaeis
3316 1374 3421 1410 non

1868 1441 2183 1495 conteiniui.
2221 1443 2358 1497 Ecce
2397 1443 2538 1496 enim
2596 1444 2754 1512 elcgit
2794 1459 2891 1496 vos
2940 1443 3078 1499 Deus
3119 1447 3266 1499 solus
3295 1462 3424 1500 san-

1869 1541 2008 1598 ctus,
2044 1534 2318 1599 etbonus,
2370 1543 2422 1588 et
2468 1537 2750 1588 hominum
2801 1544 3032 1602 amator,
3089 1545 3142 1590 et
3195 1537 3426 1610 signatit

1868 1637 1967 1677 vos
1998 1624 2050 1676 in
2094 1627 2310 1679 nomine
2337 1637 2389 1678 et
2423 1627 2745 1696 baptismate
2774 1628 2892 1680 Filii
2929 1629 3012 1681 sui
3048 1626 3175 1681 Jesn
3205 1628 3424 1689 Christi,

1869 1717 2171 1782 regenerati
2198 1717 2340 1770 enim
2363 1719 2493 1771 estis
2520 1732 2614 1784 per
2644 1734 2836 1785 aquam
2872 1731 2923 1771 et
2956 1719 3228 1784 spiritum;
3261 1733 3429 1786 quare

1868 1801 2134 1866 baptizavi
2174 1821 2268 1859 vos
2303 1807 2353 1858 iu
2391 1811 2607 1862 nomine
2643 1808 2823 1862 Patris
2862 1817 2912 1860 et
2955 1808 3071 1860 Filii
3108 1818 3155 1860 ct
3193 1798 3429 1876 Spiritus

1442 1890 1578 1943 διότι
1637 1893 1764 1945 ἐϐά-

1870 1895 2065 1947 sancti.
2101 1894 2254 1948 Unus
2288 1897 2430 1949 Deus
2464 1900 2705 1952 omnium
2741 1899 2793 1951 in
2822 1899 2958 1953 crrlo
2989 1909 3041 1951 et
3081 1899 3133 1951 in
3170 1906 3335 1960 terra,
3373 1907 3426 1952 et

1865 1983 1919 2034 in
1951 1985 2202 2038 omnibus
2228 1986 2474 2054 abyssis,
2510 1989 2654 2041 hunc
2682 1990 2856 2042 solum
2891 1989 3116 2043 adorate
3149 1997 3202 2042 et
3230 1991 3277 2041 ei
3321 1990 3427 2042 soli

1869 2075 2088 2140 servite,
2127 2086 2179 2128 et
2206 2078 2257 2127 in
2288 2078 2403 2145 lege
2433 2079 2629 2148 Moysis
2667 2080 2938 2134 ambulate
2970 2091 3023 2133 et
3054 2087 3266 2134 servate
3284 2094 3426 2143 eam,

1869 2176 1922 2222 et
1972 2167 2115 2222 Deus
2167 2170 2314 2237 pacis
2354 2170 2457 2224 erit
2499 2171 2803 2224 vobiscum.
2850 2171 2915 2223 Et
2958 2171 3163 2226 dimisit
3203 2184 3318 2225 eos.
3366 2169 3433 2223 Et.

1874 2261 2150 2329 accipiens
2183 2261 2460 2315 Matthiam
2497 2263 2627 2315 abiit
2660 2264 2722 2314 ad
2765 2261 3061 2317 Orientem.

188 2335 515 2402 Διτρεύετεο
567 2337 660 2388 καὶ
689 2337 767 2406 τῷ
810 2339 1050 2402 Μωσέως
1107 2341 1258 2410 νόμῳ
1309 2344 1607 2411 στοιχεῖσθε
1658 2344 1751 2395 καὶ
1822 2348 2176 2415 φυλάττεσθε,
2237 2351 2344 2402 καλι-
2379 2353 2406 2403 ό
2459 2350 2589 2412 Θεὸς
2637 2351 2738 2421 τῆς
2805 2354 3028 2422 εἰρήνης
3088 2351 3242 2404 ἔσται
3306 2330 3433 2420 μεθν

187 2429 363 2492 ὑμῶν.
398 2429 508 2481 Καὶ
527 2430 799 2483 ἀπέλυσεν
829 2432 1044 2494 αὐτούς.
1086 2433 1188 2484 Τὸν
1239 2435 1296 2486 δὲ
1349 2435 1598 2486 Ματθίαν
1658 2435 1838 2490 λαὸὼν
1873 2440 2096 2504 ἐξῆλθεν
2126 2442 2217 2494 ἐπὶ
2243 2441 2552 2511 Ἀνατολήν.

260 2522 366 2574 Τοῦ
393 2522 448 2574 δὲ
485 2522 640 2588 ἁγίου
679 2523 999 2589 Ἑπιφανίου
1034 2526 1337 2577 ἐπισκόπου
1384 2525 1610 2596 Κύπρου
1679 2529 1764 2580 λέ-

189 2628 374 2677 γοντος
401 2615 476 2676 ὡς
511 2616 574 2666 ἐκ
604 2616 956 2683 παραδόσεως
999 2617 1162 2683 ἔχειν,
1202 2619 1292 2670 τὸν
1328 2621 1600 2689 μακάριον
1629 2622 1766 2673 ἀπό·

192 2704 378 2755 στολον
421 2704 680 2773 Ἀνδρέαν
708 2706 916 2769 διδάξαι
970 2708 1206 2770 Σκύθας,
1246 2711 1638 2775 Κοσογδιανοῦς
1675 2711 1768 2764 καὶ

189 2794 482 2862 Γορσινοὺς
518 2795 618 2864 (8),
669 2797 726 2848 ἐν
764 2797 1160 2850 Σεϐαστοπόλει
1222 2797 1284 2870 τῇ
1339 2802 1568 2870 μεγάλῃ,
1635 2805 1766 2855 ὅπου

187 2887 397 2954 Exivi)
435 2886 754 2955 παρεμϐολὴ
792 2888 1027 2956 Ἀψάρου
1061 2891 1153 2941 καὶ
1199 2891 1405 2942 ’Ὕσσου
1459 2893 1623 2960 λιμὴν
1673 2894 1764 2944 καὶ

187 2976 356 3038 Φᾶσις
403 2977 683 3045 ποταμός·
739 2978 864 3030 ἔνθα
894 2979 1136 3032 οἰκοῦσιν
1167 2982 1385 3051 Ἴϐηρες
1435 2984 1529 3035 καί
1576 2984 1761 3036 Σοῦσοι

189 3067 287 3119 καὶ
324 3067 553 3119 Φοῦστοι
594 3069 688 3120 καὶ
723 3067 932 3121 Ἀλανοί
961 3086 972 3099 ·
1022 3071 1191 3122 ταῦτα
1232 3075 1394 3140 ἡμεῖς
1447 3075 1540 3125 ἐπὶ
1573 3077 1761 3143 χεῖρας

186 3158 410 3226 ἔχοντες
438 3159 504 3210 τὰ
540 3159 908 3227 ὑπομνήματα
936 3163 1029 3212 καὶ
1076 3161 1369 3228 φεύγοντες
1422 3165 1520 3231 τὴν
1575 3182 1763 3217 κοινω-

185 3247 313 3299 νίαν
349 3247 455 3300 τῶν
514 3247 884 3316 είκονομάχων
920 3248 1138 3315 (ταύτὸν
1192 3251 1298 3319 γὰρ
1342 3254 1506 3306 εἰκὼν
1557 3256 1650 3306 καὶ
1706 3255 1766 3304 τὸ

186 3339 501 3406 ἀρχέτυπον
526 3355 538 3367 ’
569 3338 661 3389 καὶ
692 3337 882 3404 ὥσπερ
915 3340 1076 3406 ἡμεῖς
1099 3342 1156 3391 ὲν
1183 3343 1248 3408 τῇ
1289 3343 1458 3394 εἰκόνι
1507 3344 1597 3395 τὸν
1633 3345 1767 3413 Χρι-

188 3429 320 3481 στὸν
358 3427 792 3495 προσκυνοῦμεν,
825 3427 996 3490 οὕτως
1023 3431 1175 3482 αὐτοὶ
1206 3435 1263 3484 ὲν
1307 3437 1372 3502 τῇ
1407 3435 1572 3486 είκόνι
1598 3435 1763 3488 αὑτοῦ

185 3520 362 3571 αὐτὴν
394 3516 706 3585 ὑΰρέζουσιν
740 3532 752 3544 ⁸
804 3518 877 3579 ὥς
918 3537 1084 3589 φησιν
1133 3523 1161 3572 ό
1216 3523 1389 3590 μέγας
1448 3524 1763 3587 Βασίλειοςο

186 3613 222 3679 ἡ
257 3609 397 3676 τιμὴ
432 3608 530 3675 τῆς
564 3609 769 3670 εἰκόνος
806 3611 896 3661 ἐπὶ
925 3611 985 3662 τὸ
1038 3612 1390 3680 πρωτότυπον
1433 3614 1757 3681 διαὸαίνει)·

184 3700 381 3753 λοιπὸν
416 3699 834 3767 περιερχόμενοι
871 3700 1054 3769 χώρας
1105 3706 1196 3754 καὶ
1227 3704 1411 3766 πόλεις
1448 3706 1608 3774 μέχρι
1668 3707 1766 3758 Βο-

188 3792 400 3860 σπόρου
441 3789 620 3858 πολλῷ
674 3790 824 3859 πόθῳ
865 3791 1202 3862 διερχόμενοι
1265 3796 1584 3864 ἡρευνῶμεν
1637 3799 1766 3865 περὶ

185 3880 301 3932 τῶν
359 3878 640 3948 ἐγχωρίων
687 3879 878 3946 ἁγίων,
924 3884 1016 3935 καὶ
1063 3885 1115 3936 εῐ
1165 3885 1265 3937 πού
1310 3889 1426 3939 εστι
1473 3888 1759 3957 λείψανον·

187 3971 289 4023 καὶ
343 3967 550 4021 πολλῶν
595 3969 882 4039 ἐτύχομεν.
944 3974 1119 4027 Ὅπου
1164 3975 1221 4028 δὲ
1283 3977 1380 4029 οὐκ
1427 3978 1761 4049 ἐφθάσαμεν,

185 4060 324 4122 τοὺς
380 4061 902 4129 παρατυγχάνοντας
957 4065 1202 4134 ἀκριϐῶς
1259 4067 1615 4139 διηρωτῶμεν
1671 4073 1764 4124 καὶ

188 4153 367 4221 ἡδέως
400 4152 793 4221 ὲμανθάνομεν.
823 4156 931 4209 Καὶ
958 4157 1026 4208 τὰ
1062 4157 1159 4224 μὲν
1187 4161 1242 4210 ἐν
1289 4160 1493 4230 Νικαίᾳ
1539 4162 1766 4231 ὕστερον

190 4241 470 4311 ἱροῦμεν·
528 4243 585 4293 ὲν
634 4243 976 4313 Νικομηδείᾳ
1032 4246 1086 4297 δὲ
1162 4249 1558 4317 γενόμενοιτοῦ
1612 4254 1767 4320 ἁγίου

195 4335 479 4404 μάρτυρος
528 4333 970 4402 Παντελεήμονος
1014 4337 1344 4407 ἑωράκαμεν
1398 4341 1467 4392 τὰ
1515 4343 1764 4411 λείψανα.

1936 2534 2161 2586 Dicente
2194 2541 2371 2585 autem
2409 2540 2598 2587 sancto
2637 2531 2938 2602 Epiphanio
2972 2532 3134 2602 Cypri
3176 2534 3431 2600 episcopo

1865 2626 2022 2694 quasi
2059 2641 2122 2677 ex
2155 2624 2448 2678 traditione
2481 2633 2686 2687 tenere,
2717 2623 2862 2692 quod
2908 2623 3102 2678 beatus
3148 2623 3428 2690 apostolus

1869 2715 2118 2768 Andreas
2153 2714 2404 2767 docuerit
2448 2715 2679 2783 Scythas
2714 2724 2766 2767 et
2800 2713 3100 2782 Sogdianos
3130 2724 3199 2800 ‘et
3243 2713 3430 2766 Gorsi-

1872 2819 1993 2866 nos,
2033 2805 2086 2856 in
2119 2803 2461 2872 Sebastopoli
2499 2819 2719 2873 magna,
2749 2803 2799 2855 in
2836 2818 2940 2870 qua
2978 2810 3060 2855 est
3100 2801 3299 2868 .Apsari
3333 2815 3428 2854 ca-

1873 2903 2072 2956 strum,
2114 2900 2172 2950 et
2221 2893 2380 2964 ilyssi
2444 2905 2656 2962 portus,
2711 2900 2764 2946 et
2819 2892 3016 2946 Phasis
3067 2892 3284 2952 ﬂuvius,
3341 2892 3433 2945 ubi

1872 2995 2280 3039 commorantur
2325 2985 2469 3038 lberi
2512 2994 2565 3037 et
2603 2984 2725 3038 Susi
2770 2993 2825 3038 et
2873 2983 3100 3050 Phusti,
3130 2994 3183 3038 et
3227 2983 3382 3037 Alani
3418 3001 3432 3037 ε

1872 3076 1986 3130 haec
2021 3091 2118 3130 nos
2159 3079 2483 3130 documenta
2527 3076 2578 3129 in
2611 3076 2861 3131 manibus
2898 3075 3180 3137 habentes,
3224 3082 3275 3130 et
3305 3089 3433 3129 con-

1873 3169 2100 3222 sortium
2130 3169 2394 3238 fugientes
2424 3169 2879 3223 iconoclastarum
2921 3168 3086 3238 (idem
3118 3169 3261 3223 enim
3307 3178 3435 3222 sunt

1874 3260 2076 3329 elligies
2098 3271 2148 3312 et
2171 3260 2532 3328 archetypus;
2559 3270 2613 3314 et
2645 3261 2790 3313 sicut
2818 3260 2869 3312 in
2899 3260 3135 3328 imagine
3159 3258 3434 3314 Cbristum

1876 3365 2221 3414 veneramur,
2259 3352 2330 3404 ita
2364 3352 2438 3405 illi
2479 3352 2528 3404 in
2573 3353 2809 3421 imagine
2844 3351 2963 3418 ejus
3009 3353 3110 3420 ipsi
3151 3361 3438 3405 contume-

1877 3440 2002 3492 liam
2039 3441 2279 3503 inurunt,
2306 3449 2361 3492 ut
2388 3441 2463 3491 ait
2484 3455 2710 3506 magnus
2736 3439 2987 3505 Basilius;
3019 3440 3191 3493 honor
3216 3439 3435 3509 imagini

1875 3531 2155 3598 impensus
2200 3531 2265 3584 ad
2321 3540 2666 3601 prototypum
2723 3530 3001 3597 refertur),
3046 3540 3305 3584 cazterum
3356 3533 3435 3583 lu-

1873 3628 2111 3674 strantes
2154 3623 2402 3691 regiones
2446 3633 2498 3676 et
2552 3623 2822 3688 civitates,
2862 3624 3202 3691 Bosphorum
3237 3639 3430 3692 usque,

1880 3726 2078 3777 magno
2141 3713 2413 3767 desiderio
2465 3715 2888 3780 circumeuntes,
2939 3715 3007 3768 dc
3072 3715 3204 3768 locis
3259 3715 3433 3768 sacris

1873 3801 2312 3870 inquirebamus,
2370 3813 2422 3858 et
2488 3807 2531 3858 si
2580 3808 2790 3875 uspiam
2838 3807 3077 3876 reliquiae
3115 3805 3331 3867 forent,
3382 3813 3432 3859 et

1873 3898 2073 3952 multas
2109 3899 2429 3954 invenimus.
2464 3899 2566 3954 Ubi
2631 3916 2761 3954 vero
2789 3917 2894 3954 non
2933 3901 3275 3969 pervenimus
3299 3939 3314 3964 ,
3347 3915 3434 3954 oc-

1875 4001 2160 4046 currentes
2189 3983 2471 4061 diligenter
2510 3993 2988 4063 interrogavimus,
3034 4001 3088 4047 et
3137 3993 3432 4063 gaudenter

1876 4081 2247 4138 discebamus.
2283 4082 2350 4134 Et
2385 4084 2497 4136 haec
2532 4083 2747 4149 quidem
2802 4084 2854 4136 in
2905 4083 3086 4136 Nicaea
3140 4082 3435 4136 novissime

1879 4172 2286 4240 inquisivimus;
2307 4174 2677 4228 Nicomediam
2703 4192 2829 4230 vero
2854 4192 2974 4228 cum
3000 4176 3435 4243 pervenissemus

1881 4267 2058 4317 sancti
2101 4267 2356 4334 martyris
2402 4263 2840 4320 Pauteleemonis
2883 4265 3139 4334 reliquias
3171 4265 3436 4327 vidimus;

1880 4365 1932 4410 et
1979 4373 2100 4425 qua:
2134 4358 2378 4411 continet
2416 4358 2553 4411 liber
2587 4357 2704 4427 ejus
2726 4398 2740 4422 ,
2787 4358 3274 4413 rnanibus'nostris
3308 4374 3438 4410 con-

191 4424 312 4480 Καὶ
339 4427 438 4477 ὅσα
467 4426 709 4494 περιέχει
760 4425 792 4494 ἡ
825 4425 1006 4492 βίϐλος
1031 4427 1194 4480 αὐτοῦ
1223 4432 1343 4492 ταῖς
1374 4434 1563 4501 χερσὶν
1613 4435 1764 4502 ἡμῶν

1878 4424 2252 4502 trcctavimus.
2285 4449 2546 4504 Similiter
2570 4461 2621 4505 et
2645 4452 2884 4505 Anthimi
2917 4451 3158 4518 episcopi
3185 4448 3428 4516 ejusdem

191 4509 651 4586 sti/qlatpﬂaattev.
726 4516 959 4585 Ὁμοίως
1008 4519 1102 4570 καὶ
1158 4517 1410 4590 Ἀνθίμου
1469 4526 1771 4579 ἐπισκόπου

1873 4540 2001 4603 loci,
2035 4540 2180 4594 ludis
2210 4551 2262 4593 et
2290 4543 2518 4595 aliorum
2541 4557 2660 4596 cum
2696 4544 2811 4609 ipso
2833 4550 3125 4611 martyrum
3151 4557 3165 4605 ;
3191 4539 3435 4607 Daphnu-

190 4607 305 4660 τῶν
357 4605 564 4667 αὐτόθι,
616 4606 823 4670 Ἰνδους
863 4609 938 4678 (9)
987 4611 1093 4662 ml.
1127 4613 1226 4663 σὺν
1275 4612 1422 4681 αὐτῷ
1476 4617 1570 4667 καὶ
1598 4617 1764 4669 ἄλλων

1873 4630 1985 4692 sia},
2014 4629 2182 4684 Zotici
2215 4640 2266 4685 et
2293 4633 2525 4694 Aniceti,
2559 4642 2612 4686 ct
2640 4605 2848 4698 Photii;
2879 4630 3171 4694 Heracleae,
3199 4631 3304 4682 alia
3333 4629 3437 4681 mi.

194 4696 532 4766 μαρτύρων·
577 4697 637 4749 ἐν
677 4699 992 4770 Δαφνουσίᾳ
1041 4703 1284 4755 Ζωτικοῦ
1333 4705 1428 4756 καὶ
1493 4707 1773 4777 Ἀνικήτου

1876 4718 2101 4781 rabilia;
2133 4719 2462 4783 Amastride,
2500 4719 2829 4791 Hyacinthi;
2874 4719 2926 4772 in
2975 4719 3249 4787 Dorapen.
3284 4716 3431 4770 Chri-

191 4787 294 4839 καὶ
350 4787 598 4839 (Ptin-low
655 4790 711 4840 ἐν
785 4790 1087 4861 Ἡρακλείᾳ
1135 4793 1300 4864 ἕτερα
1345 4794 1662 4863 θαυμάσια’
1714 4803 1764 4851 ὲν

1873 4807 2028 4861 ειὶιιῑε
2067 4810 2322 4878 martyris
2375 4811 2632 4878 reliquias
2659 4811 2903 4864 videntes
2935 4811 3173 4863 venerati
3206 4809 3435 4872 sumus;

205 4876 532 4946 ’Δμὰστριδι
580 4878 903 4932 ’Υακίνθουο
936 4884 1016 4945 είς
1066 4884 1126 4935 τὸ
1175 4886 1429 4954 Δορόπην
1476 4889 1771 4958 Χριστίνης

195 4973 479 5041 μάρτυρος
510 4973 762 5042 λείψανον
791 4977 1097 5046 ἑωρακότες
1140 4985 1628 5055 προσεκυνήσαμεν
1651 4988 1770 5048 ἐἰς

193 5064 514 5132 Καρουσίαν
557 5065 840 5122 ’Υπατίου.
869 5069 965 5131 Εἰς
999 5070 1250 5142 Σινώπην
1284 5074 1551 5140 ἐλθόντες,
1586 5077 1768 5139 καθὼς

197 5153 415 5224 φθάσας
443 5151 621 5221 εἷπον,
655 5161 748 5210 καὶ
772 5163 1383 5232 μακροημερεύσαντες,
1443 5168 1646 5237 Πέτρου
1677 5168 1768 5220 καὶ

198 5245 454 5316 ’Δνδρέου
484 5249 590 5298 τῶν
625 5249 912 5318 μακαρίων
937 5253 1259 5308 ἀποστόλων
1301 5256 1350 5308 οί
1391 5259 1628 5310 ἐντόπιοι
1673 5261 1771 5323 τὰς

1878 4897 2143 4962 Carusize,
2165 4901 2402 4970 Hypatii,
2431 4901 2672 4969 Sinopen
2704 4903 3003 4964 venientes,
3030 4908 3089 4954 ut
3112 4914 3273 4965 supra
3303 4899 3433 4960 dixi,

1879 4999 1932 5044 et
1967 4991 2128 5058 longo
2150 4990 2434 5047 manentes
2459 5003 2724 5062 tempore,
2756 4993 3034 5047 beatorum
3070 4992 3434 5060 apostolorum

1877 5082 2024 5137 Petri
2057 5094 2107 5137 et
2142 5085 2370 5140 Andreae
2402 5089 2583 5140 sedem
2625 5087 2814 5140 incola:
2857 5086 3216 5140 ostendebant
3257 5080 3430 5144 nobis,

1881 5183 1933 5229 et
1963 5177 2278 5242 cathedras,
2312 5187 2365 5233 et
2393 5179 2619 5248 efﬁgiem
2657 5180 2890 5249 apostoli
2923 5180 3078 5247 plane
3109 5173 3429 5228 mirabilem.

1879 5280 2002 5335 quas
2031 5268 2247 5324 vivente
2277 5285 2341 5324 eo
2370 5271 2510 5326 facta
2550 5279 2653 5337 est,
2678 5281 2730 5325 et
2766 5270 3023 5325 miracula
3054 5281 3171 5336 quae
3199 5264 3347 5325 fecit,
3385 5271 3431 5316 et

1518 5392 1716 5455 Varia:
1762 5394 2091 5462 lectiones.

273 5479 348 5552 ('l)
377 5477 508 5552 Post
556 5493 610 5529 v.
666 5477 983 5552 Πνεύματος
1032 5484 1084 5537 in
1137 5485 1264 5539 cod.
1308 5485 1431 5542 Vat.
1466 5500 1644 5546 exstat
1677 5491 1768 5544 οὖ-

197 5548 332 5612 τως,
364 5548 506 5614 quod
531 5549 792 5614 expunxi.

272 5622 349 5700 (8)
375 5616 901 5700 ,Μειυςτίιη-Σκέθαξ
931 5621 1396 5700 καὶ-’Σογδιανοὺς
1433 5631 1528 5681 καὶ
1578 5631 1768 5700 Γορσι-

196 5685 346 5770 νοιξςζ
372 5685 426 5740 In
450 5690 572 5743 cod.
606 5695 690 5742 est
721 5703 732 5738 :
760 5687 993 5753 Σκύθας,
1029 5685 1432 5761 Κοσογδιανοῦς
1455 5702 1548 5751 καὶ
1574 5685 1767 5770 Γορσι-

198 5761 344 5822 νοῦς.

1948 5499 2023 5573 (_9)
2048 5500 2353 5573 [de-messe
2386 5498 2598 5573 videtur
2626 5495 2801 5573 inde};
2840 5490 3174 5573 ille,hcujus_
3227 5491 3434 5573 mentio

1876 5567 1933 5621 lit
1957 5560 2015 5621 iu
2053 5567 2352 5643 Menologio
2377 5566 2569 5643 ρεςεξοο
2609 5565 2693 5643 die
2726 5563 2794 5643 22}
2838 5579 2917 5643 σω.
2960 5560 3330 5643 Decembris."
3357 5561 3431 5643 [bi

1877 5647 2053 5689 tamen
2084 5638 2161 5690 sic
2183 5630 2309 5691 est':
2368 5636 2592 5705 ἄθλησις
2620 5632 2727 5686 τῶν
2759 5631 2926 5698 ἁγίων
2959 5630 3253 5700 μαρτύρων
3287 5630 3432 5695 Ἰνδη

1877 5707 1969 5758 καὶ
2005 5706 2234 5775 Δόμνας.
