  <div class='ocr_page' id='page_1' title='image "/cluster/home/n/w/nwhite01/storage/ocr_20150623/120/pst.000005714353/121.png"; bbox 0 0 4148 6334; ppageno 0'>
   <div class='ocr_carea' id='block_1_1' title="bbox 608 379 712 442">
    <p class='ocr_par' dir='ltr' id='par_1_1' title="bbox 608 379 712 442">
     <span class='ocr_line' id='line_1_1' title="bbox 608 379 712 442; baseline 0.019 -2"><span class='ocrx_word' id='word_1_1' title='bbox 608 379 712 442; x_wconf 80' lang='lat'><strong>22&#39;!</strong></span> 
     </span>
    </p>
   </div>
   <div class='ocr_carea' id='block_1_2' title="bbox 1838 354 2627 432">
    <p class='ocr_par' dir='ltr' id='par_1_2' title="bbox 1838 354 2627 432">
     <span class='ocr_line' id='line_1_2' title="bbox 1838 354 2627 432; baseline -0.009 1"><span class='ocrx_word' id='word_1_2' title='bbox 1838 354 2245 432; x_wconf 77' lang='lat' dir='ltr'><strong>EPIPHANII</strong></span> <span class='ocrx_word' id='word_1_3' title='bbox 2281 363 2627 428; x_wconf 69' lang='lat' dir='ltr'><strong>nomen]</strong></span> 
     </span>
    </p>
   </div>
   <div class='ocr_carea' id='block_1_3' title="bbox 3748 357 3853 430">
    <p class='ocr_par' dir='ltr' id='par_1_3' title="bbox 3748 357 3853 430">
     <span class='ocr_line' id='line_1_3' title="bbox 3748 357 3853 430; baseline 0 0"><span class='ocrx_word' id='word_1_4' title='bbox 3748 357 3853 430; x_wconf 71' lang='lat'><strong>228</strong></span> 
     </span>
    </p>
   </div>
   <div class='ocr_carea' id='block_1_4' title="bbox 607 477 2193 559">
    <p class='ocr_par' dir='ltr' id='par_1_4' title="bbox 607 485 2168 559">
     <span class='ocr_line' id='line_1_4' title="bbox 607 485 2168 559; baseline -0.004 -16"><span class='ocrx_word' id='word_1_5' title='bbox 607 488 885 559; x_wconf 79' lang='lat' dir='ltr'><strong>paululum</strong></span> <span class='ocrx_word' id='word_1_6' title='bbox 940 496 1122 543; x_wconf 85' lang='lat' dir='ltr'><strong>autem</strong></span> <span class='ocrx_word' id='word_1_7' title='bbox 1177 487 1497 553; x_wconf 90' lang='lat' dir='ltr'><strong>inclinatus,</strong></span> <span class='ocrx_word' id='word_1_8' title='bbox 1561 495 1820 554; x_wconf 75' lang='lat' dir='ltr'><strong>nasutus,</strong></span> <span class='ocrx_word' id='word_1_9' title='bbox 1870 485 2168 556; x_wconf 88' lang='lat' dir='ltr'><strong>supercilia</strong></span> 
     </span>
    </p>
   </div>
   <div class='ocr_carea' id='block_1_5' title="bbox 2299 477 3851 559">
    <p class='ocr_par' dir='ltr' id='par_1_5' title="bbox 2299 477 3851 552">
     <span class='ocr_line' id='line_1_5' title="bbox 2299 477 3851 552; baseline 0 -18"><span class='ocrx_word' id='word_1_10' title='bbox 2299 479 2409 534; x_wconf 84' lang='grc' dir='ltr'><strong>ιλλὰ</strong></span> <span class='ocrx_word' id='word_1_11' title='bbox 2462 479 2555 532; x_wconf 74' lang='grc' dir='ltr'><strong>καὶ</strong></span> <span class='ocrx_word' id='word_1_12' title='bbox 2613 477 2804 548; x_wconf 82' lang='grc' dir='ltr'><strong>μέγας,</strong></span> <span class='ocrx_word' id='word_1_13' title='bbox 2850 477 3049 550; x_wconf 84' lang='grc' dir='ltr'><strong>μικρὸν</strong></span> <span class='ocrx_word' id='word_1_14' title='bbox 3105 477 3161 531; x_wconf 72' lang='grc' dir='ltr'><strong>δι</strong></span> <span class='ocrx_word' id='word_1_15' title='bbox 3224 480 3502 550; x_wconf 79' lang='grc' dir='ltr'><strong>κεκυφὼς,</strong></span> <span class='ocrx_word' id='word_1_16' title='bbox 3547 480 3851 552; x_wconf 78' lang='grc' dir='ltr'><strong>ἑπίρῥινος,</strong></span> 
     </span>
    </p>
   </div>
   <div class='ocr_carea' id='block_1_6' title="bbox 610 579 2185 652">
    <p class='ocr_par' dir='ltr' id='par_1_6' title="bbox 610 579 2185 652">
     <span class='ocr_line' id='line_1_6' title="bbox 610 579 2185 652; baseline -0.002 -16"><span class='ocrx_word' id='word_1_17' title='bbox 610 583 816 636; x_wconf 87' lang='lat' dir='ltr'><strong>habens</strong></span> <span class='ocrx_word' id='word_1_18' title='bbox 855 595 1072 652; x_wconf 77' lang='lat' dir='ltr'><strong>magna.</strong></span> <span class='ocrx_word' id='word_1_19' title='bbox 1105 580 1171 635; x_wconf 84' lang='lat' dir='ltr'><strong>Et</strong></span> <span class='ocrx_word' id='word_1_20' title='bbox 1223 580 1303 634; x_wconf 86' lang='lat' dir='ltr'><strong>ait</strong></span> <span class='ocrx_word' id='word_1_21' title='bbox 1349 599 1363 634; x_wconf 90' lang='lat'><strong>:</strong></span> <span class='ocrx_word' id='word_1_22' title='bbox 1404 579 1704 650; x_wconf 72' lang='lat' dir='ltr'><strong>Segregate</strong></span> <span class='ocrx_word' id='word_1_23' title='bbox 1747 589 1977 634; x_wconf 72' lang='lat' dir='ltr'><strong>Vexatos</strong></span> <span class='ocrx_word' id='word_1_24' title='bbox 2010 593 2040 632; x_wconf 90' lang='lat' dir='ltr'><strong>a</strong></span> <span class='ocrx_word' id='word_1_25' title='bbox 2073 580 2185 633; x_wconf 68' lang='lat' dir='ltr'><strong>dte-</strong></span> 
     </span>
    </p>
   </div>
   <div class='ocr_carea' id='block_1_7' title="bbox 613 668 2185 742">
    <p class='ocr_par' dir='ltr' id='par_1_7' title="bbox 613 668 2185 742">
     <span class='ocr_line' id='line_1_7' title="bbox 613 668 2185 742; baseline -0.003 -18"><span class='ocrx_word' id='word_1_26' title='bbox 613 671 872 725; x_wconf 89' lang='lat' dir='ltr'><strong>monibus</strong></span> <span class='ocrx_word' id='word_1_27' title='bbox 903 671 957 724; x_wconf 90' lang='lat' dir='ltr'><strong>in</strong></span> <span class='ocrx_word' id='word_1_28' title='bbox 1007 687 1169 725; x_wconf 88' lang='lat' dir='ltr'><strong>unam</strong></span> <span class='ocrx_word' id='word_1_29' title='bbox 1209 680 1440 742; x_wconf 86' lang='lat' dir='ltr'><strong>partem.</strong></span> <span class='ocrx_word' id='word_1_30' title='bbox 1501 670 1622 736; x_wconf 86' lang='lat' dir='ltr'><strong>Quo</strong></span> <span class='ocrx_word' id='word_1_31' title='bbox 1679 668 1828 725; x_wconf 78' lang='lat' dir='ltr'><strong>facto</strong></span> <span class='ocrx_word' id='word_1_32' title='bbox 1883 668 2185 724; x_wconf 87' lang='lat' dir='ltr'><strong>tumultua-</strong></span> 
     </span>
    </p>
   </div>
   <div class='ocr_carea' id='block_1_8' title="bbox 608 759 2186 828">
    <p class='ocr_par' dir='ltr' id='par_1_8' title="bbox 608 759 2186 828">
     <span class='ocr_line' id='line_1_8' title="bbox 608 759 2186 828; baseline -0.001 -13"><span class='ocrx_word' id='word_1_33' title='bbox 608 762 811 816; x_wconf 86' lang='lat' dir='ltr'><strong>bantur</strong></span> <span class='ocrx_word' id='word_1_34' title='bbox 856 762 1170 828; x_wconf 67' lang='lat' dir='ltr'><strong>tlaatnones;</strong></span> <span class='ocrx_word' id='word_1_35' title='bbox 1207 762 1452 816; x_wconf 84' lang='lat' dir='ltr'><strong>Andreas</strong></span> <span class='ocrx_word' id='word_1_36' title='bbox 1503 772 1682 817; x_wconf 88' lang='lat' dir='ltr'><strong>autem</strong></span> <span class='ocrx_word' id='word_1_37' title='bbox 1717 777 2016 816; x_wconf 81' lang='lat' dir='ltr'><strong>conversus</strong></span> <span class='ocrx_word' id='word_1_38' title='bbox 2051 759 2186 814; x_wconf 80' lang='lat' dir='ltr'><strong>dixit</strong></span> 
     </span>
    </p>
   </div>
   <div class='ocr_carea' id='block_1_9' title="bbox 608 850 2187 919">
    <p class='ocr_par' dir='ltr' id='par_1_9' title="bbox 608 850 2187 919">
     <span class='ocr_line' id='line_1_9' title="bbox 608 850 2187 919; baseline -0.001 -13"><span class='ocrx_word' id='word_1_39' title='bbox 608 855 693 907; x_wconf 88' lang='lat' dir='ltr'><strong>eis</strong></span> <span class='ocrx_word' id='word_1_40' title='bbox 728 872 740 907; x_wconf 91' lang='lat'><strong>:</strong></span> <span class='ocrx_word' id='word_1_41' title='bbox 781 853 1178 919; x_wconf 86' lang='lat' dir='ltr'><strong>Obmutescite,</strong></span> <span class='ocrx_word' id='word_1_42' title='bbox 1217 862 1272 908; x_wconf 91' lang='lat' dir='ltr'><strong>et</strong></span> <span class='ocrx_word' id='word_1_43' title='bbox 1321 853 1614 908; x_wconf 81' lang='lat' dir='ltr'><strong>confestim</strong></span> <span class='ocrx_word' id='word_1_44' title='bbox 1673 861 1967 908; x_wconf 88' lang='lat' dir='ltr'><strong>steterunt.</strong></span> <span class='ocrx_word' id='word_1_45' title='bbox 2018 850 2084 906; x_wconf 81' lang='lat' dir='ltr'><strong>Et</strong></span> <span class='ocrx_word' id='word_1_46' title='bbox 2110 852 2187 905; x_wconf 87' lang='lat' dir='ltr'><strong>ait</strong></span> 
     </span>
    </p>
   </div>
   <div class='ocr_carea' id='block_1_10' title="bbox 610 943 2185 1015">
    <p class='ocr_par' dir='ltr' id='par_1_10' title="bbox 610 943 2185 1015">
     <span class='ocr_line' id='line_1_10' title="bbox 610 943 2185 1015; baseline 0.001 -17"><span class='ocrx_word' id='word_1_47' title='bbox 610 946 827 1014; x_wconf 87' lang='lat' dir='ltr'><strong>populis</strong></span> <span class='ocrx_word' id='word_1_48' title='bbox 860 946 997 998; x_wconf 67' lang='grc' dir='ltr'><strong>ενοι</strong></span> <span class='ocrx_word' id='word_1_49' title='bbox 1026 945 1196 1010; x_wconf 83' lang='lat' dir='ltr'><strong>vobis,</strong></span> <span class='ocrx_word' id='word_1_50' title='bbox 1231 945 1427 1000; x_wconf 76' lang='lat' dir='ltr'><strong>fratres</strong></span> <span class='ocrx_word' id='word_1_51' title='bbox 1460 947 1601 1015; x_wconf 81' lang='lat' dir='ltr'><strong>:ipsi</strong></span> <span class='ocrx_word' id='word_1_52' title='bbox 1635 955 1815 1000; x_wconf 86' lang='lat' dir='ltr'><strong>autem</strong></span> <span class='ocrx_word' id='word_1_53' title='bbox 1845 959 1860 998; x_wconf 92' lang='lat'><strong>:</strong></span> <span class='ocrx_word' id='word_1_54' title='bbox 1885 943 1949 997; x_wconf 86' lang='lat' dir='ltr'><strong>Et</strong></span> <span class='ocrx_word' id='word_1_55' title='bbox 1982 952 2185 999; x_wconf 85' lang='lat' dir='ltr'><strong>tecum.</strong></span> 
     </span>
    </p>
   </div>
   <div class='ocr_carea' id='block_1_11' title="bbox 615 1036 2186 1104">
    <p class='ocr_par' dir='ltr' id='par_1_11' title="bbox 615 1036 2186 1104">
     <span class='ocr_line' id='line_1_11' title="bbox 615 1036 2186 1104; baseline 0.001 -16"><span class='ocrx_word' id='word_1_56' title='bbox 615 1036 681 1088; x_wconf 82' lang='lat' dir='ltr'><strong>Et</strong></span> <span class='ocrx_word' id='word_1_57' title='bbox 724 1037 918 1089; x_wconf 87' lang='lat' dir='ltr'><strong>leniter</strong></span> <span class='ocrx_word' id='word_1_58' title='bbox 944 1038 1111 1104; x_wconf 69' lang='lat' dir='ltr'><strong>erepit</strong></span> <span class='ocrx_word' id='word_1_59' title='bbox 1163 1038 1347 1092; x_wconf 84' lang='lat' dir='ltr'><strong>dicere</strong></span> <span class='ocrx_word' id='word_1_60' title='bbox 1379 1055 1393 1092; x_wconf 85' lang='lat'><strong>:</strong></span> <span class='ocrx_word' id='word_1_61' title='bbox 1427 1036 1483 1091; x_wconf 91' lang='lat' dir='ltr'><strong>Si</strong></span> <span class='ocrx_word' id='word_1_62' title='bbox 1535 1036 1872 1092; x_wconf 85' lang='lat' dir='ltr'><strong>recesseritis</strong></span> <span class='ocrx_word' id='word_1_63' title='bbox 1923 1036 1992 1090; x_wconf 81' lang='lat' dir='ltr'><strong>ab</strong></span> <span class='ocrx_word' id='word_1_64' title='bbox 2027 1036 2186 1090; x_wconf 85' lang='lat' dir='ltr'><strong>idolis</strong></span> 
     </span>
    </p>
   </div>
   <div class='ocr_carea' id='block_1_12' title="bbox 617 1127 2186 1197">
    <p class='ocr_par' dir='ltr' id='par_1_12' title="bbox 617 1127 2186 1197">
     <span class='ocr_line' id='line_1_12' title="bbox 617 1127 2186 1197; baseline 0.003 -19"><span class='ocrx_word' id='word_1_65' title='bbox 617 1129 814 1180; x_wconf 88' lang='lat' dir='ltr'><strong>vestris</strong></span> <span class='ocrx_word' id='word_1_66' title='bbox 843 1136 895 1180; x_wconf 88' lang='lat' dir='ltr'><strong>et</strong></span> <span class='ocrx_word' id='word_1_67' title='bbox 930 1127 1312 1197; x_wconf 83' lang='lat' dir='ltr'><strong>abominandis</strong></span> <span class='ocrx_word' id='word_1_68' title='bbox 1358 1130 1632 1182; x_wconf 90' lang='lat' dir='ltr'><strong>conviviis</strong></span> <span class='ocrx_word' id='word_1_69' title='bbox 1678 1137 1731 1183; x_wconf 92' lang='lat' dir='ltr'><strong>et</strong></span> <span class='ocrx_word' id='word_1_70' title='bbox 1777 1128 1994 1197; x_wconf 89' lang='lat' dir='ltr'><strong>injustis</strong></span> <span class='ocrx_word' id='word_1_71' title='bbox 2053 1130 2186 1182; x_wconf 89' lang='lat' dir='ltr'><strong>acti-</strong></span> 
     </span>
    </p>
   </div>
   <div class='ocr_carea' id='block_1_13' title="bbox 617 1217 2186 1280">
    <p class='ocr_par' dir='ltr' id='par_1_13' title="bbox 617 1217 2186 1280">
     <span class='ocr_line' id='line_1_13' title="bbox 617 1217 2186 1280; baseline 0.004 -12"><span class='ocrx_word' id='word_1_72' title='bbox 617 1219 718 1271; x_wconf 91' lang='lat' dir='ltr'><strong>bus</strong></span> <span class='ocrx_word' id='word_1_73' title='bbox 749 1219 966 1280; x_wconf 76' lang='lat' dir='ltr'><strong>vestris,</strong></span> <span class='ocrx_word' id='word_1_74' title='bbox 1016 1217 1365 1273; x_wconf 86' lang='lat' dir='ltr'><strong>credideritis</strong></span> <span class='ocrx_word' id='word_1_75' title='bbox 1415 1229 1598 1274; x_wconf 81' lang='lat' dir='ltr'><strong>autem</strong></span> <span class='ocrx_word' id='word_1_76' title='bbox 1660 1220 1714 1272; x_wconf 90' lang='lat' dir='ltr'><strong>in</strong></span> <span class='ocrx_word' id='word_1_77' title='bbox 1748 1230 2049 1274; x_wconf 78' lang='lat' dir='ltr'><strong>creatorem</strong></span> <span class='ocrx_word' id='word_1_78' title='bbox 2096 1236 2186 1274; x_wconf 84' lang='lat' dir='ltr'><strong>ve-</strong></span> 
     </span>
    </p>
   </div>
   <div class='ocr_carea' id='block_1_14' title="bbox 614 1308 2187 1376">
    <p class='ocr_par' dir='ltr' id='par_1_14' title="bbox 614 1308 2187 1376">
     <span class='ocr_line' id='line_1_14' title="bbox 614 1308 2187 1376; baseline 0.003 -14"><span class='ocrx_word' id='word_1_79' title='bbox 614 1319 789 1362; x_wconf 86' lang='lat' dir='ltr'><strong>strum</strong></span> <span class='ocrx_word' id='word_1_80' title='bbox 839 1308 1028 1373; x_wconf 87' lang='lat' dir='ltr'><strong>Deum,</strong></span> <span class='ocrx_word' id='word_1_81' title='bbox 1062 1317 1115 1362; x_wconf 90' lang='lat' dir='ltr'><strong>et</strong></span> <span class='ocrx_word' id='word_1_82' title='bbox 1143 1325 1172 1362; x_wconf 89' lang='lat' dir='ltr'><strong>a</strong></span> <span class='ocrx_word' id='word_1_83' title='bbox 1209 1310 1414 1365; x_wconf 82' lang='lat' dir='ltr'><strong>morbis</strong></span> <span class='ocrx_word' id='word_1_84' title='bbox 1476 1312 1746 1365; x_wconf 88' lang='lat' dir='ltr'><strong>immunes</strong></span> <span class='ocrx_word' id='word_1_85' title='bbox 1804 1311 1978 1376; x_wconf 85' lang='lat' dir='ltr'><strong>eritis,</strong></span> <span class='ocrx_word' id='word_1_86' title='bbox 2018 1322 2072 1364; x_wconf 91' lang='lat' dir='ltr'><strong>et</strong></span> <span class='ocrx_word' id='word_1_87' title='bbox 2103 1313 2187 1367; x_wconf 80' lang='lat' dir='ltr'><strong>fu-</strong></span> 
     </span>
    </p>
   </div>
   <div class='ocr_carea' id='block_1_15' title="bbox 614 1400 2187 1474">
    <p class='ocr_par' dir='ltr' id='par_1_15' title="bbox 614 1400 2187 1474">
     <span class='ocr_line' id='line_1_15' title="bbox 614 1400 2187 1474; baseline 0.004 -23"><span class='ocrx_word' id='word_1_88' title='bbox 614 1402 760 1467; x_wconf 70' lang='lat' dir='ltr'><strong>gient</strong></span> <span class='ocrx_word' id='word_1_89' title='bbox 782 1417 810 1452; x_wconf 88' lang='lat' dir='ltr'><strong>a</strong></span> <span class='ocrx_word' id='word_1_90' title='bbox 840 1402 990 1454; x_wconf 85' lang='lat' dir='ltr'><strong>vobis</strong></span> <span class='ocrx_word' id='word_1_91' title='bbox 1019 1400 1330 1463; x_wconf 78' lang='lat' dir='ltr'><strong>daemones;</strong></span> <span class='ocrx_word' id='word_1_92' title='bbox 1363 1412 1417 1456; x_wconf 88' lang='lat' dir='ltr'><strong>et</strong></span> <span class='ocrx_word' id='word_1_93' title='bbox 1446 1403 1491 1456; x_wconf 89' lang='lat' dir='ltr'><strong>si</strong></span> <span class='ocrx_word' id='word_1_94' title='bbox 1538 1417 1680 1471; x_wconf 84' lang='lat' dir='ltr'><strong>aqua</strong></span> <span class='ocrx_word' id='word_1_95' title='bbox 1717 1402 1890 1458; x_wconf 75' lang='lat' dir='ltr'><strong>sancti</strong></span> <span class='ocrx_word' id='word_1_96' title='bbox 1944 1403 2187 1474; x_wconf 85' lang='lat' dir='ltr'><strong>Spiritus</strong></span> 
     </span>
    </p>
   </div>
   <div class='ocr_carea' id='block_1_16' title="bbox 622 1491 2187 1564">
    <p class='ocr_par' dir='ltr' id='par_1_16' title="bbox 622 1491 2187 1564">
     <span class='ocr_line' id='line_1_16' title="bbox 622 1491 2187 1564; baseline 0.005 -21"><span class='ocrx_word' id='word_1_97' title='bbox 622 1491 912 1547; x_wconf 77' lang='lat' dir='ltr'><strong>abluet-itis</strong></span> <span class='ocrx_word' id='word_1_98' title='bbox 967 1504 1203 1548; x_wconf 80' lang='lat' dir='ltr'><strong>veterem</strong></span> <span class='ocrx_word' id='word_1_99' title='bbox 1266 1504 1501 1548; x_wconf 83' lang='lat' dir='ltr'><strong>vestram</strong></span> <span class='ocrx_word' id='word_1_100' title='bbox 1554 1495 1968 1564; x_wconf 86' lang='lat' dir='ltr'><strong>turpitudinem,</strong></span> <span class='ocrx_word' id='word_1_101' title='bbox 2035 1498 2187 1551; x_wconf 81' lang='lat' dir='ltr'><strong>eritis</strong></span> 
     </span>
    </p>
   </div>
   <div class='ocr_carea' id='block_1_17' title="bbox 616 1587 2188 1658">
    <p class='ocr_par' dir='ltr' id='par_1_17' title="bbox 616 1587 2188 1658">
     <span class='ocr_line' id='line_1_17' title="bbox 616 1587 2188 1658; baseline 0.003 -20"><span class='ocrx_word' id='word_1_102' title='bbox 616 1589 912 1654; x_wconf 77' lang='lat' dir='ltr'><strong>participes</strong></span> <span class='ocrx_word' id='word_1_103' title='bbox 946 1587 1253 1640; x_wconf 71' lang='lat' dir='ltr'><strong>caelestium</strong></span> <span class='ocrx_word' id='word_1_104' title='bbox 1307 1588 1645 1658; x_wconf 75' lang='lat' dir='ltr'><strong>angelorum.</strong></span> <span class='ocrx_word' id='word_1_105' title='bbox 1687 1587 1814 1642; x_wconf 75' lang='lat' dir='ltr'><strong>Haec</strong></span> <span class='ocrx_word' id='word_1_106' title='bbox 1847 1589 2032 1642; x_wconf 88' lang='lat' dir='ltr'><strong>dicens</strong></span> <span class='ocrx_word' id='word_1_107' title='bbox 2078 1590 2188 1642; x_wconf 84' lang='lat' dir='ltr'><strong>An-</strong></span> 
     </span>
    </p>
   </div>
   <div class='ocr_carea' id='block_1_18' title="bbox 615 1673 2184 1744">
    <p class='ocr_par' dir='ltr' id='par_1_18' title="bbox 615 1673 2184 1744">
     <span class='ocr_line' id='line_1_18' title="bbox 615 1673 2184 1744; baseline 0.003 -18"><span class='ocrx_word' id='word_1_108' title='bbox 615 1673 978 1742; x_wconf 66' lang='lat' dir='ltr'><strong>dreasiussit</strong></span> <span class='ocrx_word' id='word_1_109' title='bbox 1009 1675 1208 1729; x_wconf 79' lang='lat' dir='ltr'><strong>adduci</strong></span> <span class='ocrx_word' id='word_1_110' title='bbox 1258 1674 1325 1728; x_wconf 86' lang='lat' dir='ltr'><strong>ad</strong></span> <span class='ocrx_word' id='word_1_111' title='bbox 1379 1690 1437 1730; x_wconf 86' lang='lat' dir='ltr'><strong>se</strong></span> <span class='ocrx_word' id='word_1_112' title='bbox 1488 1677 1698 1741; x_wconf 88' lang='lat' dir='ltr'><strong>turbas,</strong></span> <span class='ocrx_word' id='word_1_113' title='bbox 1765 1685 1819 1730; x_wconf 89' lang='lat' dir='ltr'><strong>et</strong></span> <span class='ocrx_word' id='word_1_114' title='bbox 1884 1677 2184 1744; x_wconf 80' lang='lat' dir='ltr'><strong>unicuique</strong></span> 
     </span>
    </p>
   </div>
   <div class='ocr_carea' id='block_1_19' title="bbox 617 1765 2184 1834">
    <p class='ocr_par' dir='ltr' id='par_1_19' title="bbox 617 1765 2184 1834">
     <span class='ocr_line' id='line_1_19' title="bbox 617 1765 2184 1834; baseline 0.001 -17"><span class='ocrx_word' id='word_1_115' title='bbox 617 1779 837 1825; x_wconf 81' lang='lat' dir='ltr'><strong>manum</strong></span> <span class='ocrx_word' id='word_1_116' title='bbox 873 1767 1165 1834; x_wconf 78' lang='lat' dir='ltr'><strong>imponens</strong></span> <span class='ocrx_word' id='word_1_117' title='bbox 1199 1768 1414 1821; x_wconf 82' lang='lat' dir='ltr'><strong>sanavit</strong></span> <span class='ocrx_word' id='word_1_118' title='bbox 1461 1773 1726 1830; x_wconf 84' lang='lat' dir='ltr'><strong>cunctos;</strong></span> <span class='ocrx_word' id='word_1_119' title='bbox 1758 1765 2034 1820; x_wconf 71' lang='lat' dir='ltr'><strong>daeuiones</strong></span> <span class='ocrx_word' id='word_1_120' title='bbox 2087 1781 2184 1818; x_wconf 89' lang='lat' dir='ltr'><strong>au-</strong></span> 
     </span>
    </p>
   </div>
   <div class='ocr_carea' id='block_1_20' title="bbox 624 1857 2191 1926">
    <p class='ocr_par' dir='ltr' id='par_1_20' title="bbox 624 1857 2191 1926">
     <span class='ocr_line' id='line_1_20' title="bbox 624 1857 2191 1926; baseline 0.002 -18"><span class='ocrx_word' id='word_1_121' title='bbox 624 1865 730 1909; x_wconf 88' lang='lat' dir='ltr'><strong>tem</strong></span> <span class='ocrx_word' id='word_1_122' title='bbox 760 1867 917 1911; x_wconf 86' lang='lat' dir='ltr'><strong>torvo</strong></span> <span class='ocrx_word' id='word_1_123' title='bbox 975 1859 1132 1910; x_wconf 92' lang='lat' dir='ltr'><strong>oculo</strong></span> <span class='ocrx_word' id='word_1_124' title='bbox 1179 1867 1385 1910; x_wconf 85' lang='lat' dir='ltr'><strong>tantum</strong></span> <span class='ocrx_word' id='word_1_125' title='bbox 1434 1858 1774 1910; x_wconf 82' lang='lat' dir='ltr'><strong>comminans</strong></span> <span class='ocrx_word' id='word_1_126' title='bbox 1802 1857 2000 1926; x_wconf 85' lang='lat' dir='ltr'><strong>cjecit;</strong></span> <span class='ocrx_word' id='word_1_127' title='bbox 2039 1859 2191 1912; x_wconf 80' lang='lat' dir='ltr'><strong>elle-</strong></span> 
     </span>
    </p>
   </div>
   <div class='ocr_carea' id='block_1_21' title="bbox 618 1948 2186 2019">
    <p class='ocr_par' dir='ltr' id='par_1_21' title="bbox 618 1948 2186 2019">
     <span class='ocr_line' id='line_1_21' title="bbox 618 1948 2186 2019; baseline 0.004 -22"><span class='ocrx_word' id='word_1_128' title='bbox 618 1961 813 2015; x_wconf 83' lang='lat' dir='ltr'><strong>prnsos</strong></span> <span class='ocrx_word' id='word_1_129' title='bbox 879 1962 1018 2014; x_wconf 86' lang='lat' dir='ltr'><strong>aqua</strong></span> <span class='ocrx_word' id='word_1_130' title='bbox 1101 1949 1315 2017; x_wconf 82' lang='lat' dir='ltr'><strong>tingens</strong></span> <span class='ocrx_word' id='word_1_131' title='bbox 1367 1963 1533 2003; x_wconf 83' lang='lat' dir='ltr'><strong>sanos</strong></span> <span class='ocrx_word' id='word_1_132' title='bbox 1612 1948 1738 2002; x_wconf 77' lang='lat' dir='ltr'><strong>fecit</strong></span> <span class='ocrx_word' id='word_1_133' title='bbox 1798 1957 1850 2003; x_wconf 86' lang='lat' dir='ltr'><strong>et</strong></span> <span class='ocrx_word' id='word_1_134' title='bbox 1907 1951 2186 2019; x_wconf 88' lang='lat' dir='ltr'><strong>puerulos.</strong></span> 
     </span>
    </p>
   </div>
   <div class='ocr_carea' id='block_1_22' title="bbox 617 2036 2190 2109">
    <p class='ocr_par' dir='ltr' id='par_1_22' title="bbox 617 2036 2190 2109">
     <span class='ocr_line' id='line_1_22' title="bbox 617 2036 2190 2109; baseline 0.004 -19"><span class='ocrx_word' id='word_1_135' title='bbox 617 2036 851 2092; x_wconf 85' lang='lat' dir='ltr'><strong>Claudos</strong></span> <span class='ocrx_word' id='word_1_136' title='bbox 877 2050 1057 2092; x_wconf 90' lang='lat' dir='ltr'><strong>autem</strong></span> <span class='ocrx_word' id='word_1_137' title='bbox 1086 2050 1137 2093; x_wconf 90' lang='lat' dir='ltr'><strong>et</strong></span> <span class='ocrx_word' id='word_1_138' title='bbox 1161 2040 1417 2108; x_wconf 72' lang='lat' dir='ltr'><strong>gibbUSOS</strong></span> <span class='ocrx_word' id='word_1_139' title='bbox 1439 2052 1492 2093; x_wconf 92' lang='lat' dir='ltr'><strong>et</strong></span> <span class='ocrx_word' id='word_1_140' title='bbox 1515 2040 1864 2109; x_wconf 62' lang='lat' dir='ltr'><strong>paralyticos,</strong></span> <span class='ocrx_word' id='word_1_141' title='bbox 1899 2052 1951 2094; x_wconf 88' lang='lat' dir='ltr'><strong>et</strong></span> <span class='ocrx_word' id='word_1_142' title='bbox 1981 2042 2190 2097; x_wconf 87' lang='lat' dir='ltr'><strong>debiles</strong></span> 
     </span>
    </p>
   </div>
   <div class='ocr_carea' id='block_1_23' title="bbox 619 2128 2190 2199">
    <p class='ocr_par' dir='ltr' id='par_1_23' title="bbox 619 2128 2190 2199">
     <span class='ocr_line' id='line_1_23' title="bbox 619 2128 2190 2199; baseline 0.005 -22"><span class='ocrx_word' id='word_1_143' title='bbox 619 2135 672 2178; x_wconf 90' lang='lat' dir='ltr'><strong>et</strong></span> <span class='ocrx_word' id='word_1_144' title='bbox 703 2142 875 2182; x_wconf 71' lang='lat' dir='ltr'><strong>razcos</strong></span> <span class='ocrx_word' id='word_1_145' title='bbox 903 2131 1156 2180; x_wconf 76' lang='lat' dir='ltr'><strong>manilius</strong></span> <span class='ocrx_word' id='word_1_146' title='bbox 1197 2128 1468 2195; x_wconf 78' lang='lat' dir='ltr'><strong>impositis</strong></span> <span class='ocrx_word' id='word_1_147' title='bbox 1519 2144 1708 2182; x_wconf 87' lang='lat' dir='ltr'><strong>omnes</strong></span> <span class='ocrx_word' id='word_1_148' title='bbox 1743 2129 1813 2184; x_wconf 88' lang='lat' dir='ltr'><strong>ab</strong></span> <span class='ocrx_word' id='word_1_149' title='bbox 1864 2130 2190 2199; x_wconf 71' lang='lat' dir='ltr'><strong>aegritudine</strong></span> 
     </span>
    </p>
   </div>
   <div class='ocr_carea' id='block_1_24' title="bbox 619 2212 890 2269">
    <p class='ocr_par' dir='ltr' id='par_1_24' title="bbox 619 2212 890 2269">
     <span class='ocr_line' id='line_1_24' title="bbox 619 2212 890 2269; baseline 0.011 -5"><span class='ocrx_word' id='word_1_150' title='bbox 619 2212 890 2269; x_wconf 77' lang='lat' dir='ltr'><strong>liberavit.</strong></span> 
     </span>
    </p>
   </div>
   <div class='ocr_carea' id='block_1_25' title="bbox 693 2391 2192 2464">
    <p class='ocr_par' dir='ltr' id='par_1_25' title="bbox 693 2391 2192 2464">
     <span class='ocr_line' id='line_1_25' title="bbox 693 2391 2192 2464; baseline 0.005 -19"><span class='ocrx_word' id='word_1_151' title='bbox 693 2391 951 2447; x_wconf 80' lang='lat' dir='ltr'><strong>Videntes</strong></span> <span class='ocrx_word' id='word_1_152' title='bbox 985 2403 1168 2448; x_wconf 89' lang='lat' dir='ltr'><strong>autem</strong></span> <span class='ocrx_word' id='word_1_153' title='bbox 1202 2395 1454 2450; x_wconf 81' lang='lat' dir='ltr'><strong>homines</strong></span> <span class='ocrx_word' id='word_1_154' title='bbox 1484 2397 1766 2464; x_wconf 84' lang='lat' dir='ltr'><strong>apostolos</strong></span> <span class='ocrx_word' id='word_1_155' title='bbox 1819 2395 1962 2451; x_wconf 84' lang='lat' dir='ltr'><strong>fastu</strong></span> <span class='ocrx_word' id='word_1_156' title='bbox 1996 2411 2192 2452; x_wconf 84' lang='lat' dir='ltr'><strong>caren-</strong></span> 
     </span>
    </p>
   </div>
   <div class='ocr_carea' id='block_1_26' title="bbox 623 2485 2192 2557">
    <p class='ocr_par' dir='ltr' id='par_1_26' title="bbox 623 2485 2192 2557">
     <span class='ocr_line' id='line_1_26' title="bbox 623 2485 2192 2557; baseline 0.004 -21"><span class='ocrx_word' id='word_1_157' title='bbox 623 2491 727 2543; x_wconf 90' lang='lat' dir='ltr'><strong>tes,</strong></span> <span class='ocrx_word' id='word_1_158' title='bbox 764 2486 973 2552; x_wconf 77' lang='lat' dir='ltr'><strong>absque</strong></span> <span class='ocrx_word' id='word_1_159' title='bbox 1009 2485 1130 2538; x_wconf 89' lang='lat' dir='ltr'><strong>cibo</strong></span> <span class='ocrx_word' id='word_1_160' title='bbox 1166 2485 1445 2553; x_wconf 66' lang='lat' dir='ltr'><strong>degentes,</strong></span> <span class='ocrx_word' id='word_1_161' title='bbox 1481 2488 1730 2556; x_wconf 86' lang='lat' dir='ltr'><strong>pallidos,</strong></span> <span class='ocrx_word' id='word_1_162' title='bbox 1760 2489 1916 2542; x_wconf 89' lang='lat' dir='ltr'><strong>nudis</strong></span> <span class='ocrx_word' id='word_1_163' title='bbox 1963 2487 2192 2557; x_wconf 82' lang='lat' dir='ltr'><strong>pedibus</strong></span> 
     </span>
    </p>
   </div>
   <div class='ocr_carea' id='block_1_27' title="bbox 622 2576 2192 2640">
    <p class='ocr_par' dir='ltr' id='par_1_27' title="bbox 622 2576 2192 2640">
     <span class='ocr_line' id='line_1_27' title="bbox 622 2576 2192 2640; baseline 0.004 -14"><span class='ocrx_word' id='word_1_164' title='bbox 622 2589 746 2626; x_wconf 85' lang='lat' dir='ltr'><strong>cuni</strong></span> <span class='ocrx_word' id='word_1_165' title='bbox 773 2576 1040 2627; x_wconf 84' lang='lat' dir='ltr'><strong>sandaliis</strong></span> <span class='ocrx_word' id='word_1_166' title='bbox 1092 2576 1451 2640; x_wconf 86' lang='lat' dir='ltr'><strong>ambulantes,</strong></span> <span class='ocrx_word' id='word_1_167' title='bbox 1481 2588 1532 2630; x_wconf 90' lang='lat' dir='ltr'><strong>et</strong></span> <span class='ocrx_word' id='word_1_168' title='bbox 1597 2592 1702 2630; x_wconf 88' lang='lat' dir='ltr'><strong>una</strong></span> <span class='ocrx_word' id='word_1_169' title='bbox 1729 2585 1939 2632; x_wconf 84' lang='lat' dir='ltr'><strong>tantum</strong></span> <span class='ocrx_word' id='word_1_170' title='bbox 1973 2579 2192 2632; x_wconf 90' lang='lat' dir='ltr'><strong>indutos</strong></span> 
     </span>
    </p>
   </div>
   <div class='ocr_carea' id='block_1_28' title="bbox 624 2666 2187 2732">
    <p class='ocr_par' dir='ltr' id='par_1_28' title="bbox 624 2666 2187 2732">
     <span class='ocr_line' id='line_1_28' title="bbox 624 2666 2187 2732; baseline 0.006 -16"><span class='ocrx_word' id='word_1_171' title='bbox 624 2667 829 2724; x_wconf 88' lang='lat' dir='ltr'><strong>tunica,</strong></span> <span class='ocrx_word' id='word_1_172' title='bbox 855 2674 905 2716; x_wconf 86' lang='lat' dir='ltr'><strong>et</strong></span> <span class='ocrx_word' id='word_1_173' title='bbox 936 2666 1177 2718; x_wconf 87' lang='lat' dir='ltr'><strong>divinum</strong></span> <span class='ocrx_word' id='word_1_174' title='bbox 1221 2667 1444 2720; x_wconf 86' lang='lat' dir='ltr'><strong>verbum</strong></span> <span class='ocrx_word' id='word_1_175' title='bbox 1498 2667 1865 2732; x_wconf 78' lang='lat' dir='ltr'><strong>eﬂ&#39;undentes,</strong></span> <span class='ocrx_word' id='word_1_176' title='bbox 1897 2678 1953 2724; x_wconf 88' lang='lat' dir='ltr'><strong>et</strong></span> <span class='ocrx_word' id='word_1_177' title='bbox 1999 2671 2187 2726; x_wconf 85' lang='lat' dir='ltr'><strong>laudes</strong></span> 
     </span>
    </p>
   </div>
   <div class='ocr_carea' id='block_1_29' title="bbox 623 2753 2194 2827">
    <p class='ocr_par' dir='ltr' id='par_1_29' title="bbox 623 2753 2194 2827">
     <span class='ocr_line' id='line_1_29' title="bbox 623 2753 2194 2827; baseline 0.006 -21"><span class='ocrx_word' id='word_1_178' title='bbox 623 2753 734 2808; x_wconf 88' lang='lat' dir='ltr'><strong>Deo</strong></span> <span class='ocrx_word' id='word_1_179' title='bbox 780 2757 992 2824; x_wconf 75' lang='lat' dir='ltr'><strong>vesperi</strong></span> <span class='ocrx_word' id='word_1_180' title='bbox 1028 2769 1082 2810; x_wconf 91' lang='lat' dir='ltr'><strong>et</strong></span> <span class='ocrx_word' id='word_1_181' title='bbox 1151 2773 1312 2812; x_wconf 89' lang='lat' dir='ltr'><strong>mane</strong></span> <span class='ocrx_word' id='word_1_182' title='bbox 1365 2766 1418 2812; x_wconf 91' lang='lat' dir='ltr'><strong>ct</strong></span> <span class='ocrx_word' id='word_1_183' title='bbox 1459 2759 1684 2812; x_wconf 86' lang='lat' dir='ltr'><strong>meridie</strong></span> <span class='ocrx_word' id='word_1_184' title='bbox 1716 2762 2108 2827; x_wconf 88' lang='lat' dir='ltr'><strong>persolventes,</strong></span> <span class='ocrx_word' id='word_1_185' title='bbox 2141 2769 2194 2815; x_wconf 92' lang='lat' dir='ltr'><strong>et</strong></span> 
     </span>
    </p>
   </div>
   <div class='ocr_carea' id='block_1_30' title="bbox 627 2844 2188 2910">
    <p class='ocr_par' dir='ltr' id='par_1_30' title="bbox 627 2844 2188 2910">
     <span class='ocr_line' id='line_1_30' title="bbox 627 2844 2188 2910; baseline 0.005 -15"><span class='ocrx_word' id='word_1_186' title='bbox 627 2844 919 2896; x_wconf 82' lang='lat' dir='ltr'><strong>sanitatem</strong></span> <span class='ocrx_word' id='word_1_187' title='bbox 954 2845 1244 2909; x_wconf 81' lang='lat' dir='ltr'><strong>donantes,</strong></span> <span class='ocrx_word' id='word_1_188' title='bbox 1282 2846 1724 2910; x_wconf 85' lang='lat' dir='ltr'><strong>admirabantur,</strong></span> <span class='ocrx_word' id='word_1_189' title='bbox 1783 2864 1881 2902; x_wconf 89' lang='lat' dir='ltr'><strong>nec</strong></span> <span class='ocrx_word' id='word_1_190' title='bbox 1935 2851 2188 2903; x_wconf 85' lang='lat' dir='ltr'><strong>volebant</strong></span> 
     </span>
    </p>
   </div>
   <div class='ocr_carea' id='block_1_31' title="bbox 628 2936 2194 3014">
    <p class='ocr_par' dir='ltr' id='par_1_31' title="bbox 628 2936 2194 3014">
     <span class='ocr_line' id='line_1_31' title="bbox 628 2936 2194 3014; baseline 0.006 -29"><span class='ocrx_word' id='word_1_191' title='bbox 628 2936 886 2988; x_wconf 83' lang='lat' dir='ltr'><strong>recedere</strong></span> <span class='ocrx_word' id='word_1_192' title='bbox 929 2937 996 2988; x_wconf 90' lang='lat' dir='ltr'><strong>ab</strong></span> <span class='ocrx_word' id='word_1_193' title='bbox 1049 2938 1151 2990; x_wconf 91' lang='lat' dir='ltr'><strong>eis.</strong></span> <span class='ocrx_word' id='word_1_194' title='bbox 1211 2937 1313 2990; x_wconf 82' lang='lat' dir='ltr'><strong>Per</strong></span> <span class='ocrx_word' id='word_1_195' title='bbox 1371 2937 1488 2991; x_wconf 88' lang='lat' dir='ltr'><strong>dies</strong></span> <span class='ocrx_word' id='word_1_196' title='bbox 1541 2949 1730 2998; x_wconf 78' lang='lat' dir='ltr'><strong>autem</strong></span> <span class='ocrx_word' id='word_1_197' title='bbox 1779 2943 2194 3014; x_wconf 77' lang='lat' dir='ltr'><strong>apponebantur</strong></span> 
     </span>
    </p>
   </div>
   <div class='ocr_carea' id='block_1_32' title="bbox 628 3027 2188 3086">
    <p class='ocr_par' dir='ltr' id='par_1_32' title="bbox 628 3027 2188 3086">
     <span class='ocr_line' id='line_1_32' title="bbox 628 3027 2188 3086; baseline 0.004 -7"><span class='ocrx_word' id='word_1_198' title='bbox 628 3027 963 3079; x_wconf 88' lang='lat' dir='ltr'><strong>credentium</strong></span> <span class='ocrx_word' id='word_1_199' title='bbox 1002 3027 1232 3082; x_wconf 87' lang='lat' dir='ltr'><strong>Domino</strong></span> <span class='ocrx_word' id='word_1_200' title='bbox 1270 3031 1440 3082; x_wconf 55' lang='lat' dir='ltr'><strong>turbae</strong></span> <span class='ocrx_word' id='word_1_201' title='bbox 1477 3031 1718 3083; x_wconf 89' lang='lat' dir='ltr'><strong>virorum</strong></span> <span class='ocrx_word' id='word_1_202' title='bbox 1767 3047 1832 3084; x_wconf 86' lang='lat' dir='ltr'><strong>au</strong></span> <span class='ocrx_word' id='word_1_203' title='bbox 1878 3033 2188 3086; x_wconf 83' lang='lat' dir='ltr'><strong>mulierum.</strong></span> 
     </span>
    </p>
   </div>
   <div class='ocr_carea' id='block_1_33' title="bbox 631 3116 2191 3192">
    <p class='ocr_par' dir='ltr' id='par_1_33' title="bbox 631 3116 2191 3192">
     <span class='ocr_line' id='line_1_33' title="bbox 631 3116 2191 3192; baseline 0.007 -25"><span class='ocrx_word' id='word_1_204' title='bbox 631 3116 688 3167; x_wconf 73' lang='lat' dir='ltr'><strong>I-lt</strong></span> <span class='ocrx_word' id='word_1_205' title='bbox 714 3117 881 3186; x_wconf 78' lang='lat' dir='ltr'><strong>jussit</strong></span> <span class='ocrx_word' id='word_1_206' title='bbox 913 3120 1161 3172; x_wconf 82' lang='lat' dir='ltr'><strong>Andreas</strong></span> <span class='ocrx_word' id='word_1_207' title='bbox 1196 3129 1253 3172; x_wconf 90' lang='lat' dir='ltr'><strong>ut</strong></span> <span class='ocrx_word' id='word_1_208' title='bbox 1293 3119 1545 3188; x_wconf 87' lang='lat' dir='ltr'><strong>discipuli</strong></span> <span class='ocrx_word' id='word_1_209' title='bbox 1598 3123 1855 3175; x_wconf 89' lang='lat' dir='ltr'><strong>docerent</strong></span> <span class='ocrx_word' id='word_1_210' title='bbox 1893 3138 2022 3188; x_wconf 90' lang='lat' dir='ltr'><strong>eos;</strong></span> <span class='ocrx_word' id='word_1_211' title='bbox 2076 3125 2191 3192; x_wconf 87' lang='lat' dir='ltr'><strong>ipse</strong></span> 
     </span>
    </p>
   </div>
   <div class='ocr_carea' id='block_1_34' title="bbox 627 3213 2192 3280">
    <p class='ocr_par' dir='ltr' id='par_1_34' title="bbox 627 3213 2192 3280">
     <span class='ocr_line' id='line_1_34' title="bbox 627 3213 2192 3280; baseline 0.006 -19"><span class='ocrx_word' id='word_1_212' title='bbox 627 3221 810 3262; x_wconf 87' lang='lat' dir='ltr'><strong>autem</strong></span> <span class='ocrx_word' id='word_1_213' title='bbox 868 3226 988 3262; x_wconf 83' lang='lat' dir='ltr'><strong>cuni</strong></span> <span class='ocrx_word' id='word_1_214' title='bbox 1051 3213 1343 3280; x_wconf 87' lang='lat' dir='ltr'><strong>discipulis</strong></span> <span class='ocrx_word' id='word_1_215' title='bbox 1397 3213 1608 3267; x_wconf 85' lang='lat' dir='ltr'><strong>Juobus</strong></span> <span class='ocrx_word' id='word_1_216' title='bbox 1656 3213 1924 3268; x_wconf 85' lang='lat' dir='ltr'><strong>circuibat</strong></span> <span class='ocrx_word' id='word_1_217' title='bbox 1981 3218 2192 3271; x_wconf 90' lang='lat' dir='ltr'><strong>vicinos</strong></span> 
     </span>
    </p>
   </div>
   <div class='ocr_carea' id='block_1_35' title="bbox 630 3302 2193 3376">
    <p class='ocr_par' dir='ltr' id='par_1_35' title="bbox 630 3302 2193 3376">
     <span class='ocr_line' id='line_1_35' title="bbox 630 3302 2193 3376; baseline 0.009 -28"><span class='ocrx_word' id='word_1_218' title='bbox 630 3315 817 3367; x_wconf 76' lang='lat' dir='ltr'><strong>pagos,</strong></span> <span class='ocrx_word' id='word_1_219' title='bbox 862 3302 912 3352; x_wconf 91' lang='lat' dir='ltr'><strong>in</strong></span> <span class='ocrx_word' id='word_1_220' title='bbox 949 3302 1177 3365; x_wconf 60' lang='lat' dir='ltr'><strong>gratiam</strong></span> <span class='ocrx_word' id='word_1_221' title='bbox 1201 3318 1392 3355; x_wconf 89' lang='lat' dir='ltr'><strong>eorum</strong></span> <span class='ocrx_word' id='word_1_222' title='bbox 1437 3303 1528 3372; x_wconf 79' lang='lat' dir='ltr'><strong>qui</strong></span> <span class='ocrx_word' id='word_1_223' title='bbox 1558 3304 1623 3356; x_wconf 89' lang='lat' dir='ltr'><strong>ad</strong></span> <span class='ocrx_word' id='word_1_224' title='bbox 1652 3320 1709 3358; x_wconf 88' lang='lat' dir='ltr'><strong>se</strong></span> <span class='ocrx_word' id='word_1_225' title='bbox 1737 3307 1922 3358; x_wconf 85' lang='lat' dir='ltr'><strong>venire</strong></span> <span class='ocrx_word' id='word_1_226' title='bbox 1954 3323 2058 3360; x_wconf 91' lang='lat' dir='ltr'><strong>non</strong></span> <span class='ocrx_word' id='word_1_227' title='bbox 2097 3323 2193 3376; x_wconf 83' lang='lat' dir='ltr'><strong>po-</strong></span> 
     </span>
    </p>
   </div>
   <div class='ocr_carea' id='block_1_36' title="bbox 631 3393 2196 3460">
    <p class='ocr_par' dir='ltr' id='par_1_36' title="bbox 631 3393 2196 3460">
     <span class='ocr_line' id='line_1_36' title="bbox 631 3393 2196 3460; baseline 0.006 -18"><span class='ocrx_word' id='word_1_228' title='bbox 631 3401 826 3444; x_wconf 89' lang='lat' dir='ltr'><strong>terant.</strong></span> <span class='ocrx_word' id='word_1_229' title='bbox 861 3393 923 3443; x_wconf 68' lang='grc' dir='ltr'><strong>ιιι</strong></span> <span class='ocrx_word' id='word_1_230' title='bbox 956 3408 1076 3444; x_wconf 90' lang='lat' dir='ltr'><strong>cum</strong></span> <span class='ocrx_word' id='word_1_231' title='bbox 1121 3395 1438 3447; x_wconf 86' lang='lat' dir='ltr'><strong>docuissent</strong></span> <span class='ocrx_word' id='word_1_232' title='bbox 1482 3409 1577 3449; x_wconf 90' lang='lat' dir='ltr'><strong>eos</strong></span> <span class='ocrx_word' id='word_1_233' title='bbox 1613 3397 1803 3450; x_wconf 91' lang='lat' dir='ltr'><strong>diebus</strong></span> <span class='ocrx_word' id='word_1_234' title='bbox 1852 3401 2053 3460; x_wconf 86' lang='lat' dir='ltr'><strong>multis,</strong></span> <span class='ocrx_word' id='word_1_235' title='bbox 2103 3400 2196 3453; x_wconf 88' lang='lat' dir='ltr'><strong>ba-</strong></span> 
     </span>
    </p>
   </div>
   <div class='ocr_carea' id='block_1_37' title="bbox 632 3482 2196 3555">
    <p class='ocr_par' dir='ltr' id='par_1_37' title="bbox 632 3482 2196 3555">
     <span class='ocr_line' id='line_1_37' title="bbox 632 3482 2196 3555; baseline 0.006 -23"><span class='ocrx_word' id='word_1_236' title='bbox 632 3482 804 3548; x_wconf 69' lang='lat' dir='ltr'><strong>ptixai</strong></span> <span class='ocrx_word' id='word_1_237' title='bbox 821 3493 979 3534; x_wconf 89' lang='lat' dir='ltr'><strong>erunt</strong></span> <span class='ocrx_word' id='word_1_238' title='bbox 1007 3483 1196 3536; x_wconf 86' lang='lat' dir='ltr'><strong>turbas</strong></span> <span class='ocrx_word' id='word_1_239' title='bbox 1235 3485 1465 3549; x_wconf 84' lang='lat' dir='ltr'><strong>multas;</strong></span> <span class='ocrx_word' id='word_1_240' title='bbox 1497 3485 1591 3538; x_wconf 89' lang='lat' dir='ltr'><strong>sed</strong></span> <span class='ocrx_word' id='word_1_241' title='bbox 1620 3494 1674 3539; x_wconf 89' lang='lat' dir='ltr'><strong>et</strong></span> <span class='ocrx_word' id='word_1_242' title='bbox 1705 3487 2010 3555; x_wconf 81' lang='lat' dir='ltr'><strong>principum</strong></span> <span class='ocrx_word' id='word_1_243' title='bbox 2037 3490 2196 3543; x_wconf 89' lang='lat' dir='ltr'><strong>multi</strong></span> 
     </span>
    </p>
   </div>
   <div class='ocr_carea' id='block_1_38' title="bbox 643 3572 2201 3648">
    <p class='ocr_par' dir='ltr' id='par_1_38' title="bbox 643 3572 2201 3648">
     <span class='ocr_line' id='line_1_38' title="bbox 643 3572 2201 3648; baseline 0.008 -27"><span class='ocrx_word' id='word_1_244' title='bbox 643 3572 995 3624; x_wconf 87' lang='lat' dir='ltr'><strong>crediderunt</strong></span> <span class='ocrx_word' id='word_1_245' title='bbox 1039 3581 1089 3625; x_wconf 92' lang='lat' dir='ltr'><strong>et</strong></span> <span class='ocrx_word' id='word_1_246' title='bbox 1114 3574 1573 3643; x_wconf 80' lang='lat' dir='ltr'><strong>baptizabantur:</strong></span> <span class='ocrx_word' id='word_1_247' title='bbox 1606 3576 1756 3630; x_wconf 86' lang='lat' dir='ltr'><strong>Tunc</strong></span> <span class='ocrx_word' id='word_1_248' title='bbox 1791 3579 1934 3631; x_wconf 87' lang='lat' dir='ltr'><strong>enim</strong></span> <span class='ocrx_word' id='word_1_249' title='bbox 1967 3580 2201 3648; x_wconf 87' lang='lat' dir='ltr'><strong>impera-</strong></span> 
     </span>
    </p>
   </div>
   <div class='ocr_carea' id='block_1_39' title="bbox 632 3661 2198 3736">
    <p class='ocr_par' dir='ltr' id='par_1_39' title="bbox 632 3661 2198 3736">
     <span class='ocr_line' id='line_1_39' title="bbox 632 3661 2198 3736; baseline 0.008 -24"><span class='ocrx_word' id='word_1_250' title='bbox 632 3672 781 3714; x_wconf 90' lang='lat' dir='ltr'><strong>tores</strong></span> <span class='ocrx_word' id='word_1_251' title='bbox 817 3661 1070 3716; x_wconf 82' lang='lat' dir='ltr'><strong>Tiberius</strong></span> <span class='ocrx_word' id='word_1_252' title='bbox 1120 3672 1171 3715; x_wconf 92' lang='lat' dir='ltr'><strong>et</strong></span> <span class='ocrx_word' id='word_1_253' title='bbox 1221 3664 1387 3718; x_wconf 84' lang='lat' dir='ltr'><strong>Caius</strong></span> <span class='ocrx_word' id='word_1_254' title='bbox 1427 3675 1480 3717; x_wconf 84' lang='lat' dir='ltr'><strong>et</strong></span> <span class='ocrx_word' id='word_1_255' title='bbox 1509 3665 1766 3720; x_wconf 91' lang='lat' dir='ltr'><strong>Claudius</strong></span> <span class='ocrx_word' id='word_1_256' title='bbox 1799 3683 1906 3721; x_wconf 90' lang='lat' dir='ltr'><strong>non</strong></span> <span class='ocrx_word' id='word_1_257' title='bbox 1947 3672 2198 3736; x_wconf 89' lang='lat' dir='ltr'><strong>prohibe-</strong></span> 
     </span>
    </p>
   </div>
   <div class='ocr_carea' id='block_1_40' title="bbox 633 3752 2196 3820">
    <p class='ocr_par' dir='ltr' id='par_1_40' title="bbox 633 3752 2196 3820">
     <span class='ocr_line' id='line_1_40' title="bbox 633 3752 2196 3820; baseline 0.007 -16"><span class='ocrx_word' id='word_1_258' title='bbox 633 3752 796 3816; x_wconf 86' lang='lat' dir='ltr'><strong>bant;</strong></span> <span class='ocrx_word' id='word_1_259' title='bbox 825 3755 992 3804; x_wconf 81' lang='lat' dir='ltr'><strong>sedet</strong></span> <span class='ocrx_word' id='word_1_260' title='bbox 1023 3770 1418 3820; x_wconf 78' lang='lat' dir='ltr'><strong>generosarum</strong></span> <span class='ocrx_word' id='word_1_261' title='bbox 1449 3755 1774 3811; x_wconf 77' lang='lat' dir='ltr'><strong>ietninarum</strong></span> <span class='ocrx_word' id='word_1_262' title='bbox 1809 3767 1861 3812; x_wconf 91' lang='lat' dir='ltr'><strong>et</strong></span> <span class='ocrx_word' id='word_1_263' title='bbox 1891 3761 2196 3815; x_wconf 74' lang='lat' dir='ltr'><strong>Jutltearum</strong></span> 
     </span>
    </p>
   </div>
   <div class='ocr_carea' id='block_1_41' title="bbox 631 3846 2200 3916">
    <p class='ocr_par' dir='ltr' id='par_1_41' title="bbox 631 3846 2200 3916">
     <span class='ocr_line' id='line_1_41' title="bbox 631 3846 2200 3916; baseline 0.008 -20"><span class='ocrx_word' id='word_1_264' title='bbox 631 3847 813 3897; x_wconf 80' lang='lat' dir='ltr'><strong>multa:</strong></span> <span class='ocrx_word' id='word_1_265' title='bbox 841 3846 1214 3898; x_wconf 88' lang='lat' dir='ltr'><strong>crediderunt.</strong></span> <span class='ocrx_word' id='word_1_266' title='bbox 1249 3846 1382 3899; x_wconf 89' lang='lat' dir='ltr'><strong>Cum</strong></span> <span class='ocrx_word' id='word_1_267' title='bbox 1418 3849 1748 3916; x_wconf 86' lang='lat' dir='ltr'><strong>baptizasset</strong></span> <span class='ocrx_word' id='word_1_268' title='bbox 1773 3867 1868 3906; x_wconf 91' lang='lat' dir='ltr'><strong>eos</strong></span> <span class='ocrx_word' id='word_1_269' title='bbox 1896 3853 1952 3905; x_wconf 87' lang='lat' dir='ltr'><strong>in</strong></span> <span class='ocrx_word' id='word_1_270' title='bbox 1984 3854 2200 3908; x_wconf 88' lang='lat' dir='ltr'><strong>nomine</strong></span> 
     </span>
    </p>
   </div>
   <div class='ocr_carea' id='block_1_42' title="bbox 632 3935 2200 4006">
    <p class='ocr_par' dir='ltr' id='par_1_42' title="bbox 632 3935 2200 4006">
     <span class='ocr_line' id='line_1_42' title="bbox 632 3935 2200 4006; baseline 0.007 -18"><span class='ocrx_word' id='word_1_271' title='bbox 632 3935 810 3990; x_wconf 86' lang='lat' dir='ltr'><strong>l‘atris</strong></span> <span class='ocrx_word' id='word_1_272' title='bbox 842 3945 895 3989; x_wconf 89' lang='lat' dir='ltr'><strong>et</strong></span> <span class='ocrx_word' id='word_1_273' title='bbox 939 3936 1061 3988; x_wconf 80' lang='lat' dir='ltr'><strong>Filii</strong></span> <span class='ocrx_word' id='word_1_274' title='bbox 1103 3949 1156 3989; x_wconf 89' lang='lat' dir='ltr'><strong>et</strong></span> <span class='ocrx_word' id='word_1_275' title='bbox 1188 3936 1425 4006; x_wconf 78' lang='lat' dir='ltr'><strong>Spiritus</strong></span> <span class='ocrx_word' id='word_1_276' title='bbox 1469 3943 1668 4003; x_wconf 89' lang='lat' dir='ltr'><strong>sancti,</strong></span> <span class='ocrx_word' id='word_1_277' title='bbox 1722 3943 1996 3997; x_wconf 89' lang='lat' dir='ltr'><strong>dedicavit</strong></span> <span class='ocrx_word' id='word_1_278' title='bbox 2029 3948 2200 4001; x_wconf 88' lang='lat' dir='ltr'><strong>altare</strong></span> 
     </span>
    </p>
   </div>
   <div class='ocr_carea' id='block_1_43' title="bbox 634 4028 2199 4102">
    <p class='ocr_par' dir='ltr' id='par_1_43' title="bbox 634 4028 2199 4102">
     <span class='ocr_line' id='line_1_43' title="bbox 634 4028 2199 4102; baseline 0.005 -20"><span class='ocrx_word' id='word_1_279' title='bbox 634 4039 685 4082; x_wconf 91' lang='lat' dir='ltr'><strong>et</strong></span> <span class='ocrx_word' id='word_1_280' title='bbox 724 4034 983 4096; x_wconf 76' lang='lat' dir='ltr'><strong>templum</strong></span> <span class='ocrx_word' id='word_1_281' title='bbox 1033 4029 1205 4081; x_wconf 75' lang='lat' dir='ltr'><strong>beata:</strong></span> <span class='ocrx_word' id='word_1_282' title='bbox 1252 4028 1344 4082; x_wconf 88' lang='lat' dir='ltr'><strong>Dei</strong></span> <span class='ocrx_word' id='word_1_283' title='bbox 1382 4030 1677 4095; x_wconf 85' lang='lat' dir='ltr'><strong>Genitriei;</strong></span> <span class='ocrx_word' id='word_1_284' title='bbox 1715 4042 1767 4085; x_wconf 92' lang='lat' dir='ltr'><strong>et</strong></span> <span class='ocrx_word' id='word_1_285' title='bbox 1803 4050 1976 4102; x_wconf 92' lang='lat' dir='ltr'><strong>usque</strong></span> <span class='ocrx_word' id='word_1_286' title='bbox 2037 4037 2199 4090; x_wconf 84' lang='lat' dir='ltr'><strong>hodie</strong></span> 
     </span>
    </p>
   </div>
   <div class='ocr_carea' id='block_1_44' title="bbox 633 4122 2202 4183">
    <p class='ocr_par' dir='ltr' id='par_1_44' title="bbox 633 4122 2202 4183">
     <span class='ocr_line' id='line_1_44' title="bbox 633 4122 2202 4183; baseline 0.006 -10"><span class='ocrx_word' id='word_1_287' title='bbox 633 4122 845 4174; x_wconf 89' lang='lat' dir='ltr'><strong>cunctis</strong></span> <span class='ocrx_word' id='word_1_288' title='bbox 896 4130 975 4173; x_wconf 79' lang='lat' dir='ltr'><strong>est</strong></span> <span class='ocrx_word' id='word_1_289' title='bbox 1030 4122 1408 4176; x_wconf 83' lang='lat' dir='ltr'><strong>manifestum.</strong></span> <span class='ocrx_word' id='word_1_290' title='bbox 1443 4123 1730 4177; x_wconf 86' lang='lat' dir='ltr'><strong>Ordinavit</strong></span> <span class='ocrx_word' id='word_1_291' title='bbox 1769 4135 1950 4181; x_wconf 91' lang='lat' dir='ltr'><strong>autem</strong></span> <span class='ocrx_word' id='word_1_292' title='bbox 2007 4143 2072 4181; x_wconf 80' lang='lat' dir='ltr'><strong>ex</strong></span> <span class='ocrx_word' id='word_1_293' title='bbox 2122 4129 2202 4183; x_wconf 89' lang='lat' dir='ltr'><strong>eis</strong></span> 
     </span>
    </p>
   </div>
   <div class='ocr_carea' id='block_1_45' title="bbox 635 4213 2203 4274">
    <p class='ocr_par' dir='ltr' id='par_1_45' title="bbox 635 4213 2203 4274">
     <span class='ocr_line' id='line_1_45' title="bbox 635 4213 2203 4274; baseline 0.007 -11"><span class='ocrx_word' id='word_1_294' title='bbox 635 4214 953 4264; x_wconf 81' lang='lat' dir='ltr'><strong>sacerdotes</strong></span> <span class='ocrx_word' id='word_1_295' title='bbox 993 4223 1044 4265; x_wconf 92' lang='lat' dir='ltr'><strong>et</strong></span> <span class='ocrx_word' id='word_1_296' title='bbox 1077 4213 1375 4267; x_wconf 75' lang='lat' dir='ltr'><strong>diaconos.</strong></span> <span class='ocrx_word' id='word_1_297' title='bbox 1440 4213 1603 4268; x_wconf 77' lang='lat' dir='ltr'><strong>Facta</strong></span> <span class='ocrx_word' id='word_1_298' title='bbox 1645 4226 1728 4268; x_wconf 88' lang='lat' dir='ltr'><strong>est</strong></span> <span class='ocrx_word' id='word_1_299' title='bbox 1782 4228 1961 4271; x_wconf 90' lang='lat' dir='ltr'><strong>autem</strong></span> <span class='ocrx_word' id='word_1_300' title='bbox 2021 4221 2203 4274; x_wconf 69' lang='lat' dir='ltr'><strong>laetitia</strong></span> 
     </span>
    </p>
   </div>
   <div class='ocr_carea' id='block_1_46' title="bbox 639 4302 2204 4372">
    <p class='ocr_par' dir='ltr' id='par_1_46' title="bbox 639 4302 2204 4372">
     <span class='ocr_line' id='line_1_46' title="bbox 639 4302 2204 4372; baseline 0.006 -19"><span class='ocrx_word' id='word_1_301' title='bbox 639 4303 908 4367; x_wconf 61' lang='grc' dir='ltr'><strong>ιιεοειιαὶιι</strong></span> <span class='ocrx_word' id='word_1_302' title='bbox 942 4304 1161 4355; x_wconf 77' lang='lat' dir='ltr'><strong>civitate</strong></span> <span class='ocrx_word' id='word_1_303' title='bbox 1202 4302 1323 4366; x_wconf 91' lang='lat' dir='ltr'><strong>illa;</strong></span> <span class='ocrx_word' id='word_1_304' title='bbox 1360 4305 1652 4372; x_wconf 83' lang='lat' dir='ltr'><strong>participes</strong></span> <span class='ocrx_word' id='word_1_305' title='bbox 1707 4306 1850 4358; x_wconf 89' lang='lat' dir='ltr'><strong>enim</strong></span> <span class='ocrx_word' id='word_1_306' title='bbox 1897 4309 2018 4363; x_wconf 87' lang='lat' dir='ltr'><strong>illos</strong></span> <span class='ocrx_word' id='word_1_307' title='bbox 2077 4311 2204 4362; x_wconf 82' lang='lat' dir='ltr'><strong>fecit</strong></span> 
     </span>
    </p>
   </div>
   <div class='ocr_carea' id='block_1_47' title="bbox 638 4396 2204 4465">
    <p class='ocr_par' dir='ltr' id='par_1_47' title="bbox 638 4396 2204 4465">
     <span class='ocr_line' id='line_1_47' title="bbox 638 4396 2204 4465; baseline 0.005 -20"><span class='ocrx_word' id='word_1_308' title='bbox 638 4396 946 4447; x_wconf 85' lang='lat' dir='ltr'><strong>divinorum</strong></span> <span class='ocrx_word' id='word_1_309' title='bbox 985 4397 1188 4449; x_wconf 71' lang='lat' dir='ltr'><strong>Christi</strong></span> <span class='ocrx_word' id='word_1_310' title='bbox 1253 4399 1662 4465; x_wconf 82' lang='lat' dir='ltr'><strong>mysteriorum,</strong></span> <span class='ocrx_word' id='word_1_311' title='bbox 1706 4412 1752 4451; x_wconf 89' lang='lat' dir='ltr'><strong>et</strong></span> <span class='ocrx_word' id='word_1_312' title='bbox 1791 4401 2007 4453; x_wconf 86' lang='lat' dir='ltr'><strong>tradidit</strong></span> <span class='ocrx_word' id='word_1_313' title='bbox 2048 4403 2204 4454; x_wconf 81' lang='lat' dir='ltr'><strong>litur-</strong></span> 
     </span>
    </p>
   </div>
   <div class='ocr_carea' id='block_1_48' title="bbox 2291 565 3852 643">
    <p class='ocr_par' dir='ltr' id='par_1_48' title="bbox 2291 565 3852 643">
     <span class='ocr_line' id='line_1_48' title="bbox 2291 565 3852 643; baseline 0.001 -19"><span class='ocrx_word' id='word_1_314' title='bbox 2291 572 2585 640; x_wconf 77' lang='grc' dir='ltr'><strong>κάτοφρυς.</strong></span> <span class='ocrx_word' id='word_1_315' title='bbox 2619 565 2727 622; x_wconf 97' lang='lat' dir='ltr'><strong>Kal</strong></span> <span class='ocrx_word' id='word_1_316' title='bbox 2765 565 2916 622; x_wconf 78' lang='grc' dir='ltr'><strong>εἶπεν</strong></span> <span class='ocrx_word' id='word_1_317' title='bbox 2951 587 2963 598; x_wconf 87' lang='grc'>·</span> <span class='ocrx_word' id='word_1_318' title='bbox 2996 569 3318 638; x_wconf 79' lang='grc' dir='ltr'><strong>’Δφορίσατε</strong></span> <span class='ocrx_word' id='word_1_319' title='bbox 3359 572 3485 636; x_wconf 84' lang='grc' dir='ltr'><strong>τοὺς</strong></span> <span class='ocrx_word' id='word_1_320' title='bbox 3530 572 3852 643; x_wconf 69' lang='grc' dir='ltr'><strong>δαιμονιῶνσ</strong></span> 
     </span>
    </p>
   </div>
   <div class='ocr_carea' id='block_1_49' title="bbox 2285 661 3852 734">
    <p class='ocr_par' dir='ltr' id='par_1_49' title="bbox 2285 661 3852 734">
     <span class='ocr_line' id='line_1_49' title="bbox 2285 661 3852 734; baseline 0.001 -18"><span class='ocrx_word' id='word_1_321' title='bbox 2285 681 2381 726; x_wconf 90' lang='grc' dir='ltr'><strong>τας</strong></span> <span class='ocrx_word' id='word_1_322' title='bbox 2409 663 2502 714; x_wconf 69' lang='grc' dir='ltr'><strong>ἐπὶ</strong></span> <span class='ocrx_word' id='word_1_323' title='bbox 2529 661 2586 714; x_wconf 74' lang='grc' dir='ltr'><strong>ἓν</strong></span> <span class='ocrx_word' id='word_1_324' title='bbox 2617 661 2800 730; x_wconf 80' lang='grc' dir='ltr'>μέρος.</span> <span class='ocrx_word' id='word_1_325' title='bbox 2848 662 2958 714; x_wconf 88' lang='lat' dir='ltr'><strong>Kal</strong></span> <span class='ocrx_word' id='word_1_326' title='bbox 2987 661 3176 714; x_wconf 88' lang='grc' dir='ltr'><strong>τούτου</strong></span> <span class='ocrx_word' id='word_1_327' title='bbox 3210 663 3501 731; x_wconf 77' lang='grc' dir='ltr'><strong>γενομένου</strong></span> <span class='ocrx_word' id='word_1_328' title='bbox 3556 663 3852 734; x_wconf 70' lang='grc' dir='ltr'><strong>ἐθορύϐουν</strong></span> 
     </span>
    </p>
   </div>
   <div class='ocr_carea' id='block_1_50' title="bbox 2285 752 3856 824">
    <p class='ocr_par' dir='ltr' id='par_1_50' title="bbox 2285 752 3856 824">
     <span class='ocr_line' id='line_1_50' title="bbox 2285 752 3856 824; baseline 0.001 -16"><span class='ocrx_word' id='word_1_329' title='bbox 2285 755 2335 808; x_wconf 77' lang='lat' dir='ltr'><strong>oi</strong></span> <span class='ocrx_word' id='word_1_330' title='bbox 2364 755 2620 824; x_wconf 80' lang='grc' dir='ltr'><strong>δαίμονες</strong></span> <span class='ocrx_word' id='word_1_331' title='bbox 2649 767 2664 782; x_wconf 87' lang='grc'><strong>·</strong></span> <span class='ocrx_word' id='word_1_332' title='bbox 2694 755 2722 806; x_wconf 82' lang='grc' dir='ltr'>ὁ</span> <span class='ocrx_word' id='word_1_333' title='bbox 2746 753 2802 805; x_wconf 82' lang='grc' dir='ltr'><strong>δὲ</strong></span> <span class='ocrx_word' id='word_1_334' title='bbox 2834 752 3094 822; x_wconf 76' lang='grc' dir='ltr'><strong>’Δνδρέας</strong></span> <span class='ocrx_word' id='word_1_335' title='bbox 3131 754 3500 824; x_wconf 65' lang='grc' dir='ltr'><strong>ἑπιστραφεὶς</strong></span> <span class='ocrx_word' id='word_1_336' title='bbox 3559 755 3709 824; x_wconf 82' lang='grc' dir='ltr'>λέγει</span> <span class='ocrx_word' id='word_1_337' title='bbox 3755 757 3856 810; x_wconf 79' lang='grc' dir='ltr'><strong>αὖ·</strong></span> 
     </span>
    </p>
   </div>
   <div class='ocr_carea' id='block_1_51' title="bbox 2286 843 3858 914">
    <p class='ocr_par' dir='ltr' id='par_1_51' title="bbox 2286 843 3858 914">
     <span class='ocr_line' id='line_1_51' title="bbox 2286 843 3858 914; baseline 0.001 -15"><span class='ocrx_word' id='word_1_338' title='bbox 2286 849 2400 907; x_wconf 81' lang='grc' dir='ltr'><strong>τοῖς</strong></span> <span class='ocrx_word' id='word_1_339' title='bbox 2432 860 2445 876; x_wconf 80' lang='grc'>⁶</span> <span class='ocrx_word' id='word_1_340' title='bbox 2479 843 2769 914; x_wconf 76' lang='grc' dir='ltr'><strong>Φιμώθητε</strong></span> <span class='ocrx_word' id='word_1_341' title='bbox 2791 859 2804 872; x_wconf 80' lang='grc'><strong><em>⁸</em></strong></span> <span class='ocrx_word' id='word_1_342' title='bbox 2847 845 2939 896; x_wconf 74' lang='grc' dir='ltr'><strong>καὶ</strong></span> <span class='ocrx_word' id='word_1_343' title='bbox 2971 844 3176 906; x_wconf 73' lang='grc' dir='ltr'><strong>εὐθέως</strong></span> <span class='ocrx_word' id='word_1_344' title='bbox 3212 843 3468 913; x_wconf 77' lang='grc' dir='ltr'><strong>ἔστησαν.</strong></span> <span class='ocrx_word' id='word_1_345' title='bbox 3536 847 3645 900; x_wconf 83' lang='lat' dir='ltr'><strong>Kal</strong></span> <span class='ocrx_word' id='word_1_346' title='bbox 3701 843 3858 900; x_wconf 72' lang='grc' dir='ltr'><strong>εἶπεν</strong></span> 
     </span>
    </p>
   </div>
   <div class='ocr_carea' id='block_1_52' title="bbox 2285 935 3860 1007">
    <p class='ocr_par' dir='ltr' id='par_1_52' title="bbox 2285 935 3860 1007">
     <span class='ocr_line' id='line_1_52' title="bbox 2285 935 3860 1007; baseline -0.001 -16"><span class='ocrx_word' id='word_1_347' title='bbox 2285 938 2362 1007; x_wconf 84' lang='grc' dir='ltr'><strong>τῷ</strong></span> <span class='ocrx_word' id='word_1_348' title='bbox 2385 938 2498 1004; x_wconf 87' lang='grc' dir='ltr'><strong>λαῷ</strong></span> <span class='ocrx_word' id='word_1_349' title='bbox 2518 952 2532 966; x_wconf 77' lang='grc' dir='ltr'><strong>ο</strong></span> <span class='ocrx_word' id='word_1_350' title='bbox 2561 937 2792 1004; x_wconf 62' lang='grc' dir='ltr'><strong>τΕίρήνη</strong></span> <span class='ocrx_word' id='word_1_351' title='bbox 2841 937 2992 1003; x_wconf 78' lang='grc' dir='ltr'><strong>ὑμῖν,</strong></span> <span class='ocrx_word' id='word_1_352' title='bbox 3019 935 3239 1004; x_wconf 82' lang='grc' dir='ltr'><strong>ἀδελφοί</strong></span> <span class='ocrx_word' id='word_1_353' title='bbox 3265 949 3280 967; x_wconf 76' lang='grc' dir='ltr'><strong>ο</strong></span> <span class='ocrx_word' id='word_1_354' title='bbox 3345 935 3394 988; x_wconf 82' lang='grc' dir='ltr'><strong>οι</strong></span> <span class='ocrx_word' id='word_1_355' title='bbox 3449 935 3507 988; x_wconf 79' lang='grc' dir='ltr'><strong>δέ</strong></span> <span class='ocrx_word' id='word_1_356' title='bbox 3535 951 3548 963; x_wconf 85' lang='lat'><strong><em>°</em></strong></span> <span class='ocrx_word' id='word_1_357' title='bbox 3579 936 3688 990; x_wconf 84' lang='lat' dir='ltr'><strong>Kal</strong></span> <span class='ocrx_word' id='word_1_358' title='bbox 3721 937 3860 1007; x_wconf 81' lang='grc' dir='ltr'><strong>μετὰ</strong></span> 
     </span>
    </p>
   </div>
   <div class='ocr_carea' id='block_1_53' title="bbox 2288 1025 3860 1097">
    <p class='ocr_par' dir='ltr' id='par_1_53' title="bbox 2288 1025 3860 1097">
     <span class='ocr_line' id='line_1_53' title="bbox 2288 1025 3860 1097; baseline -0.001 -16"><span class='ocrx_word' id='word_1_359' title='bbox 2288 1030 2407 1085; x_wconf 83' lang='grc' dir='ltr'><strong>σοῦ.</strong></span> <span class='ocrx_word' id='word_1_360' title='bbox 2442 1030 2552 1083; x_wconf 86' lang='lat' dir='ltr'><strong>Kal</strong></span> <span class='ocrx_word' id='word_1_361' title='bbox 2591 1027 2811 1097; x_wconf 79' lang='grc' dir='ltr'>πραέως</span> <span class='ocrx_word' id='word_1_362' title='bbox 2846 1026 3049 1096; x_wconf 74' lang='grc' dir='ltr'><strong>ήρξατο</strong></span> <span class='ocrx_word' id='word_1_363' title='bbox 3104 1025 3283 1093; x_wconf 78' lang='grc' dir='ltr'><strong>λέγειν</strong></span> <span class='ocrx_word' id='word_1_364' title='bbox 3313 1039 3328 1056; x_wconf 83' lang='lat'><strong>&#39;</strong></span> <span class='ocrx_word' id='word_1_365' title='bbox 3406 1026 3535 1078; x_wconf 78' lang='grc' dir='ltr'><strong>Ἐὰν</strong></span> <span class='ocrx_word' id='word_1_366' title='bbox 3583 1027 3860 1096; x_wconf 73' lang='grc' dir='ltr'><strong>ἀποστῆτε</strong></span> 
     </span>
    </p>
   </div>
   <div class='ocr_carea' id='block_1_54' title="bbox 2287 1113 3863 1187">
    <p class='ocr_par' dir='ltr' id='par_1_54' title="bbox 2287 1113 3863 1187">
     <span class='ocr_line' id='line_1_54' title="bbox 2287 1113 3863 1187; baseline -0.002 -13"><span class='ocrx_word' id='word_1_367' title='bbox 2287 1124 2392 1174; x_wconf 83' lang='grc' dir='ltr'><strong>τῶν</strong></span> <span class='ocrx_word' id='word_1_368' title='bbox 2433 1120 2671 1174; x_wconf 76' lang='grc' dir='ltr'><strong>εἰδώλων</strong></span> <span class='ocrx_word' id='word_1_369' title='bbox 2711 1119 2821 1170; x_wconf 63' lang='grc' dir='ltr'><strong>ςκαὶ</strong></span> <span class='ocrx_word' id='word_1_370' title='bbox 2852 1119 2961 1170; x_wconf 85' lang='grc' dir='ltr'><strong>τῶν</strong></span> <span class='ocrx_word' id='word_1_371' title='bbox 3024 1119 3288 1187; x_wconf 85' lang='grc' dir='ltr'><strong>μυσαρῶν</strong></span> <span class='ocrx_word' id='word_1_372' title='bbox 3343 1118 3578 1172; x_wconf 85' lang='grc' dir='ltr'><strong>δείπνων</strong></span> <span class='ocrx_word' id='word_1_373' title='bbox 3638 1113 3863 1172; x_wconf 76' lang='grc' dir='ltr'><strong>καὶτῶν</strong></span> 
     </span>
    </p>
   </div>
   <div class='ocr_carea' id='block_1_55' title="bbox 2286 1210 3862 1283">
    <p class='ocr_par' dir='ltr' id='par_1_55' title="bbox 2286 1210 3862 1283">
     <span class='ocr_line' id='line_1_55' title="bbox 2286 1210 3862 1283; baseline -0.003 -16"><span class='ocrx_word' id='word_1_374' title='bbox 2286 1216 2596 1283; x_wconf 76' lang='grc' dir='ltr'><strong>ἀθεμίστων</strong></span> <span class='ocrx_word' id='word_1_375' title='bbox 2636 1212 2748 1283; x_wconf 54' lang='lat' dir='ltr'><strong>(lt)</strong></span> <span class='ocrx_word' id='word_1_376' title='bbox 2780 1211 3033 1282; x_wconf 73' lang='grc' dir='ltr'><strong>πράξεων</strong></span> <span class='ocrx_word' id='word_1_377' title='bbox 3061 1212 3238 1280; x_wconf 83' lang='grc' dir='ltr'><strong>ὑμῶν,</strong></span> <span class='ocrx_word' id='word_1_378' title='bbox 3292 1210 3625 1281; x_wconf 75' lang='grc' dir='ltr'><strong>πιστεύσητε</strong></span> <span class='ocrx_word' id='word_1_379' title='bbox 3675 1212 3730 1263; x_wconf 79' lang='grc' dir='ltr'><strong>δὲ</strong></span> <span class='ocrx_word' id='word_1_380' title='bbox 3783 1213 3862 1274; x_wconf 86' lang='grc' dir='ltr'><strong>εἰς</strong></span> 
     </span>
    </p>
   </div>
   <div class='ocr_carea' id='block_1_56' title="bbox 2285 1303 3862 1374">
    <p class='ocr_par' dir='ltr' id='par_1_56' title="bbox 2285 1303 3862 1374">
     <span class='ocr_line' id='line_1_56' title="bbox 2285 1303 3862 1374; baseline -0.001 -17"><span class='ocrx_word' id='word_1_381' title='bbox 2285 1306 2378 1359; x_wconf 81' lang='grc' dir='ltr'><strong>τὸν</strong></span> <span class='ocrx_word' id='word_1_382' title='bbox 2413 1307 2725 1374; x_wconf 80' lang='grc' dir='ltr'><strong>ποιήσαντα</strong></span> <span class='ocrx_word' id='word_1_383' title='bbox 2752 1304 2894 1374; x_wconf 80' lang='grc' dir='ltr'><strong>ὑμᾶς</strong></span> <span class='ocrx_word' id='word_1_384' title='bbox 2917 1303 3068 1368; x_wconf 78' lang='grc' dir='ltr'><strong>Θεὸν,</strong></span> <span class='ocrx_word' id='word_1_385' title='bbox 3107 1304 3199 1357; x_wconf 79' lang='grc' dir='ltr'><strong>καὶ</strong></span> <span class='ocrx_word' id='word_1_386' title='bbox 3243 1303 3350 1358; x_wconf 84' lang='grc' dir='ltr'><strong>τῶν</strong></span> <span class='ocrx_word' id='word_1_387' title='bbox 3393 1305 3565 1358; x_wconf 83' lang='grc' dir='ltr'><strong>νόσων</strong></span> <span class='ocrx_word' id='word_1_388' title='bbox 3614 1303 3862 1356; x_wconf 71' lang='grc' dir='ltr'>ἀπαλλαι</span> 
     </span>
    </p>
   </div>
   <div class='ocr_carea' id='block_1_57' title="bbox 2285 1395 3866 1467">
    <p class='ocr_par' dir='ltr' id='par_1_57' title="bbox 2285 1395 3866 1467">
     <span class='ocr_line' id='line_1_57' title="bbox 2285 1395 3866 1467; baseline -0.002 -17"><span class='ocrx_word' id='word_1_389' title='bbox 2285 1398 2546 1467; x_wconf 83' lang='grc' dir='ltr'><strong>γήσεσθε,</strong></span> <span class='ocrx_word' id='word_1_390' title='bbox 2575 1398 2666 1450; x_wconf 75' lang='grc' dir='ltr'><strong>καὶ</strong></span> <span class='ocrx_word' id='word_1_391' title='bbox 2694 1399 2740 1450; x_wconf 79' lang='grc' dir='ltr'><strong>οἱ</strong></span> <span class='ocrx_word' id='word_1_392' title='bbox 2773 1396 3027 1467; x_wconf 84' lang='grc' dir='ltr'><strong>δαίμονες</strong></span> <span class='ocrx_word' id='word_1_393' title='bbox 3054 1395 3340 1465; x_wconf 78' lang='grc' dir='ltr'><strong>φεύξονται</strong></span> <span class='ocrx_word' id='word_1_394' title='bbox 3385 1396 3480 1458; x_wconf 79' lang='grc' dir='ltr'>ἀφ’</span> <span class='ocrx_word' id='word_1_395' title='bbox 3529 1396 3682 1465; x_wconf 83' lang='grc' dir='ltr'><strong>ὑμῶν</strong></span> <span class='ocrx_word' id='word_1_396' title='bbox 3703 1411 3719 1427; x_wconf 77' lang='grc' dir='ltr'><strong>ο</strong></span> <span class='ocrx_word' id='word_1_397' title='bbox 3768 1395 3866 1448; x_wconf 75' lang='grc' dir='ltr'><strong>καὶ</strong></span> 
     </span>
    </p>
   </div>
   <div class='ocr_carea' id='block_1_58' title="bbox 2287 1475 3863 1557">
    <p class='ocr_par' dir='ltr' id='par_1_58' title="bbox 2287 1475 3863 1557">
     <span class='ocr_line' id='line_1_58' title="bbox 2287 1475 3863 1557; baseline -0.001 -17"><span class='ocrx_word' id='word_1_398' title='bbox 2287 1475 2384 1546; x_wconf 77' lang='grc' dir='ltr'>ὲάν</span> <span class='ocrx_word' id='word_1_399' title='bbox 2413 1487 2526 1557; x_wconf 79' lang='grc'><strong>(15)</strong></span> <span class='ocrx_word' id='word_1_400' title='bbox 2569 1487 2646 1557; x_wconf 83' lang='grc' dir='ltr'><strong>τῷ</strong></span> <span class='ocrx_word' id='word_1_401' title='bbox 2695 1485 2848 1540; x_wconf 78' lang='grc' dir='ltr'><strong>ὕδατι</strong></span> <span class='ocrx_word' id='word_1_402' title='bbox 2906 1487 2998 1539; x_wconf 80' lang='grc' dir='ltr'><strong>τοῦ</strong></span> <span class='ocrx_word' id='word_1_403' title='bbox 3050 1486 3197 1538; x_wconf 85' lang='grc' dir='ltr'><strong>θείου</strong></span> <span class='ocrx_word' id='word_1_404' title='bbox 3259 1484 3576 1554; x_wconf 85' lang='grc' dir='ltr'><strong>Πνεύματος</strong></span> <span class='ocrx_word' id='word_1_405' title='bbox 3625 1484 3863 1538; x_wconf 81' lang='grc' dir='ltr'><strong>ἀπολού-</strong></span> 
     </span>
    </p>
   </div>
   <div class='ocr_carea' id='block_1_59' title="bbox 2289 1575 3865 1657">
    <p class='ocr_par' dir='ltr' id='par_1_59' title="bbox 2289 1575 3865 1657">
     <span class='ocr_line' id='line_1_59' title="bbox 2289 1575 3865 1657; baseline -0.003 -25"><span class='ocrx_word' id='word_1_406' title='bbox 2289 1581 2454 1650; x_wconf 83' lang='grc' dir='ltr'><strong>σησθε</strong></span> <span class='ocrx_word' id='word_1_407' title='bbox 2482 1580 2574 1632; x_wconf 81' lang='grc' dir='ltr'><strong>τὸν</strong></span> <span class='ocrx_word' id='word_1_408' title='bbox 2606 1578 2838 1632; x_wconf 79' lang='grc' dir='ltr'><strong>παλαιὸν</strong></span> <span class='ocrx_word' id='word_1_409' title='bbox 2869 1577 3144 1646; x_wconf 83' lang='grc' dir='ltr'><strong>μολυσμὸν</strong></span> <span class='ocrx_word' id='word_1_410' title='bbox 3179 1575 3351 1657; x_wconf 79' lang='grc' dir='ltr'><strong>ὑμῶν,</strong></span> <span class='ocrx_word' id='word_1_411' title='bbox 3389 1576 3725 1644; x_wconf 84' lang='grc' dir='ltr'><strong>συμμέτοχοι</strong></span> <span class='ocrx_word' id='word_1_412' title='bbox 3753 1575 3865 1627; x_wconf 76' lang='grc' dir='ltr'><strong>τῶν</strong></span> 
     </span>
    </p>
   </div>
   <div class='ocr_carea' id='block_1_60' title="bbox 2285 1663 3864 1736">
    <p class='ocr_par' dir='ltr' id='par_1_60' title="bbox 2285 1663 3864 1736">
     <span class='ocr_line' id='line_1_60' title="bbox 2285 1663 3864 1736; baseline -0.003 -16"><span class='ocrx_word' id='word_1_413' title='bbox 2285 1669 2557 1735; x_wconf 81' lang='grc' dir='ltr'><strong>οὐρανίων</strong></span> <span class='ocrx_word' id='word_1_414' title='bbox 2587 1668 2838 1734; x_wconf 85' lang='grc' dir='ltr'><strong>ἀγγέλων</strong></span> <span class='ocrx_word' id='word_1_415' title='bbox 2872 1665 3191 1736; x_wconf 82' lang='grc' dir='ltr'><strong>γενήσεσθε.</strong></span> <span class='ocrx_word' id='word_1_416' title='bbox 3215 1664 3400 1718; x_wconf 83' lang='grc' dir='ltr'><strong>Ταῦτα</strong></span> <span class='ocrx_word' id='word_1_417' title='bbox 3425 1663 3598 1717; x_wconf 78' lang='grc' dir='ltr'><strong>εἰπὼν</strong></span> <span class='ocrx_word' id='word_1_418' title='bbox 3657 1665 3687 1717; x_wconf 82' lang='grc' dir='ltr'>ὁ</span> <span class='ocrx_word' id='word_1_419' title='bbox 3736 1665 3864 1716; x_wconf 79' lang='grc' dir='ltr'><strong>Ἀν-</strong></span> 
     </span>
    </p>
   </div>
   <div class='ocr_carea' id='block_1_61' title="bbox 2289 1755 3867 1834">
    <p class='ocr_par' dir='ltr' id='par_1_61' title="bbox 2289 1755 3867 1834">
     <span class='ocr_line' id='line_1_61' title="bbox 2289 1755 3867 1834; baseline 0 -26"><span class='ocrx_word' id='word_1_420' title='bbox 2289 1757 2448 1827; x_wconf 83' lang='grc' dir='ltr'><strong>δρέας</strong></span> <span class='ocrx_word' id='word_1_421' title='bbox 2485 1757 2738 1834; x_wconf 79' lang='grc' dir='ltr'><strong>ἐκέλευσε</strong></span> <span class='ocrx_word' id='word_1_422' title='bbox 2775 1757 3149 1827; x_wconf 82' lang='grc' dir='ltr'><strong>προσάγεσθαι</strong></span> <span class='ocrx_word' id='word_1_423' title='bbox 3183 1757 3331 1825; x_wconf 84' lang='grc' dir='ltr'><strong>αὒτῷ</strong></span> <span class='ocrx_word' id='word_1_424' title='bbox 3367 1757 3492 1819; x_wconf 78' lang='grc' dir='ltr'><strong>τοὺς</strong></span> <span class='ocrx_word' id='word_1_425' title='bbox 3525 1755 3715 1827; x_wconf 74' lang='grc' dir='ltr'><strong>ὄχλους</strong></span> <span class='ocrx_word' id='word_1_426' title='bbox 3764 1755 3867 1808; x_wconf 78' lang='grc' dir='ltr'><strong>καὶ</strong></span> 
     </span>
    </p>
   </div>
   <div class='ocr_carea' id='block_1_62' title="bbox 2293 1843 3871 1917">
    <p class='ocr_par' dir='ltr' id='par_1_62' title="bbox 2293 1843 3871 1917">
     <span class='ocr_line' id='line_1_62' title="bbox 2293 1843 3871 1917; baseline -0.003 -17"><span class='ocrx_word' id='word_1_427' title='bbox 2293 1848 2463 1910; x_wconf 77' lang='grc' dir='ltr'><strong>τιθεὶς</strong></span> <span class='ocrx_word' id='word_1_428' title='bbox 2510 1848 2724 1916; x_wconf 77' lang='grc' dir='ltr'><strong>ἑκάστῳ</strong></span> <span class='ocrx_word' id='word_1_429' title='bbox 2750 1848 2846 1917; x_wconf 73' lang='grc' dir='ltr'><strong>τὴν</strong></span> <span class='ocrx_word' id='word_1_430' title='bbox 2876 1849 3032 1917; x_wconf 73' lang='grc' dir='ltr'>χεῖρα</span> <span class='ocrx_word' id='word_1_431' title='bbox 3084 1847 3292 1907; x_wconf 83' lang='grc' dir='ltr'><strong>πάντας</strong></span> <span class='ocrx_word' id='word_1_432' title='bbox 3341 1847 3557 1899; x_wconf 85' lang='grc' dir='ltr'><strong>ίάσατο·</strong></span> <span class='ocrx_word' id='word_1_433' title='bbox 3625 1845 3753 1907; x_wconf 70' lang='grc' dir='ltr'><strong>τοὺς</strong></span> <span class='ocrx_word' id='word_1_434' title='bbox 3807 1843 3871 1896; x_wconf 72' lang='grc' dir='ltr'><strong>δι</strong></span> 
     </span>
    </p>
   </div>
   <div class='ocr_carea' id='block_1_63' title="bbox 2294 1935 3873 2009">
    <p class='ocr_par' dir='ltr' id='par_1_63' title="bbox 2294 1935 3873 2009">
     <span class='ocr_line' id='line_1_63' title="bbox 2294 1935 3873 2009; baseline -0.004 -16"><span class='ocrx_word' id='word_1_435' title='bbox 2294 1940 2555 2007; x_wconf 85' lang='grc' dir='ltr'><strong>δαίμονας</strong></span> <span class='ocrx_word' id='word_1_436' title='bbox 2580 1939 2824 2009; x_wconf 80' lang='grc' dir='ltr'><strong>βλοσυρῷ</strong></span> <span class='ocrx_word' id='word_1_437' title='bbox 2857 1938 2932 2009; x_wconf 84' lang='grc' dir='ltr'>τῷ</span> <span class='ocrx_word' id='word_1_438' title='bbox 2964 1939 3172 2009; x_wconf 76' lang='grc' dir='ltr'><strong>ὅμματι</strong></span> <span class='ocrx_word' id='word_1_439' title='bbox 3216 1936 3659 2008; x_wconf 77' lang='grc' dir='ltr'><strong>ὲμϐριμούμενος</strong></span> <span class='ocrx_word' id='word_1_440' title='bbox 3709 1935 3873 2003; x_wconf 78' lang='grc' dir='ltr'><strong>μόνον</strong></span> 
     </span>
    </p>
   </div>
   <div class='ocr_carea' id='block_1_64' title="bbox 2296 2027 3868 2099">
    <p class='ocr_par' dir='ltr' id='par_1_64' title="bbox 2296 2027 3868 2099">
     <span class='ocr_line' id='line_1_64' title="bbox 2296 2027 3868 2099; baseline -0.004 -15"><span class='ocrx_word' id='word_1_441' title='bbox 2296 2032 2569 2096; x_wconf 70' lang='grc' dir='ltr'><strong>ιξέὸαλεν,</strong></span> <span class='ocrx_word' id='word_1_442' title='bbox 2628 2033 2753 2093; x_wconf 83' lang='grc' dir='ltr'><strong>τοὺς</strong></span> <span class='ocrx_word' id='word_1_443' title='bbox 2793 2032 2849 2084; x_wconf 66' lang='grc' dir='ltr'><strong>δὲ</strong></span> <span class='ocrx_word' id='word_1_444' title='bbox 2886 2030 3294 2099; x_wconf 73' lang='grc' dir='ltr'><strong>λελωϐημένους</strong></span> <span class='ocrx_word' id='word_1_445' title='bbox 3350 2028 3502 2081; x_wconf 75' lang='grc' dir='ltr'><strong>ὕδατι</strong></span> <span class='ocrx_word' id='word_1_446' title='bbox 3552 2027 3868 2081; x_wconf 81' lang='grc' dir='ltr'><strong>ἀπονίπτων</strong></span> 
     </span>
    </p>
   </div>
   <div class='ocr_carea' id='block_1_65' title="bbox 2297 2119 3872 2192">
    <p class='ocr_par' dir='ltr' id='par_1_65' title="bbox 2297 2119 3872 2192">
     <span class='ocr_line' id='line_1_65' title="bbox 2297 2119 3872 2192; baseline -0.004 -16"><span class='ocrx_word' id='word_1_447' title='bbox 2297 2123 2471 2192; x_wconf 83' lang='grc' dir='ltr'><strong>ὑγιεῖς</strong></span> <span class='ocrx_word' id='word_1_448' title='bbox 2493 2124 2666 2177; x_wconf 78' lang='grc' dir='ltr'><strong>ἐποίει</strong></span> <span class='ocrx_word' id='word_1_449' title='bbox 2700 2123 2776 2185; x_wconf 86' lang='grc' dir='ltr'><strong>ὡς</strong></span> <span class='ocrx_word' id='word_1_450' title='bbox 2805 2122 2995 2178; x_wconf 81' lang='grc' dir='ltr'><strong>παιδία</strong></span> <span class='ocrx_word' id='word_1_451' title='bbox 3027 2121 3219 2192; x_wconf 83' lang='grc' dir='ltr'><strong>μικρά.</strong></span> <span class='ocrx_word' id='word_1_452' title='bbox 3253 2120 3477 2182; x_wconf 80' lang='grc' dir='ltr'><strong>Χωλοὺς</strong></span> <span class='ocrx_word' id='word_1_453' title='bbox 3504 2120 3581 2184; x_wconf 69' lang='grc' dir='ltr'><strong>ὁὶ,</strong></span> <span class='ocrx_word' id='word_1_454' title='bbox 3617 2119 3707 2172; x_wconf 76' lang='grc' dir='ltr'><strong>καὶ</strong></span> <span class='ocrx_word' id='word_1_455' title='bbox 3734 2136 3872 2190; x_wconf 76' lang='grc' dir='ltr'><strong>κυρ-</strong></span> 
     </span>
    </p>
   </div>
   <div class='ocr_carea' id='block_1_66' title="bbox 2295 2211 3872 2284">
    <p class='ocr_par' dir='ltr' id='par_1_66' title="bbox 2295 2211 3872 2284">
     <span class='ocr_line' id='line_1_66' title="bbox 2295 2211 3872 2284; baseline -0.003 -17"><span class='ocrx_word' id='word_1_456' title='bbox 2295 2216 2439 2279; x_wconf 79' lang='grc' dir='ltr'><strong>τοὺς,</strong></span> <span class='ocrx_word' id='word_1_457' title='bbox 2473 2215 2564 2267; x_wconf 79' lang='grc' dir='ltr'><strong>καὶ</strong></span> <span class='ocrx_word' id='word_1_458' title='bbox 2596 2213 2815 2284; x_wconf 79' lang='grc' dir='ltr'><strong>ξηροὺς,</strong></span> <span class='ocrx_word' id='word_1_459' title='bbox 2851 2212 2943 2267; x_wconf 80' lang='grc' dir='ltr'><strong>καὶ</strong></span> <span class='ocrx_word' id='word_1_460' title='bbox 2987 2211 3237 2277; x_wconf 81' lang='grc' dir='ltr'><strong>κυλλοὺς,</strong></span> <span class='ocrx_word' id='word_1_461' title='bbox 3289 2213 3385 2264; x_wconf 80' lang='grc' dir='ltr'><strong>καὶ</strong></span> <span class='ocrx_word' id='word_1_462' title='bbox 3425 2211 3740 2282; x_wconf 62' lang='grc' dir='ltr'><strong>ἀναπήρους</strong></span> <span class='ocrx_word' id='word_1_463' title='bbox 3771 2214 3872 2274; x_wconf 65' lang='grc' dir='ltr'><strong>τὰς</strong></span> 
     </span>
    </p>
   </div>
   <div class='ocr_carea' id='block_1_67' title="bbox 2297 2302 3725 2377">
    <p class='ocr_par' dir='ltr' id='par_1_67' title="bbox 2297 2302 3725 2377">
     <span class='ocr_line' id='line_1_67' title="bbox 2297 2302 3725 2377; baseline -0.002 -21"><span class='ocrx_word' id='word_1_464' title='bbox 2297 2308 2485 2377; x_wconf 82' lang='grc' dir='ltr'><strong>χεῖρας</strong></span> <span class='ocrx_word' id='word_1_465' title='bbox 2523 2306 2732 2368; x_wconf 76' lang='grc' dir='ltr'><strong>ἐπιθεὶς</strong></span> <span class='ocrx_word' id='word_1_466' title='bbox 2765 2305 2970 2367; x_wconf 81' lang='grc' dir='ltr'>πάντας</span> <span class='ocrx_word' id='word_1_467' title='bbox 3007 2304 3116 2357; x_wconf 82' lang='grc' dir='ltr'><strong>τῶν</strong></span> <span class='ocrx_word' id='word_1_468' title='bbox 3150 2303 3341 2356; x_wconf 83' lang='grc' dir='ltr'><strong>παθῶν</strong></span> <span class='ocrx_word' id='word_1_469' title='bbox 3357 2302 3725 2372; x_wconf 78' lang='grc' dir='ltr'><strong>ἀπήλλαττεν.</strong></span> 
     </span>
    </p>
   </div>
   <div class='ocr_carea' id='block_1_68' title="bbox 2369 2392 3877 2465">
    <p class='ocr_par' dir='ltr' id='par_1_68' title="bbox 2369 2392 3877 2465">
     <span class='ocr_line' id='line_1_68' title="bbox 2369 2392 3877 2465; baseline -0.001 -19"><span class='ocrx_word' id='word_1_470' title='bbox 2369 2397 2433 2447; x_wconf 86' lang='grc' dir='ltr'><strong>Οι</strong></span> <span class='ocrx_word' id='word_1_471' title='bbox 2495 2396 2550 2448; x_wconf 77' lang='grc' dir='ltr'><strong>δὲ</strong></span> <span class='ocrx_word' id='word_1_472' title='bbox 2603 2394 2881 2464; x_wconf 77' lang='grc' dir='ltr'><strong>ἄνθρωποι</strong></span> <span class='ocrx_word' id='word_1_473' title='bbox 2941 2392 3272 2464; x_wconf 73' lang='grc' dir='ltr'><strong>θεωροῦντες</strong></span> <span class='ocrx_word' id='word_1_474' title='bbox 3337 2393 3463 2455; x_wconf 78' lang='grc' dir='ltr'><strong>τοὺς</strong></span> <span class='ocrx_word' id='word_1_475' title='bbox 3538 2393 3877 2465; x_wconf 79' lang='grc' dir='ltr'><strong>ἀποστόλους</strong></span> 
     </span>
    </p>
   </div>
   <div class='ocr_carea' id='block_1_69' title="bbox 2297 2483 3872 2554">
    <p class='ocr_par' dir='ltr' id='par_1_69' title="bbox 2297 2483 3872 2554">
     <span class='ocr_line' id='line_1_69' title="bbox 2297 2483 3872 2554; baseline -0.003 -17"><span class='ocrx_word' id='word_1_476' title='bbox 2297 2484 2558 2552; x_wconf 82' lang='grc' dir='ltr'><strong>ἀτύφους,</strong></span> <span class='ocrx_word' id='word_1_477' title='bbox 2587 2485 2878 2554; x_wconf 82' lang='grc' dir='ltr'><strong>ἀτρόφους,</strong></span> <span class='ocrx_word' id='word_1_478' title='bbox 2912 2483 3148 2552; x_wconf 82' lang='grc' dir='ltr'><strong>ὠχροὺς,</strong></span> <span class='ocrx_word' id='word_1_479' title='bbox 3181 2483 3552 2552; x_wconf 80' lang='grc' dir='ltr'><strong>ἀνυποδήτους</strong></span> <span class='ocrx_word' id='word_1_480' title='bbox 3579 2484 3716 2552; x_wconf 80' lang='grc' dir='ltr'><strong>μετά</strong></span> <span class='ocrx_word' id='word_1_481' title='bbox 3746 2498 3872 2536; x_wconf 76' lang='lat' dir='ltr'><strong>cav-</strong></span> 
     </span>
    </p>
   </div>
   <div class='ocr_carea' id='block_1_70' title="bbox 2297 2573 3872 2650">
    <p class='ocr_par' dir='ltr' id='par_1_70' title="bbox 2297 2573 3872 2650">
     <span class='ocr_line' id='line_1_70' title="bbox 2297 2573 3872 2650; baseline -0.003 -22"><span class='ocrx_word' id='word_1_482' title='bbox 2297 2576 2495 2636; x_wconf 83' lang='grc' dir='ltr'><strong>δαλίων</strong></span> <span class='ocrx_word' id='word_1_483' title='bbox 2519 2575 2613 2628; x_wconf 76' lang='lat' dir='ltr'><strong>xal</strong></span> <span class='ocrx_word' id='word_1_484' title='bbox 2645 2575 2804 2644; x_wconf 88' lang='grc' dir='ltr'><strong>μόνον</strong></span> <span class='ocrx_word' id='word_1_485' title='bbox 2839 2577 3229 2650; x_wconf 79' lang='grc' dir='ltr'><strong>μονοχίτωνας,</strong></span> <span class='ocrx_word' id='word_1_486' title='bbox 3247 2575 3344 2627; x_wconf 77' lang='grc' dir='ltr'><strong>καὶ</strong></span> <span class='ocrx_word' id='word_1_487' title='bbox 3387 2573 3477 2626; x_wconf 75' lang='grc' dir='ltr'><strong>τὸν</strong></span> <span class='ocrx_word' id='word_1_488' title='bbox 3514 2573 3872 2626; x_wconf 80' lang='grc' dir='ltr'><strong>θεόπνευστον</strong></span> 
     </span>
    </p>
   </div>
   <div class='ocr_carea' id='block_1_71' title="bbox 2299 2664 3871 2736">
    <p class='ocr_par' dir='ltr' id='par_1_71' title="bbox 2299 2664 3871 2736">
     <span class='ocr_line' id='line_1_71' title="bbox 2299 2664 3871 2736; baseline -0.003 -16"><span class='ocrx_word' id='word_1_489' title='bbox 2299 2668 2455 2734; x_wconf 88' lang='grc' dir='ltr'><strong>λόγον</strong></span> <span class='ocrx_word' id='word_1_490' title='bbox 2489 2666 2734 2736; x_wconf 77' lang='grc' dir='ltr'><strong>ῥέοντας,</strong></span> <span class='ocrx_word' id='word_1_491' title='bbox 2771 2667 2865 2719; x_wconf 75' lang='grc' dir='ltr'><strong>καὶ</strong></span> <span class='ocrx_word' id='word_1_492' title='bbox 2896 2665 2994 2735; x_wconf 85' lang='grc' dir='ltr'><strong>τὴν</strong></span> <span class='ocrx_word' id='word_1_493' title='bbox 3019 2664 3254 2735; x_wconf 80' lang='grc' dir='ltr'><strong>ὖμνησιν</strong></span> <span class='ocrx_word' id='word_1_494' title='bbox 3283 2664 3377 2717; x_wconf 82' lang='grc' dir='ltr'><strong>τοῦ</strong></span> <span class='ocrx_word' id='word_1_495' title='bbox 3434 2665 3569 2718; x_wconf 80' lang='grc' dir='ltr'><strong>Θεοῦ</strong></span> <span class='ocrx_word' id='word_1_496' title='bbox 3621 2664 3871 2734; x_wconf 72' lang='grc' dir='ltr'><strong>’ἑσπέρας</strong></span> 
     </span>
    </p>
   </div>
   <div class='ocr_carea' id='block_1_72' title="bbox 2303 2756 3872 2829">
    <p class='ocr_par' dir='ltr' id='par_1_72' title="bbox 2303 2756 3872 2829">
     <span class='ocr_line' id='line_1_72' title="bbox 2303 2756 3872 2829; baseline -0.001 -19"><span class='ocrx_word' id='word_1_497' title='bbox 2303 2759 2397 2810; x_wconf 73' lang='lat' dir='ltr'><strong>xal</strong></span> <span class='ocrx_word' id='word_1_498' title='bbox 2423 2758 2569 2829; x_wconf 78' lang='grc' dir='ltr'><strong>πρωῒ</strong></span> <span class='ocrx_word' id='word_1_499' title='bbox 2603 2758 2699 2811; x_wconf 78' lang='grc' dir='ltr'><strong>καὶ</strong></span> <span class='ocrx_word' id='word_1_500' title='bbox 2737 2757 3086 2828; x_wconf 78' lang='grc' dir='ltr'><strong>μεσημόρίας</strong></span> <span class='ocrx_word' id='word_1_501' title='bbox 3119 2756 3600 2828; x_wconf 77' lang='grc' dir='ltr'><strong>ἀποπληροῦντας,</strong></span> <span class='ocrx_word' id='word_1_502' title='bbox 3634 2756 3726 2810; x_wconf 71' lang='grc' dir='ltr'><strong>καὶ</strong></span> <span class='ocrx_word' id='word_1_503' title='bbox 3771 2757 3872 2818; x_wconf 80' lang='grc' dir='ltr'><strong>τὰς</strong></span> 
     </span>
    </p>
   </div>
   <div class='ocr_carea' id='block_1_73' title="bbox 2303 2846 3872 2917">
    <p class='ocr_par' dir='ltr' id='par_1_73' title="bbox 2303 2846 3872 2917">
     <span class='ocr_line' id='line_1_73' title="bbox 2303 2846 3872 2917; baseline -0.001 -16"><span class='ocrx_word' id='word_1_504' title='bbox 2303 2852 2474 2910; x_wconf 78' lang='grc' dir='ltr'><strong>ίάσεις</strong></span> <span class='ocrx_word' id='word_1_505' title='bbox 2502 2850 2766 2913; x_wconf 82' lang='grc' dir='ltr'><strong>διδόντας,</strong></span> <span class='ocrx_word' id='word_1_506' title='bbox 2804 2849 3215 2917; x_wconf 74' lang='grc' dir='ltr'><strong>ἐξεπλήττοντο,</strong></span> <span class='ocrx_word' id='word_1_507' title='bbox 3260 2849 3354 2900; x_wconf 79' lang='grc' dir='ltr'><strong>καὶ</strong></span> <span class='ocrx_word' id='word_1_508' title='bbox 3387 2847 3485 2900; x_wconf 80' lang='grc' dir='ltr'><strong>οὐκ</strong></span> <span class='ocrx_word' id='word_1_509' title='bbox 3529 2846 3721 2917; x_wconf 82' lang='grc' dir='ltr'><strong>ήθελον</strong></span> <span class='ocrx_word' id='word_1_510' title='bbox 3766 2848 3872 2915; x_wconf 72' lang='grc' dir='ltr'><strong>ἁφ-</strong></span> 
     </span>
    </p>
   </div>
   <div class='ocr_carea' id='block_1_74' title="bbox 2304 2939 3871 3010">
    <p class='ocr_par' dir='ltr' id='par_1_74' title="bbox 2304 2939 3871 3010">
     <span class='ocr_line' id='line_1_74' title="bbox 2304 2939 3871 3010; baseline -0.001 -17"><span class='ocrx_word' id='word_1_511' title='bbox 2304 2941 2552 2994; x_wconf 83' lang='grc' dir='ltr'><strong>ίστασθαι</strong></span> <span class='ocrx_word' id='word_1_512' title='bbox 2587 2941 2786 2995; x_wconf 82' lang='grc' dir='ltr'><strong>αὐτῶν.</strong></span> <span class='ocrx_word' id='word_1_513' title='bbox 2817 2941 2951 2994; x_wconf 80' lang='grc' dir='ltr'><strong>Καθ’</strong></span> <span class='ocrx_word' id='word_1_514' title='bbox 2995 2940 3207 3010; x_wconf 83' lang='grc' dir='ltr'><strong>ἡμέραν</strong></span> <span class='ocrx_word' id='word_1_515' title='bbox 3255 2939 3312 2990; x_wconf 80' lang='grc' dir='ltr'><strong>δὲ</strong></span> <span class='ocrx_word' id='word_1_516' title='bbox 3357 2939 3739 3009; x_wconf 77' lang='grc' dir='ltr'><strong>προσετίθεντο</strong></span> <span class='ocrx_word' id='word_1_517' title='bbox 3783 2957 3871 2991; x_wconf 80' lang='grc' dir='ltr'><strong>πι-</strong></span> 
     </span>
    </p>
   </div>
   <div class='ocr_carea' id='block_1_75' title="bbox 2305 3031 3871 3108">
    <p class='ocr_par' dir='ltr' id='par_1_75' title="bbox 2305 3031 3871 3108">
     <span class='ocr_line' id='line_1_75' title="bbox 2305 3031 3871 3108; baseline -0.001 -24"><span class='ocrx_word' id='word_1_518' title='bbox 2305 3033 2588 3095; x_wconf 89' lang='grc' dir='ltr'><strong>στεύοντες</strong></span> <span class='ocrx_word' id='word_1_519' title='bbox 2622 3034 2699 3101; x_wconf 84' lang='grc' dir='ltr'><strong>τῷ</strong></span> <span class='ocrx_word' id='word_1_520' title='bbox 2731 3033 2922 3102; x_wconf 82' lang='grc' dir='ltr'>Κυρίῳ</span> <span class='ocrx_word' id='word_1_521' title='bbox 2953 3032 3131 3102; x_wconf 82' lang='grc' dir='ltr'>πλήθη</span> <span class='ocrx_word' id='word_1_522' title='bbox 3172 3031 3380 3102; x_wconf 79' lang='grc' dir='ltr'>ἀνδρῶν</span> <span class='ocrx_word' id='word_1_523' title='bbox 3421 3047 3480 3084; x_wconf 83' lang='grc' dir='ltr'><strong>τε</strong></span> <span class='ocrx_word' id='word_1_524' title='bbox 3532 3031 3627 3084; x_wconf 81' lang='grc' dir='ltr'><strong>καὶ</strong></span> <span class='ocrx_word' id='word_1_525' title='bbox 3681 3047 3871 3108; x_wconf 74' lang='grc' dir='ltr'><strong>γυναι-</strong></span> 
     </span>
    </p>
   </div>
   <div class='ocr_carea' id='block_1_76' title="bbox 2302 3121 3872 3192">
    <p class='ocr_par' dir='ltr' id='par_1_76' title="bbox 2302 3121 3872 3192">
     <span class='ocr_line' id='line_1_76' title="bbox 2302 3121 3872 3192; baseline -0.002 -16"><span class='ocrx_word' id='word_1_526' title='bbox 2302 3124 2437 3180; x_wconf 85' lang='grc' dir='ltr'><strong>κῶν.</strong></span> <span class='ocrx_word' id='word_1_527' title='bbox 2498 3125 2605 3176; x_wconf 82' lang='lat' dir='ltr'><strong>Kal</strong></span> <span class='ocrx_word' id='word_1_528' title='bbox 2672 3124 2961 3176; x_wconf 76' lang='grc' dir='ltr'><strong>ἐκέλευσεν</strong></span> <span class='ocrx_word' id='word_1_529' title='bbox 3018 3123 3046 3174; x_wconf 76' lang='grc' dir='ltr'><strong>ὁ</strong></span> <span class='ocrx_word' id='word_1_530' title='bbox 3119 3121 3385 3192; x_wconf 71' lang='grc' dir='ltr'><strong>’Δνδρέαςο</strong></span> <span class='ocrx_word' id='word_1_531' title='bbox 3434 3123 3546 3183; x_wconf 87' lang='grc' dir='ltr'><strong>τοῖς</strong></span> <span class='ocrx_word' id='word_1_532' title='bbox 3599 3121 3872 3191; x_wconf 80' lang='grc' dir='ltr'>μαθηταῖς</span> 
     </span>
    </p>
   </div>
   <div class='ocr_carea' id='block_1_77' title="bbox 2298 3195 3872 3284">
    <p class='ocr_par' dir='ltr' id='par_1_77' title="bbox 2298 3195 3872 3284">
     <span class='ocr_line' id='line_1_77' title="bbox 2298 3195 3872 3284; baseline -0.001 -17"><span class='ocrx_word' id='word_1_533' title='bbox 2298 3218 2560 3284; x_wconf 84' lang='grc' dir='ltr'><strong>κατηχεῖν</strong></span> <span class='ocrx_word' id='word_1_534' title='bbox 2583 3214 2808 3276; x_wconf 74' lang='grc' dir='ltr'><strong>αὐτούς’</strong></span> <span class='ocrx_word' id='word_1_535' title='bbox 2841 3195 3004 3277; x_wconf 68' lang='grc' dir='ltr'><strong>αὐτὸς</strong></span> <span class='ocrx_word' id='word_1_536' title='bbox 3043 3215 3098 3266; x_wconf 79' lang='grc' dir='ltr'><strong>δὲ</strong></span> <span class='ocrx_word' id='word_1_537' title='bbox 3139 3216 3278 3282; x_wconf 83' lang='grc' dir='ltr'><strong>μετὰ</strong></span> <span class='ocrx_word' id='word_1_538' title='bbox 3322 3213 3416 3265; x_wconf 82' lang='grc' dir='ltr'><strong>δύο</strong></span> <span class='ocrx_word' id='word_1_539' title='bbox 3460 3213 3717 3282; x_wconf 86' lang='grc' dir='ltr'>μαθητῶν</span> <span class='ocrx_word' id='word_1_540' title='bbox 3758 3211 3872 3282; x_wconf 83' lang='grc'><strong>(16)</strong></span> 
     </span>
    </p>
   </div>
   <div class='ocr_carea' id='block_1_78' title="bbox 2300 3301 3872 3376">
    <p class='ocr_par' dir='ltr' id='par_1_78' title="bbox 2300 3301 3872 3376">
     <span class='ocr_line' id='line_1_78' title="bbox 2300 3301 3872 3376; baseline -0.003 -17"><span class='ocrx_word' id='word_1_541' title='bbox 2300 3307 2629 3376; x_wconf 78' lang='grc' dir='ltr'><strong>περιήρχετο</strong></span> <span class='ocrx_word' id='word_1_542' title='bbox 2664 3306 2760 3366; x_wconf 74' lang='grc' dir='ltr'><strong>τὰς</strong></span> <span class='ocrx_word' id='word_1_543' title='bbox 2794 3304 2977 3373; x_wconf 83' lang='grc' dir='ltr'><strong>κύκλῳ</strong></span> <span class='ocrx_word' id='word_1_544' title='bbox 3011 3303 3203 3372; x_wconf 83' lang='grc' dir='ltr'>κώμας</span> <span class='ocrx_word' id='word_1_545' title='bbox 3236 3303 3371 3373; x_wconf 85' lang='grc' dir='ltr'><strong>πρὸς</strong></span> <span class='ocrx_word' id='word_1_546' title='bbox 3408 3303 3536 3364; x_wconf 76' lang='grc' dir='ltr'><strong>τοὺς</strong></span> <span class='ocrx_word' id='word_1_547' title='bbox 3586 3301 3660 3372; x_wconf 82' lang='grc' dir='ltr'><strong>μὴ</strong></span> <span class='ocrx_word' id='word_1_548' title='bbox 3705 3302 3872 3354; x_wconf 86' lang='grc' dir='ltr'><strong>δυνα-</strong></span> 
     </span>
    </p>
   </div>
   <div class='ocr_carea' id='block_1_79' title="bbox 2305 3392 3874 3466">
    <p class='ocr_par' dir='ltr' id='par_1_79' title="bbox 2305 3392 3874 3466">
     <span class='ocr_line' id='line_1_79' title="bbox 2305 3392 3874 3466; baseline -0.003 -18"><span class='ocrx_word' id='word_1_549' title='bbox 2305 3399 2495 3466; x_wconf 79' lang='grc' dir='ltr'><strong>μένους</strong></span> <span class='ocrx_word' id='word_1_550' title='bbox 2531 3398 2616 3449; x_wconf 78' lang='grc' dir='ltr'><strong>ὲπ⁹</strong></span> <span class='ocrx_word' id='word_1_551' title='bbox 2648 3396 2810 3448; x_wconf 76' lang='grc' dir='ltr'><strong>αὐτὸν</strong></span> <span class='ocrx_word' id='word_1_552' title='bbox 2846 3397 3042 3448; x_wconf 75' lang='grc' dir='ltr'><strong>ἐλθεῖν.</strong></span> <span class='ocrx_word' id='word_1_553' title='bbox 3074 3396 3180 3446; x_wconf 86' lang='lat' dir='ltr'><strong>Kal</strong></span> <span class='ocrx_word' id='word_1_554' title='bbox 3224 3395 3630 3464; x_wconf 83' lang='grc' dir='ltr'><strong>κατηχήσαντες</strong></span> <span class='ocrx_word' id='word_1_555' title='bbox 3672 3392 3874 3457; x_wconf 78' lang='grc' dir='ltr'><strong>αὐτοὺς</strong></span> 
     </span>
    </p>
   </div>
   <div class='ocr_carea' id='block_1_80' title="bbox 2300 3483 3876 3556">
    <p class='ocr_par' dir='ltr' id='par_1_80' title="bbox 2300 3483 3876 3556">
     <span class='ocr_line' id='line_1_80' title="bbox 2300 3483 3876 3556; baseline 0 -18"><span class='ocrx_word' id='word_1_556' title='bbox 2300 3488 2510 3556; x_wconf 74' lang='grc' dir='ltr'><strong>ἡμέρας</strong></span> <span class='ocrx_word' id='word_1_557' title='bbox 2543 3487 2739 3546; x_wconf 82' lang='grc' dir='ltr'><strong>πολλὰς</strong></span> <span class='ocrx_word' id='word_1_558' title='bbox 2798 3486 3094 3539; x_wconf 75' lang='grc' dir='ltr'><strong>ὲὸἀπτισαν</strong></span> <span class='ocrx_word' id='word_1_559' title='bbox 3153 3487 3329 3556; x_wconf 75' lang='grc' dir='ltr'>πλήθη</span> <span class='ocrx_word' id='word_1_560' title='bbox 3362 3483 3561 3538; x_wconf 83' lang='grc' dir='ltr'><strong>πολλά⁶</strong></span> <span class='ocrx_word' id='word_1_561' title='bbox 3600 3485 3733 3538; x_wconf 85' lang='grc' dir='ltr'>ἀλλὰ</span> <span class='ocrx_word' id='word_1_562' title='bbox 3780 3484 3876 3538; x_wconf 83' lang='grc' dir='ltr'><strong>καὶ</strong></span> 
     </span>
    </p>
   </div>
   <div class='ocr_carea' id='block_1_81' title="bbox 2300 3576 3877 3646">
    <p class='ocr_par' dir='ltr' id='par_1_81' title="bbox 2300 3576 3877 3646">
     <span class='ocr_line' id='line_1_81' title="bbox 2300 3576 3877 3646; baseline -0.001 -17"><span class='ocrx_word' id='word_1_563' title='bbox 2300 3579 2363 3630; x_wconf 81' lang='grc' dir='ltr'><strong>ὲκ</strong></span> <span class='ocrx_word' id='word_1_564' title='bbox 2387 3579 2496 3630; x_wconf 82' lang='grc' dir='ltr'><strong>τῶν</strong></span> <span class='ocrx_word' id='word_1_565' title='bbox 2525 3579 2804 3646; x_wconf 77' lang='grc' dir='ltr'>ἀρχόντων</span> <span class='ocrx_word' id='word_1_566' title='bbox 2831 3578 3014 3630; x_wconf 73' lang='grc' dir='ltr'><strong>πολλοὶ</strong></span> <span class='ocrx_word' id='word_1_567' title='bbox 3053 3577 3381 3630; x_wconf 80' lang='grc' dir='ltr'><strong>ἐπίστευσαν</strong></span> <span class='ocrx_word' id='word_1_568' title='bbox 3425 3576 3516 3629; x_wconf 81' lang='grc' dir='ltr'><strong>καὶ</strong></span> <span class='ocrx_word' id='word_1_569' title='bbox 3559 3577 3877 3639; x_wconf 75' lang='grc' dir='ltr'><strong>ἐϐαπτίζονο</strong></span> 
     </span>
    </p>
   </div>
   <div class='ocr_carea' id='block_1_82' title="bbox 2299 3667 3875 3736">
    <p class='ocr_par' dir='ltr' id='par_1_82' title="bbox 2299 3667 3875 3736">
     <span class='ocr_line' id='line_1_82' title="bbox 2299 3667 3875 3736; baseline 0 -16"><span class='ocrx_word' id='word_1_570' title='bbox 2299 3684 2390 3720; x_wconf 78' lang='grc' dir='ltr'><strong>τοο</strong></span> <span class='ocrx_word' id='word_1_571' title='bbox 2423 3670 2470 3720; x_wconf 82' lang='grc' dir='ltr'><strong>οἱ</strong></span> <span class='ocrx_word' id='word_1_572' title='bbox 2501 3671 2603 3736; x_wconf 86' lang='grc' dir='ltr'><strong>γάρ</strong></span> <span class='ocrx_word' id='word_1_573' title='bbox 2642 3669 2761 3720; x_wconf 82' lang='grc' dir='ltr'><strong>τότε</strong></span> <span class='ocrx_word' id='word_1_574' title='bbox 2801 3667 3061 3736; x_wconf 79' lang='grc' dir='ltr'><strong>βασιλεῖς,</strong></span> <span class='ocrx_word' id='word_1_575' title='bbox 3112 3667 3383 3736; x_wconf 80' lang='grc' dir='ltr'><strong>Τιϐέριος,</strong></span> <span class='ocrx_word' id='word_1_576' title='bbox 3422 3670 3516 3720; x_wconf 74' lang='grc' dir='ltr'><strong>καὶ</strong></span> <span class='ocrx_word' id='word_1_577' title='bbox 3564 3669 3746 3731; x_wconf 80' lang='grc' dir='ltr'><strong>Γάϊος,</strong></span> <span class='ocrx_word' id='word_1_578' title='bbox 3780 3669 3875 3721; x_wconf 77' lang='grc' dir='ltr'><strong>καὶ</strong></span> 
     </span>
    </p>
   </div>
   <div class='ocr_carea' id='block_1_83' title="bbox 2309 3757 3878 3826">
    <p class='ocr_par' dir='ltr' id='par_1_83' title="bbox 2309 3757 3878 3826">
     <span class='ocr_line' id='line_1_83' title="bbox 2309 3757 3878 3826; baseline 0 -14"><span class='ocrx_word' id='word_1_579' title='bbox 2309 3760 2598 3822; x_wconf 79' lang='grc' dir='ltr'><strong>Κλαύδιος,</strong></span> <span class='ocrx_word' id='word_1_580' title='bbox 2625 3760 2723 3810; x_wconf 76' lang='grc' dir='ltr'><strong>οὐκ</strong></span> <span class='ocrx_word' id='word_1_581' title='bbox 2747 3758 2983 3810; x_wconf 82' lang='grc' dir='ltr'><strong>ὲκὼλυον</strong></span> <span class='ocrx_word' id='word_1_582' title='bbox 3017 3774 3027 3785; x_wconf 94' lang='grc'><strong>·</strong></span> <span class='ocrx_word' id='word_1_583' title='bbox 3079 3757 3211 3810; x_wconf 80' lang='grc' dir='ltr'><strong>ἀλλὰ</strong></span> <span class='ocrx_word' id='word_1_584' title='bbox 3244 3759 3335 3808; x_wconf 75' lang='grc' dir='ltr'><strong>καὶ</strong></span> <span class='ocrx_word' id='word_1_585' title='bbox 3365 3759 3428 3809; x_wconf 71' lang='grc' dir='ltr'><strong>ἐκ</strong></span> <span class='ocrx_word' id='word_1_586' title='bbox 3455 3757 3565 3810; x_wconf 85' lang='grc' dir='ltr'><strong>τῶν</strong></span> <span class='ocrx_word' id='word_1_587' title='bbox 3591 3759 3878 3826; x_wconf 81' lang='grc' dir='ltr'><strong>εὐγενίδων</strong></span> 
     </span>
    </p>
   </div>
   <div class='ocr_carea' id='block_1_84' title="bbox 2303 3847 3879 3914">
    <p class='ocr_par' dir='ltr' id='par_1_84' title="bbox 2303 3847 3879 3914">
     <span class='ocr_line' id='line_1_84' title="bbox 2303 3847 3879 3914; baseline 0 -14"><span class='ocrx_word' id='word_1_588' title='bbox 2303 3850 2576 3914; x_wconf 85' lang='grc' dir='ltr'><strong>γυναικῶν</strong></span> <span class='ocrx_word' id='word_1_589' title='bbox 2606 3850 2697 3900; x_wconf 75' lang='grc' dir='ltr'><strong>καὶ</strong></span> <span class='ocrx_word' id='word_1_590' title='bbox 2741 3848 3013 3901; x_wconf 82' lang='grc' dir='ltr'><strong>Ἰουδαίων</strong></span> <span class='ocrx_word' id='word_1_591' title='bbox 3049 3847 3243 3898; x_wconf 80' lang='grc' dir='ltr'><strong>πολλαὶ</strong></span> <span class='ocrx_word' id='word_1_592' title='bbox 3273 3848 3618 3902; x_wconf 70' lang='grc' dir='ltr'><strong>ἐπίστευσαν.</strong></span> <span class='ocrx_word' id='word_1_593' title='bbox 3669 3848 3879 3901; x_wconf 82' lang='grc' dir='ltr'><strong>Βαπτί-</strong></span> 
     </span>
    </p>
   </div>
   <div class='ocr_carea' id='block_1_85' title="bbox 2306 3940 3877 4010">
    <p class='ocr_par' dir='ltr' id='par_1_85' title="bbox 2306 3940 3877 4010">
     <span class='ocr_line' id='line_1_85' title="bbox 2306 3940 3877 4010; baseline 0.001 -17"><span class='ocrx_word' id='word_1_594' title='bbox 2306 3958 2400 4002; x_wconf 80' lang='grc' dir='ltr'><strong>σας</strong></span> <span class='ocrx_word' id='word_1_595' title='bbox 2433 3942 2630 4002; x_wconf 74' lang='grc' dir='ltr'><strong>αὐτοὺς</strong></span> <span class='ocrx_word' id='word_1_596' title='bbox 2671 3943 2749 4002; x_wconf 80' lang='grc' dir='ltr'><strong>είς</strong></span> <span class='ocrx_word' id='word_1_597' title='bbox 2774 3941 2834 3992; x_wconf 83' lang='grc' dir='ltr'><strong>τὸ</strong></span> <span class='ocrx_word' id='word_1_598' title='bbox 2867 3940 3039 4008; x_wconf 83' lang='grc' dir='ltr'><strong>ὄνομα</strong></span> <span class='ocrx_word' id='word_1_599' title='bbox 3074 3941 3165 3992; x_wconf 81' lang='grc' dir='ltr'><strong>τοῦ</strong></span> <span class='ocrx_word' id='word_1_600' title='bbox 3203 3942 3440 4010; x_wconf 82' lang='grc' dir='ltr'><strong>Πατρδς,</strong></span> <span class='ocrx_word' id='word_1_601' title='bbox 3477 3942 3570 3994; x_wconf 73' lang='grc' dir='ltr'><strong>καὶ</strong></span> <span class='ocrx_word' id='word_1_602' title='bbox 3617 3940 3709 3994; x_wconf 82' lang='grc' dir='ltr'><strong>τοῦ</strong></span> <span class='ocrx_word' id='word_1_603' title='bbox 3747 3941 3877 3995; x_wconf 88' lang='grc' dir='ltr'><strong>Υίοῦ</strong></span> 
     </span>
    </p>
   </div>
   <div class='ocr_carea' id='block_1_86' title="bbox 2306 4029 3876 4104">
    <p class='ocr_par' dir='ltr' id='par_1_86' title="bbox 2306 4029 3876 4104">
     <span class='ocr_line' id='line_1_86' title="bbox 2306 4029 3876 4104; baseline 0.003 -22"><span class='ocrx_word' id='word_1_604' title='bbox 2306 4029 2525 4083; x_wconf 74' lang='grc' dir='ltr'><strong>καὶτοῦ</strong></span> <span class='ocrx_word' id='word_1_605' title='bbox 2577 4031 2732 4097; x_wconf 84' lang='grc' dir='ltr'><strong>ἁγίου</strong></span> <span class='ocrx_word' id='word_1_606' title='bbox 2791 4032 3107 4101; x_wconf 79' lang='grc' dir='ltr'><strong>Πνεύματος</strong></span> <span class='ocrx_word' id='word_1_607' title='bbox 3140 4033 3441 4100; x_wconf 84' lang='grc' dir='ltr'><strong>καθιέρωσε</strong></span> <span class='ocrx_word' id='word_1_608' title='bbox 3491 4034 3876 4104; x_wconf 78' lang='grc' dir='ltr'><strong>θυσιαστήριον</strong></span> 
     </span>
    </p>
   </div>
   <div class='ocr_carea' id='block_1_87' title="bbox 2304 4123 3878 4194">
    <p class='ocr_par' dir='ltr' id='par_1_87' title="bbox 2304 4123 3878 4194">
     <span class='ocr_line' id='line_1_87' title="bbox 2304 4123 3878 4194; baseline 0.001 -22"><span class='ocrx_word' id='word_1_609' title='bbox 2304 4123 2401 4173; x_wconf 81' lang='grc' dir='ltr'><strong>καὶ</strong></span> <span class='ocrx_word' id='word_1_610' title='bbox 2423 4123 2550 4176; x_wconf 83' lang='grc' dir='ltr'><strong>ναὸν</strong></span> <span class='ocrx_word' id='word_1_611' title='bbox 2582 4123 2680 4190; x_wconf 81' lang='grc' dir='ltr'><strong>τῆς</strong></span> <span class='ocrx_word' id='word_1_612' title='bbox 2707 4123 2866 4189; x_wconf 80' lang='grc' dir='ltr'><strong>ἁγίας</strong></span> <span class='ocrx_word' id='word_1_613' title='bbox 2903 4123 3166 4174; x_wconf 84' lang='grc' dir='ltr'><strong>Θεοτόκου</strong></span> <span class='ocrx_word' id='word_1_614' title='bbox 3197 4140 3212 4154; x_wconf 78' lang='grc' dir='ltr'><strong><em>ο</em></strong></span> <span class='ocrx_word' id='word_1_615' title='bbox 3248 4125 3345 4176; x_wconf 72' lang='grc' dir='ltr'><strong>καὶ</strong></span> <span class='ocrx_word' id='word_1_616' title='bbox 3368 4124 3470 4185; x_wconf 71' lang='grc' dir='ltr'><strong>ἕως</strong></span> <span class='ocrx_word' id='word_1_617' title='bbox 3492 4123 3590 4194; x_wconf 82' lang='grc' dir='ltr'><strong>τὴν</strong></span> <span class='ocrx_word' id='word_1_618' title='bbox 3636 4125 3878 4193; x_wconf 80' lang='grc' dir='ltr'><strong>σήμερον</strong></span> 
     </span>
    </p>
   </div>
   <div class='ocr_carea' id='block_1_88' title="bbox 2306 4212 3879 4282">
    <p class='ocr_par' dir='ltr' id='par_1_88' title="bbox 2306 4212 3879 4282">
     <span class='ocr_line' id='line_1_88' title="bbox 2306 4212 3879 4282; baseline 0.001 -18"><span class='ocrx_word' id='word_1_619' title='bbox 2306 4213 2473 4265; x_wconf 80' lang='grc' dir='ltr'><strong>πᾶσίν</strong></span> <span class='ocrx_word' id='word_1_620' title='bbox 2497 4214 2614 4265; x_wconf 78' lang='grc' dir='ltr'><strong>ἐστι</strong></span> <span class='ocrx_word' id='word_1_621' title='bbox 2636 4214 2868 4282; x_wconf 81' lang='grc' dir='ltr'><strong>φανερόν</strong></span> <span class='ocrx_word' id='word_1_622' title='bbox 2899 4213 3032 4282; x_wconf 82' lang='lat' dir='ltr'><strong>(i7).</strong></span> <span class='ocrx_word' id='word_1_623' title='bbox 3071 4212 3481 4282; x_wconf 85' lang='grc' dir='ltr'><strong>Ἐχειροτόνησε</strong></span> <span class='ocrx_word' id='word_1_624' title='bbox 3511 4214 3566 4266; x_wconf 81' lang='grc' dir='ltr'>δὲ</span> <span class='ocrx_word' id='word_1_625' title='bbox 3609 4214 3668 4278; x_wconf 76' lang='grc' dir='ltr'>ἐξ</span> <span class='ocrx_word' id='word_1_626' title='bbox 3697 4214 3879 4266; x_wconf 83' lang='grc' dir='ltr'><strong>αὐτῶν</strong></span> 
     </span>
    </p>
   </div>
   <div class='ocr_carea' id='block_1_89' title="bbox 2308 4305 3881 4374">
    <p class='ocr_par' dir='ltr' id='par_1_89' title="bbox 2308 4305 3881 4374">
     <span class='ocr_line' id='line_1_89' title="bbox 2308 4305 3881 4374; baseline 0.001 -19"><span class='ocrx_word' id='word_1_627' title='bbox 2308 4305 2710 4374; x_wconf 73' lang='grc' dir='ltr'><strong>πρεσϐυτέρους</strong></span> <span class='ocrx_word' id='word_1_628' title='bbox 2751 4306 2844 4356; x_wconf 77' lang='grc' dir='ltr'><strong>καὶ</strong></span> <span class='ocrx_word' id='word_1_629' title='bbox 2881 4305 3180 4366; x_wconf 71' lang='grc' dir='ltr'><strong>διακόνους.</strong></span> <span class='ocrx_word' id='word_1_630' title='bbox 3225 4305 3473 4371; x_wconf 82' lang='grc' dir='ltr'><strong>Ἐγένετο</strong></span> <span class='ocrx_word' id='word_1_631' title='bbox 3517 4305 3572 4356; x_wconf 79' lang='grc' dir='ltr'><strong>δὲ</strong></span> <span class='ocrx_word' id='word_1_632' title='bbox 3603 4305 3744 4374; x_wconf 79' lang='grc' dir='ltr'><strong>χαρᾶ</strong></span> <span class='ocrx_word' id='word_1_633' title='bbox 3785 4321 3881 4373; x_wconf 89' lang='grc' dir='ltr'><strong>με-</strong></span> 
     </span>
    </p>
   </div>
   <div class='ocr_carea' id='block_1_90' title="bbox 2309 4395 3877 4466">
    <p class='ocr_par' dir='ltr' id='par_1_90' title="bbox 2309 4395 3877 4466">
     <span class='ocr_line' id='line_1_90' title="bbox 2309 4395 3877 4466; baseline 0.001 -18"><span class='ocrx_word' id='word_1_634' title='bbox 2309 4396 2447 4463; x_wconf 76' lang='grc' dir='ltr'><strong>γάλη</strong></span> <span class='ocrx_word' id='word_1_635' title='bbox 2501 4396 2558 4447; x_wconf 82' lang='grc' dir='ltr'><strong>ἐν</strong></span> <span class='ocrx_word' id='word_1_636' title='bbox 2583 4399 2647 4464; x_wconf 76' lang='grc' dir='ltr'>τῇ</span> <span class='ocrx_word' id='word_1_637' title='bbox 2685 4395 2836 4446; x_wconf 79' lang='grc' dir='ltr'><strong>πόλει</strong></span> <span class='ocrx_word' id='word_1_638' title='bbox 2863 4397 3046 4466; x_wconf 74' lang='grc' dir='ltr'><strong>ἐκείνῃ</strong></span> <span class='ocrx_word' id='word_1_639' title='bbox 3077 4412 3089 4425; x_wconf 77' lang='grc' dir='ltr'><strong>ο</strong></span> <span class='ocrx_word' id='word_1_640' title='bbox 3129 4397 3397 4464; x_wconf 84' lang='grc' dir='ltr'><strong>μετέδωκε</strong></span> <span class='ocrx_word' id='word_1_641' title='bbox 3429 4398 3538 4465; x_wconf 84' lang='grc' dir='ltr'><strong>γὰρ</strong></span> <span class='ocrx_word' id='word_1_642' title='bbox 3566 4397 3746 4457; x_wconf 75' lang='grc' dir='ltr'><strong>αὐτοῖς</strong></span> <span class='ocrx_word' id='word_1_643' title='bbox 3783 4396 3877 4449; x_wconf 80' lang='grc' dir='ltr'>τοῦ</span> 
     </span>
    </p>
   </div>
   <div class='ocr_carea' id='block_1_91' title="bbox 637 4484 2193 4557">
    <p class='ocr_par' dir='ltr' id='par_1_91' title="bbox 637 4484 2193 4554">
     <span class='ocr_line' id='line_1_91' title="bbox 637 4484 2193 4554; baseline 0.007 -20"><span class='ocrx_word' id='word_1_644' title='bbox 637 4484 802 4550; x_wconf 63' lang='lat' dir='ltr'><strong>giain,</strong></span> <span class='ocrx_word' id='word_1_645' title='bbox 841 4493 892 4534; x_wconf 86' lang='lat' dir='ltr'><strong>et</strong></span> <span class='ocrx_word' id='word_1_646' title='bbox 923 4500 1186 4537; x_wconf 72' lang='lat' dir='ltr'><strong>eantuietn</strong></span> <span class='ocrx_word' id='word_1_647' title='bbox 1234 4489 1571 4553; x_wconf 72' lang='lat' dir='ltr'><strong>psalntodize,</strong></span> <span class='ocrx_word' id='word_1_648' title='bbox 1613 4497 1666 4538; x_wconf 90' lang='lat' dir='ltr'><strong>ut</strong></span> <span class='ocrx_word' id='word_1_649' title='bbox 1699 4504 1920 4554; x_wconf 81' lang='lat' dir='ltr'><strong>vespere</strong></span> <span class='ocrx_word' id='word_1_650' title='bbox 1949 4500 2000 4542; x_wconf 85' lang='lat' dir='ltr'><strong>et</strong></span> <span class='ocrx_word' id='word_1_651' title='bbox 2050 4507 2193 4545; x_wconf 69' lang='lat' dir='ltr'><strong>inani</strong></span> 
     </span>
    </p>
   </div>
   <div class='ocr_carea' id='block_1_92' title="bbox 2299 4484 3882 4557">
    <p class='ocr_par' dir='ltr' id='par_1_92' title="bbox 2316 4487 3882 4557">
     <span class='ocr_line' id='line_1_92' title="bbox 2316 4487 3882 4557; baseline 0.003 -20"><span class='ocrx_word' id='word_1_652' title='bbox 2316 4487 2548 4556; x_wconf 78' lang='grc' dir='ltr'><strong>Χριστοῦ</strong></span> <span class='ocrx_word' id='word_1_653' title='bbox 2575 4489 2680 4539; x_wconf 81' lang='grc' dir='ltr'><strong>τῶν</strong></span> <span class='ocrx_word' id='word_1_654' title='bbox 2731 4488 2888 4539; x_wconf 75' lang='grc' dir='ltr'><strong>θείων</strong></span> <span class='ocrx_word' id='word_1_655' title='bbox 2923 4489 3253 4556; x_wconf 73' lang='grc' dir='ltr'><strong>μυστηρίων,</strong></span> <span class='ocrx_word' id='word_1_656' title='bbox 3304 4489 3396 4539; x_wconf 81' lang='grc' dir='ltr'><strong>καὶ</strong></span> <span class='ocrx_word' id='word_1_657' title='bbox 3451 4487 3734 4556; x_wconf 69' lang='grc' dir='ltr'><strong>παρέδωκε</strong></span> <span class='ocrx_word' id='word_1_658' title='bbox 3785 4491 3882 4557; x_wconf 75' lang='grc' dir='ltr'><strong>τὴν</strong></span> 
     </span>
    </p>
   </div>
   <div class='ocr_carea' id='block_1_93' title="bbox 637 4580 2202 4648">
    <p class='ocr_par' dir='ltr' id='par_1_93' title="bbox 637 4580 2202 4648">
     <span class='ocr_line' id='line_1_93' title="bbox 637 4580 2202 4648; baseline 0.004 -19"><span class='ocrx_word' id='word_1_659' title='bbox 637 4589 1120 4645; x_wconf 69' lang='lat' dir='ltr'><strong>congregarentur,</strong></span> <span class='ocrx_word' id='word_1_660' title='bbox 1157 4580 1224 4631; x_wconf 90' lang='lat' dir='ltr'><strong>ad</strong></span> <span class='ocrx_word' id='word_1_661' title='bbox 1256 4582 1526 4633; x_wconf 80' lang='lat' dir='ltr'><strong>orientem</strong></span> <span class='ocrx_word' id='word_1_662' title='bbox 1589 4597 1729 4648; x_wconf 79' lang='lat' dir='ltr'><strong>genu</strong></span> <span class='ocrx_word' id='word_1_663' title='bbox 1789 4583 2090 4646; x_wconf 82' lang='lat' dir='ltr'><strong>ﬂecterent,</strong></span> <span class='ocrx_word' id='word_1_664' title='bbox 2150 4591 2202 4636; x_wconf 86' lang='lat' dir='ltr'><strong>et</strong></span> 
     </span>
    </p>
   </div>
   <div class='ocr_carea' id='block_1_94' title="bbox 641 4666 2207 4741">
    <p class='ocr_par' dir='ltr' id='par_1_94' title="bbox 641 4666 2207 4741">
     <span class='ocr_line' id='line_1_94' title="bbox 641 4666 2207 4741; baseline 0.007 -25"><span class='ocrx_word' id='word_1_665' title='bbox 641 4666 718 4716; x_wconf 81' lang='lat' dir='ltr'><strong>sic</strong></span> <span class='ocrx_word' id='word_1_666' title='bbox 746 4675 954 4719; x_wconf 76' lang='lat' dir='ltr'><strong>stantes</strong></span> <span class='ocrx_word' id='word_1_667' title='bbox 990 4679 1232 4731; x_wconf 84' lang='lat' dir='ltr'><strong>orarent,</strong></span> <span class='ocrx_word' id='word_1_668' title='bbox 1289 4670 1608 4737; x_wconf 81' lang='lat' dir='ltr'><strong>psalterium</strong></span> <span class='ocrx_word' id='word_1_669' title='bbox 1667 4672 1887 4725; x_wconf 85' lang='lat' dir='ltr'><strong>Davidis</strong></span> <span class='ocrx_word' id='word_1_670' title='bbox 1947 4674 2207 4741; x_wconf 74' lang='lat' dir='ltr'><strong>prteeine-</strong></span> 
     </span>
    </p>
   </div>
   <div class='ocr_carea' id='block_1_95' title="bbox 643 4761 2196 4828">
    <p class='ocr_par' dir='ltr' id='par_1_95' title="bbox 643 4761 2196 4828">
     <span class='ocr_line' id='line_1_95' title="bbox 643 4761 2196 4828; baseline 0.007 -23"><span class='ocrx_word' id='word_1_671' title='bbox 643 4765 782 4818; x_wconf 81' lang='lat' dir='ltr'><strong>rent,</strong></span> <span class='ocrx_word' id='word_1_672' title='bbox 815 4768 866 4809; x_wconf 90' lang='lat' dir='ltr'><strong>t:t</strong></span> <span class='ocrx_word' id='word_1_673' title='bbox 902 4768 1128 4811; x_wconf 66' lang='grc' dir='ltr'><strong>ςςυιρῑοδ</strong></span> <span class='ocrx_word' id='word_1_674' title='bbox 1169 4761 1482 4828; x_wconf 67' lang='lat' dir='ltr'><strong>prophetas,</strong></span> <span class='ocrx_word' id='word_1_675' title='bbox 1524 4778 1621 4814; x_wconf 83' lang='lat' dir='ltr'><strong>nec</strong></span> <span class='ocrx_word' id='word_1_676' title='bbox 1653 4762 1856 4815; x_wconf 81' lang='lat' dir='ltr'><strong>fabulis</strong></span> <span class='ocrx_word' id='word_1_677' title='bbox 1882 4763 2196 4816; x_wconf 71' lang='lat' dir='ltr'><strong>Grzeeoruin</strong></span> 
     </span>
    </p>
   </div>
   <div class='ocr_carea' id='block_1_96' title="bbox 641 4849 2207 4922">
    <p class='ocr_par' dir='ltr' id='par_1_96' title="bbox 641 4849 2207 4922">
     <span class='ocr_line' id='line_1_96' title="bbox 641 4849 2207 4922; baseline 0.003 -22"><span class='ocrx_word' id='word_1_678' title='bbox 641 4849 1000 4912; x_wconf 74' lang='lat' dir='ltr'><strong>adlitrretent,</strong></span> <span class='ocrx_word' id='word_1_679' title='bbox 1046 4851 1142 4903; x_wconf 81' lang='lat' dir='ltr'><strong>sed</strong></span> <span class='ocrx_word' id='word_1_680' title='bbox 1175 4854 1518 4906; x_wconf 85' lang='lat' dir='ltr'><strong>ambularent</strong></span> <span class='ocrx_word' id='word_1_681' title='bbox 1545 4854 1595 4905; x_wconf 89' lang='lat' dir='ltr'><strong>in</strong></span> <span class='ocrx_word' id='word_1_682' title='bbox 1623 4855 1736 4922; x_wconf 68' lang='lat' dir='ltr'><strong>lege</strong></span> <span class='ocrx_word' id='word_1_683' title='bbox 1769 4853 1992 4921; x_wconf 81' lang='lat' dir='ltr'><strong>Moysis,</strong></span> <span class='ocrx_word' id='word_1_684' title='bbox 2020 4866 2072 4908; x_wconf 91' lang='lat' dir='ltr'><strong>et</strong></span> <span class='ocrx_word' id='word_1_685' title='bbox 2094 4865 2207 4908; x_wconf 77' lang='lat' dir='ltr'><strong>sta-</strong></span> 
     </span>
    </p>
   </div>
   <div class='ocr_carea' id='block_1_97' title="bbox 645 4944 2204 5010">
    <p class='ocr_par' dir='ltr' id='par_1_97' title="bbox 645 4944 2204 5010">
     <span class='ocr_line' id='line_1_97' title="bbox 645 4944 2204 5010; baseline 0.006 -18"><span class='ocrx_word' id='word_1_686' title='bbox 645 4950 756 4992; x_wconf 88' lang='lat' dir='ltr'><strong>tuta</strong></span> <span class='ocrx_word' id='word_1_687' title='bbox 788 4945 854 4994; x_wconf 90' lang='lat' dir='ltr'><strong>ab</strong></span> <span class='ocrx_word' id='word_1_688' title='bbox 886 4945 1151 5010; x_wconf 81' lang='lat' dir='ltr'><strong>apostolis</strong></span> <span class='ocrx_word' id='word_1_689' title='bbox 1191 4944 1554 4997; x_wconf 62' lang='lat' dir='ltr'><strong>L&#39;U:li)dil&#39;Clil.</strong></span> <span class='ocrx_word' id='word_1_690' title='bbox 1601 4945 1690 4998; x_wconf 80' lang='lat' dir='ltr'><strong>Sic</strong></span> <span class='ocrx_word' id='word_1_691' title='bbox 1721 4947 1968 5000; x_wconf 70' lang='lat' dir='ltr'><strong>Andreas</strong></span> <span class='ocrx_word' id='word_1_692' title='bbox 1997 4947 2204 5002; x_wconf 77' lang='lat' dir='ltr'><strong>iaciens</strong></span> 
     </span>
    </p>
   </div>
   <div class='ocr_carea' id='block_1_98' title="bbox 644 5031 2201 5106">
    <p class='ocr_par' dir='ltr' id='par_1_98' title="bbox 644 5031 2201 5106">
     <span class='ocr_line' id='line_1_98' title="bbox 644 5031 2201 5106; baseline 0.005 -23"><span class='ocrx_word' id='word_1_693' title='bbox 644 5041 700 5083; x_wconf 89' lang='lat' dir='ltr'><strong>et</strong></span> <span class='ocrx_word' id='word_1_694' title='bbox 735 5031 936 5086; x_wconf 85' lang='lat' dir='ltr'><strong>ducens</strong></span> <span class='ocrx_word' id='word_1_695' title='bbox 974 5035 1169 5088; x_wconf 88' lang='lat' dir='ltr'><strong>multas</strong></span> <span class='ocrx_word' id='word_1_696' title='bbox 1193 5037 1444 5089; x_wconf 83' lang='lat' dir='ltr'><strong>civitates</strong></span> <span class='ocrx_word' id='word_1_697' title='bbox 1488 5045 1541 5089; x_wconf 89' lang='lat' dir='ltr'><strong>et</strong></span> <span class='ocrx_word' id='word_1_698' title='bbox 1567 5051 1754 5106; x_wconf 80' lang='lat' dir='ltr'><strong>pagos,</strong></span> <span class='ocrx_word' id='word_1_699' title='bbox 1810 5040 2078 5091; x_wconf 89' lang='lat' dir='ltr'><strong>convertit</strong></span> <span class='ocrx_word' id='word_1_700' title='bbox 2129 5045 2201 5092; x_wconf 87' lang='lat' dir='ltr'><strong>ad</strong></span> 
     </span>
    </p>
   </div>
   <div class='ocr_carea' id='block_1_99' title="bbox 646 5123 946 5176">
    <p class='ocr_par' dir='ltr' id='par_1_99' title="bbox 646 5123 946 5176">
     <span class='ocr_line' id='line_1_99' title="bbox 646 5123 946 5176; baseline -0.007 0"><span class='ocrx_word' id='word_1_701' title='bbox 646 5123 946 5176; x_wconf 81' lang='lat' dir='ltr'><strong>Christum.</strong></span> 
     </span>
    </p>
   </div>
   <div class='ocr_carea' id='block_1_100' title="bbox 721 5391 2209 5464">
    <p class='ocr_par' dir='ltr' id='par_1_100' title="bbox 721 5391 2209 5464">
     <span class='ocr_line' id='line_1_100' title="bbox 721 5391 2209 5464; baseline 0.001 -21"><span class='ocrx_word' id='word_1_702' title='bbox 721 5391 1014 5446; x_wconf 83' lang='lat' dir='ltr'><strong>Discedens</strong></span> <span class='ocrx_word' id='word_1_703' title='bbox 1039 5403 1219 5446; x_wconf 80' lang='lat' dir='ltr'><strong>autem</strong></span> <span class='ocrx_word' id='word_1_704' title='bbox 1251 5393 1318 5446; x_wconf 91' lang='lat' dir='ltr'><strong>ab</strong></span> <span class='ocrx_word' id='word_1_705' title='bbox 1347 5395 1567 5464; x_wconf 82' lang='lat' dir='ltr'><strong>Auiyso,</strong></span> <span class='ocrx_word' id='word_1_706' title='bbox 1609 5396 1756 5450; x_wconf 89' lang='lat' dir='ltr'><strong>venit</strong></span> <span class='ocrx_word' id='word_1_707' title='bbox 1789 5393 2209 5464; x_wconf 85' lang='lat' dir='ltr'><strong>Trapezuntem,</strong></span> 
     </span>
    </p>
   </div>
   <div class='ocr_carea' id='block_1_101' title="bbox 648 5484 2212 5543">
    <p class='ocr_par' dir='ltr' id='par_1_101' title="bbox 648 5484 2212 5543">
     <span class='ocr_line' id='line_1_101' title="bbox 648 5484 2212 5543; baseline 0.001 -6"><span class='ocrx_word' id='word_1_708' title='bbox 648 5484 924 5538; x_wconf 84' lang='lat' dir='ltr'><strong>civitatem</strong></span> <span class='ocrx_word' id='word_1_709' title='bbox 978 5485 1186 5540; x_wconf 75' lang='lat' dir='ltr'><strong>Lazieae</strong></span> <span class='ocrx_word' id='word_1_710' title='bbox 1220 5495 1401 5541; x_wconf 66' lang='lat' dir='ltr'><strong>teri-te.</strong></span> <span class='ocrx_word' id='word_1_711' title='bbox 1451 5485 1560 5540; x_wconf 78' lang='lat' dir='ltr'><strong>Vtri</strong></span> <span class='ocrx_word' id='word_1_712' title='bbox 1595 5497 1774 5543; x_wconf 87' lang='lat' dir='ltr'><strong>autem</strong></span> <span class='ocrx_word' id='word_1_713' title='bbox 1829 5490 1905 5542; x_wconf 88' lang='lat' dir='ltr'><strong>illi</strong></span> <span class='ocrx_word' id='word_1_714' title='bbox 1971 5489 2121 5542; x_wconf 88' lang='lat' dir='ltr'><strong>stulti</strong></span> <span class='ocrx_word' id='word_1_715' title='bbox 2159 5495 2212 5542; x_wconf 92' lang='lat' dir='ltr'><strong>et</strong></span> 
     </span>
    </p>
   </div>
   <div class='ocr_carea' id='block_1_102' title="bbox 2309 4578 3880 4648">
    <p class='ocr_par' dir='ltr' id='par_1_102' title="bbox 2309 4578 3880 4648">
     <span class='ocr_line' id='line_1_102' title="bbox 2309 4578 3880 4648; baseline 0.003 -22"><span class='ocrx_word' id='word_1_716' title='bbox 2309 4578 2652 4645; x_wconf 80' lang='grc' dir='ltr'><strong>λειτουργίαν</strong></span> <span class='ocrx_word' id='word_1_717' title='bbox 2686 4580 2779 4629; x_wconf 77' lang='grc' dir='ltr'><strong>καὶ</strong></span> <span class='ocrx_word' id='word_1_718' title='bbox 2810 4579 2898 4629; x_wconf 83' lang='grc' dir='ltr'><strong>τὸν</strong></span> <span class='ocrx_word' id='word_1_719' title='bbox 2931 4581 3133 4631; x_wconf 74' lang='grc' dir='ltr'><strong>κανόνα</strong></span> <span class='ocrx_word' id='word_1_720' title='bbox 3158 4580 3253 4647; x_wconf 81' lang='grc' dir='ltr'><strong>τῆς</strong></span> <span class='ocrx_word' id='word_1_721' title='bbox 3276 4579 3615 4648; x_wconf 70' lang='grc' dir='ltr'><strong>ψαλμῳδίας,</strong></span> <span class='ocrx_word' id='word_1_722' title='bbox 3642 4579 3880 4648; x_wconf 79' lang='grc' dir='ltr'><strong>ἑσπέρας</strong></span> 
     </span>
    </p>
   </div>
   <div class='ocr_carea' id='block_1_103' title="bbox 2313 4666 3881 4736">
    <p class='ocr_par' dir='ltr' id='par_1_103' title="bbox 2313 4666 3881 4736">
     <span class='ocr_line' id='line_1_103' title="bbox 2313 4666 3881 4736; baseline 0.003 -19"><span class='ocrx_word' id='word_1_723' title='bbox 2313 4667 2406 4717; x_wconf 73' lang='grc' dir='ltr'><strong>καὶ</strong></span> <span class='ocrx_word' id='word_1_724' title='bbox 2435 4666 2579 4735; x_wconf 80' lang='grc' dir='ltr'><strong>πρωῒ</strong></span> <span class='ocrx_word' id='word_1_725' title='bbox 2605 4667 2985 4736; x_wconf 83' lang='grc' dir='ltr'><strong>συνέρχεσθαι,</strong></span> <span class='ocrx_word' id='word_1_726' title='bbox 3032 4669 3168 4720; x_wconf 76' lang='grc' dir='ltr'><strong>κατὰ</strong></span> <span class='ocrx_word' id='word_1_727' title='bbox 3224 4668 3489 4729; x_wconf 82' lang='grc' dir='ltr'><strong>ἀνατολὰς</strong></span> <span class='ocrx_word' id='word_1_728' title='bbox 3547 4668 3881 4734; x_wconf 85' lang='grc' dir='ltr'><strong>γονυκλινεῖν</strong></span> 
     </span>
    </p>
   </div>
   <div class='ocr_carea' id='block_1_104' title="bbox 2313 4758 3881 4828">
    <p class='ocr_par' dir='ltr' id='par_1_104' title="bbox 2313 4758 3881 4828">
     <span class='ocr_line' id='line_1_104' title="bbox 2313 4758 3881 4828; baseline 0.001 -19"><span class='ocrx_word' id='word_1_729' title='bbox 2313 4759 2407 4809; x_wconf 72' lang='lat'><strong>7.3.&quot;.</strong></span> <span class='ocrx_word' id='word_1_730' title='bbox 2445 4759 2614 4818; x_wconf 69' lang='grc' dir='ltr'><strong>οὕτως</strong></span> <span class='ocrx_word' id='word_1_731' title='bbox 2648 4759 2887 4820; x_wconf 75' lang='grc' dir='ltr'><strong>ἑστῶτας</strong></span> <span class='ocrx_word' id='word_1_732' title='bbox 2918 4759 3342 4827; x_wconf 70' lang='grc' dir='ltr'><strong>προσεύχεσθαι,</strong></span> <span class='ocrx_word' id='word_1_733' title='bbox 3375 4761 3434 4810; x_wconf 68' lang='grc' dir='ltr'><strong>τὸ</strong></span> <span class='ocrx_word' id='word_1_734' title='bbox 3459 4758 3758 4828; x_wconf 65' lang='grc' dir='ltr'><strong>ψαλτήριον</strong></span> <span class='ocrx_word' id='word_1_735' title='bbox 3787 4759 3881 4811; x_wconf 82' lang='grc' dir='ltr'><strong>τοῦ</strong></span> 
     </span>
    </p>
   </div>
   <div class='ocr_carea' id='block_1_105' title="bbox 2314 4848 3880 4920">
    <p class='ocr_par' dir='ltr' id='par_1_105' title="bbox 2314 4848 3880 4920">
     <span class='ocr_line' id='line_1_105' title="bbox 2314 4848 3880 4920; baseline 0.002 -22"><span class='ocrx_word' id='word_1_736' title='bbox 2314 4848 2533 4907; x_wconf 74' lang='grc' dir='ltr'><strong>Δαϐίδος</strong></span> <span class='ocrx_word' id='word_1_737' title='bbox 2569 4848 2788 4914; x_wconf 58' lang='grc' dir='ltr'><strong>ᾁάλλειν</strong></span> <span class='ocrx_word' id='word_1_738' title='bbox 2822 4849 3064 4908; x_wconf 73' lang='grc' dir='ltr'><strong>καὶτοὺς</strong></span> <span class='ocrx_word' id='word_1_739' title='bbox 3095 4849 3315 4911; x_wconf 79' lang='grc' dir='ltr'><strong>λοιποὺς</strong></span> <span class='ocrx_word' id='word_1_740' title='bbox 3341 4850 3646 4918; x_wconf 80' lang='grc' dir='ltr'><strong>προφήτας,</strong></span> <span class='ocrx_word' id='word_1_741' title='bbox 3681 4851 3769 4901; x_wconf 67' lang='grc' dir='ltr'><strong>καὶ</strong></span> <span class='ocrx_word' id='word_1_742' title='bbox 3806 4850 3880 4920; x_wconf 67' lang='grc' dir='ltr'><strong>μὴ</strong></span> 
     </span>
    </p>
   </div>
   <div class='ocr_carea' id='block_1_106' title="bbox 2311 4939 3884 5011">
    <p class='ocr_par' dir='ltr' id='par_1_106' title="bbox 2311 4939 3884 5011">
     <span class='ocr_line' id='line_1_106' title="bbox 2311 4939 3884 5011; baseline 0.001 -21"><span class='ocrx_word' id='word_1_743' title='bbox 2311 4942 2421 4999; x_wconf 82' lang='grc' dir='ltr'><strong>τοῖς</strong></span> <span class='ocrx_word' id='word_1_744' title='bbox 2454 4939 2642 5006; x_wconf 80' lang='grc' dir='ltr'><strong>μύθοις</strong></span> <span class='ocrx_word' id='word_1_745' title='bbox 2671 4940 2777 4993; x_wconf 78' lang='grc' dir='ltr'><strong>τῶν</strong></span> <span class='ocrx_word' id='word_1_746' title='bbox 2819 4939 3094 5010; x_wconf 78' lang='grc' dir='ltr'><strong>Ἑλλήνων</strong></span> <span class='ocrx_word' id='word_1_747' title='bbox 3117 4942 3423 5011; x_wconf 86' lang='grc' dir='ltr'><strong>προσέχειν,</strong></span> <span class='ocrx_word' id='word_1_748' title='bbox 3476 4940 3611 4992; x_wconf 87' lang='grc' dir='ltr'><strong>ἀλλά</strong></span> <span class='ocrx_word' id='word_1_749' title='bbox 3657 4944 3884 5010; x_wconf 68' lang='grc' dir='ltr'><strong>στοιχεῖα</strong></span> 
     </span>
    </p>
   </div>
   <div class='ocr_carea' id='block_1_107' title="bbox 2315 5029 3879 5100">
    <p class='ocr_par' dir='ltr' id='par_1_107' title="bbox 2315 5029 3879 5100">
     <span class='ocr_line' id='line_1_107' title="bbox 2315 5029 3879 5100; baseline 0.003 -20"><span class='ocrx_word' id='word_1_750' title='bbox 2315 5029 2439 5080; x_wconf 84' lang='grc' dir='ltr'><strong>σθαι</strong></span> <span class='ocrx_word' id='word_1_751' title='bbox 2485 5029 2559 5098; x_wconf 78' lang='grc' dir='ltr'><strong>τῷ</strong></span> <span class='ocrx_word' id='word_1_752' title='bbox 2590 5031 2735 5098; x_wconf 82' lang='grc' dir='ltr'><strong>νόμῳ</strong></span> <span class='ocrx_word' id='word_1_753' title='bbox 2764 5031 3028 5094; x_wconf 77' lang='grc' dir='ltr'><strong>Μωσέως,</strong></span> <span class='ocrx_word' id='word_1_754' title='bbox 3067 5033 3160 5083; x_wconf 68' lang='grc' dir='ltr'><strong>καὶ</strong></span> <span class='ocrx_word' id='word_1_755' title='bbox 3204 5031 3269 5083; x_wconf 79' lang='grc' dir='ltr'>τὰ</span> <span class='ocrx_word' id='word_1_756' title='bbox 3301 5031 3606 5100; x_wconf 82' lang='grc' dir='ltr'><strong>κεκριμένα</strong></span> <span class='ocrx_word' id='word_1_757' title='bbox 3635 5031 3742 5084; x_wconf 80' lang='grc' dir='ltr'><strong>ὑπὸ</strong></span> <span class='ocrx_word' id='word_1_758' title='bbox 3772 5032 3879 5084; x_wconf 80' lang='grc' dir='ltr'><strong>τῶν</strong></span> 
     </span>
    </p>
   </div>
   <div class='ocr_carea' id='block_1_108' title="bbox 2318 5121 3881 5192">
    <p class='ocr_par' dir='ltr' id='par_1_108' title="bbox 2318 5121 3881 5192">
     <span class='ocr_line' id='line_1_108' title="bbox 2318 5121 3881 5192; baseline 0.001 -20"><span class='ocrx_word' id='word_1_759' title='bbox 2318 5122 2636 5172; x_wconf 81' lang='grc' dir='ltr'><strong>ἀποστόλων</strong></span> <span class='ocrx_word' id='word_1_760' title='bbox 2664 5121 2972 5188; x_wconf 77' lang='grc' dir='ltr'><strong>φυλάττειν.</strong></span> <span class='ocrx_word' id='word_1_761' title='bbox 3003 5121 3188 5182; x_wconf 76' lang='grc' dir='ltr'><strong>Οὖτως</strong></span> <span class='ocrx_word' id='word_1_762' title='bbox 3212 5124 3238 5172; x_wconf 86' lang='grc' dir='ltr'>ὁ</span> <span class='ocrx_word' id='word_1_763' title='bbox 3291 5122 3545 5192; x_wconf 76' lang='grc' dir='ltr'><strong>’Δνδρέας</strong></span> <span class='ocrx_word' id='word_1_764' title='bbox 3596 5124 3766 5176; x_wconf 84' lang='grc' dir='ltr'><strong>ποιῶν</strong></span> <span class='ocrx_word' id='word_1_765' title='bbox 3822 5139 3881 5175; x_wconf 77' lang='grc' dir='ltr'><strong>τε</strong></span> 
     </span>
    </p>
   </div>
   <div class='ocr_carea' id='block_1_109' title="bbox 2325 5212 3880 5284">
    <p class='ocr_par' dir='ltr' id='par_1_109' title="bbox 2325 5212 3880 5284">
     <span class='ocr_line' id='line_1_109' title="bbox 2325 5212 3880 5284; baseline 0.001 -22"><span class='ocrx_word' id='word_1_766' title='bbox 2325 5214 2417 5262; x_wconf 82' lang='grc' dir='ltr'><strong>καὶ</strong></span> <span class='ocrx_word' id='word_1_767' title='bbox 2446 5212 2712 5264; x_wconf 79' lang='grc' dir='ltr'><strong>διδάσκων</strong></span> <span class='ocrx_word' id='word_1_768' title='bbox 2746 5213 2950 5274; x_wconf 85' lang='grc' dir='ltr'><strong>πολλὰς</strong></span> <span class='ocrx_word' id='word_1_769' title='bbox 2983 5212 3164 5273; x_wconf 80' lang='grc' dir='ltr'><strong>πόλεις</strong></span> <span class='ocrx_word' id='word_1_770' title='bbox 3197 5213 3291 5264; x_wconf 78' lang='grc' dir='ltr'><strong>καὶ</strong></span> <span class='ocrx_word' id='word_1_771' title='bbox 3327 5212 3515 5282; x_wconf 82' lang='grc' dir='ltr'><strong>κώμας</strong></span> <span class='ocrx_word' id='word_1_772' title='bbox 3561 5217 3880 5284; x_wconf 79' lang='grc' dir='ltr'><strong>προσήγαγε</strong></span> 
     </span>
    </p>
   </div>
   <div class='ocr_carea' id='block_1_110' title="bbox 2321 5303 2667 5372">
    <p class='ocr_par' dir='ltr' id='par_1_110' title="bbox 2321 5303 2667 5372">
     <span class='ocr_line' id='line_1_110' title="bbox 2321 5303 2667 5372; baseline 0.006 -18"><span class='ocrx_word' id='word_1_773' title='bbox 2321 5303 2396 5372; x_wconf 84' lang='grc' dir='ltr'><strong>τῷ</strong></span> <span class='ocrx_word' id='word_1_774' title='bbox 2425 5303 2667 5372; x_wconf 83' lang='grc' dir='ltr'><strong>Χριστῷ.</strong></span> 
     </span>
    </p>
   </div>
   <div class='ocr_carea' id='block_1_111' title="bbox 2405 5390 3879 5466">
    <p class='ocr_par' dir='ltr' id='par_1_111' title="bbox 2405 5390 3879 5466">
     <span class='ocr_line' id='line_1_111' title="bbox 2405 5390 3879 5466; baseline -0.001 -20"><span class='ocrx_word' id='word_1_775' title='bbox 2405 5395 2650 5464; x_wconf 73' lang='grc' dir='ltr'><strong>’Δπάρας</strong></span> <span class='ocrx_word' id='word_1_776' title='bbox 2680 5395 2735 5447; x_wconf 87' lang='grc' dir='ltr'>δὲ</span> <span class='ocrx_word' id='word_1_777' title='bbox 2765 5393 2872 5446; x_wconf 79' lang='grc' dir='ltr'><strong>ἀπὸ</strong></span> <span class='ocrx_word' id='word_1_778' title='bbox 2899 5393 3126 5460; x_wconf 86' lang='grc' dir='ltr'><strong>Ἀμισοῦ</strong></span> <span class='ocrx_word' id='word_1_779' title='bbox 3171 5390 3333 5464; x_wconf 81' lang='grc' dir='ltr'><strong>ἦλθεν</strong></span> <span class='ocrx_word' id='word_1_780' title='bbox 3365 5398 3445 5458; x_wconf 78' lang='grc' dir='ltr'><strong>είς</strong></span> <span class='ocrx_word' id='word_1_781' title='bbox 3471 5393 3879 5466; x_wconf 74' lang='grc' dir='ltr'><strong>Τραπεζοῦντα,</strong></span> 
     </span>
    </p>
   </div>
   <div class='ocr_carea' id='block_1_112' title="bbox 2321 5481 3879 5558">
    <p class='ocr_par' dir='ltr' id='par_1_112' title="bbox 2321 5481 3879 5558">
     <span class='ocr_line' id='line_1_112' title="bbox 2321 5481 3879 5558; baseline -0.001 -19"><span class='ocrx_word' id='word_1_782' title='bbox 2321 5487 2478 5540; x_wconf 79' lang='grc' dir='ltr'><strong>πόλιν</strong></span> <span class='ocrx_word' id='word_1_783' title='bbox 2508 5487 2604 5555; x_wconf 85' lang='grc' dir='ltr'><strong>τῆς</strong></span> <span class='ocrx_word' id='word_1_784' title='bbox 2643 5485 2906 5552; x_wconf 78' lang='grc' dir='ltr'><strong>Λαζικῆς.</strong></span> <span class='ocrx_word' id='word_1_785' title='bbox 2957 5485 3020 5538; x_wconf 80' lang='lat' dir='ltr'><strong>Ol</strong></span> <span class='ocrx_word' id='word_1_786' title='bbox 3051 5486 3105 5538; x_wconf 82' lang='grc' dir='ltr'><strong>δὲ</strong></span> <span class='ocrx_word' id='word_1_787' title='bbox 3149 5487 3422 5558; x_wconf 80' lang='grc' dir='ltr'><strong>ἄνθρωποι</strong></span> <span class='ocrx_word' id='word_1_788' title='bbox 3476 5481 3621 5541; x_wconf 75' lang='grc' dir='ltr'><strong>οὗτοι</strong></span> <span class='ocrx_word' id='word_1_789' title='bbox 3665 5485 3879 5556; x_wconf 79' lang='grc' dir='ltr'><strong>ἀνόητοι</strong></span> 
     </span>
    </p>
   </div>
   <div class='ocr_carea' id='block_1_113' title="bbox 1948 5606 2507 5669">
    <p class='ocr_par' dir='ltr' id='par_1_113' title="bbox 1948 5606 2507 5669">
     <span class='ocr_line' id='line_1_113' title="bbox 1948 5606 2507 5669; baseline -0.005 -5"><span class='ocrx_word' id='word_1_790' title='bbox 1948 5606 2141 5667; x_wconf 70' lang='lat' dir='ltr'><strong>Varia:</strong></span> <span class='ocrx_word' id='word_1_791' title='bbox 2175 5606 2507 5669; x_wconf 85' lang='lat' dir='ltr'><strong>lectiones.</strong></span> 
     </span>
    </p>
   </div>
   <div class='ocr_carea' id='block_1_114' title="bbox 749 5703 1356 5770">
    <p class='ocr_par' dir='ltr' id='par_1_114' title="bbox 749 5703 1356 5770">
     <span class='ocr_line' id='line_1_114' title="bbox 749 5703 1356 5770; baseline 0.01 -16"><span class='ocrx_word' id='word_1_792' title='bbox 749 5703 832 5770; x_wconf 70' lang='grc' dir='ltr'><strong>Η)</strong></span> <span class='ocrx_word' id='word_1_793' title='bbox 876 5703 1209 5770; x_wconf 78' lang='grc' dir='ltr'><strong>Ἀθεμήτων.</strong></span> <span class='ocrx_word' id='word_1_794' title='bbox 1241 5704 1356 5760; x_wconf 59' lang='grc' dir='ltr'><strong>ναι.</strong></span> 
     </span>
    </p>
   </div>
   <div class='ocr_carea' id='block_1_115' title="bbox 720 5703 1102 5843">
    <p class='ocr_par' dir='ltr' id='par_1_115' title="bbox 720 5703 1102 5843">
     <span class='ocr_line' id='line_1_115' title="bbox 749 5703 1102 5770; baseline 0 -16"><span class='ocrx_word' id='word_1_795' title='bbox 749 5703 832 5764; x_wconf 80' lang='grc' dir='ltr'><strong>Η)</strong></span> <span class='ocrx_word' id='word_1_796' title='bbox 876 5703 995 5754; x_wconf 78' lang='grc' dir='ltr'><strong>Ἀθε</strong></span> <span class='ocrx_word' id='word_1_797' title='bbox 1051 5705 1102 5770; x_wconf 70' lang='grc' dir='ltr'><strong>ήιι</strong></span> 
     </span>
     <span class='ocr_line' id='line_1_116' title="bbox 720 5703 1102 5843; baseline 0.01 -19"><span class='ocrx_word' id='word_1_798' title='bbox 720 5703 832 5843; x_wconf 58' lang='lat' dir='ltr'><strong>ita)</strong></span> <span class='ocrx_word' id='word_1_799' title='bbox 865 5773 946 5826; x_wconf 78' lang='grc' dir='ltr'><strong>Εἰ.</strong></span> <span class='ocrx_word' id='word_1_800' title='bbox 983 5721 1102 5829; x_wconf 53' lang='lat' dir='ltr'><strong>Vtin.</strong></span> 
     </span>
    </p>
   </div>
   <div class='ocr_carea' id='block_1_116' title="bbox 2393 5700 2978 5769">
    <p class='ocr_par' dir='ltr' id='par_1_116' title="bbox 2393 5700 2978 5769">
     <span class='ocr_line' id='line_1_117' title="bbox 2393 5700 2978 5769; baseline 0.005 -16"><span class='ocrx_word' id='word_1_801' title='bbox 2393 5703 2504 5769; x_wconf 79' lang='lat'><strong>(16)</strong></span> <span class='ocrx_word' id='word_1_802' title='bbox 2538 5700 2826 5768; x_wconf 70' lang='grc' dir='ltr'><strong>Μαθητὰς.</strong></span> <span class='ocrx_word' id='word_1_803' title='bbox 2862 5700 2978 5756; x_wconf 74' lang='lat' dir='ltr'><strong>Vat.</strong></span> 
     </span>
    </p>
   </div>
   <div class='ocr_carea' id='block_1_117' title="bbox 2395 5771 3352 5842">
    <p class='ocr_par' dir='ltr' id='par_1_117' title="bbox 2395 5771 3352 5842">
     <span class='ocr_line' id='line_1_118' title="bbox 2395 5771 3352 5842; baseline 0.002 -22"><span class='ocrx_word' id='word_1_804' title='bbox 2395 5772 2508 5842; x_wconf 60' lang='lat' dir='ltr'><strong>r17)</strong></span> <span class='ocrx_word' id='word_1_805' title='bbox 2561 5773 2790 5838; x_wconf 73' lang='lat' dir='ltr'><strong>Scripsit</strong></span> <span class='ocrx_word' id='word_1_806' title='bbox 2835 5772 3064 5826; x_wconf 73' lang='lat' dir='ltr'><strong>fortaSsc</strong></span> <span class='ocrx_word' id='word_1_807' title='bbox 3104 5771 3352 5839; x_wconf 72' lang='grc' dir='ltr'><strong>φανερός.</strong></span> 
     </span>
    </p>
   </div>
  </div>
