4148 6334
190 393 300 460 333

1488 393 1673 454 VITA
1709 393 1773 454 Ξ.
1813 390 2162 453 ΑΝΒΒΕᾸΕ.

3331 393 3439 462 234

190 504 548 571 παραδόσεως
575 500 847 569 λέγουσιν,
896 503 990 556 καὶ
1031 504 1198 572 ’ἕτερά
1254 519 1394 557 τινα.
1464 503 1760 558 Κατελθὼν

1868 502 2025 558 dreas
2054 503 2120 556 de
2147 508 2354 565 monte,
2395 500 2586 556 abiens
2628 504 2778 555 stetit
2825 501 2878 555 in
2913 503 3090 558 medio
3125 519 3337 573 eorum,
3381 523 3430 563 rt

189 597 282 650 οῦν
325 600 353 649 ὁ
412 594 668 664 ’Δνδρέας
717 594 824 647 ἀπὸ
859 593 953 646 τοῦ
998 594 1179 666 ὅρους,
1224 593 1474 648 ἀπελθὼν
1525 595 1654 663 ἔστη
1705 597 1762 649 ἐν

195 690 348 758 μέσῳ
409 687 609 749 αὐτῶν,
658 686 754 739 καὶ
816 686 1065 749 ἐκτείνας
1095 687 1194 754 τὴν
1218 688 1377 757 χεῖρα
1429 688 1764 755 ἐσφράγισεν

192 778 412 841 αὐτούς.
445 779 558 832 Καὶ
588 779 897 831 ἐπαύσαντο
923 777 1192 841 ἐσθίοντες
1217 779 1315 841 τὰς
1368 778 1578 831 ἑαυτῶν
1631 779 1765 848 σάρ-

191 868 296 933 κας
320 887 332 901 ·
364 873 460 924 καὶ
493 869 732 924 ἀνελθὼν
764 869 858 922 ἐπὶ
890 869 1091 941 βάθρου
1128 870 1329 942 ἤρξατο
1358 869 1538 938 λέγειν
1565 887 1577 900 ·
1641 870 1764 933 Πῶς

192 965 339 1034 ὑμᾶς
370 963 486 1033 ἔχει
526 962 746 1031 ἐλεῆσαι
786 963 813 1014 ό
849 961 988 1024 Θεὸς
1052 963 1145 1014 καὶ
1190 959 1402 1014 παῦσαι
1450 961 1549 1030 τὴν
1595 960 1765 1031 ὀργὴν

187 1055 397 1126 ταύτην
426 1052 519 1123 ἀφ’
547 1052 722 1123 ὑμῶν,
754 1053 814 1104 ὃν
846 1052 906 1105 οὐ
945 1052 1128 1106 Θέλετε
1161 1051 1442 1117 δέξασθαι,
1469 1053 1502 1122 ἢ
1535 1054 1627 1106 καὶ
1668 1054 1766 1124 ἐμὲ

193 1148 313 1211 πῶς
363 1144 667 1200 ὑπακούσει
742 1144 881 1215 ὑπὲρ
936 1143 1088 1214 ὑμῶν
1158 1144 1270 1214 (27)
1316 1144 1764 1215 παρακαλοῦντα,

188 1239 344 1305 ὑμῶν
380 1238 456 1307 μὴ
489 1237 913 1290 συνευδοκοῦντα
939 1239 1007 1306 τῇ
1035 1236 1251 1302 πίστεις
1302 1237 1412 1291 Kal
1464 1237 1767 1305 ἀποστῆναι

188 1328 652 1400 προαιρουμένων
708 1330 772 1382 ὲκ
806 1329 914 1382 τῶν
949 1329 1200 1399 πονηρῶν
1225 1329 1379 1398 ὑμῶν
1419 1329 1598 1399 ἔργων
1633 1329 1772 1384 διδά-

191 1439 310 1474 σκω
345 1421 490 1491 ὑμᾶς
522 1421 640 1474 ὁδὸν
679 1420 959 1491 σωτηρίας
991 1436 1006 1452 ο
1050 1421 1147 1474 καὶ
1197 1421 1356 1490 ὑμεῖς
1401 1421 1770 1492 μυκτηρίζετέ

193 1531 282 1582 με.
311 1513 497 1566 Πολλὰ
530 1509 842 1583 εἷπονλύμῖν
874 1529 888 1545 ·
937 1511 1240 1582 Ἀπόστητε
1295 1512 1404 1566 ἀπὸ
1443 1513 1553 1567 τῶν
1618 1512 1770 1567 εἰδώ-

186 1605 296 1660 ὶων
331 1623 346 1638 ο
383 1607 479 1659 καὶ
496 1607 557 1659 οῦ
573 1607 708 1676 χρῆν
726 1605 982 1675 εὔχεσθαι
1007 1603 1259 1675 (28),-οὒς
1277 1604 1571 1675 λατρεύετε
1589 1605 1769 1674 θεοὺς,

190 1697 396 1765 μᾶλλον
425 1697 482 1749 δὲ
499 1696 782 1766 δαίμονας.
816 1687 980 1749 Οὗτοι
1017 1696 1092 1758 ὡς
1119 1695 1342 1758 οἰκείοις
1368 1694 1574 1760 δούλοις
1607 1697 1772 1750 είσοι-

187 1788 476 1852 κισθέντες
537 1791 593 1841 ὲν
651 1789 778 1857 ὑμῖν
812 1788 916 1857 τὴν
957 1787 1095 1840 ίδίαν
1153 1788 1353 1840 κακίαν
1375 1787 1763 1854 ἐπεδείξαντο’

187 1879 396 1946 ἀγαθὸν
423 1879 531 1949 γὰρ
564 1879 793 1948 ποιῆσαι
819 1877 878 1931 οὐ
910 1878 1188 1931 δύνανται.
1221 1877 1432 1947 Νίψατε
1465 1878 1559 1932 καὶ
1592 1895 1765 1950 προσ-

187 1958 378 2023 ἐλθετέ
404 1970 525 2040 Θεῷ
563 1970 728 2034 ζῶντι
766 1972 861 2023 καὶ
895 1970 1164 2041 ἀληθινῷ,
1201 1971 1298 2025 καὶ
1321 1972 1664 2041 σφραγίσατε
1691 1972 1768 2041 τῷ

191 2061 408 2131 σημείῳ
437 2061 531 2114 τοῦ
586 2062 839 2133 σταυροῦ,
883 2065 985 2116 καὶ
1038 2062 1323 2132 φεύξονται
1370 2064 1463 2131 ἀφ’
1521 2063 1677 2134 ὑμῶν
1720 2064 1770 2116 οἱ

184 2150 444 2219 δαίμονες
485 2165 498 2179 ·
531 2151 878 2217 ἀποτάξασθε
900 2151 1082 2204 αὐτῶν
1109 2153 1220 2214 τοῖς
1252 2148 1432 2217 ’λόγοις
1489 2149 1560 2204 τὰ
1606 2150 1769 2220 ἔργα,

187 2241 288 2302 τὰς
323 2240 602 2311 λατρείας,
652 2243 1032 2296 ὅτισκοτειναί
1068 2243 1227 2306 εἰσιν,
1278 2243 1374 2294 καὶ
1431 2239 1771 2297 άναλὰϐεσθε

184 2334 328 2386 ὅπλα
360 2334 562 2401 φωτὸς,
605 2336 692 2387 ἵνα
721 2335 817 2388 καὶ
845 2336 940 2389 νῦν
971 2337 1028 2388 ὲν
1057 2334 1252 2406 εἰρήνῃ
1275 2333 1368 2386 καὶ
1418 2334 1578 2404 ὑγείᾳ
1636 2331 1766 2402 ﬁuit-

190 2441 320 2493 σητε
352 2425 450 2477 καὶ
477 2425 587 2478 τῶν
608 2425 912 2494 μελλόντων
933 2425 1157 2494 ἀγαθῶν
1179 2423 1552 2494 ἀπολαύσητε.
1581 2425 1768 2480 Ταῦτα

187 2514 517 2584 ἐνθυμεῖσθε
550 2517 646 2570 καὶ
679 2519 1019 2582 κατανοεῖτε,
1086 2515 1181 2570 καὶ
1222 2515 1315 2568 τὸν
1361 2514 1573 2570 τούτων
1632 2515 1768 2569 Θεὸν

1792 1847 1839 1906 Β

1865 594 2166 652 extendens
2215 609 2437 649 manum
2492 595 2650 666 signo
2698 594 2878 650 crucis
2930 596 3165 666 signavit
3211 612 3328 654 eos.
3377 603 3440 654 Et

1866 687 2149 742 desierunt
2192 686 2528 742 manducare
2575 685 2772 741 carnes
2820 699 2986 752 suas;
3029 698 3083 742 et
3136 691 3439 745 ascendens

1869 792 2032 849 super
2055 790 2340 833 scamnum
2372 778 2535 846 coepit
2567 777 2748 832 dicere
2775 794 2789 831 :
2821 777 3104 843 Quomodo
3139 790 3315 849 potest
3340 784 3438 836 mi-

1869 869 2042 925 sereri
2063 867 2236 924 vestri
2265 866 2433 932 Deus,
2461 874 2517 921 et
2548 868 2831 923 continere
2858 868 2994 922 iram
3026 868 3166 922 hanc
3200 885 3229 923 a
3262 873 3438 934 vobis.

1869 976 2030 1031 quem
2061 975 2174 1016 non
2211 959 2380 1014 vultis
2420 958 2708 1029 accipere?
2747 960 2832 1015 vel
2863 959 3140 1031 quomodo
3187 962 3442 1017 exaudiet

1875 1067 1964 1108 me
1991 1052 2496 1122 deprecantem'pro
2522 1049 2676 1104 vobis
2699 1049 2821 1106 fidei
2844 1065 2953 1106 non
2975 1052 3399 1108 assentientibus
3421 1054 3443 1104 ἲ

1871 1145 1937 1198 Et
1967 1145 2345 1199 desiderantes
2382 1157 2481 1198 vos
2513 1141 2768 1198 recedere
2803 1156 2833 1195 a
2867 1145 3048 1211 pravis
3074 1145 3274 1199 vestris
3309 1160 3444 1214 ope-

1871 1237 2023 1291 ribus
2053 1237 2236 1291 -doceo
2284 1235 2427 1288 viam
2480 1234 2699 1299 salutis,
2722 1241 2783 1289 et
2835 1232 3076 1291 irridetis
3117 1250 3227 1291 me.
3277 1235 3443 1291 Multa

1873 1327 1985 1381 dixi
2023 1327 2175 1381 vobis
2205 1345 2217 1380 :
2264 1323 2525 1380 Recedite
2555 1325 2624 1379 ab
2650 1323 2854 1390 idolis;
2889 1332 2941 1378 et
2972 1339 3080 1378 non
3115 1336 3329 1394 oportet
3357 1330 3446 1381 de-

1871 1417 2084 1489 precari
2109 1431 2246 1486 quos
2273 1416 2516 1470 adoratis
2546 1415 2701 1481 deos,
2727 1415 2914 1486 potius
2940 1425 3121 1471 autem
3145 1417 3441 1473 daemones.

1874 1509 1999 1578 Ipsi,
2028 1509 2089 1562 in
2131 1508 2285 1564 vobis
2330 1518 2388 1562 ut
2436 1508 2493 1562 in
2530 1508 2705 1563 servis
2732 1509 2851 1564 suis
2885 1508 3275 1576 inhabitantes,
3317 1526 3445 1580 pro-

1873 1601 2048 1672 priam
2112 1600 2468 1655 ostenderunt
2519 1599 2972 1668 improbitatem;
3033 1601 3234 1656 bonum
3299 1603 3442 1656 enim

1872 1694 2051 1749 facere
2099 1709 2207 1747 non
2259 1699 2515 1763 possunt.
2576 1690 2916 1747 Mundemini
2979 1699 3034 1747 et
3078 1693 3321 1749 accedite
3377 1695 3442 1746 ad

1877 1787 2044 1840 Deum
2103 1785 2284 1838 vivum
2337 1791 2392 1838 et
2449 1799 2664 1850 verum,
2738 1782 3032 1853 signemini
3074 1783 3230 1852 signo
3266 1783 3446 1839 crucis

1870 1885 1924 1932 et
1972 1875 2181 1941 fugient
2234 1890 2263 1928 a
2316 1874 2471 1928 vobis
2526 1875 2836 1940 daemones;
2892 1875 3183 1931 valedic‘ite
3240 1877 3444 1940 verbis,

1870 1982 2060 2023 eorum
2091 1965 2350 2036 operibus
2382 1972 2436 2020 et
2469 1965 2770 2036 obsequiis,
2792 1966 2919 2036 quia
2949 1969 3186 2024 tenebrae
3212 1979 3363 2032 sunt,
3390 1977 3446 2023 et

1871 2057 2103 2127 accipite
2127 2071 2281 2112 arma
2321 2056 2482 2122 lucis,
2519 2066 2657 2112 utet
2689 2073 2836 2112 nunc
2873 2061 2928 2113 in
2958 2074 3091 2127 pace
3135 2069 3190 2116 et
3232 2062 3446 2116 valetu-

1871 2151 1998 2205 dine
2029 2151 2186 2204 firma
2211 2149 2432 2215 vivatis,
2453 2158 2507 2204 et
2543 2148 2726 2205 futura
2766 2151 2907 2206 bona
2936 2153 3282 2222 possideatis.
3321 2153 3446 2207 Haec

1873 2241 2057 2297 animo
2090 2241 2310 2295 condite
2337 2248 2394 2296 et
2423 2241 2684 2311 cogitate,
2707 2251 2760 2297 et
2787 2258 2976 2298 eorum
3005 2245 3172 2298 Deum
3202 2245 3446 2306 adorate,

1873 2334 2008 2388 etin
2036 2330 2296 2385 omnibus
2328 2332 2535 2400 gratias
2580 2332 2725 2401 agite
2768 2334 2878 2388 Deo
2928 2342 2982 2389 et
3026 2332 3179 2387 Patri
3231 2333 3444 2389 Domini

1876 2423 2052 2476 nostri
2104 2420 2242 2476 ’ἔθευ
2288 2421 2517 2484 Christi,
2564 2432 2620 2477 et
2668 2433 2860 2478 sancto
2907 2425 3027 2493 eius
3084 2423 3353 2493 Spiritui;
3394 2433 3448 2480 et

1876 2513 2088 2583 fugient
2113 2529 2144 2567 a
2177 2513 2335 2568 vobis
2365 2513 2642 2570 daemones
2667 2523 2719 2570 et
2746 2516 2926 2571 omnis
2951 2517 3235 2586 aegritudo.

188 2615 572 2681 προσκυνεῖτε,
601 2613 696 2666 καὶ
720 2613 1095 2684 εὐχαριστεῖτε
1116 2612 1210 2666 διὰ
1244 2611 1447 2675 παντὸς
1481 2612 1573 2666 τὸν
1621 2612 1755 2665 Θεὸν
1796 2611 1892 2664 καὶ
1920 2611 2143 2681 Πατέρα
2165 2610 2260 2663 τοῦ
2287 2610 2497 2679 Κυρίου
2559 2609 2716 2680 ἡμῶν
2772 2610 2948 2681 Ἰησοῦ
3017 2612 3282 2681 Χριστοῦ,
3350 2613 3444 2666 καὶ

188 2708 248 2760 τὸ
271 2706 429 2776 ἆγιον
458 2707 624 2762 αὐτοῦ
655 2708 913 2778 Πνεῦμαο
950 2709 1046 2763 καὶ
1079 2708 1369 2778 φεύξονται
1408 2710 1503 2775 ἀφ’
1527 2707 1682 2777 ὑμῶν
1711 2709 1759 2761 οἱ
1793 2709 2054 2779 δαίμονες
2086 2707 2181 2760 καὶ
2212 2709 2362 2787 πᾶσα
2395 2709 2576 2771 νόσος.

257 2796 620 2866 Συνθεμένων
646 2795 744 2852 οῦν
782 2797 962 2851 αὐτῶν
1004 2798 1103 2851 καὶ
1149 2797 1621 2868 παρακαλούντων
1670 2797 1767 2852 ἐπὶ

188 2887 250 2938 τὸ
297 2887 617 2958 προσελθεῖν
681 2889 862 2951 αὐτοῖς
917 2888 1052 2959 (29),
1107 2888 1318 2951 πάντας
1361 2889 1501 2942 ίᾶτο.
1553 2887 1664 2940 Καὶ
1694 2890 1762 2957 τῇ

189 2975 456 3046 ἐπαύριον
486 2978 729 3048 συνήχθη
765 2980 876 3041 πᾶς
903 2981 930 3032 ό
956 2978 1102 3042 λαὸς,
1145 2978 1333 3052 μικροί
1357 2996 1417 3032 τε
1447 2979 1545 3032 acati.
1597 2977 1768 3047 μεγά-

189 3070 292 3135 >.οι,
324 3070 522 3141 ἄνδρες
545 3072 641 3125 καὶ
672 3074 947 3138 γυναῖκες,
980 3073 1227 3126 Ἰουδαῖοί
1264 3089 1323 3125 τε
1348 3073 1445 3125 καὶ
1468 3071 1726 3140 Ἕλληνες
1750 3086 1766 3102 ο

1949 2801 2397 2857 Assentientibus
2435 2811 2613 2856 autem
2650 2801 2730 2857 eis
2757 2809 2810 2856 et
2839 2799 3205 2872 flagitantibus
3249 2816 3307 2859 ut
3352 2820 3444 2861 3c-

1877 2900 2134 2945 curreret
2179 2889 2290 2953 eis,
2321 2890 2538 2944 sanavit
2565 2905 2784 2944 omnes.
2807 2888 2874 2944 Et
2915 2891 3177 2962 postridie
3217 2909 3446 2966 congre-

1873 2990 2032 3049 gatus
2069 2987 2155 3036 est
2194 2980 2376 3035 omnis
2412 2979 2670 3050 populus,
2702 2981 2910 3049 parvuli
2937 2989 2996 3036 et
3026 2983 3227 3052 magni,
3265 2986 3364 3039 viri
3394 2996 3447 3041 et

1872 3071 2147 3135 mulieres,
2186 3069 2363 3126 Judaei
2413 3079 2467 3126 et
2506 3071 2717 3135 Graeci;
2758 3087 2948 3126 omnes
2990 3072 3142 3127 enim
3172 3089 3447 3131 convene-

187 3161 393 3223 πάντες
425 3168 535 3232 γὰρ
591 3165 943 3236 συνήρχοντο.
993 3163 1052 3216 Ὁ
1103 3163 1157 3215 δὲ
1217 3162 1467 3232 Ἀνδρέας
1531 3157 1766 3225 ἐξελθὼν

1873 3174 2018 3217 rant.
2050 3163 2299 3217 Andreas
2352 3173 2535 3217 autem
2588 3163 2781 3218 exiens
2832 3166 2897 3217 ad
2948 3178 3064 3230 eos,
3108 3173 3161 3220 et
3203 3174 3354 3222 stans
3390 3169 3446 3222 in

188 3255 326 3324 πρὸς
354 3221 558 3316 αὐτοῦς
594 3256 687 3307 καὶ
713 3221 872 3318 ..στὰς
901 3255 980 3318 είς
1022 3255 1114 3308 τὸν
1155 3249 1288 3325 χθὲς
1339 3221 1504 3308 τόπον
1565 3250 1761 3307 εἷπενό

1869 3254 2127 3309 hesterno
2158 3253 2280 3309 loco
2318 3254 2429 3308 ait:
2460 3255 2572 3309 Pax
2600 3255 2894 3320 omnibus;
2938 3255 3031 3324 qui
3067 3255 3278 3313 viribus
3307 3273 3445 3327 prac-

188 3345 402 3416 Εἰρήνη
439 3347 601 3397 πᾶσιν
627 3360 637 3372 ·
663 3345 714 3396 οἱ
742 3345 799 3398 δὲ
836 3346 1136 3415 meum;
1160 3347 1260 3416 μιᾷ
1289 3347 1439 3416 φωνῇ
1487 3344 1726 3414 ἔκραξαν
1746 3359 1761 3374 ⁶

190 3435 300 3489 Καὶ
325 3435 404 3502 τῷ
435 3435 707 3505 πνεύματί
740 3452 857 3492 σου.
884 3437 991 3489 Καὶ
1031 3436 1062 3489 ό
1093 3436 1352 3506 ’Δνδρέας
1416 3437 1620 3506 ἤρξατο
1677 3434 1767 3487 λέ·-

189 3543 310 3594 γειν
333 3544 345 3558 ·
378 3527 490 3581 Τοῦ
529 3528 735 3597 ἀγαθοῦ
763 3530 859 3582 καὶ
889 3529 1051 3597 μόνου
1079 3526 1215 3580 Θεοῦ
1255 3527 1349 3580 καὶ
1391 3526 1622 3596 Ποιητοῦ
1653 3527 1763 3578 τῶν

189 3619 447 3674 ἁπάντων
479 3622 815 3691 τιμήσαντος
858 3621 949 3672 τὸν
983 3619 1267 3689 ἄνθρωπον
1311 3620 1377 3688 τῇ
1437 3618 1544 3688 ἰδίᾳ
1595 3618 1764 3669 εἰκόνι

191 3710 458 3780 ἐφύτευσε
494 3711 823 3780 παράδεισον
850 3710 991 3763 κατὰ
1022 3710 1307 3772 ἀνατολὰς,
1334 3709 1432 3763 καλ⁸
1469 3709 1622 3760 ἔθετο
1651 3707 1766 3760 ἐκεῖ

190 3803 281 3855 τὸν
308 3801 602 3872 ἄνθρωπον
633 3800 759 3864 δοὺς
791 3800 940 3870 αὑτῷ
968 3800 1190 3870 ἐντολὴν
1218 3798 1536 3860 ἀθανασίας.
1577 3798 1636 3850 ’0
1668 3793 1764 3850 οῦν

193 3893 433 3963 πονηρὸς
484 3892 729 3955 διάϐολος
785 3891 1061 3962 φθονήσας
1118 3890 1343 3961 ἐποίησε
1377 3890 1442 3942 δι’
1470 3890 1762 3960 ὑπερηφαο

190 3983 340 4047 νείας
376 3985 472 4052 καὶΞ
503 3981 953 4053 ὑψηλοφροσύνης
985 3981 1336 4051 παρακοῦσαι
1357 3981 1451 4033 τὸν
1478 3980 1764 4048 ἄνθρωπον

190 4075 327 4127 Θεοῦ
369 4073 468 4127 τοῦ
511 4073 894 4143 πεποιηκότος.
925 4075 1062 4126 Eius
1097 4072 1228 4140 γὰρ,
1264 4074 1348 4124 ὅτι
1395 4073 1654 4124 Ἔσεσθε
1683 4070 1765 4134 ὡς

190 4168 353 4223 θθοίο
390 4167 516 4220 ὅθεν
544 4167 756 4237 ἐτράπη
781 4168 861 4228 εἰς
893 4164 1100 4236 φθορὰν
1145 4164 1214 4228 ἐξ
1258 4161 1590 4233 ἀφθαρσίας.
1654 4160 1766 4214 Καὶ

189 4258 386 4314 ιτεκεν
415 4257 531 4312 υἱὸν
556 4257 867 4329 παρακοῆς,
910 4256 1000 4310 τὸν
1046 4256 1210 4322 Κάῖν,
1267 4255 1326 4318 ὃς
1363 4253 1766 4324 ἐχαρακτήρισε

188 4351 280 4404 τὸν
305 4351 575 4407 διάϐολον.
597 4349 846 4416 Ἐγένετο
879 4348 986 4417 γὰρ
1013 4348 1152 4401 Κάῖν
1193 4347 1491 4416 ὲφευρετὴς
1547 4347 1768 4399 πάντων

191 4445 406 4498 κακῶν.
455 4444 564 4495 Kal
618 4442 883 4511 φονεύσας
934 4439 1023 4492 τὸν
1069 4439 1204 4493 ιδιον
1264 4439 1511 4507 ἀδελφὺν,
1559 4437 1767 4490 δίκαιον

1866 3345 2130 3409 valentes,
2168 3359 2277 3398 una
2306 3357 2444 3398 voce
2484 3344 2867 3399 clamaverunt
2891 3361 2910 3398 ι
2944 3344 3010 3399 Ει
3057 3347 3276 3416 spiritui
3325 3356 3439 3403 tuo.

1869 3431 1933 3485 Et
1985 3431 2237 3487 Andreas
2292 3431 2461 3502 coepit
2502 3430 2901 3487 dicere:Cum
2960 3434 3134 3489 bonus
3184 3446 3240 3490 et
3292 3439 3444 3492 solus

1867 3523 2007 3578 Deus
2045 3531 2100 3576 et
2125 3521 2355 3578 Creator
2407 3522 2652 3577 omnium
2696 3522 2973 3584 hominem
3014 3527 3257 3583 auxisset
3305 3528 3446 3582 ima-

1863 3616 1992 3686 gine
2047 3629 2187 3679 sua,
2230 3614 2498 3685 plantavit
2545 3614 2858 3684 paradisum
2907 3617 2974 3672 ad
3028 3617 3339 3687 Orientem;
3390 3630 3443 3674 et

1867 3703 1941 3759 ibi
1967 3703 2152 3774 posuit
2179 3704 2480 3768 hominem,
2509 3704 2645 3760 dans
2680 3707 2728 3759 ei
2759 3715 3090 3777 praceptum
3119 3709 3444 3764 immortali-

1866 3797 2017 3850 tatis.
2061 3795 2369 3873 Perversus
2393 3797 2559 3859 igitur
2600 3797 2886 3866 diabolus,
2931 3801 3136 3855 invidia
3180 3790 3441 3872 flagrans,

1830 3931 1833 3935 .
1867 3889 1998 3943 fecit
2021 3903 2117 3958 per
2146 3889 2463 3958 superbiam
2493 3898 2551 3945 et
2588 3893 2962 3963 arrogantiam
2996 3901 3054 3947 ut
3098 3909 3207 3948 non
3231 3904 3443 3965 pareret

1867 3981 2032 4036 homo
2079 3980 2190 4036 Deo
2228 3981 2503 4037 Creatori.
2555 3983 2702 4038 Dixit
2747 3985 2893 4041 enim
2933 3986 3065 4056 quia
3097 3984 3270 4060 Eritis
3301 3989 3437 4040 sicut

1865 4074 1943 4127 dii
1973 4073 2030 4139 ⁸;
2062 4074 2207 4128 unde
2240 4089 2546 4130 conversus
2587 4085 2672 4131 est
2714 4077 2770 4130 in
2811 4076 3222 4146 corruptionem
3254 4092 3322 4131 ex
3363 4079 3444 4130 in-

1867 4166 2244 4235 corruptione.
2297 4166 2365 4220 Et
2407 4168 2596 4238 genuit
2645 4167 2814 4222 filium
2856 4168 3243 4225 inobedientize
3280 4171 3441 4234 Cain,

1866 4258 1962 4328 qui
2003 4259 2296 4328 imaginem
2344 4260 2629 4330 expressit
2649 4258 2875 4316 diaboli.
2920 4259 3124 4318 Factus
3171 4272 3261 4319 est
3294 4265 3440 4318 enim

1870 4350 2003 4404 Cain
2034 4350 2285 4404 inventor
2310 4351 2553 4404 omnium
2597 4351 2890 4406 malorum.
2931 4353 2994 4407 Et
3030 4362 3320 4423 postquam
3353 4355 3442 4410 in-

1872 4440 2086 4495 terfecit
2123 4441 2347 4495 fratrem
2377 4455 2538 4495 suum
2581 4441 2675 4510 qui
2701 4442 2888 4512 justus
2939 4451 3057 4498 erat
3099 4454 3156 4498 et
3188 4454 3442 4507 sanctus.

189 4536 324 4590 ὄντα
347 4535 444 4589 καὶ
477 4534 652 4601 ἅγιον,
681 4532 873 4588 ἐλαϐεν
905 4533 1044 4588 ἑπτὰ
1094 4531 1412 4595 καταδίκας,
1452 4529 1640 4599 ἐπειδὴ
1669 4528 1764 4582 καὶ

1870 4540 2075 4601 septem
2105 4545 2292 4600 poenas
2313 4531 2482 4595 dedit,
2505 4532 2763 4601 quoniam
2794 4543 2851 4588 et
2883 4534 3021 4586 mala
3052 4545 3260 4603 seplem
3293 4535 3441 4590 fece-

191 4624 334 4678 ἑπτὰ
365 4623 517 4677 κακά
548 4622 864 4694 εἰργάσατο.
894 4622 1024 4675 Ὅτε
1055 4623 1161 4692 γὰρ
1187 4622 1288 4684 τὰς
1320 4620 1569 4690 ἀπαρχὰς
1600 4635 1766 4688 προς»

192 4714 288 4781 έφε
299 4731 359 4782 ρε
381 4713 459 4782 τῷ
489 4714 609 4780 Θεῷ
629 4713 739 4764 τῶν
761 4713 1013 4783 καρπῶν,
1043 4711 1207 4774 αὐτὸς
1240 4710 1308 4763 τὰ
1330 4709 1590 4763 κάλλιστα
1608 4707 1762 4777 πρῶ-

192 4822 284 4868 τος
313 4805 523 4876 ἢσθιεν,
552 4806 646 4856 καὶ
667 4803 840 4866 οὕτως
867 4802 944 4872 τῷ
971 4801 1091 4871 Θεῷ
1128 4801 1469 4871 προσέφερεν
1491 4816 1505 4828 ·
1531 4799 1640 4852 ἰδοὺ
1659 4796 1768 4869 γὰρ

195 4897 416 4965 πρῶτον
445 4896 632 4948 κακόν.
657 4895 922 4964 Δεύτερον
942 4893 1028 4958 δὲ,
1061 4891 1275 4960 φθόνον⁶
1303 4891 1516 4958 ἐφθόνει
1548 4891 1655 4961 γὰρ
1676 4888 1768 4941 τὸν

193 4985 425 5052 ἀδελφόν
448 5002 462 5015 ⁸
501 4984 706 5055 τρίτον,
731 4983 904 5048 δόλον,
934 4984 1018 5039 ὅτι
1042 4982 1135 5036 καὶ
1172 4981 1250 5050 τῷ
1271 4979 1390 5049 Θεῷ
1421 4981 1513 5035 καὶ
1539 4981 1648 5041 τοῖς
1675 4995 1770 5047 γο-

193 5075 380 5131 νεῦσιν
416 5077 792 5131 ὲδολιεύσατο·
842 5077 1124 5146 τέταρτον,
1165 5077 1324 5146 μῖσος
1350 5089 1364 5105 ⁶
1429 5073 1603 5144 μισῶν
1657 5073 1767 5140 γὰρ

195 5170 451 5239 ὲμελέτα,
486 5171 605 5234 πῶς
633 5169 797 5222 αὑτὸν
819 5169 1128 5222 ἀποκτενεῖ⁶
1163 5167 1433 5238 πέμπτον,
1455 5165 1557 5235 τὴν
1591 5180 1770 5235 παρα-

197 5260 328 5329 κοὴν
350 5261 447 5313 τοῦ
471 5261 606 5314 Θεοῦ
642 5262 737 5314 καὶ
777 5261 884 5314 τῶν
940 5261 1144 5328 γονέων
1171 5274 1186 5289 ⁸
1233 5257 1403 5311 πολλὰ
1456 5257 1566 5326 γὰρ
1615 5254 1767 5323 αῦτῷ

199 5350 440 5416 ιλάλουν,
479 5351 553 5420 μὴ
584 5353 755 5405 ποιεῖν
778 5352 929 5406 δόλον
955 5351 1033 5421 τῷ
1056 5349 1174 5420 Θεῷ
1200 5364 1214 5379 ’
1250 5351 1432 5416 ἕκτον,
1473 5349 1572 5418 τὴν
1625 5347 1763 5401 πλά-

271 5530 457 5585 ‘Gen.
507 5545 591 5593 ιιι,
645 5527 699 5582 5.
774 5526 954 5580 'Gen.
1015 5541 1089 5590 IV,
1146 5522 1201 5578 8.

1866 4626 1972 4674 rat.
2004 4620 2142 4674 Cum
2172 4621 2315 4675 enim
2339 4621 2615 4690 primitias
2639 4620 2856 4691 frugum
2890 4621 2999 4676 Deo
3035 4623 3255 4688 obtulit,
3288 4629 3434 4695 opti-

1864 4726 1952 4764 ma
1979 4711 2093 4780 ipse
2124 4711 2336 4781 primus
2389 4710 2647 4775 comedit,
2682 4721 2737 4768 et
2775 4725 2905 4767 ecce
2928 4713 3165 4782 primum
3197 4715 3438 4782 malum;

1864 4802 2174 4858 secundum
2212 4801 2446 4866 invidia,
2508 4802 2790 4858 invidebat
2823 4803 2968 4858 enim
2997 4803 3184 4872 fratri;
3220 4808 3441 4860 tertium

1867 4895 2052 4965 dolus,
2108 4889 2292 4952 Deum
2331 4897 2475 4951 enim
2518 4895 2712 4952 fefellit
2754 4904 2810 4952 et
2856 4905 3148 4969 parentes;
3183 4907 3440 4968 quartum

1871 4987 2084 5054 odium,
2132 4988 2439 5044 abhorrens
2471 4987 2615 5042 enim
2661 4988 2937 5059 cogitabat
2980 4988 3254 5058 quomodo
3289 4988 3437 5042 illum

1871 5079 2245 5146 interficeret;
2294 5079 2548 5149 quintum
2595 5078 2966 5134 inobedientia
3007 5093 3136 5149 erga
3177 5077 3346 5133 Deum
3385 5089 3441 5133 et

1871 5175 2154 5236 parentes,
2209 5167 2382 5223 multa
2412 5171 2558 5224 enim
2594 5168 2670 5222 illi
2706 5167 2962 5223 dicebant
3001 5175 3059 5223 ut
3088 5183 3159 5223 ne
3189 5167 3438 5222 fraudem

1869 5258 2076 5314 faceret
2128 5273 2261 5329 erga
2313 5262 2518 5330 Deum;
2566 5269 2779 5316 sextum
2845 5261 3142 5326 simulatio,
3227 5257 3441 5329 decepit

1868 5349 2014 5404 enim
2051 5347 2274 5406 fratrem
2309 5369 2470 5409 suum
2501 5353 2717 5421 dicens,
2784 5351 3047 5408 Exeamus
3085 5352 3141 5406 in
3186 5365 3370 5420 campo
3391 5353 3431 5413 ',

1531 5610 1730 5674 Variae
1764 5608 2093 5672 lectiones.

272 5726 384 5799 (τί)
427 5721 784 5799 ζωμῶνγει.
975 5790 1010 5799 ,,

275 5785 387 5866 (28')
419 5785 783 5867 Sic‘explico,
809 5806 930 5864 qua:
975 5790 1093 5846 Vat.
1129 5789 1336 5859 praebet
1368 5806 1383 5846 :
1417 5787 1510 5842 ml
1562 5785 1662 5840 οὐκ
1708 5799 1776 5844 ην

670 5893 939 5953 ΡΑτιιόι.
972 5887 1088 5950 Gn.
1118 5885 1310 5949 CXX.

1879 5711 2317 5856 ὠῖξδξτεξίθζῷ
2345 5784 2660 5857 προσελθεῖν
2689 5784 2837 5857 αὐτῷ
2865 5785 2986 5844 Vat.

2932 5879 2967 5940 8
