  <div class='ocr_page' id='page_1' title='image "/cluster/home/n/w/nwhite01/storage/ocr_20150623/120/pst.000005714353/125.png"; bbox 0 0 4164 6342; ppageno 0'>
   <div class='ocr_carea' id='block_1_1' title="bbox 727 382 836 447">
    <p class='ocr_par' dir='ltr' id='par_1_1' title="bbox 727 382 836 447">
     <span class='ocr_line' id='line_1_1' title="bbox 727 382 836 447; baseline 0 0"><span class='ocrx_word' id='word_1_1' title='bbox 727 382 836 447; x_wconf 71' lang='grc'><strong>⁸235</strong></span> 
     </span>
    </p>
   </div>
   <div class='ocr_carea' id='block_1_2' title="bbox 1953 382 2740 447">
    <p class='ocr_par' dir='ltr' id='par_1_2' title="bbox 1953 382 2740 447">
     <span class='ocr_line' id='line_1_2' title="bbox 1953 382 2740 447; baseline -0.004 -2"><span class='ocrx_word' id='word_1_2' title='bbox 1953 384 2357 447; x_wconf 83' lang='grc' dir='ltr'><strong>ΕΡΙΡΗΑΝΙΙ</strong></span> <span class='ocrx_word' id='word_1_3' title='bbox 2394 382 2740 444; x_wconf 79' lang='lat' dir='ltr'><strong>MONACHI</strong></span> 
     </span>
    </p>
   </div>
   <div class='ocr_carea' id='block_1_3' title="bbox 3870 382 3986 446">
    <p class='ocr_par' dir='ltr' id='par_1_3' title="bbox 3870 382 3986 446">
     <span class='ocr_line' id='line_1_3' title="bbox 3870 382 3986 446; baseline 0 0"><span class='ocrx_word' id='word_1_4' title='bbox 3870 382 3986 446; x_wconf 74' lang='lat'><strong>236</strong></span> 
     </span>
    </p>
   </div>
   <div class='ocr_carea' id='block_1_4' title="bbox 732 494 2307 576">
    <p class='ocr_par' dir='ltr' id='par_1_4' title="bbox 732 494 2306 569">
     <span class='ocr_line' id='line_1_4' title="bbox 732 494 2306 569; baseline 0.002 -19"><span class='ocrx_word' id='word_1_5' title='bbox 732 497 893 567; x_wconf 82' lang='lat' dir='ltr'><strong>quasi</strong></span> <span class='ocrx_word' id='word_1_6' title='bbox 935 504 993 550; x_wconf 91' lang='lat' dir='ltr'><strong>ut</strong></span> <span class='ocrx_word' id='word_1_7' title='bbox 1044 495 1096 548; x_wconf 92' lang='lat' dir='ltr'><strong>in</strong></span> <span class='ocrx_word' id='word_1_8' title='bbox 1149 494 1316 550; x_wconf 88' lang='lat' dir='ltr'><strong>altum</strong></span> <span class='ocrx_word' id='word_1_9' title='bbox 1373 496 1693 564; x_wconf 88' lang='lat' dir='ltr'><strong>tolleretur;</strong></span> <span class='ocrx_word' id='word_1_10' title='bbox 1736 499 2028 569; x_wconf 74' lang='lat' dir='ltr'><strong>septimum</strong></span> <span class='ocrx_word' id='word_1_11' title='bbox 2087 499 2306 553; x_wconf 88' lang='lat' dir='ltr'><strong>menda-</strong></span> 
     </span>
    </p>
   </div>
   <div class='ocr_carea' id='block_1_5' title="bbox 2410 494 3962 576">
    <p class='ocr_par' dir='ltr' id='par_1_5' title="bbox 2410 494 3962 576">
     <span class='ocr_line' id='line_1_5' title="bbox 2410 494 3962 576; baseline -0.001 -25"><span class='ocrx_word' id='word_1_12' title='bbox 2410 517 2505 568; x_wconf 89' lang='grc' dir='ltr'><strong>νην</strong></span> <span class='ocrx_word' id='word_1_13' title='bbox 2530 515 2542 528; x_wconf 74' lang='grc' dir='ltr'><strong>ο</strong></span> <span class='ocrx_word' id='word_1_14' title='bbox 2575 497 2851 576; x_wconf 61' lang='grc' dir='ltr'>ᾆπλάνησε</span> <span class='ocrx_word' id='word_1_15' title='bbox 2880 498 2986 566; x_wconf 64' lang='grc' dir='ltr'>γὰρ</span> <span class='ocrx_word' id='word_1_16' title='bbox 3015 499 3103 550; x_wconf 78' lang='grc' dir='ltr'>τὸν</span> <span class='ocrx_word' id='word_1_17' title='bbox 3135 498 3265 551; x_wconf 86' lang='grc' dir='ltr'>ίδιον</span> <span class='ocrx_word' id='word_1_18' title='bbox 3288 497 3514 566; x_wconf 79' lang='grc' dir='ltr'>ἀδελφὸν</span> <span class='ocrx_word' id='word_1_19' title='bbox 3548 494 3752 565; x_wconf 58' lang='grc' dir='ltr'>εἰπών’</span> <span class='ocrx_word' id='word_1_20' title='bbox 3809 495 3962 549; x_wconf 63' lang='grc' dir='ltr'>Διέαῐ</span> 
     </span>
    </p>
   </div>
   <div class='ocr_carea' id='block_1_6' title="bbox 732 587 2299 654">
    <p class='ocr_par' dir='ltr' id='par_1_6' title="bbox 732 587 2299 654">
     <span class='ocr_line' id='line_1_6' title="bbox 732 587 2299 654; baseline 0 -14"><span class='ocrx_word' id='word_1_21' title='bbox 732 587 908 651; x_wconf 84' lang='lat' dir='ltr'><strong>cium,</strong></span> <span class='ocrx_word' id='word_1_22' title='bbox 959 594 1246 654; x_wconf 73' lang='lat' dir='ltr'><strong>postquam</strong></span> <span class='ocrx_word' id='word_1_23' title='bbox 1292 587 1437 641; x_wconf 90' lang='lat' dir='ltr'><strong>enim</strong></span> <span class='ocrx_word' id='word_1_24' title='bbox 1491 587 1786 654; x_wconf 73' lang='lat' dir='ltr'><strong>interfecit,</strong></span> <span class='ocrx_word' id='word_1_25' title='bbox 1822 589 1960 644; x_wconf 90' lang='lat' dir='ltr'><strong>dixit</strong></span> <span class='ocrx_word' id='word_1_26' title='bbox 2009 593 2059 645; x_wconf 89' lang='lat' dir='ltr'><strong>ei</strong></span> <span class='ocrx_word' id='word_1_27' title='bbox 2108 589 2299 644; x_wconf 89' lang='lat' dir='ltr'><strong>Deus:</strong></span> 
     </span>
    </p>
   </div>
   <div class='ocr_carea' id='block_1_7' title="bbox 736 673 2304 747">
    <p class='ocr_par' dir='ltr' id='par_1_7' title="bbox 736 673 2304 747">
     <span class='ocr_line' id='line_1_7' title="bbox 736 673 2304 747; baseline 0.003 -21"><span class='ocrx_word' id='word_1_28' title='bbox 736 673 834 727; x_wconf 80' lang='lat' dir='ltr'><strong>Ubi</strong></span> <span class='ocrx_word' id='word_1_29' title='bbox 871 681 948 728; x_wconf 74' lang='lat' dir='ltr'><strong>est</strong></span> <span class='ocrx_word' id='word_1_30' title='bbox 988 673 1118 728; x_wconf 80' lang='lat' dir='ltr'><strong>Abel</strong></span> <span class='ocrx_word' id='word_1_31' title='bbox 1165 674 1332 742; x_wconf 73' lang='lat' dir='ltr'><strong>frater</strong></span> <span class='ocrx_word' id='word_1_32' title='bbox 1372 679 1539 731; x_wconf 78' lang='lat' dir='ltr'><strong>tum?</strong></span> <span class='ocrx_word' id='word_1_33' title='bbox 1583 691 1689 732; x_wconf 92' lang='lat' dir='ltr'><strong>non</strong></span> <span class='ocrx_word' id='word_1_34' title='bbox 1722 679 2003 747; x_wconf 80' lang='lat' dir='ltr'><strong>ignorans,</strong></span> <span class='ocrx_word' id='word_1_35' title='bbox 2033 679 2304 743; x_wconf 72' lang='lat' dir='ltr'><strong>seddans</strong></span> 
     </span>
    </p>
   </div>
   <div class='ocr_carea' id='block_1_8' title="bbox 729 766 2306 838">
    <p class='ocr_par' dir='ltr' id='par_1_8' title="bbox 729 766 2306 838">
     <span class='ocr_line' id='line_1_8' title="bbox 729 766 2306 838; baseline 0.004 -22"><span class='ocrx_word' id='word_1_36' title='bbox 729 766 777 818; x_wconf 80' lang='lat' dir='ltr'><strong>ei</strong></span> <span class='ocrx_word' id='word_1_37' title='bbox 815 766 992 819; x_wconf 85' lang='lat' dir='ltr'><strong>locum</strong></span> <span class='ocrx_word' id='word_1_38' title='bbox 1021 766 1389 834; x_wconf 69' lang='lat' dir='ltr'><strong>paenitentiae;</strong></span> <span class='ocrx_word' id='word_1_39' title='bbox 1421 777 1475 820; x_wconf 91' lang='lat' dir='ltr'><strong>at</strong></span> <span class='ocrx_word' id='word_1_40' title='bbox 1515 767 1606 827; x_wconf 85' lang='lat' dir='ltr'><strong>ille</strong></span> <span class='ocrx_word' id='word_1_41' title='bbox 1637 785 1748 838; x_wconf 85' lang='lat' dir='ltr'><strong>non</strong></span> <span class='ocrx_word' id='word_1_42' title='bbox 1781 771 1974 825; x_wconf 80' lang='lat' dir='ltr'><strong>solum</strong></span> <span class='ocrx_word' id='word_1_43' title='bbox 2018 786 2126 826; x_wconf 86' lang='lat' dir='ltr'><strong>non</strong></span> <span class='ocrx_word' id='word_1_44' title='bbox 2175 785 2306 824; x_wconf 84' lang='lat' dir='ltr'><strong>cur-</strong></span> 
     </span>
    </p>
   </div>
   <div class='ocr_carea' id='block_1_9' title="bbox 728 853 2300 924">
    <p class='ocr_par' dir='ltr' id='par_1_9' title="bbox 728 853 2300 924">
     <span class='ocr_line' id='line_1_9' title="bbox 728 853 2300 924; baseline 0.003 -19"><span class='ocrx_word' id='word_1_45' title='bbox 728 862 891 909; x_wconf 86' lang='lat' dir='ltr'><strong>vatus</strong></span> <span class='ocrx_word' id='word_1_46' title='bbox 918 864 1026 919; x_wconf 88' lang='lat' dir='ltr'><strong>est,</strong></span> <span class='ocrx_word' id='word_1_47' title='bbox 1051 853 1246 909; x_wconf 87' lang='lat' dir='ltr'><strong>dolens</strong></span> <span class='ocrx_word' id='word_1_48' title='bbox 1277 857 1343 910; x_wconf 89' lang='lat' dir='ltr'><strong>de</strong></span> <span class='ocrx_word' id='word_1_49' title='bbox 1373 856 1676 912; x_wconf 76' lang='lat' dir='ltr'><strong>solitudine</strong></span> <span class='ocrx_word' id='word_1_50' title='bbox 1732 867 1788 912; x_wconf 90' lang='lat' dir='ltr'><strong>et</strong></span> <span class='ocrx_word' id='word_1_51' title='bbox 1813 860 2062 915; x_wconf 83' lang='lat' dir='ltr'><strong>discessu</strong></span> <span class='ocrx_word' id='word_1_52' title='bbox 2092 858 2300 924; x_wconf 77' lang='lat' dir='ltr'><strong>fratris,</strong></span> 
     </span>
    </p>
   </div>
   <div class='ocr_carea' id='block_1_10' title="bbox 733 944 2303 1014">
    <p class='ocr_par' dir='ltr' id='par_1_10' title="bbox 733 944 2303 1014">
     <span class='ocr_line' id='line_1_10' title="bbox 733 944 2303 1014; baseline 0.005 -18"><span class='ocrx_word' id='word_1_53' title='bbox 733 944 826 996; x_wconf 89' lang='lat' dir='ltr'><strong>sed</strong></span> <span class='ocrx_word' id='word_1_54' title='bbox 865 952 920 998; x_wconf 89' lang='lat' dir='ltr'><strong>et</strong></span> <span class='ocrx_word' id='word_1_55' title='bbox 965 944 1311 1013; x_wconf 87' lang='lat' dir='ltr'><strong>impudenter</strong></span> <span class='ocrx_word' id='word_1_56' title='bbox 1352 947 1614 1002; x_wconf 88' lang='lat' dir='ltr'><strong>mentitus</strong></span> <span class='ocrx_word' id='word_1_57' title='bbox 1669 959 1754 1004; x_wconf 84' lang='lat' dir='ltr'><strong>est</strong></span> <span class='ocrx_word' id='word_1_58' title='bbox 1791 951 2023 1006; x_wconf 86' lang='lat' dir='ltr'><strong>dicens:</strong></span> <span class='ocrx_word' id='word_1_59' title='bbox 2075 949 2303 1014; x_wconf 76' lang='lat' dir='ltr'><strong>Nescio;</strong></span> 
     </span>
    </p>
   </div>
   <div class='ocr_carea' id='block_1_11' title="bbox 731 1035 2305 1111">
    <p class='ocr_par' dir='ltr' id='par_1_11' title="bbox 731 1035 2305 1111">
     <span class='ocr_line' id='line_1_11' title="bbox 731 1035 2305 1111; baseline 0.006 -24"><span class='ocrx_word' id='word_1_60' title='bbox 731 1035 984 1104; x_wconf 82' lang='lat' dir='ltr'><strong>numquid</strong></span> <span class='ocrx_word' id='word_1_61' title='bbox 1010 1044 1187 1090; x_wconf 73' lang='lat' dir='ltr'><strong>custos</strong></span> <span class='ocrx_word' id='word_1_62' title='bbox 1217 1037 1372 1107; x_wconf 67' lang='lat' dir='ltr'><strong>fatri:</strong></span> <span class='ocrx_word' id='word_1_63' title='bbox 1417 1039 1518 1091; x_wconf 84' lang='lat' dir='ltr'><strong>mei</strong></span> <span class='ocrx_word' id='word_1_64' title='bbox 1571 1056 1687 1093; x_wconf 81' lang='lat' dir='ltr'><strong>sum</strong></span> <span class='ocrx_word' id='word_1_65' title='bbox 1720 1057 1812 1111; x_wconf 84' lang='lat' dir='ltr'><strong>ego</strong></span> <span class='ocrx_word' id='word_1_66' title='bbox 1849 1041 1911 1095; x_wconf 73' lang='grc' dir='ltr'><strong>οἳ</strong></span> <span class='ocrx_word' id='word_1_67' title='bbox 1961 1045 2037 1097; x_wconf 88' lang='lat' dir='ltr'><strong>sic</strong></span> <span class='ocrx_word' id='word_1_68' title='bbox 2069 1042 2305 1096; x_wconf 81' lang='lat' dir='ltr'><strong>irridens</strong></span> 
     </span>
    </p>
   </div>
   <div class='ocr_carea' id='block_1_12' title="bbox 734 1124 2305 1201">
    <p class='ocr_par' dir='ltr' id='par_1_12' title="bbox 734 1124 2305 1201">
     <span class='ocr_line' id='line_1_12' title="bbox 734 1124 2305 1201; baseline 0.007 -27"><span class='ocrx_word' id='word_1_69' title='bbox 734 1124 924 1179; x_wconf 90' lang='lat' dir='ltr'><strong>Deum.</strong></span> <span class='ocrx_word' id='word_1_70' title='bbox 972 1124 1079 1180; x_wconf 86' lang='lat' dir='ltr'><strong>Sed</strong></span> <span class='ocrx_word' id='word_1_71' title='bbox 1113 1127 1298 1194; x_wconf 84' lang='lat' dir='ltr'><strong>justus</strong></span> <span class='ocrx_word' id='word_1_72' title='bbox 1347 1127 1490 1201; x_wconf 68' lang='lat' dir='ltr'><strong>Deus</strong></span> <span class='ocrx_word' id='word_1_73' title='bbox 1538 1139 1744 1195; x_wconf 90' lang='lat' dir='ltr'><strong>septem</strong></span> <span class='ocrx_word' id='word_1_74' title='bbox 1800 1133 2062 1186; x_wconf 87' lang='lat' dir='ltr'><strong>malorum</strong></span> <span class='ocrx_word' id='word_1_75' title='bbox 2097 1140 2305 1201; x_wconf 82' lang='lat' dir='ltr'><strong>septem</strong></span> 
     </span>
    </p>
   </div>
   <div class='ocr_carea' id='block_1_13' title="bbox 737 1217 2304 1292">
    <p class='ocr_par' dir='ltr' id='par_1_13' title="bbox 737 1217 2304 1292">
     <span class='ocr_line' id='line_1_13' title="bbox 737 1217 2304 1292; baseline 0.004 -23"><span class='ocrx_word' id='word_1_76' title='bbox 737 1230 926 1283; x_wconf 76' lang='lat' dir='ltr'><strong>pmnas</strong></span> <span class='ocrx_word' id='word_1_77' title='bbox 961 1217 1218 1287; x_wconf 83' lang='lat' dir='ltr'><strong>sumpsit.</strong></span> <span class='ocrx_word' id='word_1_78' title='bbox 1250 1218 1314 1272; x_wconf 84' lang='lat' dir='ltr'><strong>Et</strong></span> <span class='ocrx_word' id='word_1_79' title='bbox 1340 1219 1514 1288; x_wconf 89' lang='lat' dir='ltr'><strong>prima</strong></span> <span class='ocrx_word' id='word_1_80' title='bbox 1549 1222 1793 1292; x_wconf 83' lang='lat' dir='ltr'><strong>quidem,</strong></span> <span class='ocrx_word' id='word_1_81' title='bbox 1818 1224 2074 1277; x_wconf 79' lang='lat' dir='ltr'><strong>alienatio</strong></span> <span class='ocrx_word' id='word_1_82' title='bbox 2106 1239 2135 1276; x_wconf 82' lang='lat' dir='ltr'><strong>a</strong></span> <span class='ocrx_word' id='word_1_83' title='bbox 2166 1223 2304 1288; x_wconf 76' lang='lat' dir='ltr'><strong>Deo;</strong></span> 
     </span>
    </p>
   </div>
   <div class='ocr_carea' id='block_1_14' title="bbox 730 1307 2308 1376">
    <p class='ocr_par' dir='ltr' id='par_1_14' title="bbox 730 1307 2308 1376">
     <span class='ocr_line' id='line_1_14' title="bbox 730 1307 2308 1376; baseline 0.004 -16"><span class='ocrx_word' id='word_1_84' title='bbox 730 1308 863 1360; x_wconf 77' lang='lat' dir='ltr'><strong>exiit</strong></span> <span class='ocrx_word' id='word_1_85' title='bbox 889 1309 1038 1361; x_wconf 87' lang='lat' dir='ltr'><strong>enim</strong></span> <span class='ocrx_word' id='word_1_86' title='bbox 1073 1307 1206 1362; x_wconf 87' lang='lat' dir='ltr'><strong>Cain</strong></span> <span class='ocrx_word' id='word_1_87' title='bbox 1244 1323 1272 1362; x_wconf 85' lang='lat' dir='ltr'><strong>a</strong></span> <span class='ocrx_word' id='word_1_88' title='bbox 1307 1311 1447 1365; x_wconf 86' lang='lat' dir='ltr'><strong>facie</strong></span> <span class='ocrx_word' id='word_1_89' title='bbox 1480 1310 1605 1376; x_wconf 87' lang='lat' dir='ltr'><strong>Dei;</strong></span> <span class='ocrx_word' id='word_1_90' title='bbox 1667 1317 1904 1368; x_wconf 78' lang='lat' dir='ltr'><strong>secunda</strong></span> <span class='ocrx_word' id='word_1_91' title='bbox 1950 1323 2150 1376; x_wconf 87' lang='lat' dir='ltr'><strong>autem,</strong></span> <span class='ocrx_word' id='word_1_92' title='bbox 2195 1329 2308 1367; x_wconf 92' lang='lat' dir='ltr'><strong>ma-</strong></span> 
     </span>
    </p>
   </div>
   <div class='ocr_carea' id='block_1_15' title="bbox 729 1396 2303 1474">
    <p class='ocr_par' dir='ltr' id='par_1_15' title="bbox 729 1396 2303 1474">
     <span class='ocr_line' id='line_1_15' title="bbox 729 1396 2303 1474; baseline 0.01 -32"><span class='ocrx_word' id='word_1_93' title='bbox 729 1396 989 1450; x_wconf 82' lang='lat' dir='ltr'><strong>ledictam</strong></span> <span class='ocrx_word' id='word_1_94' title='bbox 1039 1407 1242 1453; x_wconf 88' lang='lat' dir='ltr'><strong>terram</strong></span> <span class='ocrx_word' id='word_1_95' title='bbox 1290 1402 1559 1464; x_wconf 81' lang='lat' dir='ltr'><strong>incolens,</strong></span> <span class='ocrx_word' id='word_1_96' title='bbox 1624 1413 1680 1457; x_wconf 93' lang='lat' dir='ltr'><strong>ut</strong></span> <span class='ocrx_word' id='word_1_97' title='bbox 1727 1405 1821 1473; x_wconf 84' lang='lat' dir='ltr'><strong>qui</strong></span> <span class='ocrx_word' id='word_1_98' title='bbox 1874 1420 1994 1457; x_wconf 92' lang='lat' dir='ltr'><strong>eam</strong></span> <span class='ocrx_word' id='word_1_99' title='bbox 2032 1405 2303 1474; x_wconf 74' lang='lat' dir='ltr'><strong>sanguine</strong></span> 
     </span>
    </p>
   </div>
   <div class='ocr_carea' id='block_1_16' title="bbox 730 1484 2306 1558">
    <p class='ocr_par' dir='ltr' id='par_1_16' title="bbox 730 1484 2306 1558">
     <span class='ocr_line' id='line_1_16' title="bbox 730 1484 2306 1558; baseline 0.003 -21"><span class='ocrx_word' id='word_1_100' title='bbox 730 1484 921 1539; x_wconf 77' lang='lat' dir='ltr'><strong>fratris</strong></span> <span class='ocrx_word' id='word_1_101' title='bbox 953 1485 1263 1554; x_wconf 74' lang='lat' dir='ltr'><strong>polluerat;</strong></span> <span class='ocrx_word' id='word_1_102' title='bbox 1331 1490 1492 1544; x_wconf 88' lang='lat' dir='ltr'><strong>tertia</strong></span> <span class='ocrx_word' id='word_1_103' title='bbox 1564 1490 1899 1558; x_wconf 80' lang='lat' dir='ltr'><strong>irrcquictus</strong></span> <span class='ocrx_word' id='word_1_104' title='bbox 1933 1491 2104 1554; x_wconf 81' lang='lat' dir='ltr'><strong>labor,</strong></span> <span class='ocrx_word' id='word_1_105' title='bbox 2145 1498 2306 1544; x_wconf 76' lang='lat' dir='ltr'><strong>nocte</strong></span> 
     </span>
    </p>
   </div>
   <div class='ocr_carea' id='block_1_17' title="bbox 727 1578 2306 1653">
    <p class='ocr_par' dir='ltr' id='par_1_17' title="bbox 727 1578 2306 1653">
     <span class='ocr_line' id='line_1_17' title="bbox 727 1578 2306 1653; baseline 0.002 -22"><span class='ocrx_word' id='word_1_106' title='bbox 727 1578 873 1631; x_wconf 88' lang='lat' dir='ltr'><strong>enim</strong></span> <span class='ocrx_word' id='word_1_107' title='bbox 905 1584 957 1631; x_wconf 93' lang='lat' dir='ltr'><strong>et</strong></span> <span class='ocrx_word' id='word_1_108' title='bbox 987 1578 1073 1632; x_wconf 88' lang='lat' dir='ltr'><strong>die</strong></span> <span class='ocrx_word' id='word_1_109' title='bbox 1107 1581 1351 1649; x_wconf 86' lang='lat' dir='ltr'><strong>requiem</strong></span> <span class='ocrx_word' id='word_1_110' title='bbox 1391 1595 1496 1635; x_wconf 89' lang='lat' dir='ltr'><strong>non</strong></span> <span class='ocrx_word' id='word_1_111' title='bbox 1531 1581 1754 1646; x_wconf 84' lang='lat' dir='ltr'><strong>habuit;</strong></span> <span class='ocrx_word' id='word_1_112' title='bbox 1795 1589 2013 1653; x_wconf 81' lang='lat' dir='ltr'><strong>quarta,</strong></span> <span class='ocrx_word' id='word_1_113' title='bbox 2037 1580 2306 1634; x_wconf 80' lang='lat' dir='ltr'><strong>sterilitas</strong></span> 
     </span>
    </p>
   </div>
   <div class='ocr_carea' id='block_1_18' title="bbox 730 1669 2307 1734">
    <p class='ocr_par' dir='ltr' id='par_1_18' title="bbox 730 1669 2307 1734">
     <span class='ocr_line' id='line_1_18' title="bbox 730 1669 2307 1734; baseline 0.001 -14"><span class='ocrx_word' id='word_1_114' title='bbox 730 1676 886 1721; x_wconf 81' lang='lat' dir='ltr'><strong>teme</strong></span> <span class='ocrx_word' id='word_1_115' title='bbox 918 1687 929 1722; x_wconf 90' lang='lat'><strong>:</strong></span> <span class='ocrx_word' id='word_1_116' title='bbox 964 1669 1280 1731; x_wconf 88' lang='lat' dir='ltr'><strong>Tellurem,</strong></span> <span class='ocrx_word' id='word_1_117' title='bbox 1331 1672 1445 1734; x_wconf 89' lang='lat' dir='ltr'><strong>ait,</strong></span> <span class='ocrx_word' id='word_1_118' title='bbox 1495 1673 1815 1734; x_wconf 81' lang='lat' dir='ltr'><strong>exercebis,</strong></span> <span class='ocrx_word' id='word_1_119' title='bbox 1881 1685 1979 1724; x_wconf 92' lang='lat' dir='ltr'><strong>nec</strong></span> <span class='ocrx_word' id='word_1_120' title='bbox 2034 1669 2195 1723; x_wconf 88' lang='lat' dir='ltr'><strong>addet</strong></span> <span class='ocrx_word' id='word_1_121' title='bbox 2246 1678 2307 1722; x_wconf 89' lang='lat' dir='ltr'><strong>ut</strong></span> 
     </span>
    </p>
   </div>
   <div class='ocr_carea' id='block_1_19' title="bbox 730 1756 2306 1829">
    <p class='ocr_par' dir='ltr' id='par_1_19' title="bbox 730 1756 2306 1829">
     <span class='ocr_line' id='line_1_19' title="bbox 730 1756 2306 1829; baseline 0.001 -20"><span class='ocrx_word' id='word_1_122' title='bbox 730 1756 898 1810; x_wconf 89' lang='lat' dir='ltr'><strong>robur</strong></span> <span class='ocrx_word' id='word_1_123' title='bbox 936 1773 1095 1811; x_wconf 85' lang='lat' dir='ltr'><strong>suum</strong></span> <span class='ocrx_word' id='word_1_124' title='bbox 1142 1759 1405 1827; x_wconf 84' lang='lat' dir='ltr'><strong>largiatur</strong></span> <span class='ocrx_word' id='word_1_125' title='bbox 1449 1761 1575 1825; x_wconf 85' lang='lat' dir='ltr'><strong>tibi;</strong></span> <span class='ocrx_word' id='word_1_126' title='bbox 1619 1761 1807 1829; x_wconf 92' lang='lat' dir='ltr'><strong>quinta</strong></span> <span class='ocrx_word' id='word_1_127' title='bbox 1867 1769 1924 1812; x_wconf 90' lang='lat' dir='ltr'><strong>ut</strong></span> <span class='ocrx_word' id='word_1_128' title='bbox 1964 1761 2150 1812; x_wconf 88' lang='lat' dir='ltr'><strong>ederet</strong></span> <span class='ocrx_word' id='word_1_129' title='bbox 2189 1758 2306 1812; x_wconf 85' lang='lat' dir='ltr'><strong>sin-</strong></span> 
     </span>
    </p>
   </div>
   <div class='ocr_carea' id='block_1_20' title="bbox 729 1844 2383 1919">
    <p class='ocr_par' dir='ltr' id='par_1_20' title="bbox 729 1844 2383 1919">
     <span class='ocr_line' id='line_1_20' title="bbox 729 1844 2383 1919; baseline 0.001 -16"><span class='ocrx_word' id='word_1_130' title='bbox 729 1850 934 1918; x_wconf 83' lang='lat' dir='ltr'><strong>gultus,</strong></span> <span class='ocrx_word' id='word_1_131' title='bbox 979 1860 1031 1905; x_wconf 88' lang='lat' dir='ltr'><strong>et</strong></span> <span class='ocrx_word' id='word_1_132' title='bbox 1065 1851 1266 1919; x_wconf 78' lang='lat' dir='ltr'><strong>angina</strong></span> <span class='ocrx_word' id='word_1_133' title='bbox 1308 1852 1586 1906; x_wconf 84' lang='lat' dir='ltr'><strong>laboraret</strong></span> <span class='ocrx_word' id='word_1_134' title='bbox 1617 1850 1997 1918; x_wconf 79' lang='lat' dir='ltr'><strong>indesi&#39;nente;</strong></span> <span class='ocrx_word' id='word_1_135' title='bbox 2032 1862 2208 1915; x_wconf 84' lang='lat' dir='ltr'><strong>sexta,</strong></span> <span class='ocrx_word' id='word_1_136' title='bbox 2249 1857 2307 1905; x_wconf 92' lang='lat' dir='ltr'><strong>ut</strong></span> <span class='ocrx_word' id='word_1_137' title='bbox 2341 1844 2383 1898; x_wconf 86' lang='grc' dir='ltr'><strong>Β</strong></span> 
     </span>
    </p>
   </div>
   <div class='ocr_carea' id='block_1_21' title="bbox 727 1939 2307 2010">
    <p class='ocr_par' dir='ltr' id='par_1_21' title="bbox 727 1939 2307 2010">
     <span class='ocr_line' id='line_1_21' title="bbox 727 1939 2307 2010; baseline 0 -18"><span class='ocrx_word' id='word_1_138' title='bbox 727 1940 1069 2010; x_wconf 87' lang='lat' dir='ltr'><strong>trepidaret:</strong></span> <span class='ocrx_word' id='word_1_139' title='bbox 1113 1940 1344 1995; x_wconf 87' lang='lat' dir='ltr'><strong>Gemens</strong></span> <span class='ocrx_word' id='word_1_140' title='bbox 1390 1947 1443 1995; x_wconf 92' lang='lat' dir='ltr'><strong>et</strong></span> <span class='ocrx_word' id='word_1_141' title='bbox 1491 1939 1814 1995; x_wconf 84' lang='lat' dir='ltr'><strong>tremiscens</strong></span> <span class='ocrx_word' id='word_1_142' title='bbox 1845 1940 1955 1995; x_wconf 90' lang='lat' dir='ltr'><strong>eris</strong></span> <span class='ocrx_word' id='word_1_143' title='bbox 1995 1954 2166 2009; x_wconf 83' lang='lat' dir='ltr'><strong>super</strong></span> <span class='ocrx_word' id='word_1_144' title='bbox 2198 1949 2307 1993; x_wconf 85' lang='lat' dir='ltr'><strong>ter-</strong></span> 
     </span>
    </p>
   </div>
   <div class='ocr_carea' id='block_1_22' title="bbox 729 2031 2310 2100">
    <p class='ocr_par' dir='ltr' id='par_1_22' title="bbox 729 2031 2310 2100">
     <span class='ocr_line' id='line_1_22' title="bbox 729 2031 2310 2100; baseline -0.001 -18"><span class='ocrx_word' id='word_1_145' title='bbox 729 2045 842 2083; x_wconf 85' lang='lat' dir='ltr'><strong>ram</strong></span> <span class='ocrx_word' id='word_1_146' title='bbox 871 2046 885 2095; x_wconf 88' lang='lat'><strong>;</strong></span> <span class='ocrx_word' id='word_1_147' title='bbox 921 2039 1162 2085; x_wconf 84' lang='lat' dir='ltr'><strong>tremens</strong></span> <span class='ocrx_word' id='word_1_148' title='bbox 1189 2034 1334 2086; x_wconf 89' lang='lat' dir='ltr'><strong>enim</strong></span> <span class='ocrx_word' id='word_1_149' title='bbox 1370 2045 1472 2086; x_wconf 88' lang='lat' dir='ltr'><strong>nec</strong></span> <span class='ocrx_word' id='word_1_150' title='bbox 1504 2031 1686 2086; x_wconf 86' lang='lat' dir='ltr'><strong>cibum</strong></span> <span class='ocrx_word' id='word_1_151' title='bbox 1733 2046 1832 2086; x_wconf 88' lang='lat' dir='ltr'><strong>nec</strong></span> <span class='ocrx_word' id='word_1_152' title='bbox 1882 2040 2067 2100; x_wconf 84' lang='lat' dir='ltr'><strong>potum</strong></span> <span class='ocrx_word' id='word_1_153' title='bbox 2097 2039 2310 2099; x_wconf 88' lang='lat' dir='ltr'><strong>poterat</strong></span> 
     </span>
    </p>
   </div>
   <div class='ocr_carea' id='block_1_23' title="bbox 727 2121 2310 2191">
    <p class='ocr_par' dir='ltr' id='par_1_23' title="bbox 727 2121 2310 2191">
     <span class='ocr_line' id='line_1_23' title="bbox 727 2121 2310 2191; baseline 0.003 -19"><span class='ocrx_word' id='word_1_154' title='bbox 727 2121 792 2174; x_wconf 88' lang='lat' dir='ltr'><strong>ad</strong></span> <span class='ocrx_word' id='word_1_155' title='bbox 820 2137 882 2176; x_wconf 91' lang='lat' dir='ltr'><strong>os</strong></span> <span class='ocrx_word' id='word_1_156' title='bbox 921 2121 1232 2186; x_wconf 77' lang='lat' dir='ltr'><strong>admovere,</strong></span> <span class='ocrx_word' id='word_1_157' title='bbox 1275 2137 1374 2175; x_wconf 91' lang='lat' dir='ltr'><strong>nec</strong></span> <span class='ocrx_word' id='word_1_158' title='bbox 1410 2121 1556 2175; x_wconf 89' lang='lat' dir='ltr'><strong>aliud</strong></span> <span class='ocrx_word' id='word_1_159' title='bbox 1589 2121 1721 2191; x_wconf 89' lang='lat' dir='ltr'><strong>quid</strong></span> <span class='ocrx_word' id='word_1_160' title='bbox 1767 2137 1866 2190; x_wconf 90' lang='lat' dir='ltr'><strong>pro</strong></span> <span class='ocrx_word' id='word_1_161' title='bbox 1911 2136 2179 2190; x_wconf 89' lang='lat' dir='ltr'><strong>corpore;</strong></span> <span class='ocrx_word' id='word_1_162' title='bbox 2220 2135 2310 2176; x_wconf 87' lang='lat' dir='ltr'><strong>se-</strong></span> 
     </span>
    </p>
   </div>
   <div class='ocr_carea' id='block_1_24' title="bbox 729 2211 2312 2280">
    <p class='ocr_par' dir='ltr' id='par_1_24' title="bbox 729 2211 2312 2280">
     <span class='ocr_line' id='line_1_24' title="bbox 729 2211 2312 2280; baseline 0.003 -17"><span class='ocrx_word' id='word_1_163' title='bbox 729 2211 918 2278; x_wconf 89' lang='lat' dir='ltr'><strong>ptima,</strong></span> <span class='ocrx_word' id='word_1_164' title='bbox 952 2212 1239 2280; x_wconf 78' lang='lat' dir='ltr'><strong>prolixitas</strong></span> <span class='ocrx_word' id='word_1_165' title='bbox 1263 2214 1385 2266; x_wconf 72' lang='lat' dir='ltr'><strong>vita:</strong></span> <span class='ocrx_word' id='word_1_166' title='bbox 1413 2231 1425 2267; x_wconf 88' lang='lat'><strong>:</strong></span> <span class='ocrx_word' id='word_1_167' title='bbox 1459 2213 1674 2266; x_wconf 80' lang='lat' dir='ltr'><strong>volebat</strong></span> <span class='ocrx_word' id='word_1_168' title='bbox 1701 2213 1846 2267; x_wconf 90' lang='lat' dir='ltr'><strong>enim</strong></span> <span class='ocrx_word' id='word_1_169' title='bbox 1877 2213 1970 2266; x_wconf 90' lang='lat' dir='ltr'><strong>ille</strong></span> <span class='ocrx_word' id='word_1_170' title='bbox 1996 2213 2230 2269; x_wconf 79' lang='lat' dir='ltr'><strong>interfici</strong></span> <span class='ocrx_word' id='word_1_171' title='bbox 2257 2222 2312 2268; x_wconf 89' lang='lat' dir='ltr'><strong>et</strong></span> 
     </span>
    </p>
   </div>
   <div class='ocr_carea' id='block_1_25' title="bbox 730 2303 2308 2374">
    <p class='ocr_par' dir='ltr' id='par_1_25' title="bbox 730 2303 2308 2374">
     <span class='ocr_line' id='line_1_25' title="bbox 730 2303 2308 2374; baseline 0.003 -19"><span class='ocrx_word' id='word_1_172' title='bbox 730 2321 757 2357; x_wconf 72' lang='grc' dir='ltr'><strong>ιι</strong></span> <span class='ocrx_word' id='word_1_173' title='bbox 799 2304 966 2356; x_wconf 89' lang='lat' dir='ltr'><strong>tantis</strong></span> <span class='ocrx_word' id='word_1_174' title='bbox 1006 2304 1161 2358; x_wconf 88' lang='lat' dir='ltr'><strong>malis</strong></span> <span class='ocrx_word' id='word_1_175' title='bbox 1194 2303 1398 2368; x_wconf 81' lang='lat' dir='ltr'><strong>eximi;</strong></span> <span class='ocrx_word' id='word_1_176' title='bbox 1435 2304 1654 2358; x_wconf 90' lang='lat' dir='ltr'><strong>lucrum</strong></span> <span class='ocrx_word' id='word_1_177' title='bbox 1704 2305 1850 2359; x_wconf 89' lang='lat' dir='ltr'><strong>cnim</strong></span> <span class='ocrx_word' id='word_1_178' title='bbox 1895 2319 2056 2374; x_wconf 61' lang='lat' dir='ltr'><strong>paena</strong></span> <span class='ocrx_word' id='word_1_179' title='bbox 2089 2303 2308 2360; x_wconf 80' lang='lat' dir='ltr'><strong>aﬂlictis</strong></span> 
     </span>
    </p>
   </div>
   <div class='ocr_carea' id='block_1_26' title="bbox 728 2393 2308 2461">
    <p class='ocr_par' dir='ltr' id='par_1_26' title="bbox 728 2393 2308 2461">
     <span class='ocr_line' id='line_1_26' title="bbox 728 2393 2308 2461; baseline 0.003 -13"><span class='ocrx_word' id='word_1_180' title='bbox 728 2397 786 2457; x_wconf 77' lang='lat' dir='ltr'><strong>tjt</strong></span> <span class='ocrx_word' id='word_1_181' title='bbox 816 2393 987 2461; x_wconf 85' lang='lat' dir='ltr'><strong>mors,</strong></span> <span class='ocrx_word' id='word_1_182' title='bbox 1038 2397 1272 2452; x_wconf 83' lang='lat' dir='ltr'><strong>celerem</strong></span> <span class='ocrx_word' id='word_1_183' title='bbox 1311 2398 1595 2452; x_wconf 79' lang='lat' dir='ltr'><strong>adducens</strong></span> <span class='ocrx_word' id='word_1_184' title='bbox 1634 2397 2039 2453; x_wconf 85' lang='lat' dir='ltr'><strong>liberationem.</strong></span> <span class='ocrx_word' id='word_1_185' title='bbox 2067 2398 2136 2451; x_wconf 85' lang='lat' dir='ltr'><strong>At</strong></span> <span class='ocrx_word' id='word_1_186' title='bbox 2167 2396 2308 2453; x_wconf 85' lang='lat' dir='ltr'><strong>Deus</strong></span> 
     </span>
    </p>
   </div>
   <div class='ocr_carea' id='block_1_27' title="bbox 727 2487 2309 2560">
    <p class='ocr_par' dir='ltr' id='par_1_27' title="bbox 727 2487 2309 2560">
     <span class='ocr_line' id='line_1_27' title="bbox 727 2487 2309 2560; baseline 0.002 -21"><span class='ocrx_word' id='word_1_187' title='bbox 727 2487 802 2540; x_wconf 88' lang='lat' dir='ltr'><strong>ait</strong></span> <span class='ocrx_word' id='word_1_188' title='bbox 834 2505 846 2540; x_wconf 91' lang='lat'><strong>:</strong></span> <span class='ocrx_word' id='word_1_189' title='bbox 884 2487 1000 2541; x_wconf 83' lang='lat' dir='ltr'><strong>Non</strong></span> <span class='ocrx_word' id='word_1_190' title='bbox 1034 2488 1147 2553; x_wconf 85' lang='lat' dir='ltr'><strong>sic;</strong></span> <span class='ocrx_word' id='word_1_191' title='bbox 1180 2489 1361 2544; x_wconf 88' lang='lat' dir='ltr'><strong>omnis</strong></span> <span class='ocrx_word' id='word_1_192' title='bbox 1395 2489 1487 2560; x_wconf 92' lang='lat' dir='ltr'><strong>qui</strong></span> <span class='ocrx_word' id='word_1_193' title='bbox 1532 2488 1893 2552; x_wconf 89' lang='lat' dir='ltr'><strong>interfecerit,</strong></span> <span class='ocrx_word' id='word_1_194' title='bbox 1935 2489 2096 2556; x_wconf 85' lang='lat' dir='ltr'><strong>Cain,</strong></span> <span class='ocrx_word' id='word_1_195' title='bbox 2132 2489 2309 2544; x_wconf 85' lang='lat' dir='ltr'><strong>vindi-</strong></span> 
     </span>
    </p>
   </div>
   <div class='ocr_carea' id='block_1_28' title="bbox 726 2578 2307 2650">
    <p class='ocr_par' dir='ltr' id='par_1_28' title="bbox 726 2578 2307 2650">
     <span class='ocr_line' id='line_1_28' title="bbox 726 2578 2307 2650; baseline 0.004 -19"><span class='ocrx_word' id='word_1_196' title='bbox 726 2578 940 2631; x_wconf 86' lang='lat' dir='ltr'><strong>camina</strong></span> <span class='ocrx_word' id='word_1_197' title='bbox 982 2589 1189 2648; x_wconf 88' lang='lat' dir='ltr'><strong>septem</strong></span> <span class='ocrx_word' id='word_1_198' title='bbox 1238 2582 1375 2644; x_wconf 90' lang='lat' dir='ltr'><strong>luet,</strong></span> <span class='ocrx_word' id='word_1_199' title='bbox 1430 2583 1480 2634; x_wconf 90' lang='lat' dir='ltr'><strong>id</strong></span> <span class='ocrx_word' id='word_1_200' title='bbox 1529 2589 1614 2634; x_wconf 85' lang='lat' dir='ltr'><strong>est</strong></span> <span class='ocrx_word' id='word_1_201' title='bbox 1655 2589 1864 2650; x_wconf 80' lang='lat' dir='ltr'><strong>septem</strong></span> <span class='ocrx_word' id='word_1_202' title='bbox 1897 2580 2172 2636; x_wconf 77' lang='lat' dir='ltr'><strong>vindictas</strong></span> <span class='ocrx_word' id='word_1_203' title='bbox 2205 2583 2307 2637; x_wconf 86' lang='lat' dir='ltr'><strong>ab-</strong></span> 
     </span>
    </p>
   </div>
   <div class='ocr_carea' id='block_1_29' title="bbox 725 2663 2302 2742">
    <p class='ocr_par' dir='ltr' id='par_1_29' title="bbox 725 2663 2302 2742">
     <span class='ocr_line' id='line_1_29' title="bbox 725 2663 2302 2742; baseline 0.004 -20"><span class='ocrx_word' id='word_1_204' title='bbox 725 2669 924 2734; x_wconf 77' lang='lat' dir='ltr'><strong>solvet,</strong></span> <span class='ocrx_word' id='word_1_205' title='bbox 962 2670 1219 2724; x_wconf 89' lang='lat' dir='ltr'><strong>nimirum</strong></span> <span class='ocrx_word' id='word_1_206' title='bbox 1251 2663 1557 2726; x_wconf 84' lang='lat' dir='ltr'><strong>retrorsum</strong></span> <span class='ocrx_word' id='word_1_207' title='bbox 1597 2672 1709 2742; x_wconf 90' lang='lat' dir='ltr'><strong>agit</strong></span> <span class='ocrx_word' id='word_1_208' title='bbox 1749 2673 1884 2731; x_wconf 78' lang='lat' dir='ltr'><strong>Abel</strong></span> <span class='ocrx_word' id='word_1_209' title='bbox 1926 2673 2302 2730; x_wconf 87' lang='lat' dir='ltr'><strong>interfectum.</strong></span> 
     </span>
    </p>
   </div>
   <div class='ocr_carea' id='block_1_30' title="bbox 725 2757 2301 2837">
    <p class='ocr_par' dir='ltr' id='par_1_30' title="bbox 725 2757 2301 2837">
     <span class='ocr_line' id='line_1_30' title="bbox 725 2757 2301 2837; baseline 0.006 -26"><span class='ocrx_word' id='word_1_210' title='bbox 725 2757 926 2814; x_wconf 86' lang='lat' dir='ltr'><strong>Factus</strong></span> <span class='ocrx_word' id='word_1_211' title='bbox 960 2768 1042 2814; x_wconf 82' lang='lat' dir='ltr'><strong>est</strong></span> <span class='ocrx_word' id='word_1_212' title='bbox 1071 2760 1200 2814; x_wconf 89' lang='lat' dir='ltr'><strong>Scth</strong></span> <span class='ocrx_word' id='word_1_213' title='bbox 1239 2762 1436 2816; x_wconf 86' lang='lat' dir='ltr'><strong>similis</strong></span> <span class='ocrx_word' id='word_1_214' title='bbox 1467 2763 1660 2816; x_wconf 83' lang='lat' dir='ltr'><strong>Adami</strong></span> <span class='ocrx_word' id='word_1_215' title='bbox 1686 2764 1896 2833; x_wconf 88' lang='lat' dir='ltr'><strong>justus,</strong></span> <span class='ocrx_word' id='word_1_216' title='bbox 1935 2767 2179 2837; x_wconf 85' lang='lat' dir='ltr'><strong>sapiens,</strong></span> <span class='ocrx_word' id='word_1_217' title='bbox 2207 2768 2301 2822; x_wconf 87' lang='lat' dir='ltr'><strong>bo-</strong></span> 
     </span>
    </p>
   </div>
   <div class='ocr_carea' id='block_1_31' title="bbox 728 2849 2304 2920">
    <p class='ocr_par' dir='ltr' id='par_1_31' title="bbox 728 2849 2304 2920">
     <span class='ocr_line' id='line_1_31' title="bbox 728 2849 2304 2920; baseline 0.006 -20"><span class='ocrx_word' id='word_1_218' title='bbox 728 2864 851 2909; x_wconf 85' lang='lat' dir='ltr'><strong>nus.</strong></span> <span class='ocrx_word' id='word_1_219' title='bbox 898 2849 1072 2913; x_wconf 81' lang='lat' dir='ltr'><strong>mitis.</strong></span> <span class='ocrx_word' id='word_1_220' title='bbox 1118 2849 1317 2906; x_wconf 88' lang='lat' dir='ltr'><strong>doctus</strong></span> <span class='ocrx_word' id='word_1_221' title='bbox 1352 2868 1365 2904; x_wconf 91' lang='lat'>:</span> <span class='ocrx_word' id='word_1_222' title='bbox 1409 2853 1530 2920; x_wconf 80' lang='lat' dir='ltr'><strong>ipse</strong></span> <span class='ocrx_word' id='word_1_223' title='bbox 1559 2854 1704 2908; x_wconf 88' lang='lat' dir='ltr'><strong>enim</strong></span> <span class='ocrx_word' id='word_1_224' title='bbox 1731 2856 1995 2910; x_wconf 87' lang='lat' dir='ltr'><strong>scientias</strong></span> <span class='ocrx_word' id='word_1_225' title='bbox 2022 2856 2304 2911; x_wconf 80' lang='lat' dir='ltr'><strong>afferebat.</strong></span> 
     </span>
    </p>
   </div>
   <div class='ocr_carea' id='block_1_32' title="bbox 730 2939 2308 3013">
    <p class='ocr_par' dir='ltr' id='par_1_32' title="bbox 730 2939 2308 3013">
     <span class='ocr_line' id='line_1_32' title="bbox 730 2939 2308 3013; baseline 0.003 -21"><span class='ocrx_word' id='word_1_226' title='bbox 730 2939 826 2993; x_wconf 91' lang='lat' dir='ltr'><strong>llic</strong></span> <span class='ocrx_word' id='word_1_227' title='bbox 875 2940 1067 3008; x_wconf 87' lang='lat' dir='ltr'><strong>genuit</strong></span> <span class='ocrx_word' id='word_1_228' title='bbox 1123 2939 1270 2994; x_wconf 88' lang='lat' dir='ltr'><strong>Enos</strong></span> <span class='ocrx_word' id='word_1_229' title='bbox 1317 2941 1555 2996; x_wconf 88' lang='lat' dir='ltr'><strong>similem</strong></span> <span class='ocrx_word' id='word_1_230' title='bbox 1609 2942 1756 3008; x_wconf 88' lang='lat' dir='ltr'><strong>sibi;</strong></span> <span class='ocrx_word' id='word_1_231' title='bbox 1805 2951 2028 3013; x_wconf 81' lang='lat' dir='ltr'><strong>propter</strong></span> <span class='ocrx_word' id='word_1_232' title='bbox 2077 2945 2308 2998; x_wconf 87' lang='lat' dir='ltr'><strong>virtutes</strong></span> 
     </span>
    </p>
   </div>
   <div class='ocr_carea' id='block_1_33' title="bbox 723 3029 2308 3100">
    <p class='ocr_par' dir='ltr' id='par_1_33' title="bbox 723 3029 2308 3100">
     <span class='ocr_line' id='line_1_33' title="bbox 723 3029 2308 3100; baseline 0.002 -16"><span class='ocrx_word' id='word_1_233' title='bbox 723 3032 869 3084; x_wconf 87' lang='lat' dir='ltr'><strong>enim</strong></span> <span class='ocrx_word' id='word_1_234' title='bbox 915 3031 1067 3083; x_wconf 90' lang='lat' dir='ltr'><strong>illum</strong></span> <span class='ocrx_word' id='word_1_235' title='bbox 1123 3029 1282 3084; x_wconf 89' lang='lat' dir='ltr'><strong>deum</strong></span> <span class='ocrx_word' id='word_1_236' title='bbox 1336 3032 1620 3085; x_wconf 82' lang='lat' dir='ltr'><strong>vocabant.</strong></span> <span class='ocrx_word' id='word_1_237' title='bbox 1686 3030 1857 3100; x_wconf 85' lang='lat' dir='ltr'><strong>llujus</strong></span> <span class='ocrx_word' id='word_1_238' title='bbox 1914 3032 2009 3086; x_wconf 85' lang='lat' dir='ltr'><strong>filii</strong></span> <span class='ocrx_word' id='word_1_239' title='bbox 2061 3033 2308 3087; x_wconf 87' lang='lat' dir='ltr'><strong>videntes</strong></span> 
     </span>
    </p>
   </div>
   <div class='ocr_carea' id='block_1_34' title="bbox 729 3121 2305 3193">
    <p class='ocr_par' dir='ltr' id='par_1_34' title="bbox 729 3121 2305 3193">
     <span class='ocr_line' id='line_1_34' title="bbox 729 3121 2305 3193; baseline 0.004 -19"><span class='ocrx_word' id='word_1_240' title='bbox 729 3122 866 3176; x_wconf 86' lang='lat' dir='ltr'><strong>tilias</strong></span> <span class='ocrx_word' id='word_1_241' title='bbox 917 3121 1055 3177; x_wconf 84' lang='lat' dir='ltr'><strong>Cain</strong></span> <span class='ocrx_word' id='word_1_242' title='bbox 1110 3135 1465 3191; x_wconf 88' lang='lat' dir='ltr'><strong>sumpserunt</strong></span> <span class='ocrx_word' id='word_1_243' title='bbox 1519 3125 1570 3175; x_wconf 92' lang='lat' dir='ltr'><strong>in</strong></span> <span class='ocrx_word' id='word_1_244' title='bbox 1629 3139 1827 3179; x_wconf 80' lang='lat' dir='ltr'><strong>uxores</strong></span> <span class='ocrx_word' id='word_1_245' title='bbox 1871 3125 1995 3179; x_wconf 89' lang='lat' dir='ltr'><strong>sibi.</strong></span> <span class='ocrx_word' id='word_1_246' title='bbox 2048 3123 2305 3193; x_wconf 67' lang='lat' dir='ltr'><strong>Leprosze</strong></span> 
     </span>
    </p>
   </div>
   <div class='ocr_carea' id='block_1_35' title="bbox 727 3211 2308 3282">
    <p class='ocr_par' dir='ltr' id='par_1_35' title="bbox 727 3211 2308 3282">
     <span class='ocr_line' id='line_1_35' title="bbox 727 3211 2308 3282; baseline 0.003 -17"><span class='ocrx_word' id='word_1_247' title='bbox 727 3215 875 3266; x_wconf 75' lang='lat' dir='ltr'><strong>enim</strong></span> <span class='ocrx_word' id='word_1_248' title='bbox 923 3215 1102 3282; x_wconf 89' lang='lat' dir='ltr'><strong>gentis</strong></span> <span class='ocrx_word' id='word_1_249' title='bbox 1135 3211 1256 3266; x_wconf 71' lang='lat' dir='ltr'><strong>filire</strong></span> <span class='ocrx_word' id='word_1_250' title='bbox 1307 3213 1548 3282; x_wconf 74' lang='lat' dir='ltr'><strong>pulchrze</strong></span> <span class='ocrx_word' id='word_1_251' title='bbox 1581 3215 1714 3267; x_wconf 83' lang='lat' dir='ltr'><strong>fiunt</strong></span> <span class='ocrx_word' id='word_1_252' title='bbox 1759 3215 1901 3268; x_wconf 85' lang='lat' dir='ltr'><strong>visu.</strong></span> <span class='ocrx_word' id='word_1_253' title='bbox 1934 3213 2066 3279; x_wconf 64' lang='lat' dir='ltr'><strong>Quae</strong></span> <span class='ocrx_word' id='word_1_254' title='bbox 2102 3213 2308 3270; x_wconf 88' lang='lat' dir='ltr'><strong>docue-</strong></span> 
     </span>
    </p>
   </div>
   <div class='ocr_carea' id='block_1_36' title="bbox 742 3303 2304 3375">
    <p class='ocr_par' dir='ltr' id='par_1_36' title="bbox 742 3303 2304 3375">
     <span class='ocr_line' id='line_1_36' title="bbox 742 3303 2304 3375; baseline 0.001 -18"><span class='ocrx_word' id='word_1_255' title='bbox 742 3314 984 3360; x_wconf 84' lang='lat' dir='ltr'><strong>runteos</strong></span> <span class='ocrx_word' id='word_1_256' title='bbox 1013 3313 1237 3374; x_wconf 83' lang='lat' dir='ltr'><strong>paterna</strong></span> <span class='ocrx_word' id='word_1_257' title='bbox 1277 3303 1430 3368; x_wconf 88' lang='lat' dir='ltr'><strong>vitia,</strong></span> <span class='ocrx_word' id='word_1_258' title='bbox 1459 3303 1656 3366; x_wconf 88' lang='lat' dir='ltr'><strong>furari,</strong></span> <span class='ocrx_word' id='word_1_259' title='bbox 1698 3304 2034 3368; x_wconf 77' lang='lat' dir='ltr'><strong>interﬁcere,</strong></span> <span class='ocrx_word' id='word_1_260' title='bbox 2070 3306 2304 3375; x_wconf 84' lang='lat' dir='ltr'><strong>litigare,</strong></span> 
     </span>
    </p>
   </div>
   <div class='ocr_carea' id='block_1_37' title="bbox 740 3378 2305 3465">
    <p class='ocr_par' dir='ltr' id='par_1_37' title="bbox 740 3378 2305 3465">
     <span class='ocr_line' id='line_1_37' title="bbox 740 3378 2305 3465; baseline 0.001 -16"><span class='ocrx_word' id='word_1_261' title='bbox 740 3397 941 3462; x_wconf 79' lang='lat' dir='ltr'><strong>limites</strong></span> <span class='ocrx_word' id='word_1_262' title='bbox 989 3408 1216 3464; x_wconf 87' lang='lat' dir='ltr'><strong>ponere,</strong></span> <span class='ocrx_word' id='word_1_263' title='bbox 1260 3395 1513 3449; x_wconf 86' lang='lat' dir='ltr'><strong>civitates</strong></span> <span class='ocrx_word' id='word_1_264' title='bbox 1567 3378 1840 3450; x_wconf 67' lang='lat' dir='ltr'><strong>a‘dilicare</strong></span> <span class='ocrx_word' id='word_1_265' title='bbox 1899 3397 2130 3465; x_wconf 90' lang='lat' dir='ltr'><strong>(primus</strong></span> <span class='ocrx_word' id='word_1_266' title='bbox 2162 3397 2305 3450; x_wconf 90' lang='lat' dir='ltr'><strong>enim</strong></span> 
     </span>
    </p>
   </div>
   <div class='ocr_carea' id='block_1_38' title="bbox 725 3470 2304 3551">
    <p class='ocr_par' dir='ltr' id='par_1_38' title="bbox 725 3470 2304 3551">
     <span class='ocr_line' id='line_1_38' title="bbox 725 3470 2304 3551; baseline -0.003 -12"><span class='ocrx_word' id='word_1_267' title='bbox 725 3485 858 3540; x_wconf 86' lang='lat' dir='ltr'><strong>Cain</strong></span> <span class='ocrx_word' id='word_1_268' title='bbox 896 3470 1202 3538; x_wconf 62' lang='lat' dir='ltr'><strong>aedificavit</strong></span> <span class='ocrx_word' id='word_1_269' title='bbox 1254 3481 1581 3550; x_wconf 87' lang='lat' dir='ltr'><strong>civitatem),</strong></span> <span class='ocrx_word' id='word_1_270' title='bbox 1636 3483 1775 3542; x_wconf 82' lang='lat' dir='ltr'><strong>bella</strong></span> <span class='ocrx_word' id='word_1_271' title='bbox 1830 3482 2036 3536; x_wconf 89' lang='lat' dir='ltr'><strong>inferre</strong></span> <span class='ocrx_word' id='word_1_272' title='bbox 2081 3489 2304 3551; x_wconf 87' lang='lat' dir='ltr'><strong>propter</strong></span> 
     </span>
    </p>
   </div>
   <div class='ocr_carea' id='block_1_39' title="bbox 729 3571 2304 3641">
    <p class='ocr_par' dir='ltr' id='par_1_39' title="bbox 729 3571 2304 3641">
     <span class='ocr_line' id='line_1_39' title="bbox 729 3571 2304 3641; baseline -0.003 -13"><span class='ocrx_word' id='word_1_273' title='bbox 729 3589 893 3629; x_wconf 87' lang='lat' dir='ltr'><strong>unam</strong></span> <span class='ocrx_word' id='word_1_274' title='bbox 925 3572 1236 3638; x_wconf 87' lang='lat' dir='ltr'><strong>mulierem,</strong></span> <span class='ocrx_word' id='word_1_275' title='bbox 1273 3581 1325 3626; x_wconf 90' lang='lat' dir='ltr'><strong>ct</strong></span> <span class='ocrx_word' id='word_1_276' title='bbox 1355 3571 1614 3626; x_wconf 83' lang='lat' dir='ltr'><strong>mulieres</strong></span> <span class='ocrx_word' id='word_1_277' title='bbox 1645 3585 1858 3628; x_wconf 86' lang='lat' dir='ltr'><strong>certare</strong></span> <span class='ocrx_word' id='word_1_278' title='bbox 1890 3581 2109 3641; x_wconf 88' lang='lat' dir='ltr'><strong>propter</strong></span> <span class='ocrx_word' id='word_1_279' title='bbox 2134 3585 2304 3625; x_wconf 89' lang='lat' dir='ltr'><strong>unum</strong></span> 
     </span>
    </p>
   </div>
   <div class='ocr_carea' id='block_1_40' title="bbox 729 3658 2303 3731">
    <p class='ocr_par' dir='ltr' id='par_1_40' title="bbox 729 3658 2303 3731">
     <span class='ocr_line' id='line_1_40' title="bbox 729 3658 2303 3731; baseline 0 -18"><span class='ocrx_word' id='word_1_280' title='bbox 729 3661 930 3716; x_wconf 86' lang='lat' dir='ltr'><strong>virum.</strong></span> <span class='ocrx_word' id='word_1_281' title='bbox 977 3658 1043 3713; x_wconf 86' lang='lat' dir='ltr'><strong>Et</strong></span> <span class='ocrx_word' id='word_1_282' title='bbox 1088 3659 1349 3731; x_wconf 86' lang='lat' dir='ltr'><strong>deinceps</strong></span> <span class='ocrx_word' id='word_1_283' title='bbox 1398 3661 1531 3713; x_wconf 88' lang='lat' dir='ltr'><strong>nati</strong></span> <span class='ocrx_word' id='word_1_284' title='bbox 1564 3669 1694 3715; x_wconf 87' lang='lat' dir='ltr'><strong>sunt</strong></span> <span class='ocrx_word' id='word_1_285' title='bbox 1743 3660 2028 3727; x_wconf 82' lang='lat' dir='ltr'><strong>gigantes:</strong></span> <span class='ocrx_word' id='word_1_286' title='bbox 2064 3660 2303 3714; x_wconf 89' lang='lat' dir='ltr'><strong>nondum</strong></span> 
     </span>
    </p>
   </div>
   <div class='ocr_carea' id='block_1_41' title="bbox 731 3749 2304 3819">
    <p class='ocr_par' dir='ltr' id='par_1_41' title="bbox 731 3749 2304 3819">
     <span class='ocr_line' id='line_1_41' title="bbox 731 3749 2304 3819; baseline -0.003 -11"><span class='ocrx_word' id='word_1_287' title='bbox 731 3754 874 3808; x_wconf 88' lang='lat' dir='ltr'><strong>enim</strong></span> <span class='ocrx_word' id='word_1_288' title='bbox 941 3752 1077 3805; x_wconf 89' lang='lat' dir='ltr'><strong>tales</strong></span> <span class='ocrx_word' id='word_1_289' title='bbox 1123 3763 1266 3805; x_wconf 87' lang='lat' dir='ltr'><strong>terra</strong></span> <span class='ocrx_word' id='word_1_290' title='bbox 1315 3752 1538 3805; x_wconf 86' lang='lat' dir='ltr'><strong>ferebat.</strong></span> <span class='ocrx_word' id='word_1_291' title='bbox 1593 3750 1659 3803; x_wconf 88' lang='lat' dir='ltr'><strong>Et</strong></span> <span class='ocrx_word' id='word_1_292' title='bbox 1717 3751 1905 3805; x_wconf 87' lang='lat' dir='ltr'><strong>videns</strong></span> <span class='ocrx_word' id='word_1_293' title='bbox 1948 3749 2088 3805; x_wconf 84' lang='lat' dir='ltr'><strong>Deus</strong></span> <span class='ocrx_word' id='word_1_294' title='bbox 2137 3765 2304 3819; x_wconf 90' lang='lat' dir='ltr'><strong>prava</strong></span> 
     </span>
    </p>
   </div>
   <div class='ocr_carea' id='block_1_42' title="bbox 728 3839 2304 3914">
    <p class='ocr_par' dir='ltr' id='par_1_42' title="bbox 728 3839 2304 3914">
     <span class='ocr_line' id='line_1_42' title="bbox 728 3839 2304 3914; baseline -0.004 -15"><span class='ocrx_word' id='word_1_295' title='bbox 728 3859 892 3914; x_wconf 88' lang='lat' dir='ltr'><strong>opera</strong></span> <span class='ocrx_word' id='word_1_296' title='bbox 928 3843 1240 3903; x_wconf 86' lang='lat' dir='ltr'><strong>hominum,</strong></span> <span class='ocrx_word' id='word_1_297' title='bbox 1281 3840 1508 3893; x_wconf 79' lang='lat' dir='ltr'><strong>adduxit</strong></span> <span class='ocrx_word' id='word_1_298' title='bbox 1535 3839 1826 3903; x_wconf 87' lang='lat' dir='ltr'><strong>diluvium,</strong></span> <span class='ocrx_word' id='word_1_299' title='bbox 1875 3846 1927 3893; x_wconf 91' lang='lat' dir='ltr'><strong>et</strong></span> <span class='ocrx_word' id='word_1_300' title='bbox 1981 3853 2117 3908; x_wconf 87' lang='lat' dir='ltr'><strong>aqua</strong></span> <span class='ocrx_word' id='word_1_301' title='bbox 2169 3839 2304 3893; x_wconf 89' lang='lat' dir='ltr'><strong>lavit</strong></span> 
     </span>
    </p>
   </div>
   <div class='ocr_carea' id='block_1_43' title="bbox 728 3928 2301 4003">
    <p class='ocr_par' dir='ltr' id='par_1_43' title="bbox 728 3928 2301 4003">
     <span class='ocr_line' id='line_1_43' title="bbox 728 3928 2301 4003; baseline -0.004 -14"><span class='ocrx_word' id='word_1_302' title='bbox 728 3935 969 4003; x_wconf 87' lang='lat' dir='ltr'><strong>culpam,</strong></span> <span class='ocrx_word' id='word_1_303' title='bbox 1006 3940 1057 3986; x_wconf 92' lang='lat' dir='ltr'><strong>ct</strong></span> <span class='ocrx_word' id='word_1_304' title='bbox 1091 3931 1382 3985; x_wconf 87' lang='lat' dir='ltr'><strong>mundavit</strong></span> <span class='ocrx_word' id='word_1_305' title='bbox 1409 3940 1633 3984; x_wconf 89' lang='lat' dir='ltr'><strong>terram.</strong></span> <span class='ocrx_word' id='word_1_306' title='bbox 1672 3928 1846 3984; x_wconf 87' lang='lat' dir='ltr'><strong>Unum</strong></span> <span class='ocrx_word' id='word_1_307' title='bbox 1877 3929 2301 4003; x_wconf 80' lang='lat' dir='ltr'><strong>antemjustum</strong></span> 
     </span>
    </p>
   </div>
   <div class='ocr_carea' id='block_1_44' title="bbox 727 4001 2300 4090">
    <p class='ocr_par' dir='ltr' id='par_1_44' title="bbox 727 4001 2300 4090">
     <span class='ocr_line' id='line_1_44' title="bbox 727 4001 2300 4090; baseline -0.006 -10"><span class='ocrx_word' id='word_1_308' title='bbox 727 4042 791 4080; x_wconf 77' lang='lat' dir='ltr'><strong>ex</strong></span> <span class='ocrx_word' id='word_1_309' title='bbox 826 4024 975 4090; x_wconf 71' lang='lat' dir='ltr'><strong>iusto</strong></span> <span class='ocrx_word' id='word_1_310' title='bbox 1007 4021 1217 4075; x_wconf 82' lang='lat' dir='ltr'><strong>semine</strong></span> <span class='ocrx_word' id='word_1_311' title='bbox 1256 4029 1460 4082; x_wconf 89' lang='lat' dir='ltr'><strong>ortum,</strong></span> <span class='ocrx_word' id='word_1_312' title='bbox 1495 4018 1605 4072; x_wconf 80' lang='lat' dir='ltr'><strong>Noe</strong></span> <span class='ocrx_word' id='word_1_313' title='bbox 1653 4019 1886 4071; x_wconf 88' lang='lat' dir='ltr'><strong>salvavit</strong></span> <span class='ocrx_word' id='word_1_314' title='bbox 1947 4001 2081 4072; x_wconf 43' lang='lat' dir='ltr'><strong>cum.</strong></span> <span class='ocrx_word' id='word_1_315' title='bbox 2109 4001 2300 4083; x_wconf 78' lang='lat' dir='ltr'><strong>uxore,</strong></span> 
     </span>
    </p>
   </div>
   <div class='ocr_carea' id='block_1_45' title="bbox 727 4107 2302 4176">
    <p class='ocr_par' dir='ltr' id='par_1_45' title="bbox 727 4107 2302 4176">
     <span class='ocr_line' id='line_1_45' title="bbox 727 4107 2302 4176; baseline -0.004 -11"><span class='ocrx_word' id='word_1_316' title='bbox 727 4122 782 4166; x_wconf 80' lang='lat' dir='ltr'><strong>ct</strong></span> <span class='ocrx_word' id='word_1_317' title='bbox 804 4112 982 4164; x_wconf 89' lang='lat' dir='ltr'><strong>tribus</strong></span> <span class='ocrx_word' id='word_1_318' title='bbox 1016 4109 1143 4163; x_wconf 74' lang='lat' dir='ltr'><strong>filiis</strong></span> <span class='ocrx_word' id='word_1_319' title='bbox 1173 4123 1297 4163; x_wconf 91' lang='lat' dir='ltr'><strong>cum</strong></span> <span class='ocrx_word' id='word_1_320' title='bbox 1324 4110 1616 4170; x_wconf 79' lang='lat' dir='ltr'><strong>uxoribus,</strong></span> <span class='ocrx_word' id='word_1_321' title='bbox 1641 4107 1840 4176; x_wconf 81' lang='lat' dir='ltr'><strong>jubens</strong></span> <span class='ocrx_word' id='word_1_322' title='bbox 1882 4118 1938 4162; x_wconf 88' lang='lat' dir='ltr'><strong>ut</strong></span> <span class='ocrx_word' id='word_1_323' title='bbox 1965 4107 2170 4164; x_wconf 75' lang='lat' dir='ltr'><strong>faceret</strong></span> <span class='ocrx_word' id='word_1_324' title='bbox 2201 4124 2302 4160; x_wconf 84' lang='lat' dir='ltr'><strong>na-</strong></span> 
     </span>
    </p>
   </div>
   <div class='ocr_carea' id='block_1_46' title="bbox 727 4200 2302 4271">
    <p class='ocr_par' dir='ltr' id='par_1_46' title="bbox 727 4200 2302 4271">
     <span class='ocr_line' id='line_1_46' title="bbox 727 4200 2302 4271; baseline -0.001 -15"><span class='ocrx_word' id='word_1_325' title='bbox 727 4205 834 4258; x_wconf 88' lang='lat' dir='ltr'><strong>vim</strong></span> <span class='ocrx_word' id='word_1_326' title='bbox 871 4201 1152 4271; x_wconf 85' lang='lat' dir='ltr'><strong>grandem.</strong></span> <span class='ocrx_word' id='word_1_327' title='bbox 1190 4200 1254 4255; x_wconf 87' lang='lat' dir='ltr'><strong>Et</strong></span> <span class='ocrx_word' id='word_1_328' title='bbox 1301 4215 1425 4254; x_wconf 92' lang='lat' dir='ltr'><strong>cum</strong></span> <span class='ocrx_word' id='word_1_329' title='bbox 1476 4214 1542 4253; x_wconf 93' lang='lat' dir='ltr'><strong>eo</strong></span> <span class='ocrx_word' id='word_1_330' title='bbox 1595 4200 1900 4254; x_wconf 85' lang='lat' dir='ltr'><strong>introduxit</strong></span> <span class='ocrx_word' id='word_1_331' title='bbox 1935 4215 2000 4253; x_wconf 78' lang='lat' dir='ltr'><strong>ex</strong></span> <span class='ocrx_word' id='word_1_332' title='bbox 2043 4201 2302 4254; x_wconf 85' lang='lat' dir='ltr'><strong>omnibus</strong></span> 
     </span>
    </p>
   </div>
   <div class='ocr_carea' id='block_1_47' title="bbox 729 4289 2301 4359">
    <p class='ocr_par' dir='ltr' id='par_1_47' title="bbox 729 4289 2301 4359">
     <span class='ocr_line' id='line_1_47' title="bbox 729 4289 2301 4359; baseline -0.001 -15"><span class='ocrx_word' id='word_1_333' title='bbox 729 4291 1103 4346; x_wconf 78' lang='lat' dir='ltr'><strong>animantibus</strong></span> <span class='ocrx_word' id='word_1_334' title='bbox 1164 4303 1217 4345; x_wconf 85' lang='lat' dir='ltr'><strong>et</strong></span> <span class='ocrx_word' id='word_1_335' title='bbox 1253 4291 1556 4346; x_wconf 87' lang='lat' dir='ltr'><strong>seminibus</strong></span> <span class='ocrx_word' id='word_1_336' title='bbox 1595 4292 1828 4344; x_wconf 90' lang='lat' dir='ltr'><strong>cunctis.</strong></span> <span class='ocrx_word' id='word_1_337' title='bbox 1863 4289 2150 4359; x_wconf 81' lang='lat' dir='ltr'><strong>Reliquum</strong></span> <span class='ocrx_word' id='word_1_338' title='bbox 2201 4303 2301 4342; x_wconf 84' lang='lat' dir='ltr'><strong>au-</strong></span> 
     </span>
    </p>
   </div>
   <div class='ocr_carea' id='block_1_48' title="bbox 731 4379 2299 4449">
    <p class='ocr_par' dir='ltr' id='par_1_48' title="bbox 731 4379 2299 4449">
     <span class='ocr_line' id='line_1_48' title="bbox 731 4379 2299 4449; baseline -0.004 -11"><span class='ocrx_word' id='word_1_339' title='bbox 731 4396 834 4438; x_wconf 84' lang='lat' dir='ltr'><strong>tem</strong></span> <span class='ocrx_word' id='word_1_340' title='bbox 888 4382 1149 4435; x_wconf 89' lang='lat' dir='ltr'><strong>mundum</strong></span> <span class='ocrx_word' id='word_1_341' title='bbox 1203 4382 1495 4436; x_wconf 82' lang='lat' dir='ltr'><strong>destruxit.</strong></span> <span class='ocrx_word' id='word_1_342' title='bbox 1547 4379 1613 4435; x_wconf 88' lang='lat' dir='ltr'><strong>Et</strong></span> <span class='ocrx_word' id='word_1_343' title='bbox 1671 4381 2051 4449; x_wconf 86' lang='lat' dir='ltr'><strong>multiplicatis</strong></span> <span class='ocrx_word' id='word_1_344' title='bbox 2102 4382 2299 4434; x_wconf 90' lang='lat' dir='ltr'><strong>iterum</strong></span> 
     </span>
    </p>
   </div>
   <div class='ocr_carea' id='block_1_49' title="bbox 727 4466 2383 4560">
    <p class='ocr_par' dir='ltr' id='par_1_49' title="bbox 727 4466 2383 4560">
     <span class='ocr_line' id='line_1_49' title="bbox 727 4466 2383 4560; baseline -0.004 -32"><span class='ocrx_word' id='word_1_345' title='bbox 727 4473 1062 4535; x_wconf 90' lang='lat' dir='ltr'><strong>hominibus,</strong></span> <span class='ocrx_word' id='word_1_346' title='bbox 1094 4473 1458 4541; x_wconf 76' lang='lat' dir='ltr'><strong>pravissimus</strong></span> <span class='ocrx_word' id='word_1_347' title='bbox 1492 4471 1742 4526; x_wconf 86' lang='lat' dir='ltr'><strong>diabolus</strong></span> <span class='ocrx_word' id='word_1_348' title='bbox 1773 4487 1878 4526; x_wconf 91' lang='lat' dir='ltr'><strong>non</strong></span> <span class='ocrx_word' id='word_1_349' title='bbox 1913 4470 2151 4525; x_wconf 91' lang='lat' dir='ltr'><strong>cessavit</strong></span> <span class='ocrx_word' id='word_1_350' title='bbox 2190 4466 2294 4522; x_wconf 43' lang='lat' dir='ltr'><strong>im;</strong></span> <span class='ocrx_word' id='word_1_351' title='bbox 2332 4503 2383 4560; x_wconf 68' lang='grc' dir='ltr'><strong>Β</strong></span> 
     </span>
    </p>
   </div>
   <div class='ocr_carea' id='block_1_50' title="bbox 728 4559 2304 4633">
    <p class='ocr_par' dir='ltr' id='par_1_50' title="bbox 728 4559 2304 4633">
     <span class='ocr_line' id='line_1_50' title="bbox 728 4559 2304 4633; baseline -0.003 -16"><span class='ocrx_word' id='word_1_352' title='bbox 728 4577 977 4633; x_wconf 84' lang='lat' dir='ltr'><strong>pugnans</strong></span> <span class='ocrx_word' id='word_1_353' title='bbox 999 4577 1171 4631; x_wconf 75' lang='lat' dir='ltr'><strong>genus</strong></span> <span class='ocrx_word' id='word_1_354' title='bbox 1195 4563 1492 4616; x_wconf 88' lang='lat' dir='ltr'><strong>humanum</strong></span> <span class='ocrx_word' id='word_1_355' title='bbox 1515 4577 1529 4624; x_wconf 92' lang='lat'><strong>;</strong></span> <span class='ocrx_word' id='word_1_356' title='bbox 1555 4563 1742 4626; x_wconf 87' lang='lat' dir='ltr'><strong>docuit</strong></span> <span class='ocrx_word' id='word_1_357' title='bbox 1767 4561 1911 4615; x_wconf 91' lang='lat' dir='ltr'><strong>enim</strong></span> <span class='ocrx_word' id='word_1_358' title='bbox 1935 4559 2304 4614; x_wconf 87' lang='lat' dir='ltr'><strong>idololatriam</strong></span> 
     </span>
    </p>
   </div>
   <div class='ocr_carea' id='block_1_51' title="bbox 732 4651 2307 4721">
    <p class='ocr_par' dir='ltr' id='par_1_51' title="bbox 732 4651 2307 4721">
     <span class='ocr_line' id='line_1_51' title="bbox 732 4651 2307 4721; baseline -0.004 -11"><span class='ocrx_word' id='word_1_359' title='bbox 732 4665 814 4721; x_wconf 88' lang='lat' dir='ltr'><strong>et,</strong></span> <span class='ocrx_word' id='word_1_360' title='bbox 844 4656 965 4709; x_wconf 88' lang='lat' dir='ltr'><strong>loco</strong></span> <span class='ocrx_word' id='word_1_361' title='bbox 994 4654 1122 4709; x_wconf 89' lang='lat' dir='ltr'><strong>boni</strong></span> <span class='ocrx_word' id='word_1_362' title='bbox 1159 4654 1254 4708; x_wconf 90' lang='lat' dir='ltr'><strong>Dei</strong></span> <span class='ocrx_word' id='word_1_363' title='bbox 1288 4656 1553 4708; x_wconf 85' lang='lat' dir='ltr'><strong>creatoris</strong></span> <span class='ocrx_word' id='word_1_364' title='bbox 1578 4653 2187 4719; x_wconf 88' lang='lat' dir='ltr'><strong>omnium,lvenerantur</strong></span> <span class='ocrx_word' id='word_1_365' title='bbox 2210 4651 2307 4704; x_wconf 82' lang='lat' dir='ltr'><strong>ho-</strong></span> 
     </span>
    </p>
   </div>
   <div class='ocr_carea' id='block_1_52' title="bbox 730 4743 2305 4816">
    <p class='ocr_par' dir='ltr' id='par_1_52' title="bbox 730 4743 2305 4816">
     <span class='ocr_line' id='line_1_52' title="bbox 730 4743 2305 4816; baseline -0.002 -16"><span class='ocrx_word' id='word_1_366' title='bbox 730 4749 903 4802; x_wconf 89' lang='lat' dir='ltr'><strong>mines</strong></span> <span class='ocrx_word' id='word_1_367' title='bbox 933 4756 1236 4813; x_wconf 85' lang='lat' dir='ltr'><strong>creaturas,</strong></span> <span class='ocrx_word' id='word_1_368' title='bbox 1274 4747 1456 4816; x_wconf 88' lang='lat' dir='ltr'><strong>potius</strong></span> <span class='ocrx_word' id='word_1_369' title='bbox 1497 4755 1675 4800; x_wconf 80' lang='lat' dir='ltr'><strong>autem</strong></span> <span class='ocrx_word' id='word_1_370' title='bbox 1717 4746 2043 4810; x_wconf 77' lang='lat' dir='ltr'><strong>dremonem,</strong></span> <span class='ocrx_word' id='word_1_371' title='bbox 2087 4743 2214 4797; x_wconf 90' lang='lat' dir='ltr'><strong>boni</strong></span> <span class='ocrx_word' id='word_1_372' title='bbox 2247 4751 2305 4798; x_wconf 91' lang='lat' dir='ltr'><strong>et</strong></span> 
     </span>
    </p>
   </div>
   <div class='ocr_carea' id='block_1_53' title="bbox 729 4834 2294 4909">
    <p class='ocr_par' dir='ltr' id='par_1_53' title="bbox 729 4834 2294 4909">
     <span class='ocr_line' id='line_1_53' title="bbox 729 4834 2294 4909; baseline -0.006 -14"><span class='ocrx_word' id='word_1_373' title='bbox 729 4841 1003 4909; x_wconf 85' lang='lat' dir='ltr'><strong>sapientes</strong></span> <span class='ocrx_word' id='word_1_374' title='bbox 1062 4839 1222 4892; x_wconf 87' lang='lat' dir='ltr'><strong>stulta</strong></span> <span class='ocrx_word' id='word_1_375' title='bbox 1270 4848 1324 4892; x_wconf 91' lang='lat' dir='ltr'><strong>et</strong></span> <span class='ocrx_word' id='word_1_376' title='bbox 1369 4853 1558 4906; x_wconf 81' lang='lat' dir='ltr'><strong>prava.</strong></span> <span class='ocrx_word' id='word_1_377' title='bbox 1592 4839 1863 4894; x_wconf 83' lang='lat' dir='ltr'><strong>Abraham</strong></span> <span class='ocrx_word' id='word_1_378' title='bbox 1899 4846 2082 4890; x_wconf 90' lang='lat' dir='ltr'><strong>autem</strong></span> <span class='ocrx_word' id='word_1_379' title='bbox 2120 4834 2294 4898; x_wconf 84' lang='lat' dir='ltr'><strong>solus,</strong></span> 
     </span>
    </p>
   </div>
   <div class='ocr_carea' id='block_1_54' title="bbox 730 4927 2306 4995">
    <p class='ocr_par' dir='ltr' id='par_1_54' title="bbox 730 4927 2306 4995">
     <span class='ocr_line' id='line_1_54' title="bbox 730 4927 2306 4995; baseline -0.003 -12"><span class='ocrx_word' id='word_1_380' title='bbox 730 4929 1093 4984; x_wconf 82' lang='lat' dir='ltr'><strong>idololatriam</strong></span> <span class='ocrx_word' id='word_1_381' title='bbox 1123 4927 1358 4995; x_wconf 84' lang='lat' dir='ltr'><strong>fugiens,</strong></span> <span class='ocrx_word' id='word_1_382' title='bbox 1393 4929 1558 4983; x_wconf 89' lang='lat' dir='ltr'><strong>Deum</strong></span> <span class='ocrx_word' id='word_1_383' title='bbox 1590 4945 1780 4984; x_wconf 86' lang='lat' dir='ltr'><strong>verum</strong></span> <span class='ocrx_word' id='word_1_384' title='bbox 1805 4928 2072 4993; x_wconf 86' lang='lat' dir='ltr'><strong>adoravit,</strong></span> <span class='ocrx_word' id='word_1_385' title='bbox 2093 4933 2306 4982; x_wconf 84' lang='lat' dir='ltr'><strong>creato-</strong></span> 
     </span>
    </p>
   </div>
   <div class='ocr_carea' id='block_1_55' title="bbox 728 5017 2305 5076">
    <p class='ocr_par' dir='ltr' id='par_1_55' title="bbox 728 5017 2305 5076">
     <span class='ocr_line' id='line_1_55' title="bbox 728 5017 2305 5076; baseline -0.003 -2"><span class='ocrx_word' id='word_1_386' title='bbox 728 5037 840 5076; x_wconf 84' lang='lat' dir='ltr'><strong>rem</strong></span> <span class='ocrx_word' id='word_1_387' title='bbox 878 5021 1000 5075; x_wconf 70' lang='lat' dir='ltr'><strong>cmli</strong></span> <span class='ocrx_word' id='word_1_388' title='bbox 1034 5026 1088 5072; x_wconf 85' lang='lat' dir='ltr'><strong>et</strong></span> <span class='ocrx_word' id='word_1_389' title='bbox 1126 5027 1285 5072; x_wconf 60' lang='lat' dir='ltr'><strong>terrae</strong></span> <span class='ocrx_word' id='word_1_390' title='bbox 1336 5027 1388 5072; x_wconf 90' lang='lat' dir='ltr'><strong>et</strong></span> <span class='ocrx_word' id='word_1_391' title='bbox 1417 5019 1654 5073; x_wconf 89' lang='lat' dir='ltr'><strong>siderum</strong></span> <span class='ocrx_word' id='word_1_392' title='bbox 1699 5023 1968 5074; x_wconf 89' lang='lat' dir='ltr'><strong>omnium.</strong></span> <span class='ocrx_word' id='word_1_393' title='bbox 2010 5018 2132 5071; x_wconf 66' lang='lat' dir='ltr'><strong>llaec</strong></span> <span class='ocrx_word' id='word_1_394' title='bbox 2159 5017 2305 5070; x_wconf 90' lang='lat' dir='ltr'><strong>enim</strong></span> 
     </span>
    </p>
   </div>
   <div class='ocr_carea' id='block_1_56' title="bbox 750 5107 2307 5179">
    <p class='ocr_par' dir='ltr' id='par_1_56' title="bbox 750 5107 2307 5179">
     <span class='ocr_line' id='line_1_56' title="bbox 750 5107 2307 5179; baseline -0.003 -15"><span class='ocrx_word' id='word_1_395' title='bbox 750 5112 915 5165; x_wconf 81' lang='lat' dir='ltr'><strong>&#39;ideus</strong></span> <span class='ocrx_word' id='word_1_396' title='bbox 935 5116 988 5163; x_wconf 90' lang='lat' dir='ltr'><strong>et</strong></span> <span class='ocrx_word' id='word_1_397' title='bbox 1012 5111 1282 5178; x_wconf 85' lang='lat' dir='ltr'><strong>cogitans,</strong></span> <span class='ocrx_word' id='word_1_398' title='bbox 1317 5111 1533 5179; x_wconf 80' lang='lat' dir='ltr'><strong>agnovit</strong></span> <span class='ocrx_word' id='word_1_399' title='bbox 1565 5110 1762 5165; x_wconf 89' lang='lat' dir='ltr'><strong>horum</strong></span> <span class='ocrx_word' id='word_1_400' title='bbox 1785 5110 2121 5164; x_wconf 88' lang='lat' dir='ltr'><strong>Creatorem.</strong></span> <span class='ocrx_word' id='word_1_401' title='bbox 2151 5107 2307 5162; x_wconf 86' lang='lat' dir='ltr'><strong>Unde</strong></span> 
     </span>
    </p>
   </div>
   <div class='ocr_carea' id='block_1_57' title="bbox 747 5197 2294 5265">
    <p class='ocr_par' dir='ltr' id='par_1_57' title="bbox 747 5197 2294 5265">
     <span class='ocr_line' id='line_1_57' title="bbox 747 5197 2294 5265; baseline 0.001 -11"><span class='ocrx_word' id='word_1_402' title='bbox 747 5201 972 5256; x_wconf 87' lang='lat' dir='ltr'><strong>lelectus</strong></span> <span class='ocrx_word' id='word_1_403' title='bbox 1006 5209 1087 5252; x_wconf 90' lang='lat' dir='ltr'><strong>cst</strong></span> <span class='ocrx_word' id='word_1_404' title='bbox 1118 5214 1148 5252; x_wconf 90' lang='lat' dir='ltr'><strong>a</strong></span> <span class='ocrx_word' id='word_1_405' title='bbox 1177 5199 1304 5264; x_wconf 85' lang='lat' dir='ltr'><strong>Deo,</strong></span> <span class='ocrx_word' id='word_1_406' title='bbox 1341 5211 1394 5255; x_wconf 93' lang='lat' dir='ltr'><strong>et</strong></span> <span class='ocrx_word' id='word_1_407' title='bbox 1418 5201 1763 5257; x_wconf 89' lang='lat' dir='ltr'><strong>benedictum</strong></span> <span class='ocrx_word' id='word_1_408' title='bbox 1792 5207 1875 5256; x_wconf 90' lang='lat' dir='ltr'><strong>est</strong></span> <span class='ocrx_word' id='word_1_409' title='bbox 1913 5213 2098 5255; x_wconf 84' lang='lat' dir='ltr'><strong>semen</strong></span> <span class='ocrx_word' id='word_1_410' title='bbox 2131 5197 2294 5265; x_wconf 69' lang='lat' dir='ltr'><strong>ejus:</strong></span> 
     </span>
    </p>
   </div>
   <div class='ocr_carea' id='block_1_58' title="bbox 801 5374 1204 5440">
    <p class='ocr_par' dir='ltr' id='par_1_58' title="bbox 801 5374 1204 5440">
     <span class='ocr_line' id='line_1_58' title="bbox 801 5374 1204 5440; baseline -0.002 -9"><span class='ocrx_word' id='word_1_411' title='bbox 801 5376 822 5409; x_wconf 90' lang='grc'>⁶</span> <span class='ocrx_word' id='word_1_412' title='bbox 860 5374 998 5431; x_wconf 86' lang='lat' dir='ltr'><strong>Gen.</strong></span> <span class='ocrx_word' id='word_1_413' title='bbox 1035 5393 1112 5440; x_wconf 72' lang='lat' dir='ltr'><strong>iv,</strong></span> <span class='ocrx_word' id='word_1_414' title='bbox 1149 5380 1204 5430; x_wconf 84' lang='lat'><strong>9.</strong></span> 
     </span>
    </p>
   </div>
   <div class='ocr_carea' id='block_1_59' title="bbox 2407 580 3953 660">
    <p class='ocr_par' dir='ltr' id='par_1_59' title="bbox 2407 580 3953 660">
     <span class='ocr_line' id='line_1_59' title="bbox 2407 580 3953 660; baseline -0.003 -16"><span class='ocrx_word' id='word_1_415' title='bbox 2407 595 2598 660; x_wconf 83' lang='grc' dir='ltr'>θωμεν</span> <span class='ocrx_word' id='word_1_416' title='bbox 2631 594 2716 654; x_wconf 81' lang='grc' dir='ltr'><strong>εις</strong></span> <span class='ocrx_word' id='word_1_417' title='bbox 2746 590 2810 641; x_wconf 87' lang='grc' dir='ltr'>τὸ</span> <span class='ocrx_word' id='word_1_418' title='bbox 2844 580 3075 654; x_wconf 77' lang='grc' dir='ltr'>πεδίον,</span> <span class='ocrx_word' id='word_1_419' title='bbox 3104 589 3263 657; x_wconf 81' lang='grc' dir='ltr'>δῆθεν</span> <span class='ocrx_word' id='word_1_420' title='bbox 3300 581 3732 660; x_wconf 80' lang='grc' dir='ltr'>μετεωρισθῆναι</span> <span class='ocrx_word' id='word_1_421' title='bbox 3754 603 3767 618; x_wconf 89' lang='grc'><strong>·</strong></span> <span class='ocrx_word' id='word_1_422' title='bbox 3823 586 3953 640; x_wconf 74' lang='grc' dir='ltr'>ἐϐδο</span> 
     </span>
    </p>
   </div>
   <div class='ocr_carea' id='block_1_60' title="bbox 2411 673 3986 749">
    <p class='ocr_par' dir='ltr' id='par_1_60' title="bbox 2411 673 3986 749">
     <span class='ocr_line' id='line_1_60' title="bbox 2411 673 3986 749; baseline -0.003 -16"><span class='ocrx_word' id='word_1_423' title='bbox 2411 699 2507 749; x_wconf 88' lang='grc' dir='ltr'><strong>μον</strong></span> <span class='ocrx_word' id='word_1_424' title='bbox 2535 681 2596 732; x_wconf 74' lang='grc' dir='ltr'>τὸ</span> <span class='ocrx_word' id='word_1_425' title='bbox 2623 679 2816 748; x_wconf 72' lang='grc' dir='ltr'>ψεῦδος</span> <span class='ocrx_word' id='word_1_426' title='bbox 2843 695 2854 707; x_wconf 92' lang='grc'><strong>·</strong></span> <span class='ocrx_word' id='word_1_427' title='bbox 2889 679 3028 746; x_wconf 81' lang='grc' dir='ltr'>μετὰ</span> <span class='ocrx_word' id='word_1_428' title='bbox 3061 679 3167 746; x_wconf 85' lang='grc' dir='ltr'>γὰρ</span> <span class='ocrx_word' id='word_1_429' title='bbox 3194 678 3255 730; x_wconf 83' lang='grc' dir='ltr'><strong>τὸ</strong></span> <span class='ocrx_word' id='word_1_430' title='bbox 3278 679 3540 745; x_wconf 80' lang='grc' dir='ltr'>φονεῦσαι</span> <span class='ocrx_word' id='word_1_431' title='bbox 3587 673 3738 730; x_wconf 80' lang='grc' dir='ltr'>εἶπεν</span> <span class='ocrx_word' id='word_1_432' title='bbox 3768 674 3917 745; x_wconf 88' lang='grc' dir='ltr'>αὐτῴ</span> <span class='ocrx_word' id='word_1_433' title='bbox 3954 679 3986 728; x_wconf 78' lang='grc' dir='ltr'>ὁ</span> 
     </span>
    </p>
   </div>
   <div class='ocr_carea' id='block_1_61' title="bbox 2407 765 3986 837">
    <p class='ocr_par' dir='ltr' id='par_1_61' title="bbox 2407 765 3986 837">
     <span class='ocr_line' id='line_1_61' title="bbox 2407 765 3986 837; baseline -0.003 -13"><span class='ocrx_word' id='word_1_434' title='bbox 2407 772 2538 834; x_wconf 80' lang='grc' dir='ltr'>Θεός</span> <span class='ocrx_word' id='word_1_435' title='bbox 2561 787 2571 800; x_wconf 90' lang='grc'><strong>·</strong></span> <span class='ocrx_word' id='word_1_436' title='bbox 2602 769 2722 824; x_wconf 83' lang='grc' dir='ltr'><strong>11υῦ</strong></span> <span class='ocrx_word' id='word_1_437' title='bbox 2749 771 2916 823; x_wconf 72' lang='grc' dir='ltr'>Ἅϐελ</span> <span class='ocrx_word' id='word_1_438' title='bbox 2944 772 2974 822; x_wconf 84' lang='grc' dir='ltr'><strong><em>ό</em></strong></span> <span class='ocrx_word' id='word_1_439' title='bbox 3004 769 3267 836; x_wconf 73' lang='grc' dir='ltr'>ἀδελφός</span> <span class='ocrx_word' id='word_1_440' title='bbox 3293 784 3410 822; x_wconf 86' lang='grc' dir='ltr'><strong>σου</strong></span> <span class='ocrx_word' id='word_1_441' title='bbox 3432 787 3451 832; x_wconf 87' lang='grc'><em>;</em></span> <span class='ocrx_word' id='word_1_442' title='bbox 3479 770 3576 821; x_wconf 87' lang='grc' dir='ltr'><strong>οὐκ</strong></span> <span class='ocrx_word' id='word_1_443' title='bbox 3599 767 3831 837; x_wconf 80' lang='grc' dir='ltr'><strong>ἀγνοῶν,</strong></span> <span class='ocrx_word' id='word_1_444' title='bbox 3861 765 3986 820; x_wconf 72' lang='grc' dir='ltr'>ἀλλ’</span> 
     </span>
    </p>
   </div>
   <div class='ocr_carea' id='block_1_62' title="bbox 2407 858 3988 932">
    <p class='ocr_par' dir='ltr' id='par_1_62' title="bbox 2407 858 3988 932">
     <span class='ocr_line' id='line_1_62' title="bbox 2407 858 3988 932; baseline -0.004 -15"><span class='ocrx_word' id='word_1_445' title='bbox 2407 863 2555 932; x_wconf 78' lang='grc' dir='ltr'><strong>αὑτῷ</strong></span> <span class='ocrx_word' id='word_1_446' title='bbox 2590 861 2772 932; x_wconf 81' lang='grc' dir='ltr'>χώραν</span> <span class='ocrx_word' id='word_1_447' title='bbox 2799 859 3164 930; x_wconf 74' lang='grc' dir='ltr'>μεταμελείας</span> <span class='ocrx_word' id='word_1_448' title='bbox 3189 859 3368 921; x_wconf 82' lang='grc' dir='ltr'>διδούς</span> <span class='ocrx_word' id='word_1_449' title='bbox 3395 875 3410 889; x_wconf 74' lang='grc'><strong><em>⁸</em></strong></span> <span class='ocrx_word' id='word_1_450' title='bbox 3445 862 3471 912; x_wconf 89' lang='grc' dir='ltr'>ὁ</span> <span class='ocrx_word' id='word_1_451' title='bbox 3500 859 3556 912; x_wconf 84' lang='grc' dir='ltr'>δὲ</span> <span class='ocrx_word' id='word_1_452' title='bbox 3590 859 3650 912; x_wconf 88' lang='grc' dir='ltr'><strong>οὑ</strong></span> <span class='ocrx_word' id='word_1_453' title='bbox 3683 859 3843 928; x_wconf 89' lang='grc' dir='ltr'>μόνον</span> <span class='ocrx_word' id='word_1_454' title='bbox 3878 858 3988 910; x_wconf 74' lang='grc' dir='ltr'><strong>οὐκ</strong></span> 
     </span>
    </p>
   </div>
   <div class='ocr_carea' id='block_1_63' title="bbox 2409 938 3989 1026">
    <p class='ocr_par' dir='ltr' id='par_1_63' title="bbox 2409 938 3989 1026">
     <span class='ocr_line' id='line_1_63' title="bbox 2409 938 3989 1026; baseline -0.004 -18"><span class='ocrx_word' id='word_1_455' title='bbox 2409 938 2667 1026; x_wconf 71' lang='grc' dir='ltr'>ἐκάμφθη</span> <span class='ocrx_word' id='word_1_456' title='bbox 2700 953 3127 1022; x_wconf 76' lang='grc' dir='ltr'><strong>σπλαγχνισθεὶς</strong></span> <span class='ocrx_word' id='word_1_457' title='bbox 3150 951 3246 1003; x_wconf 78' lang='grc' dir='ltr'><strong>ἐπὶ</strong></span> <span class='ocrx_word' id='word_1_458' title='bbox 3274 954 3339 1020; x_wconf 84' lang='grc' dir='ltr'>τῇ</span> <span class='ocrx_word' id='word_1_459' title='bbox 3375 951 3608 1020; x_wconf 80' lang='grc' dir='ltr'><strong>μονώσει</strong></span> <span class='ocrx_word' id='word_1_460' title='bbox 3637 953 3732 1004; x_wconf 75' lang='grc' dir='ltr'>καὶ</span> <span class='ocrx_word' id='word_1_461' title='bbox 3761 950 3837 1020; x_wconf 85' lang='grc' dir='ltr'>τῷ</span> <span class='ocrx_word' id='word_1_462' title='bbox 3872 967 3989 1020; x_wconf 83' lang='grc' dir='ltr'><strong>χω·</strong></span> 
     </span>
    </p>
   </div>
   <div class='ocr_carea' id='block_1_64' title="bbox 2409 1037 3988 1116">
    <p class='ocr_par' dir='ltr' id='par_1_64' title="bbox 2409 1037 3988 1116">
     <span class='ocr_line' id='line_1_64' title="bbox 2409 1037 3988 1116; baseline -0.006 -17"><span class='ocrx_word' id='word_1_463' title='bbox 2409 1046 2594 1116; x_wconf 71' lang='grc' dir='ltr'>ρισμῷ</span> <span class='ocrx_word' id='word_1_464' title='bbox 2621 1044 2715 1099; x_wconf 84' lang='grc' dir='ltr'>τοῦ</span> <span class='ocrx_word' id='word_1_465' title='bbox 2745 1043 2998 1110; x_wconf 79' lang='grc' dir='ltr'>ἀδελφοῦ,</span> <span class='ocrx_word' id='word_1_466' title='bbox 3029 1042 3163 1096; x_wconf 73' lang='grc' dir='ltr'>ἀλλὰ</span> <span class='ocrx_word' id='word_1_467' title='bbox 3186 1043 3281 1097; x_wconf 76' lang='grc' dir='ltr'>καὶ</span> <span class='ocrx_word' id='word_1_468' title='bbox 3324 1041 3561 1102; x_wconf 84' lang='grc' dir='ltr'><strong>ἀναιδῶς</strong></span> <span class='ocrx_word' id='word_1_469' title='bbox 3591 1039 3858 1109; x_wconf 69' lang='grc' dir='ltr'>ἐψεύσατο</span> <span class='ocrx_word' id='word_1_470' title='bbox 3898 1037 3988 1090; x_wconf 79' lang='grc' dir='ltr'><strong>ει-</strong></span> 
     </span>
    </p>
   </div>
   <div class='ocr_carea' id='block_1_65' title="bbox 2411 1131 3988 1206">
    <p class='ocr_par' dir='ltr' id='par_1_65' title="bbox 2411 1131 3988 1206">
     <span class='ocr_line' id='line_1_65' title="bbox 2411 1131 3988 1206; baseline -0.008 -13"><span class='ocrx_word' id='word_1_471' title='bbox 2411 1139 2560 1193; x_wconf 78' lang='grc' dir='ltr'>πώνο</span> <span class='ocrx_word' id='word_1_472' title='bbox 2594 1142 2714 1194; x_wconf 78' lang='grc' dir='ltr'><strong>Οὐκ</strong></span> <span class='ocrx_word' id='word_1_473' title='bbox 2734 1134 2868 1192; x_wconf 80' lang='grc' dir='ltr'>οἴδα</span> <span class='ocrx_word' id='word_1_474' title='bbox 2893 1154 2905 1167; x_wconf 72' lang='grc'><strong><em>⁸</em></strong></span> <span class='ocrx_word' id='word_1_475' title='bbox 2929 1136 3012 1206; x_wconf 80' lang='grc' dir='ltr'>μὴ</span> <span class='ocrx_word' id='word_1_476' title='bbox 3043 1136 3245 1204; x_wconf 70' lang='grc' dir='ltr'>φύλαξ</span> <span class='ocrx_word' id='word_1_477' title='bbox 3274 1134 3389 1204; x_wconf 77' lang='grc' dir='ltr'>ειμι</span> <span class='ocrx_word' id='word_1_478' title='bbox 3415 1132 3521 1187; x_wconf 83' lang='grc' dir='ltr'>τοῦ</span> <span class='ocrx_word' id='word_1_479' title='bbox 3542 1131 3806 1201; x_wconf 73' lang='grc' dir='ltr'>ἀδελφοῦ</span> <span class='ocrx_word' id='word_1_480' title='bbox 3828 1143 3988 1200; x_wconf 70' lang='grc' dir='ltr'>μους</span> 
     </span>
    </p>
   </div>
   <div class='ocr_carea' id='block_1_66' title="bbox 2409 1223 3990 1300">
    <p class='ocr_par' dir='ltr' id='par_1_66' title="bbox 2409 1223 3990 1300">
     <span class='ocr_line' id='line_1_66' title="bbox 2409 1223 3990 1300; baseline -0.007 -15"><span class='ocrx_word' id='word_1_481' title='bbox 2409 1234 2483 1296; x_wconf 85' lang='grc' dir='ltr'><strong>ῶς</strong></span> <span class='ocrx_word' id='word_1_482' title='bbox 2512 1235 2602 1286; x_wconf 82' lang='grc' dir='ltr'><strong>τὸν</strong></span> <span class='ocrx_word' id='word_1_483' title='bbox 2636 1232 2768 1284; x_wconf 76' lang='grc' dir='ltr'>Θεὸν</span> <span class='ocrx_word' id='word_1_484' title='bbox 2805 1227 3176 1300; x_wconf 73' lang='grc' dir='ltr'>μυκτηρίξων.</span> <span class='ocrx_word' id='word_1_485' title='bbox 3219 1229 3275 1281; x_wconf 87' lang='lat'><strong>&#39;0</strong></span> <span class='ocrx_word' id='word_1_486' title='bbox 3310 1228 3366 1280; x_wconf 87' lang='grc' dir='ltr'>δὲ</span> <span class='ocrx_word' id='word_1_487' title='bbox 3419 1226 3628 1288; x_wconf 83' lang='grc' dir='ltr'>δίκαιος</span> <span class='ocrx_word' id='word_1_488' title='bbox 3681 1225 3812 1294; x_wconf 75' lang='grc' dir='ltr'>Θεὸς</span> <span class='ocrx_word' id='word_1_489' title='bbox 3869 1223 3990 1275; x_wconf 89' lang='grc' dir='ltr'><strong>τῶν</strong></span> 
     </span>
    </p>
   </div>
   <div class='ocr_carea' id='block_1_67' title="bbox 2413 1313 3989 1387">
    <p class='ocr_par' dir='ltr' id='par_1_67' title="bbox 2413 1313 3989 1387">
     <span class='ocr_line' id='line_1_67' title="bbox 2413 1313 3989 1387; baseline -0.008 -8"><span class='ocrx_word' id='word_1_490' title='bbox 2413 1327 2551 1379; x_wconf 77' lang='grc' dir='ltr'>ἐπτὰ</span> <span class='ocrx_word' id='word_1_491' title='bbox 2575 1325 2760 1378; x_wconf 83' lang='grc' dir='ltr'>κακῶν</span> <span class='ocrx_word' id='word_1_492' title='bbox 2794 1322 2937 1376; x_wconf 80' lang='grc' dir='ltr'>ἑπτὰ</span> <span class='ocrx_word' id='word_1_493' title='bbox 2967 1321 3166 1374; x_wconf 75' lang='grc' dir='ltr'>ἔδωκεν</span> <span class='ocrx_word' id='word_1_494' title='bbox 3199 1319 3296 1382; x_wconf 81' lang='grc' dir='ltr'>τὰς</span> <span class='ocrx_word' id='word_1_495' title='bbox 3317 1317 3606 1387; x_wconf 80' lang='grc' dir='ltr'><strong>τιμωρίας.</strong></span> <span class='ocrx_word' id='word_1_496' title='bbox 3637 1317 3747 1370; x_wconf 71' lang='grc' dir='ltr'>Καὶ</span> <span class='ocrx_word' id='word_1_497' title='bbox 3789 1313 3989 1384; x_wconf 81' lang='grc' dir='ltr'>πρώτη</span> 
     </span>
    </p>
   </div>
   <div class='ocr_carea' id='block_1_68' title="bbox 2416 1404 3992 1484">
    <p class='ocr_par' dir='ltr' id='par_1_68' title="bbox 2416 1404 3992 1484">
     <span class='ocr_line' id='line_1_68' title="bbox 2416 1404 3992 1484; baseline -0.008 -14"><span class='ocrx_word' id='word_1_498' title='bbox 2416 1420 2534 1484; x_wconf 84' lang='grc' dir='ltr'>μὲν,</span> <span class='ocrx_word' id='word_1_499' title='bbox 2570 1419 2602 1484; x_wconf 76' lang='grc' dir='ltr'>ἡ</span> <span class='ocrx_word' id='word_1_500' title='bbox 2629 1413 2725 1467; x_wconf 79' lang='grc' dir='ltr'><strong>τοῦ</strong></span> <span class='ocrx_word' id='word_1_501' title='bbox 2751 1413 2886 1466; x_wconf 76' lang='grc' dir='ltr'>Θεοῦ</span> <span class='ocrx_word' id='word_1_502' title='bbox 2926 1412 3279 1480; x_wconf 82' lang='grc' dir='ltr'>ἀλλοτρίωσις</span> <span class='ocrx_word' id='word_1_503' title='bbox 3299 1426 3313 1441; x_wconf 81' lang='grc' dir='ltr'><strong>ο</strong></span> <span class='ocrx_word' id='word_1_504' title='bbox 3346 1408 3538 1478; x_wconf 76' lang='grc' dir='ltr'>ἐξῆλθε</span> <span class='ocrx_word' id='word_1_505' title='bbox 3571 1406 3676 1477; x_wconf 89' lang='grc' dir='ltr'>γὰρ</span> <span class='ocrx_word' id='word_1_506' title='bbox 3704 1407 3842 1458; x_wconf 82' lang='grc' dir='ltr'>Κάῖν</span> <span class='ocrx_word' id='word_1_507' title='bbox 3871 1404 3992 1458; x_wconf 82' lang='grc' dir='ltr'>ἀπὸ</span> 
     </span>
    </p>
   </div>
   <div class='ocr_carea' id='block_1_69' title="bbox 2415 1495 3993 1578">
    <p class='ocr_par' dir='ltr' id='par_1_69' title="bbox 2415 1495 3993 1578">
     <span class='ocr_line' id='line_1_69' title="bbox 2415 1495 3993 1578; baseline -0.008 -19"><span class='ocrx_word' id='word_1_508' title='bbox 2415 1506 2707 1578; x_wconf 81' lang='grc' dir='ltr'>προσώπου</span> <span class='ocrx_word' id='word_1_509' title='bbox 2737 1507 2831 1559; x_wconf 82' lang='grc' dir='ltr'>τοῦ</span> <span class='ocrx_word' id='word_1_510' title='bbox 2859 1503 2996 1557; x_wconf 81' lang='grc' dir='ltr'>Θεοῦ</span> <span class='ocrx_word' id='word_1_511' title='bbox 3017 1521 3029 1535; x_wconf 74' lang='grc' dir='ltr'><strong><em>ο</em></strong></span> <span class='ocrx_word' id='word_1_512' title='bbox 3061 1503 3290 1572; x_wconf 82' lang='grc' dir='ltr'>δευτέρα</span> <span class='ocrx_word' id='word_1_513' title='bbox 3321 1502 3399 1565; x_wconf 76' lang='grc' dir='ltr'><strong>δὲ,</strong></span> <span class='ocrx_word' id='word_1_514' title='bbox 3432 1499 3525 1553; x_wconf 67' lang='grc' dir='ltr'><strong>ἐπὶ</strong></span> <span class='ocrx_word' id='word_1_515' title='bbox 3549 1498 3854 1568; x_wconf 87' lang='grc' dir='ltr'>κατάρατον</span> <span class='ocrx_word' id='word_1_516' title='bbox 3879 1495 3993 1563; x_wconf 79' lang='grc' dir='ltr'>γῆν</span> 
     </span>
    </p>
   </div>
   <div class='ocr_carea' id='block_1_70' title="bbox 2415 1585 3988 1667">
    <p class='ocr_par' dir='ltr' id='par_1_70' title="bbox 2415 1585 3988 1667">
     <span class='ocr_line' id='line_1_70' title="bbox 2415 1585 3988 1667; baseline -0.009 -15"><span class='ocrx_word' id='word_1_517' title='bbox 2415 1599 2767 1667; x_wconf 77' lang='grc' dir='ltr'>κατοικήσας,</span> <span class='ocrx_word' id='word_1_518' title='bbox 2828 1597 2903 1658; x_wconf 83' lang='grc' dir='ltr'><strong>ὡς</strong></span> <span class='ocrx_word' id='word_1_519' title='bbox 2948 1594 3144 1664; x_wconf 82' lang='grc' dir='ltr'>μιάνας</span> <span class='ocrx_word' id='word_1_520' title='bbox 3185 1594 3354 1663; x_wconf 79' lang='grc' dir='ltr'>αὐτὴν</span> <span class='ocrx_word' id='word_1_521' title='bbox 3407 1591 3600 1661; x_wconf 84' lang='grc' dir='ltr'>αίματι</span> <span class='ocrx_word' id='word_1_522' title='bbox 3665 1585 3945 1654; x_wconf 83' lang='grc' dir='ltr'>ἀδελφικῷ</span> <span class='ocrx_word' id='word_1_523' title='bbox 3973 1599 3988 1613; x_wconf 90' lang='grc'><strong>·</strong></span> 
     </span>
    </p>
   </div>
   <div class='ocr_carea' id='block_1_71' title="bbox 2412 1678 3992 1761">
    <p class='ocr_par' dir='ltr' id='par_1_71' title="bbox 2412 1678 3992 1761">
     <span class='ocr_line' id='line_1_71' title="bbox 2412 1678 3992 1761; baseline -0.008 -18"><span class='ocrx_word' id='word_1_524' title='bbox 2412 1691 2588 1761; x_wconf 88' lang='grc' dir='ltr'>τρίτη,</span> <span class='ocrx_word' id='word_1_525' title='bbox 2624 1693 2654 1760; x_wconf 76' lang='grc' dir='ltr'>ἡ</span> <span class='ocrx_word' id='word_1_526' title='bbox 2689 1690 3115 1749; x_wconf 84' lang='grc' dir='ltr'>ἀκατάπαυστος</span> <span class='ocrx_word' id='word_1_527' title='bbox 3150 1678 3430 1755; x_wconf 65' lang='grc' dir='ltr'>ἐργασίαι</span> <span class='ocrx_word' id='word_1_528' title='bbox 3472 1681 3667 1746; x_wconf 81' lang='grc' dir='ltr'>νυκτὸς</span> <span class='ocrx_word' id='word_1_529' title='bbox 3717 1679 3826 1749; x_wconf 85' lang='grc' dir='ltr'>γὰρ</span> <span class='ocrx_word' id='word_1_530' title='bbox 3888 1678 3992 1732; x_wconf 76' lang='grc' dir='ltr'><strong>καὶ</strong></span> 
     </span>
    </p>
   </div>
   <div class='ocr_carea' id='block_1_72' title="bbox 2414 1771 3993 1850">
    <p class='ocr_par' dir='ltr' id='par_1_72' title="bbox 2414 1771 3993 1850">
     <span class='ocr_line' id='line_1_72' title="bbox 2414 1771 3993 1850; baseline -0.009 -17"><span class='ocrx_word' id='word_1_531' title='bbox 2414 1781 2625 1850; x_wconf 83' lang='grc' dir='ltr'>ὴμέρας</span> <span class='ocrx_word' id='word_1_532' title='bbox 2661 1780 2761 1832; x_wconf 79' lang='grc' dir='ltr'><strong>οὐκ</strong></span> <span class='ocrx_word' id='word_1_533' title='bbox 2791 1776 2933 1848; x_wconf 80' lang='grc' dir='ltr'>εἶχεν</span> <span class='ocrx_word' id='word_1_534' title='bbox 2966 1777 3297 1831; x_wconf 84' lang='grc' dir='ltr'>ἀνάπαυσιν·</span> <span class='ocrx_word' id='word_1_535' title='bbox 3330 1774 3564 1846; x_wconf 81' lang='grc' dir='ltr'>τετάρτη</span> <span class='ocrx_word' id='word_1_536' title='bbox 3591 1772 3784 1844; x_wconf 73' lang='grc' dir='ltr'><strong>(50),ή</strong></span> <span class='ocrx_word' id='word_1_537' title='bbox 3817 1771 3993 1838; x_wconf 80' lang='grc' dir='ltr'>ἀκαρ-</span> 
     </span>
    </p>
   </div>
   <div class='ocr_carea' id='block_1_73' title="bbox 2414 1863 3996 1939">
    <p class='ocr_par' dir='ltr' id='par_1_73' title="bbox 2414 1863 3996 1939">
     <span class='ocr_line' id='line_1_73' title="bbox 2414 1863 3996 1939; baseline -0.006 -17"><span class='ocrx_word' id='word_1_538' title='bbox 2414 1872 2512 1923; x_wconf 85' lang='grc' dir='ltr'><strong>πία</strong></span> <span class='ocrx_word' id='word_1_539' title='bbox 2536 1868 2633 1939; x_wconf 83' lang='grc' dir='ltr'>τῆς</span> <span class='ocrx_word' id='word_1_540' title='bbox 2668 1873 2769 1938; x_wconf 82' lang='grc' dir='ltr'><strong>γῆς</strong></span> <span class='ocrx_word' id='word_1_541' title='bbox 2793 1887 2805 1901; x_wconf 88' lang='grc'>·</span> <span class='ocrx_word' id='word_1_542' title='bbox 2845 1868 3121 1938; x_wconf 85' lang='grc' dir='ltr'>Ἑργάσει,</span> <span class='ocrx_word' id='word_1_543' title='bbox 3153 1865 3309 1936; x_wconf 79' lang='grc' dir='ltr'>φησὶ,</span> <span class='ocrx_word' id='word_1_544' title='bbox 3339 1864 3436 1935; x_wconf 85' lang='grc' dir='ltr'><strong>τὴν</strong></span> <span class='ocrx_word' id='word_1_545' title='bbox 3467 1864 3592 1934; x_wconf 83' lang='grc' dir='ltr'>γῆν,</span> <span class='ocrx_word' id='word_1_546' title='bbox 3616 1865 3708 1938; x_wconf 57' lang='grc' dir='ltr'>καὶ</span> <span class='ocrx_word' id='word_1_547' title='bbox 3732 1863 3793 1915; x_wconf 84' lang='grc' dir='ltr'>οὐ</span> <span class='ocrx_word' id='word_1_548' title='bbox 3819 1875 3996 1929; x_wconf 85' lang='grc' dir='ltr'>προσ-</span> 
     </span>
    </p>
   </div>
   <div class='ocr_carea' id='block_1_74' title="bbox 2414 1948 3993 2034">
    <p class='ocr_par' dir='ltr' id='par_1_74' title="bbox 2414 1948 3993 2034">
     <span class='ocr_line' id='line_1_74' title="bbox 2414 1948 3993 2034; baseline -0.008 -18"><span class='ocrx_word' id='word_1_549' title='bbox 2414 1964 2567 2034; x_wconf 78' lang='grc' dir='ltr'>θήσει</span> <span class='ocrx_word' id='word_1_550' title='bbox 2589 1960 2771 2015; x_wconf 84' lang='grc' dir='ltr'>δοῦναί</span> <span class='ocrx_word' id='word_1_551' title='bbox 2796 1977 2878 2014; x_wconf 85' lang='grc' dir='ltr'><strong>σοι</strong></span> <span class='ocrx_word' id='word_1_552' title='bbox 2905 1961 3004 2031; x_wconf 88' lang='grc' dir='ltr'><strong>τὴν</strong></span> <span class='ocrx_word' id='word_1_553' title='bbox 3051 1960 3204 2029; x_wconf 75' lang='grc' dir='ltr'>ἰσχὺν</span> <span class='ocrx_word' id='word_1_554' title='bbox 3234 1957 3433 2028; x_wconf 79' lang='grc' dir='ltr'>αὐτῆς·</span> <span class='ocrx_word' id='word_1_555' title='bbox 3470 1958 3717 2026; x_wconf 76' lang='grc' dir='ltr'>πέμπτη,</span> <span class='ocrx_word' id='word_1_556' title='bbox 3750 1953 3811 2007; x_wconf 80' lang='grc' dir='ltr'>τὸ</span> <span class='ocrx_word' id='word_1_557' title='bbox 3860 1948 3993 2005; x_wconf 66' lang='grc' dir='ltr'>στέ-</span> 
     </span>
    </p>
   </div>
   <div class='ocr_carea' id='block_1_75' title="bbox 2414 2048 3992 2124">
    <p class='ocr_par' dir='ltr' id='par_1_75' title="bbox 2414 2048 3992 2124">
     <span class='ocr_line' id='line_1_75' title="bbox 2414 2048 3992 2124; baseline -0.006 -15"><span class='ocrx_word' id='word_1_558' title='bbox 2414 2073 2525 2110; x_wconf 78' lang='grc' dir='ltr'>νειν</span> <span class='ocrx_word' id='word_1_559' title='bbox 2567 2054 2870 2124; x_wconf 79' lang='grc' dir='ltr'>στεναγμὸν</span> <span class='ocrx_word' id='word_1_560' title='bbox 2906 2049 2999 2108; x_wconf 83' lang='grc' dir='ltr'><strong>καὶ</strong></span> <span class='ocrx_word' id='word_1_561' title='bbox 3041 2055 3316 2123; x_wconf 89' lang='grc' dir='ltr'>συνάγχην</span> <span class='ocrx_word' id='word_1_562' title='bbox 3345 2051 3624 2107; x_wconf 74' lang='grc' dir='ltr'>ἄπαυστον</span> <span class='ocrx_word' id='word_1_563' title='bbox 3651 2066 3662 2078; x_wconf 90' lang='grc'><strong>·</strong></span> <span class='ocrx_word' id='word_1_564' title='bbox 3712 2049 3870 2120; x_wconf 80' lang='grc' dir='ltr'>ἓκτη,</span> <span class='ocrx_word' id='word_1_565' title='bbox 3928 2048 3992 2101; x_wconf 82' lang='grc' dir='ltr'>τὸ</span> 
     </span>
    </p>
   </div>
   <div class='ocr_carea' id='block_1_76' title="bbox 2413 2141 3990 2219">
    <p class='ocr_par' dir='ltr' id='par_1_76' title="bbox 2413 2141 3990 2219">
     <span class='ocr_line' id='line_1_76' title="bbox 2413 2141 3990 2219; baseline -0.005 -17"><span class='ocrx_word' id='word_1_566' title='bbox 2413 2149 2678 2219; x_wconf 84' lang='grc' dir='ltr'>τρέμειν·</span> <span class='ocrx_word' id='word_1_567' title='bbox 2739 2147 2950 2200; x_wconf 88' lang='grc' dir='ltr'>Στένων</span> <span class='ocrx_word' id='word_1_568' title='bbox 3003 2145 3098 2199; x_wconf 82' lang='grc' dir='ltr'>καὶ</span> <span class='ocrx_word' id='word_1_569' title='bbox 3153 2144 3375 2213; x_wconf 85' lang='grc' dir='ltr'>τρέμων</span> <span class='ocrx_word' id='word_1_570' title='bbox 3429 2143 3528 2215; x_wconf 75' lang='grc' dir='ltr'><strong>ἔσῃ</strong></span> <span class='ocrx_word' id='word_1_571' title='bbox 3575 2142 3669 2195; x_wconf 72' lang='grc' dir='ltr'>ἐπὶ</span> <span class='ocrx_word' id='word_1_572' title='bbox 3720 2142 3818 2210; x_wconf 83' lang='grc' dir='ltr'>τῆς</span> <span class='ocrx_word' id='word_1_573' title='bbox 3840 2141 3990 2210; x_wconf 81' lang='grc' dir='ltr'>γῆς·</span> 
     </span>
    </p>
   </div>
   <div class='ocr_carea' id='block_1_77' title="bbox 2411 2234 3994 2310">
    <p class='ocr_par' dir='ltr' id='par_1_77' title="bbox 2411 2234 3994 2310">
     <span class='ocr_line' id='line_1_77' title="bbox 2411 2234 3994 2310; baseline -0.005 -19"><span class='ocrx_word' id='word_1_574' title='bbox 2411 2240 2628 2310; x_wconf 80' lang='grc' dir='ltr'>τρέμων</span> <span class='ocrx_word' id='word_1_575' title='bbox 2655 2237 2762 2308; x_wconf 83' lang='grc' dir='ltr'>γὰρ</span> <span class='ocrx_word' id='word_1_576' title='bbox 2797 2236 2918 2290; x_wconf 76' lang='grc' dir='ltr'>οὕτε</span> <span class='ocrx_word' id='word_1_577' title='bbox 2952 2237 3157 2307; x_wconf 84' lang='grc' dir='ltr'>βρωτὸν</span> <span class='ocrx_word' id='word_1_578' title='bbox 3216 2234 3336 2289; x_wconf 75' lang='grc' dir='ltr'>οὕτε</span> <span class='ocrx_word' id='word_1_579' title='bbox 3390 2236 3550 2288; x_wconf 84' lang='grc' dir='ltr'>ποτὸν</span> <span class='ocrx_word' id='word_1_580' title='bbox 3598 2234 3748 2304; x_wconf 72' lang='grc' dir='ltr'>ἴσχυε</span> <span class='ocrx_word' id='word_1_581' title='bbox 3812 2249 3994 2302; x_wconf 85' lang='grc' dir='ltr'>προσ-</span> 
     </span>
    </p>
   </div>
   <div class='ocr_carea' id='block_1_78' title="bbox 2413 2323 3990 2397">
    <p class='ocr_par' dir='ltr' id='par_1_78' title="bbox 2413 2323 3990 2397">
     <span class='ocr_line' id='line_1_78' title="bbox 2413 2323 3990 2397; baseline -0.002 -19"><span class='ocrx_word' id='word_1_582' title='bbox 2413 2326 2632 2394; x_wconf 79' lang='grc' dir='ltr'>ενέγκαι</span> <span class='ocrx_word' id='word_1_583' title='bbox 2651 2327 2728 2397; x_wconf 81' lang='grc' dir='ltr'><strong>τῷ</strong></span> <span class='ocrx_word' id='word_1_584' title='bbox 2749 2326 2864 2396; x_wconf 84' lang='grc' dir='ltr'><strong>ἰδίῳ</strong></span> <span class='ocrx_word' id='word_1_585' title='bbox 2881 2329 3129 2391; x_wconf 74' lang='grc' dir='ltr'>στόματι,</span> <span class='ocrx_word' id='word_1_586' title='bbox 3152 2325 3272 2378; x_wconf 80' lang='grc' dir='ltr'>οὔτε</span> <span class='ocrx_word' id='word_1_587' title='bbox 3296 2325 3423 2380; x_wconf 77' lang='grc' dir='ltr'>ἄλλο</span> <span class='ocrx_word' id='word_1_588' title='bbox 3439 2323 3587 2395; x_wconf 85' lang='grc' dir='ltr'>τιτῷ</span> <span class='ocrx_word' id='word_1_589' title='bbox 3611 2326 3821 2394; x_wconf 87' lang='grc' dir='ltr'>σώματι</span> <span class='ocrx_word' id='word_1_590' title='bbox 3843 2323 3990 2393; x_wconf 79' lang='grc'><strong>(31)·</strong></span> 
     </span>
    </p>
   </div>
   <div class='ocr_carea' id='block_1_79' title="bbox 2414 2411 3993 2488">
    <p class='ocr_par' dir='ltr' id='par_1_79' title="bbox 2414 2411 3993 2488">
     <span class='ocr_line' id='line_1_79' title="bbox 2414 2411 3993 2488; baseline -0.004 -17"><span class='ocrx_word' id='word_1_591' title='bbox 2414 2415 2638 2488; x_wconf 78' lang='grc' dir='ltr'>ἑϐδόμη,</span> <span class='ocrx_word' id='word_1_592' title='bbox 2675 2421 2707 2488; x_wconf 84' lang='grc' dir='ltr'>ἡ</span> <span class='ocrx_word' id='word_1_593' title='bbox 2742 2420 3084 2481; x_wconf 81' lang='grc' dir='ltr'>παρέκτασις</span> <span class='ocrx_word' id='word_1_594' title='bbox 3113 2419 3209 2488; x_wconf 77' lang='grc' dir='ltr'>τῆς</span> <span class='ocrx_word' id='word_1_595' title='bbox 3239 2417 3385 2488; x_wconf 80' lang='grc' dir='ltr'>ζωῆς</span> <span class='ocrx_word' id='word_1_596' title='bbox 3406 2434 3419 2447; x_wconf 86' lang='grc'><strong>·</strong></span> <span class='ocrx_word' id='word_1_597' title='bbox 3455 2417 3661 2478; x_wconf 77' lang='grc' dir='ltr'>ἐκεῖνος</span> <span class='ocrx_word' id='word_1_598' title='bbox 3685 2415 3792 2485; x_wconf 87' lang='grc' dir='ltr'><strong>γὰρ</strong></span> <span class='ocrx_word' id='word_1_599' title='bbox 3818 2411 3993 2466; x_wconf 66' lang='grc' dir='ltr'><strong>Δὲεὶού-</strong></span> 
     </span>
    </p>
   </div>
   <div class='ocr_carea' id='block_1_80' title="bbox 2412 2497 3987 2578">
    <p class='ocr_par' dir='ltr' id='par_1_80' title="bbox 2412 2497 3987 2578">
     <span class='ocr_line' id='line_1_80' title="bbox 2412 2497 3987 2578; baseline -0.002 -16"><span class='ocrx_word' id='word_1_600' title='bbox 2412 2513 2531 2563; x_wconf 89' lang='grc' dir='ltr'>λετο</span> <span class='ocrx_word' id='word_1_601' title='bbox 2556 2509 2884 2578; x_wconf 78' lang='grc' dir='ltr'>φονευθῆναι</span> <span class='ocrx_word' id='word_1_602' title='bbox 2931 2497 3436 2578; x_wconf 65' lang='grc' dir='ltr'>καιάπαλλαγῆναι</span> <span class='ocrx_word' id='word_1_603' title='bbox 3485 2507 3699 2562; x_wconf 85' lang='grc' dir='ltr'>πολλῶν</span> <span class='ocrx_word' id='word_1_604' title='bbox 3746 2507 3940 2570; x_wconf 79' lang='grc' dir='ltr'>κακῶν</span> <span class='ocrx_word' id='word_1_605' title='bbox 3971 2516 3987 2532; x_wconf 87' lang='grc'><strong><em>⁸</em></strong></span> 
     </span>
    </p>
   </div>
   <div class='ocr_carea' id='block_1_81' title="bbox 2413 2599 3989 2674">
    <p class='ocr_par' dir='ltr' id='par_1_81' title="bbox 2413 2599 3989 2674">
     <span class='ocr_line' id='line_1_81' title="bbox 2413 2599 3989 2674; baseline -0.004 -18"><span class='ocrx_word' id='word_1_606' title='bbox 2413 2604 2602 2674; x_wconf 84' lang='grc' dir='ltr'>κέρδος</span> <span class='ocrx_word' id='word_1_607' title='bbox 2629 2605 2738 2673; x_wconf 85' lang='grc' dir='ltr'>γὰρ</span> <span class='ocrx_word' id='word_1_608' title='bbox 2775 2605 2890 2666; x_wconf 84' lang='grc' dir='ltr'>τοῖς</span> <span class='ocrx_word' id='word_1_609' title='bbox 2953 2602 3337 2672; x_wconf 72' lang='grc' dir='ltr'>κολαζομένοις</span> <span class='ocrx_word' id='word_1_610' title='bbox 3389 2604 3416 2654; x_wconf 84' lang='grc' dir='ltr'>ὁ</span> <span class='ocrx_word' id='word_1_611' title='bbox 3467 2601 3696 2663; x_wconf 84' lang='grc' dir='ltr'>Θάνατος</span> <span class='ocrx_word' id='word_1_612' title='bbox 3749 2599 3989 2668; x_wconf 84' lang='grc' dir='ltr'>γίνεται,</span> 
     </span>
    </p>
   </div>
   <div class='ocr_carea' id='block_1_82' title="bbox 2411 2685 3991 2763">
    <p class='ocr_par' dir='ltr' id='par_1_82' title="bbox 2411 2685 3991 2763">
     <span class='ocr_line' id='line_1_82' title="bbox 2411 2685 3991 2763; baseline -0.004 -17"><span class='ocrx_word' id='word_1_613' title='bbox 2411 2695 2630 2763; x_wconf 84' lang='grc' dir='ltr'>ταχεῖαν</span> <span class='ocrx_word' id='word_1_614' title='bbox 2656 2694 2879 2761; x_wconf 69' lang='grc' dir='ltr'>ἐπάγων</span> <span class='ocrx_word' id='word_1_615' title='bbox 2915 2693 3015 2760; x_wconf 80' lang='grc' dir='ltr'><strong>τὴν</strong></span> <span class='ocrx_word' id='word_1_616' title='bbox 3039 2693 3214 2746; x_wconf 85' lang='grc' dir='ltr'>λύσιν.</span> <span class='ocrx_word' id='word_1_617' title='bbox 3267 2691 3324 2744; x_wconf 89' lang='lat'><strong>&#39;0</strong></span> <span class='ocrx_word' id='word_1_618' title='bbox 3368 2691 3424 2744; x_wconf 68' lang='grc' dir='ltr'>δὲ</span> <span class='ocrx_word' id='word_1_619' title='bbox 3472 2690 3603 2753; x_wconf 82' lang='grc' dir='ltr'>Θεὸς</span> <span class='ocrx_word' id='word_1_620' title='bbox 3640 2685 3792 2744; x_wconf 72' lang='grc' dir='ltr'>εἶπεν</span> <span class='ocrx_word' id='word_1_621' title='bbox 3816 2704 3829 2717; x_wconf 85' lang='lat'><strong>&#39;</strong></span> <span class='ocrx_word' id='word_1_622' title='bbox 3868 2689 3991 2758; x_wconf 81' lang='grc' dir='ltr'><strong>Οὐχ</strong></span> 
     </span>
    </p>
   </div>
   <div class='ocr_carea' id='block_1_83' title="bbox 2410 2776 3991 2848">
    <p class='ocr_par' dir='ltr' id='par_1_83' title="bbox 2410 2776 3991 2848">
     <span class='ocr_line' id='line_1_83' title="bbox 2410 2776 3991 2848; baseline -0.006 -11"><span class='ocrx_word' id='word_1_623' title='bbox 2410 2784 2614 2848; x_wconf 78' lang='grc' dir='ltr'>οὕτως·</span> <span class='ocrx_word' id='word_1_624' title='bbox 2655 2786 2762 2847; x_wconf 82' lang='grc' dir='ltr'>πᾶς</span> <span class='ocrx_word' id='word_1_625' title='bbox 2793 2788 2820 2837; x_wconf 83' lang='grc' dir='ltr'><strong>ὁ</strong></span> <span class='ocrx_word' id='word_1_626' title='bbox 2853 2781 3184 2846; x_wconf 78' lang='grc' dir='ltr'>ἀποκτείνας</span> <span class='ocrx_word' id='word_1_627' title='bbox 3244 2781 3383 2835; x_wconf 84' lang='grc' dir='ltr'>Κάῖν</span> <span class='ocrx_word' id='word_1_628' title='bbox 3427 2780 3569 2834; x_wconf 80' lang='grc' dir='ltr'>ἑπτὰ</span> <span class='ocrx_word' id='word_1_629' title='bbox 3619 2776 3991 2846; x_wconf 84' lang='grc' dir='ltr'>ὲκδικούμενσ.</span> 
     </span>
    </p>
   </div>
   <div class='ocr_carea' id='block_1_84' title="bbox 2414 2869 3989 2948">
    <p class='ocr_par' dir='ltr' id='par_1_84' title="bbox 2414 2869 3989 2948">
     <span class='ocr_line' id='line_1_84' title="bbox 2414 2869 3989 2948; baseline -0.006 -20"><span class='ocrx_word' id='word_1_630' title='bbox 2414 2877 2738 2948; x_wconf 76' lang='grc' dir='ltr'>παραλύσει,</span> <span class='ocrx_word' id='word_1_631' title='bbox 2772 2876 3074 2943; x_wconf 81' lang='grc' dir='ltr'>τουτέστιν,</span> <span class='ocrx_word' id='word_1_632' title='bbox 3123 2874 3264 2928; x_wconf 77' lang='grc' dir='ltr'>ἑπτὰ</span> <span class='ocrx_word' id='word_1_633' title='bbox 3300 2876 3607 2942; x_wconf 80' lang='grc' dir='ltr'>ὲκδικήσεις</span> <span class='ocrx_word' id='word_1_634' title='bbox 3653 2869 3989 2940; x_wconf 85' lang='grc' dir='ltr'>παραλύσει,</span> 
     </span>
    </p>
   </div>
   <div class='ocr_carea' id='block_1_85' title="bbox 2411 2964 3988 3040">
    <p class='ocr_par' dir='ltr' id='par_1_85' title="bbox 2411 2964 3988 3040">
     <span class='ocr_line' id='line_1_85' title="bbox 2411 2964 3988 3040; baseline -0.004 -18"><span class='ocrx_word' id='word_1_635' title='bbox 2411 2970 2527 3040; x_wconf 71' lang='grc' dir='ltr'>ἦτοι</span> <span class='ocrx_word' id='word_1_636' title='bbox 2558 2971 2890 3038; x_wconf 71' lang='grc' dir='ltr'>ἀποστρέφει</span> <span class='ocrx_word' id='word_1_637' title='bbox 2922 2967 3016 3022; x_wconf 84' lang='grc' dir='ltr'>τοῦ</span> <span class='ocrx_word' id='word_1_638' title='bbox 3063 2965 3229 3020; x_wconf 78' lang='grc' dir='ltr'>Ἀὁελ</span> <span class='ocrx_word' id='word_1_639' title='bbox 3269 2965 3642 3034; x_wconf 69' lang='grc' dir='ltr'>φονευθέντος.</span> <span class='ocrx_word' id='word_1_640' title='bbox 3684 2964 3988 3033; x_wconf 80' lang='grc' dir='ltr'>Ἐγεννήθη</span> 
     </span>
    </p>
   </div>
   <div class='ocr_carea' id='block_1_86' title="bbox 2408 3056 3984 3132">
    <p class='ocr_par' dir='ltr' id='par_1_86' title="bbox 2408 3056 3984 3132">
     <span class='ocr_line' id='line_1_86' title="bbox 2408 3056 3984 3132; baseline -0.004 -18"><span class='ocrx_word' id='word_1_641' title='bbox 2408 3061 2565 3132; x_wconf 81' lang='grc' dir='ltr'><strong>ὁΣὴθ</strong></span> <span class='ocrx_word' id='word_1_642' title='bbox 2598 3063 2783 3131; x_wconf 85' lang='grc' dir='ltr'>ὅμοιος</span> <span class='ocrx_word' id='word_1_643' title='bbox 2815 3061 2892 3131; x_wconf 81' lang='grc' dir='ltr'>τῷ</span> <span class='ocrx_word' id='word_1_644' title='bbox 2942 3061 3141 3130; x_wconf 72' lang='grc' dir='ltr'>Ἀδὰμ,</span> <span class='ocrx_word' id='word_1_645' title='bbox 3204 3060 3440 3125; x_wconf 88' lang='grc' dir='ltr'>δίκαιος,</span> <span class='ocrx_word' id='word_1_646' title='bbox 3499 3057 3684 3124; x_wconf 80' lang='grc' dir='ltr'>σοφὸς,</span> <span class='ocrx_word' id='word_1_647' title='bbox 3745 3056 3984 3120; x_wconf 74' lang='grc' dir='ltr'>ἄκακος,</span> 
     </span>
    </p>
   </div>
   <div class='ocr_carea' id='block_1_87' title="bbox 2328 3147 3991 3225">
    <p class='ocr_par' dir='ltr' id='par_1_87' title="bbox 2328 3147 3991 3225">
     <span class='ocr_line' id='line_1_87' title="bbox 2328 3147 3991 3225; baseline -0.016 -1"><span class='ocrx_word' id='word_1_648' title='bbox 2328 3161 2374 3225; x_wconf 90' lang='lat' dir='ltr'><strong><em>C</em></strong></span> <span class='ocrx_word' id='word_1_649' title='bbox 2410 3154 2610 3225; x_wconf 76' lang='grc' dir='ltr'>πραῢς.</span> <span class='ocrx_word' id='word_1_650' title='bbox 2653 3155 2976 3225; x_wconf 72' lang='grc' dir='ltr'>ἐπιστήμων</span> <span class='ocrx_word' id='word_1_651' title='bbox 3006 3171 3020 3186; x_wconf 84' lang='lat'><strong><em>°</em></strong></span> <span class='ocrx_word' id='word_1_652' title='bbox 3052 3154 3213 3218; x_wconf 82' lang='grc' dir='ltr'>αὐτὸς</span> <span class='ocrx_word' id='word_1_653' title='bbox 3246 3153 3355 3223; x_wconf 82' lang='grc' dir='ltr'>γὰρ</span> <span class='ocrx_word' id='word_1_654' title='bbox 3385 3157 3483 3215; x_wconf 86' lang='grc' dir='ltr'>τὰς</span> <span class='ocrx_word' id='word_1_655' title='bbox 3517 3152 3825 3220; x_wconf 75' lang='grc' dir='ltr'>ἐπιστήμας</span> <span class='ocrx_word' id='word_1_656' title='bbox 3855 3147 3991 3215; x_wconf 78' lang='grc' dir='ltr'><strong>ἐφε-</strong></span> 
     </span>
    </p>
   </div>
   <div class='ocr_carea' id='block_1_88' title="bbox 2420 3238 3988 3317">
    <p class='ocr_par' dir='ltr' id='par_1_88' title="bbox 2420 3238 3988 3317">
     <span class='ocr_line' id='line_1_88' title="bbox 2420 3238 3988 3317; baseline -0.004 -19"><span class='ocrx_word' id='word_1_657' title='bbox 2420 3263 2533 3316; x_wconf 82' lang='grc' dir='ltr'>ρεν.</span> <span class='ocrx_word' id='word_1_658' title='bbox 2566 3242 2731 3308; x_wconf 83' lang='grc' dir='ltr'>Οὗτος</span> <span class='ocrx_word' id='word_1_659' title='bbox 2759 3247 3018 3317; x_wconf 76' lang='grc' dir='ltr'>ἐγέννησε</span> <span class='ocrx_word' id='word_1_660' title='bbox 3065 3247 3155 3298; x_wconf 72' lang='grc' dir='ltr'><strong>τὸν</strong></span> <span class='ocrx_word' id='word_1_661' title='bbox 3219 3245 3382 3307; x_wconf 86' lang='grc' dir='ltr'>Ἐνὼς</span> <span class='ocrx_word' id='word_1_662' title='bbox 3436 3245 3620 3314; x_wconf 80' lang='grc' dir='ltr'>ὅμοιον</span> <span class='ocrx_word' id='word_1_663' title='bbox 3667 3239 3850 3310; x_wconf 79' lang='grc' dir='ltr'>αὐτῷ·</span> <span class='ocrx_word' id='word_1_664' title='bbox 3894 3238 3988 3291; x_wconf 71' lang='grc' dir='ltr'>διὰ</span> 
     </span>
    </p>
   </div>
   <div class='ocr_carea' id='block_1_89' title="bbox 2417 3329 3985 3410">
    <p class='ocr_par' dir='ltr' id='par_1_89' title="bbox 2417 3329 3985 3410">
     <span class='ocr_line' id='line_1_89' title="bbox 2417 3329 3985 3410; baseline -0.006 -18"><span class='ocrx_word' id='word_1_665' title='bbox 2417 3340 2524 3410; x_wconf 87' lang='grc' dir='ltr'><strong>γὰρ</strong></span> <span class='ocrx_word' id='word_1_666' title='bbox 2564 3341 2662 3403; x_wconf 79' lang='grc' dir='ltr'>τὰς</span> <span class='ocrx_word' id='word_1_667' title='bbox 2701 3339 2900 3409; x_wconf 85' lang='grc' dir='ltr'>ἀρετὰς</span> <span class='ocrx_word' id='word_1_668' title='bbox 2927 3333 3240 3392; x_wconf 76' lang='grc' dir='ltr'>αύτοῦθεὸν</span> <span class='ocrx_word' id='word_1_669' title='bbox 3271 3337 3431 3391; x_wconf 69' lang='grc' dir='ltr'>αὐτὸν</span> <span class='ocrx_word' id='word_1_670' title='bbox 3474 3333 3723 3388; x_wconf 76' lang='grc' dir='ltr'>ἐκάλουν.</span> <span class='ocrx_word' id='word_1_671' title='bbox 3775 3329 3985 3384; x_wconf 84' lang='grc' dir='ltr'>Τούτου</span> 
     </span>
    </p>
   </div>
   <div class='ocr_carea' id='block_1_90' title="bbox 2415 3421 3988 3500">
    <p class='ocr_par' dir='ltr' id='par_1_90' title="bbox 2415 3421 3988 3500">
     <span class='ocr_line' id='line_1_90' title="bbox 2415 3421 3988 3500; baseline -0.006 -15"><span class='ocrx_word' id='word_1_672' title='bbox 2415 3437 2462 3485; x_wconf 86' lang='grc' dir='ltr'>οἱ</span> <span class='ocrx_word' id='word_1_673' title='bbox 2489 3433 2594 3485; x_wconf 76' lang='grc' dir='ltr'>υίοι</span> <span class='ocrx_word' id='word_1_674' title='bbox 2613 3433 2810 3493; x_wconf 79' lang='grc' dir='ltr'>ἰδόντες</span> <span class='ocrx_word' id='word_1_675' title='bbox 2839 3433 2937 3493; x_wconf 78' lang='grc' dir='ltr'>τὰς</span> <span class='ocrx_word' id='word_1_676' title='bbox 2977 3431 3287 3500; x_wconf 81' lang='grc' dir='ltr'>Θυγατέρας</span> <span class='ocrx_word' id='word_1_677' title='bbox 3319 3427 3412 3480; x_wconf 73' lang='grc' dir='ltr'>τοῦ</span> <span class='ocrx_word' id='word_1_678' title='bbox 3450 3427 3591 3479; x_wconf 80' lang='grc' dir='ltr'>Κάῖν</span> <span class='ocrx_word' id='word_1_679' title='bbox 3636 3423 3843 3476; x_wconf 59' lang='grc' dir='ltr'>ἔλαϐον</span> <span class='ocrx_word' id='word_1_680' title='bbox 3885 3421 3988 3476; x_wconf 67' lang='lat' dir='ltr'><strong>a0-</strong></span> 
     </span>
    </p>
   </div>
   <div class='ocr_carea' id='block_1_91' title="bbox 2415 3517 3988 3594">
    <p class='ocr_par' dir='ltr' id='par_1_91' title="bbox 2415 3517 3988 3594">
     <span class='ocr_line' id='line_1_91' title="bbox 2415 3517 3988 3594; baseline -0.007 -15"><span class='ocrx_word' id='word_1_681' title='bbox 2415 3529 2526 3589; x_wconf 87' lang='grc' dir='ltr'>τοῖς</span> <span class='ocrx_word' id='word_1_682' title='bbox 2561 3525 2673 3594; x_wconf 71' lang='lat'><strong>(32)</strong></span> <span class='ocrx_word' id='word_1_683' title='bbox 2702 3526 2986 3591; x_wconf 83' lang='grc' dir='ltr'>γυναῖκας.</span> <span class='ocrx_word' id='word_1_684' title='bbox 3022 3520 3270 3590; x_wconf 78' lang='grc' dir='ltr'>Κελεφοῦ</span> <span class='ocrx_word' id='word_1_685' title='bbox 3305 3519 3414 3590; x_wconf 86' lang='grc' dir='ltr'><strong>γὰρ</strong></span> <span class='ocrx_word' id='word_1_686' title='bbox 3448 3519 3640 3586; x_wconf 78' lang='grc' dir='ltr'>γένους</span> <span class='ocrx_word' id='word_1_687' title='bbox 3681 3517 3988 3586; x_wconf 70' lang='grc' dir='ltr'>Θυγατέρες</span> 
     </span>
    </p>
   </div>
   <div class='ocr_carea' id='block_1_92' title="bbox 2411 3605 3990 3689">
    <p class='ocr_par' dir='ltr' id='par_1_92' title="bbox 2411 3605 3990 3689">
     <span class='ocr_line' id='line_1_92' title="bbox 2411 3605 3990 3689; baseline -0.008 -17"><span class='ocrx_word' id='word_1_688' title='bbox 2411 3620 2609 3689; x_wconf 82' lang='grc' dir='ltr'>ὡραῖαι</span> <span class='ocrx_word' id='word_1_689' title='bbox 2650 3618 2891 3686; x_wconf 88' lang='grc' dir='ltr'>γίνονται</span> <span class='ocrx_word' id='word_1_690' title='bbox 2922 3619 2983 3687; x_wconf 82' lang='grc' dir='ltr'>τῇ</span> <span class='ocrx_word' id='word_1_691' title='bbox 3017 3615 3159 3684; x_wconf 72' lang='grc' dir='ltr'>ὄψει.</span> <span class='ocrx_word' id='word_1_692' title='bbox 3202 3614 3437 3665; x_wconf 74' lang='grc' dir='ltr'>Ἐκεῖναι</span> <span class='ocrx_word' id='word_1_693' title='bbox 3492 3610 3548 3662; x_wconf 78' lang='grc' dir='ltr'>δὲ</span> <span class='ocrx_word' id='word_1_694' title='bbox 3591 3609 3840 3674; x_wconf 72' lang='grc' dir='ltr'>ἐδίδαξαν</span> <span class='ocrx_word' id='word_1_695' title='bbox 3882 3605 3990 3661; x_wconf 70' lang='grc' dir='ltr'>αὖ·</span> 
     </span>
    </p>
   </div>
   <div class='ocr_carea' id='block_1_93' title="bbox 2412 3696 3984 3775">
    <p class='ocr_par' dir='ltr' id='par_1_93' title="bbox 2412 3696 3984 3775">
     <span class='ocr_line' id='line_1_93' title="bbox 2412 3696 3984 3775; baseline -0.009 -14"><span class='ocrx_word' id='word_1_696' title='bbox 2412 3710 2537 3771; x_wconf 84' lang='grc' dir='ltr'>τοὺς</span> <span class='ocrx_word' id='word_1_697' title='bbox 2559 3707 2627 3760; x_wconf 83' lang='grc' dir='ltr'>τὰ</span> <span class='ocrx_word' id='word_1_698' title='bbox 2653 3705 2878 3775; x_wconf 85' lang='grc' dir='ltr'>πατρῷα</span> <span class='ocrx_word' id='word_1_699' title='bbox 2905 3703 3069 3764; x_wconf 84' lang='grc' dir='ltr'>κακὰ,</span> <span class='ocrx_word' id='word_1_700' title='bbox 3116 3700 3410 3773; x_wconf 75' lang='grc' dir='ltr'>ἁρπάζειν,</span> <span class='ocrx_word' id='word_1_701' title='bbox 3442 3699 3710 3768; x_wconf 81' lang='grc' dir='ltr'>φονεύειν,</span> <span class='ocrx_word' id='word_1_702' title='bbox 3753 3696 3984 3766; x_wconf 69' lang='grc' dir='ltr'>ἐρίζειν,</span> 
     </span>
    </p>
   </div>
   <div class='ocr_carea' id='block_1_94' title="bbox 2413 3789 3986 3872">
    <p class='ocr_par' dir='ltr' id='par_1_94' title="bbox 2413 3789 3986 3872">
     <span class='ocr_line' id='line_1_94' title="bbox 2413 3789 3986 3872; baseline -0.011 -18"><span class='ocrx_word' id='word_1_703' title='bbox 2413 3802 2571 3872; x_wconf 82' lang='grc' dir='ltr'>ὄρους</span> <span class='ocrx_word' id='word_1_704' title='bbox 2634 3799 2862 3863; x_wconf 80' lang='grc' dir='ltr'>τιθέναι,</span> <span class='ocrx_word' id='word_1_705' title='bbox 2917 3797 3102 3859; x_wconf 83' lang='grc' dir='ltr'>πόλεις</span> <span class='ocrx_word' id='word_1_706' title='bbox 3163 3795 3468 3863; x_wconf 78' lang='grc' dir='ltr'>οἰκοδομεῖν</span> <span class='ocrx_word' id='word_1_707' title='bbox 3522 3790 3761 3861; x_wconf 80' lang='grc' dir='ltr'>(πρῶτος</span> <span class='ocrx_word' id='word_1_708' title='bbox 3805 3789 3916 3857; x_wconf 84' lang='grc' dir='ltr'>γὰρ</span> <span class='ocrx_word' id='word_1_709' title='bbox 3956 3789 3986 3838; x_wconf 78' lang='grc' dir='ltr'>ὁ</span> 
     </span>
    </p>
   </div>
   <div class='ocr_carea' id='block_1_95' title="bbox 2414 3881 3983 3959">
    <p class='ocr_par' dir='ltr' id='par_1_95' title="bbox 2414 3881 3983 3959">
     <span class='ocr_line' id='line_1_95' title="bbox 2414 3881 3983 3959; baseline -0.01 -13"><span class='ocrx_word' id='word_1_710' title='bbox 2414 3892 2556 3946; x_wconf 83' lang='grc' dir='ltr'>Κάῖν</span> <span class='ocrx_word' id='word_1_711' title='bbox 2583 3889 2903 3959; x_wconf 81' lang='grc' dir='ltr'>ᾠκοδόμησε</span> <span class='ocrx_word' id='word_1_712' title='bbox 2935 3888 3134 3955; x_wconf 80' lang='grc' dir='ltr'>πόλιν),</span> <span class='ocrx_word' id='word_1_713' title='bbox 3187 3885 3460 3954; x_wconf 84' lang='grc' dir='ltr'>πολέμους</span> <span class='ocrx_word' id='word_1_714' title='bbox 3493 3885 3668 3935; x_wconf 81' lang='grc' dir='ltr'>ποιεῖν</span> <span class='ocrx_word' id='word_1_715' title='bbox 3701 3881 3788 3933; x_wconf 83' lang='grc' dir='ltr'>διὰ</span> <span class='ocrx_word' id='word_1_716' title='bbox 3848 3881 3983 3948; x_wconf 82' lang='grc' dir='ltr'>μίαν</span> 
     </span>
    </p>
   </div>
   <div class='ocr_carea' id='block_1_96' title="bbox 2414 3976 3983 4056">
    <p class='ocr_par' dir='ltr' id='par_1_96' title="bbox 2414 3976 3983 4056">
     <span class='ocr_line' id='line_1_96' title="bbox 2414 3976 3983 4056; baseline -0.008 -17"><span class='ocrx_word' id='word_1_717' title='bbox 2414 3989 2666 4056; x_wconf 87' lang='grc' dir='ltr'>γυναῖκα,</span> <span class='ocrx_word' id='word_1_718' title='bbox 2696 3985 2788 4037; x_wconf 81' lang='grc' dir='ltr'>καὶ</span> <span class='ocrx_word' id='word_1_719' title='bbox 2821 3985 3084 4053; x_wconf 88' lang='grc' dir='ltr'>γυναῖκας</span> <span class='ocrx_word' id='word_1_720' title='bbox 3110 3981 3367 4049; x_wconf 81' lang='grc' dir='ltr'>πολεμεῖν</span> <span class='ocrx_word' id='word_1_721' title='bbox 3396 3979 3482 4031; x_wconf 84' lang='grc' dir='ltr'>διὰ</span> <span class='ocrx_word' id='word_1_722' title='bbox 3512 3979 3604 4030; x_wconf 73' lang='grc' dir='ltr'><strong>ἕνα</strong></span> <span class='ocrx_word' id='word_1_723' title='bbox 3644 3976 3830 4044; x_wconf 75' lang='grc' dir='ltr'>ἄνδρα.</span> <span class='ocrx_word' id='word_1_724' title='bbox 3867 3976 3983 4028; x_wconf 76' lang='grc' dir='ltr'><strong>Καὶ</strong></span> 
     </span>
    </p>
   </div>
   <div class='ocr_carea' id='block_1_97' title="bbox 2412 4065 3982 4147">
    <p class='ocr_par' dir='ltr' id='par_1_97' title="bbox 2412 4065 3982 4147">
     <span class='ocr_line' id='line_1_97' title="bbox 2412 4065 3982 4147; baseline -0.011 -13"><span class='ocrx_word' id='word_1_725' title='bbox 2412 4081 2595 4134; x_wconf 78' lang='grc' dir='ltr'>λοιπὸν</span> <span class='ocrx_word' id='word_1_726' title='bbox 2619 4076 2984 4147; x_wconf 78' lang='grc' dir='ltr'>ἐγεννήθησαν</span> <span class='ocrx_word' id='word_1_727' title='bbox 3011 4079 3056 4126; x_wconf 82' lang='lat' dir='ltr'><strong>ot</strong></span> <span class='ocrx_word' id='word_1_728' title='bbox 3081 4073 3358 4140; x_wconf 86' lang='grc' dir='ltr'>γίγαντες.</span> <span class='ocrx_word' id='word_1_729' title='bbox 3415 4071 3524 4123; x_wconf 71' lang='grc' dir='ltr'><strong>Καὶ</strong></span> <span class='ocrx_word' id='word_1_730' title='bbox 3557 4067 3740 4122; x_wconf 79' lang='grc' dir='ltr'>οὐκέτι</span> <span class='ocrx_word' id='word_1_731' title='bbox 3783 4065 3982 4135; x_wconf 79' lang='grc' dir='ltr'>ἔφερεν</span> 
     </span>
    </p>
   </div>
   <div class='ocr_carea' id='block_1_98' title="bbox 2410 4158 3980 4244">
    <p class='ocr_par' dir='ltr' id='par_1_98' title="bbox 2410 4158 3980 4244">
     <span class='ocr_line' id='line_1_98' title="bbox 2410 4158 3980 4244; baseline -0.013 -16"><span class='ocrx_word' id='word_1_732' title='bbox 2410 4178 2443 4242; x_wconf 85' lang='grc' dir='ltr'>ὴ</span> <span class='ocrx_word' id='word_1_733' title='bbox 2474 4175 2567 4244; x_wconf 84' lang='grc' dir='ltr'><strong>γῆ.</strong></span> <span class='ocrx_word' id='word_1_734' title='bbox 2601 4173 2713 4226; x_wconf 72' lang='grc' dir='ltr'><strong>Καὶ</strong></span> <span class='ocrx_word' id='word_1_735' title='bbox 2737 4169 2859 4223; x_wconf 84' lang='grc' dir='ltr'>ίδὼν</span> <span class='ocrx_word' id='word_1_736' title='bbox 2888 4171 2915 4221; x_wconf 84' lang='grc' dir='ltr'>ὁ</span> <span class='ocrx_word' id='word_1_737' title='bbox 2942 4168 3071 4230; x_wconf 83' lang='grc' dir='ltr'>Θεὸς</span> <span class='ocrx_word' id='word_1_738' title='bbox 3100 4167 3167 4220; x_wconf 85' lang='grc' dir='ltr'>τὰ</span> <span class='ocrx_word' id='word_1_739' title='bbox 3209 4168 3354 4219; x_wconf 81' lang='grc' dir='ltr'>κακὰ</span> <span class='ocrx_word' id='word_1_740' title='bbox 3377 4163 3513 4233; x_wconf 76' lang='grc' dir='ltr'>ἔργα</span> <span class='ocrx_word' id='word_1_741' title='bbox 3537 4163 3645 4215; x_wconf 87' lang='grc' dir='ltr'><strong>τῶν</strong></span> <span class='ocrx_word' id='word_1_742' title='bbox 3672 4158 3980 4230; x_wconf 87' lang='grc' dir='ltr'>ἀνθρώπων</span> 
     </span>
    </p>
   </div>
   <div class='ocr_carea' id='block_1_99' title="bbox 2409 4251 3980 4336">
    <p class='ocr_par' dir='ltr' id='par_1_99' title="bbox 2409 4251 3980 4336">
     <span class='ocr_line' id='line_1_99' title="bbox 2409 4251 3980 4336; baseline -0.01 -18"><span class='ocrx_word' id='word_1_743' title='bbox 2409 4267 2657 4336; x_wconf 81' lang='grc' dir='ltr'>ἐπήγαγε</span> <span class='ocrx_word' id='word_1_744' title='bbox 2690 4263 2801 4334; x_wconf 78' lang='grc'><strong>(55)</strong></span> <span class='ocrx_word' id='word_1_745' title='bbox 2837 4262 2930 4313; x_wconf 81' lang='grc' dir='ltr'><strong>τὸν</strong></span> <span class='ocrx_word' id='word_1_746' title='bbox 2974 4257 3376 4323; x_wconf 81' lang='grc' dir='ltr'>κατακλυσμὸν,</span> <span class='ocrx_word' id='word_1_747' title='bbox 3425 4255 3519 4308; x_wconf 77' lang='grc' dir='ltr'><strong>καὶ</strong></span> <span class='ocrx_word' id='word_1_748' title='bbox 3596 4252 3747 4304; x_wconf 70' lang='lat' dir='ltr'><strong>eam</strong></span> <span class='ocrx_word' id='word_1_749' title='bbox 3809 4251 3980 4303; x_wconf 85' lang='grc' dir='ltr'>κατέ-</span> 
     </span>
    </p>
   </div>
   <div class='ocr_carea' id='block_1_100' title="bbox 2412 4342 3979 4426">
    <p class='ocr_par' dir='ltr' id='par_1_100' title="bbox 2412 4342 3979 4426">
     <span class='ocr_line' id='line_1_100' title="bbox 2412 4342 3979 4426; baseline -0.011 -13"><span class='ocrx_word' id='word_1_750' title='bbox 2412 4362 2580 4414; x_wconf 87' lang='grc' dir='ltr'>πλυνε</span> <span class='ocrx_word' id='word_1_751' title='bbox 2612 4358 2711 4426; x_wconf 74' lang='grc' dir='ltr'>τὴν</span> <span class='ocrx_word' id='word_1_752' title='bbox 2740 4354 3014 4424; x_wconf 83' lang='grc' dir='ltr'>ἁμαρτίαν</span> <span class='ocrx_word' id='word_1_753' title='bbox 3039 4352 3130 4403; x_wconf 75' lang='grc' dir='ltr'>καὶ</span> <span class='ocrx_word' id='word_1_754' title='bbox 3160 4349 3394 4415; x_wconf 78' lang='grc' dir='ltr'>ὲκάθαρε</span> <span class='ocrx_word' id='word_1_755' title='bbox 3415 4347 3513 4416; x_wconf 80' lang='grc' dir='ltr'><strong>τὴν</strong></span> <span class='ocrx_word' id='word_1_756' title='bbox 3554 4346 3681 4413; x_wconf 81' lang='grc' dir='ltr'>γῆν.</span> <span class='ocrx_word' id='word_1_757' title='bbox 3719 4345 3855 4396; x_wconf 85' lang='grc' dir='ltr'>Ἕνα</span> <span class='ocrx_word' id='word_1_758' title='bbox 3921 4342 3979 4396; x_wconf 73' lang='grc' dir='ltr'>δὲ</span> 
     </span>
    </p>
   </div>
   <div class='ocr_carea' id='block_1_101' title="bbox 2410 4437 3978 4511">
    <p class='ocr_par' dir='ltr' id='par_1_101' title="bbox 2410 4437 3978 4511">
     <span class='ocr_line' id='line_1_101' title="bbox 2410 4437 3978 4511; baseline -0.012 -4"><span class='ocrx_word' id='word_1_759' title='bbox 2410 4455 2616 4507; x_wconf 78' lang='grc' dir='ltr'>δίκαιον</span> <span class='ocrx_word' id='word_1_760' title='bbox 2645 4451 2772 4502; x_wconf 77' lang='grc' dir='ltr'>ὄντα</span> <span class='ocrx_word' id='word_1_761' title='bbox 2796 4449 2860 4499; x_wconf 81' lang='grc' dir='ltr'><strong>ἐκ</strong></span> <span class='ocrx_word' id='word_1_762' title='bbox 2892 4445 3102 4498; x_wconf 85' lang='grc' dir='ltr'>δικαίου</span> <span class='ocrx_word' id='word_1_763' title='bbox 3128 4443 3465 4511; x_wconf 79' lang='grc' dir='ltr'>σπέρματος,</span> <span class='ocrx_word' id='word_1_764' title='bbox 3498 4438 3642 4504; x_wconf 82' lang='grc' dir='ltr'>Νωὲ,</span> <span class='ocrx_word' id='word_1_765' title='bbox 3676 4437 3978 4506; x_wconf 79' lang='grc' dir='ltr'>περιέσωσε</span> 
     </span>
    </p>
   </div>
   <div class='ocr_carea' id='block_1_102' title="bbox 2413 4527 3976 4612">
    <p class='ocr_par' dir='ltr' id='par_1_102' title="bbox 2413 4527 3976 4612">
     <span class='ocr_line' id='line_1_102' title="bbox 2413 4527 3976 4612; baseline -0.012 -14"><span class='ocrx_word' id='word_1_766' title='bbox 2413 4548 2509 4598; x_wconf 81' lang='grc' dir='ltr'><strong>σὺν</strong></span> <span class='ocrx_word' id='word_1_767' title='bbox 2538 4541 2760 4612; x_wconf 75' lang='grc' dir='ltr'>γυναικὶ</span> <span class='ocrx_word' id='word_1_768' title='bbox 2796 4539 2890 4592; x_wconf 77' lang='grc' dir='ltr'>καὶ</span> <span class='ocrx_word' id='word_1_769' title='bbox 2918 4539 3094 4605; x_wconf 73' lang='grc' dir='ltr'>τρισὶν</span> <span class='ocrx_word' id='word_1_770' title='bbox 3127 4536 3262 4596; x_wconf 75' lang='grc' dir='ltr'>υἱοῖς</span> <span class='ocrx_word' id='word_1_771' title='bbox 3301 4531 3449 4602; x_wconf 85' lang='grc' dir='ltr'>μετὰ·</span> <span class='ocrx_word' id='word_1_772' title='bbox 3469 4528 3765 4598; x_wconf 83' lang='grc' dir='ltr'>γυναικῶν,</span> <span class='ocrx_word' id='word_1_773' title='bbox 3790 4527 3976 4581; x_wconf 86' lang='grc' dir='ltr'>κελεύ-</span> 
     </span>
    </p>
   </div>
   <div class='ocr_carea' id='block_1_103' title="bbox 2412 4618 3976 4701">
    <p class='ocr_par' dir='ltr' id='par_1_103' title="bbox 2412 4618 3976 4701">
     <span class='ocr_line' id='line_1_103' title="bbox 2412 4618 3976 4701; baseline -0.011 -13"><span class='ocrx_word' id='word_1_774' title='bbox 2412 4654 2508 4700; x_wconf 87' lang='grc' dir='ltr'><strong>σας</strong></span> <span class='ocrx_word' id='word_1_775' title='bbox 2557 4633 2717 4688; x_wconf 82' lang='grc' dir='ltr'>αὐτδν</span> <span class='ocrx_word' id='word_1_776' title='bbox 2768 4633 2990 4701; x_wconf 83' lang='grc' dir='ltr'>ποιῆσαι</span> <span class='ocrx_word' id='word_1_777' title='bbox 3050 4627 3232 4679; x_wconf 87' lang='grc' dir='ltr'>πλοῖον</span> <span class='ocrx_word' id='word_1_778' title='bbox 3290 4624 3452 4693; x_wconf 87' lang='grc' dir='ltr'>μέγα.</span> <span class='ocrx_word' id='word_1_779' title='bbox 3491 4623 3598 4674; x_wconf 76' lang='grc' dir='ltr'>Καὶ</span> <span class='ocrx_word' id='word_1_780' title='bbox 3640 4620 3760 4690; x_wconf 88' lang='grc' dir='ltr'>μετ’</span> <span class='ocrx_word' id='word_1_781' title='bbox 3805 4618 3976 4672; x_wconf 83' lang='grc' dir='ltr'>αὑτοῦ</span> 
     </span>
    </p>
   </div>
   <div class='ocr_carea' id='block_1_104' title="bbox 2411 4712 3977 4799">
    <p class='ocr_par' dir='ltr' id='par_1_104' title="bbox 2411 4712 3977 4799">
     <span class='ocr_line' id='line_1_104' title="bbox 2411 4712 3977 4799; baseline -0.013 -17"><span class='ocrx_word' id='word_1_782' title='bbox 2411 4730 2726 4799; x_wconf 76' lang='grc' dir='ltr'>εἰσήνεγκεν</span> <span class='ocrx_word' id='word_1_783' title='bbox 2768 4723 2876 4776; x_wconf 80' lang='grc' dir='ltr'>ἀπὸ</span> <span class='ocrx_word' id='word_1_784' title='bbox 2898 4721 3098 4781; x_wconf 76' lang='grc' dir='ltr'>παντὸς</span> <span class='ocrx_word' id='word_1_785' title='bbox 3132 4717 3271 4780; x_wconf 79' lang='grc' dir='ltr'>ζώου</span> <span class='ocrx_word' id='word_1_786' title='bbox 3296 4717 3388 4769; x_wconf 80' lang='grc' dir='ltr'>καὶ</span> <span class='ocrx_word' id='word_1_787' title='bbox 3420 4716 3529 4768; x_wconf 72' lang='grc' dir='ltr'><strong>ἀπὸ</strong></span> <span class='ocrx_word' id='word_1_788' title='bbox 3557 4712 3758 4775; x_wconf 84' lang='grc' dir='ltr'>παντὸς</span> <span class='ocrx_word' id='word_1_789' title='bbox 3808 4713 3977 4780; x_wconf 77' lang='grc' dir='ltr'>σπέρο</span> 
     </span>
    </p>
   </div>
   <div class='ocr_carea' id='block_1_105' title="bbox 2413 4801 3974 4888">
    <p class='ocr_par' dir='ltr' id='par_1_105' title="bbox 2413 4801 3974 4888">
     <span class='ocr_line' id='line_1_105' title="bbox 2413 4801 3974 4888; baseline -0.013 -15"><span class='ocrx_word' id='word_1_790' title='bbox 2413 4835 2601 4888; x_wconf 89' lang='grc' dir='ltr'>ματος.</span> <span class='ocrx_word' id='word_1_791' title='bbox 2630 4817 2734 4869; x_wconf 84' lang='grc' dir='ltr'>Τὸν</span> <span class='ocrx_word' id='word_1_792' title='bbox 2765 4814 2821 4867; x_wconf 78' lang='grc' dir='ltr'>δὲ</span> <span class='ocrx_word' id='word_1_793' title='bbox 2857 4811 3042 4864; x_wconf 80' lang='grc' dir='ltr'>λοιπὸν</span> <span class='ocrx_word' id='word_1_794' title='bbox 3069 4810 3280 4862; x_wconf 77' lang='grc' dir='ltr'>ἅπαντα</span> <span class='ocrx_word' id='word_1_795' title='bbox 3300 4808 3502 4874; x_wconf 85' lang='grc' dir='ltr'>κόσμον</span> <span class='ocrx_word' id='word_1_796' title='bbox 3529 4803 3830 4857; x_wconf 83' lang='grc' dir='ltr'>ἀπώλεσεν.</span> <span class='ocrx_word' id='word_1_797' title='bbox 3867 4801 3974 4853; x_wconf 66' lang='grc' dir='ltr'><strong>Καὶ</strong></span> 
     </span>
    </p>
   </div>
   <div class='ocr_carea' id='block_1_106' title="bbox 2410 4892 3975 4976">
    <p class='ocr_par' dir='ltr' id='par_1_106' title="bbox 2410 4892 3975 4976">
     <span class='ocr_line' id='line_1_106' title="bbox 2410 4892 3975 4976; baseline -0.011 -15"><span class='ocrx_word' id='word_1_798' title='bbox 2410 4910 2570 4963; x_wconf 74' lang='grc' dir='ltr'>πάλ-ιν</span> <span class='ocrx_word' id='word_1_799' title='bbox 2629 4904 3044 4976; x_wconf 87' lang='grc' dir='ltr'>πληθυνθέντων</span> <span class='ocrx_word' id='word_1_800' title='bbox 3106 4900 3214 4951; x_wconf 89' lang='grc' dir='ltr'><strong>τῶν</strong></span> <span class='ocrx_word' id='word_1_801' title='bbox 3261 4895 3562 4965; x_wconf 77' lang='grc' dir='ltr'>ἀνθρώπων</span> <span class='ocrx_word' id='word_1_802' title='bbox 3597 4897 3623 4946; x_wconf 86' lang='grc' dir='ltr'>ὁ</span> <span class='ocrx_word' id='word_1_803' title='bbox 3666 4892 3975 4961; x_wconf 82' lang='grc' dir='ltr'>ἀρχέκακος</span> 
     </span>
    </p>
   </div>
   <div class='ocr_carea' id='block_1_107' title="bbox 2409 4984 3973 5062">
    <p class='ocr_par' dir='ltr' id='par_1_107' title="bbox 2409 4984 3973 5062">
     <span class='ocr_line' id='line_1_107' title="bbox 2409 4984 3973 5062; baseline -0.015 -6"><span class='ocrx_word' id='word_1_804' title='bbox 2409 5001 2652 5062; x_wconf 75' lang='grc' dir='ltr'>διάϐολος</span> <span class='ocrx_word' id='word_1_805' title='bbox 2689 4999 2788 5050; x_wconf 81' lang='grc' dir='ltr'><strong>οὐκ</strong></span> <span class='ocrx_word' id='word_1_806' title='bbox 2813 4995 3090 5048; x_wconf 78' lang='grc' dir='ltr'>ἐπαύσατο</span> <span class='ocrx_word' id='word_1_807' title='bbox 3117 4989 3370 5058; x_wconf 86' lang='grc' dir='ltr'>πολεμῶν</span> <span class='ocrx_word' id='word_1_808' title='bbox 3411 4986 3471 5039; x_wconf 84' lang='grc' dir='ltr'><strong>τὸ</strong></span> <span class='ocrx_word' id='word_1_809' title='bbox 3524 4985 3681 5054; x_wconf 79' lang='grc' dir='ltr'>γένος</span> <span class='ocrx_word' id='word_1_810' title='bbox 3726 4985 3834 5037; x_wconf 85' lang='grc' dir='ltr'><strong>τῶν</strong></span> <span class='ocrx_word' id='word_1_811' title='bbox 3875 4984 3973 5039; x_wconf 61' lang='grc' dir='ltr'><strong>ἀν-</strong></span> 
     </span>
    </p>
   </div>
   <div class='ocr_carea' id='block_1_108' title="bbox 2413 5075 3974 5166">
    <p class='ocr_par' dir='ltr' id='par_1_108' title="bbox 2413 5075 3974 5166">
     <span class='ocr_line' id='line_1_108' title="bbox 2413 5075 3974 5166; baseline -0.012 -19"><span class='ocrx_word' id='word_1_812' title='bbox 2413 5093 2646 5166; x_wconf 77' lang='grc' dir='ltr'>θρώπων</span> <span class='ocrx_word' id='word_1_813' title='bbox 2669 5109 2682 5123; x_wconf 92' lang='grc'><strong>·</strong></span> <span class='ocrx_word' id='word_1_814' title='bbox 2718 5089 2920 5152; x_wconf 80' lang='grc' dir='ltr'>ἐδίδαξε</span> <span class='ocrx_word' id='word_1_815' title='bbox 2951 5087 3062 5154; x_wconf 84' lang='grc' dir='ltr'>γὰρ</span> <span class='ocrx_word' id='word_1_816' title='bbox 3088 5085 3185 5146; x_wconf 84' lang='grc' dir='ltr'>τὰς</span> <span class='ocrx_word' id='word_1_817' title='bbox 3214 5079 3656 5151; x_wconf 80' lang='grc' dir='ltr'>εἰδωλολατρείας</span> <span class='ocrx_word' id='word_1_818' title='bbox 3676 5095 3693 5113; x_wconf 79' lang='grc' dir='ltr'><strong><em>ο</em></strong></span> <span class='ocrx_word' id='word_1_819' title='bbox 3726 5078 3817 5132; x_wconf 69' lang='grc' dir='ltr'>καὶ</span> <span class='ocrx_word' id='word_1_820' title='bbox 3849 5075 3974 5130; x_wconf 81' lang='grc' dir='ltr'>ἀντὶ</span> 
     </span>
    </p>
   </div>
   <div class='ocr_carea' id='block_1_109' title="bbox 2407 5171 3972 5253">
    <p class='ocr_par' dir='ltr' id='par_1_109' title="bbox 2407 5171 3972 5253">
     <span class='ocr_line' id='line_1_109' title="bbox 2407 5171 3972 5253; baseline -0.014 -12"><span class='ocrx_word' id='word_1_821' title='bbox 2407 5188 2499 5242; x_wconf 75' lang='grc' dir='ltr'>τοῦ</span> <span class='ocrx_word' id='word_1_822' title='bbox 2547 5182 2752 5253; x_wconf 85' lang='grc' dir='ltr'>ἀγαθοῦ</span> <span class='ocrx_word' id='word_1_823' title='bbox 2782 5179 2918 5234; x_wconf 85' lang='grc' dir='ltr'>Θεοῦ</span> <span class='ocrx_word' id='word_1_824' title='bbox 2951 5178 3042 5230; x_wconf 79' lang='grc' dir='ltr'>τοῦ</span> <span class='ocrx_word' id='word_1_825' title='bbox 3071 5175 3438 5245; x_wconf 73' lang='grc' dir='ltr'>πεποιηκότος</span> <span class='ocrx_word' id='word_1_826' title='bbox 3459 5172 3526 5225; x_wconf 82' lang='grc' dir='ltr'>τὰ</span> <span class='ocrx_word' id='word_1_827' title='bbox 3565 5171 3745 5226; x_wconf 84' lang='grc' dir='ltr'>πάντα</span> <span class='ocrx_word' id='word_1_828' title='bbox 3801 5182 3972 5240; x_wconf 84' lang='grc' dir='ltr'>προσ·</span> 
     </span>
    </p>
   </div>
   <div class='ocr_carea' id='block_1_110' title="bbox 2038 5482 2583 5547">
    <p class='ocr_par' dir='ltr' id='par_1_110' title="bbox 2038 5482 2583 5547">
     <span class='ocr_line' id='line_1_110' title="bbox 2038 5482 2583 5547; baseline -0.018 0"><span class='ocrx_word' id='word_1_829' title='bbox 2038 5486 2230 5547; x_wconf 68' lang='lat' dir='ltr'><strong>Varizn</strong></span> <span class='ocrx_word' id='word_1_830' title='bbox 2256 5482 2583 5545; x_wconf 77' lang='lat' dir='ltr'><strong>lectiones.</strong></span> 
     </span>
    </p>
   </div>
   <div class='ocr_carea' id='block_1_111' title="bbox 799 5611 1365 5678">
    <p class='ocr_par' dir='ltr' id='par_1_111' title="bbox 799 5611 1365 5678">
     <span class='ocr_line' id='line_1_111' title="bbox 799 5611 1365 5678; baseline 0.004 -15"><span class='ocrx_word' id='word_1_831' title='bbox 799 5611 908 5678; x_wconf 78' lang='grc'><strong>(50)</strong></span> <span class='ocrx_word' id='word_1_832' title='bbox 945 5613 1215 5678; x_wconf 67' lang='grc' dir='ltr'>Τέταρτον</span> <span class='ocrx_word' id='word_1_833' title='bbox 1245 5612 1365 5666; x_wconf 67' lang='lat' dir='ltr'><strong>Vat.</strong></span> 
     </span>
    </p>
   </div>
   <div class='ocr_carea' id='block_1_112' title="bbox 807 5681 1895 5748">
    <p class='ocr_par' dir='ltr' id='par_1_112' title="bbox 807 5681 1895 5748">
     <span class='ocr_line' id='line_1_112' title="bbox 807 5681 1895 5748; baseline -0.001 -17"><span class='ocrx_word' id='word_1_834' title='bbox 807 5684 917 5747; x_wconf 70' lang='grc'><strong>(51)</strong></span> <span class='ocrx_word' id='word_1_835' title='bbox 949 5684 1076 5733; x_wconf 67' lang='grc' dir='ltr'><strong>Ούίὲ</strong></span> <span class='ocrx_word' id='word_1_836' title='bbox 1109 5684 1141 5734; x_wconf 82' lang='grc' dir='ltr'><strong>ἅ</strong></span> <span class='ocrx_word' id='word_1_837' title='bbox 1178 5685 1198 5731; x_wconf 73' lang='grc' dir='ltr'><strong>λ</strong></span> <span class='ocrx_word' id='word_1_838' title='bbox 1246 5686 1324 5734; x_wconf 70' lang='grc' dir='ltr'><strong>ὅτι</strong></span> <span class='ocrx_word' id='word_1_839' title='bbox 1366 5681 1456 5734; x_wconf 80' lang='grc' dir='ltr'>τοῦ</span> <span class='ocrx_word' id='word_1_840' title='bbox 1488 5682 1735 5748; x_wconf 72' lang='grc' dir='ltr'>σώματος</span> <span class='ocrx_word' id='word_1_841' title='bbox 1776 5681 1895 5732; x_wconf 80' lang='lat' dir='ltr'><strong>Vat.</strong></span> 
     </span>
    </p>
   </div>
   <div class='ocr_carea' id='block_1_113' title="bbox 801 5747 2276 5816">
    <p class='ocr_par' dir='ltr' id='par_1_113' title="bbox 801 5747 2276 5816">
     <span class='ocr_line' id='line_1_113' title="bbox 801 5747 2276 5816; baseline -0.003 -14"><span class='ocrx_word' id='word_1_842' title='bbox 801 5753 908 5812; x_wconf 59' lang='lat'><strong>(5‘2)</strong></span> <span class='ocrx_word' id='word_1_843' title='bbox 963 5755 1143 5815; x_wconf 57' lang='grc' dir='ltr'><strong>Λύτοί,</strong></span> <span class='ocrx_word' id='word_1_844' title='bbox 1205 5752 1319 5805; x_wconf 74' lang='lat' dir='ltr'><strong>Vat.</strong></span> <span class='ocrx_word' id='word_1_845' title='bbox 1358 5747 1664 5816; x_wconf 67' lang='lat' dir='ltr'><strong>l.e.-gcuduut</strong></span> <span class='ocrx_word' id='word_1_846' title='bbox 1695 5757 1788 5804; x_wconf 81' lang='lat' dir='ltr'><strong>aut</strong></span> <span class='ocrx_word' id='word_1_847' title='bbox 1836 5749 2016 5808; x_wconf 61' lang='grc' dir='ltr'>αὐτοῖς</span> <span class='ocrx_word' id='word_1_848' title='bbox 2056 5755 2146 5798; x_wconf 83' lang='lat' dir='ltr'><strong>unt</strong></span> <span class='ocrx_word' id='word_1_849' title='bbox 2181 5747 2276 5799; x_wconf 63' lang='lat' dir='ltr'><strong>a3-</strong></span> 
     </span>
    </p>
   </div>
   <div class='ocr_carea' id='block_1_114' title="bbox 2391 5604 2515 5654">
    <p class='ocr_par' dir='ltr' id='par_1_114' title="bbox 2391 5604 2515 5654">
     <span class='ocr_line' id='line_1_114' title="bbox 2391 5604 2515 5654; baseline 0.008 -2"><span class='ocrx_word' id='word_1_850' title='bbox 2391 5604 2515 5654; x_wconf 68' lang='grc' dir='ltr'>τάς.</span> 
     </span>
    </p>
   </div>
   <div class='ocr_carea' id='block_1_115' title="bbox 2461 5665 3962 5742">
    <p class='ocr_par' dir='ltr' id='par_1_115' title="bbox 2461 5665 3962 5742">
     <span class='ocr_line' id='line_1_115' title="bbox 2461 5665 3962 5742; baseline -0.001 -21"><span class='ocrx_word' id='word_1_851' title='bbox 2461 5673 2569 5738; x_wconf 67' lang='lat'><strong>(&#39;33)</strong></span> <span class='ocrx_word' id='word_1_852' title='bbox 2632 5676 2683 5726; x_wconf 82' lang='lat' dir='ltr'><strong>in</strong></span> <span class='ocrx_word' id='word_1_853' title='bbox 2731 5692 2794 5724; x_wconf 76' lang='lat' dir='ltr'><strong>cn</strong></span> <span class='ocrx_word' id='word_1_854' title='bbox 2819 5675 2851 5726; x_wconf 86' lang='lat' dir='ltr'><strong>l.</strong></span> <span class='ocrx_word' id='word_1_855' title='bbox 2890 5671 3010 5724; x_wconf 75' lang='lat' dir='ltr'><strong>Vat.</strong></span> <span class='ocrx_word' id='word_1_856' title='bbox 3059 5669 3142 5742; x_wconf 79' lang='lat' dir='ltr'><strong>hic</strong></span> <span class='ocrx_word' id='word_1_857' title='bbox 3185 5667 3466 5742; x_wconf 16' lang='lat' dir='ltr'><strong>()IIiOVVilb.</strong></span> <span class='ocrx_word' id='word_1_858' title='bbox 3500 5685 3514 5742; x_wconf 65' lang='grc' dir='ltr'><strong><em>ς</em></strong></span> <span class='ocrx_word' id='word_1_859' title='bbox 3549 5667 3626 5718; x_wconf 82' lang='grc' dir='ltr'>Τὰ</span> <span class='ocrx_word' id='word_1_860' title='bbox 3658 5665 3802 5718; x_wconf 74' lang='grc' dir='ltr'>κακὰ</span> <span class='ocrx_word' id='word_1_861' title='bbox 3827 5665 3962 5742; x_wconf 70' lang='grc' dir='ltr'>ἔργα</span> 
     </span>
    </p>
   </div>
   <div class='ocr_carea' id='block_1_116' title="bbox 2391 5738 3713 5810">
    <p class='ocr_par' dir='ltr' id='par_1_116' title="bbox 2391 5738 3713 5810">
     <span class='ocr_line' id='line_1_116' title="bbox 2391 5738 3713 5810; baseline -0.006 -14"><span class='ocrx_word' id='word_1_862' title='bbox 2391 5745 2495 5796; x_wconf 73' lang='grc' dir='ltr'><strong>τῶν</strong></span> <span class='ocrx_word' id='word_1_863' title='bbox 2539 5745 2871 5810; x_wconf 59' lang='grc' dir='ltr'><strong>ἐι,(ις-τῖ).ῑων·</strong></span> <span class='ocrx_word' id='word_1_864' title='bbox 2921 5744 3010 5794; x_wconf 66' lang='grc' dir='ltr'>καὶ</span> <span class='ocrx_word' id='word_1_865' title='bbox 3051 5740 3171 5793; x_wconf 56' lang='grc' dir='ltr'>ἰδὼν</span> <span class='ocrx_word' id='word_1_866' title='bbox 3204 5745 3229 5793; x_wconf 81' lang='grc' dir='ltr'>ὁ</span> <span class='ocrx_word' id='word_1_867' title='bbox 3258 5741 3387 5802; x_wconf 72' lang='grc' dir='ltr'>Θεὸς</span> <span class='ocrx_word' id='word_1_868' title='bbox 3418 5738 3713 5809; x_wconf 66' lang='grc' dir='ltr'>ἐπήγαγεν.</span> 
     </span>
    </p>
   </div>
  </div>
