4148 6334
671 357 788 433 ’ΞΜ

1911 353 2320 428 ΕΡῘΡΗΑΝΙῙ
2361 363 2717 430 MONACHI

3825 374 3938 446 ειο

665 485 794 535 rum
835 479 894 534 ln
947 490 1140 535 omnes
1192 475 1468 542 nationes,
1523 474 1871 552 beptisantes
1917 476 1972 531 in
2021 473 2237 552 nomine

2350 475 2462 528 Kal.
2486 475 2671 556 θέντες
2703 476 2784 541 εἰς
2809 479 3076 550 μνημεῖον
3104 481 3289 536 καινὸν
3310 482 3714 554 ἑσφραγίσαντο
3748 505 3930 554 παρα-

662 559 844 629 Patris
867 577 923 631 et
956 566 1077 624 Filii
1109 575 1165 624 et
1198 567 1435 650 Spiritus
1468 567 1668 622 sancti.
1699 565 1766 622 Et
1801 567 2118 625 videntibus
2144 581 2246 622 no-

662 661 751 718 bis
781 662 914 717 hora
945 660 1054 716 diei
1081 663 1238 716 tertia
1266 659 1511 716 elevatus
1541 667 1647 725 est,
1680 668 1736 715 et
1765 661 1900 715 abiit
1932 659 1988 715 in
2021 659 2246 722 ccelum,

662 762 718 807 et
745 752 898 806 sedet
933 751 999 807 ad
1024 750 1298 806 dexteram
1329 748 1510 806 Patris
1539 750 1646 804 sui.
1678 747 1790 805 Nos
1825 756 2007 804 autem
2048 763 2246 818 exspe-

2341 570 2638 637 στήσαντες
2675 568 2946 638 φύλακας.
2975 567 3110 624 Eine
3144 573 3271 644 γὰρ,
3308 575 3389 627 ὅτι
3416 575 3494 647 Τῇ
3536 578 3694 650 τρίτῃ
3746 580 3932 650 ἡμὲρα

2341 657 2649 728 ἐγείρομαι.
2678 660 2755 730 Τῇ
2785 659 2843 712 δὲ
2879 662 3036 746 γυκτὶ
3059 663 3511 735 ὲπιφαυσκοὺσης
3536 667 3646 735 (58)
3675 672 3771 739 τῆς
3805 671 3925 739 τρίο

2345 765 2446 818 της
2479 751 2690 821 ἡμέρας
2728 753 2946 823 ἀνέστη,
2984 754 3317 824 καταλείψας
3356 758 3640 828 μάρτυρας
3669 761 3836 814 αὐτοῦ
3863 761 3931 814 τά

663 849 881 898 ctamus
933 856 1057 897 eum
1100 841 1156 894 in
1196 839 1732 897 consummationem
1781 837 2130 894 aeternitatis.
2180 837 2237 890 EI

2341 842 2898 922 ἐντάφιαηἋγγελος
2917 846 2972 899 δὲ
2995 847 3085 900 τὸν
3117 847 3265 900 λίθον
3310 850 3402 902 τοῦ
3449 852 3717 920 μνημείου
3782 856 3928 905 ἀποε

664 948 810 989 nnnc
841 933 896 987 in
931 933 1150 988 nomine
1187 931 1308 1002 ejus
1355 938 1606 986 mortuos
1641 930 2006 995 suscitamus,
2039 928 2237 984 daemo-

2344 930 2598 997 κυλίσας,
2632 933 2888 987 ἐκάθισεν
2914 935 3104 989 ἐπάνω
3141 937 3329 1002 αὑτοῦ,
3379 940 3504 1002 τοὺς
3557 939 3805 1006 φύλακας
3852 939 3929 1011 τῷ

663 1038 764 1078 nes
795 1022 1064 1092 ejicimus,
1099 1031 1153 1078 et
1185 1021 1440 1078 morbum
1471 1035 1692 1076 omnem
1728 1035 2011 1076 curamus.

2347 1021 2500 1092 ὕπνῳ
2535 1024 2947 1095 ἀπονεκρώσας.
2973 1026 3234 1089 Γυναῖκες
3269 1027 3325 1080 δὲ
3360 1028 3418 1092 ἐξ
3473 1029 3628 1098 ἡμῶν
3690 1029 3932 1099 ἀπῆλθον

665 1115 744 1178 είς
766 1114 825 1167 τὸ
859 1115 1120 1185 μνημεῖον
1159 1111 1298 1185 μετά
1320 1099 1523 1183 μύρων
1566 1112 1703 1181 ταχὺ
1724 1111 1881 1184 ,λίαν.
1944 1109 2052 1162 Καὶ
2078 1101 2230 1161 εἶπεν
2268 1108 2460 1173 αὑταῖς
2483 1112 2595 1181 (59)
2623 1113 2652 1164 6
2686 1112 2919 1181 ἄγγελος
2941 1131 2954 1144 '
2997 1114 3258 1187 Ἀνέστη
3289 1118 3320 1168 ό
3388 1116 3645 1182 Κύριος·
3714 1119 3932 1172 ποθοῦ-

665 1219 772 1258 σιν
799 1203 910 1275 (40)
941 1204 1147 1258 εἴπατε
1197 1202 1321 1268 τοῖς
1375 1200 1688 1271 μαθηταῖς,
1763 1200 1865 1255 ἵνα
1914 1197 2263 1254 ἀπέλθωσιν
2301 1201 2386 1266 είς
2417 1199 2534 1269 τήν
2561 1204 2918 1270 Γαλιλαίαν,
2949 1205 3124 1259 κάκεῖ
3151 1223 3227 1274 με
3255 1206 3531 1274 ὄψονται,
3611 1210 3690 1274 ὡς
3740 1210 3932 1278 προεῖ-

665 1314 784 1353 πον
805 1299 1032 1366 αὐτοῖς.
1095 1298 1207 1351 Καὶ
1260 1295 1638 1366 μέθεασάμεθα
1721 1295 1884 1350 αὐτὸν
1966 1292 2226 1358 πολλάκις
2289 1292 2599 1351 ἀναστάντα
2627 1299 2690 1352 ἐκ
2715 1298 2946 1369 νεκρῶν,
2981 1299 3075 1352 καὶ
3101 1300 3497 1369 συνεφάγομεν,
3549 1305 3642 1354 καὶ
3685 1305 3932 1355 συνεπίο-

666 1408 765 1462 μεν
795 1390 944 1461 αὐτῷ
977 1389 1072 1442 επὶ
1107 1386 1320 1460 ἡμέρας
1364 1385 1796 1457 τεσσαράκοντα.
1854 1383 1962 1449 καὶ
2009 1383 2383 1454 παρήγγειλεν
2412 1386 2565 1456 ήμῖν,
2637 1386 2874 1457 κηρῦξαι
2940 1388 3032 1440 ἐπὶ
3078 1387 3156 1457 τῷ
3225 1388 3448 1457 ὀνόματι
3534 1391 3700 1444 αὑτοῦ
3755 1393 3925 1458 μετά.

660 1499 812 1538 νοιαν
841 1484 933 1536 καὶ
962 1483 1154 1550 ἄφεσιν
1178 1479 1464 1550 ἁμαρτιῶν
1494 1479 1575 1542 είς
1620 1478 1798 1531 πάντα
1830 1475 1900 1530 τά
1941 1475 2092 1546 ἔθνη,
2139 1471 2569 1546 βαπτιζομένους
2600 1481 2680 1543 είς
2738 1480 2799 1533 τὸ
2863 1480 3034 1550 ὄνομα
3096 1478 3189 1532 τοῦ
3236 1481 3448 1551 Πατρὺς
3490 1483 3585 1535 καὶ
3655 1485 3745 1535 τοῦ
3805 1482 3931 1537 Υίοῦ

663 1578 876 1632 καὶτοῦ
903 1579 1058 1647 ἁγίου
1115 1575 1450 1646 Πνεύματος.
1515 1570 2020 1643 ΚαΥθεωροῦντων
2079 1569 2238 1642 ήμῶν
2277 1569 2397 1642 ὥρᾳ
2452 1573 2615 1648 τρίτῃ
2673 1575 2773 1646 τῆς
2827 1576 3042 1646 ἡμέρας
3110 1577 3369 1647 ὲπήροη’
3439 1579 3533 1632 καὶ
3563 1580 3793 1648 ἀνῆλθεν
3851 1580 3930 1640 είς

659 1675 754 1730 τὸν
774 1674 1020 1747 οὐρανὸν,
1048 1676 1142 1728 καὶ⁵
1172 1673 1424 1746 ἐκάθισεν
1457 1671 1516 1726 ἑν
1543 1670 1695 1741 δεξιᾷ
1723 1667 1813 1723 τοῦ
1865 1667 2079 1739 Πατρδς
2139 1665 2326 1720 αὐτοῦ.
2376 1666 2569 1738 Ἡμεῖς
2633 1671 2693 1724 δὲ
2749 1671 3082 1743 ὲκδεχόμεθα
3150 1673 3310 1726 αὑτὸν
3351 1673 3445 1726 ἐπὶ
3524 1675 3805 1746 συντελείᾳ
3837 1677 3928 1728 τοῦ

662 1768 880 1832 αἰῶνος.
909 1769 1020 1824 Καὶ
1038 1768 1132 1821 νῦν
1166 1767 1242 1836 τῷ
1273 1765 1504 1837 ,ὀνόματι
1552 1761 1719 1818 αὐτοῦ
1796 1761 2023 1832 νεκροὺς

664 1860 896 1932 ἰώμεθα.

2100 1759 2407 1830 ἐγείρομεν,
2445 1763 2566 1816 -καν⁸
2643 1762 2908 1834 δαίμονας
2968 1765 3346 1835 φυγαδεύομεν
3395 1767 3489 1820 καὶ
3544 1769 3724 1821 πᾶσαν
3778 1768 3931 1822 νόσον

733 1923 862 2010 llaec
891 1965 1018 2008 cum
1047 1948 1278 2006 dixisset
1312 1945 1585 2013 Andreas,
1623 1946 1898 2005 clamavit.
1923 1945 2106 2002 omnis
2141 1958 2237 2015 po-

2422 1923 2612 1996 Ταῦτα
2665 1942 2760 1996 τοῦ
2832 1943 3082 2014 Ἀνδρέου
3138 1942 3384 2008 εἰπόντος
3433 1945 3698 2016 άνέκραξε
3746 1948 3854 2010 πᾶς
3902 1948 3930 2001 6

663 2043 863 2115 pulus:
898 2041 1141 2112 Spiritus
1166 2049 1397 2097 sanctus
1428 2039 1486 2095 in
1508 2054 1744 2110 corpore
1783 2047 1915 2106 tuo;
1951 2053 2080 2094 vere
2109 2036 2244 2093 boni

663 2144 720 2193 et
747 2135 926 2192 sancti
956 2133 1052 2202 Dei
1086 2133 1376 2205 apostolus
1403 2148 1486 2201 es,
1540 2117 1742 2190 festina
1788 2143 1850 2190 ut
1898 2134 2082 2191 salvos
2117 2147 2240 2189 nos.

661 2227 787 2299 Ipse
820 2235 1002 2282 autem
1029 2225 1097 2280 de
1124 2239 1279 2282 more
1307 2240 1434 2282 cum
1466 2234 1699 2292 orasset,
1729 2237 1785 2282 et
1831 2241 2026 2282 manus
2069 2227 2245 2297 impo-

663 2317 886 2380 suisset,
919 2317 1269 2373 dimisitcos.
1299 2304 1394 2371 Sic
1419 2316 1669 2371 Andreas
1708 2316 1920 2373 faciens
1947 2325 2003 2372 et
2036 2317 2244 2372 docens

666 2415 780 2463 toto
804 2407 1044 2475 biennio,
1070 2415 1124 2462 et
1149 2408 1300 2480 leges
1325 2407 1595 2473 condens,
1643 2417 1698 2462 et
1730 2422 1933 2463 sanans
1966 2406 2242 2470 homines,

663 2501 861 2556 evertit
906 2500 1180 2556 idolorum
1231 2499 1490 2563 delubra.
1530 2507 1586 2555 et
1618 2513 1953 2571 synagogam
1995 2497 2124 2559 fecit
2150 2512 2242 2552 ec-

664 2593 910 2659 clesiam,
965 2591 1242 2647 mdillcans
1287 2605 1410 2646 eam
1456 2589 1515 2644 in
1564 2589 1737 2646 altare
1779 2589 1993 2660 (potius
2025 2587 2051 2644 ι’
2078 2589 2134 2642 in
2176 2603 2241 2643 ea

663 2684 960 2752 altare),’et
990 2697 1188 2738 nomen
1218 2681 1505 2751 imponens
1545 2681 1648 2735 Dei.
1690 2679 2018 2747 Genitricis;
2050 2680 2227 2748 bapti~

665 2775 809 2830 sevit
838 2787 1058 2844 quoque
1099 2770 1360 2843 populum
1401 2770 1660 2835 multum,
1704 2779 1758 2824 et
1797 2769 2077 2825 ordinavit
2117 2785 2239 2840 pre—

661 2863 916 2934 sbyteros
958 2870 1013 2916 et
1053 2859 1338 2929 diaconos,
1381 2870 1434 2917 et
1481 2859 1841 2917 Dracentium
1894 2860 2238 2933 episcopum.

662 2953 991 3008 Dracontius
1041 2961 1221 3007 autem
1262 2953 1802 3023 postea~martyrium
1851 2953 2041 3019 subiit,
2090 2951 2237 3008 circa

660 3043 1043 3099 duodecimam
1085 3044 1291 3098 mensis
1330 3042 1660 3098 Maii'diem.
1702 3044 1855 3101 Unde
1888 3045 2074 3102 clerici
2120 3045 2234 3100 Ma-

661 3149 781 3206 gna:
807 3132 1066 3190 Ecclesiae
1112 3135 1225 3189 haec
1253 3133 1386 3188 mihi
1416 3143 1800 3200 narraverunt,
1847 3135 1942 3190 sed
1971 3142 2025 3191 et
2066 3133 2238 3190 multa

661 3227 766 3283 alia
801 3226 952 3298 signa
978 3225 1229 3281 Andreae.

733 3318 775 3370 A
813 3315 992 3371 Nicaea
1033 3323 1214 3370 autem
1267 3315 1486 3372 solvens
1539 3315 1672 3371 abiit
1727 3315 2131 3384 Nicomediam,
2181 3303 2306 3375 etC

662 3407 863 3463 fratres
887 3405 1256 3462 obviavernnt
1286 3408 1358 3461 ei.
1395 3405 1537 3464 Cum
1576 3407 1770 3476 paucis
1811 3408 2013 3473 diebus
2038 3409 2238 3464 contir-

661 3503 866 3552 masset
906 3511 1021 3561 eos,
1050 3511 1273 3567 aequora
1299 3497 1610 3567 corripiens
1641 3497 1777 3553 abiit
1803 3497 2233 3555 Chalcedonem.

657 3587 729 3644 Et
760 3602 883 3643 cum
903 3586 1164 3644 Callistus
1194 3587 1416 3662 quidam
1442 3602 1473 3642 a
1493 3587 1746 3644 demens
1790 3603 1966 3646 caesus
1999 3599 2146 3647 esset
2182 3599 2238 3647 et

659 3679 1013 3747 decessisset,
1039 3678 1289 3735 Andreas
1331 3679 1485 3734 illum
1536 3694 1634 3750 per
1677 3695 1869 3750 preces
1919 3682 2234 3751 suscitavit,

659 3779 715 3825 et
740 3777 888 3826 artes
919 3771 1186 3841 principis
1213 3770 1611 3828 daemoniorum
1645 3772 1872 3828 infamia
1905 3778 2139 3831 notavit.
2174 3775 2236 3832 ln

657 3859 778 3932 ipsa
805 3869 989 3917 autem
1023 3862 1252 3917 civitate
1283 3859 1555 3933 Bithynia:
1596 3876 1977 3930 commorans,
2029 3865 2234 3936 Tychi-

659 3967 782 4008 cum
811 3953 1099 4009 constituit
1121 3954 1460 4024 episcopum.
1496 3954 1562 4009 Et
1587 3970 1782 4012 rursus
1812 3955 2058 4023 solvens,
2093 3956 2237 4013 Pon-

659 4045 827 4100 ticum
858 4059 1010 4101 mare
1053 4043 1274 4116 navigio
1321 4060 1576 4112 currens,
1619 4045 1936 4105 Heracleam
1967 4051 2138 4104 venit.
2167 4047 2237 4104 Et

657 4134 734 4190 ibi
763 4148 890 4189 cum
935 4134 1214 4190 docuisset
1265 4135 1554 4206 quosdem,
1605 4136 1739 4192 abiit
1772 4134 2070 4195 Cromnam
2113 4155 2236 4211 quae

657 4243 807 4284 nunc
852 4230 1106 4284 Amastra
1155 4237 1406 4283 vocatur.
1448 4228 1518 4282 Et
1555 4227 1879 4297 ingrediens
1931 4231 2233 4299 civitatem,

660 4318 870 4374 invenit
901 4315 1203 4386 discipulos
1225 4331 1456 4386 paucos,
1495 4323 1550 4372 et
1588 4317 1791 4373 mansit
1822 4316 1968 4387 apud
1997 4335 2116 4376 eos.
2146 4321 2236 4376 Ci-

658 4412 798 4466 vitas
817 4416 1028 4464 'autem
1080 4409 1325 4463 solorum
1371 4407 1686 4464 Judatorum
1733 4410 1897 4480 plena
1943 4421 2083 4467 erat.
2118 4414 2235 4470 Au-

656 4503 872 4561 dientes
917 4508 1100 4555 antem
1131 4497 1264 4569 quia
1306 4499 1557 4555 Andreas
1587 4501 1755 4566 venit,
1806 4502 1901 4571 qui
1957 4517 2234 4560 carcerem

2346 2030 2474 2095 λαός
2506 2047 2520 2062 ο
2557 2033 2747 2101 Ἀγιον
2777 2032 3002 2102 Πνεῦμα
3049 2034 3106 2086 ὲν
3153 2033 3230 2104 τῷ
3278 2033 3489 2105 σώματί
3535 2053 3664 2089 σουο
3711 2037 3929 2109 ἀληθῶς

2347 2125 2503 2192 άγίου
2533 2127 2628 2178 καὶ
2653 2125 2862 2194 ἀγαθοῦ
2890 2125 3027 2179 Θεοῦ
3065 2127 3362 2192 ἀπόστολος
3413 2125 3497 2183 εἴ·
3557 2131 3790 2201 τάχυνον
3847 2136 3928 2197 είς

2345 2217 2404 2269 τὸ
2435 2216 2676 2287 σωθῆναι
2705 2218 2874 2287 ἡμᾶς.
2912 2218 2970 2270 '0
3001 2219 3058 2271 δὲ
3093 2219 3340 2290 συνήθως
3390 2221 3762 2293 ἐπευξάμενος
3808 2242 3926 2295 χειο

2347 2307 2583 2374 ροθετῶν
2608 2307 2878 2361 ἀπέλυσεν
2905 2308 3102 2371 αὐτούς
3135 2326 3148 2341 ·
3180 2310 3364 2372 Οῦτως
3399 2312 3428 2363 6
3463 2311 3714 2382 Ἀνδρέας
3758 2315 3929 2369 ποιῶν

2347 2398 2442 2450 καὶ
2474 2398 2740 2452 διδάσκων
2771 2399 2970 2453 διετίαν
3006 2400 3137 2469 ὅλην
3168 2400 3263 2453 καὶ
3285 2399 3589 2468 νομοθετῶν
3621 2403 3714 2454 καὶ
3755 2402 3924 2475 δῶμε-

2346 2507 2435 2554 νος
2462 2491 2593 2554 τοὺς
2648 2491 2969 2560 ἀνθρώπους
3024 2491 3319 2544 κατέλυσεν
3368 2494 3631 2558 είδωλεῖα,
3696 2495 3789 2548 καὶ
3830 2496 3925 2566 τὴν

2347 2581 2670 2650 συναγωγὴν
2699 2581 2955 2651 ἐποίησεν
2990 2581 3310 2650 ἐκκλησίαν,
3343 2583 3564 2651 ἱδρύσας
3619 2584 3791 2654 αὐτὴν
3845 2588 3926 2651 είς

2344 2661 2730 2743 θυσιαστήριον
2753 2674 2846 2725 καὶ
2874 2674 3148 2742 ὀνομάσας
3166 2674 3277 2742 Τῆς
3309 2673 3569 2726 Θεοτὸκου
3598 2691 3609 2704 ·
3667 2677 3924 2732 ἐδάπτισέ

2342 2779 2401 2814 τε
2441 2762 2570 2815 λαὸν
2607 2762 2799 2826 πολὺν,
2841 2764 2935 2816 καὶ
2960 2763 3342 2833 ἐχειροτόνησε
3376 2765 3782 2836 πρεσϐυτέρους
3828 2767 3924 2821 καὶ

2341 2853 2621 2918 διακόνους
2643 2853 2737 2907 καὶ
2763 2854 3097 2925 Δρακόντιον
3138 2855 3461 2909 ἐπίσκοπον.
3512 2858 3833 2927 Δρακόντιος
3864 2861 3920 2912 δὲ

2341 2944 2535 2999 ἔπειτα
2565 2945 2920 3016 ἐμαρτύρησε
2956 2945 3098 2999 κατά
3128 2945 3225 3016 τὴν
3249 2946 3560 3018 δωδεκάτην
3603 2949 3698 3001 τοῦ
3741 2949 3920 3003 Μαΐου

2345 3036 2535 3105 μηνός.
2581 3036 2662 3090 Δι’
2696 3033 2725 3088 6
2754 3035 2803 3086 οί
2849 3034 3104 3107 κληρικοὶ
3157 3036 3257 3104 τῆς
3315 3037 3574 3109 Μεγάλης
3627 3040 3922 3112 ἐκκλησίας

2339 3127 2515 3187 ταῦτά
2548 3145 2638 3198 μοι
2679 3125 2990 3200 διηγοῦντο,
3021 3127 3160 3183 ἀλλά
3200 3129 3292 3181 καὶ
3316 3129 3488 3184 πολλά
3522 3130 3778 3204 θαύματα
3819 3131 3916 3190 τοῦ

2353 3221 2624 3291 Ἀνδρέου.

2424 3311 2555 3365 Ἀπὸ
2587 3309 2664 3380 ,δὲ
2702 3310 2940 3373 Νικαίας
2990 3311 3210 3380 ἀπάρας
3243 3312 3486 3383 ἀπῆλθεν
3535 3315 3618 3378 είς
3669 3317 3920 3390 Νικομή-

2338 3404 2509 3472 δειαν,
2541 3402 2638 3456 καὶ
2668 3406 2719 3456 οί
2753 3402 2972 3472 ἀδελφοὶ
2998 3405 3434 3474 προῦπήντησαν
3467 3407 3636 3478 αὐτῷ.
3682 3410 3918 3477 Ὀλίγαις

2338 3495 2397 3548 δὲ
2424 3494 2663 3566 ἡμέραις
2697 3495 3057 3565 ἐπιστηρίξας
3092 3494 3295 3559 αὐτοὺς
3318 3497 3650 3568 παραπλέων
3679 3501 3918 3572 ἀπῆλθεν

2341 3586 2420 3649 είς
2459 3585 2805 3657 Καλχηδόνα.
2841 3586 2954 3640 Καὶ
2987 3586 3296 3641 Καλλίστου
3331 3589 3478 3653 τινὸς
3509 3591 3614 3643 ὑπὸ
3663 3592 3917 3661 δαίμονος

2339 3677 2645 3747 πληγέντος
2687 3677 2780 3740 καὶ
2816 3677 3203 3744 ἀποθανόντος,
3244 3681 3272 3732 6
3322 3679 3580 3750 Ἀνδρέας
3627 3682 3919 3738 τοῦτονδι’

2339 3770 2506 3841 εὐχῆς
2523 3771 2854 3841 ἀνέστησεν,
2890 3771 2986 3824 καὶ
3019 3771 3126 3835 ντάς
3159 3771 3357 3842 τέχνας
3397 3773 3490 3826 τοῦ
3518 3775 3778 3845 ἄρχοντος
3804 3776 3916 3830 τῶν

2339 3862 2616 3930 δαιμόνων
2688 3861 3096 3930 έστηλίτευσεν.
3160 3861 3255 3924 Είς
3286 3861 3344 3914 δὲ
3375 3862 3472 3932 τὴν
3523 3864 3697 3933 αὐτὴν
3763 3865 3918 3920 πόλιν

2338 3953 2438 4021 τῆς
2484 3951 2744 4016 Βιθυνίας
2809 3951 3105 4022 διατρίψας
3159 3955 3470 4022 κατέστησε
3524 3954 3615 4007 τὸν
3681 3955 3918 4030 Τυχικδν

2338 4044 2663 4098 ἐπίσκοπον.
2701 4043 2813 4096 Καὶ
2846 4043 3012 4097 πάλιν
3045 4043 3270 4116 ἀπάρας
3305 4042 3486 4098 πλέων
3517 4047 3616 4116 τὴν
3647 4048 3918 4119 Ποντικήν

2338 4131 2619 4187 θάλασσαν
2651 4126 2816 4203 ἦλθεν
2863 4135 2945 4196 είς
3009 4127 3363 4202 Ἡράκλειαν.
3408 4135 3586 4188 Κάκεῖ
3615 4154 3769 4201 τινας
3809 4158 3913 4208 μα·

2338 4223 2610 4292 θητεύσας
2645 4223 2880 4295 ἀνῆλθεν
2907 4224 2990 4287 είς
3022 4224 3326 4296 Κρῶμναν,
3357 4226 3450 4284 νῦν
3479 4226 3538 4279 δὲ
3577 4228 3915 4302 καλουμένην

2341 4316 2694 4385 ’Δμαστραν.
2731 4316 2842 4370 Καὶ
2885 4313 3148 4368 εἰσελθὼν
3197 4318 3278 4380 είς
3317 4317 3417 4388 τὴν
3451 4319 3604 4372 πόλιν
3637 4318 3764 4392 εῦρε
3801 4340 3909 4391 μα.

2338 4405 2508 4475 θητάς
2567 4404 2827 4474 ὀλίγους·
2897 4406 2991 4458 καὶ
3041 4405 3225 4476 ἔμεινε
3281 4410 3662 4478 παράὐτοῖς.
3736 4413 3797 4466 Ἡ
3858 4413 3914 4468 δὲ

2340 4497 2496 4560 πόλις
2518 4496 2737 4567 πλήρης
2778 4497 3056 4565 Ἰουδαίων
3095 4498 3297 4568 μόνων.
3339 4500 3696 4563 Ἀκούσαντες
3728 4502 3804 4569 δὲ,
3832 4505 3912 4558 ὅτι

658 4594 842 4661 solvit,
875 4601 927 4645 et
959 4592 1173 4645 vinctos
1203 4589 1452 4657 adduxit,
1477 4592 1790 4661 congregati
1813 4602 1964 4658 sunt,
1995 4601 2047 4649 et
2075 4602 2229 4649 stan-

2349 4588 2608 4659 Ἀνδρέας
2637 4588 2996 4658 παρεγένετο,
3029 4590 3056 4641 6
3077 4589 3296 4655 ἀνοίξας
3317 4592 3379 4642 τὸ
3405 4591 3787 4662 δεσμωτήριον
3819 4599 3911 4647 καί

656 4695 742 4743 tes
771 4686 993 4741 domum
1020 4689 1180 4738 erant
1220 4681 1518 4736 lncensuri.
1548 4682 1822 4737 Andream
1859 4691 2040 4739 autem
2085 4686 2234 4740 acci-

657 4776 894 4850 pientes,
924 4780 1318 4845 percusserunt
1345 4771 1617 4841 lapidibus
1641 4773 1942 4841 trahentes,
1975 4783 2029 4830 et
2063 4777 2230 4834 veluti

656 4882 822 4925 canes
854 4879 1076 4922 carnem
1114 4864 1235 4935 eius
1268 4865 1604 4921 mordentes.
1639 4865 1796 4920 Unus
1828 4874 2016 4921 autem
2051 4882 2118 4923 ex
2148 4869 2229 4924 eis

656 4956 951 5015 momordit
994 4963 1050 5012 et
1100 4957 1407 5024 amputavit
1442 4955 1687 5028 .digitum
1737 4955 1979 5013 dexterae
2028 4974 2227 5015 manus

657 5048 796 5119 ejus.
828 5047 899 5103 Et
943 5056 1120 5116 usque
1168 5045 1331 5101 hodie
1381 5055 1606 5117 propter
1648 5046 1754 5104 hoc
1790 5049 2226 5122 antlwopopbagi

660 5147 943 5195 vocantur.
976 5137 1278 5192 Trahentes
1327 5145 1511 5193 autem
1545 5153 1670 5193 eum
1703 5154 1800 5209 per
1828 5154 2048 5196 omnem
2091 5143 2226 5198 civi-

656 5235 852 5295 tatem,
887 5227 1294 5299 'percutientes,
1325 5226 1654 5297 lspidantes,
1691 5223 2027 5295 mordentes,
2061 5232 2226 5286 semi-

658 5327 928 5375 mortuum
975 5317 1327 5388 proiecerunt
1373 5326 1530 5373 extra
1577 5316 1879 5376 civitatem.
1925 5320 1990 5376 Et
2020 5322 2218 5383 statim

663 5413 905 5482 apparuit
951 5411 999 5466 ei
1047 5400 1307 5464 Dominus
1356 5408 1806 5482 dicens:Surge,
1833 5412 2100 5483 discipule
2119 5410 2218 5483 uti,

2338 4679 2627 4748 ἐξαγαγὼν
2655 4678 2783 4742 τοὺς
2821 4678 3108 4750 δεσμώτας
3129 4718 3145 4746 ,
3172 4682 3640 4751 ἑπισυναχθέντες
3666 4685 3759 4735 καὶ
3799 4685 3903 4738 ἑπι-

2340 4774 2567 4835 στάντες
2610 4771 2838 4842 ἔμελλον
2877 4772 2973 4824 καὶ
3004 4772 3106 4842 τὴν
3157 4771 3337 4826 οίκίαν
3367 4773 3673 4843 ἐμπρῆσαι.
3717 4775 3820 4828 Τὸν
3853 4776 3910 4829 δὲ

2353 4865 2617 4936 ’Δνδρέαν
2650 4863 3042 4934 ἐπιλαϐόμενοι
3072 4864 3303 4918 ἔτυπτον
3332 4865 3475 4935 μετά
3507 4865 3667 4919 λίθων
3711 4867 3907 4938 σύρον-

2334 4974 2424 5020 τες
2457 4957 2549 5010 ml.
2579 4956 2655 5018 ὼς
2683 4956 2774 5008 ἐπὶ
2808 4956 2990 5009 κυνῶν
3020 4955 3309 5020 δάκνοντες
3338 4959 3435 5022 τὰς
3473 4957 3683 5026 σάρκας
3718 4960 3904 5016 αὑτοῦ.

2331 5044 2428 5112 Είς
2453 5048 2510 5101 δὲ
2533 5047 2593 5112 ἐξ
2614 5047 2792 5101 αὐτῶν
2825 5046 3018 5102 ἔδακεν
3048 5047 3143 5103 καὶ
3182 5047 3474 5117 ἀπέκοψεν
3508 5049 3601 5102 τὸν
3637 5049 3908 5104 δάκτυλον

2329 5140 2428 5210 τῆς
2459 5139 2642 5207 δεξιᾶς
2679 5140 2866 5210 χειρὸς
2901 5138 3091 5194 αὑτοῦ.
3127 5141 3238 5194 Καὶ
3275 5141 3382 5203 ἕως
3419 5141 3519 5210 τῆς
3554 5141 3799 5214 σήμερον
3819 5144 3906 5197 διά

2327 5231 2487 5285 τοῦτο
2541 5231 2969 5302 ἀνθρωποφάγοι
3021 5231 3335 5286 καλοῦνται.
3386 5233 3666 5302 Σόραντες
3696 5233 3755 5287 δὲ
3803 5236 3902 5287 αὐ-

2327 5324 2420 5388 τὸν
2453 5324 2587 5378 καθ’
2611 5324 2743 5392 ὅλης
2767 5324 2864 5392 τῆς
2924 5323 3156 5390 πόλεως,
3205 5325 3523 5390 τύπτοντες,
3564 5326 3898 5394 λιθάζοντες,

2329 5409 2646 5478 δάκνοντες,
2675 5413 2862 5468 λοιπὸν
2897 5414 3140 5485 ἡμιθανῆ
3171 5416 3513 5488 τυγχάνοντα
3537 5416 3770 5489 ἔρόιψαν
3795 5417 3899 5485 ἔξω

1966 5589 2164 5656 Vsrim
2190 5592 2523 5656 lectiones.

721 5713 836 5788 (ἓὲ)
871 5714 1306 5788 ῗεπιεροεκούσης
1332 5718 1454 5775 ναι

719 5781 834 5856 (59)
856 5781 1044 5852 Δὺτοτς
1063 5781 1188 5842 νει.

2393 5722 2504 5796 (40)
2533 5721 2763 5782 Correxi
2795 5722 2920 5779 lcet.
2955 5719 3081 5777 Val.
3117 5719 3391 5780 ποθεῖσαι.
