  <div class='ocr_page' id='page_1' title='image "/cluster/home/n/w/nwhite01/storage/ocr_20150623/120/pst.000005714353/128.png"; bbox 0 0 4148 6334; ppageno 0'>
   <div class='ocr_carea' id='block_1_1' title="bbox 195 446 298 514">
    <p class='ocr_par' dir='ltr' id='par_1_1' title="bbox 195 446 298 514">
     <span class='ocr_line' id='line_1_1' title="bbox 195 446 298 514; baseline 0.01 -2"><span class='ocrx_word' id='word_1_1' title='bbox 195 446 298 514; x_wconf 69' lang='grc'><strong>241</strong></span> 
     </span>
    </p>
   </div>
   <div class='ocr_carea' id='block_1_2' title="bbox 1488 448 2145 513">
    <p class='ocr_par' dir='ltr' id='par_1_2' title="bbox 1488 448 2145 513">
     <span class='ocr_line' id='line_1_2' title="bbox 1488 448 2145 513; baseline -0.002 0"><span class='ocrx_word' id='word_1_2' title='bbox 1488 448 1673 513; x_wconf 76' lang='lat' dir='ltr'><strong>VITA</strong></span> <span class='ocrx_word' id='word_1_3' title='bbox 1700 448 1761 510; x_wconf 92' lang='lat' dir='ltr'><strong>S.</strong></span> <span class='ocrx_word' id='word_1_4' title='bbox 1795 449 2145 512; x_wconf 66' lang='lat' dir='ltr'><strong>ANDREE.</strong></span> 
     </span>
    </p>
   </div>
   <div class='ocr_carea' id='block_1_3' title="bbox 3315 447 3430 516">
    <p class='ocr_par' dir='ltr' id='par_1_3' title="bbox 3315 447 3430 516">
     <span class='ocr_line' id='line_1_3' title="bbox 3315 447 3430 516; baseline 0.017 -3"><span class='ocrx_word' id='word_1_5' title='bbox 3315 447 3430 516; x_wconf 69' lang='lat'><strong>242</strong></span> 
     </span>
    </p>
   </div>
   <div class='ocr_carea' id='block_1_4' title="bbox 190 559 1795 636">
    <p class='ocr_par' dir='ltr' id='par_1_4' title="bbox 190 561 1795 633">
     <span class='ocr_line' id='line_1_4' title="bbox 190 561 1795 633; baseline 0.001 -16"><span class='ocrx_word' id='word_1_6' title='bbox 190 565 290 633; x_wconf 78' lang='grc' dir='ltr'><strong>τῆς</strong></span> <span class='ocrx_word' id='word_1_7' title='bbox 351 562 582 626; x_wconf 85' lang='grc' dir='ltr'>πόλεως.</span> <span class='ocrx_word' id='word_1_8' title='bbox 644 562 756 616; x_wconf 74' lang='grc' dir='ltr'><strong>Καὶ</strong></span> <span class='ocrx_word' id='word_1_9' title='bbox 816 562 1019 626; x_wconf 80' lang='grc' dir='ltr'>εὐθέως</span> <span class='ocrx_word' id='word_1_10' title='bbox 1075 561 1250 633; x_wconf 71' lang='grc' dir='ltr'>ἐφάνη</span> <span class='ocrx_word' id='word_1_11' title='bbox 1303 561 1452 633; x_wconf 83' lang='grc' dir='ltr'>αύτῷ</span> <span class='ocrx_word' id='word_1_12' title='bbox 1484 565 1512 616; x_wconf 95' lang='lat'><strong>6</strong></span> <span class='ocrx_word' id='word_1_13' title='bbox 1553 563 1795 633; x_wconf 76' lang='grc' dir='ltr'>Κύριος.</span> 
     </span>
    </p>
   </div>
   <div class='ocr_carea' id='block_1_5' title="bbox 1896 559 3425 636">
    <p class='ocr_par' dir='ltr' id='par_1_5' title="bbox 1896 564 3425 636">
     <span class='ocr_line' id='line_1_5' title="bbox 1896 564 3425 636; baseline -0.003 -14"><span class='ocrx_word' id='word_1_14' title='bbox 1896 578 1914 622; x_wconf 87' lang='grc' dir='ltr'><strong>ι</strong></span> <span class='ocrx_word' id='word_1_15' title='bbox 1949 565 2238 636; x_wconf 83' lang='lat' dir='ltr'><strong>ingredere</strong></span> <span class='ocrx_word' id='word_1_16' title='bbox 2271 567 2336 622; x_wconf 88' lang='lat' dir='ltr'><strong>ad</strong></span> <span class='ocrx_word' id='word_1_17' title='bbox 2373 582 2490 631; x_wconf 85' lang='lat' dir='ltr'><strong>eos,</strong></span> <span class='ocrx_word' id='word_1_18' title='bbox 2526 574 2579 622; x_wconf 91' lang='lat' dir='ltr'><strong>et</strong></span> <span class='ocrx_word' id='word_1_19' title='bbox 2607 582 2675 622; x_wconf 86' lang='lat' dir='ltr'><strong>ne</strong></span> <span class='ocrx_word' id='word_1_20' title='bbox 2710 564 2958 622; x_wconf 88' lang='lat' dir='ltr'><strong>timueris</strong></span> <span class='ocrx_word' id='word_1_21' title='bbox 2989 579 3113 632; x_wconf 88' lang='lat' dir='ltr'><strong>eos;</strong></span> <span class='ocrx_word' id='word_1_22' title='bbox 3154 578 3254 635; x_wconf 90' lang='lat' dir='ltr'><strong>ego</strong></span> <span class='ocrx_word' id='word_1_23' title='bbox 3280 564 3425 619; x_wconf 85' lang='lat' dir='ltr'><strong>enim</strong></span> 
     </span>
    </p>
   </div>
   <div class='ocr_carea' id='block_1_6' title="bbox 191 651 1764 726">
    <p class='ocr_par' dir='ltr' id='par_1_6' title="bbox 191 651 1764 726">
     <span class='ocr_line' id='line_1_6' title="bbox 191 651 1764 726; baseline -0.001 -20"><span class='ocrx_word' id='word_1_24' title='bbox 191 655 390 721; x_wconf 82' lang='grc' dir='ltr'>λέγων·</span> <span class='ocrx_word' id='word_1_25' title='bbox 428 653 681 718; x_wconf 85' lang='grc' dir='ltr'>Ἀνάστα,</span> <span class='ocrx_word' id='word_1_26' title='bbox 726 653 946 726; x_wconf 89' lang='grc' dir='ltr'>μαθητά</span> <span class='ocrx_word' id='word_1_27' title='bbox 977 670 1102 724; x_wconf 90' lang='grc' dir='ltr'>μου,</span> <span class='ocrx_word' id='word_1_28' title='bbox 1148 653 1244 707; x_wconf 73' lang='grc' dir='ltr'>καὶ</span> <span class='ocrx_word' id='word_1_29' title='bbox 1268 651 1474 706; x_wconf 75' lang='grc' dir='ltr'>εἴσελθε</span> <span class='ocrx_word' id='word_1_30' title='bbox 1499 653 1637 725; x_wconf 79' lang='grc' dir='ltr'>πρὸς</span> <span class='ocrx_word' id='word_1_31' title='bbox 1667 653 1764 706; x_wconf 86' lang='grc' dir='ltr'>αύ-</span> 
     </span>
    </p>
   </div>
   <div class='ocr_carea' id='block_1_7' title="bbox 193 744 1763 815">
    <p class='ocr_par' dir='ltr' id='par_1_7' title="bbox 193 744 1763 815">
     <span class='ocr_line' id='line_1_7' title="bbox 193 744 1763 815; baseline -0.001 -18"><span class='ocrx_word' id='word_1_32' title='bbox 193 747 341 810; x_wconf 77' lang='grc' dir='ltr'>τοὺς,</span> <span class='ocrx_word' id='word_1_33' title='bbox 374 745 468 797; x_wconf 73' lang='grc' dir='ltr'><strong>καὶ</strong></span> <span class='ocrx_word' id='word_1_34' title='bbox 511 745 586 815; x_wconf 80' lang='grc' dir='ltr'><strong>μὴ</strong></span> <span class='ocrx_word' id='word_1_35' title='bbox 636 744 876 815; x_wconf 73' lang='grc' dir='ltr'>φοϐηθῇς</span> <span class='ocrx_word' id='word_1_36' title='bbox 935 745 1167 808; x_wconf 84' lang='grc' dir='ltr'>αὐτούς·</span> <span class='ocrx_word' id='word_1_37' title='bbox 1195 744 1304 814; x_wconf 74' lang='grc' dir='ltr'><strong>ἐγὼ</strong></span> <span class='ocrx_word' id='word_1_38' title='bbox 1335 745 1445 815; x_wconf 85' lang='grc' dir='ltr'>γάρ</span> <span class='ocrx_word' id='word_1_39' title='bbox 1478 747 1594 814; x_wconf 76' lang='grc' dir='ltr'>είμι</span> <span class='ocrx_word' id='word_1_40' title='bbox 1627 744 1763 813; x_wconf 85' lang='grc' dir='ltr'><strong>μετά</strong></span> 
     </span>
    </p>
   </div>
   <div class='ocr_carea' id='block_1_8' title="bbox 199 834 1764 908">
    <p class='ocr_par' dir='ltr' id='par_1_8' title="bbox 199 834 1764 908">
     <span class='ocr_line' id='line_1_8' title="bbox 199 834 1764 908; baseline 0.001 -20"><span class='ocrx_word' id='word_1_41' title='bbox 199 835 322 888; x_wconf 88' lang='grc' dir='ltr'>σοῦ.</span> <span class='ocrx_word' id='word_1_42' title='bbox 359 837 471 889; x_wconf 73' lang='grc' dir='ltr'><strong>Καὶ</strong></span> <span class='ocrx_word' id='word_1_43' title='bbox 495 836 585 888; x_wconf 84' lang='grc' dir='ltr'><strong>τὸν</strong></span> <span class='ocrx_word' id='word_1_44' title='bbox 615 834 880 889; x_wconf 85' lang='grc' dir='ltr'>δάκτυλον</span> <span class='ocrx_word' id='word_1_45' title='bbox 911 835 1358 908; x_wconf 79' lang='grc' dir='ltr'><strong>ἀποκατέστησεν</strong></span> <span class='ocrx_word' id='word_1_46' title='bbox 1387 835 1557 905; x_wconf 82' lang='grc' dir='ltr'>αύτῷ.</span> <span class='ocrx_word' id='word_1_47' title='bbox 1601 835 1764 890; x_wconf 80' lang='grc' dir='ltr'>Ἀνα-</span> 
     </span>
    </p>
   </div>
   <div class='ocr_carea' id='block_1_9' title="bbox 198 920 1766 996">
    <p class='ocr_par' dir='ltr' id='par_1_9' title="bbox 198 920 1766 996">
     <span class='ocr_line' id='line_1_9' title="bbox 198 920 1766 996; baseline 0.001 -20"><span class='ocrx_word' id='word_1_48' title='bbox 198 924 332 987; x_wconf 80' lang='grc' dir='ltr'><strong>στάς</strong></span> <span class='ocrx_word' id='word_1_49' title='bbox 372 920 467 977; x_wconf 82' lang='grc' dir='ltr'><strong>οὖν</strong></span> <span class='ocrx_word' id='word_1_50' title='bbox 502 924 531 976; x_wconf 98' lang='lat'><strong>6</strong></span> <span class='ocrx_word' id='word_1_51' title='bbox 582 925 841 995; x_wconf 83' lang='grc' dir='ltr'>Ἀνδρέας</span> <span class='ocrx_word' id='word_1_52' title='bbox 891 925 1142 996; x_wconf 74' lang='grc' dir='ltr'>εἰσῆλθεν</span> <span class='ocrx_word' id='word_1_53' title='bbox 1174 928 1254 989; x_wconf 88' lang='grc' dir='ltr'><strong>είς</strong></span> <span class='ocrx_word' id='word_1_54' title='bbox 1305 926 1404 996; x_wconf 77' lang='grc' dir='ltr'>τὴν</span> <span class='ocrx_word' id='word_1_55' title='bbox 1442 925 1620 979; x_wconf 86' lang='grc' dir='ltr'>πόλιν.</span> <span class='ocrx_word' id='word_1_56' title='bbox 1653 926 1766 979; x_wconf 76' lang='grc' dir='ltr'>Καὶ</span> 
     </span>
    </p>
   </div>
   <div class='ocr_carea' id='block_1_10' title="bbox 201 1013 1767 1087">
    <p class='ocr_par' dir='ltr' id='par_1_10' title="bbox 201 1013 1767 1087">
     <span class='ocr_line' id='line_1_10' title="bbox 201 1013 1767 1087; baseline 0.001 -19"><span class='ocrx_word' id='word_1_57' title='bbox 201 1014 404 1077; x_wconf 73' lang='grc' dir='ltr'>ἰδόντες</span> <span class='ocrx_word' id='word_1_58' title='bbox 434 1013 533 1084; x_wconf 83' lang='grc' dir='ltr'>τὴν</span> <span class='ocrx_word' id='word_1_59' title='bbox 587 1015 872 1085; x_wconf 84' lang='grc' dir='ltr'>ὑπομονὴν</span> <span class='ocrx_word' id='word_1_60' title='bbox 912 1017 1076 1070; x_wconf 86' lang='grc' dir='ltr'>αὑτοῦ</span> <span class='ocrx_word' id='word_1_61' title='bbox 1115 1019 1209 1070; x_wconf 80' lang='grc' dir='ltr'>καὶ</span> <span class='ocrx_word' id='word_1_62' title='bbox 1240 1016 1301 1069; x_wconf 84' lang='grc' dir='ltr'><strong>τὸ</strong></span> <span class='ocrx_word' id='word_1_63' title='bbox 1330 1018 1505 1087; x_wconf 78' lang='grc' dir='ltr'>πρᾶον</span> <span class='ocrx_word' id='word_1_64' title='bbox 1530 1017 1623 1069; x_wconf 73' lang='grc' dir='ltr'><strong>καὶ</strong></span> <span class='ocrx_word' id='word_1_65' title='bbox 1651 1019 1767 1080; x_wconf 86' lang='grc' dir='ltr'><strong>πῶς</strong></span> 
     </span>
    </p>
   </div>
   <div class='ocr_carea' id='block_1_11' title="bbox 195 1103 1768 1178">
    <p class='ocr_par' dir='ltr' id='par_1_11' title="bbox 195 1103 1768 1178">
     <span class='ocr_line' id='line_1_11' title="bbox 195 1103 1768 1178; baseline 0.001 -21"><span class='ocrx_word' id='word_1_66' title='bbox 195 1103 500 1173; x_wconf 81' lang='grc' dir='ltr'>παρεκάλει</span> <span class='ocrx_word' id='word_1_67' title='bbox 523 1105 1156 1178; x_wconf 66' lang='grc' dir='ltr'>αύτούς,¹κατενύγησαν</span> <span class='ocrx_word' id='word_1_68' title='bbox 1178 1107 1272 1159; x_wconf 71' lang='grc' dir='ltr'><strong>καὶ</strong></span> <span class='ocrx_word' id='word_1_69' title='bbox 1290 1105 1523 1177; x_wconf 76' lang='grc' dir='ltr'>ήρξαντο</span> <span class='ocrx_word' id='word_1_70' title='bbox 1551 1106 1768 1160; x_wconf 83' lang='grc' dir='ltr'><strong>ἀκούειν</strong></span> 
     </span>
    </p>
   </div>
   <div class='ocr_carea' id='block_1_12' title="bbox 196 1194 1767 1267">
    <p class='ocr_par' dir='ltr' id='par_1_12' title="bbox 196 1194 1767 1267">
     <span class='ocr_line' id='line_1_12' title="bbox 196 1194 1767 1267; baseline 0.001 -19"><span class='ocrx_word' id='word_1_71' title='bbox 196 1194 384 1248; x_wconf 85' lang='grc' dir='ltr'>αὑτοῦ.</span> <span class='ocrx_word' id='word_1_72' title='bbox 421 1196 535 1248; x_wconf 66' lang='grc' dir='ltr'><strong>Καὶ</strong></span> <span class='ocrx_word' id='word_1_73' title='bbox 588 1196 919 1259; x_wconf 82' lang='grc' dir='ltr'>ἀκούσαντες</span> <span class='ocrx_word' id='word_1_74' title='bbox 945 1197 1045 1267; x_wconf 78' lang='grc' dir='ltr'><strong>τῆς</strong></span> <span class='ocrx_word' id='word_1_75' title='bbox 1084 1196 1432 1258; x_wconf 80' lang='grc' dir='ltr'>διδασκαλίας</span> <span class='ocrx_word' id='word_1_76' title='bbox 1464 1197 1767 1267; x_wconf 77' lang='grc' dir='ltr'>ἐξεπλάγη-</span> 
     </span>
    </p>
   </div>
   <div class='ocr_carea' id='block_1_13' title="bbox 199 1287 1769 1360">
    <p class='ocr_par' dir='ltr' id='par_1_13' title="bbox 199 1287 1769 1360">
     <span class='ocr_line' id='line_1_13' title="bbox 199 1287 1769 1360; baseline 0.003 -21"><span class='ocrx_word' id='word_1_77' title='bbox 199 1305 316 1339; x_wconf 87' lang='grc' dir='ltr'><strong>σαν.</strong></span> <span class='ocrx_word' id='word_1_78' title='bbox 370 1287 682 1357; x_wconf 84' lang='grc' dir='ltr'>Ἠρμήνευε</span> <span class='ocrx_word' id='word_1_79' title='bbox 723 1287 830 1356; x_wconf 83' lang='grc' dir='ltr'>γὰρ</span> <span class='ocrx_word' id='word_1_80' title='bbox 861 1287 960 1350; x_wconf 86' lang='grc' dir='ltr'>τὰς</span> <span class='ocrx_word' id='word_1_81' title='bbox 987 1289 1234 1360; x_wconf 85' lang='grc' dir='ltr'>Γραφάς,</span> <span class='ocrx_word' id='word_1_82' title='bbox 1263 1287 1358 1342; x_wconf 69' lang='lat' dir='ltr'><strong>xui.</strong></span> <span class='ocrx_word' id='word_1_83' title='bbox 1403 1288 1652 1353; x_wconf 74' lang='grc' dir='ltr'>ἐδέξαντο</span> <span class='ocrx_word' id='word_1_84' title='bbox 1678 1290 1769 1343; x_wconf 74' lang='grc' dir='ltr'><strong>τὸν</strong></span> 
     </span>
    </p>
   </div>
   <div class='ocr_carea' id='block_1_14' title="bbox 197 1377 1772 1449">
    <p class='ocr_par' dir='ltr' id='par_1_14' title="bbox 197 1377 1772 1449">
     <span class='ocr_line' id='line_1_14' title="bbox 197 1377 1772 1449; baseline 0.001 -19"><span class='ocrx_word' id='word_1_85' title='bbox 197 1379 360 1443; x_wconf 80' lang='grc' dir='ltr'>λόγον</span> <span class='ocrx_word' id='word_1_86' title='bbox 393 1379 486 1432; x_wconf 86' lang='grc' dir='ltr'><strong>τοῦ</strong></span> <span class='ocrx_word' id='word_1_87' title='bbox 513 1378 774 1448; x_wconf 85' lang='grc' dir='ltr'>Χριστοῦ,</span> <span class='ocrx_word' id='word_1_88' title='bbox 802 1377 971 1432; x_wconf 74' lang='grc' dir='ltr'>ἕωθεν</span> <span class='ocrx_word' id='word_1_89' title='bbox 1007 1380 1488 1449; x_wconf 78' lang='grc' dir='ltr'>ἑπισωρευόμενοι,</span> <span class='ocrx_word' id='word_1_90' title='bbox 1519 1381 1772 1448; x_wconf 73' lang='grc' dir='ltr'>φέροντες</span> 
     </span>
    </p>
   </div>
   <div class='ocr_carea' id='block_1_15' title="bbox 199 1463 1770 1539">
    <p class='ocr_par' dir='ltr' id='par_1_15' title="bbox 199 1463 1770 1539">
     <span class='ocr_line' id='line_1_15' title="bbox 199 1463 1770 1539; baseline 0.003 -21"><span class='ocrx_word' id='word_1_91' title='bbox 199 1466 474 1532; x_wconf 78' lang='grc' dir='ltr'>ἀσθενεῖς,</span> <span class='ocrx_word' id='word_1_92' title='bbox 505 1466 597 1529; x_wconf 79' lang='grc' dir='ltr'><strong>οὒς</strong></span> <span class='ocrx_word' id='word_1_93' title='bbox 633 1470 660 1520; x_wconf 87' lang='lat'><strong>6</strong></span> <span class='ocrx_word' id='word_1_94' title='bbox 703 1463 959 1539; x_wconf 82' lang='grc' dir='ltr'>Ἀνδρέας</span> <span class='ocrx_word' id='word_1_95' title='bbox 982 1470 1048 1538; x_wconf 79' lang='grc' dir='ltr'>τῇ</span> <span class='ocrx_word' id='word_1_96' title='bbox 1088 1467 1375 1538; x_wconf 81' lang='grc' dir='ltr'><strong>ἐπικλήσει</strong></span> <span class='ocrx_word' id='word_1_97' title='bbox 1411 1469 1503 1521; x_wconf 89' lang='grc' dir='ltr'><strong>τοῦ</strong></span> <span class='ocrx_word' id='word_1_98' title='bbox 1533 1468 1770 1539; x_wconf 77' lang='grc' dir='ltr'>Χριστοῦ</span> 
     </span>
    </p>
   </div>
   <div class='ocr_carea' id='block_1_16' title="bbox 202 1557 1774 1633">
    <p class='ocr_par' dir='ltr' id='par_1_16' title="bbox 202 1557 1774 1633">
     <span class='ocr_line' id='line_1_16' title="bbox 202 1557 1774 1633; baseline 0.003 -23"><span class='ocrx_word' id='word_1_99' title='bbox 202 1559 340 1611; x_wconf 70' lang='lat' dir='ltr'><strong>tam.</strong></span> <span class='ocrx_word' id='word_1_100' title='bbox 377 1557 707 1626; x_wconf 80' lang='grc' dir='ltr'>Εὑρεθέντος</span> <span class='ocrx_word' id='word_1_101' title='bbox 735 1561 792 1614; x_wconf 72' lang='grc' dir='ltr'>δὲ</span> <span class='ocrx_word' id='word_1_102' title='bbox 841 1560 1248 1629; x_wconf 79' lang='grc' dir='ltr'>πεφονευμένου</span> <span class='ocrx_word' id='word_1_103' title='bbox 1293 1561 1580 1633; x_wconf 86' lang='grc' dir='ltr'>ἀνθρώπου</span> <span class='ocrx_word' id='word_1_104' title='bbox 1611 1562 1774 1632; x_wconf 83' lang='grc' dir='ltr'>μέσον</span> 
     </span>
    </p>
   </div>
   <div class='ocr_carea' id='block_1_17' title="bbox 201 1650 1775 1722">
    <p class='ocr_par' dir='ltr' id='par_1_17' title="bbox 201 1650 1775 1722">
     <span class='ocr_line' id='line_1_17' title="bbox 201 1650 1775 1722; baseline 0.002 -20"><span class='ocrx_word' id='word_1_105' title='bbox 201 1651 298 1719; x_wconf 75' lang='grc' dir='ltr'>τῆς</span> <span class='ocrx_word' id='word_1_106' title='bbox 343 1651 574 1713; x_wconf 86' lang='grc' dir='ltr'>πόλεως,</span> <span class='ocrx_word' id='word_1_107' title='bbox 630 1653 723 1705; x_wconf 79' lang='grc' dir='ltr'><strong>καὶ</strong></span> <span class='ocrx_word' id='word_1_108' title='bbox 773 1651 1112 1721; x_wconf 81' lang='grc' dir='ltr'>ζητουμένου</span> <span class='ocrx_word' id='word_1_109' title='bbox 1149 1650 1244 1704; x_wconf 89' lang='grc' dir='ltr'><strong>τοῦ</strong></span> <span class='ocrx_word' id='word_1_110' title='bbox 1284 1653 1510 1720; x_wconf 80' lang='grc' dir='ltr'><strong>φονέως,</strong></span> <span class='ocrx_word' id='word_1_111' title='bbox 1549 1654 1646 1722; x_wconf 83' lang='grc' dir='ltr'><strong>τῆς</strong></span> <span class='ocrx_word' id='word_1_112' title='bbox 1674 1669 1775 1721; x_wconf 86' lang='grc' dir='ltr'><strong>γυ-</strong></span> 
     </span>
    </p>
   </div>
   <div class='ocr_carea' id='block_1_18' title="bbox 205 1741 1770 1814">
    <p class='ocr_par' dir='ltr' id='par_1_18' title="bbox 205 1741 1770 1814">
     <span class='ocr_line' id='line_1_18' title="bbox 205 1741 1770 1814; baseline 0.003 -21"><span class='ocrx_word' id='word_1_113' title='bbox 205 1741 392 1803; x_wconf 71' lang='grc' dir='ltr'>ναικδς</span> <span class='ocrx_word' id='word_1_114' title='bbox 421 1741 588 1794; x_wconf 83' lang='grc' dir='ltr'>αὑτοῦ</span> <span class='ocrx_word' id='word_1_115' title='bbox 617 1741 953 1813; x_wconf 78' lang='grc' dir='ltr'>ὀδυρομένης</span> <span class='ocrx_word' id='word_1_116' title='bbox 979 1744 1073 1796; x_wconf 80' lang='grc' dir='ltr'>καὶ</span> <span class='ocrx_word' id='word_1_117' title='bbox 1092 1742 1186 1795; x_wconf 92' lang='grc' dir='ltr'><strong>τοῦ</strong></span> <span class='ocrx_word' id='word_1_118' title='bbox 1215 1743 1344 1796; x_wconf 91' lang='grc' dir='ltr'>λαοῦ</span> <span class='ocrx_word' id='word_1_119' title='bbox 1368 1744 1770 1814; x_wconf 78' lang='grc' dir='ltr'>περιρρέοντος,</span> 
     </span>
    </p>
   </div>
   <div class='ocr_carea' id='block_1_19' title="bbox 203 1832 1775 1905">
    <p class='ocr_par' dir='ltr' id='par_1_19' title="bbox 203 1832 1775 1905">
     <span class='ocr_line' id='line_1_19' title="bbox 203 1832 1775 1905; baseline 0.003 -21"><span class='ocrx_word' id='word_1_120' title='bbox 203 1832 585 1901; x_wconf 74' lang='grc' dir='ltr'>παρακληθεὶς</span> <span class='ocrx_word' id='word_1_121' title='bbox 613 1833 640 1885; x_wconf 90' lang='lat'><strong>6</strong></span> <span class='ocrx_word' id='word_1_122' title='bbox 680 1832 936 1902; x_wconf 83' lang='grc' dir='ltr'><strong>Ἀνδρέας</strong></span> <span class='ocrx_word' id='word_1_123' title='bbox 965 1833 1318 1903; x_wconf 85' lang='grc' dir='ltr'>παρεγένετο,</span> <span class='ocrx_word' id='word_1_124' title='bbox 1346 1835 1440 1888; x_wconf 76' lang='grc' dir='ltr'>καὶ</span> <span class='ocrx_word' id='word_1_125' title='bbox 1471 1835 1775 1905; x_wconf 81' lang='grc' dir='ltr'>προσευξά-</span> 
     </span>
    </p>
   </div>
   <div class='ocr_carea' id='block_1_20' title="bbox 206 1923 1774 1996">
    <p class='ocr_par' dir='ltr' id='par_1_20' title="bbox 206 1923 1774 1996">
     <span class='ocr_line' id='line_1_20' title="bbox 206 1923 1774 1996; baseline 0.003 -22"><span class='ocrx_word' id='word_1_126' title='bbox 206 1938 394 1992; x_wconf 81' lang='grc' dir='ltr'>μενος,</span> <span class='ocrx_word' id='word_1_127' title='bbox 427 1926 497 1992; x_wconf 79' lang='grc' dir='ltr'>τῇ</span> <span class='ocrx_word' id='word_1_128' title='bbox 530 1924 817 1993; x_wconf 74' lang='grc' dir='ltr'>ἐπικλήσει</span> <span class='ocrx_word' id='word_1_129' title='bbox 847 1923 939 1978; x_wconf 88' lang='grc' dir='ltr'><strong>τοῦ</strong></span> <span class='ocrx_word' id='word_1_130' title='bbox 970 1925 1206 1994; x_wconf 79' lang='grc' dir='ltr'>Χριστοῦ</span> <span class='ocrx_word' id='word_1_131' title='bbox 1235 1925 1422 1996; x_wconf 77' lang='grc' dir='ltr'>ἤγειρε</span> <span class='ocrx_word' id='word_1_132' title='bbox 1445 1926 1535 1978; x_wconf 69' lang='grc' dir='ltr'>τὸν</span> <span class='ocrx_word' id='word_1_133' title='bbox 1560 1928 1774 1995; x_wconf 79' lang='grc' dir='ltr'>νεκρόν·</span> 
     </span>
    </p>
   </div>
   <div class='ocr_carea' id='block_1_21' title="bbox 203 2010 1777 2085">
    <p class='ocr_par' dir='ltr' id='par_1_21' title="bbox 203 2010 1777 2085">
     <span class='ocr_line' id='line_1_21' title="bbox 203 2010 1777 2085; baseline 0.003 -20"><span class='ocrx_word' id='word_1_134' title='bbox 203 2014 298 2066; x_wconf 71' lang='grc' dir='ltr'>καὶ</span> <span class='ocrx_word' id='word_1_135' title='bbox 351 2013 539 2066; x_wconf 75' lang='grc' dir='ltr'>πολλοὶ</span> <span class='ocrx_word' id='word_1_136' title='bbox 588 2010 921 2068; x_wconf 78' lang='grc' dir='ltr'>ἐπίστευσαν</span> <span class='ocrx_word' id='word_1_137' title='bbox 974 2016 1067 2066; x_wconf 74' lang='grc' dir='ltr'>ἐπὶ</span> <span class='ocrx_word' id='word_1_138' title='bbox 1117 2015 1210 2067; x_wconf 81' lang='grc' dir='ltr'><strong>τὸν</strong></span> <span class='ocrx_word' id='word_1_139' title='bbox 1263 2014 1490 2085; x_wconf 80' lang='grc' dir='ltr'>Κύριον.</span> <span class='ocrx_word' id='word_1_140' title='bbox 1524 2014 1710 2078; x_wconf 74' lang='grc' dir='ltr'>Οὕτως</span> <span class='ocrx_word' id='word_1_141' title='bbox 1748 2017 1777 2069; x_wconf 89' lang='lat'><strong>6</strong></span> 
     </span>
    </p>
   </div>
   <div class='ocr_carea' id='block_1_22' title="bbox 205 2102 1780 2177">
    <p class='ocr_par' dir='ltr' id='par_1_22' title="bbox 205 2102 1780 2177">
     <span class='ocr_line' id='line_1_22' title="bbox 205 2102 1780 2177; baseline 0.003 -23"><span class='ocrx_word' id='word_1_142' title='bbox 205 2103 363 2172; x_wconf 76' lang='grc' dir='ltr'>λόγος</span> <span class='ocrx_word' id='word_1_143' title='bbox 394 2102 490 2162; x_wconf 78' lang='grc' dir='ltr'><strong>τοῦ</strong></span> <span class='ocrx_word' id='word_1_144' title='bbox 547 2105 753 2173; x_wconf 82' lang='grc' dir='ltr'>Κυρίου</span> <span class='ocrx_word' id='word_1_145' title='bbox 800 2105 1010 2176; x_wconf 80' lang='grc' dir='ltr'>ηὐξήθη</span> <span class='ocrx_word' id='word_1_146' title='bbox 1061 2103 1156 2157; x_wconf 72' lang='grc' dir='ltr'>καὶ</span> <span class='ocrx_word' id='word_1_147' title='bbox 1185 2104 1780 2177; x_wconf 82' lang='grc' dir='ltr'>ὲπλατύνθη.Ἑχειρο-</span> 
     </span>
    </p>
   </div>
   <div class='ocr_carea' id='block_1_23' title="bbox 208 2193 1775 2265">
    <p class='ocr_par' dir='ltr' id='par_1_23' title="bbox 208 2193 1775 2265">
     <span class='ocr_line' id='line_1_23' title="bbox 208 2193 1775 2265; baseline 0.003 -21"><span class='ocrx_word' id='word_1_148' title='bbox 208 2194 404 2263; x_wconf 81' lang='grc' dir='ltr'>τόνησε</span> <span class='ocrx_word' id='word_1_149' title='bbox 443 2193 501 2246; x_wconf 82' lang='grc' dir='ltr'>δὲ</span> <span class='ocrx_word' id='word_1_150' title='bbox 552 2195 610 2259; x_wconf 73' lang='grc' dir='ltr'><strong>ἐξ</strong></span> <span class='ocrx_word' id='word_1_151' title='bbox 661 2193 841 2250; x_wconf 79' lang='grc' dir='ltr'>αὐτῶν</span> <span class='ocrx_word' id='word_1_152' title='bbox 899 2194 1308 2265; x_wconf 77' lang='grc' dir='ltr'>πρεσϐυτέρους</span> <span class='ocrx_word' id='word_1_153' title='bbox 1346 2195 1439 2248; x_wconf 77' lang='grc' dir='ltr'>καὶ</span> <span class='ocrx_word' id='word_1_154' title='bbox 1469 2195 1775 2263; x_wconf 81' lang='grc' dir='ltr'>διακόνους,</span> 
     </span>
    </p>
   </div>
   <div class='ocr_carea' id='block_1_24' title="bbox 1865 653 3428 730">
    <p class='ocr_par' dir='ltr' id='par_1_24' title="bbox 1865 653 3428 730">
     <span class='ocr_line' id='line_1_24' title="bbox 1865 653 3428 730; baseline -0.003 -17"><span class='ocrx_word' id='word_1_155' title='bbox 1865 666 2042 714; x_wconf 84' lang='lat' dir='ltr'><strong>tecum</strong></span> <span class='ocrx_word' id='word_1_156' title='bbox 2084 675 2224 715; x_wconf 88' lang='lat' dir='ltr'><strong>sum.</strong></span> <span class='ocrx_word' id='word_1_157' title='bbox 2260 659 2322 713; x_wconf 84' lang='lat' dir='ltr'><strong>Et</strong></span> <span class='ocrx_word' id='word_1_158' title='bbox 2350 660 2575 730; x_wconf 91' lang='lat' dir='ltr'><strong>digitum</strong></span> <span class='ocrx_word' id='word_1_159' title='bbox 2609 657 2848 714; x_wconf 83' lang='lat' dir='ltr'><strong>restituit</strong></span> <span class='ocrx_word' id='word_1_160' title='bbox 2878 657 2950 712; x_wconf 89' lang='lat' dir='ltr'><strong>ei.</strong></span> <span class='ocrx_word' id='word_1_161' title='bbox 2981 655 3224 727; x_wconf 81' lang='lat' dir='ltr'><strong>Surgens</strong></span> <span class='ocrx_word' id='word_1_162' title='bbox 3264 653 3428 726; x_wconf 91' lang='lat' dir='ltr'><strong>igitur</strong></span> 
     </span>
    </p>
   </div>
   <div class='ocr_carea' id='block_1_25' title="bbox 1863 748 3431 822">
    <p class='ocr_par' dir='ltr' id='par_1_25' title="bbox 1863 748 3431 822">
     <span class='ocr_line' id='line_1_25' title="bbox 1863 748 3431 822; baseline -0.003 -18"><span class='ocrx_word' id='word_1_163' title='bbox 1863 751 2111 807; x_wconf 82' lang='lat' dir='ltr'><strong>Andreas</strong></span> <span class='ocrx_word' id='word_1_164' title='bbox 2141 753 2423 822; x_wconf 88' lang='lat' dir='ltr'><strong>ingressus</strong></span> <span class='ocrx_word' id='word_1_165' title='bbox 2475 759 2558 806; x_wconf 89' lang='lat' dir='ltr'><strong>est</strong></span> <span class='ocrx_word' id='word_1_166' title='bbox 2605 751 2903 806; x_wconf 85' lang='lat' dir='ltr'><strong>civitatem.</strong></span> <span class='ocrx_word' id='word_1_167' title='bbox 2945 750 3010 804; x_wconf 87' lang='lat' dir='ltr'><strong>Et</strong></span> <span class='ocrx_word' id='word_1_168' title='bbox 3043 748 3288 803; x_wconf 79' lang='lat' dir='ltr'><strong>videntes</strong></span> <span class='ocrx_word' id='word_1_169' title='bbox 3333 760 3431 817; x_wconf 84' lang='lat' dir='ltr'><strong>pa-</strong></span> 
     </span>
    </p>
   </div>
   <div class='ocr_carea' id='block_1_26' title="bbox 1865 837 3430 912">
    <p class='ocr_par' dir='ltr' id='par_1_26' title="bbox 1865 837 3430 912">
     <span class='ocr_line' id='line_1_26' title="bbox 1865 837 3430 912; baseline -0.003 -17"><span class='ocrx_word' id='word_1_170' title='bbox 1865 842 2114 896; x_wconf 86' lang='lat' dir='ltr'><strong>tientiam</strong></span> <span class='ocrx_word' id='word_1_171' title='bbox 2143 842 2263 912; x_wconf 84' lang='lat' dir='ltr'><strong>ejus</strong></span> <span class='ocrx_word' id='word_1_172' title='bbox 2291 851 2346 898; x_wconf 90' lang='lat' dir='ltr'><strong>et</strong></span> <span class='ocrx_word' id='word_1_173' title='bbox 2383 841 2875 905; x_wconf 81' lang='lat' dir='ltr'><strong>mansuetudinem,</strong></span> <span class='ocrx_word' id='word_1_174' title='bbox 2914 847 2969 893; x_wconf 90' lang='lat' dir='ltr'><strong>et</strong></span> <span class='ocrx_word' id='word_1_175' title='bbox 3019 837 3292 908; x_wconf 88' lang='lat' dir='ltr'><strong>quomodo</strong></span> <span class='ocrx_word' id='word_1_176' title='bbox 3331 850 3430 891; x_wconf 89' lang='lat' dir='ltr'><strong>vo-</strong></span> 
     </span>
    </p>
   </div>
   <div class='ocr_carea' id='block_1_27' title="bbox 1866 926 3432 1003">
    <p class='ocr_par' dir='ltr' id='par_1_27' title="bbox 1866 926 3432 1003">
     <span class='ocr_line' id='line_1_27' title="bbox 1866 926 3432 1003; baseline -0.005 -15"><span class='ocrx_word' id='word_1_177' title='bbox 1866 932 2024 988; x_wconf 82' lang='lat' dir='ltr'><strong>cabat</strong></span> <span class='ocrx_word' id='word_1_178' title='bbox 2063 947 2179 999; x_wconf 84' lang='lat' dir='ltr'><strong>eos,</strong></span> <span class='ocrx_word' id='word_1_179' title='bbox 2228 935 2539 1003; x_wconf 90' lang='lat' dir='ltr'><strong>compuncti</strong></span> <span class='ocrx_word' id='word_1_180' title='bbox 2584 940 2713 987; x_wconf 89' lang='lat' dir='ltr'><strong>sunt</strong></span> <span class='ocrx_word' id='word_1_181' title='bbox 2745 972 2760 998; x_wconf 91' lang='lat'><strong>,</strong></span> <span class='ocrx_word' id='word_1_182' title='bbox 2807 939 2861 987; x_wconf 88' lang='lat' dir='ltr'><strong>et</strong></span> <span class='ocrx_word' id='word_1_183' title='bbox 2909 937 3197 1000; x_wconf 70' lang='lat' dir='ltr'><strong>creperum</strong></span> <span class='ocrx_word' id='word_1_184' title='bbox 3237 926 3432 981; x_wconf 85' lang='lat' dir='ltr'><strong>audire</strong></span> 
     </span>
    </p>
   </div>
   <div class='ocr_carea' id='block_1_28' title="bbox 1866 1017 3433 1080">
    <p class='ocr_par' dir='ltr' id='par_1_28' title="bbox 1866 1017 3433 1080">
     <span class='ocr_line' id='line_1_28' title="bbox 1866 1017 3433 1080; baseline -0.004 -1"><span class='ocrx_word' id='word_1_185' title='bbox 1866 1038 2012 1079; x_wconf 90' lang='lat' dir='ltr'><strong>eum.</strong></span> <span class='ocrx_word' id='word_1_186' title='bbox 2035 1024 2100 1078; x_wconf 86' lang='lat' dir='ltr'><strong>Et</strong></span> <span class='ocrx_word' id='word_1_187' title='bbox 2128 1023 2414 1079; x_wconf 81' lang='lat' dir='ltr'><strong>audientes</strong></span> <span class='ocrx_word' id='word_1_188' title='bbox 2441 1023 2748 1080; x_wconf 84' lang='lat' dir='ltr'><strong>doctrinam</strong></span> <span class='ocrx_word' id='word_1_189' title='bbox 2776 1022 3036 1079; x_wconf 74' lang='lat' dir='ltr'><strong>sommoti</strong></span> <span class='ocrx_word' id='word_1_190' title='bbox 3072 1028 3226 1076; x_wconf 88' lang='lat' dir='ltr'><strong>sunt.</strong></span> <span class='ocrx_word' id='word_1_191' title='bbox 3260 1017 3433 1072; x_wconf 57' lang='lat' dir='ltr'><strong>intero</strong></span> 
     </span>
    </p>
   </div>
   <div class='ocr_carea' id='block_1_29' title="bbox 1867 1107 3434 1184">
    <p class='ocr_par' dir='ltr' id='par_1_29' title="bbox 1867 1107 3434 1184">
     <span class='ocr_line' id='line_1_29' title="bbox 1867 1107 3434 1184; baseline -0.005 -16"><span class='ocrx_word' id='word_1_192' title='bbox 1867 1115 2181 1184; x_wconf 84' lang='lat' dir='ltr'><strong>pretabatur</strong></span> <span class='ocrx_word' id='word_1_193' title='bbox 2206 1117 2352 1170; x_wconf 89' lang='lat' dir='ltr'><strong>enim</strong></span> <span class='ocrx_word' id='word_1_194' title='bbox 2379 1113 2728 1184; x_wconf 86' lang='lat' dir='ltr'><strong>Scripturas;</strong></span> <span class='ocrx_word' id='word_1_195' title='bbox 2760 1121 2813 1169; x_wconf 91' lang='lat' dir='ltr'><strong>et</strong></span> <span class='ocrx_word' id='word_1_196' title='bbox 2842 1121 3172 1182; x_wconf 74' lang='lat' dir='ltr'><strong>acoeperunt</strong></span> <span class='ocrx_word' id='word_1_197' title='bbox 3206 1107 3434 1164; x_wconf 81' lang='lat' dir='ltr'><strong>verbum</strong></span> 
     </span>
    </p>
   </div>
   <div class='ocr_carea' id='block_1_30' title="bbox 1869 1198 3438 1272">
    <p class='ocr_par' dir='ltr' id='par_1_30' title="bbox 1869 1198 3438 1272">
     <span class='ocr_line' id='line_1_30' title="bbox 1869 1198 3438 1272; baseline -0.006 -15"><span class='ocrx_word' id='word_1_198' title='bbox 1869 1202 2097 1269; x_wconf 80' lang='lat' dir='ltr'><strong>Christi,</strong></span> <span class='ocrx_word' id='word_1_199' title='bbox 2135 1204 2202 1258; x_wconf 85' lang='lat' dir='ltr'><strong>ab</strong></span> <span class='ocrx_word' id='word_1_200' title='bbox 2242 1218 2438 1259; x_wconf 89' lang='lat' dir='ltr'><strong>aurora</strong></span> <span class='ocrx_word' id='word_1_201' title='bbox 2483 1203 2812 1267; x_wconf 86' lang='lat' dir='ltr'><strong>coacervati,</strong></span> <span class='ocrx_word' id='word_1_202' title='bbox 2855 1207 3138 1272; x_wconf 82' lang='lat' dir='ltr'><strong>portantes</strong></span> <span class='ocrx_word' id='word_1_203' title='bbox 3188 1198 3438 1253; x_wconf 87' lang='lat' dir='ltr'><strong>infirmos</strong></span> 
     </span>
    </p>
   </div>
   <div class='ocr_carea' id='block_1_31' title="bbox 1872 1287 3438 1361">
    <p class='ocr_par' dir='ltr' id='par_1_31' title="bbox 1872 1287 3438 1361">
     <span class='ocr_line' id='line_1_31' title="bbox 1872 1287 3438 1361; baseline -0.004 -17"><span class='ocrx_word' id='word_1_204' title='bbox 1872 1307 2008 1361; x_wconf 90' lang='lat' dir='ltr'><strong>quos</strong></span> <span class='ocrx_word' id='word_1_205' title='bbox 2038 1292 2284 1347; x_wconf 85' lang='lat' dir='ltr'><strong>Andreas</strong></span> <span class='ocrx_word' id='word_1_206' title='bbox 2321 1292 2668 1348; x_wconf 86' lang='lat' dir='ltr'><strong>invocatione</strong></span> <span class='ocrx_word' id='word_1_207' title='bbox 2694 1290 2901 1348; x_wconf 85' lang='lat' dir='ltr'><strong>Christi</strong></span> <span class='ocrx_word' id='word_1_208' title='bbox 2935 1289 3166 1347; x_wconf 78' lang='lat' dir='ltr'><strong>sanavit.</strong></span> <span class='ocrx_word' id='word_1_209' title='bbox 3211 1287 3438 1341; x_wconf 65' lang='lat' dir='ltr'><strong>invento</strong></span> 
     </span>
    </p>
   </div>
   <div class='ocr_carea' id='block_1_32' title="bbox 1874 1377 3465 1438">
    <p class='ocr_par' dir='ltr' id='par_1_32' title="bbox 1874 1377 3465 1438">
     <span class='ocr_line' id='line_1_32' title="bbox 1874 1377 3465 1438; baseline -0.001 -5"><span class='ocrx_word' id='word_1_210' title='bbox 1874 1390 2053 1436; x_wconf 90' lang='lat' dir='ltr'><strong>autem</strong></span> <span class='ocrx_word' id='word_1_211' title='bbox 2106 1381 2396 1437; x_wconf 85' lang='lat' dir='ltr'><strong>interfecto</strong></span> <span class='ocrx_word' id='word_1_212' title='bbox 2446 1383 2667 1438; x_wconf 89' lang='lat' dir='ltr'><strong>homine</strong></span> <span class='ocrx_word' id='word_1_213' title='bbox 2723 1382 2779 1437; x_wconf 90' lang='lat' dir='ltr'><strong>in</strong></span> <span class='ocrx_word' id='word_1_214' title='bbox 2839 1381 3016 1437; x_wconf 90' lang='lat' dir='ltr'><strong>medio</strong></span> <span class='ocrx_word' id='word_1_215' title='bbox 3063 1377 3331 1435; x_wconf 69' lang='lat' dir='ltr'><strong>civitatis.</strong></span> <span class='ocrx_word' id='word_1_216' title='bbox 3377 1378 3465 1431; x_wconf 66' lang='lat' dir='ltr'><strong>et</strong></span> 
     </span>
    </p>
   </div>
   <div class='ocr_carea' id='block_1_33' title="bbox 1876 1469 3442 1546">
    <p class='ocr_par' dir='ltr' id='par_1_33' title="bbox 1876 1469 3442 1546">
     <span class='ocr_line' id='line_1_33' title="bbox 1876 1469 3442 1546; baseline -0.004 -20"><span class='ocrx_word' id='word_1_217' title='bbox 1876 1473 2104 1542; x_wconf 74' lang='lat' dir='ltr'><strong>quaesito</strong></span> <span class='ocrx_word' id='word_1_218' title='bbox 2135 1473 2494 1528; x_wconf 81' lang='lat' dir='ltr'><strong>interfectore</strong></span> <span class='ocrx_word' id='word_1_219' title='bbox 2537 1475 2678 1546; x_wconf 86' lang='lat' dir='ltr'><strong>ejus,</strong></span> <span class='ocrx_word' id='word_1_220' title='bbox 2721 1481 2775 1529; x_wconf 91' lang='lat' dir='ltr'><strong>et</strong></span> <span class='ocrx_word' id='word_1_221' title='bbox 2832 1485 3000 1528; x_wconf 77' lang='lat' dir='ltr'><strong>uxore</strong></span> <span class='ocrx_word' id='word_1_222' title='bbox 3036 1471 3184 1527; x_wconf 89' lang='lat' dir='ltr'><strong>illius</strong></span> <span class='ocrx_word' id='word_1_223' title='bbox 3231 1469 3442 1528; x_wconf 73' lang='lat' dir='ltr'><strong>iamcu-</strong></span> 
     </span>
    </p>
   </div>
   <div class='ocr_carea' id='block_1_34' title="bbox 1875 1556 3442 1634">
    <p class='ocr_par' dir='ltr' id='par_1_34' title="bbox 1875 1556 3442 1634">
     <span class='ocr_line' id='line_1_34' title="bbox 1875 1556 3442 1634; baseline -0.003 -17"><span class='ocrx_word' id='word_1_224' title='bbox 1875 1570 2045 1629; x_wconf 81' lang='lat' dir='ltr'><strong>tante,</strong></span> <span class='ocrx_word' id='word_1_225' title='bbox 2086 1572 2141 1617; x_wconf 88' lang='lat' dir='ltr'><strong>et</strong></span> <span class='ocrx_word' id='word_1_226' title='bbox 2180 1564 2379 1634; x_wconf 86' lang='lat' dir='ltr'><strong>popqu</strong></span> <span class='ocrx_word' id='word_1_227' title='bbox 2423 1563 2782 1631; x_wconf 88' lang='lat' dir='ltr'><strong>circumfuso,</strong></span> <span class='ocrx_word' id='word_1_228' title='bbox 2818 1564 2970 1619; x_wconf 83' lang='lat' dir='ltr'><strong>venit</strong></span> <span class='ocrx_word' id='word_1_229' title='bbox 3003 1561 3302 1617; x_wconf 63' lang='lat' dir='ltr'><strong>advocatus</strong></span> <span class='ocrx_word' id='word_1_230' title='bbox 3332 1556 3442 1612; x_wconf 79' lang='lat' dir='ltr'><strong>An-</strong></span> 
     </span>
    </p>
   </div>
   <div class='ocr_carea' id='block_1_35' title="bbox 1877 1641 3444 1721">
    <p class='ocr_par' dir='ltr' id='par_1_35' title="bbox 1877 1641 3444 1721">
     <span class='ocr_line' id='line_1_35' title="bbox 1877 1641 3444 1721; baseline -0.005 -13"><span class='ocrx_word' id='word_1_231' title='bbox 1877 1653 2056 1721; x_wconf 86' lang='lat' dir='ltr'><strong>dreas,</strong></span> <span class='ocrx_word' id='word_1_232' title='bbox 2074 1661 2269 1709; x_wconf 91' lang='lat' dir='ltr'><strong>etcum</strong></span> <span class='ocrx_word' id='word_1_233' title='bbox 2303 1659 2535 1718; x_wconf 84' lang='lat' dir='ltr'><strong>Orasset,</strong></span> <span class='ocrx_word' id='word_1_234' title='bbox 2562 1653 2909 1709; x_wconf 87' lang='lat' dir='ltr'><strong>invocatione</strong></span> <span class='ocrx_word' id='word_1_235' title='bbox 2937 1641 3142 1708; x_wconf 79' lang='lat' dir='ltr'><strong>Christi</strong></span> <span class='ocrx_word' id='word_1_236' title='bbox 3165 1658 3444 1704; x_wconf 89' lang='lat' dir='ltr'><strong>mortuum</strong></span> 
     </span>
    </p>
   </div>
   <div class='ocr_carea' id='block_1_36' title="bbox 1877 1735 3450 1812">
    <p class='ocr_par' dir='ltr' id='par_1_36' title="bbox 1877 1735 3450 1812">
     <span class='ocr_line' id='line_1_36' title="bbox 1877 1735 3450 1812; baseline -0.007 -12"><span class='ocrx_word' id='word_1_237' title='bbox 1877 1745 2159 1812; x_wconf 78' lang='lat' dir='ltr'><strong>excitavit,</strong></span> <span class='ocrx_word' id='word_1_238' title='bbox 2221 1753 2277 1800; x_wconf 91' lang='lat' dir='ltr'><strong>et</strong></span> <span class='ocrx_word' id='word_1_239' title='bbox 2322 1743 2477 1799; x_wconf 90' lang='lat' dir='ltr'><strong>multi</strong></span> <span class='ocrx_word' id='word_1_240' title='bbox 2522 1743 2876 1799; x_wconf 88' lang='lat' dir='ltr'><strong>crediderunt</strong></span> <span class='ocrx_word' id='word_1_241' title='bbox 2910 1742 2968 1796; x_wconf 90' lang='lat' dir='ltr'><strong>in</strong></span> <span class='ocrx_word' id='word_1_242' title='bbox 3008 1739 3318 1794; x_wconf 85' lang='lat' dir='ltr'><strong>Dominum.</strong></span> <span class='ocrx_word' id='word_1_243' title='bbox 3356 1735 3450 1791; x_wconf 83' lang='lat' dir='ltr'><strong>Sic</strong></span> 
     </span>
    </p>
   </div>
   <div class='ocr_carea' id='block_1_37' title="bbox 1879 1824 3438 1902">
    <p class='ocr_par' dir='ltr' id='par_1_37' title="bbox 1879 1824 3438 1902">
     <span class='ocr_line' id='line_1_37' title="bbox 1879 1824 3438 1902; baseline -0.01 -9"><span class='ocrx_word' id='word_1_244' title='bbox 1879 1850 2060 1893; x_wconf 87' lang='lat' dir='ltr'><strong>sermo</strong></span> <span class='ocrx_word' id='word_1_245' title='bbox 2105 1834 2199 1890; x_wconf 89' lang='lat' dir='ltr'><strong>Dei</strong></span> <span class='ocrx_word' id='word_1_246' title='bbox 2247 1833 2528 1891; x_wconf 81' lang='lat' dir='ltr'><strong>crescebat</strong></span> <span class='ocrx_word' id='word_1_247' title='bbox 2575 1840 2630 1889; x_wconf 90' lang='lat' dir='ltr'><strong>et</strong></span> <span class='ocrx_word' id='word_1_248' title='bbox 2685 1831 3091 1902; x_wconf 85' lang='lat' dir='ltr'><strong>divulgabatur.</strong></span> <span class='ocrx_word' id='word_1_249' title='bbox 3146 1824 3438 1884; x_wconf 86' lang='lat' dir='ltr'><strong>Ordinavit</strong></span> 
     </span>
    </p>
   </div>
   <div class='ocr_carea' id='block_1_38' title="bbox 1883 1917 3453 1996">
    <p class='ocr_par' dir='ltr' id='par_1_38' title="bbox 1883 1917 3453 1996">
     <span class='ocr_line' id='line_1_38' title="bbox 1883 1917 3453 1996; baseline -0.006 -15"><span class='ocrx_word' id='word_1_250' title='bbox 1883 1935 2066 1982; x_wconf 87' lang='lat' dir='ltr'><strong>autem</strong></span> <span class='ocrx_word' id='word_1_251' title='bbox 2107 1941 2172 1980; x_wconf 81' lang='lat' dir='ltr'><strong>ex</strong></span> <span class='ocrx_word' id='word_1_252' title='bbox 2205 1927 2286 1981; x_wconf 87' lang='lat' dir='ltr'><strong>eis</strong></span> <span class='ocrx_word' id='word_1_253' title='bbox 2331 1925 2679 1996; x_wconf 83' lang='lat' dir='ltr'><strong>presbyteros</strong></span> <span class='ocrx_word' id='word_1_254' title='bbox 2719 1930 2774 1980; x_wconf 84' lang='lat' dir='ltr'><strong>et</strong></span> <span class='ocrx_word' id='word_1_255' title='bbox 2823 1923 3084 1978; x_wconf 77' lang='lat' dir='ltr'><strong>diaconos</strong></span> <span class='ocrx_word' id='word_1_256' title='bbox 3119 1927 3176 1976; x_wconf 90' lang='lat' dir='ltr'><strong>et</strong></span> <span class='ocrx_word' id='word_1_257' title='bbox 3208 1920 3289 1974; x_wconf 87' lang='lat' dir='ltr'><strong>sic</strong></span> <span class='ocrx_word' id='word_1_258' title='bbox 3316 1917 3453 1973; x_wconf 86' lang='lat' dir='ltr'><strong>abiit</strong></span> 
     </span>
    </p>
   </div>
   <div class='ocr_carea' id='block_1_39' title="bbox 1882 2007 3455 2071">
    <p class='ocr_par' dir='ltr' id='par_1_39' title="bbox 1882 2007 3455 2071">
     <span class='ocr_line' id='line_1_39' title="bbox 1882 2007 3455 2071; baseline -0.005 0"><span class='ocrx_word' id='word_1_259' title='bbox 1882 2016 2187 2071; x_wconf 84' lang='lat' dir='ltr'><strong>Zalichum.</strong></span> <span class='ocrx_word' id='word_1_260' title='bbox 2239 2015 2307 2070; x_wconf 85' lang='lat' dir='ltr'><strong>Et</strong></span> <span class='ocrx_word' id='word_1_261' title='bbox 2359 2015 2642 2071; x_wconf 80' lang='lat' dir='ltr'><strong>audientes</strong></span> <span class='ocrx_word' id='word_1_262' title='bbox 2695 2013 2938 2070; x_wconf 80' lang='lat' dir='ltr'><strong>Amiseui</strong></span> <span class='ocrx_word' id='word_1_263' title='bbox 2997 2011 3355 2067; x_wconf 87' lang='lat' dir='ltr'><strong>obviaverunt</strong></span> <span class='ocrx_word' id='word_1_264' title='bbox 3402 2007 3455 2063; x_wconf 87' lang='lat' dir='ltr'><strong>ei</strong></span> 
     </span>
    </p>
   </div>
   <div class='ocr_carea' id='block_1_40' title="bbox 1885 2096 3450 2178">
    <p class='ocr_par' dir='ltr' id='par_1_40' title="bbox 1885 2096 3450 2178">
     <span class='ocr_line' id='line_1_40' title="bbox 1885 2096 3450 2178; baseline -0.006 -17"><span class='ocrx_word' id='word_1_265' title='bbox 1885 2106 2207 2178; x_wconf 77' lang='lat' dir='ltr'><strong>gaudentes,</strong></span> <span class='ocrx_word' id='word_1_266' title='bbox 2249 2111 2304 2161; x_wconf 88' lang='lat' dir='ltr'><strong>et</strong></span> <span class='ocrx_word' id='word_1_267' title='bbox 2344 2106 2750 2175; x_wconf 85' lang='lat' dir='ltr'><strong>adgratulantes</strong></span> <span class='ocrx_word' id='word_1_268' title='bbox 2790 2103 3133 2158; x_wconf 84' lang='lat' dir='ltr'><strong>adduxerunt</strong></span> <span class='ocrx_word' id='word_1_269' title='bbox 3165 2101 3222 2156; x_wconf 90' lang='lat' dir='ltr'><strong>in</strong></span> <span class='ocrx_word' id='word_1_270' title='bbox 3257 2096 3450 2167; x_wconf 54' lang='lat' dir='ltr'><strong>hospi-</strong></span> 
     </span>
    </p>
   </div>
   <div class='ocr_carea' id='block_1_41' title="bbox 1886 2200 2042 2255">
    <p class='ocr_par' dir='ltr' id='par_1_41' title="bbox 1886 2200 2042 2255">
     <span class='ocr_line' id='line_1_41' title="bbox 1886 2200 2042 2255; baseline 0.006 -1"><span class='ocrx_word' id='word_1_271' title='bbox 1886 2200 2042 2255; x_wconf 86' lang='lat' dir='ltr'><strong>tium.</strong></span> 
     </span>
    </p>
   </div>
   <div class='ocr_carea' id='block_1_42' title="bbox 215 2273 3457 2366">
    <p class='ocr_par' dir='ltr' id='par_1_42' title="bbox 215 2273 3457 2366">
     <span class='ocr_line' id='line_1_42' title="bbox 215 2273 3457 2366; baseline -0.002 -27"><span class='ocrx_word' id='word_1_272' title='bbox 215 2285 310 2339; x_wconf 76' lang='grc' dir='ltr'><strong>καὶ</strong></span> <span class='ocrx_word' id='word_1_273' title='bbox 334 2273 515 2347; x_wconf 77' lang='grc' dir='ltr'>ὀὕτως</span> <span class='ocrx_word' id='word_1_274' title='bbox 540 2284 774 2354; x_wconf 77' lang='grc' dir='ltr'>ἐξῆλθεν</span> <span class='ocrx_word' id='word_1_275' title='bbox 802 2286 882 2348; x_wconf 84' lang='grc' dir='ltr'><strong>είς</strong></span> <span class='ocrx_word' id='word_1_276' title='bbox 929 2285 1020 2338; x_wconf 78' lang='grc' dir='ltr'><strong>τὸν</strong></span> <span class='ocrx_word' id='word_1_277' title='bbox 1052 2285 1280 2355; x_wconf 83' lang='grc' dir='ltr'>Ζάλιχον</span> <span class='ocrx_word' id='word_1_278' title='bbox 1312 2285 1449 2356; x_wconf 72' lang='grc'><strong>(41).</strong></span> <span class='ocrx_word' id='word_1_279' title='bbox 1482 2285 1595 2366; x_wconf 54' lang='grc' dir='ltr'>Καὶ</span> <span class='ocrx_word' id='word_1_280' title='bbox 1661 2282 2005 2354; x_wconf 72' lang='grc' dir='ltr'>ἀκούσαντες</span> <span class='ocrx_word' id='word_1_281' title='bbox 2030 2292 2082 2345; x_wconf 85' lang='lat' dir='ltr'><strong>oi</strong></span> <span class='ocrx_word' id='word_1_282' title='bbox 2117 2289 2401 2360; x_wconf 75' lang='grc' dir='ltr'>Ἀμισηνοὶ</span> <span class='ocrx_word' id='word_1_283' title='bbox 2460 2286 2886 2358; x_wconf 80' lang='grc' dir='ltr'>προῦπήντησαν</span> <span class='ocrx_word' id='word_1_284' title='bbox 2945 2281 3091 2353; x_wconf 79' lang='grc' dir='ltr'>αὑτῷ</span> <span class='ocrx_word' id='word_1_285' title='bbox 3154 2279 3457 2351; x_wconf 80' lang='grc' dir='ltr'>χαίροντες,</span> 
     </span>
    </p>
   </div>
   <div class='ocr_carea' id='block_1_43' title="bbox 209 2375 1431 2446">
    <p class='ocr_par' dir='ltr' id='par_1_43' title="bbox 209 2375 1431 2446">
     <span class='ocr_line' id='line_1_43' title="bbox 209 2375 1431 2446; baseline -0.001 -15"><span class='ocrx_word' id='word_1_286' title='bbox 209 2378 303 2431; x_wconf 79' lang='grc' dir='ltr'><strong>καὶ</strong></span> <span class='ocrx_word' id='word_1_287' title='bbox 343 2376 721 2446; x_wconf 76' lang='grc' dir='ltr'>εὐφημοῦντες</span> <span class='ocrx_word' id='word_1_288' title='bbox 755 2376 961 2446; x_wconf 71' lang='grc' dir='ltr'>ἦγαγον</span> <span class='ocrx_word' id='word_1_289' title='bbox 995 2377 1072 2439; x_wconf 82' lang='grc' dir='ltr'><strong>είς</strong></span> <span class='ocrx_word' id='word_1_290' title='bbox 1098 2377 1196 2446; x_wconf 81' lang='grc' dir='ltr'>τὴν</span> <span class='ocrx_word' id='word_1_291' title='bbox 1230 2375 1431 2442; x_wconf 78' lang='grc' dir='ltr'>ξενίαν.</span> 
     </span>
    </p>
   </div>
   <div class='ocr_carea' id='block_1_44' title="bbox 295 2469 1790 2545">
    <p class='ocr_par' dir='ltr' id='par_1_44' title="bbox 295 2469 1790 2545">
     <span class='ocr_line' id='line_1_44' title="bbox 295 2469 1790 2545; baseline 0.003 -21"><span class='ocrx_word' id='word_1_292' title='bbox 295 2472 433 2524; x_wconf 74' lang='grc' dir='ltr'><strong>Ἀπὸ</strong></span> <span class='ocrx_word' id='word_1_293' title='bbox 455 2471 511 2523; x_wconf 81' lang='grc' dir='ltr'>δὲ</span> <span class='ocrx_word' id='word_1_294' title='bbox 549 2469 776 2539; x_wconf 85' lang='grc' dir='ltr'>Ἀμισοῦ</span> <span class='ocrx_word' id='word_1_295' title='bbox 803 2469 918 2541; x_wconf 72' lang='grc'><strong>(42)</strong></span> <span class='ocrx_word' id='word_1_296' title='bbox 948 2470 1410 2545; x_wconf 83' lang='grc' dir='ltr'>προπεμπόμενος</span> <span class='ocrx_word' id='word_1_297' title='bbox 1436 2471 1679 2542; x_wconf 81' lang='grc' dir='ltr'>ἀπῆλθεν</span> <span class='ocrx_word' id='word_1_298' title='bbox 1709 2475 1790 2538; x_wconf 77' lang='grc' dir='ltr'><strong>εἰς</strong></span> 
     </span>
    </p>
   </div>
   <div class='ocr_carea' id='block_1_45' title="bbox 216 2560 1790 2634">
    <p class='ocr_par' dir='ltr' id='par_1_45' title="bbox 216 2560 1790 2634">
     <span class='ocr_line' id='line_1_45' title="bbox 216 2560 1790 2634; baseline -0.001 -17"><span class='ocrx_word' id='word_1_299' title='bbox 216 2560 638 2634; x_wconf 68' lang='grc' dir='ltr'>Τραπεζοῦντα.</span> <span class='ocrx_word' id='word_1_300' title='bbox 695 2560 1006 2630; x_wconf 86' lang='grc' dir='ltr'>’Ἀνθρωποι</span> <span class='ocrx_word' id='word_1_301' title='bbox 1050 2561 1107 2615; x_wconf 64' lang='grc' dir='ltr'>δὲ</span> <span class='ocrx_word' id='word_1_302' title='bbox 1171 2561 1290 2614; x_wconf 73' lang='grc' dir='ltr'>ἐκεῖ</span> <span class='ocrx_word' id='word_1_303' title='bbox 1338 2561 1592 2631; x_wconf 85' lang='grc' dir='ltr'>ἀνόητοι·</span> <span class='ocrx_word' id='word_1_304' title='bbox 1650 2563 1790 2633; x_wconf 87' lang='grc' dir='ltr'>πλήν</span> 
     </span>
    </p>
   </div>
   <div class='ocr_carea' id='block_1_46' title="bbox 213 2647 1795 2721">
    <p class='ocr_par' dir='ltr' id='par_1_46' title="bbox 213 2647 1795 2721">
     <span class='ocr_line' id='line_1_46' title="bbox 213 2647 1795 2721; baseline 0 -15"><span class='ocrx_word' id='word_1_305' title='bbox 213 2670 358 2714; x_wconf 84' lang='grc' dir='ltr'>τινες</span> <span class='ocrx_word' id='word_1_306' title='bbox 396 2651 646 2716; x_wconf 76' lang='grc' dir='ltr'>ἐδέξαντο</span> <span class='ocrx_word' id='word_1_307' title='bbox 697 2652 790 2704; x_wconf 79' lang='grc' dir='ltr'><strong>τὸν</strong></span> <span class='ocrx_word' id='word_1_308' title='bbox 845 2651 1026 2720; x_wconf 83' lang='grc' dir='ltr'>λόγον.</span> <span class='ocrx_word' id='word_1_309' title='bbox 1073 2652 1184 2706; x_wconf 78' lang='grc' dir='ltr'><strong>Καὶ</strong></span> <span class='ocrx_word' id='word_1_310' title='bbox 1218 2647 1380 2721; x_wconf 76' lang='grc' dir='ltr'>ἦλθεν</span> <span class='ocrx_word' id='word_1_311' title='bbox 1431 2654 1512 2716; x_wconf 80' lang='grc' dir='ltr'><strong>είς</strong></span> <span class='ocrx_word' id='word_1_312' title='bbox 1560 2653 1795 2706; x_wconf 70' lang='grc' dir='ltr'>Νεοκαιο</span> 
     </span>
    </p>
   </div>
   <div class='ocr_carea' id='block_1_47' title="bbox 221 2743 1795 2814">
    <p class='ocr_par' dir='ltr' id='par_1_47' title="bbox 221 2743 1795 2814">
     <span class='ocr_line' id='line_1_47' title="bbox 221 2743 1795 2814; baseline 0.001 -17"><span class='ocrx_word' id='word_1_313' title='bbox 221 2746 467 2814; x_wconf 86' lang='grc' dir='ltr'>σάρειαν.</span> <span class='ocrx_word' id='word_1_314' title='bbox 526 2745 634 2796; x_wconf 69' lang='grc' dir='ltr'><strong>Καὶ</strong></span> <span class='ocrx_word' id='word_1_315' title='bbox 672 2743 1012 2814; x_wconf 81' lang='grc' dir='ltr'>κηρύξαντος</span> <span class='ocrx_word' id='word_1_316' title='bbox 1067 2745 1248 2806; x_wconf 78' lang='grc' dir='ltr'>αὐτοῖς</span> <span class='ocrx_word' id='word_1_317' title='bbox 1291 2744 1383 2798; x_wconf 77' lang='grc' dir='ltr'><strong>τὸν</strong></span> <span class='ocrx_word' id='word_1_318' title='bbox 1434 2745 1593 2812; x_wconf 83' lang='grc' dir='ltr'>λόγον</span> <span class='ocrx_word' id='word_1_319' title='bbox 1644 2745 1795 2809; x_wconf 82' lang='grc' dir='ltr'>τινὲς</span> 
     </span>
    </p>
   </div>
   <div class='ocr_carea' id='block_1_48' title="bbox 219 2837 1796 2907">
    <p class='ocr_par' dir='ltr' id='par_1_48' title="bbox 219 2837 1796 2907">
     <span class='ocr_line' id='line_1_48' title="bbox 219 2837 1796 2907; baseline 0 -16"><span class='ocrx_word' id='word_1_320' title='bbox 219 2837 392 2904; x_wconf 77' lang='grc' dir='ltr'>ὀλίγοι</span> <span class='ocrx_word' id='word_1_321' title='bbox 438 2837 708 2900; x_wconf 79' lang='grc' dir='ltr'>ἐδέξαντο.</span> <span class='ocrx_word' id='word_1_322' title='bbox 755 2839 997 2890; x_wconf 84' lang='grc' dir='ltr'>Ἐκεῖθεν</span> <span class='ocrx_word' id='word_1_323' title='bbox 1028 2837 1261 2906; x_wconf 82' lang='grc' dir='ltr'>ἀνῆλθεν</span> <span class='ocrx_word' id='word_1_324' title='bbox 1299 2839 1379 2900; x_wconf 86' lang='grc' dir='ltr'><strong>είς</strong></span> <span class='ocrx_word' id='word_1_325' title='bbox 1442 2838 1796 2907; x_wconf 85' lang='grc' dir='ltr'>’Δμουσάτον,</span> 
     </span>
    </p>
   </div>
   <div class='ocr_carea' id='block_1_49' title="bbox 222 2927 1798 3000">
    <p class='ocr_par' dir='ltr' id='par_1_49' title="bbox 222 2927 1798 3000">
     <span class='ocr_line' id='line_1_49' title="bbox 222 2927 1798 3000; baseline 0.001 -20"><span class='ocrx_word' id='word_1_326' title='bbox 222 2928 377 2982; x_wconf 80' lang='grc' dir='ltr'>πόλιν</span> <span class='ocrx_word' id='word_1_327' title='bbox 406 2930 506 2999; x_wconf 83' lang='grc' dir='ltr'><strong>τῆς</strong></span> <span class='ocrx_word' id='word_1_328' title='bbox 531 2927 979 3000; x_wconf 82' lang='grc' dir='ltr'>παραθαλασσίας</span> <span class='ocrx_word' id='word_1_329' title='bbox 1011 2930 1479 3000; x_wconf 81' lang='grc' dir='ltr'>μεγάλην.“οντες</span> <span class='ocrx_word' id='word_1_330' title='bbox 1501 2931 1556 2983; x_wconf 83' lang='grc' dir='ltr'>δὲ</span> <span class='ocrx_word' id='word_1_331' title='bbox 1579 2932 1636 2984; x_wconf 77' lang='grc' dir='ltr'>ἐν</span> <span class='ocrx_word' id='word_1_332' title='bbox 1661 2931 1798 3000; x_wconf 77' lang='grc' dir='ltr'>αὐτῇ</span> 
     </span>
    </p>
   </div>
   <div class='ocr_carea' id='block_1_50' title="bbox 225 3007 1801 3091">
    <p class='ocr_par' dir='ltr' id='par_1_50' title="bbox 225 3007 1801 3091">
     <span class='ocr_line' id='line_1_50' title="bbox 225 3007 1801 3091; baseline -0.001 -19"><span class='ocrx_word' id='word_1_333' title='bbox 225 3019 492 3090; x_wconf 83' lang='grc' dir='ltr'>Ἕλληνες</span> <span class='ocrx_word' id='word_1_334' title='bbox 521 3020 709 3072; x_wconf 74' lang='grc' dir='ltr'>πολλοὶ</span> <span class='ocrx_word' id='word_1_335' title='bbox 765 3021 860 3074; x_wconf 75' lang='grc' dir='ltr'>καὶ</span> <span class='ocrx_word' id='word_1_336' title='bbox 901 3020 1180 3090; x_wconf 84' lang='grc' dir='ltr'>φιλόσοφοι</span> <span class='ocrx_word' id='word_1_337' title='bbox 1226 3021 1518 3088; x_wconf 86' lang='grc' dir='ltr'>ἀντέλεγον</span> <span class='ocrx_word' id='word_1_338' title='bbox 1562 3020 1639 3091; x_wconf 81' lang='grc' dir='ltr'>τῷ</span> <span class='ocrx_word' id='word_1_339' title='bbox 1676 3007 1801 3073; x_wconf 83' lang='grc' dir='ltr'>Ἀν-</span> 
     </span>
    </p>
   </div>
   <div class='ocr_carea' id='block_1_51' title="bbox 223 3109 1803 3180">
    <p class='ocr_par' dir='ltr' id='par_1_51' title="bbox 223 3109 1803 3180">
     <span class='ocr_line' id='line_1_51' title="bbox 223 3109 1803 3180; baseline -0.001 -16"><span class='ocrx_word' id='word_1_340' title='bbox 223 3110 376 3180; x_wconf 76' lang='grc' dir='ltr'>δρέᾳ..</span> <span class='ocrx_word' id='word_1_341' title='bbox 429 3110 492 3162; x_wconf 91' lang='lat'><strong>&#39;0</strong></span> <span class='ocrx_word' id='word_1_342' title='bbox 535 3110 592 3163; x_wconf 82' lang='grc' dir='ltr'>δὲ</span> <span class='ocrx_word' id='word_1_343' title='bbox 646 3109 830 3178; x_wconf 78' lang='grc' dir='ltr'>ἔλεγεν</span> <span class='ocrx_word' id='word_1_344' title='bbox 892 3109 1112 3171; x_wconf 81' lang='grc' dir='ltr'>αὐτοῖς·</span> <span class='ocrx_word' id='word_1_345' title='bbox 1189 3109 1354 3162; x_wconf 79' lang='grc' dir='ltr'>Αὐτοὶ</span> <span class='ocrx_word' id='word_1_346' title='bbox 1409 3109 1569 3178; x_wconf 81' lang='grc' dir='ltr'>ὑμεῖς</span> <span class='ocrx_word' id='word_1_347' title='bbox 1629 3124 1803 3162; x_wconf 83' lang='grc' dir='ltr'>κατα·</span> 
     </span>
    </p>
   </div>
   <div class='ocr_carea' id='block_1_52' title="bbox 1977 2460 3455 2532">
    <p class='ocr_par' dir='ltr' id='par_1_52' title="bbox 1977 2460 3455 2532">
     <span class='ocr_line' id='line_1_52' title="bbox 1977 2460 3455 2532; baseline -0.008 -4"><span class='ocrx_word' id='word_1_348' title='bbox 1977 2473 2059 2528; x_wconf 83' lang='lat' dir='ltr'><strong>Ab</strong></span> <span class='ocrx_word' id='word_1_349' title='bbox 2102 2470 2294 2527; x_wconf 83' lang='lat' dir='ltr'><strong>Amiso</strong></span> <span class='ocrx_word' id='word_1_350' title='bbox 2336 2475 2522 2532; x_wconf 82' lang='lat' dir='ltr'><strong>autem</strong></span> <span class='ocrx_word' id='word_1_351' title='bbox 2566 2481 2691 2522; x_wconf 91' lang='lat' dir='ltr'><strong>cum</strong></span> <span class='ocrx_word' id='word_1_352' title='bbox 2735 2465 2942 2520; x_wconf 90' lang='lat' dir='ltr'><strong>honore</strong></span> <span class='ocrx_word' id='word_1_353' title='bbox 2992 2460 3255 2516; x_wconf 87' lang='lat' dir='ltr'><strong>deductus</strong></span> <span class='ocrx_word' id='word_1_354' title='bbox 3305 2460 3455 2516; x_wconf 85' lang='lat' dir='ltr'><strong>venit</strong></span> 
     </span>
    </p>
   </div>
   <div class='ocr_carea' id='block_1_53' title="bbox 1891 2550 3466 2635">
    <p class='ocr_par' dir='ltr' id='par_1_53' title="bbox 1891 2550 3466 2635">
     <span class='ocr_line' id='line_1_53' title="bbox 1891 2550 3466 2635; baseline -0.009 -15"><span class='ocrx_word' id='word_1_355' title='bbox 1891 2566 2309 2635; x_wconf 84' lang='lat' dir='ltr'><strong>Trapezuntem.</strong></span> <span class='ocrx_word' id='word_1_356' title='bbox 2358 2558 2474 2614; x_wconf 80' lang='lat' dir='ltr'><strong>Viri</strong></span> <span class='ocrx_word' id='word_1_357' title='bbox 2519 2559 2700 2613; x_wconf 87' lang='lat' dir='ltr'><strong>autem</strong></span> <span class='ocrx_word' id='word_1_358' title='bbox 2763 2556 2852 2610; x_wconf 89' lang='lat' dir='ltr'><strong>hic</strong></span> <span class='ocrx_word' id='word_1_359' title='bbox 2908 2551 3059 2609; x_wconf 91' lang='lat' dir='ltr'><strong>stulti</strong></span> <span class='ocrx_word' id='word_1_360' title='bbox 3099 2557 3301 2617; x_wconf 88' lang='lat' dir='ltr'><strong>erant;</strong></span> <span class='ocrx_word' id='word_1_361' title='bbox 3373 2550 3466 2606; x_wconf 78' lang='lat' dir='ltr'><strong>vix</strong></span> 
     </span>
    </p>
   </div>
   <div class='ocr_carea' id='block_1_54' title="bbox 1894 2643 3460 2728">
    <p class='ocr_par' dir='ltr' id='par_1_54' title="bbox 1894 2643 3460 2728">
     <span class='ocr_line' id='line_1_54' title="bbox 1894 2643 3460 2728; baseline -0.011 -16"><span class='ocrx_word' id='word_1_362' title='bbox 1894 2657 2114 2728; x_wconf 89' lang='lat' dir='ltr'><strong>quidam</strong></span> <span class='ocrx_word' id='word_1_363' title='bbox 2140 2658 2471 2722; x_wconf 84' lang='lat' dir='ltr'><strong>acceperunt</strong></span> <span class='ocrx_word' id='word_1_364' title='bbox 2497 2649 2744 2704; x_wconf 88' lang='lat' dir='ltr'><strong>verbum.</strong></span> <span class='ocrx_word' id='word_1_365' title='bbox 2767 2646 2832 2701; x_wconf 89' lang='lat' dir='ltr'><strong>Et</strong></span> <span class='ocrx_word' id='word_1_366' title='bbox 2854 2645 3004 2701; x_wconf 88' lang='lat' dir='ltr'><strong>venit</strong></span> <span class='ocrx_word' id='word_1_367' title='bbox 3024 2643 3460 2699; x_wconf 70' lang='lat' dir='ltr'><strong>Neocaesaream.</strong></span> 
     </span>
    </p>
   </div>
   <div class='ocr_carea' id='block_1_55' title="bbox 1895 2733 3466 2815">
    <p class='ocr_par' dir='ltr' id='par_1_55' title="bbox 1895 2733 3466 2815">
     <span class='ocr_line' id='line_1_55' title="bbox 1895 2733 3466 2815; baseline -0.012 -12"><span class='ocrx_word' id='word_1_368' title='bbox 1895 2748 1962 2803; x_wconf 81' lang='lat' dir='ltr'><strong>Et</strong></span> <span class='ocrx_word' id='word_1_369' title='bbox 1997 2759 2119 2802; x_wconf 90' lang='lat' dir='ltr'><strong>cum</strong></span> <span class='ocrx_word' id='word_1_370' title='bbox 2146 2743 2503 2815; x_wconf 72' lang='lat' dir='ltr'><strong>praedicasset</strong></span> <span class='ocrx_word' id='word_1_371' title='bbox 2529 2741 2609 2795; x_wconf 88' lang='lat' dir='ltr'><strong>eis</strong></span> <span class='ocrx_word' id='word_1_372' title='bbox 2649 2737 2896 2800; x_wconf 87' lang='lat' dir='ltr'><strong>verbum,</strong></span> <span class='ocrx_word' id='word_1_373' title='bbox 2931 2734 3090 2806; x_wconf 88' lang='lat' dir='ltr'><strong>pauci</strong></span> <span class='ocrx_word' id='word_1_374' title='bbox 3126 2733 3348 2802; x_wconf 87' lang='lat' dir='ltr'><strong>quidam</strong></span> <span class='ocrx_word' id='word_1_375' title='bbox 3377 2745 3466 2786; x_wconf 90' lang='lat' dir='ltr'><strong>re-</strong></span> 
     </span>
    </p>
   </div>
   <div class='ocr_carea' id='block_1_56' title="bbox 1903 2823 3468 2907">
    <p class='ocr_par' dir='ltr' id='par_1_56' title="bbox 1903 2823 3468 2907">
     <span class='ocr_line' id='line_1_56' title="bbox 1903 2823 3468 2907; baseline -0.012 -12"><span class='ocrx_word' id='word_1_376' title='bbox 1903 2844 2187 2907; x_wconf 90' lang='lat' dir='ltr'><strong>ceperunt.</strong></span> <span class='ocrx_word' id='word_1_377' title='bbox 2210 2834 2341 2891; x_wconf 84' lang='lat' dir='ltr'><strong>lude</strong></span> <span class='ocrx_word' id='word_1_378' title='bbox 2371 2833 2505 2889; x_wconf 82' lang='lat' dir='ltr'><strong>abiit</strong></span> <span class='ocrx_word' id='word_1_379' title='bbox 2534 2831 2859 2887; x_wconf 80' lang='lat' dir='ltr'><strong>Amusatum</strong></span> <span class='ocrx_word' id='word_1_380' title='bbox 2887 2827 3162 2882; x_wconf 89' lang='lat' dir='ltr'><strong>civitatem</strong></span> <span class='ocrx_word' id='word_1_381' title='bbox 3204 2824 3260 2876; x_wconf 90' lang='lat' dir='ltr'><strong>in</strong></span> <span class='ocrx_word' id='word_1_382' title='bbox 3285 2823 3468 2876; x_wconf 86' lang='lat' dir='ltr'><strong>littore</strong></span> 
     </span>
    </p>
   </div>
   <div class='ocr_carea' id='block_1_57' title="bbox 1904 2911 3470 2998">
    <p class='ocr_par' dir='ltr' id='par_1_57' title="bbox 1904 2911 3470 2998">
     <span class='ocr_line' id='line_1_57' title="bbox 1904 2911 3470 2998; baseline -0.011 -14"><span class='ocrx_word' id='word_1_383' title='bbox 1904 2929 2070 2984; x_wconf 90' lang='lat' dir='ltr'><strong>maris</strong></span> <span class='ocrx_word' id='word_1_384' title='bbox 2095 2926 2377 2998; x_wconf 87' lang='lat' dir='ltr'><strong>grandem.</strong></span> <span class='ocrx_word' id='word_1_385' title='bbox 2411 2922 2632 2978; x_wconf 87' lang='lat' dir='ltr'><strong>Stantes</strong></span> <span class='ocrx_word' id='word_1_386' title='bbox 2653 2927 2839 2974; x_wconf 83' lang='lat' dir='ltr'><strong>autem</strong></span> <span class='ocrx_word' id='word_1_387' title='bbox 2869 2918 2924 2972; x_wconf 90' lang='lat' dir='ltr'><strong>in</strong></span> <span class='ocrx_word' id='word_1_388' title='bbox 2952 2931 3016 2971; x_wconf 87' lang='lat' dir='ltr'><strong>ea</strong></span> <span class='ocrx_word' id='word_1_389' title='bbox 3038 2913 3210 2969; x_wconf 63' lang='lat' dir='ltr'><strong>Grmci</strong></span> <span class='ocrx_word' id='word_1_390' title='bbox 3237 2911 3394 2966; x_wconf 89' lang='lat' dir='ltr'><strong>multi</strong></span> <span class='ocrx_word' id='word_1_391' title='bbox 3415 2917 3470 2966; x_wconf 85' lang='lat' dir='ltr'><strong>et</strong></span> 
     </span>
    </p>
   </div>
   <div class='ocr_carea' id='block_1_58' title="bbox 1904 3000 3466 3090">
    <p class='ocr_par' dir='ltr' id='par_1_58' title="bbox 1904 3000 3466 3090">
     <span class='ocr_line' id='line_1_58' title="bbox 1904 3000 3466 3090; baseline -0.013 -15"><span class='ocrx_word' id='word_1_392' title='bbox 1904 3018 2214 3090; x_wconf 85' lang='lat' dir='ltr'><strong>philosophi</strong></span> <span class='ocrx_word' id='word_1_393' title='bbox 2266 3013 2721 3071; x_wconf 79' lang='lat' dir='ltr'><strong>contradixerunt</strong></span> <span class='ocrx_word' id='word_1_394' title='bbox 2757 3007 3005 3065; x_wconf 81' lang='lat' dir='ltr'><strong>Andreae.</strong></span> <span class='ocrx_word' id='word_1_395' title='bbox 3032 3004 3140 3071; x_wconf 83' lang='lat' dir='ltr'><strong>Qui</strong></span> <span class='ocrx_word' id='word_1_396' title='bbox 3175 3002 3310 3058; x_wconf 69' lang='lat' dir='ltr'><strong>dixit</strong></span> <span class='ocrx_word' id='word_1_397' title='bbox 3345 3000 3466 3056; x_wconf 84' lang='lat' dir='ltr'><strong>eis:</strong></span> 
     </span>
    </p>
   </div>
   <div class='ocr_carea' id='block_1_59' title="bbox 1904 3097 3470 3178">
    <p class='ocr_par' dir='ltr' id='par_1_59' title="bbox 1904 3097 3470 3178">
     <span class='ocr_line' id='line_1_59' title="bbox 1904 3097 3470 3178; baseline -0.014 -11"><span class='ocrx_word' id='word_1_398' title='bbox 1904 3111 2015 3167; x_wconf 79' lang='lat' dir='ltr'><strong>Vos</strong></span> <span class='ocrx_word' id='word_1_399' title='bbox 2044 3111 2146 3178; x_wconf 87' lang='lat' dir='ltr'><strong>ipsi</strong></span> <span class='ocrx_word' id='word_1_400' title='bbox 2175 3107 2518 3165; x_wconf 86' lang='lat' dir='ltr'><strong>considerate</strong></span> <span class='ocrx_word' id='word_1_401' title='bbox 2547 3100 2974 3158; x_wconf 82' lang='lat' dir='ltr'><strong>inconstantiam</strong></span> <span class='ocrx_word' id='word_1_402' title='bbox 2999 3097 3225 3152; x_wconf 88' lang='lat' dir='ltr'><strong>deorum</strong></span> <span class='ocrx_word' id='word_1_403' title='bbox 3259 3099 3470 3148; x_wconf 86' lang='lat' dir='ltr'><strong>vestro-</strong></span> 
     </span>
    </p>
   </div>
   <div class='ocr_carea' id='block_1_60' title="bbox 227 3188 1795 3270">
    <p class='ocr_par' dir='ltr' id='par_1_60' title="bbox 227 3197 1795 3270">
     <span class='ocr_line' id='line_1_60' title="bbox 227 3197 1795 3270; baseline -0.006 -13"><span class='ocrx_word' id='word_1_404' title='bbox 227 3200 460 3270; x_wconf 79' lang='grc' dir='ltr'>νοήσατε</span> <span class='ocrx_word' id='word_1_405' title='bbox 528 3200 586 3252; x_wconf 86' lang='grc' dir='ltr'>τὺ</span> <span class='ocrx_word' id='word_1_406' title='bbox 642 3199 944 3252; x_wconf 86' lang='grc' dir='ltr'>ἀσύστατον</span> <span class='ocrx_word' id='word_1_407' title='bbox 1003 3198 1112 3252; x_wconf 84' lang='grc' dir='ltr'><strong>τῶν</strong></span> <span class='ocrx_word' id='word_1_408' title='bbox 1164 3198 1300 3250; x_wconf 83' lang='grc' dir='ltr'>θεῶν</span> <span class='ocrx_word' id='word_1_409' title='bbox 1349 3198 1528 3267; x_wconf 81' lang='grc' dir='ltr'>ὑμῶν,</span> <span class='ocrx_word' id='word_1_410' title='bbox 1573 3197 1657 3250; x_wconf 84' lang='grc' dir='ltr'>ὅτι</span> <span class='ocrx_word' id='word_1_411' title='bbox 1723 3197 1795 3260; x_wconf 84' lang='grc' dir='ltr'><strong>είς</strong></span> 
     </span>
    </p>
   </div>
   <div class='ocr_carea' id='block_1_61' title="bbox 1896 3188 3473 3270">
    <p class='ocr_par' dir='ltr' id='par_1_61' title="bbox 1905 3188 3473 3270">
     <span class='ocr_line' id='line_1_61' title="bbox 1905 3188 3473 3270; baseline -0.014 -14"><span class='ocrx_word' id='word_1_412' title='bbox 1905 3216 2046 3266; x_wconf 89' lang='lat' dir='ltr'><strong>rum,</strong></span> <span class='ocrx_word' id='word_1_413' title='bbox 2067 3199 2190 3270; x_wconf 88' lang='lat' dir='ltr'><strong>quia</strong></span> <span class='ocrx_word' id='word_1_414' title='bbox 2223 3199 2367 3254; x_wconf 83' lang='lat' dir='ltr'><strong>inter</strong></span> <span class='ocrx_word' id='word_1_415' title='bbox 2392 3211 2452 3252; x_wconf 90' lang='lat' dir='ltr'><strong>se</strong></span> <span class='ocrx_word' id='word_1_416' title='bbox 2473 3195 2788 3257; x_wconf 87' lang='lat' dir='ltr'><strong>decertant;</strong></span> <span class='ocrx_word' id='word_1_417' title='bbox 2823 3188 2967 3260; x_wconf 91' lang='lat' dir='ltr'><strong>quod</strong></span> <span class='ocrx_word' id='word_1_418' title='bbox 2996 3195 3176 3241; x_wconf 86' lang='lat' dir='ltr'><strong>autem</strong></span> <span class='ocrx_word' id='word_1_419' title='bbox 3200 3189 3473 3254; x_wconf 67' lang='lat' dir='ltr'><strong>pugnetur</strong></span> 
     </span>
    </p>
   </div>
   <div class='ocr_carea' id='block_1_62' title="bbox 229 3268 1795 3364">
    <p class='ocr_par' dir='ltr' id='par_1_62' title="bbox 229 3268 1794 3364">
     <span class='ocr_line' id='line_1_62' title="bbox 229 3268 1794 3364; baseline -0.003 -20"><span class='ocrx_word' id='word_1_420' title='bbox 229 3268 510 3364; x_wconf 52' lang='lat' dir='ltr'><strong>diiﬂlou;</strong></span> <span class='ocrx_word' id='word_1_421' title='bbox 562 3290 848 3359; x_wconf 77' lang='grc' dir='ltr'>μάχονται.</span> <span class='ocrx_word' id='word_1_422' title='bbox 917 3287 996 3340; x_wconf 89' lang='grc' dir='ltr'><strong>Τά</strong></span> <span class='ocrx_word' id='word_1_423' title='bbox 1057 3288 1114 3339; x_wconf 82' lang='grc' dir='ltr'>δὲ</span> <span class='ocrx_word' id='word_1_424' title='bbox 1198 3288 1485 3358; x_wconf 87' lang='grc' dir='ltr'>μαχόμενα</span> <span class='ocrx_word' id='word_1_425' title='bbox 1529 3287 1794 3357; x_wconf 78' lang='grc' dir='ltr'>ἀλλήλων,</span> 
     </span>
    </p>
   </div>
   <div class='ocr_carea' id='block_1_63' title="bbox 1896 3268 3473 3364">
    <p class='ocr_par' dir='ltr' id='par_1_63' title="bbox 1903 3268 3473 3355">
     <span class='ocr_line' id='line_1_63' title="bbox 1903 3268 3473 3355; baseline -0.014 -7"><span class='ocrx_word' id='word_1_426' title='bbox 1903 3295 2048 3348; x_wconf 84' lang='lat' dir='ltr'><strong>inter</strong></span> <span class='ocrx_word' id='word_1_427' title='bbox 2076 3268 2194 3355; x_wconf 85' lang='lat' dir='ltr'><strong>eos,</strong></span> <span class='ocrx_word' id='word_1_428' title='bbox 2238 3290 2441 3345; x_wconf 88' lang='lat' dir='ltr'><strong>invidia</strong></span> <span class='ocrx_word' id='word_1_429' title='bbox 2484 3287 2646 3351; x_wconf 82' lang='lat' dir='ltr'><strong>facit;</strong></span> <span class='ocrx_word' id='word_1_430' title='bbox 2698 3283 2842 3338; x_wconf 85' lang='lat' dir='ltr'><strong>Deus</strong></span> <span class='ocrx_word' id='word_1_431' title='bbox 2883 3289 3062 3334; x_wconf 90' lang='lat' dir='ltr'><strong>autem</strong></span> <span class='ocrx_word' id='word_1_432' title='bbox 3104 3278 3285 3332; x_wconf 89' lang='lat' dir='ltr'><strong>bonus</strong></span> <span class='ocrx_word' id='word_1_433' title='bbox 3323 3273 3473 3328; x_wconf 80' lang='lat' dir='ltr'><strong>exsi-</strong></span> 
     </span>
    </p>
   </div>
   <div class='ocr_carea' id='block_1_64' title="bbox 230 3376 1799 3450">
    <p class='ocr_par' dir='ltr' id='par_1_64' title="bbox 230 3376 1799 3450">
     <span class='ocr_line' id='line_1_64' title="bbox 230 3376 1799 3450; baseline 0.001 -18"><span class='ocrx_word' id='word_1_434' title='bbox 230 3379 440 3450; x_wconf 75' lang='grc' dir='ltr'>φθορά·</span> <span class='ocrx_word' id='word_1_435' title='bbox 496 3383 524 3432; x_wconf 97' lang='lat'><strong>6</strong></span> <span class='ocrx_word' id='word_1_436' title='bbox 574 3379 630 3432; x_wconf 81' lang='grc' dir='ltr'>δὲ</span> <span class='ocrx_word' id='word_1_437' title='bbox 667 3376 744 3443; x_wconf 75' lang='grc' dir='ltr'>εἷς</span> <span class='ocrx_word' id='word_1_438' title='bbox 773 3379 906 3442; x_wconf 77' lang='grc' dir='ltr'>Θεὸς</span> <span class='ocrx_word' id='word_1_439' title='bbox 940 3377 1146 3447; x_wconf 76' lang='grc' dir='ltr'>ἀγαθὸς</span> <span class='ocrx_word' id='word_1_440' title='bbox 1201 3378 1276 3432; x_wconf 80' lang='grc' dir='ltr'><strong>ὢν</strong></span> <span class='ocrx_word' id='word_1_441' title='bbox 1312 3377 1493 3447; x_wconf 85' lang='grc' dir='ltr'>ἀγα.θά</span> <span class='ocrx_word' id='word_1_442' title='bbox 1543 3379 1799 3448; x_wconf 81' lang='grc' dir='ltr'>παράγει.</span> 
     </span>
    </p>
   </div>
   <div class='ocr_carea' id='block_1_65' title="bbox 231 3468 1803 3540">
    <p class='ocr_par' dir='ltr' id='par_1_65' title="bbox 231 3468 1803 3540">
     <span class='ocr_line' id='line_1_65' title="bbox 231 3468 1803 3540; baseline -0.002 -17"><span class='ocrx_word' id='word_1_443' title='bbox 231 3470 652 3539; x_wconf 82' lang='grc' dir='ltr'>Κατανοήσατε,</span> <span class='ocrx_word' id='word_1_444' title='bbox 703 3471 790 3532; x_wconf 89' lang='grc' dir='ltr'><strong>τίς</strong></span> <span class='ocrx_word' id='word_1_445' title='bbox 838 3472 865 3521; x_wconf 94' lang='lat'><strong>6</strong></span> <span class='ocrx_word' id='word_1_446' title='bbox 896 3470 1138 3537; x_wconf 82' lang='grc' dir='ltr'>στοιχεῖα</span> <span class='ocrx_word' id='word_1_447' title='bbox 1188 3469 1425 3540; x_wconf 83' lang='grc' dir='ltr'>ποιήσας</span> <span class='ocrx_word' id='word_1_448' title='bbox 1473 3470 1566 3522; x_wconf 77' lang='grc' dir='ltr'><strong>καὶ</strong></span> <span class='ocrx_word' id='word_1_449' title='bbox 1597 3468 1803 3529; x_wconf 83' lang='grc' dir='ltr'>ὲνὼσας</span> 
     </span>
    </p>
   </div>
   <div class='ocr_carea' id='block_1_66' title="bbox 235 3558 1802 3629">
    <p class='ocr_par' dir='ltr' id='par_1_66' title="bbox 235 3558 1802 3629">
     <span class='ocr_line' id='line_1_66' title="bbox 235 3558 1802 3629; baseline -0.004 -15"><span class='ocrx_word' id='word_1_450' title='bbox 235 3561 331 3614; x_wconf 77' lang='grc' dir='ltr'><strong>καὶ</strong></span> <span class='ocrx_word' id='word_1_451' title='bbox 385 3560 442 3625; x_wconf 71' lang='grc' dir='ltr'><strong>ἐξ</strong></span> <span class='ocrx_word' id='word_1_452' title='bbox 497 3559 679 3612; x_wconf 84' lang='grc' dir='ltr'>αὐτῶν</span> <span class='ocrx_word' id='word_1_453' title='bbox 720 3558 1134 3629; x_wconf 83' lang='grc' dir='ltr'>συστησάμενος</span> <span class='ocrx_word' id='word_1_454' title='bbox 1181 3559 1280 3628; x_wconf 83' lang='grc' dir='ltr'>τὴν</span> <span class='ocrx_word' id='word_1_455' title='bbox 1331 3559 1570 3627; x_wconf 75' lang='grc' dir='ltr'>ἐπίγειον</span> <span class='ocrx_word' id='word_1_456' title='bbox 1602 3559 1802 3615; x_wconf 80' lang='grc' dir='ltr'>κτίσιν.</span> 
     </span>
    </p>
   </div>
   <div class='ocr_carea' id='block_1_67' title="bbox 235 3649 1803 3722">
    <p class='ocr_par' dir='ltr' id='par_1_67' title="bbox 235 3649 1803 3722">
     <span class='ocr_line' id='line_1_67' title="bbox 235 3649 1803 3722; baseline -0.004 -14"><span class='ocrx_word' id='word_1_457' title='bbox 235 3653 626 3722; x_wconf 72' lang='grc' dir='ltr'>Κατανοήσατε</span> <span class='ocrx_word' id='word_1_458' title='bbox 670 3653 760 3706; x_wconf 77' lang='grc' dir='ltr'><strong>τὸν</strong></span> <span class='ocrx_word' id='word_1_459' title='bbox 812 3651 1015 3722; x_wconf 85' lang='grc' dir='ltr'>δρόμον</span> <span class='ocrx_word' id='word_1_460' title='bbox 1060 3653 1168 3704; x_wconf 87' lang='grc' dir='ltr'>τῶν</span> <span class='ocrx_word' id='word_1_461' title='bbox 1220 3652 1528 3721; x_wconf 83' lang='grc' dir='ltr'>φωστήρων</span> <span class='ocrx_word' id='word_1_462' title='bbox 1567 3650 1660 3703; x_wconf 77' lang='grc' dir='ltr'>καὶ</span> <span class='ocrx_word' id='word_1_463' title='bbox 1692 3649 1803 3702; x_wconf 86' lang='grc' dir='ltr'>τῶν</span> 
     </span>
    </p>
   </div>
   <div class='ocr_carea' id='block_1_68' title="bbox 239 3740 1807 3812">
    <p class='ocr_par' dir='ltr' id='par_1_68' title="bbox 239 3740 1807 3812">
     <span class='ocr_line' id='line_1_68' title="bbox 239 3740 1807 3812; baseline -0.004 -14"><span class='ocrx_word' id='word_1_464' title='bbox 239 3744 508 3812; x_wconf 82' lang='grc' dir='ltr'>ἀστέρων,</span> <span class='ocrx_word' id='word_1_465' title='bbox 552 3742 646 3794; x_wconf 73' lang='grc' dir='ltr'><strong>καὶ</strong></span> <span class='ocrx_word' id='word_1_466' title='bbox 695 3741 778 3804; x_wconf 91' lang='grc' dir='ltr'><strong>τίς</strong></span> <span class='ocrx_word' id='word_1_467' title='bbox 827 3743 856 3794; x_wconf 89' lang='lat'><strong>6</strong></span> <span class='ocrx_word' id='word_1_468' title='bbox 900 3741 1068 3807; x_wconf 79' lang='grc' dir='ltr'>τάξας</span> <span class='ocrx_word' id='word_1_469' title='bbox 1096 3742 1279 3804; x_wconf 80' lang='grc' dir='ltr'>αὐτοῖς</span> <span class='ocrx_word' id='word_1_470' title='bbox 1305 3741 1398 3796; x_wconf 80' lang='grc' dir='ltr'>τὸν</span> <span class='ocrx_word' id='word_1_471' title='bbox 1434 3741 1672 3811; x_wconf 79' lang='grc' dir='ltr'>ἄληκτον</span> <span class='ocrx_word' id='word_1_472' title='bbox 1705 3740 1807 3793; x_wconf 69' lang='grc' dir='ltr'><strong>καὶ¹</strong></span> 
     </span>
    </p>
   </div>
   <div class='ocr_carea' id='block_1_69' title="bbox 235 3828 1808 3902">
    <p class='ocr_par' dir='ltr' id='par_1_69' title="bbox 235 3828 1808 3902">
     <span class='ocr_line' id='line_1_69' title="bbox 235 3828 1808 3902; baseline -0.003 -15"><span class='ocrx_word' id='word_1_473' title='bbox 235 3828 359 3888; x_wconf 80' lang='grc' dir='ltr'>ῐσον</span> <span class='ocrx_word' id='word_1_474' title='bbox 390 3831 612 3902; x_wconf 84' lang='grc' dir='ltr'>δρόμον,</span> <span class='ocrx_word' id='word_1_475' title='bbox 659 3833 742 3884; x_wconf 83' lang='grc' dir='ltr'><strong>δτι</strong></span> <span class='ocrx_word' id='word_1_476' title='bbox 788 3830 974 3901; x_wconf 78' lang='grc' dir='ltr'>ἀψνχά</span> <span class='ocrx_word' id='word_1_477' title='bbox 1019 3832 1126 3883; x_wconf 73' lang='grc' dir='ltr'>εισι</span> <span class='ocrx_word' id='word_1_478' title='bbox 1174 3832 1269 3886; x_wconf 76' lang='grc' dir='ltr'>καὶ</span> <span class='ocrx_word' id='word_1_479' title='bbox 1319 3831 1420 3885; x_wconf 83' lang='grc' dir='ltr'><strong>οὐκ</strong></span> <span class='ocrx_word' id='word_1_480' title='bbox 1458 3833 1564 3899; x_wconf 84' lang='grc' dir='ltr'><strong>ἀφ’</strong></span> <span class='ocrx_word' id='word_1_481' title='bbox 1599 3830 1808 3883; x_wconf 78' lang='grc' dir='ltr'>ἑαυτῶν</span> 
     </span>
    </p>
   </div>
   <div class='ocr_carea' id='block_1_70' title="bbox 239 3920 1807 3991">
    <p class='ocr_par' dir='ltr' id='par_1_70' title="bbox 239 3920 1807 3991">
     <span class='ocr_line' id='line_1_70' title="bbox 239 3920 1807 3991; baseline -0.003 -12"><span class='ocrx_word' id='word_1_482' title='bbox 239 3922 542 3987; x_wconf 75' lang='grc' dir='ltr'>κινοῦνται,</span> <span class='ocrx_word' id='word_1_483' title='bbox 587 3923 682 3974; x_wconf 77' lang='grc' dir='ltr'>καὶ</span> <span class='ocrx_word' id='word_1_484' title='bbox 731 3921 815 3974; x_wconf 84' lang='grc' dir='ltr'><strong>δτι</strong></span> <span class='ocrx_word' id='word_1_485' title='bbox 857 3920 919 3975; x_wconf 77' lang='grc' dir='ltr'>τὸ</span> <span class='ocrx_word' id='word_1_486' title='bbox 973 3921 1281 3991; x_wconf 82' lang='grc' dir='ltr'>πολύαρχον</span> <span class='ocrx_word' id='word_1_487' title='bbox 1337 3921 1433 3975; x_wconf 73' lang='grc' dir='ltr'>καὶ</span> <span class='ocrx_word' id='word_1_488' title='bbox 1483 3920 1807 3975; x_wconf 84' lang='grc' dir='ltr'>ἀσύστατον.</span> 
     </span>
    </p>
   </div>
   <div class='ocr_carea' id='block_1_71' title="bbox 251 4009 1810 4081">
    <p class='ocr_par' dir='ltr' id='par_1_71' title="bbox 251 4009 1810 4081">
     <span class='ocr_line' id='line_1_71' title="bbox 251 4009 1810 4081; baseline 0 -17"><span class='ocrx_word' id='word_1_489' title='bbox 251 4010 613 4065; x_wconf 80' lang='grc' dir='ltr'>Ἐπιλάϐεσθε</span> <span class='ocrx_word' id='word_1_490' title='bbox 663 4010 783 4064; x_wconf 79' lang='grc' dir='ltr'>ὁδοῦ</span> <span class='ocrx_word' id='word_1_491' title='bbox 825 4009 1038 4080; x_wconf 83' lang='grc' dir='ltr'>ἀγαθῆς</span> <span class='ocrx_word' id='word_1_492' title='bbox 1093 4011 1171 4081; x_wconf 85' lang='grc' dir='ltr'>τῷ</span> <span class='ocrx_word' id='word_1_493' title='bbox 1224 4011 1374 4081; x_wconf 84' lang='grc' dir='ltr'>νόμῳ</span> <span class='ocrx_word' id='word_1_494' title='bbox 1422 4011 1699 4076; x_wconf 82' lang='grc' dir='ltr'>Μωσέως,</span> <span class='ocrx_word' id='word_1_495' title='bbox 1729 4011 1810 4064; x_wconf 84' lang='grc' dir='ltr'><strong>ὅτι</strong></span> 
     </span>
    </p>
   </div>
   <div class='ocr_carea' id='block_1_72' title="bbox 243 4098 1812 4170">
    <p class='ocr_par' dir='ltr' id='par_1_72' title="bbox 243 4098 1812 4170">
     <span class='ocr_line' id='line_1_72' title="bbox 243 4098 1812 4170; baseline -0.002 -15"><span class='ocrx_word' id='word_1_496' title='bbox 243 4101 470 4170; x_wconf 73' lang='grc' dir='ltr'>εἰρήνην</span> <span class='ocrx_word' id='word_1_497' title='bbox 501 4100 733 4169; x_wconf 81' lang='grc' dir='ltr'>παρέχει</span> <span class='ocrx_word' id='word_1_498' title='bbox 769 4098 847 4169; x_wconf 82' lang='grc' dir='ltr'>τῷ</span> <span class='ocrx_word' id='word_1_499' title='bbox 897 4099 1242 4170; x_wconf 86' lang='grc' dir='ltr'>στοιχοῦντι·</span> <span class='ocrx_word' id='word_1_500' title='bbox 1295 4098 1631 4154; x_wconf 85' lang='grc' dir='ltr'>πιστεύσατε</span> <span class='ocrx_word' id='word_1_501' title='bbox 1695 4101 1812 4162; x_wconf 86' lang='grc' dir='ltr'>τοῖς</span> 
     </span>
    </p>
   </div>
   <div class='ocr_carea' id='block_1_73' title="bbox 247 4190 1805 4264">
    <p class='ocr_par' dir='ltr' id='par_1_73' title="bbox 247 4190 1805 4264">
     <span class='ocr_line' id='line_1_73' title="bbox 247 4190 1805 4264; baseline -0.003 -18"><span class='ocrx_word' id='word_1_502' title='bbox 247 4193 583 4264; x_wconf 76' lang='grc' dir='ltr'>προφήταις,</span> <span class='ocrx_word' id='word_1_503' title='bbox 613 4192 698 4244; x_wconf 87' lang='grc' dir='ltr'>ὃτι</span> <span class='ocrx_word' id='word_1_504' title='bbox 718 4190 975 4260; x_wconf 84' lang='grc' dir='ltr'>ἀλήθειαν</span> <span class='ocrx_word' id='word_1_505' title='bbox 1009 4191 1375 4256; x_wconf 84' lang='grc' dir='ltr'>διδάσκουσιν,</span> <span class='ocrx_word' id='word_1_506' title='bbox 1407 4190 1503 4243; x_wconf 82' lang='grc' dir='ltr'>καὶ</span> <span class='ocrx_word' id='word_1_507' title='bbox 1539 4190 1683 4261; x_wconf 72' lang='grc' dir='ltr'>ζωήν</span> <span class='ocrx_word' id='word_1_508' title='bbox 1711 4191 1805 4242; x_wconf 79' lang='grc' dir='ltr'>καὶ</span> 
     </span>
    </p>
   </div>
   <div class='ocr_carea' id='block_1_74' title="bbox 243 4280 1813 4353">
    <p class='ocr_par' dir='ltr' id='par_1_74' title="bbox 243 4280 1813 4353">
     <span class='ocr_line' id='line_1_74' title="bbox 243 4280 1813 4353; baseline -0.003 -17"><span class='ocrx_word' id='word_1_509' title='bbox 243 4286 470 4353; x_wconf 73' lang='grc' dir='ltr'>εἰρήνην</span> <span class='ocrx_word' id='word_1_510' title='bbox 526 4282 766 4336; x_wconf 73' lang='grc' dir='ltr'>αἰώνιον.</span> <span class='ocrx_word' id='word_1_511' title='bbox 815 4283 1119 4352; x_wconf 79' lang='grc' dir='ltr'>Θεωρεῖτε,</span> <span class='ocrx_word' id='word_1_512' title='bbox 1153 4282 1234 4334; x_wconf 83' lang='grc' dir='ltr'>ὅτι</span> <span class='ocrx_word' id='word_1_513' title='bbox 1290 4280 1369 4350; x_wconf 88' lang='grc' dir='ltr'>τῷ</span> <span class='ocrx_word' id='word_1_514' title='bbox 1435 4282 1657 4351; x_wconf 84' lang='grc' dir='ltr'>ὀνόματι</span> <span class='ocrx_word' id='word_1_515' title='bbox 1718 4280 1813 4333; x_wconf 90' lang='grc' dir='ltr'><strong>τοῦ</strong></span> 
     </span>
    </p>
   </div>
   <div class='ocr_carea' id='block_1_75' title="bbox 245 4371 1811 4444">
    <p class='ocr_par' dir='ltr' id='par_1_75' title="bbox 245 4371 1811 4444">
     <span class='ocr_line' id='line_1_75' title="bbox 245 4371 1811 4444; baseline -0.004 -14"><span class='ocrx_word' id='word_1_516' title='bbox 245 4374 488 4444; x_wconf 79' lang='grc' dir='ltr'>Χριστοῦ</span> <span class='ocrx_word' id='word_1_517' title='bbox 522 4374 710 4442; x_wconf 79' lang='grc' dir='ltr'>νεκροὶ</span> <span class='ocrx_word' id='word_1_518' title='bbox 757 4372 1084 4443; x_wconf 78' lang='grc' dir='ltr'>ἐγείρονται,</span> <span class='ocrx_word' id='word_1_519' title='bbox 1120 4372 1215 4425; x_wconf 68' lang='grc' dir='ltr'><strong>καὶ</strong></span> <span class='ocrx_word' id='word_1_520' title='bbox 1250 4372 1504 4442; x_wconf 88' lang='grc' dir='ltr'>δαίμονες</span> <span class='ocrx_word' id='word_1_521' title='bbox 1543 4373 1636 4426; x_wconf 72' lang='grc' dir='ltr'><strong>καὶ</strong></span> <span class='ocrx_word' id='word_1_522' title='bbox 1665 4371 1811 4441; x_wconf 85' lang='grc' dir='ltr'>πάθη</span> 
     </span>
    </p>
   </div>
   <div class='ocr_carea' id='block_1_76' title="bbox 247 4446 1816 4535">
    <p class='ocr_par' dir='ltr' id='par_1_76' title="bbox 247 4446 1816 4535">
     <span class='ocr_line' id='line_1_76' title="bbox 247 4446 1816 4535; baseline -0.003 -17"><span class='ocrx_word' id='word_1_523' title='bbox 247 4466 667 4535; x_wconf 77' lang='grc' dir='ltr'>φυγαδεύονται.</span> <span class='ocrx_word' id='word_1_524' title='bbox 702 4446 999 4532; x_wconf 61' lang='grc' dir='ltr'>Διατρίψας</span> <span class='ocrx_word' id='word_1_525' title='bbox 1027 4463 1086 4516; x_wconf 80' lang='grc' dir='ltr'>δὲ</span> <span class='ocrx_word' id='word_1_526' title='bbox 1135 4465 1192 4516; x_wconf 69' lang='grc' dir='ltr'>ὲν</span> <span class='ocrx_word' id='word_1_527' title='bbox 1226 4463 1410 4524; x_wconf 81' lang='grc' dir='ltr'>αὐτοῖς</span> <span class='ocrx_word' id='word_1_528' title='bbox 1441 4463 1656 4533; x_wconf 75' lang='grc' dir='ltr'>ἡμέρας</span> <span class='ocrx_word' id='word_1_529' title='bbox 1690 4462 1816 4515; x_wconf 87' lang='grc' dir='ltr'>πολ-</span> 
     </span>
    </p>
   </div>
   <div class='ocr_carea' id='block_1_77' title="bbox 247 4552 1893 4647">
    <p class='ocr_par' dir='ltr' id='par_1_77' title="bbox 247 4552 1893 4647">
     <span class='ocr_line' id='line_1_77' title="bbox 247 4552 1893 4647; baseline -0.003 -37"><span class='ocrx_word' id='word_1_530' title='bbox 247 4557 346 4621; x_wconf 81' lang='grc' dir='ltr'><strong>λάς</strong></span> <span class='ocrx_word' id='word_1_531' title='bbox 375 4557 470 4610; x_wconf 72' lang='grc' dir='ltr'><strong>καὶ</strong></span> <span class='ocrx_word' id='word_1_532' title='bbox 498 4555 854 4626; x_wconf 86' lang='grc' dir='ltr'>μαθητεύσας</span> <span class='ocrx_word' id='word_1_533' title='bbox 880 4554 1135 4621; x_wconf 84' lang='grc' dir='ltr'>πολλοὺς,</span> <span class='ocrx_word' id='word_1_534' title='bbox 1173 4553 1334 4623; x_wconf 75' lang='grc' dir='ltr'>ἀφεὶς</span> <span class='ocrx_word' id='word_1_535' title='bbox 1355 4553 1552 4617; x_wconf 81' lang='grc' dir='ltr'>αὐτοὺς</span> <span class='ocrx_word' id='word_1_536' title='bbox 1581 4552 1811 4622; x_wconf 79' lang='grc' dir='ltr'>ἀνῆλθεν</span> <span class='ocrx_word' id='word_1_537' title='bbox 1839 4583 1893 4647; x_wconf 80' lang='lat' dir='ltr'><strong><em>D</em></strong></span> 
     </span>
    </p>
   </div>
   <div class='ocr_carea' id='block_1_78' title="bbox 249 4648 752 4718">
    <p class='ocr_par' dir='ltr' id='par_1_78' title="bbox 249 4648 752 4718">
     <span class='ocr_line' id='line_1_78' title="bbox 249 4648 752 4718; baseline -0.004 -17"><span class='ocrx_word' id='word_1_538' title='bbox 249 4649 330 4712; x_wconf 85' lang='grc' dir='ltr'>εἰς</span> <span class='ocrx_word' id='word_1_539' title='bbox 374 4648 752 4718; x_wconf 84' lang='grc' dir='ltr'>Ἰεροσόλυμα.</span> 
     </span>
    </p>
   </div>
   <div class='ocr_carea' id='block_1_79' title="bbox 318 4733 1816 4806">
    <p class='ocr_par' dir='ltr' id='par_1_79' title="bbox 318 4733 1816 4806">
     <span class='ocr_line' id='line_1_79' title="bbox 318 4733 1816 4806; baseline -0.002 -16"><span class='ocrx_word' id='word_1_540' title='bbox 318 4738 432 4790; x_wconf 77' lang='grc' dir='ltr'><strong>Καὶ</strong></span> <span class='ocrx_word' id='word_1_541' title='bbox 471 4736 609 4806; x_wconf 87' lang='grc' dir='ltr'><strong>μετά</strong></span> <span class='ocrx_word' id='word_1_542' title='bbox 643 4735 740 4806; x_wconf 80' lang='grc' dir='ltr'>τὴν</span> <span class='ocrx_word' id='word_1_543' title='bbox 778 4734 1162 4804; x_wconf 82' lang='grc' dir='ltr'>Πεντηκοστήν</span> <span class='ocrx_word' id='word_1_544' title='bbox 1215 4734 1473 4804; x_wconf 82' lang='grc' dir='ltr'>Ἀνδρέας</span> <span class='ocrx_word' id='word_1_545' title='bbox 1501 4737 1594 4786; x_wconf 72' lang='grc' dir='ltr'><strong>καὶ</strong></span> <span class='ocrx_word' id='word_1_546' title='bbox 1631 4733 1816 4802; x_wconf 82' lang='grc' dir='ltr'>Σίμων</span> 
     </span>
    </p>
   </div>
   <div class='ocr_carea' id='block_1_80' title="bbox 256 4822 1820 4896">
    <p class='ocr_par' dir='ltr' id='par_1_80' title="bbox 256 4822 1820 4896">
     <span class='ocr_line' id='line_1_80' title="bbox 256 4822 1820 4896; baseline -0.004 -13"><span class='ocrx_word' id='word_1_547' title='bbox 256 4831 285 4883; x_wconf 89' lang='lat'><strong>6</strong></span> <span class='ocrx_word' id='word_1_548' title='bbox 330 4826 645 4896; x_wconf 85' lang='grc' dir='ltr'>Χανανίτης</span> <span class='ocrx_word' id='word_1_549' title='bbox 705 4824 798 4877; x_wconf 73' lang='grc' dir='ltr'>καὶ</span> <span class='ocrx_word' id='word_1_550' title='bbox 845 4823 1093 4887; x_wconf 76' lang='grc' dir='ltr'>Ματθίας</span> <span class='ocrx_word' id='word_1_551' title='bbox 1145 4823 1239 4876; x_wconf 72' lang='grc' dir='ltr'><strong>καὶ</strong></span> <span class='ocrx_word' id='word_1_552' title='bbox 1291 4823 1551 4886; x_wconf 76' lang='grc' dir='ltr'>Θαδδαῖος</span> <span class='ocrx_word' id='word_1_553' title='bbox 1589 4822 1820 4892; x_wconf 72' lang='grc' dir='ltr'>ἔμειναν</span> 
     </span>
    </p>
   </div>
   <div class='ocr_carea' id='block_1_81' title="bbox 253 4907 1820 4987">
    <p class='ocr_par' dir='ltr' id='par_1_81' title="bbox 253 4907 1820 4987">
     <span class='ocr_line' id='line_1_81' title="bbox 253 4907 1820 4987; baseline -0.002 -16"><span class='ocrx_word' id='word_1_554' title='bbox 253 4920 371 4973; x_wconf 72' lang='grc' dir='ltr'>ἐκεῖ</span> <span class='ocrx_word' id='word_1_555' title='bbox 394 4917 531 4987; x_wconf 79' lang='grc' dir='ltr'>πρὸς</span> <span class='ocrx_word' id='word_1_556' title='bbox 573 4915 862 4987; x_wconf 76' lang='grc' dir='ltr'>Αὓγαρον·</span> <span class='ocrx_word' id='word_1_557' title='bbox 895 4916 944 4967; x_wconf 83' lang='grc' dir='ltr'>οι</span> <span class='ocrx_word' id='word_1_558' title='bbox 994 4915 1052 4968; x_wconf 74' lang='grc' dir='ltr'>δὲ</span> <span class='ocrx_word' id='word_1_559' title='bbox 1109 4915 1289 4968; x_wconf 80' lang='grc' dir='ltr'>λοιποὶ</span> <span class='ocrx_word' id='word_1_560' title='bbox 1347 4907 1688 4985; x_wconf 85' lang='grc' dir='ltr'>διερχόμενοι</span> <span class='ocrx_word' id='word_1_561' title='bbox 1723 4914 1820 4978; x_wconf 79' lang='grc' dir='ltr'>τὰς</span> 
     </span>
    </p>
   </div>
   <div class='ocr_carea' id='block_1_82' title="bbox 257 5003 1820 5076">
    <p class='ocr_par' dir='ltr' id='par_1_82' title="bbox 257 5003 1820 5076">
     <span class='ocr_line' id='line_1_82' title="bbox 257 5003 1820 5076; baseline -0.003 -14"><span class='ocrx_word' id='word_1_562' title='bbox 257 5009 443 5070; x_wconf 70' lang='grc' dir='ltr'>πόλεις</span> <span class='ocrx_word' id='word_1_563' title='bbox 474 5007 821 5070; x_wconf 83' lang='grc' dir='ltr'>διδάσκοντες</span> <span class='ocrx_word' id='word_1_564' title='bbox 851 5006 948 5059; x_wconf 76' lang='grc' dir='ltr'>καὶ</span> <span class='ocrx_word' id='word_1_565' title='bbox 980 5003 1526 5076; x_wconf 78' lang='grc' dir='ltr'>θαυματουργοῦντες</span> <span class='ocrx_word' id='word_1_566' title='bbox 1553 5003 1820 5073; x_wconf 80' lang='grc' dir='ltr'>κατῆλθον</span> 
     </span>
    </p>
   </div>
   <div class='ocr_carea' id='block_1_83' title="bbox 253 5092 1822 5165">
    <p class='ocr_par' dir='ltr' id='par_1_83' title="bbox 253 5092 1822 5165">
     <span class='ocr_line' id='line_1_83' title="bbox 253 5092 1822 5165; baseline -0.004 -14"><span class='ocrx_word' id='word_1_567' title='bbox 253 5099 335 5162; x_wconf 73' lang='grc' dir='ltr'><strong>εἰς</strong></span> <span class='ocrx_word' id='word_1_568' title='bbox 372 5096 612 5165; x_wconf 80' lang='grc' dir='ltr'>Ἰϐηρίαν</span> <span class='ocrx_word' id='word_1_569' title='bbox 652 5096 748 5149; x_wconf 68' lang='grc' dir='ltr'>καὶ</span> <span class='ocrx_word' id='word_1_570' title='bbox 793 5097 877 5156; x_wconf 79' lang='grc' dir='ltr'>εἰς</span> <span class='ocrx_word' id='word_1_571' title='bbox 908 5094 1000 5147; x_wconf 72' lang='grc' dir='ltr'><strong>τὸν</strong></span> <span class='ocrx_word' id='word_1_572' title='bbox 1045 5094 1238 5163; x_wconf 78' lang='grc' dir='ltr'>Φάσιν,</span> <span class='ocrx_word' id='word_1_573' title='bbox 1294 5094 1391 5146; x_wconf 82' lang='grc' dir='ltr'>καὶ</span> <span class='ocrx_word' id='word_1_574' title='bbox 1446 5092 1576 5163; x_wconf 87' lang='grc' dir='ltr'>μεθ’</span> <span class='ocrx_word' id='word_1_575' title='bbox 1608 5093 1822 5162; x_wconf 74' lang='grc' dir='ltr'>ἡμέρας</span> 
     </span>
    </p>
   </div>
   <div class='ocr_carea' id='block_1_84' title="bbox 252 5184 1805 5256">
    <p class='ocr_par' dir='ltr' id='par_1_84' title="bbox 252 5184 1805 5256">
     <span class='ocr_line' id='line_1_84' title="bbox 252 5184 1805 5256; baseline -0.003 -14"><span class='ocrx_word' id='word_1_576' title='bbox 252 5190 332 5252; x_wconf 79' lang='grc' dir='ltr'><strong>είς</strong></span> <span class='ocrx_word' id='word_1_577' title='bbox 360 5189 681 5241; x_wconf 86' lang='grc' dir='ltr'>Σουσανίαν.</span> <span class='ocrx_word' id='word_1_578' title='bbox 719 5185 784 5239; x_wconf 70' lang='lat' dir='ltr'><strong>Oi</strong></span> <span class='ocrx_word' id='word_1_579' title='bbox 815 5185 874 5239; x_wconf 81' lang='grc' dir='ltr'>δὲ</span> <span class='ocrx_word' id='word_1_580' title='bbox 903 5184 1096 5256; x_wconf 76' lang='grc' dir='ltr'>ἄνδρες</span> <span class='ocrx_word' id='word_1_581' title='bbox 1119 5185 1214 5238; x_wconf 90' lang='grc' dir='ltr'><strong>τοῦ</strong></span> <span class='ocrx_word' id='word_1_582' title='bbox 1242 5186 1428 5249; x_wconf 70' lang='grc' dir='ltr'>ἔθνους</span> <span class='ocrx_word' id='word_1_583' title='bbox 1456 5186 1666 5242; x_wconf 74' lang='grc' dir='ltr'>ἐκείνου</span> <span class='ocrx_word' id='word_1_584' title='bbox 1700 5185 1805 5238; x_wconf 81' lang='grc' dir='ltr'><strong>ὑπὸ</strong></span> 
     </span>
    </p>
   </div>
   <div class='ocr_carea' id='block_1_85' title="bbox 251 5273 1821 5347">
    <p class='ocr_par' dir='ltr' id='par_1_85' title="bbox 251 5273 1821 5347">
     <span class='ocr_line' id='line_1_85' title="bbox 251 5273 1821 5347; baseline -0.004 -12"><span class='ocrx_word' id='word_1_585' title='bbox 251 5277 363 5335; x_wconf 83' lang='grc' dir='ltr'>τῶν</span> <span class='ocrx_word' id='word_1_586' title='bbox 396 5278 676 5347; x_wconf 79' lang='grc' dir='ltr'>γυναικῶν</span> <span class='ocrx_word' id='word_1_587' title='bbox 702 5273 1057 5346; x_wconf 68' lang='grc' dir='ltr'>ἐκρατοῦντο.</span> <span class='ocrx_word' id='word_1_588' title='bbox 1087 5274 1363 5342; x_wconf 81' lang='grc' dir='ltr'>Εὑπειθὴς</span> <span class='ocrx_word' id='word_1_589' title='bbox 1391 5275 1503 5346; x_wconf 73' lang='grc' dir='ltr'>δὲή</span> <span class='ocrx_word' id='word_1_590' title='bbox 1531 5273 1821 5344; x_wconf 83' lang='grc' dir='ltr'>γυναικεία</span> 
     </span>
    </p>
   </div>
   <div class='ocr_carea' id='block_1_86' title="bbox 259 5369 1818 5444">
    <p class='ocr_par' dir='ltr' id='par_1_86' title="bbox 259 5369 1818 5444">
     <span class='ocr_line' id='line_1_86' title="bbox 259 5369 1818 5444; baseline -0.004 -16"><span class='ocrx_word' id='word_1_591' title='bbox 259 5374 442 5444; x_wconf 76' lang='grc' dir='ltr'>φύσις,</span> <span class='ocrx_word' id='word_1_592' title='bbox 477 5373 574 5427; x_wconf 84' lang='grc' dir='ltr'>καὶ</span> <span class='ocrx_word' id='word_1_593' title='bbox 596 5369 732 5440; x_wconf 79' lang='grc' dir='ltr'>ταχὺ</span> <span class='ocrx_word' id='word_1_594' title='bbox 765 5370 1081 5441; x_wconf 84' lang='grc' dir='ltr'>ὑπήκουσαν</span> <span class='ocrx_word' id='word_1_595' title='bbox 1101 5369 1236 5441; x_wconf 73' lang='grc'>(45).</span> <span class='ocrx_word' id='word_1_596' title='bbox 1270 5371 1494 5440; x_wconf 82' lang='grc' dir='ltr'>Ἔμεινε</span> <span class='ocrx_word' id='word_1_597' title='bbox 1523 5370 1582 5422; x_wconf 66' lang='grc' dir='ltr'>δὲ</span> <span class='ocrx_word' id='word_1_598' title='bbox 1606 5371 1636 5422; x_wconf 89' lang='lat'><strong>6</strong></span> <span class='ocrx_word' id='word_1_599' title='bbox 1664 5370 1818 5423; x_wconf 86' lang='grc' dir='ltr'>Ματ-</span> 
     </span>
    </p>
   </div>
   <div class='ocr_carea' id='block_1_87' title="bbox 258 5460 1822 5534">
    <p class='ocr_par' dir='ltr' id='par_1_87' title="bbox 258 5460 1822 5534">
     <span class='ocr_line' id='line_1_87' title="bbox 258 5460 1822 5534; baseline -0.003 -14"><span class='ocrx_word' id='word_1_600' title='bbox 258 5460 378 5531; x_wconf 81' lang='grc' dir='ltr'>θίας</span> <span class='ocrx_word' id='word_1_601' title='bbox 405 5465 503 5518; x_wconf 78' lang='grc' dir='ltr'><strong>σὺν</strong></span> <span class='ocrx_word' id='word_1_602' title='bbox 551 5462 819 5533; x_wconf 77' lang='grc' dir='ltr'>μαθηταῖς</span> <span class='ocrx_word' id='word_1_603' title='bbox 845 5460 928 5523; x_wconf 82' lang='grc' dir='ltr'><strong>είς</strong></span> <span class='ocrx_word' id='word_1_604' title='bbox 969 5461 1068 5528; x_wconf 82' lang='grc' dir='ltr'>τὰς</span> <span class='ocrx_word' id='word_1_605' title='bbox 1097 5461 1280 5534; x_wconf 84' lang='grc' dir='ltr'>χώρας</span> <span class='ocrx_word' id='word_1_606' title='bbox 1311 5460 1535 5526; x_wconf 73' lang='grc' dir='ltr'>ὲκείνας</span> <span class='ocrx_word' id='word_1_607' title='bbox 1556 5460 1822 5516; x_wconf 79' lang='grc' dir='ltr'>διδάσκων</span> 
     </span>
    </p>
   </div>
   <div class='ocr_carea' id='block_1_88' title="bbox 1909 3363 3474 3452">
    <p class='ocr_par' dir='ltr' id='par_1_88' title="bbox 1909 3363 3474 3452">
     <span class='ocr_line' id='line_1_88' title="bbox 1909 3363 3474 3452; baseline -0.015 -11"><span class='ocrx_word' id='word_1_608' title='bbox 1909 3393 2080 3449; x_wconf 90' lang='lat' dir='ltr'><strong>stens,</strong></span> <span class='ocrx_word' id='word_1_609' title='bbox 2119 3382 2261 3438; x_wconf 89' lang='lat' dir='ltr'><strong>bona</strong></span> <span class='ocrx_word' id='word_1_610' title='bbox 2291 3379 2482 3452; x_wconf 88' lang='lat' dir='ltr'><strong>gignit.</strong></span> <span class='ocrx_word' id='word_1_611' title='bbox 2526 3376 2773 3444; x_wconf 87' lang='lat' dir='ltr'><strong>Cogitate</strong></span> <span class='ocrx_word' id='word_1_612' title='bbox 2804 3370 2929 3442; x_wconf 86' lang='lat' dir='ltr'><strong>quis</strong></span> <span class='ocrx_word' id='word_1_613' title='bbox 2958 3370 3224 3424; x_wconf 90' lang='lat' dir='ltr'><strong>elementa</strong></span> <span class='ocrx_word' id='word_1_614' title='bbox 3268 3363 3474 3419; x_wconf 89' lang='lat' dir='ltr'><strong>creavit</strong></span> 
     </span>
    </p>
   </div>
   <div class='ocr_carea' id='block_1_89' title="bbox 1908 3463 3472 3539">
    <p class='ocr_par' dir='ltr' id='par_1_89' title="bbox 1908 3463 3472 3539">
     <span class='ocr_line' id='line_1_89' title="bbox 1908 3463 3472 3539; baseline -0.016 -8"><span class='ocrx_word' id='word_1_615' title='bbox 1908 3484 1962 3531; x_wconf 92' lang='lat' dir='ltr'><strong>et</strong></span> <span class='ocrx_word' id='word_1_616' title='bbox 1997 3475 2189 3539; x_wconf 90' lang='lat' dir='ltr'><strong>univit,</strong></span> <span class='ocrx_word' id='word_1_617' title='bbox 2226 3480 2280 3527; x_wconf 83' lang='lat' dir='ltr'><strong>et</strong></span> <span class='ocrx_word' id='word_1_618' title='bbox 2316 3487 2383 3527; x_wconf 82' lang='lat' dir='ltr'><strong>ex</strong></span> <span class='ocrx_word' id='word_1_619' title='bbox 2429 3470 2508 3525; x_wconf 87' lang='lat' dir='ltr'><strong>eis</strong></span> <span class='ocrx_word' id='word_1_620' title='bbox 2555 3465 2841 3522; x_wconf 90' lang='lat' dir='ltr'><strong>constituit</strong></span> <span class='ocrx_word' id='word_1_621' title='bbox 2876 3472 3119 3518; x_wconf 89' lang='lat' dir='ltr'><strong>terrenas</strong></span> <span class='ocrx_word' id='word_1_622' title='bbox 3165 3463 3472 3512; x_wconf 83' lang='lat' dir='ltr'><strong>creaturas.</strong></span> 
     </span>
    </p>
   </div>
   <div class='ocr_carea' id='block_1_90' title="bbox 1909 3539 3476 3620">
    <p class='ocr_par' dir='ltr' id='par_1_90' title="bbox 1909 3539 3476 3620">
     <span class='ocr_line' id='line_1_90' title="bbox 1909 3539 3476 3620; baseline -0.015 0"><span class='ocrx_word' id='word_1_623' title='bbox 1909 3565 2087 3620; x_wconf 77' lang='lat' dir='ltr'><strong>Mente</strong></span> <span class='ocrx_word' id='word_1_624' title='bbox 2119 3571 2349 3619; x_wconf 86' lang='lat' dir='ltr'><strong>tractate</strong></span> <span class='ocrx_word' id='word_1_625' title='bbox 2396 3573 2616 3617; x_wconf 86' lang='lat' dir='ltr'><strong>cursum</strong></span> <span class='ocrx_word' id='word_1_626' title='bbox 2657 3553 3006 3612; x_wconf 89' lang='lat' dir='ltr'><strong>luminarium</strong></span> <span class='ocrx_word' id='word_1_627' title='bbox 3041 3557 3095 3604; x_wconf 90' lang='lat' dir='ltr'><strong>et</strong></span> <span class='ocrx_word' id='word_1_628' title='bbox 3120 3548 3385 3607; x_wconf 87' lang='lat' dir='ltr'><strong>siderum,</strong></span> <span class='ocrx_word' id='word_1_629' title='bbox 3419 3539 3476 3598; x_wconf 74' lang='grc' dir='ltr'>ει</span> 
     </span>
    </p>
   </div>
   <div class='ocr_carea' id='block_1_91' title="bbox 1909 3640 3474 3727">
    <p class='ocr_par' dir='ltr' id='par_1_91' title="bbox 1909 3640 3474 3727">
     <span class='ocr_line' id='line_1_91' title="bbox 1909 3640 3474 3727; baseline -0.015 -16"><span class='ocrx_word' id='word_1_630' title='bbox 1909 3659 2036 3727; x_wconf 90' lang='lat' dir='ltr'><strong>quis</strong></span> <span class='ocrx_word' id='word_1_631' title='bbox 2060 3655 2332 3712; x_wconf 88' lang='lat' dir='ltr'><strong>ordinavit</strong></span> <span class='ocrx_word' id='word_1_632' title='bbox 2356 3652 2436 3712; x_wconf 87' lang='lat' dir='ltr'><strong>eis</strong></span> <span class='ocrx_word' id='word_1_633' title='bbox 2452 3648 2835 3706; x_wconf 88' lang='lat' dir='ltr'><strong>incessabilem</strong></span> <span class='ocrx_word' id='word_1_634' title='bbox 2866 3651 2921 3700; x_wconf 89' lang='lat' dir='ltr'><strong>et</strong></span> <span class='ocrx_word' id='word_1_635' title='bbox 2942 3640 3202 3712; x_wconf 67' lang='lat' dir='ltr'><strong>aequalem</strong></span> <span class='ocrx_word' id='word_1_636' title='bbox 3226 3640 3474 3696; x_wconf 80' lang='lat' dir='ltr'><strong>cursum,</strong></span> 
     </span>
    </p>
   </div>
   <div class='ocr_carea' id='block_1_92' title="bbox 1910 3729 3469 3817">
    <p class='ocr_par' dir='ltr' id='par_1_92' title="bbox 1910 3729 3469 3817">
     <span class='ocr_line' id='line_1_92' title="bbox 1910 3729 3469 3817; baseline -0.017 -14"><span class='ocrx_word' id='word_1_637' title='bbox 1910 3749 2036 3817; x_wconf 88' lang='lat' dir='ltr'><strong>quia</strong></span> <span class='ocrx_word' id='word_1_638' title='bbox 2088 3745 2327 3801; x_wconf 89' lang='lat' dir='ltr'><strong>inanima</strong></span> <span class='ocrx_word' id='word_1_639' title='bbox 2379 3749 2528 3809; x_wconf 86' lang='lat' dir='ltr'><strong>sunt,</strong></span> <span class='ocrx_word' id='word_1_640' title='bbox 2590 3754 2693 3795; x_wconf 89' lang='lat' dir='ltr'><strong>nec</strong></span> <span class='ocrx_word' id='word_1_641' title='bbox 2741 3753 2772 3794; x_wconf 86' lang='lat' dir='ltr'><strong>a</strong></span> <span class='ocrx_word' id='word_1_642' title='bbox 2812 3733 3117 3802; x_wconf 87' lang='lat' dir='ltr'><strong>semetipsis</strong></span> <span class='ocrx_word' id='word_1_643' title='bbox 3156 3729 3469 3790; x_wconf 87' lang='lat' dir='ltr'><strong>volvuntur,</strong></span> 
     </span>
    </p>
   </div>
   <div class='ocr_carea' id='block_1_93' title="bbox 1911 3821 3472 3910">
    <p class='ocr_par' dir='ltr' id='par_1_93' title="bbox 1911 3821 3472 3910">
     <span class='ocr_line' id='line_1_93' title="bbox 1911 3821 3472 3910; baseline -0.016 -15"><span class='ocrx_word' id='word_1_644' title='bbox 1911 3848 1964 3896; x_wconf 89' lang='lat' dir='ltr'><strong>et</strong></span> <span class='ocrx_word' id='word_1_645' title='bbox 1991 3839 2118 3910; x_wconf 82' lang='lat' dir='ltr'><strong>quia</strong></span> <span class='ocrx_word' id='word_1_646' title='bbox 2146 3851 2176 3892; x_wconf 85' lang='lat' dir='ltr'><strong>a</strong></span> <span class='ocrx_word' id='word_1_647' title='bbox 2206 3835 2455 3907; x_wconf 87' lang='lat' dir='ltr'><strong>plurimis</strong></span> <span class='ocrx_word' id='word_1_648' title='bbox 2491 3839 2772 3902; x_wconf 85' lang='lat' dir='ltr'><strong>reguntur,</strong></span> <span class='ocrx_word' id='word_1_649' title='bbox 2801 3841 2901 3883; x_wconf 91' lang='lat' dir='ltr'><strong>nec</strong></span> <span class='ocrx_word' id='word_1_650' title='bbox 2925 3827 3067 3880; x_wconf 89' lang='lat' dir='ltr'><strong>inter</strong></span> <span class='ocrx_word' id='word_1_651' title='bbox 3099 3836 3158 3877; x_wconf 88' lang='lat' dir='ltr'><strong>se</strong></span> <span class='ocrx_word' id='word_1_652' title='bbox 3177 3821 3472 3910; x_wconf 80' lang='lat' dir='ltr'><strong>cohaerent.</strong></span> 
     </span>
    </p>
   </div>
   <div class='ocr_carea' id='block_1_94' title="bbox 1914 3909 3474 3993">
    <p class='ocr_par' dir='ltr' id='par_1_94' title="bbox 1914 3909 3474 3993">
     <span class='ocr_line' id='line_1_94' title="bbox 1914 3909 3474 3993; baseline -0.012 -10"><span class='ocrx_word' id='word_1_653' title='bbox 1914 3909 2068 3983; x_wconf 77' lang='lat' dir='ltr'><strong>Viam</strong></span> <span class='ocrx_word' id='word_1_654' title='bbox 2102 3926 2301 3982; x_wconf 87' lang='lat' dir='ltr'><strong>bonam</strong></span> <span class='ocrx_word' id='word_1_655' title='bbox 2333 3920 2575 3993; x_wconf 81' lang='lat' dir='ltr'><strong>carpatis</strong></span> <span class='ocrx_word' id='word_1_656' title='bbox 2613 3935 2711 3990; x_wconf 86' lang='lat' dir='ltr'><strong>per</strong></span> <span class='ocrx_word' id='word_1_657' title='bbox 2741 3917 2913 3988; x_wconf 86' lang='lat' dir='ltr'><strong>legem</strong></span> <span class='ocrx_word' id='word_1_658' title='bbox 2955 3912 3184 3983; x_wconf 74' lang='lat' dir='ltr'><strong>Moysis,</strong></span> <span class='ocrx_word' id='word_1_659' title='bbox 3213 3909 3342 3978; x_wconf 89' lang='lat' dir='ltr'><strong>quia</strong></span> <span class='ocrx_word' id='word_1_660' title='bbox 3372 3918 3474 3976; x_wconf 61' lang='lat' dir='ltr'><strong>pt-</strong></span> 
     </span>
    </p>
   </div>
   <div class='ocr_carea' id='block_1_95' title="bbox 1915 3993 3480 4086">
    <p class='ocr_par' dir='ltr' id='par_1_95' title="bbox 1915 3993 3480 4086">
     <span class='ocr_line' id='line_1_95' title="bbox 1915 3993 3480 4086; baseline -0.016 -13"><span class='ocrx_word' id='word_1_661' title='bbox 1915 4033 2031 4073; x_wconf 89' lang='lat' dir='ltr'><strong>cem</strong></span> <span class='ocrx_word' id='word_1_662' title='bbox 2081 4015 2290 4086; x_wconf 63' lang='lat' dir='ltr'><strong>praebet</strong></span> <span class='ocrx_word' id='word_1_663' title='bbox 2337 4008 2640 4069; x_wconf 87' lang='lat' dir='ltr'><strong>ambulanti</strong></span> <span class='ocrx_word' id='word_1_664' title='bbox 2689 4009 2740 4062; x_wconf 90' lang='lat' dir='ltr'><strong>in</strong></span> <span class='ocrx_word' id='word_1_665' title='bbox 2790 4019 2893 4071; x_wconf 86' lang='lat' dir='ltr'><strong>ea;</strong></span> <span class='ocrx_word' id='word_1_666' title='bbox 2946 4001 3148 4056; x_wconf 87' lang='lat' dir='ltr'><strong>credite</strong></span> <span class='ocrx_word' id='word_1_667' title='bbox 3193 3993 3480 4067; x_wconf 84' lang='lat' dir='ltr'><strong>prophetis</strong></span> 
     </span>
    </p>
   </div>
   <div class='ocr_carea' id='block_1_96' title="bbox 1913 4095 3478 4178">
    <p class='ocr_par' dir='ltr' id='par_1_96' title="bbox 1913 4095 3478 4178">
     <span class='ocr_line' id='line_1_96' title="bbox 1913 4095 3478 4178; baseline -0.015 -16"><span class='ocrx_word' id='word_1_668' title='bbox 1913 4107 2040 4178; x_wconf 86' lang='lat' dir='ltr'><strong>quia</strong></span> <span class='ocrx_word' id='word_1_669' title='bbox 2061 4107 2338 4166; x_wconf 83' lang='lat' dir='ltr'><strong>veritatem</strong></span> <span class='ocrx_word' id='word_1_670' title='bbox 2363 4104 2580 4167; x_wconf 90' lang='lat' dir='ltr'><strong>docent,</strong></span> <span class='ocrx_word' id='word_1_671' title='bbox 2595 4107 2649 4155; x_wconf 87' lang='lat' dir='ltr'><strong>et</strong></span> <span class='ocrx_word' id='word_1_672' title='bbox 2672 4095 2870 4158; x_wconf 87' lang='lat' dir='ltr'><strong>vitam,</strong></span> <span class='ocrx_word' id='word_1_673' title='bbox 2901 4101 2952 4148; x_wconf 89' lang='lat' dir='ltr'><strong>et</strong></span> <span class='ocrx_word' id='word_1_674' title='bbox 2982 4104 3169 4160; x_wconf 89' lang='lat' dir='ltr'><strong>pacem</strong></span> <span class='ocrx_word' id='word_1_675' title='bbox 3193 4097 3478 4178; x_wconf 66' lang='lat' dir='ltr'><strong>mternam,</strong></span> 
     </span>
    </p>
   </div>
   <div class='ocr_carea' id='block_1_97' title="bbox 1914 4173 3478 4262">
    <p class='ocr_par' dir='ltr' id='par_1_97' title="bbox 1914 4173 3478 4262">
     <span class='ocr_line' id='line_1_97' title="bbox 1914 4173 3478 4262; baseline -0.018 -8"><span class='ocrx_word' id='word_1_676' title='bbox 1914 4173 2273 4257; x_wconf 67' lang='lat' dir='ltr'><strong>Considerate</strong></span> <span class='ocrx_word' id='word_1_677' title='bbox 2305 4192 2433 4262; x_wconf 86' lang='lat' dir='ltr'><strong>quia</strong></span> <span class='ocrx_word' id='word_1_678' title='bbox 2477 4192 2535 4246; x_wconf 87' lang='lat' dir='ltr'><strong>in</strong></span> <span class='ocrx_word' id='word_1_679' title='bbox 2571 4187 2791 4244; x_wconf 89' lang='lat' dir='ltr'><strong>nomine</strong></span> <span class='ocrx_word' id='word_1_680' title='bbox 2818 4179 3025 4239; x_wconf 84' lang='lat' dir='ltr'><strong>Christi</strong></span> <span class='ocrx_word' id='word_1_681' title='bbox 3070 4177 3272 4234; x_wconf 90' lang='lat' dir='ltr'><strong>mortui</strong></span> <span class='ocrx_word' id='word_1_682' title='bbox 3324 4173 3478 4230; x_wconf 68' lang='lat' dir='ltr'><strong>emi.-</strong></span> 
     </span>
    </p>
   </div>
   <div class='ocr_carea' id='block_1_98' title="bbox 1919 4272 3480 4354">
    <p class='ocr_par' dir='ltr' id='par_1_98' title="bbox 1919 4272 3480 4354">
     <span class='ocr_line' id='line_1_98' title="bbox 1919 4272 3480 4354; baseline -0.017 -10"><span class='ocrx_word' id='word_1_683' title='bbox 1919 4298 2121 4354; x_wconf 91' lang='lat' dir='ltr'><strong>tantur,</strong></span> <span class='ocrx_word' id='word_1_684' title='bbox 2149 4297 2204 4342; x_wconf 91' lang='lat' dir='ltr'><strong>et</strong></span> <span class='ocrx_word' id='word_1_685' title='bbox 2237 4285 2514 4340; x_wconf 71' lang='lat' dir='ltr'><strong>daemones</strong></span> <span class='ocrx_word' id='word_1_686' title='bbox 2538 4287 2595 4337; x_wconf 90' lang='lat' dir='ltr'><strong>et</strong></span> <span class='ocrx_word' id='word_1_687' title='bbox 2625 4277 2843 4334; x_wconf 85' lang='lat' dir='ltr'><strong>dolores</strong></span> <span class='ocrx_word' id='word_1_688' title='bbox 2874 4274 2930 4329; x_wconf 89' lang='lat' dir='ltr'><strong>in</strong></span> <span class='ocrx_word' id='word_1_689' title='bbox 2961 4272 3142 4342; x_wconf 80' lang='lat' dir='ltr'><strong>fugam</strong></span> <span class='ocrx_word' id='word_1_690' title='bbox 3168 4276 3480 4324; x_wconf 91' lang='lat' dir='ltr'><strong>vertuntur.</strong></span> 
     </span>
    </p>
   </div>
   <div class='ocr_carea' id='block_1_99' title="bbox 1915 4356 3484 4435">
    <p class='ocr_par' dir='ltr' id='par_1_99' title="bbox 1915 4356 3484 4435">
     <span class='ocr_line' id='line_1_99' title="bbox 1915 4356 3484 4435; baseline -0.015 -1"><span class='ocrx_word' id='word_1_691' title='bbox 1915 4378 2051 4435; x_wconf 89' lang='lat' dir='ltr'><strong>Cum</strong></span> <span class='ocrx_word' id='word_1_692' title='bbox 2100 4375 2392 4431; x_wconf 86' lang='lat' dir='ltr'><strong>mansisset</strong></span> <span class='ocrx_word' id='word_1_693' title='bbox 2433 4372 2577 4426; x_wconf 87' lang='lat' dir='ltr'><strong>inter</strong></span> <span class='ocrx_word' id='word_1_694' title='bbox 2603 4362 2924 4425; x_wconf 69' lang='lat' dir='ltr'><strong>eos-diebus</strong></span> <span class='ocrx_word' id='word_1_695' title='bbox 2955 4360 3166 4424; x_wconf 87' lang='lat' dir='ltr'><strong>multis,</strong></span> <span class='ocrx_word' id='word_1_696' title='bbox 3197 4366 3252 4413; x_wconf 88' lang='lat' dir='ltr'><strong>et</strong></span> <span class='ocrx_word' id='word_1_697' title='bbox 3284 4356 3484 4418; x_wconf 80' lang='lat' dir='ltr'><strong>multos</strong></span> 
     </span>
    </p>
   </div>
   <div class='ocr_carea' id='block_1_100' title="bbox 1917 4449 3345 4533">
    <p class='ocr_par' dir='ltr' id='par_1_100' title="bbox 1917 4449 3345 4533">
     <span class='ocr_line' id='line_1_100' title="bbox 1917 4449 3345 4533; baseline -0.019 -8"><span class='ocrx_word' id='word_1_698' title='bbox 1917 4467 2216 4533; x_wconf 82' lang='lat' dir='ltr'><strong>docuisset,</strong></span> <span class='ocrx_word' id='word_1_699' title='bbox 2247 4464 2564 4521; x_wconf 88' lang='lat' dir='ltr'><strong>reiinauens</strong></span> <span class='ocrx_word' id='word_1_700' title='bbox 2601 4472 2698 4515; x_wconf 85' lang='lat' dir='ltr'><strong>eos</strong></span> <span class='ocrx_word' id='word_1_701' title='bbox 2731 4455 2862 4511; x_wconf 86' lang='lat' dir='ltr'><strong>abiit</strong></span> <span class='ocrx_word' id='word_1_702' title='bbox 2896 4449 3345 4520; x_wconf 74' lang='lat' dir='ltr'><strong>Hierosolymam.</strong></span> 
     </span>
    </p>
   </div>
   <div class='ocr_carea' id='block_1_101' title="bbox 1983 4706 3487 4797">
    <p class='ocr_par' dir='ltr' id='par_1_101' title="bbox 1983 4706 3487 4797">
     <span class='ocr_line' id='line_1_101' title="bbox 1983 4706 3487 4797; baseline -0.017 -14"><span class='ocrx_word' id='word_1_703' title='bbox 1983 4729 2053 4783; x_wconf 85' lang='lat' dir='ltr'><strong>Et</strong></span> <span class='ocrx_word' id='word_1_704' title='bbox 2076 4732 2200 4797; x_wconf 86' lang='lat' dir='ltr'><strong>post</strong></span> <span class='ocrx_word' id='word_1_705' title='bbox 2221 4723 2600 4783; x_wconf 86' lang='lat' dir='ltr'><strong>Pentecosten,</strong></span> <span class='ocrx_word' id='word_1_706' title='bbox 2642 4716 2892 4772; x_wconf 79' lang='lat' dir='ltr'><strong>Andreas</strong></span> <span class='ocrx_word' id='word_1_707' title='bbox 2958 4720 3014 4767; x_wconf 91' lang='lat' dir='ltr'><strong>et</strong></span> <span class='ocrx_word' id='word_1_708' title='bbox 3089 4709 3276 4764; x_wconf 89' lang='lat' dir='ltr'><strong>Simon</strong></span> <span class='ocrx_word' id='word_1_709' title='bbox 3312 4706 3487 4763; x_wconf 63' lang='lat' dir='ltr'><strong>Cana.</strong></span> 
     </span>
    </p>
   </div>
   <div class='ocr_carea' id='block_1_102' title="bbox 1915 4798 3487 4884">
    <p class='ocr_par' dir='ltr' id='par_1_102' title="bbox 1915 4798 3487 4884">
     <span class='ocr_line' id='line_1_102' title="bbox 1915 4798 3487 4884; baseline -0.014 -11"><span class='ocrx_word' id='word_1_710' title='bbox 1915 4818 2077 4884; x_wconf 86' lang='lat' dir='ltr'><strong>nites,</strong></span> <span class='ocrx_word' id='word_1_711' title='bbox 2130 4822 2186 4872; x_wconf 88' lang='lat' dir='ltr'><strong>et</strong></span> <span class='ocrx_word' id='word_1_712' title='bbox 2241 4812 2497 4868; x_wconf 83' lang='lat' dir='ltr'><strong>Matthias</strong></span> <span class='ocrx_word' id='word_1_713' title='bbox 2559 4818 2612 4880; x_wconf 88' lang='lat' dir='ltr'><strong>et</strong></span> <span class='ocrx_word' id='word_1_714' title='bbox 2662 4806 2970 4863; x_wconf 71' lang='lat' dir='ltr'><strong>Thaddazus</strong></span> <span class='ocrx_word' id='word_1_715' title='bbox 3022 4807 3346 4856; x_wconf 87' lang='lat' dir='ltr'><strong>manserunt</strong></span> <span class='ocrx_word' id='word_1_716' title='bbox 3406 4798 3487 4860; x_wconf 74' lang='lat' dir='ltr'><strong>ibi</strong></span> 
     </span>
    </p>
   </div>
   <div class='ocr_carea' id='block_1_103' title="bbox 1920 4889 3488 4978">
    <p class='ocr_par' dir='ltr' id='par_1_103' title="bbox 1920 4889 3488 4978">
     <span class='ocr_line' id='line_1_103' title="bbox 1920 4889 3488 4978; baseline -0.015 -14"><span class='ocrx_word' id='word_1_717' title='bbox 1920 4904 2179 4978; x_wconf 65' lang='lat' dir='ltr'><strong>(Edessa)</strong></span> <span class='ocrx_word' id='word_1_718' title='bbox 2213 4904 2356 4971; x_wconf 89' lang='lat' dir='ltr'><strong>apud</strong></span> <span class='ocrx_word' id='word_1_719' title='bbox 2395 4903 2705 4971; x_wconf 80' lang='lat' dir='ltr'><strong>Augarum;</strong></span> <span class='ocrx_word' id='word_1_720' title='bbox 2763 4896 2947 4953; x_wconf 61' lang='lat' dir='ltr'><strong>caeteri</strong></span> <span class='ocrx_word' id='word_1_721' title='bbox 2991 4897 3375 4964; x_wconf 87' lang='lat' dir='ltr'><strong>percurrentes</strong></span> <span class='ocrx_word' id='word_1_722' title='bbox 3406 4889 3488 4943; x_wconf 85' lang='lat' dir='ltr'><strong>ci-</strong></span> 
     </span>
    </p>
   </div>
   <div class='ocr_carea' id='block_1_104' title="bbox 1921 4978 3487 5065">
    <p class='ocr_par' dir='ltr' id='par_1_104' title="bbox 1921 4978 3487 5065">
     <span class='ocr_line' id='line_1_104' title="bbox 1921 4978 3487 5065; baseline -0.017 -11"><span class='ocrx_word' id='word_1_723' title='bbox 1921 4999 2120 5054; x_wconf 81' lang='lat' dir='ltr'><strong>vitates</strong></span> <span class='ocrx_word' id='word_1_724' title='bbox 2157 5002 2213 5052; x_wconf 84' lang='lat' dir='ltr'><strong>et</strong></span> <span class='ocrx_word' id='word_1_725' title='bbox 2259 4992 2510 5065; x_wconf 88' lang='lat' dir='ltr'><strong>prodigia</strong></span> <span class='ocrx_word' id='word_1_726' title='bbox 2560 4989 2827 5047; x_wconf 82' lang='lat' dir='ltr'><strong>facientes</strong></span> <span class='ocrx_word' id='word_1_727' title='bbox 2873 4987 3241 5056; x_wconf 83' lang='lat' dir='ltr'><strong>pervenerunt</strong></span> <span class='ocrx_word' id='word_1_728' title='bbox 3280 4981 3336 5034; x_wconf 93' lang='lat' dir='ltr'><strong>in</strong></span> <span class='ocrx_word' id='word_1_729' title='bbox 3366 4978 3487 5034; x_wconf 71' lang='lat' dir='ltr'><strong>ibe.-</strong></span> 
     </span>
    </p>
   </div>
   <div class='ocr_carea' id='block_1_105' title="bbox 1925 5069 3488 5151">
    <p class='ocr_par' dir='ltr' id='par_1_105' title="bbox 1925 5069 3488 5151">
     <span class='ocr_line' id='line_1_105' title="bbox 1925 5069 3488 5151; baseline -0.015 -4"><span class='ocrx_word' id='word_1_730' title='bbox 1925 5091 2066 5147; x_wconf 86' lang='lat' dir='ltr'><strong>riam</strong></span> <span class='ocrx_word' id='word_1_731' title='bbox 2096 5087 2231 5144; x_wconf 77' lang='lat' dir='ltr'><strong>et-in</strong></span> <span class='ocrx_word' id='word_1_732' title='bbox 2257 5085 2482 5148; x_wconf 85' lang='lat' dir='ltr'><strong>Phasin,</strong></span> <span class='ocrx_word' id='word_1_733' title='bbox 2539 5089 2594 5138; x_wconf 90' lang='lat' dir='ltr'><strong>et</strong></span> <span class='ocrx_word' id='word_1_734' title='bbox 2627 5089 2752 5151; x_wconf 86' lang='lat' dir='ltr'><strong>post</strong></span> <span class='ocrx_word' id='word_1_735' title='bbox 2779 5079 2894 5134; x_wconf 89' lang='lat' dir='ltr'><strong>dies</strong></span> <span class='ocrx_word' id='word_1_736' title='bbox 2944 5077 3000 5130; x_wconf 89' lang='lat' dir='ltr'><strong>in</strong></span> <span class='ocrx_word' id='word_1_737' title='bbox 3029 5072 3341 5130; x_wconf 86' lang='lat' dir='ltr'><strong>Susaniam.</strong></span> <span class='ocrx_word' id='word_1_738' title='bbox 3371 5069 3488 5125; x_wconf 78' lang='lat' dir='ltr'><strong>Viri</strong></span> 
     </span>
    </p>
   </div>
   <div class='ocr_carea' id='block_1_106' title="bbox 1925 5159 3488 5248">
    <p class='ocr_par' dir='ltr' id='par_1_106' title="bbox 1925 5159 3488 5248">
     <span class='ocr_line' id='line_1_106' title="bbox 1925 5159 3488 5248; baseline -0.017 -10"><span class='ocrx_word' id='word_1_739' title='bbox 1925 5188 2110 5239; x_wconf 83' lang='lat' dir='ltr'><strong>autem</strong></span> <span class='ocrx_word' id='word_1_740' title='bbox 2168 5177 2347 5248; x_wconf 86' lang='lat' dir='ltr'><strong>gentis</strong></span> <span class='ocrx_word' id='word_1_741' title='bbox 2379 5175 2546 5244; x_wconf 80' lang='lat' dir='ltr'><strong>hujus</strong></span> <span class='ocrx_word' id='word_1_742' title='bbox 2573 5169 2894 5227; x_wconf 88' lang='lat' dir='ltr'><strong>mulieribus</strong></span> <span class='ocrx_word' id='word_1_743' title='bbox 2922 5165 3325 5234; x_wconf 81' lang='lat' dir='ltr'><strong>mancipantur.</strong></span> <span class='ocrx_word' id='word_1_744' title='bbox 3356 5159 3488 5214; x_wconf 74' lang='lat' dir='ltr'><strong>Per-</strong></span> 
     </span>
    </p>
   </div>
   <div class='ocr_carea' id='block_1_107' title="bbox 1925 5249 3486 5334">
    <p class='ocr_par' dir='ltr' id='par_1_107' title="bbox 1925 5249 3486 5334">
     <span class='ocr_line' id='line_1_107' title="bbox 1925 5249 3486 5334; baseline -0.02 0"><span class='ocrx_word' id='word_1_745' title='bbox 1925 5289 2095 5334; x_wconf 82' lang='lat' dir='ltr'><strong>suasu</strong></span> <span class='ocrx_word' id='word_1_746' title='bbox 2148 5269 2330 5326; x_wconf 83' lang='lat' dir='ltr'><strong>facilis</strong></span> <span class='ocrx_word' id='word_1_747' title='bbox 2358 5277 2443 5324; x_wconf 87' lang='lat' dir='ltr'><strong>est</strong></span> <span class='ocrx_word' id='word_1_748' title='bbox 2483 5263 2718 5320; x_wconf 83' lang='lat' dir='ltr'><strong>feminea</strong></span> <span class='ocrx_word' id='word_1_749' title='bbox 2764 5269 2986 5322; x_wconf 86' lang='lat' dir='ltr'><strong>natura,</strong></span> <span class='ocrx_word' id='word_1_750' title='bbox 3012 5262 3069 5311; x_wconf 86' lang='lat' dir='ltr'><strong>et</strong></span> <span class='ocrx_word' id='word_1_751' title='bbox 3111 5255 3225 5308; x_wconf 92' lang='lat' dir='ltr'><strong>cito</strong></span> <span class='ocrx_word' id='word_1_752' title='bbox 3264 5249 3486 5320; x_wconf 66' lang='lat' dir='ltr'><strong>acquieo</strong></span> 
     </span>
    </p>
   </div>
   <div class='ocr_carea' id='block_1_108' title="bbox 1924 5339 3488 5422">
    <p class='ocr_par' dir='ltr' id='par_1_108' title="bbox 1924 5339 3488 5422">
     <span class='ocr_line' id='line_1_108' title="bbox 1924 5339 3488 5422; baseline -0.019 -1"><span class='ocrx_word' id='word_1_753' title='bbox 1924 5370 2141 5422; x_wconf 86' lang='lat' dir='ltr'><strong>verunt.</strong></span> <span class='ocrx_word' id='word_1_754' title='bbox 2181 5357 2383 5415; x_wconf 79' lang='lat' dir='ltr'><strong>Mansit</strong></span> <span class='ocrx_word' id='word_1_755' title='bbox 2414 5363 2598 5414; x_wconf 85' lang='lat' dir='ltr'><strong>autem</strong></span> <span class='ocrx_word' id='word_1_756' title='bbox 2635 5349 2892 5408; x_wconf 75' lang='lat' dir='ltr'><strong>Matthias</strong></span> <span class='ocrx_word' id='word_1_757' title='bbox 2948 5360 3073 5402; x_wconf 90' lang='lat' dir='ltr'><strong>cum</strong></span> <span class='ocrx_word' id='word_1_758' title='bbox 3112 5341 3396 5412; x_wconf 78' lang='lat' dir='ltr'><strong>discipulis</strong></span> <span class='ocrx_word' id='word_1_759' title='bbox 3431 5339 3488 5393; x_wconf 81' lang='lat' dir='ltr'><strong>in</strong></span> 
     </span>
    </p>
   </div>
   <div class='ocr_carea' id='block_1_109' title="bbox 1927 5428 3490 5528">
    <p class='ocr_par' dir='ltr' id='par_1_109' title="bbox 1927 5428 3490 5528">
     <span class='ocr_line' id='line_1_109' title="bbox 1927 5428 3490 5528; baseline -0.018 -16"><span class='ocrx_word' id='word_1_760' title='bbox 1927 5453 2246 5528; x_wconf 78' lang='lat' dir='ltr'><strong>regionibus</strong></span> <span class='ocrx_word' id='word_1_761' title='bbox 2279 5448 2404 5522; x_wconf 61' lang='lat' dir='ltr'><strong>ﬁliis</strong></span> <span class='ocrx_word' id='word_1_762' title='bbox 2453 5446 2680 5506; x_wconf 84' lang='lat' dir='ltr'><strong>docens.</strong></span> <span class='ocrx_word' id='word_1_763' title='bbox 2722 5449 2779 5499; x_wconf 86' lang='lat' dir='ltr'><strong>et</strong></span> <span class='ocrx_word' id='word_1_764' title='bbox 2823 5439 2978 5512; x_wconf 78' lang='lat' dir='ltr'><strong>signa</strong></span> <span class='ocrx_word' id='word_1_765' title='bbox 3029 5433 3239 5491; x_wconf 81' lang='lat' dir='ltr'><strong>faciens</strong></span> <span class='ocrx_word' id='word_1_766' title='bbox 3296 5428 3490 5489; x_wconf 77' lang='lat' dir='ltr'><strong>multa.</strong></span> 
     </span>
    </p>
   </div>
   <div class='ocr_carea' id='block_1_110' title="bbox 1585 5631 2143 5696">
    <p class='ocr_par' dir='ltr' id='par_1_110' title="bbox 1585 5631 2143 5696">
     <span class='ocr_line' id='line_1_110' title="bbox 1585 5631 2143 5696; baseline -0.002 -6"><span class='ocrx_word' id='word_1_767' title='bbox 1585 5633 1789 5694; x_wconf 59' lang='lat' dir='ltr'><strong>Variae</strong></span> <span class='ocrx_word' id='word_1_768' title='bbox 1815 5631 2143 5696; x_wconf 88' lang='lat' dir='ltr'><strong>lectiones.</strong></span> 
     </span>
    </p>
   </div>
   <div class='ocr_carea' id='block_1_111' title="bbox 330 5757 1748 5834">
    <p class='ocr_par' dir='ltr' id='par_1_111' title="bbox 330 5757 1748 5834">
     <span class='ocr_line' id='line_1_111' title="bbox 330 5757 1748 5834; baseline -0.006 -15"><span class='ocrx_word' id='word_1_769' title='bbox 330 5765 445 5832; x_wconf 66' lang='grc' dir='ltr'>(ιι)</span> <span class='ocrx_word' id='word_1_770' title='bbox 469 5766 570 5834; x_wconf 81' lang='lat' dir='ltr'><strong>Ap.</strong></span> <span class='ocrx_word' id='word_1_771' title='bbox 605 5764 956 5834; x_wconf 73' lang='lat' dir='ltr'><strong>Ptolemaeum</strong></span> <span class='ocrx_word' id='word_1_772' title='bbox 981 5762 1047 5818; x_wconf 90' lang='lat' dir='ltr'><strong>de</strong></span> <span class='ocrx_word' id='word_1_773' title='bbox 1079 5764 1186 5818; x_wconf 90' lang='lat' dir='ltr'><strong>situ</strong></span> <span class='ocrx_word' id='word_1_774' title='bbox 1217 5761 1440 5816; x_wconf 67' lang='lat' dir='ltr'><strong>Galatia:</strong></span> <span class='ocrx_word' id='word_1_775' title='bbox 1463 5757 1748 5819; x_wconf 78' lang='grc' dir='ltr'>Ζαλέσκος.</span> 
     </span>
    </p>
   </div>
   <div class='ocr_carea' id='block_1_112' title="bbox 335 5830 910 5900">
    <p class='ocr_par' dir='ltr' id='par_1_112' title="bbox 335 5830 910 5900">
     <span class='ocr_line' id='line_1_112' title="bbox 335 5830 910 5900; baseline -0.007 -9"><span class='ocrx_word' id='word_1_776' title='bbox 335 5830 449 5900; x_wconf 63' lang='grc' dir='ltr'><strong>(ἃ)</strong></span> <span class='ocrx_word' id='word_1_777' title='bbox 493 5830 752 5900; x_wconf 74' lang='grc' dir='ltr'>’Ᾱμινσοῦ</span> <span class='ocrx_word' id='word_1_778' title='bbox 784 5830 910 5888; x_wconf 79' lang='lat' dir='ltr'><strong>Vat.</strong></span> 
     </span>
    </p>
   </div>
   <div class='ocr_carea' id='block_1_113' title="bbox 2006 5740 2646 5823">
    <p class='ocr_par' dir='ltr' id='par_1_113' title="bbox 2006 5740 2646 5823">
     <span class='ocr_line' id='line_1_113' title="bbox 2006 5740 2646 5823; baseline -0.008 -16"><span class='ocrx_word' id='word_1_779' title='bbox 2006 5751 2119 5823; x_wconf 68' lang='lat'><strong>(4&#39;6)</strong></span> <span class='ocrx_word' id='word_1_780' title='bbox 2157 5749 2499 5822; x_wconf 80' lang='grc' dir='ltr'>’Υπήκουσεν</span> <span class='ocrx_word' id='word_1_781' title='bbox 2525 5740 2646 5802; x_wconf 66' lang='grc' dir='ltr'>νει.</span> 
     </span>
    </p>
   </div>
  </div>
