4148 6334
218 382 321 448 2ίὸ

1514 398 1687 480 VlTA
1725 398 1783 456 s.
1824 400 2171 467 ANDHEE.

3325 427 3429 492 246

219 505 387 572 αὐτῆς
447 503 775 573 Ἐςριδαμίαν
824 506 976 577 (45),
1040 509 1217 579 ἱκανὴε
1295 528 1450 564 λυσαν
1504 514 1629 567 ἰδεῖν
1681 518 1774 567 καὶ

1883 514 2167 574 videndum
2223 532 2275 576 et
2313 525 2639 594 loquendum
2676 538 2730 586 et
2769 532 3094 589 audiendum
3127 537 3416 593 Andream.

219 596 446 662 λαλῆσαι
492 596 587 647 καὶ
635 596 867 651 ἀκοῦσαι
912 598 1005 651 τοῦ
1043 601 1310 670 Ἀνδρέου.
1384 601 1622 657 Ελθοῦσα
1655 606 1772 675 δέή

232 685 529 752 Ἐφιδαμία
583 688 886 757 κατήντησε
939 690 1030 742 τὸν
1097 692 1321 759 Σώσιον,
1378 696 1625 764 μαθητὴν
1680 699 1773 749 τοῦ

231 774 512 842 Ἀνδρέου,
539 778 673 845 πρὸς
701 779 758 830 ὃν
791 777 1076 846 ἐξενίζετο.
1098 783 1154 836 Ὀ
1188 784 1241 835 δὲ
1275 785 1585 854 κατήχησεν
1608 787 1778 858 αὐτὴν

216 866 309 916 τὸν
334 865 495 930 λόγον
520 868 612 920 τοῦ
643 869 778 921 Θεοῦ
795 871 905 948 καὶ
941 873 1039 941 τὴν
1069 874 1205 925 ἰδίαν
1238 875 1402 937 ῖασιν,
1434 876 1526 926 καὶ
1557 878 1777 948 εισήγα-

217 972 312 1019 γεν
336 958 510 1027 αὐτὴν
544 961 681 1030 πρὸς
712 940 823 1013 ’τὸνω
845 940 1119 1035 Ἀνδρέαν.
1150 967 1258 1018 Καὶ
1284 968 1521 1032 πεσοῦσα
1553 972 1630 1031 είς
1654 940 1779 1033 τοὺς

218 1045 385 1108 πόδας
424 1049 591 1100 αὐτοῦ
644 1050 843 1119 ἢκουσε
880 1039 1004 1105 τῶν
1032 1054 1205 1121 λόγων
1231 1056 1394 1123 αὑ,τοῦ
1419 1075 1431 1087 ·
1462 1061 1552 1111 καὶ
1596 1062 1776 1131 ἀπήγ-

218 1136 367 1200 γειλε
402 1138 539 1206 πρὸς
576 1140 688 1209 (46)
719 1142 817 1211 τὴν
849 1145 1045 1216 κυρίαν
1076 1147 1272 1215 αὐτῆς.
1309 1150 1424 1202 Μεθ
1444 1150 1455 1169 ‘
1487 1152 1697 1222 ήμέρας
1718 1154 1775 1204 δέ

216 1243 368 1290 τινας
412 1229 679 1301 ἠσθένησε
723 1236 1065 1303 Μαξιμίλλα,
1100 1241 1131 1306 ή
1164 1240 1300 1310 γυνὴ
1328 1242 1421 1294 τοῦ
1446 1244 1775 1299 ἀνθυπάτου.
1804 1302 1807 1307 ν

220 1317 328 1369 Καὶ
357 1321 466 1373 τῶν
520 1322 719 1393 ίατρῶν
763 1327 1160 1398 ἀποκαμόντων
1193 1333 1607 1397 ἁπογνωσθεῖσα
1640 1337 1780 1387 ἀπέ·

220 1413 398 1463 στειλε
444 1414 544 1483 τήν
600 1417 923 1485 Ἐφιδαμίαν
952 1421 1045 1472 καὶ
1090 1422 1478 1490 προσκαλεῖται
1508 1426 1597 1478 τὸν
1664 1427 1781 1480 Ἀν-

215 1494 400 1562 δρέαν.
469 1499 526 1552 'O
578 1502 636 1555 δὲ
684 1505 947 1574 συνῆλθεν
982 1508 1116 1578 αὐτῇ
1175 1510 1313 1579 μετὰ
1354 1512 1463 1565 τῶν
1522 1516 1779 1585 μαθητῶν

178 1618 193 1627 ι
217 1587 407 1639 αὐτοῦ.
446 1591 555 1642 Kal
588 1594 843 1654 εἰσελθὼν
870 1599 949 1657 εἰς
973 1598 1071 1667 τὴν
1120 1601 1294 1653 οἰκίαν
1334 1603 1458 1673 εὗρε
1485 1605 1578 1659 τὸν
1612 1608 1776 1662 ἀνθύο

215 1690 389 1728 πατον
444 1681 751 1747 κρατοῦντα
811 1686 1083 1755 μάχαιραν
1142 1693 1234 1744 καὶ
1293 1694 1643 1765 ἐκδεχόμενον
1689 1700 1779 1751 τὸν

222 1768 457 1824 θάνατον
475 1776 569 1843 τῆς
594 1776 789 1830 ἑαυτοῦ
809 1782 1084 1845 γυναικὸς,
1116 1782 1435 1852 βουλόμενον
1456 1790 1567 1853 (47)
1587 1791 1776 1844 ἑαυτὸν

214 1860 461 1928 ἀνελεῖν,
541 1864 965 1939 συνθνηξὸμενοῖι
1046 1874 1220 1945 αὐτῇ.
1280 1877 1335 1930 Ὀ
1398 1879 1455 1931 δέ
1503 1880 1775 1952 ιἈνδρέας

214 1952 419 2020 πραείᾳ
462 1954 533 2023 ’τῇ
585 1961 732 2026 φωνῇ
792 1955 911 2012 εἷπε
974 1962 1108 2031 πρὸς
1165 1966 1362 2018 αὐτόν·
1409 1968 1776 2041 ’Δπόστρεψον

212 2040 312 2108 τὴν
368 2043 671 2113 μάχαιραν.
706 2048 917 2113 τέκνον,
972 2055 1051 2115 είς
1108 2055 1200 2108 τὸν
1256 2059 1421 2109 τόπον
1463 2059 1652 2130 αὐτῆς,
1685 2040 1779 2115 καὶ

214 2131 545 2186 ἐπικάλεσαι
582 2138 786 2205 Κύριον
836 2140 928 2193 τὸν
958 2142 1088 2196 Θεὸν
1133 2145 1225 2197 τοῦ
1273 2148 1506 2215 οὐρανοῦ
1538 2151 1630 2205 καὶ
1678 2153 1778 2220 τῆς

214 2219 315 2288 γῆς
356 2224 653 2288 πιστεύσας
702 2230 872 2298 αὐτῷ.
934 2233 1267 2303 Ἐπετίμησε
1324 2238 1380 2290 δὲ
1433 2240 1512 2308 τῷ
1561 2246 1779 2315 πυρετῷ

215 2309 390 2377 λέγων
409 2326 425 2343 ο
471 2315 763 2386 Ἀπόστηθι
787 2320 880 2372 ἀπ’
898 2321 1095 2391 αὐτῆς,
1120 2325 1147 2377 ὁ
1171 2328 1422 2394 πυρετός.
1448 2329 1557 2383 Καὶ
1580 2309 1777 2403 ιτὲέθηζ

216 2416 313 2453 κεν
347 2405 452 2454 ἐπ’
480 2407 615 2476 αὺτῇ
650 2409 749 2471 τὰς
786 2413 997 2480 χεῖρας,
1032 2416 1123 2468 καὶ
1153 2418 1357 2482 εὐθέως
1392 2421 1651 2491 ἵδρωσεν·
1684 2429 1779 2479 καὶ

220 2508 323 2587 Est
338 2494 351 2511 ‘
366 2493 546 2587 ὀλίγον
571 2498 802 2570 ἐζήτησε
824 2491 1041 2573 φαγεῖν,
1068 2508 1161 2560 καὶ
1182 2513 1523 2582 παραχρῆμα
1545 2515 1775 2587 ἠγέρθη.

220 2580 392 2634 Τοῦτο
471 2584 852 2669 θεωρήσαντες
925 2594 1111 2649 πολλοὶ
1184 2580 1534 2658 ἐπίστευσαν.
1725 2580 1780 2659 δὲ

216 2670 495 2744 Αίγεάτης
538 2676 613 2740 ὡς
639 2681 820 2750 ,ἰατρῷ
868 2688 1127 2756 προσεῖχε
1163 2688 1242 2758 τῷ
1286 2691 1545 2763 ’Δνδρέᾳο
1576 2691 1641 2767 ἦν
1674 2699 1780 2768 γὰρ

222 2762 446 2835 Ἕλλην,
482 2772 574 2821 καὶ
611 2773 709 2835 οὐκ
739 2774 899 2843 ήθελε
927 2778 1018 2830 τὸν
1058 2780 1217 2844 λόγον
1246 2783 1339 2835 τοῦ
1365 2762 1501 2839 Θεοῦ
1541 2762 1778 2845 ἀκούειν.

1879 607 2079 664 Abiens
2112 622 2289 668 autem
2316 614 2629 685 Ephidamia
2684 624 2923 678 occurrit
2980 626 3159 688 Sosio,
3205 630 3428 684 Andreae

1881 701 2167 771 discipulo,
2205 711 2345 775 apud
2369 725 2526 778 quem
2552 711 2952 783 ltospitabatur.
2975 717 3078 783 Qui
3112 718 3428 773 docuiteam

1883 794 2100 847 verbum
2138 794 2251 859 Dei,
2289 804 2343 851 et
2385 800 2656 868 propriam
2701 807 3061 871 curationem,
3116 818 3170 861 et
3206 808 3431 861 adduxit

1880 899 1995 936 eam
2027 885 2091 938 ad
2124 887 2494 945 André‘am.Et
2525 895 2807 962 procldens
2840 899 2906 953 ad
2939 900 3100 967 pedes
3156 900 3294 967 ejus,
3325 915 3434 953 au-

1883 978 2014 1030 divit
2052 980 2207 1033 verba
2243 980 2409 1048 illius,
2462 993 2514 1037 et
2560 988 2828 1042 nuntiavit
2866 989 3093 1044 dominae
3126 1006 3255 1045 suae.
3304 990 3432 1044 Post

1882 1071 1995 1123 dies
2032 1073 2257 1140 aliquot,
2295 1074 2565 1130 infirmata
2593 1090 2675 1132 est
2700 1081 2991 1136 Maximilla
3025 1099 3157 1137 uxor
3205 1099 3435 1150 prmon-

1882 1162 2039 1213 sulis.
2068 1161 2131 1214 Et
2165 1165 2389 1220 medicis
2425 1166 2661 1222 laborem
2700 1174 3097 1234 recusantibus,
3133 1174 3309 1227 sciens
3343 1174 3430 1225 illa

1884 1253 2033 1306 misit
2098 1253 2492 1324 Ephidamiam,
2558 1266 2609 1312 et
2654 1260 2929 1317 advocavit
2982 1265 3269 1319 Andream.
3329 1264 3432 1330 Qui

1892 1341 2031 1394 venit
2060 1343 2124 1395 ad
2157 1359 2273 1418 eam
2320 1361 2442 1400 cum
2476 1347 2760 1417 discipulis
2812 1351 2945 1405 suis.
3002 1352 3065 1404 Et
3126 1342 3435 1421 ingrediens

1884 1430 2125 1493 domum,
2188 1434 2388 1490 invenit
2433 1442 2810 1505 proconsulem
2860 1449 3125 1495 tenentem
3173 1443 3430 1510 gladium,

1883 1530 1936 1574 et
1994 1532 2394 1591 exspectantem
2454 1528 2636 1583 uxoris
2692 1544 2803 1583 suae
2861 1531 3108 1595 obitum,
3169 1533 3433 1586 volentem

1884 1613 2120 1679 seipsum
2186 1616 2510 1679 interficere,
2566 1622 3011 1675 commoriturum
3060 1622 3132 1676 ei.
3189 1622 3431 1688 Andreas

1883 1713 2059 1756 autem
2120 1707 2349 1775 ben’gua
2403 1723 2531 1763 voce
2573 1710 2708 1764 dixit
2740 1715 2787 1765 ei
2824 1728 2839 1764 :
2875 1712 3142 1767 Converte
3173 1712 3431 1781 gladium,

1884 1792 1977 1855 fili,
2017 1794 2067 1846 in
2095 1794 2268 1847 locum
2303 1806 2555 1859 suum,et
2588 1800 2776 1855 invoca
2809 1800 2974 1855 Deum
3023 1802 3143 1855 ειεῐί
3176 1813 3228 1855 et
3272 1810 3436 1855 terra:

1881 1881 2105 1934 credens
2158 1882 2230 1936 ei.
2260 1882 2748 1943 Comminatuscst
2798 1896 2978 1943 autem
3026 1888 3159 1944 febri
3199 1876 3432 1944 dicens:

1880 1967 2087 2023 Recede
2118 1971 2185 2023 ab
2220 1986 2303 2034 ea,
2350 1973 2535 2028 febris.
2592 1974 2657 2028 Et
2705 1978 2960 2045 imposuit
2994 1978 3067 2031 illi
3118 1994 3333 2041 manus,
3384 1989 3438 2033 et

1881 2059 2063 2111 statim
2115 2061 2361 2125 sudavit,
2423 2070 2477 2117 et
2530 2073 2653 2132 post
2707 2067 3098 2134 aliquantulum
3145 2070 3438 2136 postulavit

1881 2148 2084 2211 cibum,
2111 2159 2163 2203 et
2194 2149 2480 2206 confestim
2508 2156 2767 2209 surrexit.
2807 2155 3241 2220 Quod-videntes
3286 2159 3438 2212 multi

1882 2239 2253 2295 crediderunt.
2288 2241 2543 2311 Egeates
2570 2256 2746 2299 autem
2792 2247 3025 2301 accessit
3070 2248 3132 2301 ad
3171 2247 3439 2302 Andream

1882 2334 2028 2385 velut
2054 2332 2119 2385 ad
2151 2332 2455 2397 medicum;
2487 2346 2604 2387 erat
2646 2336 2786 2389 enim
2836 2337 3077 2401 Graecus,
3130 2347 3182 2390 et
3223 2337 3444 2391 nolebat

1883 2422 2071 2475 audire
2100 2412 2323 2478 verbum
2380 2422 2495 2479 Dei.
2558 2425 2726 2479 Dabat
2754 2436 2933 2481 autem
2982 2428 3032 2481 ei
3087 2430 3245 2496 quasi
3298 2427 3444 2481 mille

1884 2524 2079 2564 aureos
2120 2509 2306 2565 dicens
2338 2529 2351 2564 :
2390 2512 2589 2579 Accipe
2621 2512 2927 2589 mercedem
2963 2524 3137 2568 tuam.
3184 2515 3287 2580 Qui
3336 2530 3442 2569 non

1884 2602 2093 2671 accepit
2144 2604 2334 2658 dicens
2381 2621 2393 2657 :
2446 2602 2552 2659 Nos
2600 2604 2797 2659 donum
2853 2607 3188 2675 accepimus,
3241 2606 3441 2661 donum

1883 2696 2108 2763 damus;
2143 2695 2238 2749 sed
2276 2696 2454 2763 potius
2493 2695 2626 2749 oﬂ‘er
2661 2697 2890 2764 teipsum
2925 2696 3056 2761 Deo,
3091 2697 3135 2750 si
3172 2706 3345 2766 potes.
3378 2696 3447 2760 Et

1884 2784 2012 2839 inde
2069 2794 2356 2847 exeuntes,
2410 2786 2698 2853 portabant
2754 2788 3067 2853 Andream,
3127 2797 3244 2843 erat
3301 2789 3442 2844 enim

232 2844 441 2909 Ἐδίδου
471 2859 527 2911 δὲ
568 2863 716 2932 αὑτῴ
752 2863 828 2924 ὡς
873 2866 1078 2934 χιλίους
1131 2872 1364 2939 χρυσοῦς
1387 2875 1557 2930 εἰπών
1586 2895 1602 2909 ⁸
1637 2844 1780 2936 Arios

1887 2890 2075 2931 senex.
2103 2873 2171 2927 Et
2202 2844 2661 2943 vidit-quemdam
2706 2876 2760 2929 in
2803 2877 3009 2946 porticu
3059 2879 3353 2947 iacentem,
3392 2886 3450 2933 et

219 2945 313 2998 τὸν
363 2949 555 3016 μισθόν
601 2970 717 3009 σου,
766 2954 824 3009 '0
852 2957 909 3010 δὲ
943 2958 1042 3012 οὐκ
1078 2961 1379 3027 ἀπεδέξατο
1420 2966 1532 3038 (48)
1572 2972 1741 3025 εἰπών
1765 2990 1780 3007 ·

1887 2967 2284 3038 eleemosynam
2316 2973 2612 3036 petentem,
2644 2975 2696 3022 et
2738 2945 2977 3037 tempora
3029 2945 3198 3024 multa
3247 2969 3445 3026 haben~

230 3037 427 3108 Ἡμεῖς
472 3042 680 3113 δωρεὰν
725 3046 1032 3117 ἐλάϐομεν,
1091 3053 1299 3125 δωρεὰν
1332 3037 1567 3129 δίδομεν.
1602 3064 1779 3134 Προσ-

1894 3069 1997 3113 tem
2056 3037 2135 3111 in,
2170 3056 2424 3128 paralysi.
2462 3056 2527 3111 Et
2583 3057 2657 3111 ait
2710 3058 2784 3111 illi
2832 3058 3123 3114 Andreas:
3166 3059 3328 3114 Sanat
3390 3073 3442 3115 te

221 3130 416 3199 ἐνεγκε
481 3136 537 3188 δὲ
576 3138 799 3207 μᾶλλον,
858 3145 906 3195 εί
960 3143 1213 3211 δύνασαι,
1258 3154 1484 3207 σεαυτὸν
1525 3155 1604 3225 τῷ
1645 3130 1780 3228 θεῷ.

1890 3147 2349 3203 JesusChristus.
2376 3146 2443 3205 Et
2462 3147 2692 3216 praebuit
2717 3148 2790 3201 illi
2840 3164 3098 3215 manum;
3151 3149 3441 3207 confestim

234 3222 481 3276 Ἐκεῖθέν
513 3231 569 3279 τε
598 3227 907 3293 ἐξελθόντες
943 3233 1329 3302 ὑπεϐἀσταζον
1356 3240 1449 3292 τὸν
1484 3222 1745 3314 Ἀνδρέαν
1769 3261 1780 3275 ·

1891 3248 2070 3294 autem
2102 3254 2266 3295 sanus
2297 3238 2473 3293 factus
2499 3250 2583 3294 εει
2612 3238 2713 3303 vir,
2735 3246 2791 3293 et
2816 3240 3070 3295 currebat
3090 3255 3186 3321 per
3212 3242 3442 3297 mediam

221 3309 292 3382 ἦν
323 3316 456 3415 γὰρ.
486 3320 822 3415 πρεσὸύτῇης.
859 3326 971 3377 Καὶ
1023 3328 1128 3397 ὁρᾷ
1159 3346 1280 3383 τινα
1316 3333 1396 3394 είς
1430 3332 1521 3387 τὸν
1555 3309 1780 3403 ἔμϐολον

1892 3328 2183 3395 civitatem,
2246 3328 2540 3384 ostendens
2599 3328 2838 3401 seipsum
2883 3337 2935 3382 et
2977 3309 3211 3385 laudans
3252 3329 3441 3385 Deum.
3498 3404 3502 3415 ι

221 3404 622 3475 κατακείμενον
657 3408 753 3460 xal
778 3413 1206 3480 προσαιτοῦντα,
1234 3417 1384 3480 ὅστις
1407 3415 1520 3489 εἶχε
1562 3423 1780 3493 χρόνους

1890 3421 1956 3476 Ει
1992 3420 2290 3491 procedens
2314 3420 2460 3486 inde,
2488 3419 2625 3474 vidit
2656 3419 2929 3474 hominem
2956 3433 3078 3474 cum
3114 3421 3342 3476 muliere
3387 3433 3443 3477 et

222 3492 453 3556 πολλοὺς
492 3496 890 3565 παραλυτικῶς
924 3500 1058 3571 (49).
1096 3504 1206 3555 Kal
1245 3505 1394 3574 λέγει
1423 3492 1625 3578 aeros
1665 3513 1780 3567 ’Δν-

1888 3496 2057 3583 puero
2082 3526 2272 3567 caecos.
2302 3511 2369 3566 Et
2404 3510 2573 3581 tetigit
2595 3510 2782 3568 oculos
2809 3525 3018 3576 eorum,
3053 3521 3106 3566 et
3139 3512 3246 3567 cito
3296 3513 3446 3569 vide-

222 3582 384 3649 δρέας
410 3601 424 3614 ·
472 3585 642 3639 Ἰἂταί
676 3604 735 3640 σε
775 3590 983 3656 Ἰησοῦς
1032 3595 1060 3646 ὁ
1112 3596 1368 3663 Χριστός.
1436 3600 1545 3652 Kal
1583 3602 1785 3657 ἔδωκεν

222 3671 373 3743 αὐτῷ
414 3676 571 3744 χεῖρα
593 3693 608 3707 ο
644 3678 849 3743 εὐθέως
876 3680 933 3734 δὲ
980 3682 1202 3751 ἐγένετο
1238 3687 1401 3756 ὑγιὴς
1425 3691 1450 3742 ὁ
1477 3689 1781 3759 ἅνθρωπος,

221 3766 315 3817 καὶ
338 3766 530 3837 ἔτρεχε
566 3768 654 3821 διὰ
702 3773 888 3839 μέσης·
911 3773 1009 3843 τῆς
1032 3774 1263 3841 πόλεως,
1287 3778 1554 3833 δεικνύων
1590 3784 1783 3837 ἐαυτὸν

218 3856 317 3906 καὶ
368 3855 610 3921 δοξάζων
659 3859 751 3912 τὸν
798 3859 952 3916 Θέον.
983 3863 1095 3917 Καὶ
1149 3866 1359 3936 προΰᾲς
1405 3869 1613 3924 ἐκεῖθεν
1650 3867 1785 3925 εἶδεν

217 3946 388 4016 ἄνδρα
444 3951 581 4017 μετὰ
636 3951 898 4017 γυναικὸς
964 3955 1060 4007 καὶ
1104 3956 1317 4010 παιδίου
1372 3959 1626 4027 τυφλούς.
1679 3964 1786 4016 Kal

221 4037 399 4108 ἥψατο
430 4040 536 4091 τῶν
558 4040 859 4112 ὀφθαλμῶν
884 4044 1089 4112 αὐτῶν,
1120 4048 1212 4100 καὶ
1238 4048 1441 4113 εὐθέως
1463 4050 1782 4120 ἀνέϐλεψαν,

220 4132 318 4183 καὶ
351 4130 682 4200 ἠκολούθουν
710 4133 858 4204 αὐτῷ
877 4136 1191 4202 δοξάζοντες
1218 4140 1312 4192 καὶ
1339 4141 1783 4212 εὐχαριστοῦντες

220 4219 313 4271 τὸν
372 4221 527 4276 Θεόν.
569 4224 919 4293 Θεωροῦντες
983 4227 1041 4281 δέ
1088 4230 1136 4281 oi
1194 4229 1341 4299 ὄχλοι
1391 4232 1785 4303 ἐξεπλήσσοντο

219 4312 625 4381 θαυμάζοντες,
682 4318 778 4370 καὶ
808 4318 997 4372 πολλοὶ
1032 4320 1340 4379 ἐπίστευον.
1383 4324 1493 4377 Kal
1530 4341 1782 4396 παρακα-

218 4402 401 4456 λοῦσιν
453 4406 613 4458 αὑτὸν
646 4409 903 4462 ἀπελθεῖν
942 4413 1023 4474 εἰς
1048 4412 1146 4464 τὸν
1186 4413 1398 4483 λιμένα,
1429 4415 1510 4467 ὅτι
1541 4432 1623 4495 τις
1663 4417 1771 4470 τῶν

1889 3609 2045 3666 runt,
2096 3610 2151 3657 et
2206 3600 2575 3672 sequebantur.
2619 3614 2740 3655 eum
2803 3600 3088 3657 laudantes
3136 3602 3303 3657 Deum
3331 3645 3345 3670 ,
3390 3615 3447 3660 et

1888 3691 2091 3766 gratias
2122 3692 2198 3747 illi
2249 3701 2492 3772 agentes.
2528 3689 2783 3747 Videntes
2835 3686 3015 3747 autem
3064 3694 3239 3749 turbae
3284 3709 3439 3750 com-

1889 3794 2047 3837 motae
2090 3792 2221 3840 sunt
2262 3780 2614 3847 admirantes,
2668 3788 2725 3836 et
2770 3781 2925 3836 multi
2960 3782 3327 3838 crediderunt.
3374 3785 3444 3840 Et

1891 3879 2051 3927 orant
2081 3885 2206 3928 eum
2238 3879 2298 3927 ut
2328 3871 2397 3926 ad
2428 3878 2643 3941 portum
2693 3872 2894 3936 veniat,
2921 3872 3046 3941 quia
3092 3888 3235 3929 unus
3278 3888 3449 3931 senex

1890 3964 2089 4019 nobilis
2122 3964 2270 4033 lepra
2303 3959 2655 4025 afficiebatur.
2685 3971 2741 4018 et
2777 3977 2888 4019 non
2919 3964 3161 4021 ferentes
3186 3964 3437 4020 faetorem

1886 4053 2027 4123 ejus,
2055 4061 2353 4123 posuerunt
2389 4068 2511 4107 eum
2550 4066 2716 4123 super
2750 4060 2964 4110 stercus
2995 4072 3011 4112 :
3039 4062 3093 4110 et
3143 4070 3301 4110 nemo
3345 4071 3442 4127 po-

1885 4151 1992 4197 test
2044 4142 2479 4212 appropinquare
2530 4141 2604 4205 ei,
2667 4142 2763 4198 sed
2822 4143 3040 4213 quando
3102 4144 3345 4207 afferunt
3388 4150 3438 4201 ei

1887 4233 2093 4296 cibum,
2120 4246 2316 4287 nasum
2353 4238 2623 4298 tenentes,
2680 4234 2843 4294 citius
2885 4234 3158 4291 recedent.
3205 4238 3441 4293 Audiens

1887 4322 2003 4377 haec
2033 4320 2301 4384 Andreas,
2323 4328 2377 4376 et
2409 4321 2781 4379 misericordia
2805 4332 3004 4389 motus,
3024 4326 3157 4380 abiit
3185 4326 3250 4381 ad
3275 4342 3395 4382 eum
3424 4346 3437 4392 ;

1889 4414 2061 4470 secuti
2091 4422 2220 4469 sunt
2248 4420 2427 4469 autem
2462 4422 2516 4468 et
2545 4414 2636 4493 alii
2676 4414 2831 4470 multi
2867 4431 2933 4470 ex
2970 4417 3145 4485 plebe.
3196 4420 3437 4474 Andreas

218 4494 465 4564 ἀρχαίων
498 4497 728 4568 εὐγενὴς
773 4494 1058 4572 ἐλεπρώθη
1082 4519 1096 4533 ·
1124 4505 1220 4557 καὶ
1263 4506 1337 4575 μή
1392 4506 1653 4575 φέροντες
1682 4508 1780 4579 τήν

1887 4504 2154 4562 accedens
2191 4505 2257 4561 ad
2292 4520 2416 4561 eum
2450 4503 2628 4562 dixit:
2659 4507 2826 4562 Sanat
2865 4516 2917 4562 te
2966 4508 3126 4564 Jesus
3163 4508 3433 4566 Christus.

218 4586 482 4640 δυσωδίαν
508 4589 672 4643 αὐτοῦ
697 4590 903 4661 ἔθηκαν
929 4593 1092 4645 αὐτὸν
1123 4596 1217 4648 ἐπὶ
1248 4595 1346 4664 τῆς
1374 4598 1607 4666 κοπρίας
1633 4614 1646 4628 °
1687 4601 1780 4653 καὶ

1883 4611 2065 4669 surge.
2097 4596 2163 4652 Et
2213 4597 2505 4655 confestim
2560 4599 2796 4673 surrexit
2822 4613 3009 4655 sanus.
3042 4599 3108 4653 Et
3162 4601 3437 4671 accipiens

218 4676 396 4739 οὐδεὶς
435 4678 583 4749 αὐτῷ
617 4679 914 4751 πλησιάσαι
955 4681 1201 4750 δύναται,
1227 4684 1358 4738 ἀλλ’
1386 4686 1514 4739 ὅταν
1541 4689 1780 4760 προσφέ-

1883 4704 2004 4744 eum
2032 4690 2163 4743 lavit
2190 4689 2244 4743 in
2273 4689 2449 4756 mari;
2481 4699 2533 4746 et
2557 4690 2699 4744 facta
2726 4699 2809 4747 est
2830 4705 2958 4746 caro
2976 4691 3092 4760 ejus
3131 4694 3276 4747 sicut
3302 4708 3428 4747 caro

223 4783 392 4836 ρωσιν
423 4768 570 4837 αὑτῷ
598 4768 697 4838 τὴν
736 4770 967 4840 τροφὴν,
988 4772 1103 4835 τὰς
1134 4774 1287 4843 ῥῖνας
1315 4775 1495 4829 αὐτῶν
1522 4778 1780 4846 κρατοῦν-

1883 4780 2092 4851 parvuli
2122 4788 2176 4835 et
2205 4782 2495 4837 mundatus
2540 4790 2643 4837 est.
2694 4782 2941 4838 Andreas
2989 4793 3165 4838 autem
3218 4784 3293 4837 ait
3336 4784 3383 4839 ei
3420 4804 3432 4837 :

221 4875 335 4923 τες,
404 4862 618 4932 ταχέως
663 4861 1065 4935 ἀναχωροῦσιν.
1121 4864 1387 4930 ’Δκούσας
1446 4866 1504 4920 δέ
1548 4866 1722 4927 ταῦτα
1754 4871 1780 4922 ὁ

1883 4871 2170 4947 Circumda
2201 4871 2299 4927 tibi
2342 4872 2721 4927 vestimentum
2744 4881 2922 4942 tuum,
2957 4882 3010 4929 et
3044 4875 3198 4929 ablue
3246 4875 3433 4944 culpas

233 4950 485 5023 ’Δνδρέας
532 4957 632 5007 καὶ
677 4956 1095 5027 σπλαγχνισθεὶς
1155 4956 1367 5025 ἀπῆλθε
1408 4959 1543 5027 πρὸς
1574 4959 1769 5013 αὐτόν’

1883 4968 2007 5015 tuas
2033 4959 2260 5016 credens
2287 4958 2524 5016 Christo.
2567 4960 2632 5016 Et
2656 4963 2978 5033 baptizatus,
3007 4964 3209 5034 gratias
3242 4976 3430 5032 agens,

229 5045 491 5114 συνῆλθον
546 5047 605 5100 δὲ
662 5050 758 5103 καὶ
798 5036 947 5104 ἄλλοι
1003 5051 1067 5103 ἐκ
1117 5049 1212 5103 τοῦ
1254 5049 1382 5103 λαοῦ
1435 5050 1640 5107 πολλοί.
1712 5052 1768 5105 '0

1883 5060 2103 5107 secutus
2135 5059 2220 5107 est
2256 5066 2403 5134 eum.
3274 5134 3279 5138 ~

220 5135 280 5191 δδ
327 5137 581 5208 Ἀνδρέας
625 5142 854 5209 ἐγγίσας
902 5143 1051 5217 αὒτῷ
1083 5147 1249 5217 λέγει’
1303 5150 1473 5203 ’ἰᾶταί
1535 5168 1595 5204 σε
1634 5149 1842 5221 Ἰησοῦς
1902 5153 1931 5205 ὁ
1968 5150 2205 5221 Χριστός
2234 5166 2247 5181 ·
2303 5153 2531 5207 ἀνάστα.
2579 5152 2686 5205 Kal
2756 5151 2957 5215 εὐθέως
3011 5152 3207 5219 ἀνέστη
3249 5135 3425 5221 ὗγιής.

223 5231 332 5287 Kal
414 5234 694 5303 κρατήσας
763 5238 929 5292 αὐτὸν
1000 5239 1219 5295 ἔλουσεν
1282 5244 1361 5305 είς
1426 5244 1525 5312 τὴν
1599 5245 1875 5299 θάλασσαν
1914 5260 1929 5277 ·
1988 5244 2083 5299 καὶ
2139 5236 2353 5314 ἐγένετο
2406 5247 2439 5313 ἠ
2496 5243 2634 5313 σὰρξ
2694 5244 2860 5300 αὑτοῦ
2896 5305 2898 5308 .
2931 5245 3063 5299 ὡσεὶ
3137 5241 3424 5312 παιδαρίου

229 5324 445 5399 μικροῦ,
474 5325 571 5380 καὶ
592 5328 951 5403 ἐκαθαρίσθη.
969 5333 1028 5386 Ὅ
1054 5333 1111 5387 δέ
1131 5326 1390 5405 π’Δνδρέας
1416 5330 1571 5390 εἶπεν
1591 5337 1741 5405 αὐτῷ
1790 5354 1803 5367 ’
1848 5334 2152 5407 Περιϐαλοῦ
2184 5335 2245 5389 τὸ
2276 5334 2486 5404 ἱμάτιόν
2515 5350 2610 5387 σου
2644 5337 2736 5389 καὶ
2763 5335 3054 5393 ἀπόλουσαι
3084 5333 3181 5399 τὰς
3245 5333 3421 5405 ἀμαρ-

223 5416 342 5484 τίας
365 5436 482 5485 σου,
520 5420 899 5486 πεπιστευκὼς
923 5424 1002 5495 τῷ
1043 5425 1288 5497 Χριστῷ.
1317 5428 1426 5481 Καὶ
1453 5428 1769 5497 βαπτισθεὶς
1807 5428 2150 5497 εὐχαριστῶν
2185 5424 2494 5497 ᾐκολούθει.

1550 5542 1746 5604 Variae
1775 5542 2101 5605 lectiones.

296 5662 407 5730 (45)
448 5659 517 5714 Et
542 5656 815 5727 Ἐφιδάμα
865 5666 917 5711 et
956 5654 1243 5728 Ἐφιδαμία
1276 5660 1330 5717 in
1392 5663 1510 5718 cod.
1574 5662 1777 5717 nuncu-

1954 5660 2064 5748 ttZ).
2094 5659 2415 5748 βξυὲάμξνος
2438 5660 2567 5748 Yet;

228 5741 405 5871 p.225;
442 5797 585 5871 Πρὸς
607 5797 915 5857 addendum
951 5810 1092 5860 erat.
1116 5800 1235 5859 Non
1271 5810 1355 5860 est
1388 5802 1445 5859 in
1474 5803 1597 5861 cod.

1955 5727 2054 5799 (ιε’
2100 5732 2159 5782 ’0
2184 5730 2237 5782 δὲ
2263 5727 2325 5783 οὐ
2358 5731 2678 5797 κατεδέξατο
2714 5727 2839 5786 ναι.

1954 5740 2067 5871 (ιθζ
2100 5800 2471 5870 Παραλυτικάς
2501 5798 2625 5856 Vat.

296 5800 405 5872 (ιϐ)
442 5797 585 5872 Πρὸς
607 5797 915 5857 addendum
951 5810 1092 5860 erat.
1116 5800 1235 5859 Non
1271 5810 1355 5860 est
1388 5802 1445 5859 in
1474 5803 1597 5861 cod.

1954 5797 2066 5871 (49)
2100 5800 2471 5870 Παραλυτικάς
2501 5798 2625 5856 Vat.
