4148 6334
674 382 769 445 2νί

1938 373 2339 438 ΕΡιΡΗΑΝ-Ιι
2377 374 2715 436 MONACH.’

3818 380 3937 445 ω

748 500 994 573 Vulgatis
1032 509 1212 559 autem
1262 502 1349 557 bis
1404 500 1663 572 prodigiis
1716 498 1895 565 factis,
1931 509 1987 556 et
2037 499 2107 553 iis
2142 496 2235 567 qui

2410 495 2720 565 Διαϐοήτων
2770 493 2862 551 οῦν
2911 498 3092 552 αὐτῶν
3136 500 3245 555 τῶν
3298 501 3587 572 θαυμάτων
3634 496 3789 573 [τῶν]
3826 516 3927 570 γε-

676 599 857 653 sanati
905 602 1064 651 erant
1107 595 1475 651 clamantibus
1548 593 1615 648 in.
1666 592 1923 648 universa
1960 590 2250 646 Patrarum

676 688 893 743 Achaia;
926 689 1170 757 civitate,
1195 701 1247 745 et
1271 688 1322 743 in
1352 691 1501 743 omni
1529 676 1755 757 regione
1785 686 1898 748 illa,
1950 684 2252 741 attulerunt

678 777 726 831 ei
766 778 1133 835 damoniacos
1195 787 1247 833 et
1277 777 1563 841 inﬁrmos;
1602 777 1934 832 ettverbum
1970 771 2252 831 charitatis

679 878 1001 926 contestans
1029 872 1131 933 eis,
1167 877 1224 924 et
1258 868 1485 935 docens,
1518 869 1871 925 invocatione
1914 866 2123 924 Christi
2157 878 2249 920 sa-

679 963 831 1017 navit
854 976 1068 1017 omnes.
1094 959 1500 1016 Subvertebant
1525 968 1706 1015 autem
1726 960 1928 1031 templa
1954 959 2246 1019 idolorum,

676 1064 732 1109 et
782 1053 1145 1110 conterebant
1202 1061 1415 1108 statuas
1472 1068 1671 1109 aureas
1725 1061 1781 1108 et
1832 1060 2141 1122 argenteas,
2195 1055 2249 1101 et

676 1145 848 1200 libros
874 1144 1260 1201 incendebant.
1300 1143 1369 1198 Et
1419 1144 1640 1201 divitias
1694 1146 1895 1199 multas
1950 1140 2250 1196 attulerunt

675 1236 744 1291 ad
776 1237 1075 1301 Andream,
1116 1238 1209 1307 qui
1267 1252 1366 1308 per
1422 1252 1619 1294 manus
1664 1236 2059 1305 discipulorum
2110 1232 2249 1287 divi-

674 1325 836 1381 debat
861 1342 955 1382 eas
985 1326 1251 1396 orphanis
1280 1337 1335 1382 et
1365 1327 1570 1393 viduis,
1627 1337 1681 1381 et
1734 1328 1789 1381 in
1836 1323 2247 1381 aedificationem

672 1420 1067 1488 ecclesiarum;
1105 1430 1164 1476 et
1198 1420 1336 1475 nihil
1361 1435 1549 1477 earum
1603 1422 1738 1490 ipsis
1771 1433 1910 1489 opus
1950 1426 2093 1480 erat,
2144 1415 2257 1469 nisi

673 1511 821 1579 quod
851 1520 998 1571 esset
1034 1513 1431 1568 necessarium.
1470 1512 1721 1568 Tradidit
1760 1521 1940 1566 autem
1987 1509 2070 1564 eis
2114 1505 2248 1561 Tes-

672 1613 979 1659 tamentum
1016 1603 1187 1660 Vetus
1216 1611 1273 1659 et
1302 1604 1656 1675 Evangelium
1687 1620 1702 1668 ;
1750 1610 1804 1657 et
1839 1611 2123 1672 postquam
2160 1613 2248 1653 or-

672 1696 921 1751 dinasset
950 1697 1030 1753 eis
1065 1697 1376 1752 sacerdotes
1401 1704 1453 1749 et
1472 1693 1757 1759 diaconos,
1778 1690 2245 1760 jussitecclesiam

672 1787 791 1842 fieri
832 1803 1106 1856 magnam,
1135 1788 1403 1842 mandans
1438 1794 1501 1840 ut
1555 1786 1611 1839 in
1636 1786 1808 1840 muris
1841 1782 2248 1839 describeretur

2356 585 2597 657 νομένων
2626 591 2717 645 καὶ
2766 590 2877 645 τῶν
2904 591 3163 647 ἰαθέντων
3193 592 3441 664 βοώντων
3481 596 3539 649 ἐν
3564 595 3767 658 πάσαις
3805 595 3937 656 ταῖς

2353 680 2599 751 Πάτραις
2624 683 2724 752 τῆς
2752 685 2974 755 Ἀχαΐας
2996 685 3091 739 καὶ
3121 685 3178 738 ἐν
3202 685 3299 756 ὅλῃ
3331 690 3397 757 τῇ
3420 689 3489 758 γῇ
3520 686 3730 759 ἐκείνῃ,
3756 701 3931 757 προσ-

2351 771 2549 842 έφερον
2577 774 2726 845 αύτῷ
2750 778 2877 839 τοὺς
2908 775 3307 847 δαιμονῶντας
3361 778 3456 830 καὶ
3502 777 3869 839 ἀσθενοῦντας
3899 791 3915 807 ⁶

2352 865 2447 919 καὶ
2468 867 2557 920 τὸν
2581 868 2743 935 λόγον
2776 870 2877 939 τῆς
2917 871 3143 940 χάριτος
3188 869 3701 941 διαμαρτυρόμενος
3738 870 3927 932 αὐτοῖς

2352 962 2447 1013 καὶ
2500 962 2779 1032 κατηχῶν,
2831 965 2898 1032 τῇ
2956 962 3239 1031 ἐπικλήσει
3287 961 3379 1015 τοῦ
3426 962 3675 1032 Χριστοῦ
3714 962 3928 1025 πάντας

2354 1052 2489 1105 ἰᾶτο.
2544 1053 2925 1123 Κατέπρεφον
2978 1053 3036 1105 δὲ
3097 1054 3224 1115 τοὺς
3274 1055 3436 1117 ναοὺς
3496 1044 3605 1108 τῶν
3654 1053 3924 1117 εἰδώλων,

2350 1145 2445 1196 καί
2478 1142 2781 1199 κατέκλαον
2810 1144 2877 1196 τὰ
2909 1144 3073 1206 ξόανα
3108 1144 3176 1198 τὰ
3196 1146 3375 1213 χρυσᾶ
3421 1146 3516 1199 καὶ
3544 1148 3784 1216 ἀργυρᾶ,
3828 1146 3925 1199 καὶ

2350 1236 2648 1289 κατέκαιον
2678 1240 2777 1299 τὰς
2806 1234 3045 1306 βίϐλους.
3080 1237 3191 1291 Καὶ
3227 1236 3397 1290 πολλά
3421 1239 3683 1307 χρήματα
3715 1237 3923 1307 προσέο

2350 1344 2517 1399 φερον
2546 1328 2624 1397 τῷ
2671 1327 2894 1398 Ἀνδρέᾳ
2925 1344 2939 1358 ·
2970 1329 2998 1381 6
3043 1328 3100 1381 δὲ
3137 1311 3233 1382 ⁹διὰ
3277 1327 3385 1380 τῶν
3437 1326 3697 1397 μαθητῶν
3743 1328 3939 1381 ἐδίδουν

2351 1418 2491 1472 αύτά
2520 1422 2631 1483 τοῖς
2663 1420 2919 1490 ὀρφανοῖς
2974 1424 3067 1475 καὶ
3100 1422 3223 1483 ταῖς
3259 1419 3460 1491 χήραις
3502 1420 3596 1473 καί
3624 1421 3705 1483 εἰς
3744 1421 3943 1473 κτίσιν-

2350 1510 2664 1580 ἐκκλησιῶν
2695 1524 2710 1540 ⁸
2741 1511 2835 1564 καὶ
2882 1512 3035 1565 οὐδὲν
3086 1512 3145 1576 ἐξ
3197 1513 3377 1566 αὐτῶν
3418 1512 3681 1582 ἐχρῶντο,
3741 1514 3789 1565 εἰ
3847 1506 3923 1581 μή

2350 1621 2403 1656 τι
2439 1603 2549 1674 (50)
2580 1600 2647 1675 ἦν
2676 1604 2997 1673 ἀναγκαῖον.
3028 1604 3321 1674 Παρεδίδου
3351 1604 3407 1657 δὲ
3438 1605 3632 1668 αὐτοῖς
3659 1603 3760 1672 τῆν
3809 1604 3925 1656 Πα-

2351 1696 2509 1749 λαιάν
2535 1695 2817 1767 Διαθήκην
2854 1695 2947 1749 καὶ
2974 1696 3033 1748 τὸ
3067 1697 3409 1763 Εὐαγγέλιω
3440 1710 3455 1727 ⁸
3486 1697 3581 1748 καὶ
3610 1696 3921 1767 χειροτονήι

2352 1804 2453 1851 σας
2476 1787 2663 1850 αὐτοῖς
2710 1785 3121 1856 πρεσϐυτέρους
3160 1788 3256 1840 καὶ
3313 1788 3599 1849 διακόνους
3639 1787 3929 1842 ἐκέλευσεν

670 1877 1080 1934 Testamentum
1116 1880 1281 1935 Vetus
1315 1889 1366 1934 et
1419 1877 1655 1944 Novum,
1708 1887 1765 1932 ut
1814 1877 2083 1946 indigenae
2137 1887 2240 1931 tes-

2352 1845 2659 1950 ἐκκλησίαν
2705 1845 2961 1949 γενέσθαι
2992 1845 3261 1949 μεγάλην,
3306 1845 3592 1941 κελεύσας-
3613 1881 3823 1949 γράψαι
3864 1881 3943 1933 ἐν·

671 1980 878 2035 tantur,
931 1987 1103 2034 usque
1131 1970 1298 2027 hodie
1339 1972 1693 2027 traditionem
1732 1970 2019 2025 habentes.

741 2240 1047 2297 Proconsu.
1090 2249 1272 2297 autem
1300 2241 1579 2312 Egeates,
1618 2252 1904 2312 postquam
1941 2252 2131 2298 sanata
2165 2260 2247 2298 εει

668 2348 808 2389 uxor
838 2333 981 2404 ejus,
1019 2334 1152 2388 abiit
1196 2333 1426 2389 Romam
1487 2335 1555 2389 ad
1616 2334 1888 2391 Caesarem
1947 2336 2243 2389 Neronem.

669 2424 918 2480 Habebat
945 2434 1130 2479 autem
1165 2425 1384 2480 fratrem
1422 2426 1641 2480 nomine
1665 2426 2046 2493 gStratoclemJ
2074 2425 2245 2481 Athe-

668 2518 756 2571 nis
788 2525 1095 2571 versantem
1140 2516 1482 2571 educationis
1532 2517 1725 2587 gratia.
1768 2519 1903 2571 Dum
1952 2519 2244 2584 proconsul

668 2606 855 2662 Roma:
878 2615 1119 2674 degeret,
1151 2605 1453 2661 Stratocles
1485 2608 1647 2661 rediit
1671 2608 1739 2661 ab
1759 2608 1989 2663 Athenis
2008 2608 2201 2663 Patras
2227 2625 2242 2660 :

667 2701 769 2767 qui
789 2715 1007 2755 servum
1059 2700 1291 2755 habebat
1348 2700 1762 2763 charissimam,
1814 2700 2038 2755 nomine
2080 2702 2243 2755 Alca-
2286 2776 2291 2782 _

671 2803 910 2845 manant.
960 2790 1214 2860 Agitatus
1270 2798 1449 2845 autem
1508 2803 1550 2843 π
1614 2790 1859 2845 daemone
1918 2789 2245 2846 Alcarnanas

668 2881 990 2935 volvebatur
1076 2896 1377 2951 spumans;
1456 2897 1620 2951 quem
1689 2882 1882 2938 videns
1946 2881 2247 2938 Stratocles

669 2970 1029 3028 contristatus
1086 2983 1173 3028 cst
1224 2988 1396 3043 usque
1428 2973 1496 3027 ad
1541 2980 1793 3037 mortem,
1822 2980 1880 3029 et
1936 2973 2248 3044 ambigebat

669 3066 803 3136 quid
836 3075 1043 3137 ageret.
1070 3065 1363 3121 Maximilla
1383 3076 1591 3133 autem,
1629 3080 1789 3121 soror
1817 3065 1956 3135 ejus,
1978 3067 2247 3121 nuntiavit

668 3159 721 3212 ei
748 3174 870 3228 qua:
894 3159 962 3213 de
992 3157 1218 3213 Andrea
1243 3167 1423 3223 crant,
1454 3166 1510 3214 et
1540 3160 1819 3228 quomodo
1856 3168 2058 3215 sanata
2082 3168 2169 3215 est
2213 3174 2244 3215 a
2273 3194 2318 3255 C

674 3249 862 3305 letbali
927 3248 1099 3305 febre.
1163 3248 1268 3316 Qui
1323 3249 1557 3305 audiens
1607 3248 1897 3304 advocavit
1944 3250 2241 3305 Andream.

669 3338 763 3394 ille
789 3338 1203 3410 superveniens,
1229 3341 1596 3394 comminatus
1623 3348 1705 3395 est
1726 3340 2009 3395 immundo
2029 3340 2244 3411 spiritui

668 3432 861 3487 dicens
895 3444 911 3485 :
944 3430 1004 3486 ln
1028 3430 1250 3485 nomine
1270 3430 1399 3486 Jesu
1424 3430 1652 3496 Christi,
1679 3431 1764 3486 exi
1783 3432 1850 3487 ab
1872 3432 1977 3487 hoc
1999 3433 2243 3499 homine,

669 3534 725 3580 et
754 3538 825 3580 ne
853 3522 1087 3593 amplius
1115 3523 1359 3578 introeas
1392 3522 1446 3577 in
1475 3536 1623 3578 eum.
1664 3523 1729 3576 Et
1768 3526 1951 3579 statim
1976 3526 2110 3579 exiit
2136 3525 2247 3595 spi-

667 3618 831 3679 rittls,
870 3624 925 3671 et
948 3621 1175 3670 sanatus
1208 3622 1383 3682 estex
1416 3613 1508 3667 illa
1554 3613 1711 3667 liora.
1744 3610 1901 3667 Tunc
1942 3614 2243 3669 Stratocles

670 3708 900 3764 credidit
952 3721 1077 3761 cum
1124 3706 1274 3760 omni
1329 3704 1492 3760 domo
1542 3719 1665 3769 sua,
1699 3712 1753 3759 et
1801 3704 2108 3774 baptizatus
2158 3711 2244 3759 est

670 3802 789 3869 ipse
818 3807 874 3854 et
922 3797 1222 3853 Maximilla
1281 3812 1445 3853 soror
1489 3798 1631 3868 ejus,
1678 3806 1732 3853 et
1785 3797 2144 3868 Ephidamia,
2187 3805 2245 3851 et

669 3892 846 3948 turbae
877 3890 1083 3954 multa),
1114 3898 1168 3945 et
1196 3899 1363 3945 erant
1381 3890 1530 3945 omni
1564 3899 1811 3960 tempore
1848 3903 1974 3943 cum
2025 3888 2252 3943 Andrea

671 3992 728 4039 et
756 3980 1026 4038 fratribus
1059 3980 1328 4037 laatantes.
1360 3981 1609 4037 Andreas
1643 3991 1826 4035 autem
1860 3990 2022 4057 nocte
2057 3988 2114 4036 et
2151 3981 2243 4036 die

670 4074 1018 4140 hortabatur,
1089 4081 1147 4129 et
1212 4071 1741 4129 commonefaciebat
1816 4086 2007 4127 omnes
2068 4080 2139 4126 ιε’
2187 4073 2241 4126 in

671 4166 779 4222 fide
812 4176 1124 4230 manerent,
1178 4173 1233 4219 et
1290 4164 1637 4219 custodirent
1682 4163 1857 4234 legem
1887 4172 1943 4219 et
1994 4162 2245 4233 Evange-

670 4259 828 4323 lium,
860 4264 916 4311 et
956 4264 1218 4312 curarent
1243 4256 1506 4320 animam,
1544 4268 1747 4323 corpus
1772 4262 1954 4310 autem
1999 4254 2245 4325 despice-

672 4356 839 4412 rent,
919 4355 981 4402 ut
1040 4346 1164 4417 puri
1214 4357 1442 4412 essent,
1497 4353 1904 4414 temperantes,
1965 4344 2241 4414 virgines",

674 4440 971 4510 sapientes,
1042 4437 1369 4507 injustitiam
1432 4443 1753 4507 paterentur
1813 4449 1915 4490 nec
1974 4435 2242 4500 facerent,

2349 1974 2463 2034 τοῖς
2498 1970 2697 2040 τοίχοις
2729 1969 2827 2041 τὴν
2859 1968 3106 2023 Παλαιὰν
3149 1966 3430 2039 Διαθήκην
3477 1969 3570 2021 καὶ
3608 1968 3922 2038 «mrem,

2349 2065 2423 2128 ὡς
2453 2066 2501 2117 οἰ
2538 2063 2773 2117 ἐντόπιοι
2800 2061 3198 2133 μαρτυροῦσιν,
3226 2059 3391 2131 μέχρι
3425 2060 3523 2130 τῆς
3554 2062 3793 2131 σήμερον
3820 2060 3923 2129 τήν

2350 2156 2649 2225 παράδοσιν
2679 2154 2921 2226 ἔχοντες.
3574 2216 3580 2222 _

2436 2248 2497 2299 Ὀ
2520 2246 2577 2298 δὲ
2617 2246 2927 2308 ἀνθύπατος
2966 2246 3243 2317 Αἰγεὰτης
3279 2246 3398 2318 ἅμα
3449 2245 3529 2316 τῷ
3573 2244 3791 2316 ἰαθῆναι
3826 2243 3926 2313 τὴν

2350 2339 2584 2405 γυναῖκα
2630 2337 2796 2391 αὑτοῦ
2864 2336 3202 2408 ἐξεδήμησεν
3249 2339 3329 2401 εἰς
3378 2337 3493 2401 (51)
3545 2336 3643 2402 τὴν
3700 2334 3925 2405 Ῥώμην

2348 2428 2483 2497 πρὸς
2518 2433 2608 2480 τὸν
2637 2428 2889 2497 Καίσαρα
2914 2429 3164 2497 Νέρωνα.
3204 2428 3373 2498 Ἔσχε
3421 2428 3479 2481 δὲ
3530 2426 3761 2495 ἀδελφὸν
3806 2424 3931 2478 ὀνό-

2351 2535 2481 2588 ματι
2514 2519 2879 2588 Στρατοκλῆν,
2930 2518 2989 2580 δς
3016 2514 3085 2589 ἦν
3128 2518 3387 2587 Ἀθήναις
3438 2519 3687 2581 παιδείας
3736 2518 3922 2587 χάριν.

2349 2610 2456 2663 Τοῦ
2510 2610 2567 2663 δὲ
2612 2610 2926 2665 ἀνθυπάτου
2975 2610 3130 2673 ὄντος
3167 2611 3226 2663 ἐν
3275 2609 3463 2680 Ῥώμῃ
3512 2609 3540 2661 6
3576 2608 3928 2680 Στρατοκλῆς

2350 2702 2656 2771 ἐπανῆλθεν
2687 2703 2794 2757 ἀπὺ
2832 2702 3075 2771 Ἀθηνῶν
3100 2703 3158 2755 ἐν
3190 2700 3437 2771 Πάτραις
3475 2717 3488 2731 ·
3515 2700 3573 2765 ὃς
3599 2696 3708 2770 εἶχε
3737 2700 3943 2753 δοῦλον

2348 2791 2492 2844 πάνυ
2553 2791 2839 2859 ἀγαπητὸν
2879 2792 3109 2859 ὀνόματι
3173 2788 3545 2859 Ἀλκαμανάν.
3619 2788 3929 2859 Κρουσθεὶς

2347 2884 2404 2938 δὲ
2442 2884 2546 2939 ὑπὸ
2574 2882 2831 2953 δαίμονος
2872 2884 2901 2935 6
2928 2882 3281 2952 ’Δλκαμανὰς
3328 2881 3576 2935 ἐκυλίετο
3625 2880 3874 2953 ἀφρίζων
3901 2892 3923 2912 ⁶

2347 2976 2406 3029 δν
2450 2976 2573 3029 ἰδὼν
2619 2978 2647 3029 6
2690 2974 3040 3045 Στρατοκλῆς
3078 2974 3328 3045 ἐλυπήθη
3369 2974 3476 3037 ἕως
3525 2973 3779 3036 θανάτου,
3826 2971 3942 3027 καὶ-

2349 3068 2600 3139 διηπόρει
2633 3068 2687 3121 τί
2724 3068 2944 3140 πράξει.
3001 3067 3317 3138 Μαξιμῖλλα
3343 3068 3423 3135 δὲ,
3454 3068 3488 3137 ή
3510 3068 3700 3137 νύμφη
3728 3064 3925 3130 αὑτοῦ,

2349 3160 2687 3231 ἀπήγγειλεν
2719 3158 2867 3229 αὐτῷ
2902 3160 2971 3214 τά
3008 3159 3149 3214 κατά
3207 3158 3300 3213 τὸν
3337 3158 3623 3229 ’Δνδρέαν,
3674 3157 3768 3211 καὶ
3803 3157 3947 3223 πῶς·

2351 3250 2476 3321 ἰάθη
2511 3252 2620 3305 ἀπὸ
2670 3253 2767 3304 τοῦ
2800 3250 3097 3305 θανατικοῦ
3140 3250 3401 3321 πυρετοῦ.
3469 3249 3529 3304 Ὀ
3579 3250 3636 3303 δὲ
3681 3248 3930 3312 ἀκούσας

2348 3343 2793 3414 προσεκαλέσατο
2815 3343 2909 3398 τὸν
2955 3343 3233 3413 Ἀνδρέαν.
3280 3342 3337 3396 '0
3365 3341 3424 3396 δέ
3474 3340 3930 3413 παραγενόμενος

2346 3433 2651 3503 ἐπετίμησε
2707 3432 2786 3501 τῷ
2850 3432 3149 3502 ἀκαθάρτῳ
3197 3431 3476 3503 πνεύματι
3533 3432 3705 3486 εἰπών
3747 3447 3765 3465 ⁸
3826 3428 3929 3484 Ἕν

2344 3522 2570 3591 ὀνόματι
2606 3520 2784 3593 Ἰησοῦ
2817 3520 3057 3591 Χριστοῦ
3088 3520 3273 3588 ἔξελθε
3326 3521 3435 3575 ἀπὸ
3485 3520 3577 3574 τοῦ
3627 3520 3923 3592 ἀνθρώπου

2346 3614 2443 3668 καὶ
2501 3614 2699 3685 μηκέτι
2756 3613 3010 3685 εἰσέλθῃς
3068 3614 3150 3677 εἰς
3198 3613 3388 3670 αὐτόν.
3448 3615 3560 3669 Καὶ
3604 3614 3806 3678 εὐθέως
3857 3614 3928 3667 τὸ

2345 3703 2563 3773 πνεῦμα
2587 3704 2833 3774 ἐξῆλθεν,
2875 3704 2970 3759 καὶ
3013 3703 3137 3773 ἰάθη
3163 3704 3275 3757 ἀπὸ
3319 3703 3421 3774 τῆς
3473 3704 3624 3774 ὥρας
3680 3704 3929 3773 ἐκείνης.

2344 3798 2477 3851 Τότε
2508 3800 2534 3850 ὁ
2561 3798 2906 3867 Στρατοκλῆς
2939 3797 3237 3851 ἐπίστευσε
3272 3797 3369 3850 σὺν
3405 3797 3513 3868 ὅλῳ
3544 3795 3622 3866 τῷ
3643 3796 3776 3863 οἴκῳ
3817 3796 3935 3848 a0-

2342 3888 2459 3954 τοῦ,
2518 3890 2612 3943 καὶ
2660 3889 2969 3955 ἐσαπτίσθη
3016 3888 3182 3952 αὐτὸς
3240 3888 3418 3962 καιή
3466 3888 3821 3958 Μαξιμῖλλα,
3884 3890 3922 3957 ἠ

2344 3979 2533 4049 νύμφη
2568 3978 2760 4048 αὑτοῦ,
2793 3980 2889 4032 καὶ
2933 3978 3230 4049 Ἐφιδαμία
3260 3978 3356 4032 καὶ
3387 3977 3567 4049 πλήθη
3599 3977 3789 4043 πολλὰ,
3824 3978 3939 4033 καὶ

2341 4065 2485 4141 ἦσαν
2513 4070 2605 4123 διὰ
2636 4070 2842 4133 παντὸς
2871 4071 2972 4125 σὺν
3002 4069 3083 4141 τῷ
3116 4069 3353 4141 Ἀνδρέᾳ
3392 4070 3489 4123 καὶ
3514 4071 3629 4132 τοῖς
3668 4067 3931 4138 ἀδελφοῖς

2344 4161 2767 4233 ἀγαλλιώμενοι.
2813 4162 2872 4215 Ὀ
2905 4161 2963 4214 δέ
3014 4161 3275 4233 ’Δνδρέας
3321 4161 3519 4224 νυκτὸς
3569 4160 3663 4215 καὶ¹
3705 4162 3932 4231 ἡμέρας

2344 4252 2651 4323 παρεκάλει
2700 4252 2795 4305 καὶ
2866 4252 3142 4307 ἐνουθέτει
3220 4253 3463 4320 πάντας,
3525 4254 3787 4323 ἐμμένειν
3850 4254 3921 4323 τῇ

2347 4347 2529 4400 πίστει
2562 4332 2657 4398 καὶ
2690 4344 2990 4414 φυλάσσειν
3008 4344 3099 4396 τὸν
3120 4344 3286 4413 νόμον
3325 4344 3420 4399 καὶ
3460 4343 3522 4395 τὸ
3561 4342 3919 4411 Εύαγγέλιον,

2346 4434 2729 4507 ἐπιμελεῖσθαι
2754 4434 2958 4503 ψυχῆς,
3012 4434 3264 4505 σώματος
3288 4433 3345 4486 δὲ
3391 4436 3780 4505 καταφρονεῖν,
3828 4436 3925 4502 ἀγ·-

674 4546 781 4585 non
812 4530 1116 4601 garrirem,
1142 4542 1241 4583 nec
1294 4529 1680 4594 mentirentur,
1730 4526 1825 4583 sed
1868 4526 2242 4584 indesinenter

2353 4530 2553 4595 νεύειν,
2606 4526 3056 4598 δγκρατεύεσθαι,
3135 4525 3513 4597 παρθενεύειν,
3596 4528 3917 4597 σωφρονεῖν,

670 4629 915 4678 orarent.
967 4619 1262 4676 Maximilla
1316 4628 1499 4675 autem
1571 4634 1679 4675 non
1741 4618 2133 4676 secernebatur
2178 4620 2249 4675 ab

674 4722 777 4770 Cll.

747 4891 896 4945 inter
946 4888 1063 4943 hac
1112 4884 1371 4957 ﬁgentes
1427 4890 1723 4945 revertitur
1767 4890 1837 4947 ab
1901 4891 2255 4964 (invisendoj'

676 4985 911 5041 Caesare,
950 4985 1005 5033 et
1042 4976 1225 5031 statim
1258 4977 1490 5032 accessit
1516 4978 1582 5034 ad
1630 4993 1857 5034 uxorem
1891 4994 2043 5035 suam
2075 4976 2245 5036 Maxi-

679 5070 917 5135 millam;
953 5082 1079 5138 qua
1124 5067 1267 5121 viam
1316 5065 1521 5121 Christi
1577 5077 1793 5133 tenens,
1849 5083 1959 5123 non
2005 5072 2249 5140 suscepit

677 5177 801 5217 cum
828 5202 843 5227 ,
870 5169 927 5216 et
951 5175 1010 5217 se
1045 5159 1202 5215 finxit
1228 5173 1451 5230 manu).
1489 5158 1687 5215 Diebus
1713 5167 1895 5215 autem
1928 5163 2247 5228 transactis,

678 5264 732 5309 et
764 5256 985 5310 nolente
1019 5254 1137 5325 ipsa
1178 5251 1419 5307 dormire
1450 5264 1576 5305 cum
1611 5250 1863 5321 Egeate,
1898 5251 2015 5323 ipse
2048 5254 2245 5310 anxius

680 5344 937 5399 tmrebat.
973 5342 1038 5397 Et
1067 5357 1210 5397 unus
1240 5338 1663 5397 vernaculorum
1694 5341 1833 5395 dixit
1866 5341 1916 5396 ei
1948 5356 2069 5410 quae
2098 5342 2242 5397 circa

678 5435 948 5489 Andream
985 5443 1164 5499 erant,
1198 5432 1325 5503 quia
1364 5431 1536 5488 frater
1571 5442 1737 5497 tuus,
1770 5440 1824 5487 et
1856 5445 1997 5486 uxor
2042 5441 2155 5498 tua‘,
2190 5444 2245 5488 et

680 5536 792 5580 tota
821 5524 1016 5581 domus
1047 5534 1140 5579 tua
1173 5523 1285 5581 Deo
1312 5522 1548 5580 Andrem
1575 5522 1949 5591 adbaserunt,
1984 5532 2039 5578 et
2073 5523 2243 5579 casti-

2342 4619 2667 4686 ἀδικεῖσθαι,
2732 4620 2829 4673 καί
2871 4620 2945 4691 μὴ
2986 4620 3218 4685 ἀδικεῖν,
3290 4617 3366 4688 μὴ
3425 4618 3714 4690 φλυαρεῖν,
3783 4618 3922 4688 μηδέ

2342 4712 2640 4784 ψεύδεσθαι
2708 4712 2845 4782 (52),
2904 4710 3040 4764 ἀλλά
3086 4710 3448 4772 ἀδιαλείπτως
3490 4709 3917 4779 προσεύχεσθαι.

2353 4803 2421 4858 Ἠ
2448 4803 2505 4856 δὲ
2532 4801 2849 4872 Μαειμίλλα
2880 4802 2983 4855 οὐκ
3011 4801 3310 4872 ἐχωρίζετο
3342 4800 3543 4853 αὐτῶν.

2433 4894 2520 4948 Ἐν
2548 4892 2759 4956 τούτοις
2791 4895 2819 4946 ό
2850 4893 3121 4962 Αἰγεάτης
3146 4890 3636 4961 Μραγίνεταιάπδ
3651 4888 3749 4943 τοῦ
3783 4891 3920 4945 Και-

2352 4997 2541 5051 σαρος,
2580 4981 2675 5035 καὶ
2701 4980 2904 5044 εύθέως
2938 4979 3212 5049 προσῆλθε
3257 4982 3322 5050 τῇ
3355 4980 3574 5048 γυναικί
3607 4977 3774 5032 αὐτοῦ
3797 4980 3920 5033 Μα-

2350 5068 2570 5141 ξιμίλλῃ
2604 5086 2619 5102 ο
2664 5072 2699 5139 ή
2728 5070 2786 5122 δὲ
2815 5071 2915 5139 τὴν
2943 5069 3062 5123 ὁδὸν
3092 5069 3186 5122 τοῦ
3221 5071 3459 5139 Χριστοῦ
3512 5071 3819 5139 κατέχουσα
3854 5068 3915 5123 οὐ

2351 5162 2679 5228 κατεδέξατο
2740 5161 2904 5215 αὑτὸν
2928 5199 2943 5225 ,
3026 5160 3161 5213 ἀλλά
3212 5160 3655 5230 προσεποιήσατο
3716 5162 3913 5213 νοσεῖν.

2359 5253 2613 5324 Ἦμερῶν
2648 5252 2705 5305 δὲ
2735 5250 3142 5320 διαγενομένων
3166 5250 3260 5304 καὶ
3310 5249 3384 5321 μή
3435 5250 3768 5319 βουλομένης
3817 5250 3916 5301 αύ-

2348 5345 2447 5412 τῆς
2513 5342 2955 5411 συγωθευδῆσαι
2998 5339 3077 5411 τῷ
3127 5341 3391 5411 Αἰγεάτῃ,
3437 5340 3597 5403 αὐτὸς
3642 5339 3912 5409 διηπόρει.

2352 5434 2465 5488 Καί
2509 5451 2591 5495 τις
2641 5432 2752 5486 τῶν
2802 5432 3099 5500 οἰκογενῶν
3148 5428 3304 5485 εἷπεν
3354 5431 3506 5501 αύτῷ
3551 5424 3620 5482 τά
3654 5429 3797 5483 κατά
3824 5428 3917 5483 τὸν

2350 5524 2630 5595 Ἀνδρέαν,
2656 5524 2737 5576 ὅτι
2763 5524 2825 5577 '0
2853 5523 3077 5592 ἀδελφός
3103 5540 3199 5578 σου
3226 5522 3321 5579 καὶ
3343 5524 3375 5595 ή
3404 5521 3657 5591 γυνή’σου
3689 5524 3781 5574 καὶ
3802 5522 3911 5583 πᾶς

2015 5639 2212 5702 Varim
2242 5640 2563 5703 lectiones.

752 5742 862 5808 (50)
895 5742 954 5793 Εἰ
981 5743 1055 5812 μή
1077 5759 1133 5812 τι
1167 5743 1233 5796 ἀν
1260 5741 1380 5800 νει.

748 5812 860 5886 t5!)
888 5809 1053 5884 Πρός
1076 5809 1197 5867 Vat.

2421 5742 2529 5813 (52)
2559 5739 2891 5795 Ψεύδευσθαι
2942 5738 3061 5795 Vat.
