4164 6342
705 345 811 414 251

1942 348 2342 409 ΕΡΠῚΙΑΝΙῙ
2374 349 2728 410 ΜΟΝΑΕΗῘ

3853 356 3964 419 252

705 464 856 519 velut
889 461 1064 516 virum
1099 475 1355 526 nequam,
1389 459 1455 513 ad
1485 457 1775 529 judicium.
1818 461 2089 518 Atrociter
2121 464 2287 534 igitur

2405 461 2583 530 εάριον
2611 460 2708 532 βίᾳ
2748 459 3039 527 ἑλκόμενον
3073 459 3178 513 ὑπὸ
3211 459 3316 513 τῶν
3348 460 3577 530 δημίων,
3605 461 3796 532 ὥσπερ
3822 467 3948 518 τινὰ

712 551 1015 609 verberans
1064 567 1180 618 eos,
1222 561 1274 606 et
1323 550 1541 605 tunicas
1583 553 1902 609 rescindens
1949 571 2137 610 eorum
2189 559 2279 626 qui

710 647 827 702 hac
860 645 1155 710 faciebam,
1193 643 1388 698 avulsit
1428 643 1724 699 Stratocles
1756 649 1946 703 dicens
1975 650 2052 703 eis
2082 665 2094 699 ε
2129 649 2286 719 Igno-

709 738 849 793 scite
881 737 1036 801 mihi,
1073 745 1125 792 et
1157 737 1362 806 gratias
1402 738 1455 791 in
1493 737 1596 794 hoc
1639 740 1781 806 agite
1829 745 2099 811 apostolo,
2138 744 2283 811 quod

710 829 963 884 docuerit
993 845 1076 882 me
1105 843 1201 897 per
1220 830 1387 883 verba
1418 844 1514 883 sua
1547 829 1753 899 absque
1787 835 1861 886 ira
1897 849 2076 903 agere,
2113 841 2164 887 et
2194 849 2287 902 per

714 922 821 998 hoc
857 937 1114 989 magnum
1149 925 1390 978 furorem
1420 939 1602 978 meum
1629 930 2067 995 compescuerit;
2102 938 2285 982 osten-

711 1000 912 1069 dissem
947 1016 1150 1084 quippe
1180 1015 1335 1070 vobis
1365 1015 1498 1086 quid
1534 1018 1706 1083 possit
1761 1019 1854 1074 Dei
1908 1036 2100 1074 servos
2138 1019 2292 1074 Stra-

716 1102 1060 1172 toclet,qui.l
1113 1119 1241 1158 vero
1290 1106 1535 1171 impurus
1565 1105 1840 1173 IEgeates.
1896 1109 1959 1162 Et
2013 1111 2291 1177 accipiens

715 1211 878 1250 manu
917 1197 1248 1261 apostolum,
1304 1198 1438 1251 abiit
1492 1213 1614 1252 cum
1670 1215 1736 1253 eo
1803 1202 1856 1253 in
1910 1202 2084 1254 locum
2134 1202 2313 1270 juxta.

716 1298 887 1350 mare,
944 1286 1032 1339 ubi
1079 1295 1131 1341 et
1189 1287 1575 1355 disposuerant
1637 1290 1945 1346 interficere
1989 1307 2134 1347 eum.
2188 1291 2288 1356 Qui

714 1388 845 1432 vero
866 1378 1397 1445 comprehenderant
1420 1396 1544 1434 eum
1572 1382 1794 1445 milites,
1821 1392 2041 1436 auctore
2060 1381 2286 1450 Egeate

716 1468 1092 1538 relinquentes
1121 1472 1429 1539 apostolum
1469 1488 1594 1527 cum
1630 1473 1924 1538 Stratocle,
1957 1483 2293 1529 revertentes

719 1561 1106 1616 nuntiaverunt
1153 1565 1463 1632 proconsuli
1507 1565 1751 1620 dicentes
1778 1605 1793 1629 ,
1855 1565 1983 1634 quia
2026 1565 2294 1620 Euntibus

719 1651 883 1706 nobis
917 1668 1038 1706 cum
1069 1654 1308 1717 Audrea,
1335 1657 1677 1724 praeveniens
1705 1656 2002 1711 Stratocles
2033 1659 2296 1724 proscidit

721 1746 940 1798 tunicas
982 1755 1218 1811 nostras,
1257 1757 1310 1800 et
1357 1749 1604 1802 avulsqu
1644 1763 1766 1803 eum
1810 1764 1838 1801 a
1883 1749 2042 1802 nobis
2086 1749 2296 1818 accepit

2392 553 2699 620 κακοῦργον
2735 555 2812 615 εἰς
2843 553 3043 620 κρίσιν.
3091 551 3346 622 Ἀφειδῶς
3376 552 3468 604 οὖν
3503 556 3724 619 τούτους
3749 557 3965 627 πλήξας

2394 646 2668 710 καὶτοὺς
2704 646 2935 716 χιτῶνας
2977 646 3278 717 διαρρήξας
3322 646 3432 698 τῶν
3470 647 3639 700 ταῦτα
3685 649 3962 718 δρώντων.

2395 740 2718 794 ἀπέσπασεν
2785 743 2813 792 ό
2866 741 3206 810 Στρατοκλῆς
3264 739 3436 793 εἰπὼν
3506 743 3643 809 πρὸς
3726 745 3960 805 αὐτούς·

2395 831 2682 898 Σύγγνωτ,έ
2725 848 2817 900 μοι
2850 831 2946 882 καὶ
2979 831 3137 899 χάριν
3164 833 3219 882 ἐν
3242 829 3414 898 τούτῳ
3443 831 3668 896 νείματε
3698 832 3775 900 τῷ
3822 835 3962 884 ἀπο-

2396 924 2585 991 στόλῳ,
2619 923 2692 984 ὼς
2725 921 3075 974 παιδεύσαντί
3108 940 3172 991 με
3211 921 3323 990 (57)
3354 921 3438 975 διὰ
3470 922 3576 974 τῶν
3598 923 3768 988 λόγων
3801 921 3965 975 αὑτοῦ

2397 1015 2681 1083 ἀοργήτως
2708 1016 2915 1086 φέρειν,
2948 1015 3041 1067 καὶ
3065 1014 3152 1066 διὰ
3183 1014 3341 1067 τοῦτο
3357 1017 3444 1066 τὸν
3473 1017 3640 1068 πολὺν
3670 1015 3839 1080 θυμὸν
3864 1032 3972 1066 κα-

2397 1108 2776 1174 ταπραΰναντι
2804 1125 2818 1138 ·
2855 1107 2976 1161 ἐπεὶ
3024 1107 3348 1176 ἐφανέρωσα
3392 1109 3456 1160 ἂν
3501 1109 3649 1177 ὑμῖν,
3700 1108 3752 1160 τί
3787 1107 3884 1175 μὲν
3945 1109 3972 1156 ὁ

2400 1199 2493 1251 τοῦ
2516 1199 2648 1250 Θεοῦ
2679 1198 2859 1262 δοῦλος
2886 1199 3229 1268 Στρατοκλῆς
3259 1197 3506 1258 δύναται,
3535 1199 3586 1251 τί
3615 1199 3668 1250 δὲ
3706 1200 3732 1248 ό
3771 1198 3971 1267 μιαρὸς

2401 1291 2700 1358 Αἰγεάτης.
2737 1291 2847 1344 Καὶ
2878 1290 3231 1360 περικρατῶν
3259 1289 3355 1356 τῆς
3385 1290 3568 1357 χειρὸς
3614 1289 3707 1340 τοῦ
3739 1288 3974 1341 ἀποστό-

2400 1381 2492 1434 λου
2535 1383 2701 1454 ἀπῄει
2739 1383 2836 1435 σὺν
2863 1382 3011 1453 αὑτῷ
3040 1385 3117 1444 είς
3143 1381 3235 1433 τὸν
3286 1379 3735 1451 παραθαλάσσιον
3785 1379 3973 1439 τόπον,

2402 1474 2529 1527 ἔνθα
2559 1475 2653 1527 καὶ
2677 1475 3013 1544 ηὐτρέπιστο
3045 1472 3394 1542 τελειωθῆναι
3420 1471 3601 1525 αὐτόν.
3631 1470 3693 1526 Ol
3714 1471 3770 1522 δὲ
3799 1486 3976 1538 παρα-

2402 1566 2658 1629 λαϐόντες
2708 1566 2870 1617 αὑτὸν
2919 1567 3250 1634 στρατιῶται
3297 1563 3444 1634 παρά
3503 1561 3600 1615 τοῦ
3657 1559 3976 1614 ἀνθυπάτου

2403 1657 2632 1723 ἀφέντες
2666 1654 2756 1706 τὸν
2792 1655 3095 1707 ἀπόστολον
3132 1655 3267 1722 μετά
3293 1653 3387 1706 τοῦ
3421 1651 3826 1722 Στρατοκλέους
3856 1650 3976 1718 (58)

2403 1744 2846 1812 ὑποστρέψαντες
2892 1744 3224 1812 ἀνήγγειλαν
3266 1743 3342 1812 τῷ
3392 1744 3634 1812 Αῑγεάτῃ
3696 1742 3975 1808 λέγοντες.

720 1847 931 1898 neeum,
970 1844 1022 1887 et
1055 1849 1182 1888 ecce
1220 1844 1346 1891 ante
1384 1844 1436 1889 te
1477 1846 1705 1897 stamus.
1743 1846 1800 1889 ut
1836 1838 2008 1892 vides.
2053 1837 2292 1892 Procon-

2405 1839 2477 1889 Ξτι
2510 1835 2844 1896 Βαδιζόντων
2877 1834 3031 1902 ἡμῶν
3066 1835 3203 1902 μετά
3233 1834 3328 1887 τοῦ
3361 1834 3614 1904 Ἀνδρέου
3647 1833 3977 1901 προφθάσας

723 1923 1031 1989 solantem
1087 1927 1371 1994 respondit
1415 1928 1498 2008 eis
1543 1946 1557 1984 :
1603 1929 1953 1998 Accipieutes
1982 1931 2087 1983 alia
2137 1933 2300 1984 vesti-

729 2027 933 2080 menta,
963 2017 1127 2079 abite,
1160 2029 1210 2071 et
1239 2019 1457 2089 implete
1490 2021 1793 2089 quaa’vobis
1820 2021 1978 2088 jussa
2009 2031 2135 2076 sunt
2163 2038 2191 2075 a
2217 2039 2301 2076 me

728 2115 921 2160 contra
982 2107 1302 2163 damnatum
1350 2109 1624 2166 Andream
1659 2131 1672 2166 :
1709 2128 1737 2165 a
1791 2114 2059 2167 Stratocle
2119 2125 2299 2168 autem

727 2211 836 2250 non
869 2197 1161 2254 videamini
1188 2201 1365 2270 quoad
1409 2205 1723 2271 potueritis,
1756 2204 1850 2258 sed
1879 2220 1978 2259 nec
2001 2207 2298 2274 quidquam

724 2289 774 2342 ei
815 2289 1250 2360 denegaveritis,
1310 2294 1354 2346 si
1406 2295 1533 2362 quid
1584 2296 1798 2363 petierit
1849 2313 1876 2350 a
1939 2297 2114 2351 vobis.
2167 2297 2299 2352 Novi

725 2382 869 2436 enim
905 2399 1227 2451 generosum
1281 2386 1522 2439 animum
1577 2387 1718 2452 ejus,
1763 2389 1941 2457 qualis
1987 2389 2082 2450 sit,
2131 2391 2201 2442 ita
2244 2399 2302 2442 ut

728 2488 828 2527 nec
865 2475 997 2527 mihi
1039 2484 1258 2542 parcat.
1289 2478 1334 2530 si
1374 2476 1556 2530 forsan
1595 2479 1989 2533 succensuerit.
2024 2479 2130 2544 Qui
2173 2495 2303 2533 cou-

728 2563 907 2618 festim
933 2567 1084 2631 jussa
1123 2566 1402 2620 fecerunt.
1448 2552 1751 2622 Stratocles
1787 2579 1966 2622 autem
2011 2584 2134 2623 eum
2173 2585 2304 2636 apo-

730 2655 874 2707 stolo
904 2656 1105 2709 vadens
1137 2659 1187 2709 in
1223 2657 1500 2724 praeﬁxum
1537 2659 1740 2720 locum,
1771 2658 2156 2727 indignabatur
2189 2673 2304 2712 ma-

727 2745 969 2799 ledicens
1009 2746 1252 2815 Jb‘geati;
1287 2756 1340 2800 et
1386 2748 1667 2815 apostolus
1720 2748 1786 2801 ad
1847 2763 1968 2802 eum
2019 2766 2034 2801 τ
2085 2746 2303 2818 Nequa-

727 2849 913 2903 quam,
956 2835 1051 2893 lili.
1087 2836 1212 2888 uolo
1243 2844 1293 2889 te
1329 2837 1490 2888 talem
1533 2852 1654 2891 esse
1690 2836 2081 2905 unqualu,'sed
2123 2838 2308 2891 mode-

729 2938 898 2988 sxum,
933 2936 1306 2990 mansuetum,
1347 2928 1639 2988 humilem.
1682 2945 1789 2982 nou
1837 2929 2155 2982 reddentem
2195 2945 2307 2981 tra-

729 3015 879 3075 lum.
917 3031 1211 3072 memorem
1251 3017 1512 3071 Dominici
1558 3018 1705 3071 verbi
1744 3019 1978 3073 dicentis
2021 3037 2032 3072 :
2076 3018 2135 3072 Si
2185 3021 2302 3088 quis

732 3115 781 3159 te
810 3108 1124 3173 percusserit
1155 3108 1207 3160 in
1254 3108 1531 3160 maxillam
1575 3109 1883 3174 dexteram,
1924 3117 2098 3179 prwbe
2133 3112 2215 3164 illi
2253 3121 2300 3164 et

2401 1931 2428 1980 ὁ
2460 1924 2804 1996 Στρατοκλῆς
2851 1924 3136 1993 διέρρηξεν
3185 1925 3345 1994 ἡμῶν
3389 1927 3514 1987 τοὺς
3565 1923 3824 1992 χιτῶνας,
3877 1922 3979 1975 καὶ

2403 2017 2733 2077 ἀποσπάσας
2767 2013 2932 2066 αὑτὸν
2963 2015 3055 2082 ἀφ’
3087 2015 3244 2084 ἡμῶν
3270 2014 3462 2068 ἐλαϐεν
3499 2012 3660 2066 αὑτὸν
3692 2011 3808 2081 μεθ’
3843 2013 3980 2063 ἐαυ-

2400 2109 2538 2162 τοῦ·
2572 2110 2667 2162 καὶ
2703 2106 2812 2159 ἰδοὺ
2848 2109 3275 2176 παρεστήκαμεν
3321 2105 3394 2167 ὡς
3427 2105 3578 2175 ὁρᾷς.
3622 2104 3679 2156 '0
3721 2103 3774 2154 δὲ
3804 2100 3978 2154 ἀνθύ-

2399 2215 2573 2265 πατος
2616 2203 2750 2270 πρὸς
2804 2202 3001 2262 αὐτοὺς
3059 2197 3436 2267 ἁπεκρίνατο·
3479 2195 3749 2256 Λαϐόντες
3811 2191 3983 2259 ἐσθῆ-

2405 2313 2501 2357 τας
2536 2295 2645 2365 (50)
2676 2295 2867 2362 ἐτέρας
2912 2290 3218 2361 πορεύθητι
3274 2289 3367 2340 καὶ
3419 2286 3742 2355 πληρώσατε
3791 2284 3857 2361 τὸ.
3885 2301 3981 2336 κε-

2404 2389 2625 2441 λευσθὲν
2661 2389 2786 2456 ύμῖν
2810 2388 2942 2457 παρ’
2971 2385 3105 2454 ὲμοῦ
3139 2384 3216 2445 είς
3238 2383 3327 2434 τὸν
3358 2381 3646 2434 κατάδικον
3675 2379 3937 2448 Ἀνδρέαν
3964 2394 3977 2407 ·

2405 2481 2481 2549 τῷ
2519 2484 2616 2551 μέν
2664 2497 2747 2532 τοι
2800 2479 3132 2548 Στρατοκλεῖ
3185 2476 3319 2544 μηδὲ
3381 2474 3580 2542 όφθῆτε
3628 2475 3750 2526 ὅσον
3788 2472 3850 2523 τὸ
3892 2471 3981 2538 ἐφ’

2404 2573 2556 2640 ὑμῖν,
2611 2570 2745 2623 ἀ).λά
2808 2568 2943 2638 μηδὲ
3000 2566 3291 2635 ἀντείπητε
3349 2565 3403 2618 εἴ
3440 2581 3583 2625 τινος
3608 2565 3742 2626 ὅλως
3779 2563 3980 2633 χρῄζει

2407 2663 2581 2728 ὑμῶν.
2640 2658 2770 2714 Οἶδα
2827 2662 2936 2730 γὰρ
2988 2660 3049 2712 τὸ
3111 2659 3210 2726 τῆς
3281 2658 3458 2727 ᾦυχῆς
3510 2654 3672 2709 αὑτοῦ
3729 2654 3975 2721 εὐγενὲς,

2405 2749 2517 2805 οἷόν
2551 2757 2716 2817 ἐστιν,
2767 2755 2841 2811 ὡς
2892 2751 3032 2820 τάχα
3059 2749 3237 2818 κάμοῦ
3283 2747 3572 2817 ἀφειδήσει
3623 2746 3802 2815 είάρα
3831 2762 3982 2813 παρ-

2412 2842 2681 2909 οξυνθεξη.
2750 2842 2809 2892 Ol
2866 2839 2922 2891 δὲ
2992 2839 3054 2890 τὸ
3114 2837 3404 2890 κελευσθὲν
3462 2836 3728 2900 ἐποίησαν
3790 2852 3980 2903 παρα·-

2408 2933 2618 3002 χρῆμα.
2661 2933 2720 2982 ’0
2745 2932 2800 2983 δὲ
2845 2929 3190 3000 Στρατοκλῆς
3221 2930 3334 2995 ἅμα
3368 2927 3444 2996 τῷ
3492 2926 3773 2994 ἀποστόλῳ
3814 2925 3984 2995 ἐρχό-

2411 3041 2566 3092 μενος
2592 3024 2682 3074 ἐπὶ
2712 3022 2801 3075 τὸν
2833 3021 3198 3091 προκείμενον
3225 3019 3388 3072 τόπον
3422 3021 3724 3088 ἠγανάκτει
3769 3017 3982 3071 διαλοι-

2405 3115 2728 3185 δορούμενος
2762 3113 2838 3181 τῷ
2878 3112 3114 3181 Αίγεάτῃ
3143 3126 3159 3142 ο
3197 3111 3290 3164 καὶ
3318 3113 3344 3163 ό
3371 3110 3680 3173 ἀπόστολος
3713 3110 3850 3179 πρὸς
3875 3109 3981 3161 αὑ-

730 3195 954 3249 alteram
981 3212 998 3257 ;
1037 3209 1085 3250 et
1117 3198 1308 3251 volenti
1338 3215 1520 3266 rapere
1547 3200 1778 3253 tunicam
1810 3187 1962 3254 luam
2030 3202 2098 3255 da
2128 3213 2177 3256 et
2219 3219 2300 3256 ve-

2414 3209 2502 3258 τόν
2535 3222 2549 3234 ·
2583 3205 2697 3273 Μὴ,
2749 3204 2937 3254 τέκνον
2970 3217 2985 3230 ⁶
3025 3202 3086 3252 οὐ
3135 3199 3403 3270 βούλομαί
3451 3217 3508 3251 σε
3556 3199 3797 3252 τοιοῦτον
3837 3195 3982 3252 εῖναί

733 3289 1042 3341 alimentum
1083 3289 1145 3342 ¹¹.
1178 3289 1241 3342 Et
1295 3305 1414 3353 nos,
1452 3291 1670 3356 fratres,
1706 3293 1988 3348 trahentes
2021 3309 2117 3362 per
2146 3295 2304 3347 Chri-

733 3385 849 3431 tmn
893 3393 1207 3448 sequemur,
1253 3389 1307 3432 et
1347 3381 1672 3434 exteriorem
1730 3383 2072 3450 deponentes
2123 3386 2302 3437 homi-

733 3483 882 3533 nem,
921 3470 1228 3524 volentibus
1258 3486 1382 3525 eum
1422 3474 1785 3539 dimittemus,
1826 3486 1879 3530 et
1913 3478 2304 3532 eontendemus

733 3545 1000 3614 renovare
1049 3563 1386 3626 interiorem,
1428 3571 1484 3618 et
1537 3565 1603 3617 ad
1642 3565 1812 3621 Deum
1845 3569 1993 3623 hunc
2019 3570 2301 3634 advolare,

735 3648 791 3702 in
821 3663 932 3718 quo
958 3661 1209 3705 versatur
1238 3668 1399 3706 omne
1425 3655 1755 3710 desiderium
1789 3669 2062 3715 nostrum.

2417 3313 2546 3349 ποτε
2582 3294 2715 3363 (60),
2749 3291 3130 3360 ἁλλ’ἑπιεικῆ,
3177 3291 3375 3359 πρᾶον,
3430 3289 3852 3357 ταπεινόφρονα,
3907 3282 3981 3356 μή

2412 3388 2728 3442 ἀποδιδόντα
2756 3387 2946 3447 κακὸν,
2994 3382 3344 3453 μεμνημένον
3396 3381 3507 3449 (Gl)
3556 3380 3649 3433 τοῦ
3697 3378 3982 3449 Κυριακοῦ

2411 3480 2570 3545 λόγου
2596 3476 2688 3530 τοῦ
2721 3477 2971 3545 λέγοντος
3003 3491 3016 3504 ·
3065 3474 3209 3528 Ἐάν
3239 3475 3326 3539 τίς
3367 3491 3440 3527 σε
3467 3475 3701 3540 ραπίσῃ
3738 3475 3824 3536 εις
3867 3471 3984 3539 τὴν

2413 3569 2623 3634 δεξιὰν
2653 3568 2927 3636 σιαγόνα,
2953 3565 3220 3635 στρέψον·
3249 3565 3409 3628 αὐτῷ
3455 3565 3552 3618 καὶ
3600 3564 3713 3630 τὴν
3740 3564 3945 3628 ἄλλην
3965 3579 3978 3594 ·

2418 3660 2517 3714 καὶ
2552 3660 2658 3712 τὸν
2678 3657 2932 3713 θέλοντα
2960 3656 3168 3710 λαϐεῖν
3201 3655 3309 3709 τὸν
3341 3654 3561 3723 χιτῶνά
3590 3670 3726 3716 σου,
3755 3654 3983 3716 ἀπόδος

733 3740 894 3805 αὖτῷ
942 3742 1038 3795 καὶ
1088 3745 1153 3796 τὸ
1203 3744 1453 3814 ἱμάτιον.
1517 3748 1626 3799 Καὶ
1669 3752 1850 3818 ἡμεῖς,
1911 3738 2296 3817 daal-palmet;
2335 3749 2674 3803 ’ἐλκουσιδιά
2703 3747 2793 3800 τὸν
2845 3746 3048 3816 Κύριον
3130 3743 3681 3814 ὲπακολουθήσωμεν,
3728 3745 3822 3796 καὶ
3891 3743 3984 3796 τὶν

735 3831 934 3891 ἔξωθεν
964 3835 1361 3903 ἀποδυσάμενοι
1393 3839 1677 3909 ἄνθρωπον
1704 3844 1816 3904 τοῖς
1886 3843 2099 3896 θέλουσι
2169 3843 2360 3897 τοῦτον
2401 3841 2844 3909 καταλείψωμεν,
2879 3837 3271 3906 σπουδὰτωμέν
3299 3854 3358 3889 τε
3390 3836 3694 3889 ἀνανεῶσαι
3719 3835 3808 3887 τὸν
3835 3835 3974 3886 ἔσω-

736 3926 850 3994 θεν,
881 3931 974 3984 καὶ
1009 3933 1144 4002 πρὸς
1170 3933 1260 3985 τὸν
1292 3927 1422 3986 Θεὸν
1461 3933 1650 3986 τοῦτον
1699 3937 2114 4006 ἀναπτερῶσαι,
2148 3939 2207 3990 ὲν
2252 3931 2295 4005 ᾧ
2337 3938 2488 3990 πᾶσα
2510 3935 2668 4006 ἡμῶν
2709 3934 2896 4003 ἔφεσις
2930 3930 3189 4000 ὑπάρχει·

814 4025 936 4080 llaec
967 4033 1021 4080 et
1076 4025 1184 4079 alia
1214 4026 1370 4095 plura
1403 4035 1534 4080 tunc
1569 4027 1846 4089 Stratoeli.
1876 4036 1929 4082 et
1953 4027 2036 4083 his
2061 4031 2152 4096 qui
2181 4043 2305 4083 cum

737 4132 804 4173 eo
834 4128 992 4171 erant
1043 4131 1168 4170 cum
1205 4117 1435 4172 dixisset
1483 4133 1581 4185 per
1612 4118 1790 4181 viam,
1834 4127 2197 4188 pervenerunt
2242 4123 2309 4175 ad

737 4209 920 4263 locum
959 4207 1050 4262 ubi
1109 4219 1229 4261 erat
1277 4207 1670 4264 conﬁciendus.
1724 4208 1792 4262 Et
1835 4210 2027 4265 videns
2070 4195 2306 4267 erectam

737 4314 958 4354 crucem
1003 4314 1172 4368 prope
1219 4315 1442 4354 arenam
1476 4303 1643 4356 maris
1671 4342 1684 4362 ,
1719 4301 2040 4371 relinquens
2095 4317 2308 4367 omnes,

739 4392 1009 4472 processit
1030 4391 1094 4444 ad
1123 4404 1364 4451 crucem.
1393 4401 1444 4444 et
1480 4392 1638 4460 quasi
1671 4391 1924 4446 animatae
1950 4392 2085 4445 dixit
2115 4407 2308 4462 magna

741 4499 878 4540 voce
914 4502 927 4538 :
960 4483 1140 4548 Salve,
1174 4497 1339 4549 crux;
1373 4491 1428 4536 tu
1467 4484 1610 4538 enim
1659 4494 1859 4538 enncto
1891 4485 2172 4540 hominum
2219 4499 2312 4554 ge-

745 4574 862 4630 neri
902 4576 1158 4643 gaudium
1195 4575 1496 4644 praehuisti,
1529 4590 1624 4643 per
1649 4591 1979 4646 suspensum
2019 4577 2073 4630 in
2111 4585 2164 4631 te
2190 4591 2314 4630 cor-

2483 4025 2671 4080 Ταῦτα
2724 4026 2817 4077 καὶ
2855 4023 3017 4090 ἓτερκ
3068 4021 3290 4075 πλείονα
3329 4021 3452 4074 τότε
3497 4020 3829 4089 Στρατοκλεῖ
3879 4025 3975 4074 καὶ

2417 4098 2528 4177 τοῖς
2563 4114 2661 4167 σὺν
2691 4111 2841 4180 αὑτῷ
2884 4109 3182 4178 διαλεχθεὶς
3209 4109 3353 4160 κατά
3387 4107 3486 4178 τὴν
3510 4107 3645 4170 ὁδὸν,
3678 4107 3978 4160 κατέλαϐον

2415 4209 2505 4261 τὸν
2534 4207 2695 4260 τόπον
2719 4204 2848 4257 ἔνθα
2878 4202 3080 4272 ῆμελλε
3110 4199 3470 4252 τελειοῦσθαι.
3499 4199 3608 4251 Καὶ
3642 4197 3980 4266 θεασάμενος

2419 4299 2702 4367 πεπηγότα
2732 4296 2824 4348 τὸν
2852 4293 3085 4363 σταυρὸν
3109 4293 3241 4360 πρὸς
3270 4292 3329 4343 τὸ
3360 4289 3533 4362 χεῖλος
3565 4290 3662 4357 τῆς
3683 4288 3982 4362 θαλασσίας

2414 4392 2665 4461 ψάμμου,
2696 4386 2983 4441 ἀπολιπὼν
3036 4385 3245 4446 πάντας
3303 4384 3555 4453 πρόσεισι
3605 4383 3694 4435 τὸν
3747 4380 3982 4461 eratlpr

2421 4483 2512 4534 καί
2569 4496 2754 4550 φησιν,
2805 4480 2879 4540 ὼς
2939 4477 3206 4546 ἐμψύχῳ,
3275 4474 3412 4544 μετά
3459 4475 3644 4542 φωνῆς
3713 4473 3978 4540 ἰσχυρᾶς·

2421 4572 2669 4641 Χαίροις,
2698 4565 2742 4624 ὦ
2765 4568 2990 4638 σταυρέ·
3027 4569 3090 4618 σὺ
3129 4565 3236 4636 γὰρ
3257 4567 3419 4618 παντὶ
3446 4565 3521 4634 τῷ
3545 4564 3653 4616 τῶν
3678 4562 3991 4632 ἀνθρώπων,

741 4667 1005 4739 poraliter
1028 4666 1122 4721 Dei
1143 4665 1375 4734 Filium;
1403 4667 1571 4734 salve,
1607 4682 1742 4722 crux
1765 4668 2000 4734 vivifica,
2031 4675 2114 4723 ter
2134 4668 2302 4732 beata,

2426 4663 2574 4732 γένει
2603 4661 2780 4732 χαρὰν
2820 4661 2913 4714 καὶ
2938 4657 3264 4726 ἀγαλλίασιν
3293 4655 3662 4724 προεξὲνησας
3689 4653 3774 4705 διά
3803 4653 3900 4709 τοῦ
3926 4653 3982 4739 ὲᾲν

741 4768 799 4814 et
835 4758 1034 4813 victrix
1071 4765 1346 4811 armatura
1381 4758 1502 4826 ejus
1532 4761 1621 4826 qui
1658 4760 1709 4813 in
1756 4769 1807 4814 te
1843 4759 2018 4816 libens
2059 4769 2316 4816 extensus

740 4855 847 4915 est,
874 4856 929 4903 et
955 4847 1186 4902 salravit
1215 4863 1298 4902 me
1331 4849 1627 4914 Immineat;
1654 4850 1823 4914 salve,
1852 4866 2010 4917 crux,
2036 4867 2158 4921 qure
2187 4852 2316 4921 ligni

745 4937 1164 4992 amaritudinem
1201 4952 1298 5007 per
1329 4953 1655 5007 suspensum
1695 4939 1749 4992 in
1786 4949 1836 4993 te
1867 4938 2147 4993 Christum
2171 4941 2317 4994 miti-

749 5029 911 5100 gasti,
958 5038 1012 5082 et
1058 5028 1260 5097 primos
1284 5037 1555 5098 parentes
1582 5045 1678 5097 per
1729 5030 1848 5098 ejus
1877 5045 2031 5084 esum
2067 5031 2318 5100 deceptos

748 5121 1043 5184 revocasti,
1086 5128 1140 5174 et
1177 5120 1243 5173 ad
1279 5120 1445 5174 vitam
1479 5120 1744 5177 reduxistl
1775 5122 2107 5190 pristinam;
2143 5123 2310 5185 salve,

751 5225 908 5278 crux,
948 5221 1004 5268 et
1027 5224 1154 5267 vere
1174 5211 1447 5281 gaudeas;
1482 5211 1618 5267 bene
1657 5212 1779 5266 novi
1810 5213 1938 5282 quid
1975 5213 2318 5283 requiescere
2355 5257 2361 5276 ,

832 5371 874 5405 ⁸⁸
896 5369 1090 5428 Matth.
1120 5385 1174 5437 ν,
1197 5373 1286 5438 39.
1314 5373 1405 5427 40.

3942 4735 3967 4756 τ

2425 4755 2507 4806 σοὶ
2555 4751 2836 4822 σαρκικῶς
2895 4749 3162 4815 παγέντος
3218 4747 3352 4799 Θεοῦ
3392 4747 3587 4811 Λόγου.
3646 4744 3892 4812 Χαίροις.
3937 4744 3981 4794 ὼ

2418 4844 2641 4910 σταυρὲ,
2674 4844 2733 4894 τὸ
2784 4843 3069 4914 ζωηφόρον
3104 4841 3198 4893 καὶ
3244 4836 3553 4908 τρισόλϐιον
3578 4835 3674 4888 καὶ
3694 4833 3978 4904 νικητικὸν

2416 4935 2580 4986 ὅπλον
2612 4933 2706 4986 τοῦ
2741 4933 2798 4983 ἐν
2837 4935 2920 4985 σοὶ
2953 4933 3208 5001 βουλήσει
3239 4927 3600 4988 τανυσθὲντος
3637 4927 3730 4977 καὶ
3772 4925 3978 5008 σώσανο

2417 5027 2508 5088 τός
2537 5042 2602 5095 με
2635 5025 2727 5078 τὸν
2763 5024 3068 5092 ἄνθρωπον.
3109 5020 3359 5089 Χαίροις,
3389 5016 3608 5087 σταυρὲ,
3641 5019 3667 5069 ό
3692 5014 3783 5068 τοῦ
3818 5015 3976 5082 ξύλου

2419 5119 2519 5182 τὴν
2563 5118 2767 5188 πικρὰν
2807 5115 2998 5184 γεῦσιν
3045 5113 3134 5166 διὰ
3176 5111 3268 5166 τοῦ
3325 5112 3383 5164 ὲν
3430 5111 3514 5163 σοὶ
3573 5107 3977 5181 κρεμασθέντος

2422 5211 2662 5274 Χριστοῦ
2692 5207 3109 5277 καταγλυκάνας
3143 5207 3237 5260 καὶ
3266 5205 3392 5268 τοὺς
3420 5202 3874 5275 πρωωπλάςτους
3895 5197 3977 5250 διὰ

2085 5462 2278 5524 νοτία)
2308 5436 2634 5526 iectiones.

837 5569 1183 5642 (57>1ηροᾱ.
1214 5569 1336 5626 Vat.
1369 5571 1522 5625 locus
1559 5572 1610 5624 in
1645 5570 1787 5624 hunc
1823 5569 2070 5642 modum‘
2101 5568 2318 5642 vitiatus

764 5637 1002 5709 legitur:
1041 5639 1323 5709 Σύγγνωτέ
1369 5658 1459 5709 μοι
1494 5643 1586 5693 καὶ
1642 5643 1819 5708 χάριν.
1873 5641 1932 5692 ἑν
1979 5640 2186 5705 τούτων
2239 5637 2316 5687 εί-

767 5725 925 5780 ματεί
941 5710 1344 5780 τῶνάποστόλω.
1370 5709 1446 5772 ὼς
1470 5709 1819 5780 παιδερ-σαντί
1853 5725 1962 5777 μοι.

846 5779 958 5848 (58)
987 5779 1142 5833 Μετά
1162 5779 1253 5832 τοῦ
1278 5781 1603 5848 Στρατοκλεῖ
1626 5776 1748 5830 ναι.

2517 5568 2606 5624 59)
2638 5565 2882 5634 Εὐθήτας
2897 5561 3031 5634 Xal-

2519 5637 2609 5705 60)
2637 5630 2860 5688 Πὼπυτε
2896 5630 3014 5705 Vat.

2497 5697 2608 5777 (6!)
2634 5704 3000 5774 Μεμνημένου
3029 5697 3148 5754 νει.
