4148 6334
674 354 790 419 255

1910 363 2192 427 EPIPHA
2205 361 2324 422 NII
2353 364 2704 428 MONACHI

3819 371 3939 438 256

674 463 1051 532 intelligentia:
1083 465 1421 533 ﬁrmitatem,
1450 480 1502 526 et
1552 472 1706 528 verbi
1735 473 2131 530 abundantiam
2160 516 2175 537 ,
2205 483 2248 531 e1

2362 476 2460 544 τῆς
2500 476 2744 540 διανοίας
2786 479 2882 531 καὶ
2929 481 2988 533 τὸ
3015 482 3147 536 πολὺ
3171 484 3262 537 τοῦ
3292 483 3450 552 λόγου
3494 485 3585 536 καὶ
3611 485 3669 536 τὸ
3694 489 3939 555 χρηστὸν

679 570 895 610 morum
924 557 1278 626 probitatem,
1320 573 1372 616 et
1405 564 1574 618 animi
1606 569 1971 623 constantiam
2005 608 2023 633 ,
2053 578 2105 623 et
2144 570 2254 638 spi-

675 648 818 702 ritus
858 649 1228 717 prudentiam,
1266 661 1320 705 et
1360 656 1557 710 mentis
1586 658 1940 714 stabilitatem
1964 700 1978 723 ,
2008 670 2059 715 et
2092 674 2253 730 argu-

679 741 1032 796 mentationis
1069 743 1466 813 sinceritatem,
1514 749 1779 820 indignati
1832 762 1997 817 sunt,
2024 762 2077 807 et
2121 769 2256 807 una-

681 831 912 886 nimiter
940 834 1263 889 festinantes
1295 837 1549 893 abierunt
1578 841 1646 895 ad
1706 844 1946 898 tribunal
1973 884 1988 908 ,
2021 845 2254 899 insimu-

689 920 864 975 lantes
895 920 1178 990 Egeatem
1223 934 1275 979 et
1311 927 1557 985 dicentes
1598 949 1611 984 :
1660 933 1892 986 Pravum
1945 935 2210 1002 judicium
2237 977 2250 1000 ,

679 1015 995 1079 proconsul,
1028 1016 1169 1070 male
1197 1020 1463 1086 statuisti,
1507 1021 1693 1092 inique
1717 1027 2014 1094 judicasti,
2049 1027 2253 1094 injusta

673 1103 876 1171 judicia
912 1115 1028 1171 tua,
1057 1109 1258 1178 injuste
1282 1114 1427 1182 regis
1461 1100 1689 1171 omnem.
1711 1119 1996 1182 Achaiam,
2029 1120 2253 1191 indigna

679 1197 922 1251 statuisti
959 1206 1149 1254 contra
1183 1203 1389 1270 justum
1420 1206 1720 1263 hominem.
1771 1209 1911 1275 Quid
1959 1213 2103 1265 enim
2157 1229 2254 1267 no-

679 1287 832 1342 cuit?
861 1289 956 1344 Vel
993 1291 1124 1362 quid
1162 1293 1328 1348 fecit?
1355 1294 1507 1361 Quod
1533 1301 1711 1352 scelus
1735 1302 2041 1369 eommisitj?
2055 1303 2256 1359 Omnes

678 1394 784 1433 nos
814 1381 964 1436 laedis
989 1425 1005 1450 ,
1043 1393 1151 1438 tota
1181 1385 1377 1441 civitas
1412 1399 1788 1444 commovetur
1821 1431 1836 1454 ,
1890 1395 2070 1449 omnis
2099 1395 2254 1464 plebs

675 1471 951 1527 turbatur.
989 1473 1066 1528 Ne
1107 1476 1327 1531 occidas
1353 1478 1600 1546 justum;
1629 1481 1695 1535 da
1749 1483 1906 1538 nobis
1973 1485 2251 1541 hominem

676 1571 950 1631 sanctum,
983 1581 1162 1636 neque
1212 1568 1515 1627 interﬁcias
1570 1573 1847 1628 hominem
1894 1576 2251 1647 religiosum,

674 1667 703 1703 a
733 1651 946 1708 duobus
981 1672 1117 1724 pene
1141 1658 1336 1716 diebus
1365 1678 1715 1731 suspensum,
1744 1673 1796 1719 et
1828 1666 2004 1722 adhuc
2039 1670 2254 1737 spiran-

677 1750 808 1795 tem.
843 1745 965 1812 Ipse
988 1748 1171 1802 cibum
1204 1766 1311 1804 non
1340 1768 1579 1819 sumens,
1610 1769 1711 1810 n0s
1748 1757 1932 1813 verbis
1957 1760 2072 1815 suis
2092 1762 2248 1817 aluit.

677 1832 892 1890 Eteece
936 1840 1208 1894 credimus
1267 1841 1376 1897 Deo
1427 1845 1494 1898 ab
1549 1860 1614 1901 eo
1668 1850 1980 1915 praedicam.
2030 1852 2249 1922 Depone

669 1922 908 1991 justum,
950 1937 1003 1982 et
1035 1945 1227 1986 omnes
1261 1942 1414 1988 recto
1475 1951 1693 2006 operam
1752 1941 2050 1998 dabimus:
2101 1945 2251 2002 solve

672 2015 1018 2085 prudentem,
1051 2031 1103 2075 et
1129 2038 1319 2080 omnes
1351 2025 1528 2083 Patrae
1550 2032 1721 2099 quieti
1782 2035 2030 2102 erimus;
2084 2039 2250 2095 libera

673 2104 912 2181 primum
940 2117 1215 2174 vocatum,
1245 2120 1296 2167 et
1329 2115 1506 2172 omnis
1540 2101 1742 2172 Achaia
1775 2136 1873 2190 per
1911 2132 1962 2176 te
1997 2101 2252 2178 liberam-

675 2204 785 2249 tur.
824 2195 892 2251 Ut
925 2209 1106 2257 autem
1134 2204 1369 2271 primum
1397 2208 1603 2262 audivit
1630 2209 1921 2281 Egeates,
1945 2219 2116 2270 turbae
2141 2235 2247 2273 non

673 2287 926 2350 promisit
956 2306 1015 2345 se
1044 2293 1256 2360 justum
1286 2296 1670 2354 absoluturum
1701 2321 1714 2368 ;
1750 2305 1847 2360 sed
1874 2309 2056 2376 potius
2083 2326 2248 2365 manu

671 2378 970 2443 annuebat,
1002 2393 1060 2436 ut
1095 2400 1124 2438 e
1162 2387 1419 2444 tribunali
1479 2396 1797 2451 recederent
1833 2417 1848 2466 ;
1897 2410 2047 2457 tanto
2103 2405 2246 2458 enim

672 2475 898 2536 stupore
932 2474 1220 2540 perculsus
1254 2487 1338 2531 est
1380 2480 1431 2533 in
1457 2480 1586 2547 hoc,
1620 2486 1812 2542 videns
1841 2491 2245 2550 multitudinem

672 2558 1005 2626 venientem,
1042 2572 1099 2617 ut
1134 2576 1316 2621 mutus
1349 2576 1609 2627 manserit
1640 2593 1653 2643 ;
1694 2576 1878 2634 furore
1912 2585 2107 2650 perciti
2143 2587 2247 2640 ali-

673 2648 805 2716 quid
836 2653 1109 2708 audebant
1140 2668 1331 2713 contra
1370 2677 1490 2716 eum
1542 2669 1765 2737 exsequi
1795 2707 1810 2733 ,
1844 2648 1999 2726 erant
2047 2677 2249 2746 quippe

675 2755 907 2796 numero
934 2748 1093 2812 quasi
1127 2750 1293 2802 mille.
1324 2751 1814 2827 Proconsuligitur
1837 2778 2023 2820 atncns
2049 2765 2244 2832 factus,

672 2838 728 2882 et
756 2833 964 2887 veritus
993 2852 1060 2889 ne
1092 2838 1222 2906 quid
1265 2841 1594 2898 seditiosum
1627 2857 1922 2914 pateretur,
1956 2869 2186 2924 surgens
2217 2871 2245 2911 ο

670 2920 926 2977 tribunali
959 2925 1068 2980 ihat
1103 2945 1225 2982 cum
1257 2931 1388 2997 illis,
1428 2936 1750 3003 promittens
1783 2955 1842 2994 se
1881 2920 2242 3000 liberaturum

669 3008 906 3071 justum.
949 3011 1358 3072 Praeveniebant
1393 3021 1554 3091 igitur
1577 3026 1717 3079 alter
1769 3029 1997 3085 alterum
2026 3073 2041 3096 ,
2102 3051 2245 3089 nun-

2278 1807 2325 1866 B

2358 567 2451 621 τοῦ
2477 569 2640 637 ἠθους
2671 572 2756 622 mi
2785 571 2842 622 ’.ὅ
2874 570 3138 637 εὐσταθὲς
3165 574 3265 644 τῆς
3301 576 3477 646 ψυχῆς
3505 577 3597 629 καὶ
3629 579 3689 630 τὸ
3714 579 3828 646 σῶφ
3842 597 3936 648 ρον

2357 660 2451 713 τοῦ
2494 661 2806 731 πνεύματος
2838 665 2933 716 καὶ
2973 666 3033 715 τὸ
3069 666 3281 735 ἑδραῖον
3317 667 3410 718 τοῦ
3446 669 3535 719 νοῦ
3578 670 3672 721 καὶ
3705 669 3764 720 τδ
3797 671 3932 721 εἰλι-

2358 754 2546 822 κρινὲς
2578 755 2672 805 τοῦ
2722 754 3007 824 λογισμοῦ,
3049 758 3537 828 ἀγανακτήσαντες
3583 761 3933 828 ὁμοθυμαδὸν

2360 842 2690 906 σπεύδοντες
2726 844 2974 914 ἀπῄεσαν
3014 848 3093 907 είς
3135 848 3195 900 τὸ
3230 848 3380 917 βῆμα
3422 851 3802 912 καταϐοῶντες
3836 851 3933 902 τοῦ

2358 933 2625 999 Αίγεάτου
2647 939 2741 988 καὶ
2761 936 3034 1005 λέγοντες·
3058 940 3250 1008 Κακὴν
3277 940 3458 1008 κρίσιν
3476 942 3609 1010 (68),
3629 943 3932 1003 ἁνθύπατε,

2358 1028 2544 1087 κακῶς
2579 1027 2858 1090 ἐδίκασας,
2880 1031 3110 1092 ἀνοσίως
3141 1030 3386 1101 ἔκρινας,
3427 1035 3722 1102 παράνομα
3755 1033 3822 1084 τὰ
3849 1034 3931 1086 δι-

2357 1120 2635 1189 καστήριὰ
2680 1138 2795 1186 σου,
2829 1122 3027 1184 ἀδίκως
3064 1124 3288 1187 διοικεῖς
3335 1125 3634 1194 τὴνπᾶσαν
3677 1127 3928 1194 Ἀχαΐαν,

2358 1210 2594 1275 ἀναξίως
2619 1213 2882 1281 ἀπεφήνω
2913 1215 3052 1266 κατά
3094 1213 3186 1266 τοῦ
3233 1216 3447 1269 δικαίου
3484 1219 3696 1288 ἀνδρός.
3722 1217 3789 1271 Τί
3820 1217 3933 1288 γὰρ

2358 1300 2648 1370 ἡδίκησεν;
2682 1304 2713 1373 ἢ
2737 1305 2789 1356 τί
2811 1305 3096 1373 Erret-qam;
3121 1305 3279 1359 ποίαν
3305 1308 3579 1377 ἁμαρτίαν
3607 1310 3929 1379 εἰργάσω-ω

2358 1394 2572 1458 Πάντας
2621 1397 2770 1465 ἡμᾶς
2820 1398 3050 1462 ἀδικεῖς,
3102 1402 3250 1452 πᾶσα
3302 1403 3335 1469 ἠ
3377 1403 3532 1464 πόλις
3590 1403 3934 1473 θορυϐεῖται,

2358 1488 2465 1549 πᾶς
2503 1489 2529 1538 6
2579 1487 2752 1556 δῆμος
2789 1490 3137 1560 ταράττεται.
3192 1484 3283 1562 Μὴ
3332 1493 3658 1565 ἀποκτείνῃς
3714 1495 3805 1546 τὸν
3847 1495 3929 1547 δί-

2357 1592 2546 1630 καιον·
2598 1578 2824 1648 χάρισαι
2875 1582 3008 1649 ἡμῖν
3062 1582 3232 1652 ἄνδρα
3277 1584 3455 1636 ὅσιον·
3511 1584 3586 1654 μὴ
3633 1583 3688 1636 δὲ
3731 1584 3930 1656 ἀνέλῃς

2355 1667 2645 1736 ἄνθρωπον
2733 1670 2975 1741 εὐσεϐῆ,
3025 1672 3149 1724 δυσὶ
3232 1675 3417 1742 σχεδὸν
3492 1675 3727 1744 ἡμέραις
3798 1692 3931 1744 κρε-

2333 1753 2607 1822 ·μάμενον
2671 1757 2764 1809 καί
2835 1759 2914 1809 ἔτι
2973 1760 3300 1828 ἐμπνέοντα.
3359 1762 3531 1826 Αὐτὸς
3587 1764 3794 1834 τροφῆς
3848 1765 3925 1835 μὴ

2359 1845 2650 1913 μετασχὼν
2706 1847 2854 1915 ἡμᾶς
2905 1849 3014 1902 τῶν
3042 1850 3216 1917 λόγων
3255 1852 3422 1905 αὑτοῦ
3475 1854 3786 1923 ἐχόρτασεν.
3819 1856 3933 1907 Καὶ

2358 1935 2466 1987 ίδοί)
2526 1935 2858 2006 πιστεύομεν
2918 1938 2994 2008 τῷ
3049 1941 3142 1993 ὑπ’
3176 1942 3340 1994 αὐτοῦ
3374 1946 3930 2016 κηρυττομένῳθείῖ·,

2354 2017 2564 2078 Κάθελε
2615 2027 2705 2079 τὸν
2736 2029 2968 2095 δίκαιον,
3035 2031 3128 2084 καὶ
3189 2033 3392 2096 πάντες
3455 2036 3929 2106 φιλοσοφήσομεν*

2353 2114 2514 2169 λῦσον
2542 2118 2631 2170 τὸν
2681 2111 2956 2189 σῶφρονα,
3004 2122 3099 2173 καὶ
3148 2122 3265 2175 ὅλαι
3314 2126 3368 2176 αί
3420 2126 3633 2197 Πάτραι
3675 2128 3932 2199 εἰρηνεύ-

2355 2220 2562 2273 σομενο
2607 2206 2878 2260 ἀπόλυσον
2951 2209 3042 2260 τὸν
3110 2211 3499 2282 πρωτόκλητον
3537 2254 3550 2278 ,
3621 2215 3712 2266 καὶ
3779 2217 3935 2269 πᾶσα

2353 2294 2386 2362 ἡ
2418 2294 2611 2363 Ἀχαΐα
2664 2295 2774 2367 (69)
2850 2297 2937 2351 διὰ
2984 2298 3076 2350 σοῦ
3148 2298 3668 2372 ἐλευθερωθήσεται.
3733 2308 3821 2369 Ὠς
3872 2306 3933 2361 δὶ

2357 2385 2549 2452 πρῶτα
2582 2389 2681 2454 μὲν
2727 2389 3081 2456 παρήκουσεν
3112 2393 3139 2443 6
3167 2392 3460 2461 Αίγεάτης,
3503 2395 3578 2465 μὴ
3619 2395 3935 2468 ὑποσχόμε-

2354 2491 2443 2534 νος
2469 2475 2547 2543 τῷ
2612 2476 2755 2545 ὄχλῳ
2803 2478 3062 2532 ἀπολύειν
3117 2481 3209 2534 τὸν
3255 2482 3484 2548 δίκαιον,
3518 2485 3654 2539 ἀλλά
3720 2488 3930 2553 μᾶλλον

2353 2564 2504 2618 ἔνευε
2543 2569 2607 2634 τῇ
2645 2567 2790 2636 χειρὶ
2835 2568 3142 2642 ἀναχωρεῖν
3169 2573 3262 2625 τοῦ
3294 2573 3568 2644 βήματος·
3601 2579 3850 2633 κατεπλά
3866 2596 3928 2648 (η

2353 2659 2461 2728 γὰρ
2510 2660 2765 2711 τοσοῦτον
2820 2662 2922 2713 ἐπ’
2946 2663 3092 2733 αύτῷ
3153 2666 3355 2730 πλῆθος
3386 2669 3539 2721 ἐπιὸν
3569 2669 3928 2740 θεασάμενος,

2352 2748 2448 2800 καὶ
2471 2747 2683 2814 ἄφωνος
2712 2750 2927 2822 ἔμεινεν
2949 2768 2962 2782 °
2997 2753 3173 2824 θυμοῦ
3208 2757 3540 2825 πλησθέντες
3556 2760 3796 2829 ἐτόλμων
3812 2760 3928 2832 (70)

2351 2853 2403 2888 τι
2433 2840 2509 2900 είς
2539 2839 2704 2891 αὐτὸν
2730 2842 3158 2913 διαπράξασθαι,
3190 2845 3344 2908 ὄντες
3373 2847 3466 2900 τὸν
3517 2849 3754 2920 ἀριθμὸν
3793 2853 3928 2904 ὡσεὶ

2353 2930 2535 2996 χίλιοι.
2591 2931 2647 2983 '0
2678 2927 2771 2986 οὖν
2810 2934 3120 2998 ἀνθύπατος
3186 2937 3439 3008 ἐμμανὴς
3492 2940 3786 3008 γενόμενος
3833 2944 3928 2995 καὶ

2351 3019 2557 3085 δεδιὼς,
2595 3024 2668 3092 μή
2720 3041 2774 3074 τι
2805 3027 3134 3095 νεωτερικὸν
3174 3027 3357 3089 πάθοι,
3402 3029 3645 3090 ἀναστὰς
3671 3032 3779 3084 ἀπὸ
3834 3032 3924 3084 τοῦ

671 3101 842 3153 t'ante
875 3105 1123 3169 apostolo
1156 3117 1209 3160 et
1237 3109 1458 3178 reliqua:
1504 3115 1839 3172 multitudini
1889 3137 2008 3190 qua:
2061 3127 2245 3182 aderat

2353 3111 2598 3180 βήματος
2635 3115 2936 3184 ἐπορεύετο
2964 3118 3059 3169 σὺν
3092 3119 3300 3180 αὐτοῖς,
3335 3120 3771 3190 ὑπισχνούμενος
3790 3124 3927 3176 dno-

669 3190 740 3255 ei,
776 3191 1148 3260 signiﬁcantes
1185 3213 1345 3266 quam
1377 3203 1444 3254 ob
1476 3219 1699 3260 causam
1753 3214 2046 3276 proconsul
2099 3219 2249 3271 veni-

668 3288 771 3334 ret.
812 3279 876 3333 Et
909 3300 1031 3338 cum
1060 3287 1146 3340 ille
1177 3289 1508 3359 advenisset,
1547 3296 1726 3351 Ite-tata
1759 3311 1843 3355 est
1869 3307 2050 3358 omnis
2085 3310 2245 3363 turba

676 3372 1076 3442 discipulorum
1111 3393 1233 3433 cum
1293 3380 1623 3449 Maximilla,
1692 3397 1745 3442 et
1807 3390 2120 3461 Ephidatnia
2191 3407 2246 3452 et

691 3461 978 3522 Stratocle.
1012 3470 1251 3527 Audiens
1276 3483 1458 3528 autem
1493 3476 1685 3534 beatus
1711 3479 1953 3539 Andreas
1975 3488 2141 3558 carpit
2162 3490 2249 3543 di«

673 3569 840 3609 cere:
874 3555 918 3613 Ο
952 3575 1143 3632 magna
1177 3566 1436 3633 segnities
1466 3576 1518 3622 et
1542 3566 1916 3640 incredulitas,
1955 3586 2008 3630 et
2037 3555 2248 3648 simpli-

672 3645 816 3703 citas
853 3663 1041 3716 eorum
1071 3654 1163 3722 qui
1195 3672 1221 3707 a
1255 3671 1342 3710 me
1365 3657 1546 3714 edocti
1581 3670 1710 3715 sunt
1739 3663 1753 3713 1
1787 3663 2000 3729 Quanta
2032 3645 2246 3727 locutus

675 3750 846 3805 usque
885 3753 1029 3793 nunc
1055 3781 1068 3804 ,
1108 3757 1215 3797 non
1253 3747 1502 3812 persuasi
1533 3748 1740 3805 amicos
1772 3766 1922 3806 meos
1945 3794 1958 3820 ,
1987 3763 2046 3808 ut
2094 3756 2247 3828 fuge-

671 3837 797 3882 rent
833 3837 1175 3886 terrenarum
1208 3835 1593 3905 aﬂectionem;
1630 3841 1727 3896 sed
1759 3843 1938 3900 adhuc
1992 3847 2079 3903 his
2130 3851 2249 3903 vln-

677 3920 922 3986 ciuntur,
958 3933 1012 3978 et
1044 3923 1099 3978 in
1143 3925 1212 3982 iis
1244 3941 1485 3996 manent,
1517 3946 1619 3986 nec
1651 3934 1838 4009 volunt
1864 3936 1932 3990 ab
1957 3939 2037 3993 eis
2093 3955 2250 4010 sepa-

675 4011 786 4064 rari
815 4013 827 4065 l
858 4010 990 4078 Qua:
1035 4015 1159 4070 talis
1187 4018 1449 4086 amicitia,
1486 4029 1538 4076 et
1568 4008 1742 4088 amer,
1776 4035 1829 4081 et
1854 4030 2093 4086 carnalis
2116 4008 2247 4087 atie-

672 4101 814 4155 ctio!
846 4103 1146 4174 Quousque
1179 4110 1480 4167 mundanis
1521 4123 1574 4167 et
1625 4110 2018 4185 temporalibus
2065 4123 2250 4180 adhae-

675 4188 907 4244 rebitis?
934 4191 1165 4257 Quando
1189 4198 1405 4252 tandem
1433 4216 1554 4270 quae
1592 4219 1755 4272 supra
1788 4221 1885 4261 vos
1916 4218 2045 4264 sunt
2081 4211 2246 4268 intel-

676 4278 875 4348 ligetis,
916 4291 968 4335 et
991 4299 1111 4353 quin
1154 4285 1262 4343 huc
1295 4295 2246 4362 suntapprehenderefestinabitis?

680 4368 856 4425 Sinite
892 4388 976 4429 me
1003 4375 1219 4430 tandem
1279 4379 1332 4431 in
1358 4381 1545 4435 habitu
1569 4398 1730 4451 quem
1761 4385 1958 4442 videtis
1983 4390 2243 4460 interimi,

2349 3201 2497 3253 λύειν
2521 3204 2610 3255 τὸν
2640 3204 2875 3262 δίκαιον.
2915 3207 3269 3277 Προέφθανον
3301 3209 3393 3263 οὖν
3432 3212 3588 3274 ἄλλος
3617 3213 3709 3264 τὸν
3736 3214 3932 3281 ἕτερον

2351 3293 2783 3362 ἀπαγγέλλοντες
2812 3296 2889 3366 τῷ
2923 3299 3211 3370 ᾁποστόλῳ
3257 3303 3349 3355 καὶ
3379 3303 3457 3372 τῷ
3483 3304 3654 3374 λοιπῷ
3681 3305 3823 3375 ὄχλῳ
3847 3307 3928 3377 τῷ

2351 3390 2724 3458 παρεστηκότι
2766 3390 2937 3460 αὐτῷ,
2971 3393 3272 3461 μηνύοντες
3313 3395 3424 3466 (Ἠ)
3459 3397 3526 3449 δι’
3572 3397 3639 3466 ἢν
3689 3398 3866 3451 αἰτίαν
3900 3403 3930 3452 6

2350 3476 2663 3540 ἀνθύπατος
2716 3479 3106 3550 παραγίνεται.
3149 3485 3258 3536 Καὶ
3305 3483 3498 3538 τούτου
3548 3487 3640 3539 οὖν
3696 3490 3932 3556 ἐφθακό-

2349 3583 2440 3630 τος
2499 3569 2614 3636 (72)
2653 3569 2840 3639 ἔχαιρε
2873 3560 2984 3635 πᾶς
3025 3573 3054 3624 6
3105 3572 3265 3645 ὄχλος
3305 3574 3414 3629 τῶν
3469 3577 3932 3647 μαθητευθέντων

2351 3656 2471 3726 ἅμα
2498 3660 2562 3728 τῇ
2591 3657 2908 3732 Μαξιμίλλῃ
2930 3660 3024 3714 καὶ
3054 3665 3119 3732 τῇ
3163 3662 3458 3736 Ἐφιδαμίᾳ
3499 3667 3594 3719 καὶ
3641 3667 3719 3737 τῷ
3746 3670 3930 3737 Στρα-

2349 3748 2548 3800 τοκλεῖ.
2591 3749 2856 3813 Ἀκούσας
2908 3752 2966 3804 δὲ
2997 3754 3025 3806 ό
3078 3756 3353 3826 μακάριος
3398 3757 3661 3827 Ἀνδρέας
3717 3759 3923 3829 ἤρξατο

2349 3839 2528 3907 λέγειν
2549 3856 2563 3870 ο
2590 3836 2659 3893 Ὦ
2686 3842 2906 3912 ὴπολλὴ
2931 3845 3141 3916 νωθρία
3180 3847 3274 3899 καὶ
3301 3848 3552 3901 ἀπείθεια
3572 3849 3664 3902 καὶ
3686 3850 3930 3922 ἁπλότης

2347 3929 2456 3983 τῶν
2491 3931 2581 3984 ὑπ’
2617 3932 2750 4001 ἐμοῦ
2783 3933 3266 4005 μαθητευθὲντωνί
3300 3940 3448 3991 Πόσα
3488 3941 3728 4010 εἰρηκὼς
3761 3943 3928 4013 μέχρι

2347 4022 2444 4075 τοῦ
2495 4023 2590 4076 νῦν
2644 4023 2745 4079 οὐκ
2795 4026 2990 4081 ἔπεισα
3031 4028 3143 4100 (73)
3191 4029 3321 4093 τοὺς
3367 4031 3567 4097 ίδίους,
3597 4036 3788 4100 φυγεῖν
3824 4035 3928 4105 τῆς

2350 4109 2729 4184 προσπαθείας
2756 4119 2866 4172 τῶν
2899 4120 3104 4190 γηΐνων
3124 4135 3140 4149 ·
3175 4122 3304 4174 ἀλλ’
3328 4122 3408 4176 ἔτι
3441 4123 3653 4184 τούτοις
3680 4125 3924 4180 δέδενται

2350 4203 2446 4256 καὶ
2477 4205 2535 4258 ὲν
2563 4206 2748 4268 αὐτοῖς
2775 4207 3131 4278 ἐμμένουσιν,
3163 4211 3260 4264 καὶ
3293 4213 3352 4264 ού
3384 4212 3674 4281 βούλονται
3717 4215 3923 4271 τούτων

2349 4291 2677 4362 ἀποστῆναι.
2711 4295 2804 4358 Τίς
2845 4299 2878 4366 ἡ
2929 4297 3167 4369 τοσαύτη
3209 4299 3363 4367 φιλία
3396 4302 3493 4354 καὶ
3525 4304 3550 4356 6
3579 4302 3719 4372 ἔρως
3753 4304 3846 4357 καὶ
3885 4307 3920 4377 ἠ

2351 4383 2486 4452 πρὸς
2514 4386 2613 4453 τὴν
2639 4387 2818 4456 σάρκα
2852 4390 3112 4459 συνήθεια
3139 4409 3153 4457 ;
3188 4391 3294 4454 ἕως
3324 4392 3471 4456 τίνος
3499 4397 3606 4458 τοῖς
3637 4399 3923 4465 κοσμικοτς

678 4475 777 4514 nec
813 4461 922 4515 ullo
962 4465 1123 4518 modo
1159 4483 1243 4521 me
1279 4471 1569 4540 quisquam
1605 4473 1672 4527 ab
1705 4475 1791 4529 his
1849 4479 2081 4536 vinculis
2128 4485 2245 4539 sol-

2352 4477 2444 4527 καὶ
2482 4478 2842 4548 προσκαίροις
2881 4483 3251 4552 προσανέχετε
3277 4500 3292 4550 ;
3324 4485 3425 4547 ἕως
3448 4487 3579 4539 πότε
3616 4461 3830 4540 συνίετε
3853 4489 3924 4543 τὰ

674 4559 765 4603 vat
793 4567 809 4605 :
843 4551 923 4607 sic
953 4556 1097 4608 enim
1129 4559 1258 4611 mihi
1294 4569 1440 4615 sorte
1472 4563 1638 4626 exiit,
1676 4568 2014 4636 peregrinari
2043 4587 2112 4626 ex
2143 4575 2247 4630 hoc

674 4655 926 4710 corpore,
957 4653 1009 4697 et
1031 4645 1251 4716 adjungi
1279 4649 1344 4702 ad
1374 4651 1684 4718 Dominum,
1716 4658 1802 4711 cui
1837 4661 2089 4718 confixus
2120 4679 2244 4719 sum

677 4733 850 4797 cruci,
883 4735 1028 4802 quod
1061 4747 1113 4791 et
1145 4738 1256 4793 ﬁet.
1295 4740 1359 4795 Et
1387 4758 1687 4800 conversus
1752 4749 1890 4804 dixit
1932 4753 1999 4805 ad
2051 4753 2248 4823 Egest-

2346 4566 2489 4635 ὑπὲρ
2523 4569 2688 4638 ὑμᾶς,
2722 4571 2817 4622 καὶ
2844 4571 2915 4624 τὰ
2950 4575 3070 4625 ἐκεῖ
3093 4575 3549 4644 καταλαμϐάνειν
3583 4579 3922 4647 ἑπείγεσθες

2349 4660 2553 4726 Ἀφετέ
2580 4677 2646 4729 με
2675 4663 2864 4718 λοιπὸν
2897 4666 2955 4717 ὲν
2980 4667 3059 4733 τῷ
3083 4669 3328 4738 σχήματι
3351 4662 3394 4735 ᾧ
3415 4671 3583 4740 ὁρᾶτε
3615 4671 3918 4744 ἀναιρεθῆ-

2345 4767 2454 4809 ναι.
2489 4755 2583 4803 καὶ
2621 4755 2892 4825 μηδαμῶς
2923 4757 3033 4808 τῶν
3064 4759 3190 4829 τῇδε
3223 4761 3442 4831 δεσμῶν
3469 4761 3685 4814 λυσάτω
3718 4763 3786 4833 μέ
3807 4780 3915 4828 τιςο

677 4830 786 4875 tem
821 4821 904 4877 :0
926 4827 1244 4894 proconsul,
1275 4830 1406 4900 quid
1441 4834 1626 4888 adhuc
1655 4839 1721 4890 ad
1754 4853 1854 4894 nos
1876 4841 2029 4897 venis
2055 4843 2078 4896 ?
2106 4821 2246 4910 Quid

2352 4839 2489 4894 οὕτω
2526 4821 2635 4916 γάρ
2678 4821 3192 4917 μοι-κεκλήρωται,
3227 4853 3292 4903 ὲκ
3324 4821 3541 4904 ’τούτου
3599 4821 3916 4924 ἐκδημῆσαι

672 4926 927 4980 quaerens
961 4920 1230 4986 usquead
1263 4936 1364 4976 nos
1412 4923 1789 4983 descendisti?
1845 4931 2014 5000 Cujus
2066 4950 2236 4991 causa

676 5003 892 5061 alienus
930 5015 984 5060 et
1014 5007 1270 5066 inimicus
1333 5027 1520 5070 noster
1557 5019 1825 5078 exsistens
1875 5025 2118 5080 venisti?
2157 5027 2248 5081 Vel

678 5091 811 5158 quid
849 5099 1291 5171 agerejcogitans
1315 5103 1339 5156 i
1363 5106 1505 5171 Quid
1537 5116 1808 5166 attentare
1861 5114 2096 5170 volens?
2121 5116 2248 5171 Sol-

679 5196 808 5237 rere
834 5199 936 5239 nos
960 5187 1030 5242 ab
1062 5189 1146 5246 his
1194 5193 1476 5251 vinculis?
1543 5197 1649 5254 Sed
1703 5216 1814 5256 non
1868 5205 2047 5260 solves
2103 5221 2244 5272 nos,

679 5270 961 5342 diseases.
1013 5294 1117 5335 nec
1145 5282 1411 5352 reduces;
1447 5303 1547 5345 nec
1574 5291 1620 5347 si
1653 5294 1837 5348 omnia
1887 5295 2028 5350 bona
2059 5305 2146 5350 tua
2192 5304 2245 5352 te

2350 4932 2445 4986 τοῦ
2475 4933 2727 5004 σώματος
2756 4938 2852 4990 καὶ
2876 4938 3181 5009 ἐνδημῆσαι
3205 4940 3341 5009 πρὸς
3369 4941 3458 4994 τὸν
3487 4943 3715 5014 Κύριον,
3744 4939 3788 5013 ᾧ
3820 4949 3919 5002 καὶ

2350 5027 2842 5097 συνεσταύρωμαι,
2893 5029 3028 5098 ὅπερ
3108 5030 3172 5100 δὴ
3251 5032 3346 5084 καὶ
3417 5035 3729 5103 γενήσεται.
3785 5037 3904 5090 Καὶ

2350 5118 2615 5186 στραφεὶς
2643 5116 2764 5172 εἷπε
2805 5120 2946 5190 πρὸς
2971 5119 3065 5172 τὸν
3097 5121 3402 5192 Αίγεάτην’
3433 5119 3504 5176 Ὠ
3533 5125 3836 5192 ἀνθύπατε,
3861 5127 3919 5180 τί

2350 5207 2516 5260 πάλιν
2555 5208 2692 5278 πρὸς
2718 5211 2868 5280 ἡμᾶς
2914 5212 3344 5280 παραγέγοναςς
3393 5212 3445 5265 τί
3499 5212 3679 5283 ζητῶν
3722 5216 3920 5285 μέχρις

2348 5299 2502 5368 ἡμῶν
2527 5301 2826 5365 κατέλαϐες
2847 5319 2863 5370 ;
2887 5302 3035 5366 τίνος
3064 5302 3253 5358 ἕνεκεν
3283 5301 3569 5375 ἀλλότριος
3603 5306 3698 5360 καὶ
3721 5306 3920 5380 ιχθρὺς

1987 5475 2185 5538 ναι-ιω
2214 5473 2546 5542 lectiones.

744 5597 860 5668 (68)
891 5600 1052 5671 Κακῆ
1077 5605 1272 5725 κρίσης
1317 5606 1431 5663 Vat.

745 5669 861 5725 169)
895 5670 1050 5724 Πᾶσα
1085 5673 1100 5691 ’
1151 5675 1275 5725 γαΐα
1313 5677 1429 5725 Vat.

890 5669 1050 5744 ρᾶσα
1085 5669 1275 5744 ’Ᾱχαΐα
1313 5677 1429 5733 Vat.

747 5738 860 5804 (70)
890 5738 1180 5800 Ἐτόλμουν
1213 5745 1328 5804 Vat.

2444 5621 2529 5692 7|)
2549 5619 2776 5692 ’Μηνύον
2808 5621 2931 5680 Vat.

2445 5691 2530 5760 73)
2565 5691 2908 5759 ιιεφθακότος
2939 5692 3061 5760 V_at.

2448 5757 2534 5822 '73)
2563 5757 2894 5830 Ἐπείσαμεν
2934 5757 3052 5819 Vat.
