  <div class='ocr_page' id='page_1' title='image "/cluster/home/n/w/nwhite01/storage/ocr_20150623/120/pst.000005714353/136.png"; bbox 0 0 4148 6334; ppageno 0'>
   <div class='ocr_carea' id='block_1_1' title="bbox 174 404 277 471">
    <p class='ocr_par' dir='ltr' id='par_1_1' title="bbox 174 404 277 471">
     <span class='ocr_line' id='line_1_1' title="bbox 174 404 277 471; baseline 0.01 -1"><span class='ocrx_word' id='word_1_1' title='bbox 174 404 277 471; x_wconf 75' lang='lat'><strong>257</strong></span> 
     </span>
    </p>
   </div>
   <div class='ocr_carea' id='block_1_2' title="bbox 1468 404 2112 471">
    <p class='ocr_par' dir='ltr' id='par_1_2' title="bbox 1468 404 2112 471">
     <span class='ocr_line' id='line_1_2' title="bbox 1468 404 2112 471; baseline 0.002 0"><span class='ocrx_word' id='word_1_2' title='bbox 1468 404 1646 471; x_wconf 75' lang='lat' dir='ltr'>VITA</span> <span class='ocrx_word' id='word_1_3' title='bbox 1675 407 1735 467; x_wconf 93' lang='lat' dir='ltr'><strong>S.</strong></span> <span class='ocrx_word' id='word_1_4' title='bbox 1778 406 2112 471; x_wconf 71' lang='lat' dir='ltr'><strong>ANDREB</strong></span> 
     </span>
    </p>
   </div>
   <div class='ocr_carea' id='block_1_3' title="bbox 3295 426 3397 491">
    <p class='ocr_par' dir='ltr' id='par_1_3' title="bbox 3295 426 3397 491">
     <span class='ocr_line' id='line_1_3' title="bbox 3295 426 3397 491; baseline 0.02 -2"><span class='ocrx_word' id='word_1_5' title='bbox 3295 426 3397 491; x_wconf 79' lang='lat'><strong>258</strong></span> 
     </span>
    </p>
   </div>
   <div class='ocr_carea' id='block_1_4' title="bbox 164 512 1725 596">
    <p class='ocr_par' dir='ltr' id='par_1_4' title="bbox 164 512 1725 586">
     <span class='ocr_line' id='line_1_4' title="bbox 164 512 1725 586; baseline 0.001 -19"><span class='ocrx_word' id='word_1_6' title='bbox 164 515 312 586; x_wconf 80' lang='grc' dir='ltr'>ήμῶν</span> <span class='ocrx_word' id='word_1_7' title='bbox 348 512 423 565; x_wconf 82' lang='grc' dir='ltr'><strong>ὢν</strong></span> <span class='ocrx_word' id='word_1_8' title='bbox 455 512 780 583; x_wconf 73' lang='grc' dir='ltr'>προσέρχῂς</span> <span class='ocrx_word' id='word_1_9' title='bbox 814 513 845 582; x_wconf 81' lang='grc' dir='ltr'>ἢ</span> <span class='ocrx_word' id='word_1_10' title='bbox 909 512 960 566; x_wconf 85' lang='grc' dir='ltr'><strong>τί</strong></span> <span class='ocrx_word' id='word_1_11' title='bbox 1005 512 1115 586; x_wconf 73' lang='grc' dir='ltr'><strong>(Ἠ)</strong></span> <span class='ocrx_word' id='word_1_12' title='bbox 1162 514 1458 586; x_wconf 73' lang='grc' dir='ltr'><strong>διαπρᾶξαι</strong></span> <span class='ocrx_word' id='word_1_13' title='bbox 1494 516 1725 571; x_wconf 80' lang='grc' dir='ltr'>διανοού·</span> 
     </span>
    </p>
   </div>
   <div class='ocr_carea' id='block_1_5' title="bbox 1827 512 3396 596">
    <p class='ocr_par' dir='ltr' id='par_1_5' title="bbox 1839 518 3396 596">
     <span class='ocr_line' id='line_1_5' title="bbox 1839 518 3396 596; baseline 0.014 -25"><span class='ocrx_word' id='word_1_14' title='bbox 1839 518 2202 589; x_wconf 86' lang='lat' dir='ltr'><strong>spoponderis</strong></span> <span class='ocrx_word' id='word_1_15' title='bbox 2238 520 2517 587; x_wconf 82' lang='lat' dir='ltr'><strong>daturum,</strong></span> <span class='ocrx_word' id='word_1_16' title='bbox 2553 524 2890 584; x_wconf 82' lang='lat' dir='ltr'><strong>conlide&#39;mus</strong></span> <span class='ocrx_word' id='word_1_17' title='bbox 2927 531 3045 587; x_wconf 77' lang='lat' dir='ltr'><strong>tibi:</strong></span> <span class='ocrx_word' id='word_1_18' title='bbox 3083 531 3205 591; x_wconf 62' lang='lat' dir='ltr'><strong>Herc</strong></span> <span class='ocrx_word' id='word_1_19' title='bbox 3254 539 3396 596; x_wconf 84' lang='lat' dir='ltr'><strong>enim</strong></span> 
     </span>
    </p>
   </div>
   <div class='ocr_carea' id='block_1_6' title="bbox 171 602 1721 678">
    <p class='ocr_par' dir='ltr' id='par_1_6' title="bbox 171 602 1721 678">
     <span class='ocr_line' id='line_1_6' title="bbox 171 602 1721 678; baseline 0.001 -22"><span class='ocrx_word' id='word_1_20' title='bbox 171 620 349 676; x_wconf 74' lang='grc' dir='ltr'>μενοςς</span> <span class='ocrx_word' id='word_1_21' title='bbox 383 602 436 655; x_wconf 79' lang='grc' dir='ltr'><strong>τί</strong></span> <span class='ocrx_word' id='word_1_22' title='bbox 492 603 769 672; x_wconf 81' lang='grc' dir='ltr'>τολμῆσαι</span> <span class='ocrx_word' id='word_1_23' title='bbox 816 602 1175 674; x_wconf 86' lang='grc' dir='ltr'>βουλόμενος;</span> <span class='ocrx_word' id='word_1_24' title='bbox 1221 606 1383 662; x_wconf 83' lang='grc' dir='ltr'>λῦσαι</span> <span class='ocrx_word' id='word_1_25' title='bbox 1435 609 1582 678; x_wconf 84' lang='grc' dir='ltr'>ἡμᾶς</span> <span class='ocrx_word' id='word_1_26' title='bbox 1614 606 1721 661; x_wconf 85' lang='grc' dir='ltr'><strong>τῶν</strong></span> 
     </span>
    </p>
   </div>
   <div class='ocr_carea' id='block_1_7' title="bbox 163 693 1725 768">
    <p class='ocr_par' dir='ltr' id='par_1_7' title="bbox 163 693 1725 768">
     <span class='ocr_line' id='line_1_7' title="bbox 163 693 1725 768; baseline 0.003 -21"><span class='ocrx_word' id='word_1_27' title='bbox 163 695 277 764; x_wconf 69' lang='grc' dir='ltr'>τῇδε</span> <span class='ocrx_word' id='word_1_28' title='bbox 327 693 587 763; x_wconf 55' lang='lat' dir='ltr'><strong>destiti»);</strong></span> <span class='ocrx_word' id='word_1_29' title='bbox 628 694 741 745; x_wconf 82' lang='grc' dir='ltr'>ἀλλ’</span> <span class='ocrx_word' id='word_1_30' title='bbox 783 696 845 747; x_wconf 84' lang='grc' dir='ltr'><strong>οὐ</strong></span> <span class='ocrx_word' id='word_1_31' title='bbox 888 696 1071 757; x_wconf 81' lang='grc' dir='ltr'><strong>λύσεις</strong></span> <span class='ocrx_word' id='word_1_32' title='bbox 1108 699 1282 768; x_wconf 76' lang='grc' dir='ltr'>ἡμᾶς,</span> <span class='ocrx_word' id='word_1_33' title='bbox 1314 699 1580 765; x_wconf 79' lang='grc' dir='ltr'>Δίγεάτα,</span> <span class='ocrx_word' id='word_1_34' title='bbox 1604 698 1725 751; x_wconf 79' lang='grc' dir='ltr'>οὐδὲ</span> 
     </span>
    </p>
   </div>
   <div class='ocr_carea' id='block_1_8' title="bbox 163 782 1724 863">
    <p class='ocr_par' dir='ltr' id='par_1_8' title="bbox 163 782 1724 863">
     <span class='ocr_line' id='line_1_8' title="bbox 163 782 1724 863; baseline 0.002 -24"><span class='ocrx_word' id='word_1_35' title='bbox 163 782 401 848; x_wconf 78' lang='grc' dir='ltr'>κατάξεις</span> <span class='ocrx_word' id='word_1_36' title='bbox 425 800 440 815; x_wconf 83' lang='grc'><strong>·</strong></span> <span class='ocrx_word' id='word_1_37' title='bbox 482 785 607 837; x_wconf 77' lang='grc' dir='ltr'>οὐδ’</span> <span class='ocrx_word' id='word_1_38' title='bbox 636 784 701 838; x_wconf 79' lang='grc' dir='ltr'><strong>ἀν</strong></span> <span class='ocrx_word' id='word_1_39' title='bbox 742 786 925 840; x_wconf 87' lang='grc' dir='ltr'>πάντα</span> <span class='ocrx_word' id='word_1_40' title='bbox 967 788 1208 863; x_wconf 79' lang='grc' dir='ltr'>ὑπίσχνῃ</span> <span class='ocrx_word' id='word_1_41' title='bbox 1253 790 1324 843; x_wconf 82' lang='grc' dir='ltr'>τὰ</span> <span class='ocrx_word' id='word_1_42' title='bbox 1362 791 1430 844; x_wconf 77' lang='grc' dir='ltr'>σὰ</span> <span class='ocrx_word' id='word_1_43' title='bbox 1462 789 1724 860; x_wconf 79' lang='grc' dir='ltr'>παρέχειν</span> 
     </span>
    </p>
   </div>
   <div class='ocr_carea' id='block_1_9' title="bbox 162 876 1724 955">
    <p class='ocr_par' dir='ltr' id='par_1_9' title="bbox 162 876 1724 955">
     <span class='ocr_line' id='line_1_9' title="bbox 162 876 1724 955; baseline 0.004 -27"><span class='ocrx_word' id='word_1_44' title='bbox 162 880 314 947; x_wconf 74' lang='grc' dir='ltr'>ἡμῖν,</span> <span class='ocrx_word' id='word_1_45' title='bbox 348 877 768 946; x_wconf 78' lang='grc' dir='ltr'>πεισθησόμεθά</span> <span class='ocrx_word' id='word_1_46' title='bbox 827 895 933 933; x_wconf 88' lang='grc' dir='ltr'>σοι.</span> <span class='ocrx_word' id='word_1_47' title='bbox 1002 880 1195 934; x_wconf 81' lang='grc' dir='ltr'>Ταῦτα</span> <span class='ocrx_word' id='word_1_48' title='bbox 1237 876 1347 952; x_wconf 86' lang='grc' dir='ltr'>γὰρ</span> <span class='ocrx_word' id='word_1_49' title='bbox 1413 884 1724 955; x_wconf 83' lang='grc' dir='ltr'>πρόσκαιρα</span> 
     </span>
    </p>
   </div>
   <div class='ocr_carea' id='block_1_10' title="bbox 162 968 1725 1041">
    <p class='ocr_par' dir='ltr' id='par_1_10' title="bbox 162 968 1725 1041">
     <span class='ocr_line' id='line_1_10' title="bbox 162 968 1725 1041; baseline 0.002 -20"><span class='ocrx_word' id='word_1_50' title='bbox 162 968 279 1021; x_wconf 70' lang='grc' dir='ltr'>ὅντα</span> <span class='ocrx_word' id='word_1_51' title='bbox 310 968 594 1037; x_wconf 74' lang='grc' dir='ltr'><strong>συντόμως</strong></span> <span class='ocrx_word' id='word_1_52' title='bbox 648 970 877 1039; x_wconf 80' lang='grc' dir='ltr'>ἁμμασὺ</span> <span class='ocrx_word' id='word_1_53' title='bbox 912 970 1541 1041; x_wconf 79' lang='grc' dir='ltr'>(75)άφανισθήσονται.</span> <span class='ocrx_word' id='word_1_54' title='bbox 1589 972 1725 1026; x_wconf 76' lang='grc' dir='ltr'>Οὐδὲ</span> 
     </span>
    </p>
   </div>
   <div class='ocr_carea' id='block_1_11' title="bbox 163 1057 1727 1134">
    <p class='ocr_par' dir='ltr' id='par_1_11' title="bbox 163 1057 1727 1134">
     <span class='ocr_line' id='line_1_11' title="bbox 163 1057 1727 1134; baseline 0.003 -23"><span class='ocrx_word' id='word_1_55' title='bbox 163 1057 313 1111; x_wconf 79' lang='grc' dir='ltr'>πάλιν</span> <span class='ocrx_word' id='word_1_56' title='bbox 350 1059 447 1119; x_wconf 79' lang='grc' dir='ltr'>τὰς</span> <span class='ocrx_word' id='word_1_57' title='bbox 477 1059 713 1121; x_wconf 81' lang='grc' dir='ltr'>ἀπειλάς</span> <span class='ocrx_word' id='word_1_58' title='bbox 751 1076 845 1111; x_wconf 87' lang='grc' dir='ltr'><strong>σου</strong></span> <span class='ocrx_word' id='word_1_59' title='bbox 869 1062 1261 1131; x_wconf 77' lang='grc' dir='ltr'>πτοηθήσομαι</span> <span class='ocrx_word' id='word_1_60' title='bbox 1283 1080 1295 1091; x_wconf 86' lang='grc'>·</span> <span class='ocrx_word' id='word_1_61' title='bbox 1327 1064 1354 1114; x_wconf 85' lang='grc' dir='ltr'>ὁ</span> <span class='ocrx_word' id='word_1_62' title='bbox 1381 1065 1489 1133; x_wconf 80' lang='grc' dir='ltr'><strong>γὰρ</strong></span> <span class='ocrx_word' id='word_1_63' title='bbox 1517 1062 1727 1134; x_wconf 84' lang='grc' dir='ltr'>Κύριός</span> 
     </span>
    </p>
   </div>
   <div class='ocr_carea' id='block_1_12' title="bbox 165 1148 1723 1223">
    <p class='ocr_par' dir='ltr' id='par_1_12' title="bbox 165 1148 1723 1223">
     <span class='ocr_line' id='line_1_12' title="bbox 165 1148 1723 1223; baseline 0.003 -22"><span class='ocrx_word' id='word_1_64' title='bbox 165 1164 257 1219; x_wconf 88' lang='grc' dir='ltr'><strong>μου</strong></span> <span class='ocrx_word' id='word_1_65' title='bbox 299 1148 505 1218; x_wconf 83' lang='grc' dir='ltr'>Ἰησοῦς</span> <span class='ocrx_word' id='word_1_66' title='bbox 543 1150 782 1219; x_wconf 76' lang='grc' dir='ltr'>Χριστὸς</span> <span class='ocrx_word' id='word_1_67' title='bbox 810 1152 971 1214; x_wconf 83' lang='grc' dir='ltr'>αὐτός</span> <span class='ocrx_word' id='word_1_68' title='bbox 1018 1170 1109 1220; x_wconf 85' lang='grc' dir='ltr'><strong>μοι</strong></span> <span class='ocrx_word' id='word_1_69' title='bbox 1148 1153 1470 1223; x_wconf 66' lang='grc' dir='ltr'>ἐνεφάνισεν</span> <span class='ocrx_word' id='word_1_70' title='bbox 1520 1152 1723 1207; x_wconf 70' lang='grc' dir='ltr'>εἰπών’</span> 
     </span>
    </p>
   </div>
   <div class='ocr_carea' id='block_1_13' title="bbox 162 1242 1722 1317">
    <p class='ocr_par' dir='ltr' id='par_1_13' title="bbox 162 1242 1722 1317">
     <span class='ocr_line' id='line_1_13' title="bbox 162 1242 1722 1317; baseline 0.003 -23"><span class='ocrx_word' id='word_1_71' title='bbox 162 1242 447 1311; x_wconf 78' lang='grc' dir='ltr'>Κατάμαθε</span> <span class='ocrx_word' id='word_1_72' title='bbox 505 1243 599 1296; x_wconf 80' lang='grc' dir='ltr'><strong>τὸν</strong></span> <span class='ocrx_word' id='word_1_73' title='bbox 652 1244 971 1315; x_wconf 80' lang='grc' dir='ltr'>Αίγεάτην,</span> <span class='ocrx_word' id='word_1_74' title='bbox 1026 1247 1120 1298; x_wconf 78' lang='grc' dir='ltr'><strong>καὶ</strong></span> <span class='ocrx_word' id='word_1_75' title='bbox 1184 1245 1260 1317; x_wconf 80' lang='grc' dir='ltr'>μὴ</span> <span class='ocrx_word' id='word_1_76' title='bbox 1313 1246 1556 1316; x_wconf 74' lang='grc' dir='ltr'>φοϐηθῇς</span> <span class='ocrx_word' id='word_1_77' title='bbox 1613 1246 1722 1299; x_wconf 83' lang='grc' dir='ltr'>ἀπ’</span> 
     </span>
    </p>
   </div>
   <div class='ocr_carea' id='block_1_14' title="bbox 164 1333 1724 1407">
    <p class='ocr_par' dir='ltr' id='par_1_14' title="bbox 164 1333 1724 1407">
     <span class='ocr_line' id='line_1_14' title="bbox 164 1333 1724 1407; baseline 0.003 -23"><span class='ocrx_word' id='word_1_78' title='bbox 164 1333 339 1396; x_wconf 68' lang='grc' dir='ltr'>αὐτοῦ,</span> <span class='ocrx_word' id='word_1_79' title='bbox 374 1336 421 1385; x_wconf 86' lang='grc' dir='ltr'><strong>εί</strong></span> <span class='ocrx_word' id='word_1_80' title='bbox 460 1334 556 1385; x_wconf 79' lang='grc' dir='ltr'>καὶ</span> <span class='ocrx_word' id='word_1_81' title='bbox 599 1334 775 1397; x_wconf 86' lang='grc' dir='ltr'>δεινός</span> <span class='ocrx_word' id='word_1_82' title='bbox 808 1337 922 1387; x_wconf 67' lang='grc' dir='ltr'>ἔστι</span> <span class='ocrx_word' id='word_1_83' title='bbox 971 1335 1065 1388; x_wconf 68' lang='grc' dir='ltr'><strong>καὶ</strong></span> <span class='ocrx_word' id='word_1_84' title='bbox 1099 1335 1316 1404; x_wconf 83' lang='grc' dir='ltr'><strong>λυμεὼν</strong></span> <span class='ocrx_word' id='word_1_85' title='bbox 1345 1336 1609 1407; x_wconf 77' lang='grc' dir='ltr'>ὑπάρχει,</span> <span class='ocrx_word' id='word_1_86' title='bbox 1632 1338 1724 1389; x_wconf 71' lang='grc' dir='ltr'>καὶ</span> 
     </span>
    </p>
   </div>
   <div class='ocr_carea' id='block_1_15' title="bbox 162 1421 1725 1493">
    <p class='ocr_par' dir='ltr' id='par_1_15' title="bbox 162 1421 1725 1493">
     <span class='ocr_line' id='line_1_15' title="bbox 162 1421 1725 1493; baseline 0.003 -20"><span class='ocrx_word' id='word_1_87' title='bbox 162 1421 340 1491; x_wconf 69' lang='grc' dir='ltr'>ἐχθρὸς</span> <span class='ocrx_word' id='word_1_88' title='bbox 408 1423 705 1487; x_wconf 78' lang='grc' dir='ltr'><strong>ἀπατεὼν,</strong></span> <span class='ocrx_word' id='word_1_89' title='bbox 778 1424 873 1476; x_wconf 74' lang='grc' dir='ltr'>καὶ</span> <span class='ocrx_word' id='word_1_90' title='bbox 939 1424 1174 1493; x_wconf 81' lang='grc' dir='ltr'><strong>φθορεὺς</strong></span> <span class='ocrx_word' id='word_1_91' title='bbox 1246 1426 1565 1493; x_wconf 81' lang='grc' dir='ltr'><strong>μανιώδης,</strong></span> <span class='ocrx_word' id='word_1_92' title='bbox 1632 1427 1725 1479; x_wconf 84' lang='grc' dir='ltr'><strong>καὶ</strong></span> 
     </span>
    </p>
   </div>
   <div class='ocr_carea' id='block_1_16' title="bbox 163 1511 1724 1584">
    <p class='ocr_par' dir='ltr' id='par_1_16' title="bbox 163 1511 1724 1584">
     <span class='ocr_line' id='line_1_16' title="bbox 163 1511 1724 1584; baseline 0.001 -19"><span class='ocrx_word' id='word_1_93' title='bbox 163 1511 471 1582; x_wconf 85' lang='grc' dir='ltr'>περίεργος,</span> <span class='ocrx_word' id='word_1_94' title='bbox 517 1516 610 1565; x_wconf 79' lang='grc' dir='ltr'>καὶ</span> <span class='ocrx_word' id='word_1_95' title='bbox 643 1516 859 1581; x_wconf 70' lang='grc' dir='ltr'>φονεὺς,</span> <span class='ocrx_word' id='word_1_96' title='bbox 890 1515 986 1567; x_wconf 81' lang='grc' dir='ltr'>καὶ</span> <span class='ocrx_word' id='word_1_97' title='bbox 1020 1513 1210 1581; x_wconf 86' lang='grc' dir='ltr'>κόλαξ,</span> <span class='ocrx_word' id='word_1_98' title='bbox 1247 1516 1342 1568; x_wconf 76' lang='grc' dir='ltr'>καὶ</span> <span class='ocrx_word' id='word_1_99' title='bbox 1372 1515 1609 1584; x_wconf 82' lang='grc' dir='ltr'>ὀργίλος,</span> <span class='ocrx_word' id='word_1_100' title='bbox 1630 1517 1724 1582; x_wconf 69' lang='grc' dir='ltr'>καὶ</span> 
     </span>
    </p>
   </div>
   <div class='ocr_carea' id='block_1_17' title="bbox 161 1596 1721 1676">
    <p class='ocr_par' dir='ltr' id='par_1_17' title="bbox 161 1596 1721 1676">
     <span class='ocr_line' id='line_1_17' title="bbox 161 1596 1721 1676; baseline 0 -19"><span class='ocrx_word' id='word_1_101' title='bbox 161 1604 505 1672; x_wconf 74' lang='grc' dir='ltr'><strong>ἀσυμπαθὴς,</strong></span> <span class='ocrx_word' id='word_1_102' title='bbox 540 1606 637 1656; x_wconf 74' lang='grc' dir='ltr'>καὶ</span> <span class='ocrx_word' id='word_1_103' title='bbox 685 1604 763 1664; x_wconf 75' lang='lat' dir='ltr'><strong>ib;</strong></span> <span class='ocrx_word' id='word_1_104' title='bbox 795 1596 1040 1657; x_wconf 67' lang='grc' dir='ltr'>ἀσπίδων</span> <span class='ocrx_word' id='word_1_105' title='bbox 1076 1605 1181 1657; x_wconf 81' lang='grc' dir='ltr'>ὑπὸ</span> <span class='ocrx_word' id='word_1_106' title='bbox 1227 1606 1296 1659; x_wconf 81' lang='grc' dir='ltr'>τὰ</span> <span class='ocrx_word' id='word_1_107' title='bbox 1340 1606 1495 1676; x_wconf 85' lang='grc' dir='ltr'>χείλη</span> <span class='ocrx_word' id='word_1_108' title='bbox 1532 1604 1721 1671; x_wconf 72' lang='grc' dir='ltr'>αὑτοῦ,</span> 
     </span>
    </p>
   </div>
   <div class='ocr_carea' id='block_1_18' title="bbox 162 1694 1726 1767">
    <p class='ocr_par' dir='ltr' id='par_1_18' title="bbox 162 1694 1726 1767">
     <span class='ocr_line' id='line_1_18' title="bbox 162 1694 1726 1767; baseline -0.001 -18"><span class='ocrx_word' id='word_1_109' title='bbox 162 1698 295 1766; x_wconf 77' lang='grc' dir='ltr'>καὶὴ</span> <span class='ocrx_word' id='word_1_110' title='bbox 321 1696 589 1767; x_wconf 77' lang='grc' dir='ltr'>περιϐολὴ</span> <span class='ocrx_word' id='word_1_111' title='bbox 623 1695 790 1748; x_wconf 77' lang='grc' dir='ltr'>αὐτοῦ</span> <span class='ocrx_word' id='word_1_112' title='bbox 822 1697 898 1759; x_wconf 84' lang='grc' dir='ltr'><strong>ὡς</strong></span> <span class='ocrx_word' id='word_1_113' title='bbox 924 1695 1089 1748; x_wconf 83' lang='grc' dir='ltr'>λύκου</span> <span class='ocrx_word' id='word_1_114' title='bbox 1113 1695 1267 1766; x_wconf 80' lang='grc' dir='ltr'>δορὰ,</span> <span class='ocrx_word' id='word_1_115' title='bbox 1294 1698 1387 1747; x_wconf 78' lang='grc' dir='ltr'>καὶ</span> <span class='ocrx_word' id='word_1_116' title='bbox 1427 1694 1726 1765; x_wconf 78' lang='grc' dir='ltr'>θηριόγνω-</span> 
     </span>
    </p>
   </div>
   <div class='ocr_carea' id='block_1_19' title="bbox 162 1784 1717 1857">
    <p class='ocr_par' dir='ltr' id='par_1_19' title="bbox 162 1784 1717 1857">
     <span class='ocr_line' id='line_1_19' title="bbox 162 1784 1717 1857; baseline -0.001 -17"><span class='ocrx_word' id='word_1_117' title='bbox 162 1805 275 1857; x_wconf 84' lang='grc' dir='ltr'>μος,</span> <span class='ocrx_word' id='word_1_118' title='bbox 312 1786 407 1839; x_wconf 78' lang='grc' dir='ltr'><strong>καί</strong></span> <span class='ocrx_word' id='word_1_119' title='bbox 437 1788 894 1856; x_wconf 78' lang='grc' dir='ltr'>ἀνθρωποκτόνος</span> <span class='ocrx_word' id='word_1_120' title='bbox 913 1804 925 1816; x_wconf 86' lang='grc'><strong>·</strong></span> <span class='ocrx_word' id='word_1_121' title='bbox 958 1784 1045 1839; x_wconf 77' lang='grc' dir='ltr'>οἶα</span> <span class='ocrx_word' id='word_1_122' title='bbox 1070 1788 1134 1857; x_wconf 74' lang='grc' dir='ltr'>δὴ</span> <span class='ocrx_word' id='word_1_123' title='bbox 1164 1787 1258 1838; x_wconf 75' lang='grc' dir='ltr'>καὶ</span> <span class='ocrx_word' id='word_1_124' title='bbox 1281 1788 1309 1839; x_wconf 86' lang='grc' dir='ltr'>ὁ</span> <span class='ocrx_word' id='word_1_125' title='bbox 1340 1787 1524 1857; x_wconf 81' lang='grc' dir='ltr'>πατὴρ</span> <span class='ocrx_word' id='word_1_126' title='bbox 1550 1787 1717 1840; x_wconf 84' lang='grc' dir='ltr'>αὐτοῦ</span> 
     </span>
    </p>
   </div>
   <div class='ocr_carea' id='block_1_20' title="bbox 161 1872 1720 1946">
    <p class='ocr_par' dir='ltr' id='par_1_20' title="bbox 161 1872 1720 1946">
     <span class='ocr_line' id='line_1_20' title="bbox 161 1872 1720 1946; baseline 0 -17"><span class='ocrx_word' id='word_1_127' title='bbox 161 1878 216 1940; x_wconf 69' lang='grc' dir='ltr'>ὲξ</span> <span class='ocrx_word' id='word_1_128' title='bbox 249 1877 421 1946; x_wconf 75' lang='grc' dir='ltr'>ἀρχῆς</span> <span class='ocrx_word' id='word_1_129' title='bbox 464 1878 737 1945; x_wconf 81' lang='grc' dir='ltr'>πέφυκεν,</span> <span class='ocrx_word' id='word_1_130' title='bbox 774 1878 802 1928; x_wconf 87' lang='grc' dir='ltr'>ὀ</span> <span class='ocrx_word' id='word_1_131' title='bbox 828 1872 1098 1939; x_wconf 77' lang='grc' dir='ltr'>Σατανᾶς.</span> <span class='ocrx_word' id='word_1_132' title='bbox 1129 1876 1436 1945; x_wconf 79' lang='grc' dir='ltr'>Τοιγαροῦν</span> <span class='ocrx_word' id='word_1_133' title='bbox 1462 1877 1720 1944; x_wconf 74' lang='grc' dir='ltr'>ἐπιγνοὺς</span> 
     </span>
    </p>
   </div>
   <div class='ocr_carea' id='block_1_21' title="bbox 158 1967 1727 2039">
    <p class='ocr_par' dir='ltr' id='par_1_21' title="bbox 158 1967 1727 2039">
     <span class='ocr_line' id='line_1_21' title="bbox 158 1967 1727 2039; baseline -0.001 -18"><span class='ocrx_word' id='word_1_134' title='bbox 158 1968 238 2022; x_wconf 78' lang='grc' dir='ltr'>διὰ</span> <span class='ocrx_word' id='word_1_135' title='bbox 270 1968 357 2021; x_wconf 85' lang='grc' dir='ltr'><strong>τοῦ</strong></span> <span class='ocrx_word' id='word_1_136' title='bbox 390 1968 825 2038; x_wconf 72' lang='grc' dir='ltr'>ὲπιστρέψαντός</span> <span class='ocrx_word' id='word_1_137' title='bbox 858 1986 949 2036; x_wconf 92' lang='grc' dir='ltr'><strong>μοι</strong></span> <span class='ocrx_word' id='word_1_138' title='bbox 977 1968 1241 2039; x_wconf 66' lang='grc' dir='ltr'>ἀψευδοῦς</span> <span class='ocrx_word' id='word_1_139' title='bbox 1273 1967 1407 2020; x_wconf 82' lang='grc' dir='ltr'>Θεοῦ</span> <span class='ocrx_word' id='word_1_140' title='bbox 1445 1968 1727 2021; x_wconf 83' lang='grc' dir='ltr'>ἀπαλλάσ-</span> 
     </span>
    </p>
   </div>
   <div class='ocr_carea' id='block_1_22' title="bbox 162 2053 1725 2139">
    <p class='ocr_par' dir='ltr' id='par_1_22' title="bbox 162 2053 1725 2139">
     <span class='ocr_line' id='line_1_22' title="bbox 162 2053 1725 2139; baseline -0.001 -26"><span class='ocrx_word' id='word_1_141' title='bbox 162 2060 317 2128; x_wconf 82' lang='grc' dir='ltr'>σομαί</span> <span class='ocrx_word' id='word_1_142' title='bbox 372 2076 468 2111; x_wconf 89' lang='grc' dir='ltr'><strong>σου</strong></span> <span class='ocrx_word' id='word_1_143' title='bbox 505 2060 644 2129; x_wconf 79' lang='grc' dir='ltr'>πρὸς</span> <span class='ocrx_word' id='word_1_144' title='bbox 691 2062 783 2111; x_wconf 83' lang='grc' dir='ltr'>τὸν</span> <span class='ocrx_word' id='word_1_145' title='bbox 827 2060 1037 2112; x_wconf 82' lang='grc' dir='ltr'>δίκαιον</span> <span class='ocrx_word' id='word_1_146' title='bbox 1085 2060 1305 2129; x_wconf 84' lang='grc' dir='ltr'>κριτήν.</span> <span class='ocrx_word' id='word_1_147' title='bbox 1345 2053 1419 2111; x_wconf 81' lang='grc' dir='ltr'><strong>Εὖ</strong></span> <span class='ocrx_word' id='word_1_148' title='bbox 1496 2053 1615 2110; x_wconf 75' lang='grc' dir='ltr'>οῖδα</span> <span class='ocrx_word' id='word_1_149' title='bbox 1643 2059 1725 2139; x_wconf 72' lang='grc' dir='ltr'><strong>δτι</strong></span> 
     </span>
    </p>
   </div>
   <div class='ocr_carea' id='block_1_23' title="bbox 164 2149 1723 2224">
    <p class='ocr_par' dir='ltr' id='par_1_23' title="bbox 164 2149 1723 2224">
     <span class='ocr_line' id='line_1_23' title="bbox 164 2149 1723 2224; baseline -0.002 -17"><span class='ocrx_word' id='word_1_150' title='bbox 164 2152 300 2224; x_wconf 78' lang='grc' dir='ltr'>κόψῃ</span> <span class='ocrx_word' id='word_1_151' title='bbox 351 2152 449 2206; x_wconf 73' lang='grc' dir='ltr'>καὶ</span> <span class='ocrx_word' id='word_1_152' title='bbox 477 2152 683 2224; x_wconf 76' lang='grc' dir='ltr'>ἀνιάσῃ</span> <span class='ocrx_word' id='word_1_153' title='bbox 732 2150 831 2205; x_wconf 77' lang='grc' dir='ltr'><strong>καὶ</strong></span> <span class='ocrx_word' id='word_1_154' title='bbox 882 2151 1216 2221; x_wconf 78' lang='grc' dir='ltr'>ἀθυμήσεις,</span> <span class='ocrx_word' id='word_1_155' title='bbox 1254 2150 1418 2220; x_wconf 76' lang='grc' dir='ltr'>ἡνίκα</span> <span class='ocrx_word' id='word_1_156' title='bbox 1464 2149 1584 2219; x_wconf 74' lang='grc' dir='ltr'>ὕψει</span> <span class='ocrx_word' id='word_1_157' title='bbox 1613 2150 1723 2220; x_wconf 84' lang='grc'>(76)</span> 
     </span>
    </p>
   </div>
   <div class='ocr_carea' id='block_1_24' title="bbox 159 2242 1727 2314">
    <p class='ocr_par' dir='ltr' id='par_1_24' title="bbox 159 2242 1727 2314">
     <span class='ocr_line' id='line_1_24' title="bbox 159 2242 1727 2314; baseline -0.001 -18"><span class='ocrx_word' id='word_1_158' title='bbox 159 2243 375 2297; x_wconf 78' lang='grc' dir='ltr'>σεαυτὸν</span> <span class='ocrx_word' id='word_1_159' title='bbox 436 2242 847 2313; x_wconf 65' lang='grc' dir='ltr'>δμᾷαλλόμενον</span> <span class='ocrx_word' id='word_1_160' title='bbox 908 2244 988 2306; x_wconf 85' lang='grc' dir='ltr'><strong>είς</strong></span> <span class='ocrx_word' id='word_1_161' title='bbox 1043 2243 1158 2314; x_wconf 89' lang='grc' dir='ltr'><strong>πῦρ</strong></span> <span class='ocrx_word' id='word_1_162' title='bbox 1219 2244 1320 2313; x_wconf 80' lang='grc' dir='ltr'>τῆς</span> <span class='ocrx_word' id='word_1_163' title='bbox 1370 2244 1620 2312; x_wconf 75' lang='grc' dir='ltr'><strong>γεέννης,</strong></span> <span class='ocrx_word' id='word_1_164' title='bbox 1665 2244 1727 2295; x_wconf 84' lang='grc' dir='ltr'><strong>τὸ</strong></span> 
     </span>
    </p>
   </div>
   <div class='ocr_carea' id='block_1_25' title="bbox 161 2334 1725 2405">
    <p class='ocr_par' dir='ltr' id='par_1_25' title="bbox 161 2334 1725 2405">
     <span class='ocr_line' id='line_1_25' title="bbox 161 2334 1725 2405; baseline -0.001 -18"><span class='ocrx_word' id='word_1_165' title='bbox 161 2335 564 2405; x_wconf 78' lang='grc' dir='ltr'>ἡτοιμασμένον</span> <span class='ocrx_word' id='word_1_166' title='bbox 597 2336 679 2387; x_wconf 85' lang='grc' dir='ltr'><strong>σοί</strong></span> <span class='ocrx_word' id='word_1_167' title='bbox 716 2352 776 2387; x_wconf 78' lang='grc' dir='ltr'><strong>τε</strong></span> <span class='ocrx_word' id='word_1_168' title='bbox 808 2336 903 2387; x_wconf 77' lang='grc' dir='ltr'>καὶ</span> <span class='ocrx_word' id='word_1_169' title='bbox 931 2338 1046 2396; x_wconf 84' lang='grc' dir='ltr'>τοῖς</span> <span class='ocrx_word' id='word_1_170' title='bbox 1083 2336 1179 2387; x_wconf 79' lang='grc' dir='ltr'><strong>σὺν</strong></span> <span class='ocrx_word' id='word_1_171' title='bbox 1213 2336 1294 2387; x_wconf 74' lang='grc' dir='ltr'><strong>σοι</strong></span> <span class='ocrx_word' id='word_1_172' title='bbox 1321 2334 1399 2403; x_wconf 84' lang='grc' dir='ltr'><strong>τῷ</strong></span> <span class='ocrx_word' id='word_1_173' title='bbox 1429 2334 1597 2403; x_wconf 86' lang='grc' dir='ltr'>πατρί</span> <span class='ocrx_word' id='word_1_174' title='bbox 1629 2350 1725 2387; x_wconf 86' lang='grc' dir='ltr'><strong>σου</strong></span> 
     </span>
    </p>
   </div>
   <div class='ocr_carea' id='block_1_26' title="bbox 157 2424 1725 2498">
    <p class='ocr_par' dir='ltr' id='par_1_26' title="bbox 157 2424 1725 2498">
     <span class='ocr_line' id='line_1_26' title="bbox 157 2424 1725 2498; baseline -0.002 -18"><span class='ocrx_word' id='word_1_175' title='bbox 157 2427 475 2498; x_wconf 87' lang='grc' dir='ltr'>λατρεύουσι</span> <span class='ocrx_word' id='word_1_176' title='bbox 496 2428 573 2497; x_wconf 84' lang='grc' dir='ltr'><strong>τῷ</strong></span> <span class='ocrx_word' id='word_1_177' title='bbox 601 2426 855 2497; x_wconf 76' lang='grc' dir='ltr'>διαϐόλῳ.</span> <span class='ocrx_word' id='word_1_178' title='bbox 900 2427 961 2479; x_wconf 91' lang='lat'><strong>&#39;0</strong></span> <span class='ocrx_word' id='word_1_179' title='bbox 983 2429 1038 2479; x_wconf 82' lang='grc' dir='ltr'>δὲ</span> <span class='ocrx_word' id='word_1_180' title='bbox 1059 2425 1367 2487; x_wconf 78' lang='grc' dir='ltr'>ἀνθύπατος</span> <span class='ocrx_word' id='word_1_181' title='bbox 1393 2424 1520 2495; x_wconf 68' lang='lat' dir='ltr'><strong>latr,</strong></span> <span class='ocrx_word' id='word_1_182' title='bbox 1547 2427 1725 2489; x_wconf 75' lang='grc' dir='ltr'>ἒννεὺς</span> 
     </span>
    </p>
   </div>
   <div class='ocr_carea' id='block_1_27' title="bbox 157 2516 1726 2592">
    <p class='ocr_par' dir='ltr' id='par_1_27' title="bbox 157 2516 1726 2592">
     <span class='ocr_line' id='line_1_27' title="bbox 157 2516 1726 2592; baseline -0.004 -15"><span class='ocrx_word' id='word_1_183' title='bbox 157 2521 362 2577; x_wconf 68' lang='grc' dir='ltr'>ἀκούων</span> <span class='ocrx_word' id='word_1_184' title='bbox 395 2517 591 2585; x_wconf 84' lang='grc' dir='ltr'>ταῦτα,</span> <span class='ocrx_word' id='word_1_185' title='bbox 620 2522 824 2591; x_wconf 85' lang='grc' dir='ltr'>τρόπον</span> <span class='ocrx_word' id='word_1_186' title='bbox 877 2521 1001 2592; x_wconf 85' lang='grc' dir='ltr'><strong>τινά</strong></span> <span class='ocrx_word' id='word_1_187' title='bbox 1018 2516 1371 2592; x_wconf 61' lang='grc' dir='ltr'>ἐξεστηκὼς.</span> <span class='ocrx_word' id='word_1_188' title='bbox 1417 2520 1603 2588; x_wconf 84' lang='grc' dir='ltr'>Πάσης</span> <span class='ocrx_word' id='word_1_189' title='bbox 1635 2519 1726 2571; x_wconf 84' lang='grc' dir='ltr'><strong>οῦν</strong></span> 
     </span>
    </p>
   </div>
   <div class='ocr_carea' id='block_1_28' title="bbox 158 2609 1724 2683">
    <p class='ocr_par' dir='ltr' id='par_1_28' title="bbox 158 2609 1724 2683">
     <span class='ocr_line' id='line_1_28' title="bbox 158 2609 1724 2683; baseline -0.003 -18"><span class='ocrx_word' id='word_1_190' title='bbox 158 2615 249 2683; x_wconf 71' lang='grc' dir='ltr'>τῆς</span> <span class='ocrx_word' id='word_1_191' title='bbox 304 2614 509 2675; x_wconf 82' lang='grc' dir='ltr'>πόλεως</span> <span class='ocrx_word' id='word_1_192' title='bbox 567 2610 907 2682; x_wconf 75' lang='grc' dir='ltr'>θορυϐούσης</span> <span class='ocrx_word' id='word_1_193' title='bbox 959 2612 1156 2677; x_wconf 70' lang='grc' dir='ltr'>αὐτὸν,</span> <span class='ocrx_word' id='word_1_194' title='bbox 1185 2613 1281 2664; x_wconf 89' lang='grc' dir='ltr'><strong>τοῦ</strong></span> <span class='ocrx_word' id='word_1_195' title='bbox 1336 2609 1595 2663; x_wconf 86' lang='grc' dir='ltr'>ἀπολύειν</span> <span class='ocrx_word' id='word_1_196' title='bbox 1634 2611 1724 2663; x_wconf 81' lang='grc' dir='ltr'><strong>τὸν</strong></span> 
     </span>
    </p>
   </div>
   <div class='ocr_carea' id='block_1_29' title="bbox 170 2701 1723 2772">
    <p class='ocr_par' dir='ltr' id='par_1_29' title="bbox 170 2701 1723 2772">
     <span class='ocr_line' id='line_1_29' title="bbox 170 2701 1723 2772; baseline -0.003 -15"><span class='ocrx_word' id='word_1_197' title='bbox 170 2704 441 2771; x_wconf 82' lang='grc' dir='ltr'>Ἀνδρέαν,</span> <span class='ocrx_word' id='word_1_198' title='bbox 476 2702 643 2771; x_wconf 77' lang='grc' dir='ltr'>φησὶν</span> <span class='ocrx_word' id='word_1_199' title='bbox 676 2704 835 2766; x_wconf 81' lang='grc' dir='ltr'>αὑτός</span> <span class='ocrx_word' id='word_1_200' title='bbox 858 2718 871 2735; x_wconf 89' lang='grc'><strong>·</strong></span> <span class='ocrx_word' id='word_1_201' title='bbox 899 2704 993 2765; x_wconf 88' lang='grc' dir='ltr'>Ὃς</span> <span class='ocrx_word' id='word_1_202' title='bbox 1013 2702 1208 2772; x_wconf 77' lang='grc' dir='ltr'>τολμᾷ,</span> <span class='ocrx_word' id='word_1_203' title='bbox 1238 2703 1589 2770; x_wconf 83' lang='grc' dir='ltr'>προσεγγίσει</span> <span class='ocrx_word' id='word_1_204' title='bbox 1612 2701 1723 2772; x_wconf 84' lang='grc'>(77)</span> 
     </span>
    </p>
   </div>
   <div class='ocr_carea' id='block_1_30' title="bbox 159 2790 1726 2864">
    <p class='ocr_par' dir='ltr' id='par_1_30' title="bbox 159 2790 1726 2864">
     <span class='ocr_line' id='line_1_30' title="bbox 159 2790 1726 2864; baseline -0.002 -18"><span class='ocrx_word' id='word_1_205' title='bbox 159 2793 230 2864; x_wconf 73' lang='grc' dir='ltr'>τῷ</span> <span class='ocrx_word' id='word_1_206' title='bbox 259 2794 396 2863; x_wconf 87' lang='grc' dir='ltr'>ξύλῳ</span> <span class='ocrx_word' id='word_1_207' title='bbox 415 2793 509 2846; x_wconf 92' lang='grc' dir='ltr'><strong>τοῦ</strong></span> <span class='ocrx_word' id='word_1_208' title='bbox 539 2793 699 2846; x_wconf 87' lang='grc' dir='ltr'>λῦσαι</span> <span class='ocrx_word' id='word_1_209' title='bbox 731 2793 915 2846; x_wconf 77' lang='grc' dir='ltr'>αὐτόν.</span> <span class='ocrx_word' id='word_1_210' title='bbox 954 2793 1013 2845; x_wconf 81' lang='lat'><strong>&#39;0</strong></span> <span class='ocrx_word' id='word_1_211' title='bbox 1047 2791 1349 2853; x_wconf 79' lang='grc' dir='ltr'>ἀπόστολος</span> <span class='ocrx_word' id='word_1_212' title='bbox 1370 2791 1510 2859; x_wconf 86' lang='grc' dir='ltr'><strong>μετά</strong></span> <span class='ocrx_word' id='word_1_213' title='bbox 1541 2790 1726 2860; x_wconf 83' lang='grc' dir='ltr'>φωνῆς</span> 
     </span>
    </p>
   </div>
   <div class='ocr_carea' id='block_1_31' title="bbox 163 2878 1725 2955">
    <p class='ocr_par' dir='ltr' id='par_1_31' title="bbox 163 2878 1725 2955">
     <span class='ocr_line' id='line_1_31' title="bbox 163 2878 1725 2955; baseline -0.001 -18"><span class='ocrx_word' id='word_1_214' title='bbox 163 2886 398 2955; x_wconf 80' lang='grc' dir='ltr'>μεγάλης</span> <span class='ocrx_word' id='word_1_215' title='bbox 446 2886 702 2945; x_wconf 81' lang='grc' dir='ltr'>ἀτενίσας</span> <span class='ocrx_word' id='word_1_216' title='bbox 758 2885 838 2946; x_wconf 82' lang='grc' dir='ltr'><strong>είς</strong></span> <span class='ocrx_word' id='word_1_217' title='bbox 878 2884 968 2935; x_wconf 81' lang='grc' dir='ltr'><strong>τὸν</strong></span> <span class='ocrx_word' id='word_1_218' title='bbox 996 2882 1225 2952; x_wconf 81' lang='grc' dir='ltr'>οὐρανὸν</span> <span class='ocrx_word' id='word_1_219' title='bbox 1257 2878 1413 2934; x_wconf 73' lang='grc' dir='ltr'>εἶπεν</span> <span class='ocrx_word' id='word_1_220' title='bbox 1442 2898 1453 2911; x_wconf 76' lang='grc' dir='ltr'><strong>ο</strong></span> <span class='ocrx_word' id='word_1_221' title='bbox 1474 2884 1566 2949; x_wconf 81' lang='grc' dir='ltr'><strong>Μὴ</strong></span> <span class='ocrx_word' id='word_1_222' title='bbox 1601 2884 1725 2935; x_wconf 77' lang='grc' dir='ltr'>ἑπι-</span> 
     </span>
    </p>
   </div>
   <div class='ocr_carea' id='block_1_32' title="bbox 160 2970 1722 3048">
    <p class='ocr_par' dir='ltr' id='par_1_32' title="bbox 160 2970 1722 3048">
     <span class='ocr_line' id='line_1_32' title="bbox 160 2970 1722 3048; baseline -0.002 -21"><span class='ocrx_word' id='word_1_223' title='bbox 160 2976 399 3048; x_wconf 69' lang='grc' dir='ltr'>τρέψῃς,</span> <span class='ocrx_word' id='word_1_224' title='bbox 463 2976 744 3040; x_wconf 79' lang='grc' dir='ltr'>Δέσποτα,</span> <span class='ocrx_word' id='word_1_225' title='bbox 806 2974 909 3044; x_wconf 65' lang='grc' dir='ltr'><strong>εμὲ</strong></span> <span class='ocrx_word' id='word_1_226' title='bbox 966 2974 1057 3026; x_wconf 76' lang='grc' dir='ltr'>τὸν</span> <span class='ocrx_word' id='word_1_227' title='bbox 1109 2974 1201 3027; x_wconf 73' lang='grc' dir='ltr'>ἐπὶ</span> <span class='ocrx_word' id='word_1_228' title='bbox 1262 2970 1417 3036; x_wconf 81' lang='grc' dir='ltr'>ξύλου</span> <span class='ocrx_word' id='word_1_229' title='bbox 1483 2974 1722 3042; x_wconf 80' lang='grc' dir='ltr'>ἀναρτη-</span> 
     </span>
    </p>
   </div>
   <div class='ocr_carea' id='block_1_33' title="bbox 162 3062 1724 3141">
    <p class='ocr_par' dir='ltr' id='par_1_33' title="bbox 162 3062 1724 3141">
     <span class='ocr_line' id='line_1_33' title="bbox 162 3062 1724 3141; baseline -0.003 -24"><span class='ocrx_word' id='word_1_230' title='bbox 162 3063 315 3120; x_wconf 79' lang='grc' dir='ltr'>θέντα</span> <span class='ocrx_word' id='word_1_231' title='bbox 365 3065 533 3118; x_wconf 76' lang='grc' dir='ltr'>πάλιν</span> <span class='ocrx_word' id='word_1_232' title='bbox 581 3065 843 3134; x_wconf 82' lang='grc' dir='ltr'>λυθῆναι·</span> <span class='ocrx_word' id='word_1_233' title='bbox 905 3063 982 3133; x_wconf 80' lang='grc' dir='ltr'>μὴ</span> <span class='ocrx_word' id='word_1_234' title='bbox 1040 3063 1455 3141; x_wconf 76' lang='grc' dir='ltr'>παραχωρήσῃς</span> <span class='ocrx_word' id='word_1_235' title='bbox 1496 3062 1588 3115; x_wconf 79' lang='grc' dir='ltr'><strong>τὸν</strong></span> <span class='ocrx_word' id='word_1_236' title='bbox 1630 3062 1724 3115; x_wconf 75' lang='grc' dir='ltr'><strong>ἐπὶ</strong></span> 
     </span>
    </p>
   </div>
   <div class='ocr_carea' id='block_1_34' title="bbox 158 3152 1795 3236">
    <p class='ocr_par' dir='ltr' id='par_1_34' title="bbox 158 3152 1795 3236">
     <span class='ocr_line' id='line_1_34' title="bbox 158 3152 1795 3236; baseline -0.001 -28"><span class='ocrx_word' id='word_1_237' title='bbox 158 3153 247 3209; x_wconf 82' lang='grc' dir='ltr'><strong>τοῦ</strong></span> <span class='ocrx_word' id='word_1_238' title='bbox 288 3156 379 3209; x_wconf 88' lang='grc' dir='ltr'><strong>σοῦ</strong></span> <span class='ocrx_word' id='word_1_239' title='bbox 442 3156 747 3226; x_wconf 80' lang='grc' dir='ltr'>μυστηρίου</span> <span class='ocrx_word' id='word_1_240' title='bbox 800 3153 1185 3224; x_wconf 78' lang='grc' dir='ltr'>κρεμασθέντα</span> <span class='ocrx_word' id='word_1_241' title='bbox 1239 3152 1365 3236; x_wconf 79' lang='grc' dir='ltr'>καθ’</span> <span class='ocrx_word' id='word_1_242' title='bbox 1426 3152 1795 3236; x_wconf 59' lang='grc' dir='ltr'>ὁμοιότητάς</span> 
     </span>
    </p>
   </div>
   <div class='ocr_carea' id='block_1_35' title="bbox 160 3227 1723 3316">
    <p class='ocr_par' dir='ltr' id='par_1_35' title="bbox 160 3227 1723 3316">
     <span class='ocr_line' id='line_1_35' title="bbox 160 3227 1723 3316; baseline -0.001 -19"><span class='ocrx_word' id='word_1_243' title='bbox 160 3260 282 3297; x_wconf 88' lang='grc' dir='ltr'>σου·</span> <span class='ocrx_word' id='word_1_244' title='bbox 314 3244 390 3315; x_wconf 81' lang='grc' dir='ltr'>μὴ</span> <span class='ocrx_word' id='word_1_245' title='bbox 420 3245 591 3316; x_wconf 70' lang='grc' dir='ltr'>ἐάσῃς</span> <span class='ocrx_word' id='word_1_246' title='bbox 626 3243 999 3314; x_wconf 83' lang='grc' dir='ltr'>συσταλῆναι,</span> <span class='ocrx_word' id='word_1_247' title='bbox 1041 3240 1247 3311; x_wconf 82' lang='grc' dir='ltr'>Πάτερ,</span> <span class='ocrx_word' id='word_1_248' title='bbox 1288 3227 1407 3307; x_wconf 71' lang='grc' dir='ltr'>Υἱὲ,</span> <span class='ocrx_word' id='word_1_249' title='bbox 1439 3242 1533 3295; x_wconf 74' lang='grc' dir='ltr'>καὶ</span> <span class='ocrx_word' id='word_1_250' title='bbox 1566 3244 1723 3311; x_wconf 83' lang='grc' dir='ltr'>ἆγιον</span> 
     </span>
    </p>
   </div>
   <div class='ocr_carea' id='block_1_36' title="bbox 158 3330 1724 3404">
    <p class='ocr_par' dir='ltr' id='par_1_36' title="bbox 158 3330 1724 3404">
     <span class='ocr_line' id='line_1_36' title="bbox 158 3330 1724 3404; baseline -0.002 -17"><span class='ocrx_word' id='word_1_251' title='bbox 158 3333 415 3404; x_wconf 69' lang='grc' dir='ltr'>Πνεῦμαξ,</span> <span class='ocrx_word' id='word_1_252' title='bbox 468 3335 598 3396; x_wconf 79' lang='grc' dir='ltr'>τοὺς</span> <span class='ocrx_word' id='word_1_253' title='bbox 659 3333 970 3401; x_wconf 71' lang='grc' dir='ltr'>ἐγνωκότας</span> <span class='ocrx_word' id='word_1_254' title='bbox 1033 3330 1256 3400; x_wconf 27' lang='grc' dir='ltr'>σουλτδ</span> <span class='ocrx_word' id='word_1_255' title='bbox 1324 3330 1597 3400; x_wconf 68' lang='grc' dir='ltr'>μέγεθος,</span> <span class='ocrx_word' id='word_1_256' title='bbox 1631 3332 1724 3384; x_wconf 75' lang='grc' dir='ltr'><strong>καὶ</strong></span> 
     </span>
    </p>
   </div>
   <div class='ocr_carea' id='block_1_37' title="bbox 161 3419 1725 3491">
    <p class='ocr_par' dir='ltr' id='par_1_37' title="bbox 161 3419 1725 3491">
     <span class='ocr_line' id='line_1_37' title="bbox 161 3419 1725 3491; baseline 0 -18"><span class='ocrx_word' id='word_1_257' title='bbox 161 3420 500 3491; x_wconf 79' lang='grc' dir='ltr'>ποθήσαντάς</span> <span class='ocrx_word' id='word_1_258' title='bbox 568 3437 627 3472; x_wconf 79' lang='grc' dir='ltr'><strong>σε</strong></span> <span class='ocrx_word' id='word_1_259' title='bbox 705 3422 801 3473; x_wconf 72' lang='grc' dir='ltr'>καὶ</span> <span class='ocrx_word' id='word_1_260' title='bbox 885 3419 1283 3488; x_wconf 79' lang='grc' dir='ltr'>ἀγαπήσαντάς</span> <span class='ocrx_word' id='word_1_261' title='bbox 1340 3436 1398 3472; x_wconf 88' lang='grc' dir='ltr'><strong>σε</strong></span> <span class='ocrx_word' id='word_1_262' title='bbox 1470 3422 1566 3473; x_wconf 70' lang='grc' dir='ltr'>καὶ</span> <span class='ocrx_word' id='word_1_263' title='bbox 1634 3439 1725 3473; x_wconf 77' lang='grc' dir='ltr'>πιο</span> 
     </span>
    </p>
   </div>
   <div class='ocr_carea' id='block_1_38' title="bbox 162 3508 1724 3583">
    <p class='ocr_par' dir='ltr' id='par_1_38' title="bbox 162 3508 1724 3583">
     <span class='ocr_line' id='line_1_38' title="bbox 162 3508 1724 3583; baseline 0.003 -22"><span class='ocrx_word' id='word_1_264' title='bbox 162 3512 495 3575; x_wconf 76' lang='grc' dir='ltr'>στεύσαντας</span> <span class='ocrx_word' id='word_1_265' title='bbox 572 3511 651 3573; x_wconf 76' lang='grc' dir='ltr'><strong>τίς</strong></span> <span class='ocrx_word' id='word_1_266' title='bbox 706 3510 764 3563; x_wconf 82' lang='grc' dir='ltr'>σὲ</span> <span class='ocrx_word' id='word_1_267' title='bbox 841 3509 907 3561; x_wconf 85' lang='grc' dir='ltr'>δι’</span> <span class='ocrx_word' id='word_1_268' title='bbox 956 3508 1123 3561; x_wconf 86' lang='grc' dir='ltr'>αὑτοῦ</span> <span class='ocrx_word' id='word_1_269' title='bbox 1190 3509 1287 3562; x_wconf 87' lang='grc' dir='ltr'><strong>τοῦ</strong></span> <span class='ocrx_word' id='word_1_270' title='bbox 1366 3510 1501 3581; x_wconf 81' lang='lat'><strong>(78)</strong></span> <span class='ocrx_word' id='word_1_271' title='bbox 1548 3510 1724 3583; x_wconf 81' lang='grc' dir='ltr'>κηρύ-</span> 
     </span>
    </p>
   </div>
   <div class='ocr_carea' id='block_1_39' title="bbox 161 3600 1723 3679">
    <p class='ocr_par' dir='ltr' id='par_1_39' title="bbox 161 3600 1723 3679">
     <span class='ocr_line' id='line_1_39' title="bbox 161 3600 1723 3679; baseline 0.001 -23"><span class='ocrx_word' id='word_1_272' title='bbox 161 3619 383 3671; x_wconf 85' lang='grc' dir='ltr'>γματος.</span> <span class='ocrx_word' id='word_1_273' title='bbox 448 3600 796 3669; x_wconf 81' lang='grc' dir='ltr'>Διαφύλαξον</span> <span class='ocrx_word' id='word_1_274' title='bbox 874 3600 1167 3670; x_wconf 83' lang='grc' dir='ltr'>ἀπήμονας</span> <span class='ocrx_word' id='word_1_275' title='bbox 1241 3600 1337 3679; x_wconf 70' lang='grc' dir='ltr'>καὶ</span> <span class='ocrx_word' id='word_1_276' title='bbox 1421 3602 1723 3671; x_wconf 71' lang='grc' dir='ltr'>βεϐαίωσον</span> 
     </span>
    </p>
   </div>
   <div class='ocr_carea' id='block_1_40' title="bbox 161 3690 1723 3765">
    <p class='ocr_par' dir='ltr' id='par_1_40' title="bbox 161 3690 1723 3765">
     <span class='ocr_line' id='line_1_40' title="bbox 161 3690 1723 3765; baseline 0 -19"><span class='ocrx_word' id='word_1_277' title='bbox 161 3693 352 3755; x_wconf 83' lang='grc' dir='ltr'>αὐτοὺς</span> <span class='ocrx_word' id='word_1_278' title='bbox 388 3694 446 3746; x_wconf 77' lang='grc' dir='ltr'>ἑν</span> <span class='ocrx_word' id='word_1_279' title='bbox 481 3693 548 3761; x_wconf 77' lang='grc' dir='ltr'>τῇ</span> <span class='ocrx_word' id='word_1_280' title='bbox 595 3694 659 3761; x_wconf 78' lang='grc' dir='ltr'>σῇ</span> <span class='ocrx_word' id='word_1_281' title='bbox 718 3690 937 3757; x_wconf 86' lang='grc' dir='ltr'>πίστει,</span> <span class='ocrx_word' id='word_1_282' title='bbox 970 3691 1063 3744; x_wconf 73' lang='grc' dir='ltr'><strong>καὶ</strong></span> <span class='ocrx_word' id='word_1_283' title='bbox 1111 3691 1335 3760; x_wconf 85' lang='grc' dir='ltr'>χάρισαι</span> <span class='ocrx_word' id='word_1_284' title='bbox 1385 3692 1573 3757; x_wconf 81' lang='grc' dir='ltr'>αὐτοῖς</span> <span class='ocrx_word' id='word_1_285' title='bbox 1624 3694 1723 3765; x_wconf 77' lang='grc' dir='ltr'><strong>τὴν</strong></span> 
     </span>
    </p>
   </div>
   <div class='ocr_carea' id='block_1_41' title="bbox 159 3779 1724 3856">
    <p class='ocr_par' dir='ltr' id='par_1_41' title="bbox 159 3779 1724 3856">
     <span class='ocr_line' id='line_1_41' title="bbox 159 3779 1724 3856; baseline 0.002 -20"><span class='ocrx_word' id='word_1_286' title='bbox 159 3783 288 3853; x_wconf 82' lang='grc' dir='ltr'>πρὸς</span> <span class='ocrx_word' id='word_1_287' title='bbox 332 3783 394 3835; x_wconf 79' lang='grc' dir='ltr'>σὲ</span> <span class='ocrx_word' id='word_1_288' title='bbox 433 3782 779 3856; x_wconf 75' lang='grc' dir='ltr'>παρρησίαν,</span> <span class='ocrx_word' id='word_1_289' title='bbox 814 3780 910 3835; x_wconf 88' lang='grc' dir='ltr'><strong>τοῦ</strong></span> <span class='ocrx_word' id='word_1_290' title='bbox 953 3779 1205 3845; x_wconf 78' lang='grc' dir='ltr'>δοξάζειν</span> <span class='ocrx_word' id='word_1_291' title='bbox 1242 3800 1301 3836; x_wconf 78' lang='grc' dir='ltr'><strong>σε</strong></span> <span class='ocrx_word' id='word_1_292' title='bbox 1338 3784 1428 3838; x_wconf 81' lang='grc' dir='ltr'><strong>τὸν</strong></span> <span class='ocrx_word' id='word_1_293' title='bbox 1471 3785 1724 3853; x_wconf 72' lang='grc' dir='ltr'>ἀληθινὸν</span> 
     </span>
    </p>
   </div>
   <div class='ocr_carea' id='block_1_42' title="bbox 158 3867 1724 3943">
    <p class='ocr_par' dir='ltr' id='par_1_42' title="bbox 158 3867 1724 3943">
     <span class='ocr_line' id='line_1_42' title="bbox 158 3867 1724 3943; baseline -0.001 -16"><span class='ocrx_word' id='word_1_294' title='bbox 158 3872 303 3938; x_wconf 77' lang='grc' dir='ltr'>Θεὸν,</span> <span class='ocrx_word' id='word_1_295' title='bbox 331 3873 389 3926; x_wconf 80' lang='grc' dir='ltr'>ὃν</span> <span class='ocrx_word' id='word_1_296' title='bbox 421 3870 591 3939; x_wconf 79' lang='grc' dir='ltr'>εἶδον,</span> <span class='ocrx_word' id='word_1_297' title='bbox 625 3872 683 3926; x_wconf 86' lang='grc' dir='ltr'><strong>δν</strong></span> <span class='ocrx_word' id='word_1_298' title='bbox 712 3873 840 3942; x_wconf 79' lang='grc' dir='ltr'>ἔχω,</span> <span class='ocrx_word' id='word_1_299' title='bbox 866 3872 923 3925; x_wconf 83' lang='grc' dir='ltr'>ὃν</span> <span class='ocrx_word' id='word_1_300' title='bbox 960 3873 1121 3941; x_wconf 83' lang='grc' dir='ltr'>φιλῶ,</span> <span class='ocrx_word' id='word_1_301' title='bbox 1154 3873 1211 3927; x_wconf 77' lang='grc' dir='ltr'>ὲν</span> <span class='ocrx_word' id='word_1_302' title='bbox 1244 3867 1286 3940; x_wconf 83' lang='grc' dir='ltr'><strong>ᾧ</strong></span> <span class='ocrx_word' id='word_1_303' title='bbox 1319 3875 1435 3943; x_wconf 59' lang='lat' dir='ltr'><strong>stiti.</strong></span> <span class='ocrx_word' id='word_1_304' title='bbox 1468 3880 1561 3930; x_wconf 77' lang='grc' dir='ltr'>καὶ</span> <span class='ocrx_word' id='word_1_305' title='bbox 1603 3876 1724 3927; x_wconf 82' lang='grc' dir='ltr'>ἔσο-</span> 
     </span>
    </p>
   </div>
   <div class='ocr_carea' id='block_1_43' title="bbox 163 3965 1723 4038">
    <p class='ocr_par' dir='ltr' id='par_1_43' title="bbox 163 3965 1723 4038">
     <span class='ocr_line' id='line_1_43' title="bbox 163 3965 1723 4038; baseline 0.001 -19"><span class='ocrx_word' id='word_1_306' title='bbox 163 3976 273 4038; x_wconf 83' lang='grc' dir='ltr'>μαι.</span> <span class='ocrx_word' id='word_1_307' title='bbox 307 3966 467 4033; x_wconf 80' lang='grc' dir='ltr'>Δέξαι</span> <span class='ocrx_word' id='word_1_308' title='bbox 504 3984 571 4037; x_wconf 89' lang='grc' dir='ltr'><strong>με</strong></span> <span class='ocrx_word' id='word_1_309' title='bbox 623 3969 681 4019; x_wconf 80' lang='grc' dir='ltr'>ὲν</span> <span class='ocrx_word' id='word_1_310' title='bbox 718 3966 911 4036; x_wconf 85' lang='grc' dir='ltr'>είρήνῃ</span> <span class='ocrx_word' id='word_1_311' title='bbox 958 3966 1041 4027; x_wconf 86' lang='grc' dir='ltr'><strong>είς</strong></span> <span class='ocrx_word' id='word_1_312' title='bbox 1088 3965 1187 4027; x_wconf 78' lang='grc' dir='ltr'>τὰς</span> <span class='ocrx_word' id='word_1_313' title='bbox 1210 3965 1460 4027; x_wconf 84' lang='grc' dir='ltr'>αἰωνίους</span> <span class='ocrx_word' id='word_1_314' title='bbox 1494 3967 1723 4036; x_wconf 84' lang='grc' dir='ltr'>σκηνάς.</span> 
     </span>
    </p>
   </div>
   <div class='ocr_carea' id='block_1_44' title="bbox 161 4055 1723 4127">
    <p class='ocr_par' dir='ltr' id='par_1_44' title="bbox 161 4055 1723 4127">
     <span class='ocr_line' id='line_1_44' title="bbox 161 4055 1723 4127; baseline -0.001 -14"><span class='ocrx_word' id='word_1_315' title='bbox 161 4058 339 4127; x_wconf 70' lang='grc' dir='ltr'>Ταῦτα</span> <span class='ocrx_word' id='word_1_316' title='bbox 370 4058 428 4121; x_wconf 73' lang='grc' dir='ltr'>δὲ</span> <span class='ocrx_word' id='word_1_317' title='bbox 463 4056 635 4110; x_wconf 76' lang='grc' dir='ltr'>εἰπὼν</span> <span class='ocrx_word' id='word_1_318' title='bbox 668 4058 762 4111; x_wconf 79' lang='grc' dir='ltr'>καὶ</span> <span class='ocrx_word' id='word_1_319' title='bbox 790 4058 881 4109; x_wconf 77' lang='grc' dir='ltr'><strong>ὲπὶ</strong></span> <span class='ocrx_word' id='word_1_320' title='bbox 915 4056 1100 4109; x_wconf 83' lang='grc' dir='ltr'>πλεῖον</span> <span class='ocrx_word' id='word_1_321' title='bbox 1121 4055 1351 4119; x_wconf 80' lang='grc' dir='ltr'>δοξάσας</span> <span class='ocrx_word' id='word_1_322' title='bbox 1377 4058 1469 4109; x_wconf 79' lang='grc' dir='ltr'><strong>τὸν</strong></span> <span class='ocrx_word' id='word_1_323' title='bbox 1498 4058 1723 4126; x_wconf 79' lang='grc' dir='ltr'>Κύριον,</span> 
     </span>
    </p>
   </div>
   <div class='ocr_carea' id='block_1_45' title="bbox 160 4136 1721 4222">
    <p class='ocr_par' dir='ltr' id='par_1_45' title="bbox 160 4136 1721 4222">
     <span class='ocr_line' id='line_1_45' title="bbox 160 4136 1721 4222; baseline 0 -18"><span class='ocrx_word' id='word_1_324' title='bbox 160 4151 436 4221; x_wconf 69' lang='grc' dir='ltr'>παρέδωκε</span> <span class='ocrx_word' id='word_1_325' title='bbox 461 4150 525 4203; x_wconf 85' lang='grc' dir='ltr'><strong>τδ</strong></span> <span class='ocrx_word' id='word_1_326' title='bbox 550 4149 791 4219; x_wconf 70' lang='grc' dir='ltr'>πνεῦμα,</span> <span class='ocrx_word' id='word_1_327' title='bbox 813 4148 1114 4202; x_wconf 84' lang='grc' dir='ltr'>κλαιόντων</span> <span class='ocrx_word' id='word_1_328' title='bbox 1142 4149 1238 4201; x_wconf 70' lang='grc' dir='ltr'>καὶ</span> <span class='ocrx_word' id='word_1_329' title='bbox 1260 4136 1580 4218; x_wconf 74' lang='grc' dir='ltr'>ἀνιὼμένὼν</span> <span class='ocrx_word' id='word_1_330' title='bbox 1611 4149 1721 4222; x_wconf 84' lang='grc'><strong>(79)</strong></span> 
     </span>
    </p>
   </div>
   <div class='ocr_carea' id='block_1_46' title="bbox 159 4237 1723 4314">
    <p class='ocr_par' dir='ltr' id='par_1_46' title="bbox 159 4237 1723 4314">
     <span class='ocr_line' id='line_1_46' title="bbox 159 4237 1723 4314; baseline -0.003 -17"><span class='ocrx_word' id='word_1_331' title='bbox 159 4241 246 4297; x_wconf 62' lang='grc' dir='ltr'><strong>ἰπὶ</strong></span> <span class='ocrx_word' id='word_1_332' title='bbox 278 4242 353 4314; x_wconf 80' lang='grc' dir='ltr'>τῷ</span> <span class='ocrx_word' id='word_1_333' title='bbox 396 4238 668 4312; x_wconf 81' lang='grc' dir='ltr'>χωρισμῷ</span> <span class='ocrx_word' id='word_1_334' title='bbox 701 4238 888 4294; x_wconf 83' lang='grc' dir='ltr'>αὑτοῦ.</span> <span class='ocrx_word' id='word_1_335' title='bbox 915 4237 1072 4291; x_wconf 84' lang='grc' dir='ltr'>Μετά</span> <span class='ocrx_word' id='word_1_336' title='bbox 1094 4237 1153 4291; x_wconf 82' lang='grc' dir='ltr'>δὲ</span> <span class='ocrx_word' id='word_1_337' title='bbox 1179 4237 1279 4307; x_wconf 78' lang='grc' dir='ltr'>τὴν</span> <span class='ocrx_word' id='word_1_338' title='bbox 1308 4238 1402 4290; x_wconf 88' lang='grc' dir='ltr'><strong>τοῦ</strong></span> <span class='ocrx_word' id='word_1_339' title='bbox 1433 4239 1723 4309; x_wconf 71' lang='grc' dir='ltr'>μακαρίου</span> 
     </span>
    </p>
   </div>
   <div class='ocr_carea' id='block_1_47' title="bbox 162 4330 1726 4405">
    <p class='ocr_par' dir='ltr' id='par_1_47' title="bbox 162 4330 1726 4405">
     <span class='ocr_line' id='line_1_47' title="bbox 162 4330 1726 4405; baseline -0.003 -14"><span class='ocrx_word' id='word_1_340' title='bbox 162 4336 321 4391; x_wconf 74' lang='grc' dir='ltr'>αὑτοῦ</span> <span class='ocrx_word' id='word_1_341' title='bbox 373 4334 690 4405; x_wconf 85' lang='grc' dir='ltr'>πνεύματος</span> <span class='ocrx_word' id='word_1_342' title='bbox 748 4332 927 4398; x_wconf 74' lang='grc' dir='ltr'>ἔξοδον</span> <span class='ocrx_word' id='word_1_343' title='bbox 979 4333 1012 4402; x_wconf 80' lang='grc' dir='ltr'><strong>ἡ</strong></span> <span class='ocrx_word' id='word_1_344' title='bbox 1056 4330 1374 4399; x_wconf 80' lang='grc' dir='ltr'>Μαξιμίλλα</span> <span class='ocrx_word' id='word_1_345' title='bbox 1421 4333 1543 4401; x_wconf 74' lang='grc' dir='ltr'>μηδ’</span> <span class='ocrx_word' id='word_1_346' title='bbox 1589 4334 1726 4395; x_wconf 85' lang='grc' dir='ltr'>ὅλως</span> 
     </span>
    </p>
   </div>
   <div class='ocr_carea' id='block_1_48' title="bbox 160 4422 1727 4499">
    <p class='ocr_par' dir='ltr' id='par_1_48' title="bbox 160 4422 1727 4499">
     <span class='ocr_line' id='line_1_48' title="bbox 160 4422 1727 4499; baseline -0.002 -18"><span class='ocrx_word' id='word_1_347' title='bbox 160 4429 490 4499; x_wconf 79' lang='grc' dir='ltr'>φροντίσασα</span> <span class='ocrx_word' id='word_1_348' title='bbox 524 4426 633 4479; x_wconf 84' lang='grc' dir='ltr'><strong>τῶν</strong></span> <span class='ocrx_word' id='word_1_349' title='bbox 668 4422 1059 4495; x_wconf 81' lang='grc' dir='ltr'>παρεστώτων,</span> <span class='ocrx_word' id='word_1_350' title='bbox 1093 4422 1469 4492; x_wconf 82' lang='grc' dir='ltr'>προσελθοῦσα</span> <span class='ocrx_word' id='word_1_351' title='bbox 1494 4424 1637 4492; x_wconf 80' lang='grc' dir='ltr'>αὑτὴ</span> <span class='ocrx_word' id='word_1_352' title='bbox 1660 4424 1727 4478; x_wconf 81' lang='grc' dir='ltr'>δι’</span> 
     </span>
    </p>
   </div>
   <div class='ocr_carea' id='block_1_49' title="bbox 1830 610 3401 683">
    <p class='ocr_par' dir='ltr' id='par_1_49' title="bbox 1830 610 3401 683">
     <span class='ocr_line' id='line_1_49' title="bbox 1830 610 3401 683; baseline 0.013 -21"><span class='ocrx_word' id='word_1_353' title='bbox 1830 610 2149 678; x_wconf 76' lang='lat' dir='ltr'><strong>temporalia</strong></span> <span class='ocrx_word' id='word_1_354' title='bbox 2188 626 2312 667; x_wconf 90' lang='lat' dir='ltr'><strong>cum</strong></span> <span class='ocrx_word' id='word_1_355' title='bbox 2362 614 2500 679; x_wconf 88' lang='lat' dir='ltr'><strong>sint,</strong></span> <span class='ocrx_word' id='word_1_356' title='bbox 2528 616 2691 674; x_wconf 90' lang='lat' dir='ltr'><strong>citius</strong></span> <span class='ocrx_word' id='word_1_357' title='bbox 2741 618 2997 675; x_wconf 81' lang='lat' dir='ltr'><strong>deﬁcient</strong></span> <span class='ocrx_word' id='word_1_358' title='bbox 3045 631 3245 683; x_wconf 88' lang='lat' dir='ltr'><strong>tecum.</strong></span> <span class='ocrx_word' id='word_1_359' title='bbox 3291 626 3401 683; x_wconf 82' lang='lat' dir='ltr'><strong>Nec</strong></span> 
     </span>
    </p>
   </div>
   <div class='ocr_carea' id='block_1_50' title="bbox 1826 690 3399 775">
    <p class='ocr_par' dir='ltr' id='par_1_50' title="bbox 1826 690 3399 775">
     <span class='ocr_line' id='line_1_50' title="bbox 1826 690 3399 775; baseline 0.015 -23"><span class='ocrx_word' id='word_1_360' title='bbox 1826 714 2021 756; x_wconf 78' lang='lat' dir='ltr'><strong>rursus</strong></span> <span class='ocrx_word' id='word_1_361' title='bbox 2049 701 2214 757; x_wconf 82' lang='lat' dir='ltr'><strong>minis</strong></span> <span class='ocrx_word' id='word_1_362' title='bbox 2270 690 2385 761; x_wconf 81' lang='lat' dir='ltr'><strong>tuis</strong></span> <span class='ocrx_word' id='word_1_363' title='bbox 2418 707 2702 764; x_wconf 86' lang='lat' dir='ltr'><strong>terrebar:</strong></span> <span class='ocrx_word' id='word_1_364' title='bbox 2737 711 2997 769; x_wconf 80' lang='lat' dir='ltr'><strong>Dominus</strong></span> <span class='ocrx_word' id='word_1_365' title='bbox 3044 718 3190 771; x_wconf 89' lang='lat' dir='ltr'><strong>enim</strong></span> <span class='ocrx_word' id='word_1_366' title='bbox 3245 734 3399 775; x_wconf 87' lang='lat' dir='ltr'><strong>meus</strong></span> 
     </span>
    </p>
   </div>
   <div class='ocr_carea' id='block_1_51' title="bbox 1825 790 3396 864">
    <p class='ocr_par' dir='ltr' id='par_1_51' title="bbox 1825 790 3396 864">
     <span class='ocr_line' id='line_1_51' title="bbox 1825 790 3396 864; baseline 0.013 -21"><span class='ocrx_word' id='word_1_367' title='bbox 1825 790 1989 846; x_wconf 83' lang='lat' dir='ltr'><strong>.lesus</strong></span> <span class='ocrx_word' id='word_1_368' title='bbox 2042 790 2299 849; x_wconf 75' lang='lat' dir='ltr'><strong>Christus</strong></span> <span class='ocrx_word' id='word_1_369' title='bbox 2348 796 2605 851; x_wconf 72' lang='lat' dir='ltr'><strong>indicavit</strong></span> <span class='ocrx_word' id='word_1_370' title='bbox 2658 802 2789 855; x_wconf 82' lang='lat' dir='ltr'><strong>mihi</strong></span> <span class='ocrx_word' id='word_1_371' title='bbox 2858 804 3097 861; x_wconf 86' lang='lat' dir='ltr'><strong>dicens:</strong></span> <span class='ocrx_word' id='word_1_372' title='bbox 3159 803 3396 864; x_wconf 78' lang='lat' dir='ltr'><strong>Observa</strong></span> 
     </span>
    </p>
   </div>
   <div class='ocr_carea' id='block_1_52' title="bbox 1824 880 3397 959">
    <p class='ocr_par' dir='ltr' id='par_1_52' title="bbox 1824 880 3397 959">
     <span class='ocr_line' id='line_1_52' title="bbox 1824 880 3397 959; baseline 0.013 -24"><span class='ocrx_word' id='word_1_373' title='bbox 1824 880 2127 952; x_wconf 65' lang='lat' dir='ltr'><strong>Egeatem,</strong></span> <span class='ocrx_word' id='word_1_374' title='bbox 2161 890 2215 938; x_wconf 89' lang='lat' dir='ltr'><strong>et</strong></span> <span class='ocrx_word' id='word_1_375' title='bbox 2268 898 2345 940; x_wconf 77' lang='lat' dir='ltr'><strong>ne</strong></span> <span class='ocrx_word' id='word_1_376' title='bbox 2383 888 2628 944; x_wconf 85' lang='lat' dir='ltr'><strong>timueris</strong></span> <span class='ocrx_word' id='word_1_377' title='bbox 2658 891 2727 945; x_wconf 89' lang='lat' dir='ltr'><strong>ab</strong></span> <span class='ocrx_word' id='word_1_378' title='bbox 2759 906 2823 947; x_wconf 87' lang='lat' dir='ltr'><strong>eo</strong></span> <span class='ocrx_word' id='word_1_379' title='bbox 2848 934 2863 959; x_wconf 93' lang='lat'><strong>,</strong></span> <span class='ocrx_word' id='word_1_380' title='bbox 2897 893 3023 949; x_wconf 86' lang='lat' dir='ltr'><strong>licet</strong></span> <span class='ocrx_word' id='word_1_381' title='bbox 3076 898 3397 955; x_wconf 87' lang='lat' dir='ltr'><strong>metuendus</strong></span> 
     </span>
    </p>
   </div>
   <div class='ocr_carea' id='block_1_53' title="bbox 1826 974 3400 1058">
    <p class='ocr_par' dir='ltr' id='par_1_53' title="bbox 1826 974 3400 1058">
     <span class='ocr_line' id='line_1_53' title="bbox 1826 974 3400 1058; baseline 0.011 -29"><span class='ocrx_word' id='word_1_382' title='bbox 1826 974 1932 1041; x_wconf 86' lang='lat' dir='ltr'><strong>sit,</strong></span> <span class='ocrx_word' id='word_1_383' title='bbox 1981 981 2035 1029; x_wconf 89' lang='lat' dir='ltr'><strong>et</strong></span> <span class='ocrx_word' id='word_1_384' title='bbox 2094 984 2337 1030; x_wconf 76' lang='lat' dir='ltr'><strong>vastator</strong></span> <span class='ocrx_word' id='word_1_385' title='bbox 2368 979 2627 1045; x_wconf 80' lang='lat' dir='ltr'><strong>exsistat,</strong></span> <span class='ocrx_word' id='word_1_386' title='bbox 2658 990 2709 1037; x_wconf 90' lang='lat' dir='ltr'><strong>et</strong></span> <span class='ocrx_word' id='word_1_387' title='bbox 2734 983 2958 1042; x_wconf 88' lang='lat' dir='ltr'><strong>dolosus</strong></span> <span class='ocrx_word' id='word_1_388' title='bbox 3006 989 3299 1058; x_wconf 85' lang='lat' dir='ltr'><strong>inimicus,</strong></span> <span class='ocrx_word' id='word_1_389' title='bbox 3346 1003 3400 1049; x_wconf 90' lang='lat' dir='ltr'><strong>et</strong></span> 
     </span>
    </p>
   </div>
   <div class='ocr_carea' id='block_1_54' title="bbox 1828 1072 3399 1147">
    <p class='ocr_par' dir='ltr' id='par_1_54' title="bbox 1828 1072 3399 1147">
     <span class='ocr_line' id='line_1_54' title="bbox 1828 1072 3399 1147; baseline 0.013 -28"><span class='ocrx_word' id='word_1_390' title='bbox 1828 1072 2111 1135; x_wconf 83' lang='lat' dir='ltr'><strong>stuprator</strong></span> <span class='ocrx_word' id='word_1_391' title='bbox 2137 1080 2395 1134; x_wconf 82' lang='lat' dir='ltr'><strong>vesanus,</strong></span> <span class='ocrx_word' id='word_1_392' title='bbox 2434 1078 2481 1123; x_wconf 87' lang='lat' dir='ltr'><strong>ct</strong></span> <span class='ocrx_word' id='word_1_393' title='bbox 2515 1074 2738 1141; x_wconf 84' lang='lat' dir='ltr'><strong>ardelio,</strong></span> <span class='ocrx_word' id='word_1_394' title='bbox 2768 1086 2819 1130; x_wconf 90' lang='lat' dir='ltr'><strong>et</strong></span> <span class='ocrx_word' id='word_1_395' title='bbox 2856 1080 3089 1147; x_wconf 86' lang='lat' dir='ltr'><strong>occisor,</strong></span> <span class='ocrx_word' id='word_1_396' title='bbox 3118 1090 3174 1137; x_wconf 89' lang='lat' dir='ltr'><strong>et</strong></span> <span class='ocrx_word' id='word_1_397' title='bbox 3204 1083 3399 1139; x_wconf 89' lang='lat' dir='ltr'><strong>adula-</strong></span> 
     </span>
    </p>
   </div>
   <div class='ocr_carea' id='block_1_55' title="bbox 1830 1156 3401 1242">
    <p class='ocr_par' dir='ltr' id='par_1_55' title="bbox 1830 1156 3401 1242">
     <span class='ocr_line' id='line_1_55' title="bbox 1830 1156 3401 1242; baseline 0.013 -34"><span class='ocrx_word' id='word_1_398' title='bbox 1830 1163 1934 1219; x_wconf 87' lang='lat' dir='ltr'><strong>tor,</strong></span> <span class='ocrx_word' id='word_1_399' title='bbox 1964 1165 2019 1209; x_wconf 89' lang='lat' dir='ltr'><strong>et</strong></span> <span class='ocrx_word' id='word_1_400' title='bbox 2050 1156 2439 1223; x_wconf 81' lang='lat' dir='ltr'><strong>iracu‘ndus,et</strong></span> <span class='ocrx_word' id='word_1_401' title='bbox 2460 1160 2870 1232; x_wconf 87' lang='lat' dir='ltr'><strong>immisericors,</strong></span> <span class='ocrx_word' id='word_1_402' title='bbox 2900 1179 2952 1223; x_wconf 91' lang='lat' dir='ltr'><strong>et</strong></span> <span class='ocrx_word' id='word_1_403' title='bbox 2972 1184 3235 1226; x_wconf 87' lang='lat' dir='ltr'><strong>venenum</strong></span> <span class='ocrx_word' id='word_1_404' title='bbox 3257 1173 3401 1242; x_wconf 85' lang='lat' dir='ltr'><strong>aspi-</strong></span> 
     </span>
    </p>
   </div>
   <div class='ocr_carea' id='block_1_56' title="bbox 1828 1244 3399 1334">
    <p class='ocr_par' dir='ltr' id='par_1_56' title="bbox 1828 1244 3399 1334">
     <span class='ocr_line' id='line_1_56' title="bbox 1828 1244 3399 1334; baseline 0.013 -35"><span class='ocrx_word' id='word_1_405' title='bbox 1828 1244 1957 1299; x_wconf 90' lang='lat' dir='ltr'><strong>dum</strong></span> <span class='ocrx_word' id='word_1_406' title='bbox 1990 1249 2090 1303; x_wconf 85' lang='lat' dir='ltr'><strong>sub</strong></span> <span class='ocrx_word' id='word_1_407' title='bbox 2123 1249 2283 1306; x_wconf 85' lang='lat' dir='ltr'><strong>labiis</strong></span> <span class='ocrx_word' id='word_1_408' title='bbox 2316 1252 2453 1320; x_wconf 87' lang='lat' dir='ltr'><strong>ejus,</strong></span> <span class='ocrx_word' id='word_1_409' title='bbox 2486 1262 2538 1307; x_wconf 91' lang='lat' dir='ltr'><strong>et</strong></span> <span class='ocrx_word' id='word_1_410' title='bbox 2566 1256 2799 1312; x_wconf 84' lang='lat' dir='ltr'><strong>amictus</strong></span> <span class='ocrx_word' id='word_1_411' title='bbox 2851 1259 2968 1327; x_wconf 86' lang='lat' dir='ltr'><strong>ejus</strong></span> <span class='ocrx_word' id='word_1_412' title='bbox 3026 1263 3187 1332; x_wconf 88' lang='lat' dir='ltr'><strong>quasi</strong></span> <span class='ocrx_word' id='word_1_413' title='bbox 3239 1265 3399 1334; x_wconf 82' lang='lat' dir='ltr'><strong>pellis</strong></span> 
     </span>
    </p>
   </div>
   <div class='ocr_carea' id='block_1_57' title="bbox 1828 1338 3391 1412">
    <p class='ocr_par' dir='ltr' id='par_1_57' title="bbox 1828 1338 3391 1412">
     <span class='ocr_line' id='line_1_57' title="bbox 1828 1338 3391 1412; baseline 0.014 -23"><span class='ocrx_word' id='word_1_414' title='bbox 1828 1338 1963 1406; x_wconf 92' lang='lat' dir='ltr'><strong>lupi,</strong></span> <span class='ocrx_word' id='word_1_415' title='bbox 2004 1345 2058 1392; x_wconf 89' lang='lat' dir='ltr'><strong>et</strong></span> <span class='ocrx_word' id='word_1_416' title='bbox 2083 1340 2383 1395; x_wconf 77' lang='lat' dir='ltr'><strong>lielluarum</strong></span> <span class='ocrx_word' id='word_1_417' title='bbox 2435 1360 2587 1399; x_wconf 90' lang='lat' dir='ltr'><strong>more</strong></span> <span class='ocrx_word' id='word_1_418' title='bbox 2643 1345 2795 1403; x_wconf 79' lang='lat' dir='ltr'><strong>ferus</strong></span> <span class='ocrx_word' id='word_1_419' title='bbox 2840 1349 2910 1403; x_wconf 91' lang='lat' dir='ltr'><strong>sit</strong></span> <span class='ocrx_word' id='word_1_420' title='bbox 2968 1363 3019 1407; x_wconf 87' lang='lat' dir='ltr'><strong>et</strong></span> <span class='ocrx_word' id='word_1_421' title='bbox 3079 1355 3391 1412; x_wconf 83' lang='lat' dir='ltr'><strong>homicida:</strong></span> 
     </span>
    </p>
   </div>
   <div class='ocr_carea' id='block_1_58' title="bbox 1827 1426 3391 1509">
    <p class='ocr_par' dir='ltr' id='par_1_58' title="bbox 1827 1426 3391 1509">
     <span class='ocr_line' id='line_1_58' title="bbox 1827 1426 3391 1509; baseline 0.015 -32"><span class='ocrx_word' id='word_1_422' title='bbox 1827 1426 2062 1495; x_wconf 84' lang='lat' dir='ltr'><strong>qualiter</strong></span> <span class='ocrx_word' id='word_1_423' title='bbox 2095 1429 2162 1483; x_wconf 87' lang='lat' dir='ltr'><strong>ab</strong></span> <span class='ocrx_word' id='word_1_424' title='bbox 2198 1432 2352 1486; x_wconf 82' lang='lat' dir='ltr'><strong>initio</strong></span> <span class='ocrx_word' id='word_1_425' title='bbox 2392 1434 2495 1487; x_wconf 82' lang='lat' dir='ltr'><strong>fuit</strong></span> <span class='ocrx_word' id='word_1_426' title='bbox 2526 1444 2681 1504; x_wconf 89' lang='lat' dir='ltr'><strong>pater</strong></span> <span class='ocrx_word' id='word_1_427' title='bbox 2730 1439 2847 1509; x_wconf 87' lang='lat' dir='ltr'><strong>ejus</strong></span> <span class='ocrx_word' id='word_1_428' title='bbox 2902 1438 3152 1497; x_wconf 84' lang='lat' dir='ltr'><strong>Satanas.</strong></span> <span class='ocrx_word' id='word_1_429' title='bbox 3202 1444 3391 1500; x_wconf 82' lang='lat' dir='ltr'><strong>Sciens</strong></span> 
     </span>
    </p>
   </div>
   <div class='ocr_carea' id='block_1_59' title="bbox 1828 1516 3392 1602">
    <p class='ocr_par' dir='ltr' id='par_1_59' title="bbox 1828 1516 3392 1602">
     <span class='ocr_line' id='line_1_59' title="bbox 1828 1516 3392 1602; baseline 0.013 -33"><span class='ocrx_word' id='word_1_430' title='bbox 1828 1516 1994 1586; x_wconf 78' lang='lat' dir='ltr'><strong>igitur</strong></span> <span class='ocrx_word' id='word_1_431' title='bbox 2041 1534 2137 1589; x_wconf 87' lang='lat' dir='ltr'><strong>per</strong></span> <span class='ocrx_word' id='word_1_432' title='bbox 2164 1535 2282 1574; x_wconf 90' lang='lat' dir='ltr'><strong>eum</strong></span> <span class='ocrx_word' id='word_1_433' title='bbox 2328 1524 2419 1591; x_wconf 89' lang='lat' dir='ltr'><strong>qui</strong></span> <span class='ocrx_word' id='word_1_434' title='bbox 2452 1528 2724 1602; x_wconf 74' lang='lat' dir='ltr'><strong>revocavit</strong></span> <span class='ocrx_word' id='word_1_435' title='bbox 2754 1546 2839 1585; x_wconf 90' lang='lat' dir='ltr'><strong>me</strong></span> <span class='ocrx_word' id='word_1_436' title='bbox 2887 1547 3129 1587; x_wconf 85' lang='lat' dir='ltr'><strong>veracem</strong></span> <span class='ocrx_word' id='word_1_437' title='bbox 3183 1534 3349 1591; x_wconf 86' lang='lat' dir='ltr'><strong>Deum</strong></span> <span class='ocrx_word' id='word_1_438' title='bbox 3375 1575 3392 1602; x_wconf 83' lang='lat'><strong>,</strong></span> 
     </span>
    </p>
   </div>
   <div class='ocr_carea' id='block_1_60' title="bbox 1829 1592 3392 1691">
    <p class='ocr_par' dir='ltr' id='par_1_60' title="bbox 1829 1592 3392 1691">
     <span class='ocr_line' id='line_1_60' title="bbox 1829 1592 3392 1691; baseline 0.014 -36"><span class='ocrx_word' id='word_1_439' title='bbox 1829 1604 2113 1673; x_wconf 77' lang='lat' dir='ltr'><strong>digrediar</strong></span> <span class='ocrx_word' id='word_1_440' title='bbox 2148 1621 2175 1659; x_wconf 90' lang='lat' dir='ltr'><strong>a</strong></span> <span class='ocrx_word' id='word_1_441' title='bbox 2216 1618 2268 1661; x_wconf 90' lang='lat' dir='ltr'><strong>te</strong></span> <span class='ocrx_word' id='word_1_442' title='bbox 2295 1610 2360 1661; x_wconf 87' lang='lat' dir='ltr'><strong>ad</strong></span> <span class='ocrx_word' id='word_1_443' title='bbox 2389 1592 2595 1675; x_wconf 52' lang='lat' dir='ltr'><strong>justum</strong></span> <span class='ocrx_word' id='word_1_444' title='bbox 2618 1614 2911 1681; x_wconf 85' lang='lat' dir='ltr'><strong>judicium.</strong></span> <span class='ocrx_word' id='word_1_445' title='bbox 2943 1616 3083 1674; x_wconf 85' lang='lat' dir='ltr'><strong>Bene</strong></span> <span class='ocrx_word' id='word_1_446' title='bbox 3112 1621 3238 1687; x_wconf 71' lang='lat' dir='ltr'><strong>novi</strong></span> <span class='ocrx_word' id='word_1_447' title='bbox 3259 1592 3392 1691; x_wconf 67' lang='lat' dir='ltr'><strong>quia</strong></span> 
     </span>
    </p>
   </div>
   <div class='ocr_carea' id='block_1_61' title="bbox 1826 1693 3395 1777">
    <p class='ocr_par' dir='ltr' id='par_1_61' title="bbox 1826 1693 3395 1777">
     <span class='ocr_line' id='line_1_61' title="bbox 1826 1693 3395 1777; baseline 0.013 -29"><span class='ocrx_word' id='word_1_448' title='bbox 1826 1693 2119 1765; x_wconf 73' lang='lat' dir='ltr'><strong>frangeris,</strong></span> <span class='ocrx_word' id='word_1_449' title='bbox 2150 1706 2205 1753; x_wconf 89' lang='lat' dir='ltr'><strong>et</strong></span> <span class='ocrx_word' id='word_1_450' title='bbox 2251 1698 2718 1777; x_wconf 85' lang='lat' dir='ltr'><strong>discruciaberis,</strong></span> <span class='ocrx_word' id='word_1_451' title='bbox 2773 1716 2827 1761; x_wconf 88' lang='lat' dir='ltr'><strong>ot</strong></span> <span class='ocrx_word' id='word_1_452' title='bbox 2886 1708 3083 1765; x_wconf 87' lang='lat' dir='ltr'><strong>animis</strong></span> <span class='ocrx_word' id='word_1_453' title='bbox 3137 1711 3395 1777; x_wconf 77' lang='lat' dir='ltr'><strong>deiicie&#39;s,</strong></span> 
     </span>
    </p>
   </div>
   <div class='ocr_carea' id='block_1_62' title="bbox 1825 1785 3401 1869">
    <p class='ocr_par' dir='ltr' id='par_1_62' title="bbox 1825 1785 3401 1869">
     <span class='ocr_line' id='line_1_62' title="bbox 1825 1785 3401 1869; baseline 0.013 -32"><span class='ocrx_word' id='word_1_454' title='bbox 1825 1785 2044 1855; x_wconf 83' lang='lat' dir='ltr'><strong>quando</strong></span> <span class='ocrx_word' id='word_1_455' title='bbox 2084 1787 2320 1857; x_wconf 88' lang='lat' dir='ltr'><strong>teipsum</strong></span> <span class='ocrx_word' id='word_1_456' title='bbox 2352 1792 2561 1847; x_wconf 78' lang='lat' dir='ltr'><strong>videbis</strong></span> <span class='ocrx_word' id='word_1_457' title='bbox 2594 1795 2987 1865; x_wconf 65' lang='lat' dir='ltr'><strong>praecipitatum</strong></span> <span class='ocrx_word' id='word_1_458' title='bbox 3038 1802 3093 1853; x_wconf 90' lang='lat' dir='ltr'><strong>in</strong></span> <span class='ocrx_word' id='word_1_459' title='bbox 3140 1800 3401 1869; x_wconf 70' lang='lat' dir='ltr'><strong>gehennai</strong></span> 
     </span>
    </p>
   </div>
   <div class='ocr_carea' id='block_1_63' title="bbox 1833 1876 3401 1957">
    <p class='ocr_par' dir='ltr' id='par_1_63' title="bbox 1833 1876 3401 1957">
     <span class='ocr_line' id='line_1_63' title="bbox 1833 1876 3401 1957; baseline 0.013 -30"><span class='ocrx_word' id='word_1_460' title='bbox 1833 1876 2034 1942; x_wconf 75' lang='lat' dir='ltr'><strong>ignem,</strong></span> <span class='ocrx_word' id='word_1_461' title='bbox 2067 1881 2161 1948; x_wconf 91' lang='lat' dir='ltr'><strong>qui</strong></span> <span class='ocrx_word' id='word_1_462' title='bbox 2194 1881 2291 1933; x_wconf 90' lang='lat' dir='ltr'><strong>tibi</strong></span> <span class='ocrx_word' id='word_1_463' title='bbox 2321 1892 2548 1950; x_wconf 89' lang='lat' dir='ltr'><strong>paratus</strong></span> <span class='ocrx_word' id='word_1_464' title='bbox 2582 1892 2687 1951; x_wconf 87' lang='lat' dir='ltr'><strong>est,</strong></span> <span class='ocrx_word' id='word_1_465' title='bbox 2720 1895 2783 1951; x_wconf 82' lang='lat' dir='ltr'><strong>et</strong></span> <span class='ocrx_word' id='word_1_466' title='bbox 2810 1887 2895 1941; x_wconf 87' lang='lat' dir='ltr'><strong>bis</strong></span> <span class='ocrx_word' id='word_1_467' title='bbox 2927 1889 3022 1957; x_wconf 89' lang='lat' dir='ltr'><strong>qui</strong></span> <span class='ocrx_word' id='word_1_468' title='bbox 3077 1898 3254 1945; x_wconf 90' lang='lat' dir='ltr'><strong>tecum</strong></span> <span class='ocrx_word' id='word_1_469' title='bbox 3301 1904 3401 1947; x_wconf 85' lang='lat' dir='ltr'><strong>ve-</strong></span> 
     </span>
    </p>
   </div>
   <div class='ocr_carea' id='block_1_64' title="bbox 1837 1975 3398 2040">
    <p class='ocr_par' dir='ltr' id='par_1_64' title="bbox 1837 1975 3398 2040">
     <span class='ocr_line' id='line_1_64' title="bbox 1837 1975 3398 2040; baseline 0.01 -20"><span class='ocrx_word' id='word_1_470' title='bbox 1837 1979 2101 2024; x_wconf 87' lang='lat' dir='ltr'><strong>nerantur</strong></span> <span class='ocrx_word' id='word_1_471' title='bbox 2135 1980 2345 2040; x_wconf 86' lang='lat' dir='ltr'><strong>patrem</strong></span> <span class='ocrx_word' id='word_1_472' title='bbox 2378 1982 2530 2027; x_wconf 89' lang='lat' dir='ltr'><strong>tuum</strong></span> <span class='ocrx_word' id='word_1_473' title='bbox 2569 1975 3188 2034; x_wconf 86' lang='lat' dir='ltr'><strong>diabolum.Proconsu|</strong></span> <span class='ocrx_word' id='word_1_474' title='bbox 3215 1991 3398 2037; x_wconf 81' lang='lat' dir='ltr'><strong>autem</strong></span> 
     </span>
    </p>
   </div>
   <div class='ocr_carea' id='block_1_65' title="bbox 1828 2060 3398 2141">
    <p class='ocr_par' dir='ltr' id='par_1_65' title="bbox 1828 2060 3398 2141">
     <span class='ocr_line' id='line_1_65' title="bbox 1828 2060 3398 2141; baseline 0.01 -28"><span class='ocrx_word' id='word_1_475' title='bbox 1828 2060 1976 2113; x_wconf 83' lang='lat' dir='ltr'><strong>stetit</strong></span> <span class='ocrx_word' id='word_1_476' title='bbox 2006 2070 2251 2130; x_wconf 88' lang='lat' dir='ltr'><strong>stupens,</strong></span> <span class='ocrx_word' id='word_1_477' title='bbox 2282 2074 2336 2117; x_wconf 84' lang='lat' dir='ltr'><strong>et</strong></span> <span class='ocrx_word' id='word_1_478' title='bbox 2360 2065 2515 2131; x_wconf 87' lang='lat' dir='ltr'><strong>quasi</strong></span> <span class='ocrx_word' id='word_1_479' title='bbox 2565 2074 2717 2120; x_wconf 82' lang='lat' dir='ltr'><strong>extra</strong></span> <span class='ocrx_word' id='word_1_480' title='bbox 2775 2084 2833 2122; x_wconf 89' lang='lat' dir='ltr'><strong>se</strong></span> <span class='ocrx_word' id='word_1_481' title='bbox 2880 2082 3089 2139; x_wconf 85' lang='lat' dir='ltr'><strong>raptus.</strong></span> <span class='ocrx_word' id='word_1_482' title='bbox 3115 2071 3398 2141; x_wconf 64' lang='lat' dir='ltr'><strong>jUniversa</strong></span> 
     </span>
    </p>
   </div>
   <div class='ocr_carea' id='block_1_66' title="bbox 1830 2151 3402 2225">
    <p class='ocr_par' dir='ltr' id='par_1_66' title="bbox 1830 2151 3402 2225">
     <span class='ocr_line' id='line_1_66' title="bbox 1830 2151 3402 2225; baseline 0.011 -24"><span class='ocrx_word' id='word_1_483' title='bbox 1830 2160 2011 2204; x_wconf 89' lang='lat' dir='ltr'><strong>autem</strong></span> <span class='ocrx_word' id='word_1_484' title='bbox 2048 2151 2270 2207; x_wconf 86' lang='lat' dir='ltr'><strong>civitate</strong></span> <span class='ocrx_word' id='word_1_485' title='bbox 2303 2155 2666 2211; x_wconf 85' lang='lat' dir='ltr'><strong>tumultuante</strong></span> <span class='ocrx_word' id='word_1_486' title='bbox 2693 2158 2836 2212; x_wconf 89' lang='lat' dir='ltr'><strong>circa</strong></span> <span class='ocrx_word' id='word_1_487' title='bbox 2870 2175 2991 2212; x_wconf 86' lang='lat' dir='ltr'><strong>cum</strong></span> <span class='ocrx_word' id='word_1_488' title='bbox 3024 2201 3039 2225; x_wconf 89' lang='lat'><strong>,</strong></span> <span class='ocrx_word' id='word_1_489' title='bbox 3074 2171 3133 2215; x_wconf 85' lang='lat' dir='ltr'><strong>ut</strong></span> <span class='ocrx_word' id='word_1_490' title='bbox 3164 2153 3402 2219; x_wconf 66' lang='lat' dir='ltr'><strong>solvere»</strong></span> 
     </span>
    </p>
   </div>
   <div class='ocr_carea' id='block_1_67' title="bbox 1828 2238 3401 2317">
    <p class='ocr_par' dir='ltr' id='par_1_67' title="bbox 1828 2238 3401 2317">
     <span class='ocr_line' id='line_1_67' title="bbox 1828 2238 3401 2317; baseline 0.011 -26"><span class='ocrx_word' id='word_1_491' title='bbox 1828 2245 1916 2291; x_wconf 90' lang='lat' dir='ltr'><strong>tur</strong></span> <span class='ocrx_word' id='word_1_492' title='bbox 1943 2238 2213 2308; x_wconf 78' lang='lat' dir='ltr'><strong>Andreas,</strong></span> <span class='ocrx_word' id='word_1_493' title='bbox 2257 2242 2332 2295; x_wconf 90' lang='lat' dir='ltr'><strong>ait</strong></span> <span class='ocrx_word' id='word_1_494' title='bbox 2363 2243 2478 2312; x_wconf 88' lang='lat' dir='ltr'><strong>ipse</strong></span> <span class='ocrx_word' id='word_1_495' title='bbox 2508 2260 2523 2297; x_wconf 92' lang='lat'><strong>:</strong></span> <span class='ocrx_word' id='word_1_496' title='bbox 2557 2245 2660 2312; x_wconf 87' lang='lat' dir='ltr'><strong>Qui</strong></span> <span class='ocrx_word' id='word_1_497' title='bbox 2693 2260 2857 2302; x_wconf 84' lang='lat' dir='ltr'><strong>ausus</strong></span> <span class='ocrx_word' id='word_1_498' title='bbox 2914 2247 3081 2305; x_wconf 81' lang='lat' dir='ltr'><strong>fuerit</strong></span> <span class='ocrx_word' id='word_1_499' title='bbox 3105 2292 3123 2317; x_wconf 91' lang='lat'><strong>,</strong></span> <span class='ocrx_word' id='word_1_500' title='bbox 3176 2253 3401 2309; x_wconf 80' lang='lat' dir='ltr'><strong>accedat</strong></span> 
     </span>
    </p>
   </div>
   <div class='ocr_carea' id='block_1_68' title="bbox 1827 2329 3400 2413">
    <p class='ocr_par' dir='ltr' id='par_1_68' title="bbox 1827 2329 3400 2413">
     <span class='ocr_line' id='line_1_68' title="bbox 1827 2329 3400 2413; baseline 0.01 -32"><span class='ocrx_word' id='word_1_501' title='bbox 1827 2329 1893 2382; x_wconf 91' lang='lat' dir='ltr'><strong>ad</strong></span> <span class='ocrx_word' id='word_1_502' title='bbox 1922 2330 2126 2399; x_wconf 80' lang='lat' dir='ltr'><strong>lignum</strong></span> <span class='ocrx_word' id='word_1_503' title='bbox 2160 2342 2219 2387; x_wconf 93' lang='lat' dir='ltr'><strong>ut</strong></span> <span class='ocrx_word' id='word_1_504' title='bbox 2266 2334 2441 2388; x_wconf 85' lang='lat' dir='ltr'><strong>solvat</strong></span> <span class='ocrx_word' id='word_1_505' title='bbox 2499 2351 2643 2390; x_wconf 89' lang='lat' dir='ltr'><strong>eum.</strong></span> <span class='ocrx_word' id='word_1_506' title='bbox 2685 2337 2983 2407; x_wconf 86' lang='lat' dir='ltr'><strong>Apostolus</strong></span> <span class='ocrx_word' id='word_1_507' title='bbox 3029 2357 3151 2397; x_wconf 90' lang='lat' dir='ltr'><strong>cum</strong></span> <span class='ocrx_word' id='word_1_508' title='bbox 3199 2358 3400 2413; x_wconf 71' lang='lat' dir='ltr'><strong>magna</strong></span> 
     </span>
    </p>
   </div>
   <div class='ocr_carea' id='block_1_69' title="bbox 1828 2420 3396 2495">
    <p class='ocr_par' dir='ltr' id='par_1_69' title="bbox 1828 2420 3396 2495">
     <span class='ocr_line' id='line_1_69' title="bbox 1828 2420 3396 2495; baseline 0.011 -25"><span class='ocrx_word' id='word_1_509' title='bbox 1828 2433 1961 2471; x_wconf 86' lang='lat' dir='ltr'><strong>voce</strong></span> <span class='ocrx_word' id='word_1_510' title='bbox 1988 2420 2276 2475; x_wconf 88' lang='lat' dir='ltr'><strong>intendens</strong></span> <span class='ocrx_word' id='word_1_511' title='bbox 2310 2424 2363 2475; x_wconf 89' lang='lat' dir='ltr'><strong>in</strong></span> <span class='ocrx_word' id='word_1_512' title='bbox 2400 2425 2597 2479; x_wconf 66' lang='lat' dir='ltr'><strong>malum</strong></span> <span class='ocrx_word' id='word_1_513' title='bbox 2633 2429 2707 2479; x_wconf 89' lang='lat' dir='ltr'><strong>ait</strong></span> <span class='ocrx_word' id='word_1_514' title='bbox 2742 2446 2755 2481; x_wconf 87' lang='lat'><strong>;</strong></span> <span class='ocrx_word' id='word_1_515' title='bbox 2792 2428 2866 2482; x_wconf 84' lang='lat' dir='ltr'><strong>Ne</strong></span> <span class='ocrx_word' id='word_1_516' title='bbox 2902 2431 3087 2490; x_wconf 82' lang='lat' dir='ltr'><strong>sinas.</strong></span> <span class='ocrx_word' id='word_1_517' title='bbox 3130 2431 3356 2488; x_wconf 88' lang='lat' dir='ltr'><strong>Domine</strong></span> <span class='ocrx_word' id='word_1_518' title='bbox 3382 2474 3396 2495; x_wconf 85' lang='lat'><strong>.</strong></span> 
     </span>
    </p>
   </div>
   <div class='ocr_carea' id='block_1_70' title="bbox 1830 2510 3401 2594">
    <p class='ocr_par' dir='ltr' id='par_1_70' title="bbox 1830 2510 3401 2594">
     <span class='ocr_line' id='line_1_70' title="bbox 1830 2510 3401 2594; baseline 0.013 -34"><span class='ocrx_word' id='word_1_519' title='bbox 1830 2523 1915 2563; x_wconf 91' lang='lat' dir='ltr'><strong>me</strong></span> <span class='ocrx_word' id='word_1_520' title='bbox 1947 2510 1998 2562; x_wconf 93' lang='lat' dir='ltr'><strong>in</strong></span> <span class='ocrx_word' id='word_1_521' title='bbox 2038 2512 2183 2581; x_wconf 81' lang='lat' dir='ltr'><strong>ligno</strong></span> <span class='ocrx_word' id='word_1_522' title='bbox 2216 2514 2482 2567; x_wconf 84' lang='lat' dir='ltr'><strong>elevatum</strong></span> <span class='ocrx_word' id='word_1_523' title='bbox 2518 2531 2730 2570; x_wconf 86' lang='lat' dir='ltr'><strong>rursum</strong></span> <span class='ocrx_word' id='word_1_524' title='bbox 2764 2521 3008 2586; x_wconf 84' lang='lat' dir='ltr'><strong>exsolvi;</strong></span> <span class='ocrx_word' id='word_1_525' title='bbox 3051 2537 3121 2577; x_wconf 91' lang='lat' dir='ltr'><strong>ne</strong></span> <span class='ocrx_word' id='word_1_526' title='bbox 3175 2524 3401 2594; x_wconf 86' lang='lat' dir='ltr'><strong>abjicias</strong></span> 
     </span>
    </p>
   </div>
   <div class='ocr_carea' id='block_1_71' title="bbox 1828 2604 3401 2680">
    <p class='ocr_par' dir='ltr' id='par_1_71' title="bbox 1828 2604 3401 2680">
     <span class='ocr_line' id='line_1_71' title="bbox 1828 2604 3401 2680; baseline 0.011 -25"><span class='ocrx_word' id='word_1_527' title='bbox 1828 2617 1951 2655; x_wconf 92' lang='lat' dir='ltr'><strong>eum</strong></span> <span class='ocrx_word' id='word_1_528' title='bbox 1995 2604 2086 2671; x_wconf 90' lang='lat' dir='ltr'><strong>qui</strong></span> <span class='ocrx_word' id='word_1_529' title='bbox 2122 2611 2343 2673; x_wconf 88' lang='lat' dir='ltr'><strong>propter</strong></span> <span class='ocrx_word' id='word_1_530' title='bbox 2391 2608 2710 2675; x_wconf 81' lang='lat' dir='ltr'><strong>mysterium</strong></span> <span class='ocrx_word' id='word_1_531' title='bbox 2770 2618 2921 2663; x_wconf 87' lang='lat' dir='ltr'><strong>tuum</strong></span> <span class='ocrx_word' id='word_1_532' title='bbox 2970 2623 3269 2680; x_wconf 84' lang='lat' dir='ltr'><strong>suspensus</strong></span> <span class='ocrx_word' id='word_1_533' title='bbox 3319 2627 3401 2671; x_wconf 69' lang='lat' dir='ltr'><strong>eat</strong></span> 
     </span>
    </p>
   </div>
   <div class='ocr_carea' id='block_1_72' title="bbox 1828 2692 3396 2770">
    <p class='ocr_par' dir='ltr' id='par_1_72' title="bbox 1828 2692 3396 2770">
     <span class='ocr_line' id='line_1_72' title="bbox 1828 2692 3396 2770; baseline 0.01 -26"><span class='ocrx_word' id='word_1_534' title='bbox 1828 2692 1894 2744; x_wconf 88' lang='lat' dir='ltr'><strong>ad</strong></span> <span class='ocrx_word' id='word_1_535' title='bbox 1922 2693 2329 2747; x_wconf 88' lang='lat' dir='ltr'><strong>similitudinem</strong></span> <span class='ocrx_word' id='word_1_536' title='bbox 2362 2704 2531 2749; x_wconf 85' lang='lat' dir='ltr'><strong>tuam.</strong></span> <span class='ocrx_word' id='word_1_537' title='bbox 2562 2695 2638 2750; x_wconf 79' lang='lat' dir='ltr'><strong>Ne</strong></span> <span class='ocrx_word' id='word_1_538' title='bbox 2674 2699 2954 2765; x_wconf 83' lang='lat' dir='ltr'><strong>permittas</strong></span> <span class='ocrx_word' id='word_1_539' title='bbox 2979 2702 3137 2770; x_wconf 87' lang='lat' dir='ltr'><strong>dejici</strong></span> <span class='ocrx_word' id='word_1_540' title='bbox 3168 2742 3183 2765; x_wconf 87' lang='lat'><strong>,</strong></span> <span class='ocrx_word' id='word_1_541' title='bbox 3218 2704 3396 2768; x_wconf 85' lang='lat' dir='ltr'><strong>Pater,</strong></span> 
     </span>
    </p>
   </div>
   <div class='ocr_carea' id='block_1_73' title="bbox 1830 2781 3398 2863">
    <p class='ocr_par' dir='ltr' id='par_1_73' title="bbox 1830 2781 3398 2863">
     <span class='ocr_line' id='line_1_73' title="bbox 1830 2781 3398 2863; baseline 0.011 -29"><span class='ocrx_word' id='word_1_542' title='bbox 1830 2781 1955 2848; x_wconf 82' lang='lat' dir='ltr'><strong>Fili,</strong></span> <span class='ocrx_word' id='word_1_543' title='bbox 1987 2782 2226 2853; x_wconf 90' lang='lat' dir='ltr'><strong>Spiritus</strong></span> <span class='ocrx_word' id='word_1_544' title='bbox 2256 2796 2461 2850; x_wconf 83' lang='lat' dir='ltr'><strong>sancte,</strong></span> <span class='ocrx_word' id='word_1_545' title='bbox 2493 2802 2586 2842; x_wconf 90' lang='lat' dir='ltr'><strong>eos</strong></span> <span class='ocrx_word' id='word_1_546' title='bbox 2616 2787 2706 2855; x_wconf 79' lang='lat' dir='ltr'><strong>qui</strong></span> <span class='ocrx_word' id='word_1_547' title='bbox 2750 2803 3017 2845; x_wconf 85' lang='lat' dir='ltr'><strong>noverunt</strong></span> <span class='ocrx_word' id='word_1_548' title='bbox 3060 2797 3398 2863; x_wconf 78' lang='lat' dir='ltr'><strong>magnitudi-</strong></span> 
     </span>
    </p>
   </div>
   <div class='ocr_carea' id='block_1_74' title="bbox 1831 2876 3395 2955">
    <p class='ocr_par' dir='ltr' id='par_1_74' title="bbox 1831 2876 3395 2955">
     <span class='ocr_line' id='line_1_74' title="bbox 1831 2876 3395 2955; baseline 0.012 -32"><span class='ocrx_word' id='word_1_549' title='bbox 1831 2886 1951 2925; x_wconf 94' lang='lat' dir='ltr'><strong>uem</strong></span> <span class='ocrx_word' id='word_1_550' title='bbox 1989 2880 2159 2938; x_wconf 86' lang='lat' dir='ltr'><strong>tuam,</strong></span> <span class='ocrx_word' id='word_1_551' title='bbox 2190 2883 2242 2928; x_wconf 87' lang='lat' dir='ltr'><strong>et</strong></span> <span class='ocrx_word' id='word_1_552' title='bbox 2273 2876 2365 2943; x_wconf 87' lang='lat' dir='ltr'><strong>qui</strong></span> <span class='ocrx_word' id='word_1_553' title='bbox 2404 2876 2711 2931; x_wconf 82' lang='lat' dir='ltr'><strong>desiderant</strong></span> <span class='ocrx_word' id='word_1_554' title='bbox 2746 2888 2819 2944; x_wconf 82' lang='lat' dir='ltr'><strong>te,</strong></span> <span class='ocrx_word' id='word_1_555' title='bbox 2852 2891 2902 2931; x_wconf 89' lang='lat' dir='ltr'><strong>et</strong></span> <span class='ocrx_word' id='word_1_556' title='bbox 2933 2884 3023 2950; x_wconf 86' lang='lat' dir='ltr'><strong>qui</strong></span> <span class='ocrx_word' id='word_1_557' title='bbox 3086 2899 3262 2940; x_wconf 86' lang='lat' dir='ltr'><strong>amant</strong></span> <span class='ocrx_word' id='word_1_558' title='bbox 3303 2896 3354 2943; x_wconf 65' lang='grc' dir='ltr'><strong>ιιι</strong></span> <span class='ocrx_word' id='word_1_559' title='bbox 3381 2931 3395 2955; x_wconf 88' lang='grc'><strong>,</strong></span> 
     </span>
    </p>
   </div>
   <div class='ocr_carea' id='block_1_75' title="bbox 1827 2962 3392 3047">
    <p class='ocr_par' dir='ltr' id='par_1_75' title="bbox 1827 2962 3392 3047">
     <span class='ocr_line' id='line_1_75' title="bbox 1827 2962 3392 3047; baseline 0.013 -34"><span class='ocrx_word' id='word_1_560' title='bbox 1827 2970 1882 3014; x_wconf 89' lang='lat' dir='ltr'><strong>et</strong></span> <span class='ocrx_word' id='word_1_561' title='bbox 1920 2962 2012 3031; x_wconf 88' lang='lat' dir='ltr'><strong>qui</strong></span> <span class='ocrx_word' id='word_1_562' title='bbox 2058 2964 2289 3047; x_wconf 70' lang='lat' dir='ltr'><strong>credunt</strong></span> <span class='ocrx_word' id='word_1_563' title='bbox 2346 2966 2400 3019; x_wconf 93' lang='lat' dir='ltr'><strong>in</strong></span> <span class='ocrx_word' id='word_1_564' title='bbox 2458 2977 2508 3020; x_wconf 88' lang='lat' dir='ltr'><strong>te</strong></span> <span class='ocrx_word' id='word_1_565' title='bbox 2558 2982 2652 3035; x_wconf 88' lang='lat' dir='ltr'><strong>per</strong></span> <span class='ocrx_word' id='word_1_566' title='bbox 2700 2971 2870 3039; x_wconf 80' lang='lat' dir='ltr'><strong>ipsam</strong></span> <span class='ocrx_word' id='word_1_567' title='bbox 2928 2975 3392 3039; x_wconf 67' lang='lat' dir='ltr'><strong>praedicationem.</strong></span> 
     </span>
    </p>
   </div>
   <div class='ocr_carea' id='block_1_76' title="bbox 1830 3051 3389 3130">
    <p class='ocr_par' dir='ltr' id='par_1_76' title="bbox 1830 3051 3389 3130">
     <span class='ocr_line' id='line_1_76' title="bbox 1830 3051 3389 3130; baseline 0.012 -27"><span class='ocrx_word' id='word_1_568' title='bbox 1830 3051 1997 3106; x_wconf 84' lang='lat' dir='ltr'><strong>Serva</strong></span> <span class='ocrx_word' id='word_1_569' title='bbox 2032 3054 2334 3110; x_wconf 82' lang='lat' dir='ltr'><strong>incolumes</strong></span> <span class='ocrx_word' id='word_1_570' title='bbox 2400 3066 2454 3111; x_wconf 85' lang='lat' dir='ltr'><strong>et</strong></span> <span class='ocrx_word' id='word_1_571' title='bbox 2482 3060 2743 3113; x_wconf 84' lang='lat' dir='ltr'><strong>conlirma</strong></span> <span class='ocrx_word' id='word_1_572' title='bbox 2775 3074 2869 3115; x_wconf 89' lang='lat' dir='ltr'><strong>eos</strong></span> <span class='ocrx_word' id='word_1_573' title='bbox 2898 3064 2949 3115; x_wconf 92' lang='lat' dir='ltr'><strong>in</strong></span> <span class='ocrx_word' id='word_1_574' title='bbox 2984 3063 3086 3119; x_wconf 83' lang='lat' dir='ltr'><strong>ﬁde</strong></span> <span class='ocrx_word' id='word_1_575' title='bbox 3108 3104 3124 3130; x_wconf 86' lang='lat'><strong>,</strong></span> <span class='ocrx_word' id='word_1_576' title='bbox 3162 3078 3214 3121; x_wconf 86' lang='lat' dir='ltr'><strong>et</strong></span> <span class='ocrx_word' id='word_1_577' title='bbox 3250 3070 3389 3123; x_wconf 81' lang='lat' dir='ltr'><strong>dona</strong></span> 
     </span>
    </p>
   </div>
   <div class='ocr_carea' id='block_1_77' title="bbox 1828 3142 3387 3228">
    <p class='ocr_par' dir='ltr' id='par_1_77' title="bbox 1828 3142 3387 3228">
     <span class='ocr_line' id='line_1_77' title="bbox 1828 3142 3387 3228; baseline 0.01 -31"><span class='ocrx_word' id='word_1_578' title='bbox 1828 3144 1909 3198; x_wconf 88' lang='lat' dir='ltr'><strong>eis</strong></span> <span class='ocrx_word' id='word_1_579' title='bbox 1938 3142 2187 3200; x_wconf 77' lang='lat' dir='ltr'><strong>fiduciam</strong></span> <span class='ocrx_word' id='word_1_580' title='bbox 2222 3148 2277 3201; x_wconf 89' lang='lat' dir='ltr'><strong>in</strong></span> <span class='ocrx_word' id='word_1_581' title='bbox 2316 3156 2386 3213; x_wconf 90' lang='lat' dir='ltr'><strong>te,</strong></span> <span class='ocrx_word' id='word_1_582' title='bbox 2420 3157 2479 3202; x_wconf 93' lang='lat' dir='ltr'><strong>ut</strong></span> <span class='ocrx_word' id='word_1_583' title='bbox 2510 3149 2729 3205; x_wconf 85' lang='lat' dir='ltr'><strong>laudent</strong></span> <span class='ocrx_word' id='word_1_584' title='bbox 2758 3160 2809 3206; x_wconf 90' lang='lat' dir='ltr'><strong>te</strong></span> <span class='ocrx_word' id='word_1_585' title='bbox 2836 3169 3020 3207; x_wconf 88' lang='lat' dir='ltr'><strong>verum</strong></span> <span class='ocrx_word' id='word_1_586' title='bbox 3040 3154 3208 3211; x_wconf 89' lang='lat' dir='ltr'><strong>Deum</strong></span> <span class='ocrx_word' id='word_1_587' title='bbox 3231 3175 3387 3228; x_wconf 81' lang='lat' dir='ltr'><strong>quem</strong></span> 
     </span>
    </p>
   </div>
   <div class='ocr_carea' id='block_1_78' title="bbox 1829 3234 3392 3313">
    <p class='ocr_par' dir='ltr' id='par_1_78' title="bbox 1829 3234 3392 3313">
     <span class='ocr_line' id='line_1_78' title="bbox 1829 3234 3392 3313; baseline 0.013 -27"><span class='ocrx_word' id='word_1_588' title='bbox 1829 3234 1961 3299; x_wconf 83' lang='lat' dir='ltr'><strong>vidi,</strong></span> <span class='ocrx_word' id='word_1_589' title='bbox 1993 3252 2154 3306; x_wconf 90' lang='lat' dir='ltr'><strong>quem</strong></span> <span class='ocrx_word' id='word_1_590' title='bbox 2189 3238 2379 3301; x_wconf 85' lang='lat' dir='ltr'><strong>habeo,</strong></span> <span class='ocrx_word' id='word_1_591' title='bbox 2412 3254 2574 3309; x_wconf 88' lang='lat' dir='ltr'><strong>quem</strong></span> <span class='ocrx_word' id='word_1_592' title='bbox 2603 3240 2767 3311; x_wconf 75' lang='lat' dir='ltr'><strong>diligo</strong></span> <span class='ocrx_word' id='word_1_593' title='bbox 2791 3285 2804 3307; x_wconf 93' lang='lat'><strong>,</strong></span> <span class='ocrx_word' id='word_1_594' title='bbox 2837 3245 2887 3295; x_wconf 92' lang='lat' dir='ltr'><strong>in</strong></span> <span class='ocrx_word' id='word_1_595' title='bbox 2919 3261 3026 3313; x_wconf 92' lang='lat' dir='ltr'><strong>quo</strong></span> <span class='ocrx_word' id='word_1_596' title='bbox 3055 3261 3176 3301; x_wconf 90' lang='lat' dir='ltr'><strong>sum</strong></span> <span class='ocrx_word' id='word_1_597' title='bbox 3201 3240 3252 3303; x_wconf 80' lang='lat' dir='ltr'><strong>et</strong></span> <span class='ocrx_word' id='word_1_598' title='bbox 3301 3266 3392 3305; x_wconf 86' lang='lat' dir='ltr'><strong>ex-</strong></span> 
     </span>
    </p>
   </div>
   <div class='ocr_carea' id='block_1_79' title="bbox 1827 3324 3382 3399">
    <p class='ocr_par' dir='ltr' id='par_1_79' title="bbox 1827 3324 3382 3399">
     <span class='ocr_line' id='line_1_79' title="bbox 1827 3324 3382 3399; baseline 0.01 -21"><span class='ocrx_word' id='word_1_599' title='bbox 1827 3324 2042 3379; x_wconf 87' lang='lat' dir='ltr'><strong>sistam.</strong></span> <span class='ocrx_word' id='word_1_600' title='bbox 2071 3328 2269 3397; x_wconf 85' lang='lat' dir='ltr'><strong>Accipe</strong></span> <span class='ocrx_word' id='word_1_601' title='bbox 2298 3345 2382 3383; x_wconf 89' lang='lat' dir='ltr'><strong>me</strong></span> <span class='ocrx_word' id='word_1_602' title='bbox 2414 3331 2466 3383; x_wconf 89' lang='lat' dir='ltr'><strong>in</strong></span> <span class='ocrx_word' id='word_1_603' title='bbox 2498 3344 2627 3399; x_wconf 85' lang='lat' dir='ltr'><strong>pace</strong></span> <span class='ocrx_word' id='word_1_604' title='bbox 2661 3334 2713 3386; x_wconf 90' lang='lat' dir='ltr'><strong>in</strong></span> <span class='ocrx_word' id='word_1_605' title='bbox 2742 3337 2960 3391; x_wconf 84' lang='lat' dir='ltr'><strong>aeternis</strong></span> <span class='ocrx_word' id='word_1_606' title='bbox 2992 3338 3382 3395; x_wconf 79' lang='lat' dir='ltr'><strong>tabernaculis.</strong></span> 
     </span>
    </p>
   </div>
   <div class='ocr_carea' id='block_1_80' title="bbox 1828 3415 3381 3498">
    <p class='ocr_par' dir='ltr' id='par_1_80' title="bbox 1828 3415 3381 3498">
     <span class='ocr_line' id='line_1_80' title="bbox 1828 3415 3381 3498; baseline 0.008 -28"><span class='ocrx_word' id='word_1_607' title='bbox 1828 3415 1951 3472; x_wconf 69' lang='lat' dir='ltr'><strong>Ilaec</strong></span> <span class='ocrx_word' id='word_1_608' title='bbox 1985 3433 2107 3472; x_wconf 87' lang='lat' dir='ltr'><strong>cum</strong></span> <span class='ocrx_word' id='word_1_609' title='bbox 2138 3419 2361 3474; x_wconf 78' lang='lat' dir='ltr'><strong>dixisset</strong></span> <span class='ocrx_word' id='word_1_610' title='bbox 2398 3429 2449 3475; x_wconf 91' lang='lat' dir='ltr'><strong>et</strong></span> <span class='ocrx_word' id='word_1_611' title='bbox 2480 3422 2710 3491; x_wconf 87' lang='lat' dir='ltr'><strong>amplius</strong></span> <span class='ocrx_word' id='word_1_612' title='bbox 2743 3425 3016 3481; x_wconf 73' lang='lat' dir='ltr'><strong>laudasset</strong></span> <span class='ocrx_word' id='word_1_613' title='bbox 3060 3416 3381 3498; x_wconf 69' lang='lat' dir='ltr'><strong>Dominum,</strong></span> 
     </span>
    </p>
   </div>
   <div class='ocr_carea' id='block_1_81' title="bbox 1829 3509 3388 3578">
    <p class='ocr_par' dir='ltr' id='par_1_81' title="bbox 1829 3509 3388 3578">
     <span class='ocr_line' id='line_1_81' title="bbox 1829 3509 3388 3578; baseline 0.006 -11"><span class='ocrx_word' id='word_1_614' title='bbox 1829 3510 2053 3567; x_wconf 86' lang='lat' dir='ltr'><strong>tradidit</strong></span> <span class='ocrx_word' id='word_1_615' title='bbox 2083 3509 2375 3578; x_wconf 84' lang='lat' dir='ltr'><strong>spiritum,</strong></span> <span class='ocrx_word' id='word_1_616' title='bbox 2416 3510 2667 3568; x_wconf 81' lang='lat' dir='ltr'><strong>ﬂentibus</strong></span> <span class='ocrx_word' id='word_1_617' title='bbox 2718 3526 2769 3569; x_wconf 89' lang='lat' dir='ltr'><strong>et</strong></span> <span class='ocrx_word' id='word_1_618' title='bbox 2813 3516 3002 3571; x_wconf 79' lang='lat' dir='ltr'><strong>dolore</strong></span> <span class='ocrx_word' id='word_1_619' title='bbox 3047 3519 3388 3577; x_wconf 76' lang='lat' dir='ltr'><strong>discruciatis</strong></span> 
     </span>
    </p>
   </div>
   <div class='ocr_carea' id='block_1_82' title="bbox 1829 3603 3396 3681">
    <p class='ocr_par' dir='ltr' id='par_1_82' title="bbox 1829 3603 3396 3681">
     <span class='ocr_line' id='line_1_82' title="bbox 1829 3603 3396 3681; baseline 0.007 -24"><span class='ocrx_word' id='word_1_620' title='bbox 1829 3603 2153 3675; x_wconf 61' lang='lat' dir='ltr'><strong>(omnibus)</strong></span> <span class='ocrx_word' id='word_1_621' title='bbox 2186 3612 2408 3674; x_wconf 81' lang='lat' dir='ltr'><strong>propter</strong></span> <span class='ocrx_word' id='word_1_622' title='bbox 2442 3605 2743 3661; x_wconf 84' lang='lat' dir='ltr'><strong>discessum</strong></span> <span class='ocrx_word' id='word_1_623' title='bbox 2783 3610 2923 3675; x_wconf 87' lang='lat' dir='ltr'><strong>ejus.</strong></span> <span class='ocrx_word' id='word_1_624' title='bbox 2983 3610 3049 3663; x_wconf 83' lang='lat' dir='ltr'><strong>Et</strong></span> <span class='ocrx_word' id='word_1_625' title='bbox 3076 3624 3195 3681; x_wconf 89' lang='lat' dir='ltr'><strong>post</strong></span> <span class='ocrx_word' id='word_1_626' title='bbox 3226 3614 3396 3671; x_wconf 68' lang='lat' dir='ltr'><strong>beatae</strong></span> 
     </span>
    </p>
   </div>
   <div class='ocr_carea' id='block_1_83' title="bbox 1827 3694 3395 3762">
    <p class='ocr_par' dir='ltr' id='par_1_83' title="bbox 1827 3694 3395 3762">
     <span class='ocr_line' id='line_1_83' title="bbox 1827 3694 3395 3762; baseline 0.01 -15"><span class='ocrx_word' id='word_1_627' title='bbox 1827 3695 1975 3749; x_wconf 88' lang='lat' dir='ltr'><strong>illius</strong></span> <span class='ocrx_word' id='word_1_628' title='bbox 2006 3694 2201 3748; x_wconf 72' lang='lat' dir='ltr'><strong>anima:</strong></span> <span class='ocrx_word' id='word_1_629' title='bbox 2222 3695 2451 3759; x_wconf 82' lang='lat' dir='ltr'><strong>exitum,</strong></span> <span class='ocrx_word' id='word_1_630' title='bbox 2482 3695 2776 3752; x_wconf 82' lang='lat' dir='ltr'><strong>Maximilla</strong></span> <span class='ocrx_word' id='word_1_631' title='bbox 2799 3700 2935 3754; x_wconf 86' lang='lat' dir='ltr'><strong>nihil</strong></span> <span class='ocrx_word' id='word_1_632' title='bbox 2965 3704 3189 3758; x_wconf 83' lang='lat' dir='ltr'><strong>om‘nino</strong></span> <span class='ocrx_word' id='word_1_633' title='bbox 3212 3717 3395 3762; x_wconf 83' lang='lat' dir='ltr'><strong>astan-</strong></span> 
     </span>
    </p>
   </div>
   <div class='ocr_carea' id='block_1_84' title="bbox 1789 3779 3394 3868">
    <p class='ocr_par' dir='ltr' id='par_1_84' title="bbox 1789 3779 3394 3868">
     <span class='ocr_line' id='line_1_84' title="bbox 1789 3779 3394 3868; baseline 0.009 -28"><span class='ocrx_word' id='word_1_634' title='bbox 1789 3834 1792 3840; x_wconf 94' lang='lat'><strong>.</strong></span> <span class='ocrx_word' id='word_1_635' title='bbox 1826 3794 1913 3868; x_wconf 65' lang='lat' dir='ltr'><strong>tes</strong></span> <span class='ocrx_word' id='word_1_636' title='bbox 1946 3779 2175 3851; x_wconf 72' lang='lat' dir='ltr'><strong>curans,</strong></span> <span class='ocrx_word' id='word_1_637' title='bbox 2211 3787 2514 3857; x_wconf 85' lang='lat' dir='ltr'><strong>procedens</strong></span> <span class='ocrx_word' id='word_1_638' title='bbox 2532 3804 2595 3843; x_wconf 87' lang='lat' dir='ltr'><strong>ex</strong></span> <span class='ocrx_word' id='word_1_639' title='bbox 2616 3792 2932 3861; x_wconf 87' lang='lat' dir='ltr'><strong>semetipsa,</strong></span> <span class='ocrx_word' id='word_1_640' title='bbox 2954 3793 3111 3849; x_wconf 84' lang='lat' dir='ltr'><strong>solvit</strong></span> <span class='ocrx_word' id='word_1_641' title='bbox 3137 3798 3394 3866; x_wconf 76' lang='lat' dir='ltr'><strong>reliquias</strong></span> 
     </span>
    </p>
   </div>
   <div class='ocr_carea' id='block_1_85' title="bbox 1826 3879 3393 3952">
    <p class='ocr_par' dir='ltr' id='par_1_85' title="bbox 1826 3879 3393 3952">
     <span class='ocr_line' id='line_1_85' title="bbox 1826 3879 3393 3952; baseline 0.007 -19"><span class='ocrx_word' id='word_1_642' title='bbox 1826 3880 1969 3935; x_wconf 85' lang='lat' dir='ltr'><strong>beati</strong></span> <span class='ocrx_word' id='word_1_643' title='bbox 2003 3888 2057 3934; x_wconf 84' lang='lat' dir='ltr'><strong>et</strong></span> <span class='ocrx_word' id='word_1_644' title='bbox 2091 3879 2250 3947; x_wconf 86' lang='lat' dir='ltr'><strong>primi</strong></span> <span class='ocrx_word' id='word_1_645' title='bbox 2283 3881 2459 3934; x_wconf 89' lang='lat' dir='ltr'><strong>vocati</strong></span> <span class='ocrx_word' id='word_1_646' title='bbox 2500 3883 2733 3950; x_wconf 85' lang='lat' dir='ltr'><strong>apostoli</strong></span> <span class='ocrx_word' id='word_1_647' title='bbox 2781 3886 3008 3939; x_wconf 76' lang='lat' dir='ltr'><strong>Andreae</strong></span> <span class='ocrx_word' id='word_1_648' title='bbox 3033 3926 3048 3952; x_wconf 91' lang='lat'><strong>,</strong></span> <span class='ocrx_word' id='word_1_649' title='bbox 3096 3896 3148 3941; x_wconf 91' lang='lat' dir='ltr'><strong>et</strong></span> <span class='ocrx_word' id='word_1_650' title='bbox 3182 3890 3393 3944; x_wconf 87' lang='lat' dir='ltr'><strong>solitam</strong></span> 
     </span>
    </p>
   </div>
   <div class='ocr_carea' id='block_1_86' title="bbox 1826 3970 3393 4043">
    <p class='ocr_par' dir='ltr' id='par_1_86' title="bbox 1826 3970 3393 4043">
     <span class='ocr_line' id='line_1_86' title="bbox 1826 3970 3393 4043; baseline 0.006 -18"><span class='ocrx_word' id='word_1_651' title='bbox 1826 3984 2087 4025; x_wconf 86' lang='lat' dir='ltr'><strong>exercens</strong></span> <span class='ocrx_word' id='word_1_652' title='bbox 2142 3970 2474 4039; x_wconf 75' lang='lat' dir='ltr'><strong>diligentiam</strong></span> <span class='ocrx_word' id='word_1_653' title='bbox 2504 4010 2520 4035; x_wconf 91' lang='lat'><strong>,</strong></span> <span class='ocrx_word' id='word_1_654' title='bbox 2580 3972 2830 4041; x_wconf 81' lang='lat' dir='ltr'><strong>sepelivit</strong></span> <span class='ocrx_word' id='word_1_655' title='bbox 2875 3986 3007 4029; x_wconf 86' lang='lat' dir='ltr'><strong>eum</strong></span> <span class='ocrx_word' id='word_1_656' title='bbox 3042 3978 3193 4043; x_wconf 80' lang='lat' dir='ltr'><strong>juxta</strong></span> <span class='ocrx_word' id='word_1_657' title='bbox 3243 3995 3393 4035; x_wconf 80' lang='lat' dir='ltr'><strong>oraui</strong></span> 
     </span>
    </p>
   </div>
   <div class='ocr_carea' id='block_1_87' title="bbox 1826 4061 3396 4137">
    <p class='ocr_par' dir='ltr' id='par_1_87' title="bbox 1826 4061 3396 4137">
     <span class='ocr_line' id='line_1_87' title="bbox 1826 4061 3396 4137; baseline 0.005 -23"><span class='ocrx_word' id='word_1_658' title='bbox 1826 4062 2020 4115; x_wconf 83' lang='lat' dir='ltr'><strong>maris.</strong></span> <span class='ocrx_word' id='word_1_659' title='bbox 2071 4062 2407 4122; x_wconf 74' lang='lat' dir='ltr'><strong>Hicinciusa</strong></span> <span class='ocrx_word' id='word_1_660' title='bbox 2440 4061 2624 4129; x_wconf 88' lang='lat' dir='ltr'><strong>stetit,</strong></span> <span class='ocrx_word' id='word_1_661' title='bbox 2659 4071 2712 4116; x_wconf 90' lang='lat' dir='ltr'><strong>et</strong></span> <span class='ocrx_word' id='word_1_662' title='bbox 2734 4062 2932 4118; x_wconf 90' lang='lat' dir='ltr'><strong>ibidem</strong></span> <span class='ocrx_word' id='word_1_663' title='bbox 2968 4068 3169 4121; x_wconf 85' lang='lat' dir='ltr'><strong>mansit</strong></span> <span class='ocrx_word' id='word_1_664' title='bbox 3206 4070 3396 4137; x_wconf 83' lang='lat' dir='ltr'><strong>sejun-</strong></span> 
     </span>
    </p>
   </div>
   <div class='ocr_carea' id='block_1_88' title="bbox 1828 4152 3391 4229">
    <p class='ocr_par' dir='ltr' id='par_1_88' title="bbox 1828 4152 3391 4229">
     <span class='ocr_line' id='line_1_88' title="bbox 1828 4152 3391 4229; baseline 0.005 -21"><span class='ocrx_word' id='word_1_665' title='bbox 1828 4166 1910 4208; x_wconf 88' lang='lat' dir='ltr'><strong>cta</strong></span> <span class='ocrx_word' id='word_1_666' title='bbox 1944 4154 2013 4207; x_wconf 82' lang='lat' dir='ltr'><strong>ab</strong></span> <span class='ocrx_word' id='word_1_667' title='bbox 2071 4152 2317 4225; x_wconf 67' lang='lat' dir='ltr'><strong>Egeate,</strong></span> <span class='ocrx_word' id='word_1_668' title='bbox 2348 4163 2573 4221; x_wconf 86' lang='lat' dir='ltr'><strong>propter</strong></span> <span class='ocrx_word' id='word_1_669' title='bbox 2642 4153 2926 4209; x_wconf 79' lang='lat' dir='ltr'><strong>cti‘eratum</strong></span> <span class='ocrx_word' id='word_1_670' title='bbox 2959 4160 3197 4212; x_wconf 85' lang='lat' dir='ltr'><strong>animum</strong></span> <span class='ocrx_word' id='word_1_671' title='bbox 3253 4161 3391 4229; x_wconf 87' lang='lat' dir='ltr'><strong>ejus,</strong></span> 
     </span>
    </p>
   </div>
   <div class='ocr_carea' id='block_1_89' title="bbox 1826 4242 3395 4311">
    <p class='ocr_par' dir='ltr' id='par_1_89' title="bbox 1826 4242 3395 4311">
     <span class='ocr_line' id='line_1_89' title="bbox 1826 4242 3395 4311; baseline 0.003 -14"><span class='ocrx_word' id='word_1_672' title='bbox 1826 4255 1880 4297; x_wconf 90' lang='lat' dir='ltr'><strong>et</strong></span> <span class='ocrx_word' id='word_1_673' title='bbox 1914 4244 2153 4311; x_wconf 87' lang='lat' dir='ltr'><strong>iniquam</strong></span> <span class='ocrx_word' id='word_1_674' title='bbox 2186 4245 2679 4296; x_wconf 79' lang='lat' dir='ltr'><strong>conversationem.</strong></span> <span class='ocrx_word' id='word_1_675' title='bbox 2728 4242 2902 4307; x_wconf 85' lang='lat' dir='ltr'><strong>Quam</strong></span> <span class='ocrx_word' id='word_1_676' title='bbox 2957 4246 3189 4299; x_wconf 84' lang='lat' dir='ltr'><strong>multum</strong></span> <span class='ocrx_word' id='word_1_677' title='bbox 3233 4250 3395 4302; x_wconf 85' lang='lat' dir='ltr'><strong>obsc-</strong></span> 
     </span>
    </p>
   </div>
   <div class='ocr_carea' id='block_1_90' title="bbox 1827 4332 3395 4406">
    <p class='ocr_par' dir='ltr' id='par_1_90' title="bbox 1827 4332 3395 4406">
     <span class='ocr_line' id='line_1_90' title="bbox 1827 4332 3395 4406; baseline 0.003 -17"><span class='ocrx_word' id='word_1_678' title='bbox 1827 4349 2011 4397; x_wconf 83' lang='lat' dir='ltr'><strong>crans,</strong></span> <span class='ocrx_word' id='word_1_679' title='bbox 2042 4343 2094 4388; x_wconf 85' lang='lat' dir='ltr'><strong>et</strong></span> <span class='ocrx_word' id='word_1_680' title='bbox 2124 4333 2388 4402; x_wconf 86' lang='lat' dir='ltr'><strong>pollicens</strong></span> <span class='ocrx_word' id='word_1_681' title='bbox 2436 4348 2557 4387; x_wconf 87' lang='lat' dir='ltr'><strong>eam</strong></span> <span class='ocrx_word' id='word_1_682' title='bbox 2606 4332 2789 4387; x_wconf 87' lang='lat' dir='ltr'><strong>omnia</strong></span> <span class='ocrx_word' id='word_1_683' title='bbox 2836 4336 2972 4388; x_wconf 86' lang='lat' dir='ltr'><strong>bona</strong></span> <span class='ocrx_word' id='word_1_684' title='bbox 3020 4337 3071 4390; x_wconf 92' lang='lat' dir='ltr'><strong>in</strong></span> <span class='ocrx_word' id='word_1_685' title='bbox 3131 4346 3395 4406; x_wconf 63' lang='lat' dir='ltr'><strong>potestate</strong></span> 
     </span>
    </p>
   </div>
   <div class='ocr_carea' id='block_1_91' title="bbox 1831 4422 3397 4490">
    <p class='ocr_par' dir='ltr' id='par_1_91' title="bbox 1831 4422 3397 4490">
     <span class='ocr_line' id='line_1_91' title="bbox 1831 4422 3397 4490; baseline 0.003 -12"><span class='ocrx_word' id='word_1_686' title='bbox 1831 4425 2161 4489; x_wconf 84' lang='lat' dir='ltr'><strong>habituram,</strong></span> <span class='ocrx_word' id='word_1_687' title='bbox 2197 4436 2250 4477; x_wconf 87' lang='lat' dir='ltr'><strong>et</strong></span> <span class='ocrx_word' id='word_1_688' title='bbox 2292 4422 2569 4478; x_wconf 89' lang='lat' dir='ltr'><strong>dominam</strong></span> <span class='ocrx_word' id='word_1_689' title='bbox 2610 4424 2947 4479; x_wconf 86' lang='lat' dir='ltr'><strong>incessuram</strong></span> <span class='ocrx_word' id='word_1_690' title='bbox 2974 4466 2989 4490; x_wconf 93' lang='lat'><strong>,</strong></span> <span class='ocrx_word' id='word_1_691' title='bbox 3044 4430 3191 4481; x_wconf 90' lang='lat' dir='ltr'><strong>nullo</strong></span> <span class='ocrx_word' id='word_1_692' title='bbox 3238 4432 3397 4485; x_wconf 78' lang='lat' dir='ltr'><strong>modo</strong></span> 
     </span>
    </p>
   </div>
   <div class='ocr_carea' id='block_1_92' title="bbox 161 4504 1725 4590">
    <p class='ocr_par' dir='ltr' id='par_1_92' title="bbox 161 4514 1724 4590">
     <span class='ocr_line' id='line_1_92' title="bbox 161 4514 1724 4590; baseline -0.004 -14"><span class='ocrx_word' id='word_1_693' title='bbox 161 4521 371 4590; x_wconf 66' lang='grc' dir='ltr'>εαυτῆς,</span> <span class='ocrx_word' id='word_1_694' title='bbox 401 4517 563 4573; x_wconf 73' lang='grc' dir='ltr'>ἔλυσε</span> <span class='ocrx_word' id='word_1_695' title='bbox 598 4516 663 4569; x_wconf 82' lang='grc' dir='ltr'><strong>τὸ</strong></span> <span class='ocrx_word' id='word_1_696' title='bbox 694 4516 945 4584; x_wconf 68' lang='grc' dir='ltr'>λείψανον</span> <span class='ocrx_word' id='word_1_697' title='bbox 977 4514 1070 4568; x_wconf 89' lang='grc' dir='ltr'><strong>τοῦ</strong></span> <span class='ocrx_word' id='word_1_698' title='bbox 1097 4515 1372 4585; x_wconf 87' lang='grc' dir='ltr'>μακαρίου</span> <span class='ocrx_word' id='word_1_699' title='bbox 1402 4516 1494 4569; x_wconf 75' lang='grc' dir='ltr'><strong>καὶ</strong></span> <span class='ocrx_word' id='word_1_700' title='bbox 1514 4534 1724 4586; x_wconf 85' lang='grc' dir='ltr'>πρωτο-</span> 
     </span>
    </p>
   </div>
   <div class='ocr_carea' id='block_1_93' title="bbox 1827 4504 3391 4590">
    <p class='ocr_par' dir='ltr' id='par_1_93' title="bbox 1830 4515 3391 4573">
     <span class='ocr_line' id='line_1_93' title="bbox 1830 4515 3391 4573; baseline 0.003 -4"><span class='ocrx_word' id='word_1_701' title='bbox 1830 4516 2022 4570; x_wconf 88' lang='lat' dir='ltr'><strong>molire</strong></span> <span class='ocrx_word' id='word_1_702' title='bbox 2070 4515 2240 4571; x_wconf 81' lang='lat' dir='ltr'><strong>valuit</strong></span> <span class='ocrx_word' id='word_1_703' title='bbox 2272 4532 2301 4569; x_wconf 53' lang='grc' dir='ltr'>εν</span> <span class='ocrx_word' id='word_1_704' title='bbox 2337 4516 2431 4570; x_wconf 85' lang='lat' dir='ltr'><strong>sed</strong></span> <span class='ocrx_word' id='word_1_705' title='bbox 2481 4522 2725 4570; x_wconf 80' lang='lat' dir='ltr'><strong>sanctam</strong></span> <span class='ocrx_word' id='word_1_706' title='bbox 2770 4524 2823 4569; x_wconf 84' lang='lat' dir='ltr'><strong>et</strong></span> <span class='ocrx_word' id='word_1_707' title='bbox 2876 4520 3173 4572; x_wconf 84' lang='lat' dir='ltr'><strong>solitariam</strong></span> <span class='ocrx_word' id='word_1_708' title='bbox 3232 4522 3391 4573; x_wconf 64' lang='lat' dir='ltr'><strong>vitam</strong></span> 
     </span>
    </p>
   </div>
   <div class='ocr_carea' id='block_1_94' title="bbox 161 4607 1725 4684">
    <p class='ocr_par' dir='ltr' id='par_1_94' title="bbox 161 4607 1725 4684">
     <span class='ocr_line' id='line_1_94' title="bbox 161 4607 1725 4684; baseline -0.001 -18"><span class='ocrx_word' id='word_1_709' title='bbox 161 4612 355 4684; x_wconf 82' lang='grc' dir='ltr'>κλήτου</span> <span class='ocrx_word' id='word_1_710' title='bbox 410 4610 718 4665; x_wconf 78' lang='grc' dir='ltr'>ἀποστόλου</span> <span class='ocrx_word' id='word_1_711' title='bbox 775 4607 1050 4676; x_wconf 81' lang='grc' dir='ltr'>Ἀνδρέου,</span> <span class='ocrx_word' id='word_1_712' title='bbox 1084 4608 1178 4660; x_wconf 71' lang='grc' dir='ltr'><strong>καὶ</strong></span> <span class='ocrx_word' id='word_1_713' title='bbox 1228 4607 1325 4676; x_wconf 76' lang='grc' dir='ltr'>τὴν</span> <span class='ocrx_word' id='word_1_714' title='bbox 1364 4608 1572 4679; x_wconf 81' lang='grc' dir='ltr'>συνήθη</span> <span class='ocrx_word' id='word_1_715' title='bbox 1606 4611 1725 4665; x_wconf 82' lang='grc' dir='ltr'>ἐπι-</span> 
     </span>
    </p>
   </div>
   <div class='ocr_carea' id='block_1_95' title="bbox 164 4697 1722 4773">
    <p class='ocr_par' dir='ltr' id='par_1_95' title="bbox 164 4697 1722 4773">
     <span class='ocr_line' id='line_1_95' title="bbox 164 4697 1722 4773; baseline -0.003 -17"><span class='ocrx_word' id='word_1_716' title='bbox 164 4703 372 4773; x_wconf 75' lang='grc' dir='ltr'>μέλειαν</span> <span class='ocrx_word' id='word_1_717' title='bbox 397 4698 797 4771; x_wconf 80' lang='grc' dir='ltr'>προαγαγοῦσα</span> <span class='ocrx_word' id='word_1_718' title='bbox 815 4700 925 4767; x_wconf 75' lang='lat'><strong>{80)</strong></span> <span class='ocrx_word' id='word_1_719' title='bbox 958 4698 1155 4766; x_wconf 75' lang='grc' dir='ltr'>ἔθαψεν</span> <span class='ocrx_word' id='word_1_720' title='bbox 1172 4697 1333 4753; x_wconf 80' lang='grc' dir='ltr'>αὑτὸν</span> <span class='ocrx_word' id='word_1_721' title='bbox 1356 4699 1465 4768; x_wconf 87' lang='grc'><strong>(81)</strong></span> <span class='ocrx_word' id='word_1_722' title='bbox 1499 4700 1722 4769; x_wconf 81' lang='grc' dir='ltr'>πλησίον</span> 
     </span>
    </p>
   </div>
   <div class='ocr_carea' id='block_1_96' title="bbox 161 4791 1722 4865">
    <p class='ocr_par' dir='ltr' id='par_1_96' title="bbox 161 4791 1722 4865">
     <span class='ocr_line' id='line_1_96' title="bbox 161 4791 1722 4865; baseline -0.001 -17"><span class='ocrx_word' id='word_1_723' title='bbox 161 4796 249 4849; x_wconf 83' lang='grc' dir='ltr'><strong>τοῦ</strong></span> <span class='ocrx_word' id='word_1_724' title='bbox 306 4793 588 4865; x_wconf 76' lang='grc' dir='ltr'>αἰγιαλοῦ.</span> <span class='ocrx_word' id='word_1_725' title='bbox 629 4792 800 4845; x_wconf 81' lang='grc' dir='ltr'>Ἔνθα</span> <span class='ocrx_word' id='word_1_726' title='bbox 859 4791 1580 4863; x_wconf 53' lang='grc' dir='ltr'>κατάκλειστοςαὺπῆρχεν,</span> <span class='ocrx_word' id='word_1_727' title='bbox 1630 4799 1722 4849; x_wconf 79' lang='grc' dir='ltr'><strong>καὶ</strong></span> 
     </span>
    </p>
   </div>
   <div class='ocr_carea' id='block_1_97' title="bbox 164 4882 1720 4957">
    <p class='ocr_par' dir='ltr' id='par_1_97' title="bbox 164 4882 1720 4957">
     <span class='ocr_line' id='line_1_97' title="bbox 164 4882 1720 4957; baseline 0.002 -19"><span class='ocrx_word' id='word_1_728' title='bbox 164 4886 467 4957; x_wconf 75' lang='grc' dir='ltr'>παρέμενεν</span> <span class='ocrx_word' id='word_1_729' title='bbox 505 4883 693 4938; x_wconf 84' lang='grc' dir='ltr'>αὐτόθι</span> <span class='ocrx_word' id='word_1_730' title='bbox 753 4882 1140 4952; x_wconf 82' lang='grc' dir='ltr'>κεχωρισμένη</span> <span class='ocrx_word' id='word_1_731' title='bbox 1187 4883 1282 4937; x_wconf 88' lang='grc' dir='ltr'><strong>τοῦ</strong></span> <span class='ocrx_word' id='word_1_732' title='bbox 1330 4884 1597 4951; x_wconf 80' lang='grc' dir='ltr'>Αίγεάτου</span> <span class='ocrx_word' id='word_1_733' title='bbox 1631 4888 1720 4941; x_wconf 84' lang='grc' dir='ltr'>διὰ</span> 
     </span>
    </p>
   </div>
   <div class='ocr_carea' id='block_1_98' title="bbox 163 4959 1722 5051">
    <p class='ocr_par' dir='ltr' id='par_1_98' title="bbox 163 4959 1722 5051">
     <span class='ocr_line' id='line_1_98' title="bbox 163 4959 1722 5051; baseline -0.002 -20"><span class='ocrx_word' id='word_1_734' title='bbox 163 4977 252 5048; x_wconf 75' lang='grc' dir='ltr'>τὴν</span> <span class='ocrx_word' id='word_1_735' title='bbox 307 4959 556 5046; x_wconf 70' lang='grc' dir='ltr'>θηριώδη</span> <span class='ocrx_word' id='word_1_736' title='bbox 592 4972 761 5026; x_wconf 83' lang='grc' dir='ltr'>αὑτοῦ</span> <span class='ocrx_word' id='word_1_737' title='bbox 811 4971 1039 5042; x_wconf 86' lang='grc' dir='ltr'>γνώμην</span> <span class='ocrx_word' id='word_1_738' title='bbox 1072 4973 1165 5051; x_wconf 74' lang='grc' dir='ltr'>καὶ</span> <span class='ocrx_word' id='word_1_739' title='bbox 1192 4973 1391 5042; x_wconf 71' lang='grc' dir='ltr'>ἄνομον</span> <span class='ocrx_word' id='word_1_740' title='bbox 1426 4972 1722 5031; x_wconf 83' lang='grc' dir='ltr'>πολιτείαν.</span> 
     </span>
    </p>
   </div>
   <div class='ocr_carea' id='block_1_99' title="bbox 166 5060 1723 5137">
    <p class='ocr_par' dir='ltr' id='par_1_99' title="bbox 166 5060 1723 5137">
     <span class='ocr_line' id='line_1_99' title="bbox 166 5060 1723 5137; baseline -0.004 -14"><span class='ocrx_word' id='word_1_741' title='bbox 166 5069 261 5123; x_wconf 83' lang='grc' dir='ltr'>Ἦν</span> <span class='ocrx_word' id='word_1_742' title='bbox 290 5067 461 5120; x_wconf 84' lang='grc' dir='ltr'>πολλὰ</span> <span class='ocrx_word' id='word_1_743' title='bbox 494 5064 806 5134; x_wconf 76' lang='grc' dir='ltr'>λιπαρήσας</span> <span class='ocrx_word' id='word_1_744' title='bbox 836 5062 929 5115; x_wconf 83' lang='grc' dir='ltr'>καὶ</span> <span class='ocrx_word' id='word_1_745' title='bbox 955 5062 1382 5133; x_wconf 77' lang='grc' dir='ltr'>ὑπισχνούμενος</span> <span class='ocrx_word' id='word_1_746' title='bbox 1406 5060 1559 5126; x_wconf 82' lang='grc' dir='ltr'>αὖθις</span> <span class='ocrx_word' id='word_1_747' title='bbox 1585 5066 1723 5137; x_wconf 81' lang='grc' dir='ltr'>αὐτῇ</span> 
     </span>
    </p>
   </div>
   <div class='ocr_carea' id='block_1_100' title="bbox 194 5154 1724 5227">
    <p class='ocr_par' dir='ltr' id='par_1_100' title="bbox 194 5154 1724 5227">
     <span class='ocr_line' id='line_1_100' title="bbox 194 5154 1724 5227; baseline -0.003 -14"><span class='ocrx_word' id='word_1_748' title='bbox 194 5157 263 5214; x_wconf 82' lang='grc' dir='ltr'>ὧν</span> <span class='ocrx_word' id='word_1_749' title='bbox 297 5158 463 5213; x_wconf 85' lang='grc' dir='ltr'>αὐτοῦ</span> <span class='ocrx_word' id='word_1_750' title='bbox 502 5156 615 5225; x_wconf 72' lang='grc'>(82)</span> <span class='ocrx_word' id='word_1_751' title='bbox 647 5156 867 5209; x_wconf 84' lang='grc' dir='ltr'>πάντων</span> <span class='ocrx_word' id='word_1_752' title='bbox 892 5155 1171 5227; x_wconf 84' lang='grc' dir='ltr'>κυριεύειν</span> <span class='ocrx_word' id='word_1_753' title='bbox 1191 5156 1285 5208; x_wconf 82' lang='grc' dir='ltr'>καὶ</span> <span class='ocrx_word' id='word_1_754' title='bbox 1310 5154 1607 5220; x_wconf 76' lang='grc' dir='ltr'>δεσπόζειν,</span> <span class='ocrx_word' id='word_1_755' title='bbox 1632 5158 1724 5209; x_wconf 82' lang='grc' dir='ltr'>οὐ-</span> 
     </span>
    </p>
   </div>
   <div class='ocr_carea' id='block_1_101' title="bbox 198 5244 1719 5321">
    <p class='ocr_par' dir='ltr' id='par_1_101' title="bbox 198 5244 1719 5321">
     <span class='ocr_line' id='line_1_101' title="bbox 198 5244 1719 5321; baseline -0.002 -17"><span class='ocrx_word' id='word_1_756' title='bbox 198 5250 339 5320; x_wconf 78' lang='grc' dir='ltr'>ιμῶς</span> <span class='ocrx_word' id='word_1_757' title='bbox 373 5247 613 5321; x_wconf 84' lang='grc' dir='ltr'>μαλάξαι</span> <span class='ocrx_word' id='word_1_758' title='bbox 650 5244 905 5319; x_wconf 72' lang='grc' dir='ltr'>ἴσχυσεν*</span> <span class='ocrx_word' id='word_1_759' title='bbox 941 5246 1073 5301; x_wconf 80' lang='grc' dir='ltr'>ἀλλ’</span> <span class='ocrx_word' id='word_1_760' title='bbox 1099 5245 1330 5317; x_wconf 76' lang='grc' dir='ltr'>ἑλομένη</span> <span class='ocrx_word' id='word_1_761' title='bbox 1370 5245 1484 5314; x_wconf 83' lang='grc' dir='ltr'>βίον</span> <span class='ocrx_word' id='word_1_762' title='bbox 1519 5246 1719 5316; x_wconf 80' lang='grc' dir='ltr'>σεμνὸν</span> 
     </span>
    </p>
   </div>
   <div class='ocr_carea' id='block_1_102' title="bbox 1825 4606 3393 4678">
    <p class='ocr_par' dir='ltr' id='par_1_102' title="bbox 1825 4606 3393 4678">
     <span class='ocr_line' id='line_1_102' title="bbox 1825 4606 3393 4678; baseline 0.002 -17"><span class='ocrx_word' id='word_1_763' title='bbox 1825 4609 2153 4678; x_wconf 83' lang='lat' dir='ltr'><strong>suscipiens,</strong></span> <span class='ocrx_word' id='word_1_764' title='bbox 2185 4623 2250 4661; x_wconf 87' lang='lat' dir='ltr'><strong>ex</strong></span> <span class='ocrx_word' id='word_1_765' title='bbox 2281 4622 2468 4661; x_wconf 89' lang='lat' dir='ltr'><strong>amore</strong></span> <span class='ocrx_word' id='word_1_766' title='bbox 2494 4606 2724 4670; x_wconf 81' lang='lat' dir='ltr'><strong>Christi,</strong></span> <span class='ocrx_word' id='word_1_767' title='bbox 2759 4617 3011 4663; x_wconf 85' lang='lat' dir='ltr'><strong>manente</strong></span> <span class='ocrx_word' id='word_1_768' title='bbox 3064 4624 3186 4663; x_wconf 87' lang='lat' dir='ltr'><strong>cum</strong></span> <span class='ocrx_word' id='word_1_769' title='bbox 3225 4610 3393 4666; x_wconf 80' lang='lat' dir='ltr'><strong>Maxi-</strong></span> 
     </span>
    </p>
   </div>
   <div class='ocr_carea' id='block_1_103' title="bbox 1826 4698 3391 4781">
    <p class='ocr_par' dir='ltr' id='par_1_103' title="bbox 1826 4698 3391 4781">
     <span class='ocr_line' id='line_1_103' title="bbox 1826 4698 3391 4781; baseline 0.002 -27"><span class='ocrx_word' id='word_1_770' title='bbox 1826 4702 1972 4754; x_wconf 83' lang='lat' dir='ltr'><strong>milla</strong></span> <span class='ocrx_word' id='word_1_771' title='bbox 2013 4702 2130 4769; x_wconf 86' lang='lat' dir='ltr'><strong>ipsa</strong></span> <span class='ocrx_word' id='word_1_772' title='bbox 2167 4698 2511 4773; x_wconf 81' lang='lat' dir='ltr'><strong>Epliidamia.</strong></span> <span class='ocrx_word' id='word_1_773' title='bbox 2547 4698 2665 4752; x_wconf 86' lang='lat' dir='ltr'><strong>dies</strong></span> <span class='ocrx_word' id='word_1_774' title='bbox 2698 4702 2997 4781; x_wconf 68' lang='lat' dir='ltr'><strong>transegit,</strong></span> <span class='ocrx_word' id='word_1_775' title='bbox 3033 4706 3276 4769; x_wconf 87' lang='lat' dir='ltr'><strong>apostolo</strong></span> <span class='ocrx_word' id='word_1_776' title='bbox 3310 4707 3391 4757; x_wconf 75' lang='lat' dir='ltr'><strong>fa-</strong></span> 
     </span>
    </p>
   </div>
   <div class='ocr_carea' id='block_1_104' title="bbox 1824 4790 3367 4865">
    <p class='ocr_par' dir='ltr' id='par_1_104' title="bbox 1824 4790 3367 4865">
     <span class='ocr_line' id='line_1_104' title="bbox 1824 4790 3367 4865; baseline 0.002 -19"><span class='ocrx_word' id='word_1_777' title='bbox 1824 4794 2058 4857; x_wconf 88' lang='lat' dir='ltr'><strong>mulans,</strong></span> <span class='ocrx_word' id='word_1_778' title='bbox 2092 4800 2148 4845; x_wconf 90' lang='lat' dir='ltr'><strong>et</strong></span> <span class='ocrx_word' id='word_1_779' title='bbox 2184 4790 2505 4845; x_wconf 90' lang='lat' dir='ltr'><strong>ministrans</strong></span> <span class='ocrx_word' id='word_1_780' title='bbox 2536 4790 2799 4847; x_wconf 82' lang='lat' dir='ltr'><strong>fratribus</strong></span> <span class='ocrx_word' id='word_1_781' title='bbox 2830 4832 2843 4856; x_wconf 93' lang='lat'><strong>,</strong></span> <span class='ocrx_word' id='word_1_782' title='bbox 2880 4808 3167 4862; x_wconf 84' lang='lat' dir='ltr'><strong>quousque</strong></span> <span class='ocrx_word' id='word_1_783' title='bbox 3201 4810 3367 4865; x_wconf 86' lang='lat' dir='ltr'><strong>supro</strong></span> 
     </span>
    </p>
   </div>
   <div class='ocr_carea' id='block_1_105' title="bbox 1823 4880 3392 4951">
    <p class='ocr_par' dir='ltr' id='par_1_105' title="bbox 1823 4880 3392 4951">
     <span class='ocr_line' id='line_1_105' title="bbox 1823 4880 3392 4951; baseline 0.003 -14"><span class='ocrx_word' id='word_1_784' title='bbox 1823 4898 1968 4937; x_wconf 88' lang='lat' dir='ltr'><strong>tuum</strong></span> <span class='ocrx_word' id='word_1_785' title='bbox 2002 4884 2183 4937; x_wconf 83' lang='lat' dir='ltr'><strong>omisit</strong></span> <span class='ocrx_word' id='word_1_786' title='bbox 2210 4882 2485 4951; x_wconf 86' lang='lat' dir='ltr'><strong>spiritum.</strong></span> <span class='ocrx_word' id='word_1_787' title='bbox 2518 4880 2651 4935; x_wconf 90' lang='lat' dir='ltr'><strong>Cum</strong></span> <span class='ocrx_word' id='word_1_788' title='bbox 2706 4892 2883 4936; x_wconf 86' lang='lat' dir='ltr'><strong>autem</strong></span> <span class='ocrx_word' id='word_1_789' title='bbox 2932 4885 3232 4951; x_wconf 82' lang='lat' dir='ltr'><strong>suhjeotam</strong></span> <span class='ocrx_word' id='word_1_790' title='bbox 3292 4889 3392 4941; x_wconf 89' lang='lat' dir='ltr'><strong>sibi</strong></span> 
     </span>
    </p>
   </div>
   <div class='ocr_carea' id='block_1_106' title="bbox 1834 4971 3393 5043">
    <p class='ocr_par' dir='ltr' id='par_1_106' title="bbox 1834 4971 3393 5043">
     <span class='ocr_line' id='line_1_106' title="bbox 1834 4971 3393 5043; baseline 0.003 -14"><span class='ocrx_word' id='word_1_791' title='bbox 1834 4976 1980 5029; x_wconf 86' lang='lat' dir='ltr'><strong>illam</strong></span> <span class='ocrx_word' id='word_1_792' title='bbox 2012 4972 2223 5028; x_wconf 75' lang='lat' dir='ltr'><strong>efﬁcere</strong></span> <span class='ocrx_word' id='word_1_793' title='bbox 2253 4987 2361 5026; x_wconf 91' lang='lat' dir='ltr'><strong>non</strong></span> <span class='ocrx_word' id='word_1_794' title='bbox 2389 4973 2660 5041; x_wconf 84' lang='lat' dir='ltr'><strong>potuisset</strong></span> <span class='ocrx_word' id='word_1_795' title='bbox 2696 4971 2973 5043; x_wconf 68' lang='lat' dir='ltr'><strong>Egeates,</strong></span> <span class='ocrx_word' id='word_1_796' title='bbox 2994 4976 3215 5029; x_wconf 78' lang='lat' dir='ltr'><strong>(leniens</strong></span> <span class='ocrx_word' id='word_1_797' title='bbox 3240 4986 3393 5033; x_wconf 89' lang='lat' dir='ltr'><strong>nocte</strong></span> 
     </span>
    </p>
   </div>
   <div class='ocr_carea' id='block_1_107' title="bbox 1832 5064 3392 5133">
    <p class='ocr_par' dir='ltr' id='par_1_107' title="bbox 1832 5064 3392 5133">
     <span class='ocr_line' id='line_1_107' title="bbox 1832 5064 3392 5133; baseline 0.002 -12"><span class='ocrx_word' id='word_1_798' title='bbox 1832 5066 2094 5131; x_wconf 81' lang='lat' dir='ltr'><strong>surrexit,</strong></span> <span class='ocrx_word' id='word_1_799' title='bbox 2128 5064 2237 5118; x_wconf 90' lang='lat' dir='ltr'><strong>alto</strong></span> <span class='ocrx_word' id='word_1_800' title='bbox 2265 5073 2525 5133; x_wconf 82' lang='lat' dir='ltr'><strong>regnante</strong></span> <span class='ocrx_word' id='word_1_801' title='bbox 2555 5064 2796 5127; x_wconf 83' lang='lat' dir='ltr'><strong>silentio,</strong></span> <span class='ocrx_word' id='word_1_802' title='bbox 2828 5074 2883 5119; x_wconf 87' lang='lat' dir='ltr'><strong>et</strong></span> <span class='ocrx_word' id='word_1_803' title='bbox 2933 5082 3120 5119; x_wconf 89' lang='lat' dir='ltr'><strong>omnes</strong></span> <span class='ocrx_word' id='word_1_804' title='bbox 3155 5066 3347 5124; x_wconf 82' lang='lat' dir='ltr'><strong>fallens</strong></span> <span class='ocrx_word' id='word_1_805' title='bbox 3377 5106 3392 5129; x_wconf 82' lang='lat'><strong>.</strong></span> 
     </span>
    </p>
   </div>
   <div class='ocr_carea' id='block_1_108' title="bbox 1831 5154 3391 5226">
    <p class='ocr_par' dir='ltr' id='par_1_108' title="bbox 1831 5154 3391 5226">
     <span class='ocr_line' id='line_1_108' title="bbox 1831 5154 3391 5226; baseline 0.001 -13"><span class='ocrx_word' id='word_1_806' title='bbox 1831 5158 2069 5226; x_wconf 89' lang='lat' dir='ltr'><strong>seipsum</strong></span> <span class='ocrx_word' id='word_1_807' title='bbox 2111 5154 2443 5225; x_wconf 59' lang='lat' dir='ltr'><strong>pracipitem</strong></span> <span class='ocrx_word' id='word_1_808' title='bbox 2475 5154 2623 5209; x_wconf 90' lang='lat' dir='ltr'><strong>dedit</strong></span> <span class='ocrx_word' id='word_1_809' title='bbox 2654 5154 2731 5209; x_wconf 87' lang='lat' dir='ltr'><strong>ah</strong></span> <span class='ocrx_word' id='word_1_810' title='bbox 2775 5156 2987 5210; x_wconf 81' lang='lat' dir='ltr'><strong>excelso</strong></span> <span class='ocrx_word' id='word_1_811' title='bbox 3039 5160 3271 5225; x_wconf 77' lang='lat' dir='ltr'><strong>pratorii</strong></span> <span class='ocrx_word' id='word_1_812' title='bbox 3304 5162 3391 5215; x_wconf 87' lang='lat' dir='ltr'><strong>sui</strong></span> 
     </span>
    </p>
   </div>
   <div class='ocr_carea' id='block_1_109' title="bbox 1827 5241 3388 5316">
    <p class='ocr_par' dir='ltr' id='par_1_109' title="bbox 1827 5241 3388 5316">
     <span class='ocr_line' id='line_1_109' title="bbox 1827 5241 3388 5316; baseline 0.001 -16"><span class='ocrx_word' id='word_1_813' title='bbox 1827 5242 2067 5316; x_wconf 79' lang='lat' dir='ltr'><strong>fastigio.</strong></span> <span class='ocrx_word' id='word_1_814' title='bbox 2097 5245 2161 5298; x_wconf 90' lang='lat' dir='ltr'><strong>Et</strong></span> <span class='ocrx_word' id='word_1_815' title='bbox 2194 5244 2275 5300; x_wconf 90' lang='lat' dir='ltr'><strong>sic</strong></span> <span class='ocrx_word' id='word_1_816' title='bbox 2302 5241 2635 5312; x_wconf 79' lang='lat' dir='ltr'><strong>exspiravit,</strong></span> <span class='ocrx_word' id='word_1_817' title='bbox 2662 5242 2960 5300; x_wconf 88' lang='lat' dir='ltr'><strong>secundum</strong></span> <span class='ocrx_word' id='word_1_818' title='bbox 2984 5244 3388 5315; x_wconf 66' lang='lat' dir='ltr'><strong>praedictionem</strong></span> 
     </span>
    </p>
   </div>
   <div class='ocr_carea' id='block_1_110' title="bbox 1503 5360 2080 5435">
    <p class='ocr_par' dir='ltr' id='par_1_110' title="bbox 1503 5360 2080 5435">
     <span class='ocr_line' id='line_1_110' title="bbox 1503 5360 2080 5435; baseline 0.005 -16"><span class='ocrx_word' id='word_1_819' title='bbox 1503 5360 1709 5421; x_wconf 65' lang='lat' dir='ltr'><strong>Varias</strong></span> <span class='ocrx_word' id='word_1_820' title='bbox 1742 5360 2080 5435; x_wconf 84' lang='lat' dir='ltr'><strong>lectiones.</strong></span> 
     </span>
    </p>
   </div>
   <div class='ocr_carea' id='block_1_111' title="bbox 230 5464 1610 5543">
    <p class='ocr_par' dir='ltr' id='par_1_111' title="bbox 230 5464 1610 5543">
     <span class='ocr_line' id='line_1_111' title="bbox 230 5464 1610 5543; baseline -0.003 -23"><span class='ocrx_word' id='word_1_821' title='bbox 230 5468 336 5543; x_wconf 55' lang='grc' dir='ltr'>(ἒξ)</span> <span class='ocrx_word' id='word_1_822' title='bbox 363 5466 431 5543; x_wconf 66' lang='lat'><strong>:0</strong></span> <span class='ocrx_word' id='word_1_823' title='bbox 467 5483 520 5519; x_wconf 83' lang='grc' dir='ltr'><strong>τι</strong></span> <span class='ocrx_word' id='word_1_824' title='bbox 544 5464 681 5543; x_wconf 52' lang='lat' dir='ltr'><strong>Vat:</strong></span> <span class='ocrx_word' id='word_1_825' title='bbox 953 5536 965 5543; x_wconf 73' lang='lat'>_</span> <span class='ocrx_word' id='word_1_826' title='bbox 988 5535 1000 5543; x_wconf 80' lang='lat'><em>_</em></span> <span class='ocrx_word' id='word_1_827' title='bbox 1324 5536 1357 5543; x_wconf 51' lang='grc' dir='ltr'><strong>η</strong></span> <span class='ocrx_word' id='word_1_828' title='bbox 1601 5533 1610 5543; x_wconf 44' lang='grc'><em>,</em></span> 
     </span>
    </p>
   </div>
   <div class='ocr_carea' id='block_1_112' title="bbox 236 5531 1723 5607">
    <p class='ocr_par' dir='ltr' id='par_1_112' title="bbox 236 5531 1723 5607">
     <span class='ocr_line' id='line_1_112' title="bbox 236 5531 1723 5607; baseline -0.003 -17"><span class='ocrx_word' id='word_1_829' title='bbox 236 5531 337 5607; x_wconf 47' lang='grc'><strong>⁸’15)</strong></span> <span class='ocrx_word' id='word_1_830' title='bbox 369 5536 627 5607; x_wconf 74' lang='lat' dir='ltr'><strong>Fortasse</strong></span> <span class='ocrx_word' id='word_1_831' title='bbox 658 5534 772 5601; x_wconf 65' lang='grc' dir='ltr'>ἅμα</span> <span class='ocrx_word' id='word_1_832' title='bbox 799 5549 901 5585; x_wconf 87' lang='grc' dir='ltr'>σοι.</span> <span class='ocrx_word' id='word_1_833' title='bbox 941 5535 1179 5607; x_wconf 84' lang='lat' dir='ltr'><strong>Alteram</strong></span> <span class='ocrx_word' id='word_1_834' title='bbox 1216 5536 1407 5607; x_wconf 63' lang='lat' dir='ltr'><strong>mediae</strong></span> <span class='ocrx_word' id='word_1_835' title='bbox 1459 5544 1557 5607; x_wconf 60' lang='lat' dir='ltr'><strong>aut</strong></span> <span class='ocrx_word' id='word_1_836' title='bbox 1601 5531 1723 5586; x_wconf 82' lang='lat' dir='ltr'><strong>inii-</strong></span> 
     </span>
    </p>
   </div>
   <div class='ocr_carea' id='block_1_113' title="bbox 206 5600 1580 5673">
    <p class='ocr_par' dir='ltr' id='par_1_113' title="bbox 206 5600 1580 5673">
     <span class='ocr_line' id='line_1_113' title="bbox 206 5600 1580 5673; baseline -0.004 -12"><span class='ocrx_word' id='word_1_837' title='bbox 206 5600 262 5661; x_wconf 66' lang='grc' dir='ltr'><strong>,τὲ</strong></span> <span class='ocrx_word' id='word_1_838' title='bbox 283 5600 605 5673; x_wconf 66' lang='lat' dir='ltr'><strong>Graecitatis</strong></span> <span class='ocrx_word' id='word_1_839' title='bbox 628 5600 811 5657; x_wconf 79' lang='lat' dir='ltr'><strong>vocem</strong></span> <span class='ocrx_word' id='word_1_840' title='bbox 844 5616 967 5657; x_wconf 75' lang='lat' dir='ltr'><strong>esse</strong></span> <span class='ocrx_word' id='word_1_841' title='bbox 994 5605 1419 5673; x_wconf 70' lang='lat' dir='ltr'><strong>puto.&#39;Ap.p.aob</strong></span> <span class='ocrx_word' id='word_1_842' title='bbox 1459 5600 1580 5655; x_wconf 79' lang='lat' dir='ltr'><strong>Vat.</strong></span> 
     </span>
    </p>
   </div>
   <div class='ocr_carea' id='block_1_114' title="bbox 230 5671 686 5747">
    <p class='ocr_par' dir='ltr' id='par_1_114' title="bbox 230 5671 686 5747">
     <span class='ocr_line' id='line_1_114' title="bbox 230 5671 686 5747; baseline 0.002 0"><span class='ocrx_word' id='word_1_843' title='bbox 230 5674 338 5747; x_wconf 67' lang='grc'><strong>06)</strong></span> <span class='ocrx_word' id='word_1_844' title='bbox 366 5674 542 5747; x_wconf 58' lang='lat' dir='ltr'><strong>&#39;Mc</strong></span> <span class='ocrx_word' id='word_1_845' title='bbox 568 5671 686 5728; x_wconf 65' lang='grc' dir='ltr'><strong>νωι-</strong></span> 
     </span>
    </p>
   </div>
   <div class='ocr_carea' id='block_1_115' title="bbox 231 5742 1579 5815">
    <p class='ocr_par' dir='ltr' id='par_1_115' title="bbox 231 5742 1579 5815">
     <span class='ocr_line' id='line_1_115' title="bbox 231 5742 1579 5815; baseline -0.004 -17"><span class='ocrx_word' id='word_1_846' title='bbox 231 5742 339 5815; x_wconf 82' lang='grc'>(77)</span> <span class='ocrx_word' id='word_1_847' title='bbox 376 5742 1053 5815; x_wconf 33' lang='grc' dir='ltr'>Εόιῄιεεεοῌπροσεγγίσειε</span> <span class='ocrx_word' id='word_1_848' title='bbox 1089 5744 1169 5798; x_wconf 86' lang='lat' dir='ltr'><strong>vel</strong></span> <span class='ocrx_word' id='word_1_849' title='bbox 1194 5742 1579 5815; x_wconf 64' lang='grc' dir='ltr'>προσεγγίσαι.</span> 
     </span>
    </p>
   </div>
   <div class='ocr_carea' id='block_1_116' title="bbox 240 5811 1728 5878">
    <p class='ocr_par' dir='ltr' id='par_1_116' title="bbox 240 5811 1728 5878">
     <span class='ocr_line' id='line_1_116' title="bbox 240 5811 1728 5878; baseline -0.005 -9"><span class='ocrx_word' id='word_1_850' title='bbox 240 5811 341 5878; x_wconf 73' lang='grc' dir='ltr'><strong>ἶῖϐ)</strong></span> <span class='ocrx_word' id='word_1_851' title='bbox 375 5813 550 5869; x_wconf 79' lang='lat' dir='ltr'><strong>Artic.</strong></span> <span class='ocrx_word' id='word_1_852' title='bbox 577 5811 674 5864; x_wconf 85' lang='grc' dir='ltr'>’τοῦ</span> <span class='ocrx_word' id='word_1_853' title='bbox 710 5811 997 5869; x_wconf 87' lang='lat' dir='ltr'><strong>intextum</strong></span> <span class='ocrx_word' id='word_1_854' title='bbox 1045 5811 1346 5867; x_wconf 85' lang='lat' dir='ltr'><strong>introduxi.</strong></span> <span class='ocrx_word' id='word_1_855' title='bbox 1398 5812 1516 5867; x_wconf 77' lang='lat' dir='ltr'><strong>Non</strong></span> <span class='ocrx_word' id='word_1_856' title='bbox 1551 5818 1728 5866; x_wconf 84' lang='lat' dir='ltr'><strong>exstat</strong></span> 
     </span>
    </p>
   </div>
   <div class='ocr_carea' id='block_1_117' title="bbox 1823 5466 2024 5521">
    <p class='ocr_par' dir='ltr' id='par_1_117' title="bbox 1823 5466 2024 5521">
     <span class='ocr_line' id='line_1_117' title="bbox 1823 5466 2024 5521; baseline -0.02 0"><span class='ocrx_word' id='word_1_857' title='bbox 1823 5468 1875 5521; x_wconf 90' lang='lat' dir='ltr'><strong>in</strong></span> <span class='ocrx_word' id='word_1_858' title='bbox 1898 5466 2024 5519; x_wconf 87' lang='lat' dir='ltr'><strong>cod.</strong></span> 
     </span>
    </p>
   </div>
   <div class='ocr_carea' id='block_1_118' title="bbox 1894 5529 2987 5603">
    <p class='ocr_par' dir='ltr' id='par_1_118' title="bbox 1894 5529 2987 5603">
     <span class='ocr_line' id='line_1_118' title="bbox 1894 5529 2987 5603; baseline -0.004 -16"><span class='ocrx_word' id='word_1_859' title='bbox 1894 5535 2008 5603; x_wconf 74' lang='grc'>(79)</span> <span class='ocrx_word' id='word_1_860' title='bbox 2031 5532 2144 5587; x_wconf 80' lang='lat' dir='ltr'><strong>Vox</strong></span> <span class='ocrx_word' id='word_1_861' title='bbox 2182 5532 2401 5603; x_wconf 70' lang='grc' dir='ltr'>πάντων</span> <span class='ocrx_word' id='word_1_862' title='bbox 2442 5530 2716 5603; x_wconf 56' lang='lat' dir='ltr'><strong>excidisse</strong></span> <span class='ocrx_word' id='word_1_863' title='bbox 2746 5529 2987 5585; x_wconf 80' lang='lat' dir='ltr'><strong>videtur.</strong></span> 
     </span>
    </p>
   </div>
   <div class='ocr_carea' id='block_1_119' title="bbox 1897 5598 2621 5675">
    <p class='ocr_par' dir='ltr' id='par_1_119' title="bbox 1897 5598 2621 5675">
     <span class='ocr_line' id='line_1_119' title="bbox 1897 5598 2621 5675; baseline -0.033 1"><span class='ocrx_word' id='word_1_864' title='bbox 1897 5598 2007 5675; x_wconf 71' lang='grc' dir='ltr'><strong>(δθ)</strong></span> <span class='ocrx_word' id='word_1_865' title='bbox 2040 5600 2469 5675; x_wconf 62' lang='grc' dir='ltr'>Προεζαγειγοῦσα</span> <span class='ocrx_word' id='word_1_866' title='bbox 2496 5598 2621 5653; x_wconf 79' lang='lat' dir='ltr'><strong>Vat.</strong></span> 
     </span>
    </p>
   </div>
   <div class='ocr_carea' id='block_1_120' title="bbox 1900 5670 2353 5744">
    <p class='ocr_par' dir='ltr' id='par_1_120' title="bbox 1900 5670 2353 5744">
     <span class='ocr_line' id='line_1_120' title="bbox 1900 5670 2353 5744; baseline -0.004 -19"><span class='ocrx_word' id='word_1_867' title='bbox 1900 5670 2013 5744; x_wconf 73' lang='grc'>(81)</span> <span class='ocrx_word' id='word_1_868' title='bbox 2046 5672 2212 5744; x_wconf 44' lang='lat' dir='ltr'><strong>Atinii</strong></span> <span class='ocrx_word' id='word_1_869' title='bbox 2232 5670 2353 5744; x_wconf 44' lang='lat' dir='ltr'><strong>ini.</strong></span> 
     </span>
    </p>
   </div>
   <div class='ocr_carea' id='block_1_121' title="bbox 1901 5741 2364 5813">
    <p class='ocr_par' dir='ltr' id='par_1_121' title="bbox 1901 5741 2364 5813">
     <span class='ocr_line' id='line_1_121' title="bbox 1901 5741 2364 5813; baseline -0.004 -18"><span class='ocrx_word' id='word_1_870' title='bbox 1901 5741 2012 5813; x_wconf 64' lang='grc' dir='ltr'>(κε)</span> <span class='ocrx_word' id='word_1_871' title='bbox 2043 5741 2218 5793; x_wconf 79' lang='grc' dir='ltr'>Αὐτοῦ</span> <span class='ocrx_word' id='word_1_872' title='bbox 2244 5741 2364 5795; x_wconf 83' lang='lat' dir='ltr'><strong>Vat.</strong></span> 
     </span>
    </p>
   </div>
  </div>
