4148 6334
166 383 299 450 ,οι-η·
421 345 438 351 ’
1385 379 1804 438 summm

1789 381 1833 438 0
1867 361 2134 438 5mm.
3322 391 3427 458 em

183 518 273 553 σον
298 496 481 550 αὐτῶν
518 496 663 545 ἐστιν
699 492 723 541 0
748 491 920 557 κῆπος
948 489 1040 541 106
1072 488 1291 557 Ἰωσήφ·
1327 491 1421 542 καὶ
1462 490 1594 558 πρὲς
1633 488 1760 560 βοῤ-
1791 495 1821 546 Α

1791 495 1830 546 Α
1862 499 1950 544 tus
1978 502 2062 545 est
2086 490 2308 562 Iosephi
2343 509 2356 547 :
2396 504 2450 550 et
2501 498 2567 547 ad
2601 498 2973 565 aqu'lonarom
3025 512 3231 572 partem
3286 509 3428 566 hom

186 593 287 660 ρᾶν
311 587 411 642 τοῦ
439 584 621 652 κήπου
688 583 836 632 ἐστὶν
865 583 897 647 ἡ
929 580 1162 649 φυλακὴ,
1196 581 1326 634 ὅπου
1369 577 1440 650 ἦν
1460 583 1487 633 0
1528 581 1762 649 Χριστὸς

1866 577 2030 644 illius,
2061 591 2145 635 est
2174 571 2383 644 carcer.
2431 583 2523 638 ubi
2550 571 3061 660 Christusclakusus
3099 593 3197 648 fuit
3229 608 3280 650 et
3330 598 3431 652 Ba-

183 649 719 738 ύτοοκεκλεισμένος,
783 669 879 722 καὶ
933 668 1247 743 Βαραὸὅόις.
1285 649 1401 722 Kal
1452 669 1612 737 μέσον
1643 669 1764 734 ,τῆς

1865 671 2062 726 rabbas
2095 691 2108 725 :
2141 682 2192 727 et
2233 675 2285 728 in
2322 677 2499 731 medio
2527 681 2768 733 carceris
2798 690 2851 744 et
2887 683 3103 738 [ixionis
3132 688 3314 742 crucis
3350 697 3433 744 est

183 768 464 834 φυλακῆς,
506 763 600 815 καὶ
649 761 752 828 τῆς
810 759 1172 832 σταυρώσεὼς
1231 763 1379 813 ἐστιν
1425 761 1458 828 ἡ
1495 757 1638 826 πύλη
1668 758 1762 810 τοῦ

1865 766 2021 833 porta
2062 766 2169 818 divi
2218 767 2581 835 Constantini,
2629 772 2682 824 in
2727 787 2830 836 qua
2890 774 3283 830 inventae-sunt
3320 787 3432 832 tres

183 854 342 919 ἁγίου
399 850 860 910 Κωνσταντίνου,
916 852 974 902 ὲν
1027 843 1070 916 ᾧ
1133 851 1444 918 εὑρέθησαν
1511 851 1560 901 οἱ
1615 852 1765 917 τρεῖς

1867 868 2062 908 cruces
2097 875 2109 908 :
2154 867 2205 908 et
2243 873 2406 926 supra
2455 873 2664 928 portam
2701 875 2783 916 cst
2840 863 3135 932 templum,
3177 868 3269 922 ubi
3303 881 3433 924 con-

185 941 432 1009 σταυροί.
475 942 582 993 Καὶ
611 941 794 993 ἐπάνω
852 942 950 1008 τῆς
988 942 1163 1009 πύλης
1193 942 1309 992 ἐστὶ
1340 941 1400 992 10
1431 939 1606 1009 ἱερὸν,
1639 939 1765 990 ἔνθα

1867 941 2038 996 ditum
2075 957 2156 997 eet
2197 950 2478 1013 poculum,
2522 951 2574 1003 in
2619 968 2726 1019 quo
2769 956 2902 1008 bihit
2929 956 3180 1012 Christus
3213 968 3428 1018 acett'm

182 1040 362 1088 κεῖται
391 1034 450 1087 10
494 1036 758 1105 ποτήριον
809 1037 941 1088 ὅπου
1008 1017 1160 1086 ἔπιεν
1193 1037 1220 1086 0
1254 1034 1491 1103 Χριστὸς
1538 1035 1595 1084 τὸ
1636 1033 1755 1101 ὅξος

1866 1041 1920 1090 et
1973 1035 2062 1087 fel.
2124 1034 2219 1090 Est
2277 1054 2405 1092 vero
2454 1040 2629 1096 instar
2668 1050 2815 1101 saxei
2851 1051 3059 1104 coloris.
3086 1051 3299 1115 Veneti,
3338 1069 3429 1106 ar-

182 1129 276 1180 καὶ
308 1127 410 1196 τὴν
438 1129 600 1197 χολήν
627 1145 641 1159 ο
682 1111 799 1180 ἐστι
836 1127 891 1180 δὲ
951 1127 1025 1190 ὡς
1071 1127 1287 1198 χαλίκιν
1317 1115 1579 1193 πράσινον
1623 1125 1766 1177 ἑνδε-

1867 1132 2028 1191 gento
2059 1126 2551 1182 circumvestitum.
2605 1131 2799 1186 Eodem
2844 1141 2896 1190 in
2930 1132 3047 1192 loco
3086 1143 3425 1196 reconditum

183 1217 420 1286 δυμένον
489 1219 701 1288 ἀσίμιν.
743 1221 836 1283 Εἰς
864 1220 920 1272 δὲ
945 1219 1036 1272 τὸν
1070 1219 1230 1271 αὐτὸν
1279 1218 1443 1270 τόπον
1497 1220 1673 1269 κεῖται
1706 1219 1765 1268 10

1866 1226 1948 1268 est
1978 1217 2318 1282 mallnvium,
2367 1219 2421 1271 in
2480 1236 2589 1288 quo
2622 1223 2873 1279 Christus
2924 1231 3086 1294 pedes
3131 1233 3427 1302 discipulo-

185 1308 440 1361 λεκάνιον
497 1309 628 1362 ὀποῦ
679 1310 859 1380 ἔνιψεν
900 1311 927 1361 0
957 1311 1192 1379 Χριστὸς
1254 1310 1379 1371 τοὺς
1427 1309 1593 1370 πόδας
1652 1308 1762 1361 τῶν

1866 1319 1982 1364 rum
2021 1307 2236 1362 abluit:
2277 1313 2439 1379 idque
2465 1327 2832 1385 marmoreum
2867 1327 2968 1372 est.
3008 1320 3208 1377 Ibidem
3240 1325 3426 1380 lancea

189 1400 451 1468 μαθητῶν
486 1396 672 1454 αὑτοῦ.
711 1397 865 1454 Ἔστι
893 1403 949 1454 δὲ
983 1404 1350 1470 μαρμάρινον.
1386 1400 1553 1452 Ἔνθα
1586 1403 1762 1453 κεῖται

1865 1401 2104 1467 Nposita
2137 1408 2241 1462 est.
2287 1409 2341 1453 et
2393 1406 2642 1472 spongia,
2687 1413 2740 1457 et
2786 1409 3018 1474 arundo,
3061 1421 3114 1463 et
3162 1427 3361 1468 corona
3397 1431 3427 1471 θ

186 1493 218 1559 ἡ
247 1491 442 1561 λόγχη,
480 1494 575 1544 καὶ
622 1495 650 1544 0
676 1483 945 1562 σπόγγος,
973 1490 1121 1547 καὶλό
1155 1493 1421 1561 κάλαμος,
1447 1493 1542 1545 καὶ
1581 1492 1608 1543 0
1639 1493 1759 1544 στέ-

1865 1488 2058 1556 spinis,
2089 1496 2142 1542 et
2177 1490 2401 1555 sindon,
2440 1508 2574 1560 pura
2613 1495 2786 1548 instar
2817 1496 3062 1552 siudonis
3105 1514 3264 1569 quam
3296 1506 3428 1564 vidit

189 1598 356 1647 φανος
413 1585 441 1635 0
472 1583 530 1645 ἐξ
570 1583 846 1642 ἀκανθῶν.
889 1585 982 1636 καὶ
1021 1585 1052 1648 ἡ
1103 1583 1320 1652 σινδόνη
1362 1583 1394 1651 ἡ
1434 1581 1650 1653 καθαρὰ
1683 1577 1762 1643 εἰς

1865 1581 2057 1635 Petrus
2094 1581 2374 1650 apostolus
2418 1584 2470 1637 in
2519 1585 2681 1651 caelo,
2726 1601 2887 1641 omne
2936 1591 3133 1644 animal
3167 1598 3429 1661 praemon-

188 1671 358 1724 τύπον
385 1673 484 1741 τῆς
535 1673 793 1735 σινδόνος,
827 1673 894 1744 ἢν
927 1666 1274 1743 εἶδενῐῖἐτρος
1317 1675 1344 1725 0
1380 1671 1676 1734 ἀπόστολος
1705 1673 1762 1723 ὲν

1865 1679 2162 1736 strantem;
2201 1672 2256 1725 in
2279 1681 2453 1741 parte
2484 1675 2645 1745 cujus
2705 1692 2811 1730 una
2839 1685 3238 1748 consumenda,
3284 1695 3338 1740 et
3371 1689 3426 1744 in

187 1759 264 1827 τῷ
318 1761 536 1829 ούρανῷ
588 1760 785 1829 ἔχουσα
815 1763 922 1812 πᾶν
967 1760 1110 1823 ζῶον
1143 1761 1545 1832 ίστορισμένον.
1581 1759 1675 1820 Ei;
1701 1757 1761 1811 10
1790 1810 1825 1836 η

1796 1810 1835 1836 η
1865 1760 2031 1816 altera
2067 1777 2186 1831 quae
2215 1779 2325 1818 non
2376 1777 2855 1835 consumerentur,
2901 1780 3076 1836 erant,
3133 1787 3295 1830 omne
3337 1781 3434 1832 ima

188 1810 247 1901 ei
289 1810 478 1919 μιρὶξ
497 1810 566 1903 is
592 1810 1007 1920 saeuis”:
1060 1810 1184 1904 1.1
1204 1810 1285 1914 .1;
1307 1810 1485 1926 ἑὲἐκί
1503 1810 1672 1921 .11.;
1695 1810 1764 1904 έά
1790 1810 1826 1870 Β

2071 1810 2184 1831 γη
2217 1810 2325 1818 ---..
2378 1810 2855 1835 νν..υ.....ν.ν......,
2901 1810 3076 1836 mu...
3133 1810 3293 1830 υηηευ
3337 1810 3431 1832 ...ι-

1793 1810 1837 1870 B
1868 1854 2130 1909 mundum
2166 1863 2219 1910 et
2253 1856 2548 1925 impurum.
2584 1859 2738 1915 Hanc
2788 1877 2955 1930 porro
3011 1863 3197 1920 ferunt
3245 1877 3431 1923 osten-

191 1938 266 2008 μὴ
298 1938 686 2008 δαπανώμενα,
711 1941 817 1993 πᾶν
835 1941 1032 2004 κοινὸν,
1065 1940 1098 2008 ἢ
1136 1939 1470 2008 ἀκάθαρτον,
1494 1941 1558 2008 ἢν
1577 1939 1766 2006 λέγου-

1869 1958 1988 1998 sam
2019 1960 2144 2000 esse
2186 1961 2214 1997 a
2246 1946 2494 2002 Gabriele
2526 1951 2867 2019 archangelo.
2902 1953 3074 2024 Prope
3117 1971 3242 2011 vero
3289 1961 3429 2016 hanc

189 2048 242 2083 σι
282 2031 567 2102 δειχθῆναι
607 2033 758 2102 παρὰ
799 2031 1042 2102 Γαϐριὴλ
1071 2031 1165 2084 τοῦ
1197 2031 1568 2100 ἀρχαγγέλου.
1615 2031 1764 2099 Πλη-

1868 2037 2263 2104 patriarchium
2310 2039 2471 2092 situm
2535 2049 2620 2095 est
2662 2060 2675 2096 :
2728 2051 2780 2096 et
2833 2044 2972 2098 infra
3038 2051 3425 2116 patriarchium

191 2122 304 2175 σίον
328 2122 386 2175 δὲ
417 2123 587 2193 αὐτῆς
640 2126 754 2176 ἐστι
806 2125 865 2176 10
899 2125 1331 2194 πατριαρχεῖοψ
1388 2121 1636 2175 κάτωθεν
1670 2120 1766 2197 106

1867 2135 1952 2181 est
1967 2127 2219 2192 ecclesia,
2241 2127 2435 2182 throno
2453 2128 2731 2196 destituta,
2749 2141 2802 2186 et
2826 2149 2944 2203 quae
2970 2150 3093 2190 mox
3116 2140 3310 2195 throno
3335 2157 3426 2195 or-

192 2215 589 2284 ιιατριαρχείου
648 2217 796 2268 ἐστὶν
870 2215 1140 2285 ἐκκλησία
1194 2214 1648 2284 ἁνενθρονίαστος
1681 2253 1696 2280 ,
1732 2215 1769 2282 ἠ

1867 2216 2046 2271 nanda
2077 2226 2194 2270 erat
2222 2231 2252 2269 a
2286 2220 2522 2275 concilio
2553 2222 2622 2273 ob
2650 2225 3085 2289 persecutionem
3122 2228 3427 2287 Saraceno-

194 2306 471 2373 μέλλουσα
499 2306 946 2375 ὲνθρονιὰζεσθαι
979 2307 1081 2360 ὑπὸ
1114 2306 1330 2359 συνόδου
1365 2307 1445 2367 είς
1465 2305 1558 2358 τὸν
1605 2307 1767 2373 διωγ-

1868 2313 2010 2360 ru‘m.
2039 2304 2103 2358 Et
2135 2307 2201 2359 ad
2222 2308 2405 2361 laevam
2429 2316 2633 2374 partem
2657 2311 2715 2363 Ι).
2748 2310 3117 2378 Constantini,
3141 2320 3318 2387 imago
3348 2331 3430 2377 est

195 2394 294 2458 μὸν
321 2395 431 2447 τῶν
456 2397 815 2467 Σαρακηνῶν.
842 2399 953 2450 Καὶ
977 2399 1057 2459 εἰς
1075 2396 1134 2450 10
1163 2396 1451 2466 ἀριστερὸν
1484 2395 1648 2466 μέρος
1667 2395 1764 2448 τοῦ

1867 2397 2229 2453 sanctissimae
2249 2398 2511 2466 Deiparze,
2538 2418 2658 2470 qua:
2683 2404 2957 2472 prohibuit
2979 2408 3186 2462 beatam
3211 2411 3428 2468 Mariam

191 2486 350 2552 ἁγίου
385 2471 803 2541 Κωνσταντίνου
861 2489 1006 2541 ἐστὶν
1044 2490 1076 2556 ή
1107 2486 1271 2540 εἰκὼν
1310 2488 1412 2554 τῆς
1459 2487 1771 2557 ὑπεραγίαςῖ¹

1867 2485 2078 2564 ingredi
2139 2490 2425 2558 templum,
2485 2471 2841 2551 Exaltatiouis
2879 2499 3061 2553 crucis
3110 2501 3196 2555 die
3248 2517 3425 2558 sacro.

190 2579 480 2645 Θεοτόκου,
510 2581 846 2649 ἡκωλύουσα
875 2581 970 2649 τὴν
1006 2579 1159 2632 ὁσίαν
1191 2581 1412 2646 Μαρίαν
1449 2579 1544 2632 τοῦ
1576 2579 1760 2631 εἰσελ-

1866 2572 1943 2631 Εο
1989 2577 2152 2640 etiam
2191 2579 2294 2633 loci
2327 2583 2675 2648 sponsionem
2725 2585 2872 2639 dedit
2909 2595 3013 2641 :et
3057 2590 3120 2642 ad
3152 2591 3427 2648 sinistram

191 2669 303 2722 θεῖν
333 2670 414 2730 είς
448 2671 539 2724 τὸν
564 2672 690 2724 ναὸν
722 2674 789 2743 τῇ
823 2672 921 2741 τῆς
939 2668 1226 2740 Ὕψώσεως
1258 2672 1442 2741 ἡμέρᾳ.
1462 2686 1475 2700 ο
1514 2669 1637 2722 ἔνθα
1671 2671 1765 2722 καὶ

1865 2677 2074 2738 partem
2131 2669 2354 2737 Josephi
2390 2670 2586 2726 domus
2633 2682 2717 2727 est
2752 2691 2766 2727 :
2802 2673 2966 2742 atque
3026 2677 3165 2732 infra
3203 2681 3423 2735 domum

192 2760 290 2829 τὴν
321 2760 527 2832 ὲγγύην
578 2761 801 2817 δέδωκε.
853 2762 965 2816 Καὶ
1021 2762 1101 2825 είς
1127 2761 1188 2812 10
1235 2760 1522 2831 ἀριστερὸν
1590 2760 1760 2829 μέρος

1863 2769 1946 2815 est
2002 2769 2236 2831 quatuor
2287 2763 2662 2816 columnarum
2721 2775 3029 2833 structura,
3088 2772 3176 2823 ubi
3238 2781 3425 2827 sancta

190 2854 314 2916 ἐστὶ
347 2853 445 2908 106
482 2855 682 2923 Ἰωσὴφ
720 2857 747 2907 ὀ
770 2851 938 2915 οἶκος·
970 2852 1216 2910 κάτωθεν
1247 2852 1301 2903 δὲ
1335 2850 1428 2903 τοῦ
1461 2850 1613 2902 οίκου
1648 2853 1763 2903 ἐστὶ

1869 2852 2067 2906 llelcna
2125 2852 2274 2906 venit
2319 2853 2532 2906 obviam
2566 2856 2778 2922 puellae,
2822 2859 2982 2926 cujus
3038 2859 3202 2916 funus
3237 2864 3430 2920 effere-

191 2943 558 3012 τετρακιόνιν,
589 2945 649 2997 ὲν
691 2937 735 3012 ᾧ
775 2944 1085 3013 ὑπήντησεν
1115 2945 1148 3010 ἡ
1173 2943 1306 3014 ἁγία
1363 2942 1556 3009 Ἑλένη
1581 2942 1640 2992 10
1676 2941 1761 3004 ἐξ·

1868 2946 2062 3006 halur;
2109 2953 2163 3013 et
2190 2957 2313 2996 eum
2368 2952 2480 2997 tres
2523 2958 2715 2998 cruces
2747 2951 3108 3017 apposuisset,
3141 2954 3322 3006 locuta
3348 2965 3431 3009 est

191 3030 333 3084 όδιον
357 3031 456 3102 τῆς
507 3032 696 3101 κόρης,
730 3033 825 3086 καὶ
865 3033 1079 3101 θήσασα
1135 3034 1264 3094 τοὺς
1297 3034 1446 3102 τρεῖς
1497 3032 1765 3100 σταυροὺς

1868 3036 2022 3103 virgo
2071 3035 2123 3086 in
2180 3033 2458 3087 Dominica
2513 3050 2696 3090 cruce.
2757 3039 2887 3091 Item
2923 3043 3185 3095 orientem
3242 3060 3432 3101 versus

195 3118 462 3188 ἐλάλησεν
491 3122 524 3190 ἡ
555 3121 689 3191 κόρη
721 3124 804 3184 εἰς
831 3123 920 3174 τὸν
968 3121 1298 3174 Δεσποτικὸν
1361 3120 1621 3202 σταυρόνὲ
1651 3119 1765 3174 Καὶ
1796 3146 1833 3202 C

1796 3146 1837 3202 ρ
1870 3134 1956 3179 est
2001 3124 2283 3178 Prohatica
2317 3125 2548 3192 piscina,
2599 3127 2844 3196 quinque
2884 3131 3161 3187 ambones-
3201 3134 3425 3200 habens.

191 3211 330 3281 πρὸς
368 3212 638 3281 ἀνατολὴν
666 3212 846 3265 αὐτῶν
871 3215 1020 3265 ἐστιν
1055 3215 1087 3282 ὴ
1125 3211 1440 3282 Προϐατικὴ
1488 3200 1768 3280 κολυμϐή·
1811 3200 1823 3202 -

1811 3200 1823 3202 “
1879 3222 1968 3288 qui
2028 3218 2352 3290 dicebantur.
2394 3219 2655 3286 porticus.
2705 3218 2768 3270 Et
2822 3235 2926 3276 non
2980 3225 3167 3288 procul
3226 3228 3292 3278 ah
3342 3229 3430 3281 illa

190 3301 322 3370 θρα,
376 3302 576 3371 ἔχουσα
628 3305 788 3357 πέντε
835 3304 1076 3374 βήματα,
1134 3305 1190 3355 αἱ
1253 3302 1540 3372 λεγόμεναι
1597 3301 1770 3354 στοαί.

1876 3321 2005 3368 sunt
2067 3309 2266 3362 Sancta
2318 3317 2672 3373 sanctorum,
2732 3311 2821 3364 ubi
2881 3311 3158 3369 Zachariae
3211 3321 3432 3386 sanguis

197 3391 314 3441 Kal.
340 3391 569 3459 πλησίον
593 3395 766 3463 αὐτῆς
823 3396 938 3446 ἐστι
966 3393 1034 3445 τὰ
1068 3395 1233 3460 ’Ἅγια
1263 3393 1371 3446 τῶν
1403 3393 1593 3460 ἁγίων,
1644 3392 1773 3446 ἔνθα

1876 3411 2165 3460 concretus
2207 3409 2312 3463 est,
2375 3407 2428 3454 et
2475 3401 2611 3468 lapis
2660 3417 2976 3470 suspensus.
3027 3415 3074 3459 et
3124 3408 3429 3464 Salomonis

191 3485 289 3534 106
326 3484 602 3552 Ζαχαρίου
628 3485 686 3536 10
720 3480 860 3554 αἷμα
901 3485 1200 3552 πέπηκται,
1235 3486 1332 3538 καὶ
1365 3487 1391 3536 0
1419 3484 1566 3546 λίθος
1593 3485 1620 3536 0
1644 3500 1773 3552 κρε-

1875 3496 2160 3564 templum,
2180 3491 2432 3561 peculiari
2455 3507 2626 3547 muro.
2652 3491 2776 3546 Item
2796 3493 2860 3547 ad
2886 3495 3275 3549 occidentalem
3298 3513 3424 3566 μοι-ι-

195 3575 475 3642 μάμενος,
539 3575 641 3644 καὶ.
681 3578 708 3627 0
757 3576 884 3638 ναὸς
935 3576 1028 3627 τοῦ
1085 3575 1434 3644 Σολομῶντος
1489 3577 1767 3643 ίδιότειχα.

1873 3592 1982 3637 tam
2022 3592 2223 3638 sancta:
2251 3583 2490 3636 civitatis
2525 3591 2607 3636 est
2661 3584 2829 3636 turris
2862 3585 3139 3649 Davidica,
3175 3587 3267 3642 ubi
3298 3602 3427 3642 coo-

191 3665 304 3717 Καὶ
335 3667 414 3726 εἰς
454 3663 548 3734 τὴν
579 3666 800 3735 δυτικὴν
833 3666 1036 3734 πόρταν
1058 3670 1154 3736 τῆς
1181 3666 1338 3733 ἁγίας
1374 3666 1582 3727 πόλεώς
1614 3667 1762 3719 ἐστιν

1871 3679 2015 3732 sedit
2071 3693 2237 3747 super
2306 3679 2522 3743 cinere,
2576 3688 2629 3730 et
2691 3677 2911 3744 scripsit
2967 3676 3286 3732 Psalterium
3323 3697 3338 3733 :
3374 3680 3426 3734 iu

193 3757 220 3806 0
251 3755 460 3824 πύργος
490 3759 517 3806 0
564 3758 875 3822 Δαυῖτικδς,
908 3759 987 3819 εἰς
1026 3757 1083 3809 ὃν
1134 3758 1389 3811 ἐκάθισεν
1416 3759 1507 3809 ἐπὶ
1543 3757 1764 3821 σποδοῦ,

1869 3766 2056 3819 dextra
2124 3775 2273 3834 parte
2324 3767 2518 3830 turris,
2567 3767 2931 3819 lithostrotum
3001 3775 3105 3830 est,
3200 3768 3426 3822 ecclesia

196 3846 296 3898 καὶ
330 3846 540 3915 ἔγραψε
585 3847 644 3900 10
690 3847 1026 3917 Ψαλτήριον.
1088 3848 1348 3915 Δεξιὸνδὲ
1397 3848 1494 3901 τοῦ
1557 3848 1767 3919 πύργου

1866 3870 2055 3925 parva.
2123 3858 2212 3908 ubi
2271 3855 2436 3910 Judas
2494 3858 2778 3910 Dominum
2843 3857 3097 3925 prodidit.
3157 3859 3197 3910 Α
3238 3859 3435 3913 dextra

197 3937 320 3989 ἐστὶ
359 3938 421 3988 10
462 3937 845 4008 λιθόστρωτον,
885 3939 1151 4008 ἐκκλησία
1193 3941 1386 4009 μικρὰ,
1435 3940 1563 3994 ἔνθα
1597 3941 1767 4011 παρέ-

1877 3951 2056 3998 autem
2092 3944 2390 3998 lithostroti
2447 3954 2529 3999 est
2591 3945 2649 4009 S,
2703 3945 2858 4009 Sion,
2891 3945 3111 4000 .domus
3141 3946 3252 4000 Dei.
3299 3947 3427 4002 Inde

194 4028 428 4080 δῶκενό
482 4029 684 4095 Ἰούδας
743 4031 835 4082 τὸν
887 4033 1111 4099 Κύριον.
1162 4031 1347 4097 Δεξιδν
1377 4032 1434 4083 δὲ
1484 4031 1576 4083 106
1621 4032 1764 4084 λιθο-

1870 4037 1923 4089 ἱη
1957 4016 2146 4106 ίηοςηο
2172 4044 2349 4104 porta,
2393 4046 2544 4108 parte
2572 4036 2821 4098 sinistra,
2876 4037 3028 4089 locus
3064 4045 3169 4098 est,
3235 4037 3288 4091 in
3320 4054 3427 4107 quo

198 4118 441 4188 στρώτου
483 4120 632 4172 ἐστὶν
659 4124 689 4190 ὴ
739 4123 868 4189 ἁγία
892 4122 1053 4187 Σιὼν,
1083 4126 1110 4176 0
1135 4111 1281 4187 οἶκος
1308 4125 1402 4177 τοῦ
1460 4125 1617 4177 Θεοῦ.
1650 4123 1765 4177 Kal.

1867 4129 2042 4181 sancti
2069 4128 2296 4195 apostoli
2349 4128 2634 4182 ablucrunt
2683 4128 3084 4182 sanctissimam
3122 4127 3211 4180 Dei
3264 4128 3441 4183 Geniv

197 4211 281 4268 είς
307 4209 408 4278 τὴν
457 4211 696 4280 μεγάλην
723 4211 898 4281 πύλην
926 4213 1212 4282 ἀριστερόν
1235 4199 1384 4267 ἐστιν
1410 4217 1437 4266 ὁ
1466 4215 1658 4276 τόπος,
1708 4216 1764 4266 ὲν

1869 4220 2058 4274 tricem
2124 4229 2244 4288 post
2280 4218 2490 4273 obitum
2547 4221 2740 4287 ipsius.
2799 4219 2999 4274 Deinde
3055 4221 3118 4272 ad
3179 4219 3425 4274 dextram

202 4293 246 4366 ᾧ
303 4300 531 4354 ἔλουσαν
598 4302 647 4354 οἱ
708 4302 854 4370 ἆγιοι
928 4303 1238 4357 Ἀπόστολοι
1304 4305 1401 4375 τὴν
1458 4305 1767 4376 ὑπεραγίαν

1868 4318 2037 4379 portae
2085 4319 2294 4380 partem
2356 4319 2440 4364 est
2522 4312 2911 4379 spiramentum
2960 4310 3216 4378 gehennae
3265 4311 3427 4376 ig‘nis.

202 4392 465 4468 95010::ov
497 4392 633 4460 μετὰ
696 4393 873 4456 ἔξοδον
903 4393 1094 4463 αὐτῆς.
1123 4393 1234 4446 Καὶ
1256 4397 1334 4456 είς
1373 4395 1434 4447 10
1467 4395 1641 4458 δεξιὸν
1671 4395 1766 4463 μέ-

1873 4401 2120 4468 chuxta
2155 4400 2293 4452 hanc
2324 4409 2431 4454 stat
2467 4400 2626 4466 lapis.
2657 4398 2720 4451 ad
2767 4413 2928 4465 quem
2981 4396 3167 4465 [lamis
3221 4400 3431 4450 cecide-

204 4500 297 4545 ρος
325 4465 427 4550 τῆς
457 4483 627 4554 αὐτῆς
676 4484 853 4554 πύλης
887 4487 1035 4538 ἐστιν
1058 4488 1092 4553 ἡ
1129 4486 1384 4556 ἀναπνοὴ
1421 4489 1518 4554 τῆς
1549 4487 1770 4554 γεέννης
1803 4470 1842 4527 Ῑ)

1803 4470 1846 4527 Ῑ)
1876 4500 2002 4544 runt
2061 4490 2333 4543 Christum
2398 4489 2684 4543 Dominum
2733 4498 3001 4540 nostrum.
3055 4486 3120 4540 Et
3161 4488 3213 4540 in
3263 4487 3432 4541 sacris

199 4575 296 4626 τοῦ
364 4576 686 4645 πυρό;.Κα“ι
713 4577 939 4648 πλησίον
981 4577 1149 4647 αὐτῆς
1194 4577 1411 4630 ἵσταται
1438 4581 1466 4632 0
1497 4579 1663 4641 λίθος,
1712 4580 1767 4628 Η

1875 4584 2107 4652 portulis
2144 4580 2443 4635 sanctuarii
2499 4589 2627 4634 sunt
2657 4581 2858 4633 Christi
2900 4578 3146 4645 vestigia.
3203 4579 3289 4632 ubi
3344 4580 3429 4629 iu-

203 4661 250 4732 ᾧ
283 4667 750 4735 ὲφραγγέλλωσαν
781 4669 872 4723 τὸν
900 4669 1138 4738 Χριστὸν
1184 4671 1278 4724 καὶ
1313 4670 1444 4722 Θεὸν
1463 4671 1771 4740 ὴμῶν.Καὶ

1875 4673 2035 4749 stitit,
2064 4671 2222 4725 Pilati
2252 4670 2519 4739 judicium
2558 4670 2803 4724 subiens.
2838 4671 2881 4722 A
2906 4670 3095 4721 dextra
3119 4683 3243 4721 vero
3301 4683 3428 4719 saei-

201 4761 282 4820 εἱς
313 4759 381 4812 τὰ
409 4760 540 4828 ἆγια
588 4761 748 4831 θυρία
800 4761 894 4814 106
957 4761 1348 4832 θυσιαστηρίου
1382 4762 1493 4813 εἰσὶ
1543 4762 1610 4814 τὰ
1641 4762 1770 4830 ἴχνη

1874 4763 2066 4818 ctuarii
2109 4770 2190 4816 est
2224 4762 2588 4822 caanaculum,
2641 4759 2692 4813 in
2742 4774 2851 4828 quo
2904 4760 3138 4813 cceuavit
3179 4757 3431 4813 Christus

203 4849 301 4902 106
331 4850 591 4918 Χριστοῦ,
632 4851 761 4906 ἔνθα
810 4851 994 4905 ἵστατο
1020 4856 1343 4924 κρινόμενος
1378 4852 1480 4904 ὑπὸ
1516 4853 1767 4905 Πιλάτου.

1873 4869 1997 4908 cum
2029 4853 2311 4922 discipulis
2369 4852 2506 4904 suis.
2551 4850 2748 4904 Eodem
2782 4852 2834 4903 in
2874 4852 2990 4912 loco
3044 4851 3297 4919 depictus
3347 4859 3427 4901 cst

203 4940 374 5002 Είςτδ
401 4941 573 5005 δεξιὸν
618 4943 676 4995 δὲ
736 4943 901 5012 μέρος
949 4944 1043 4996 τοῦ
1103 4944 1488 5014 θυσιαστηρίου
1524 4943 1584 4994 τὸ
1614 4944 1776 5011 01:59-

1873 4945 2182 4999 Pharisaeus
2219 4945 2531 5012 sejactaus,
2560 4951 2613 4998 et
2647 4944 2976 4998 Publieanus
3002 4959 3066 5004 se
3092 4941 3428 5011 deprimens.

205 5029 312 5099 ᾦον
338 5032 476 5084 ὅπου
536 5033 854 5110 ἐδείπνησεν
879 5038 906 5088 0
929 5036 1165 5107 Χριστὸς
1194 5035 1332 5104 μετὰ
1373 5037 1484 5087 τῶν
1516 5034 1771 5105 μαθητῶν

1873 5039 2136 5092 Praeterea
2177 5036 2245 5090 ad
2295 5037 2556 5090 concham
2612 5035 2668 5090 S.
2727 5036 2933 5098 Sionis,
2989 5035 3243 5089 nimirum
3305 5048 3431 5102 prius

204 5123 394 5176 αὐτοῦ.
453 5111 565 5178 Καλ⁸
611 5128 692 5190 είς
742 5129 835 5180 τὸν
871 5129 1033 5182 αὑτὸν
1066 5129 1233 5182 τόπον
1263 5129 1410 5182 ἐστὶν
1438 5129 1772 5196 ὲνίστοροςό

1872 5129 2032 5194 torii,
2089 5136 2175 5182 est
2226 5127 2754 5198 quadricolumuium
2806 5143 3055 5196 parvum,
3115 5126 3204 5178 ubi
3249 5123 3425 5184 locus,

202 5215 494 5283 Φαρισαῖος
517 5216 722 5284 αὐχῶν,
755 5221 846 5271 καὶ
878 5221 906 5272 0
937 5218 1188 5290 Τελώνης
1240 5219 1508 5272 ταπεινῶν
1556 5220 1769 5273 ἑαυτόν,

1874 5236 1980 5290 quo
2019 5221 2217 5274 inloco
2276 5220 2335 5272 B.
2367 5219 2560 5274 Petrus
2598 5222 2966 5289 interrogatus
3011 5227 3089 5272 est
3119 5214 3425 5273 ahancilla,

207 5307 320 5359 Καὶ
341 5306 419 5368 είς
445 5307 541 5376 τὴν
559 5307 764 5376 κόγχην
785 5310 883 5379 τῆς
913 5311 1067 5378 ἁγίας
1091 5312 1224 5362 Σιὼν
1242 5310 1411 5380 ἤγουν
1430 5309 1520 5362 τοῦ
1540 5326 1778 5379 πραιτω-

1883 5322 1944 5359 ac
1995 5308 2154 5361 tertia
2216 5309 2335 5361 vice
2401 5309 2683 5364 inliciatus
2734 5308 3040 5376 abnegavit.
3095 5305 3266 5370 Atque
3326 5300 3425 5349 hoc

210 5397 325 5466 ρίου
349 5397 470 5450 ἐστὶ
503 5380 845 5467 τετρακιόνιν
888 5403 1100 5471 μικρόν.
1134 5403 1302 5454 Ἔνθα
1329 5403 1361 5470 ἡ
1394 5401 1679 5469 ἀνθρακία,
1717 5402 1773 5451 ἐν

1885 5398 2002 5466 ipso
2052 5399 2171 5452 loco
2200 5399 2340 5453 aedes
2373 5408 2497 5454 sunt
2545 5398 2697 5452 Pilati
2740 5408 2791 5452 et
2828 5399 2993 5450 Anna:
3034 5394 3340 5453 Christum;
3373 5394 3425 5441 ct

205 5483 247 5556 ᾧ
272 5491 421 5560 τόπῳ
450 5491 711 5560 ἠρωτήθη
727 5493 755 5542 0
777 5492 929 5558 ἅγιος
951 5495 1150 5561 Πέτρος
1169 5494 1321 5564 παρὰ
1337 5494 1433 5562 τῆς
1461 5493 1768 5561 παιδίσκης,

1691 5511 1768 5561 ης,
1880 5489 2160 5543 confeStim
2196 5489 2369 5558 gallus
2405 5490 2641 5544 cantavit
2675 5499 2726 5542 et
2754 5488 2966 5556 Caiphae
2990 5492 3041 5538 et
3073 5477 3317 5535 Caesaris.-

206 5587 299 5632 καὶ
320 5583 598 5651 ἠρνήσατο
643 5585 705 5633 ὲκ
732 5581 913 5651 τρίτὀυ
961 5584 1052 5636 τὸν
1101 5585 1354 5652 Χριστὸν,
1413 5585 1507 5637 καὶ
1559 5581 1760 5644 εὐθέως

205 5673 453 5745 ἀλέκτωρ
491 5675 760 5742 ὲφώνησε.
796 5677 902 5726 Καὶ
931 5677 1008 5739 εἰς
1031 5677 1117 5729 10v
1146 5677 1307 5728 αὐτὸν
1340 5675 1501 5728 τόπον
1545 5675 1690 5726 ἐστὶν
1729 5674 1755 5723 ὀ
1795 5668 1940 5733 οἶκος
1968 5670 2060 5724 106
2098 5689 2152 5724 τε
2182 5674 2415 5727 Πιλάτου
2437 5675 2532 5729 καὶ
2560 5670 2652 5723 τοῦ
2685 5671 2870 5731 Ἅννα,
2926 5664 3018 5716 καὶ
3087 5659 3177 5714 106
3250 5658 3426 5713 Καϊά-

207 5786 302 5838 ςια,
328 5769 421 5824 καὶ
454 5767 552 5822 106
587 5766 888 5834 Καίσαρος.
