4164 6342
712 357 817 422 263

712 563 965 626 ecclesia,
999 562 1093 617 ubi
1132 577 1391 633 egressus
1444 561 1638 617 Petrus
1693 561 1842 616 ﬂevit
1891 577 2117 616 amare:
2152 571 2205 616 et
2251 578 2281 616 a

713 656 900 712 dextra
923 655 1197 721 ecclesiae,
1221 651 1401 709 tribus
1429 653 1640 724 sagitta:
1669 653 1932 722 jactihus,
1961 662 2045 710 est
2075 654 2282 709 Siloam

713 745 946 815 piscina,
979 746 1073 800 ubi
1104 746 1389 801 abstersus
1420 759 1599 800 caecus
1630 746 1873 812 respexit
1899 761 1913 799 :
1941 753 1996 801 et
2029 761 2059 799 a
2093 746 2281 800 dextra

711 837 835 907 ejus
895 852 1024 908 ager
1077 837 1224 906 ﬁguli
1263 843 1371 902 est,
1431 839 1487 891 in
1534 851 1646 907 quo
1684 838 1800 891 dati
1855 846 1986 893 sunt
2041 838 2281 907 argentei

713 927 924 982 nummi
951 926 1185 996 pretium
1217 926 1421 982 Christi
1453 942 1466 977 :
1501 926 1686 996 ibique
1713 927 2053 996 sepeliuntur
2071 927 2283 980 'mortui

709 1017 781 1072 ad
828 1018 972 1071 hanc
1001 1033 1175 1087 usque
1217 1017 1384 1072 diem.
1429 1014 1628 1082 Porro,
1666 1017 1733 1071 ad
1772 1018 2016 1073 dextram
2060 1016 2283 1071 arbores

713 1115 863 1175 sunt,
898 1107 1102 1177 quibus
1123 1106 1295 1162 Judas
1330 1109 1634 1176 suspensus
1666 1118 1769 1162 est.

779 1307 838 1362 In
865 1305 1213 1361 meridionali
1257 1315 1414 1376 parte
1447 1307 1600 1363 urbis
1635 1315 1863 1371 sanctae,
1918 1306 2131 1360 duobus
2167 1304 2284 1359 iere

700 1396 1041 1451 milliaribus
1087 1404 1242 1451 extra
1275 1397 1443 1462 viam,
1487 1397 1741 1452 Rachelis
1773 1396 2020 1450 tumulus
2063 1403 2164 1450 est.
2219 1395 2285 1447 Et

703 1502 924 1551 rursus,
959 1487 1118 1558 quasi
1148 1503 1244 1542 sex
1267 1489 1497 1542 millium
1529 1489 1815 1551 distantia,
1843 1487 2282 1551 Bethleemsane

701 1585 797 1632 cta
831 1578 934 1635 sita
961 1587 1084 1644 est,
1150 1579 1204 1633 in
1245 1595 1356 1649 quo
1408 1579 1610 1650 oppido
1653 1588 1819 1634 natus
1875 1585 1957 1633 est
1999 1576 2280 1632 Christus.

704 1667 955 1724 Ecclesia
1016 1670 1256 1736 ibidem,
1311 1685 1506 1740 magna
1567 1670 1898 1734 admodum,
1952 1667 2284 1722 beatissima!

704 1756 986 1828 Deiparaz;
1040 1766 1094 1813 et
1149 1758 1294 1813 infra
1340 1774 1555 1814 sacram
1600 1772 1849 1813 mensam
1891 1766 1975 1812 est
2022 1758 2281 1826 spelunca

709 1822 907 1920 duplex
933 1866 948 1917 ;
972 1822 1148 1920 atque
1189 1851 1242 1905 in
1278 1850 1530 1905 orientali
1563 1850 1785 1919 quidem
1817 1859 1972 1919 parte
2007 1822 2170 1902 natus
2197 1854 2284 1904 cst
2310 1822 2358 1880 Β

704 1941 1007 1997 Christus:
1044 1941 1100 1995 in
1153 1942 1483 1996 occidentali
1539 1950 1624 1996 est
1682 1949 1938 1996 sanctum
1992 1953 2278 2009 pmsepe:

708 2032 824 2088 duo
853 2033 1014 2088 simul
1069 2039 1249 2097 antra,
1293 2047 1416 2101 quae
1470 2041 1600 2088 sunt
1652 2034 1902 2088 inaurata
1945 2041 2001 2086 et
2046 2032 2282 2101 depicta,

708 2122 1165 2192 quemadmodum
1198 2123 1379 2191 reipsa
1409 2121 1643 2176 fuerant.
1670 2122 1750 2176 Ad
1785 2134 1903 2177 haec
1933 2137 1964 2176 ιι
1999 2122 2154 2193 plaga
2183 2122 2284 2177 be-

710 2207 844 2264 reaii
871 2210 1148 2282 spelunca:
1174 2218 1370 2279 puteus
1403 2219 1519 2273 est,
1555 2209 1806 2264 'iundum
1870 2224 1979 2265 non
2026 2211 2281 2265 habens:

709 2312 876 2370 atque
933 2299 1000 2353 ad
1038 2314 1234 2369 aquam
1267 2299 1414 2368 putei
1443 2306 1527 2355 est
1580 2300 1759 2365 stella,
1807 2315 1930 2369 quae
1956 2313 2143 2354 comes
2167 2307 2288 2370 erat

709 2390 925 2446 itineris
957 2389 1238 2458 Magorum
1266 2407 1281 2456 ;
1309 2398 1360 2445 et
1384 2390 1765 2445 ad‘sinistram
1801 2401 2007 2459 partem
2039 2389 2284 2458 ejusdem

709 2482 952 2537 ecclesia:
976 2486 1124 2552 [sunt
1156 2482 1538 2552 possessiones
1595 2492 1840 2553 paterna:
1873 2481 2116 2536 Davidis.
2150 2481 2286 2535 item

706 2576 774 2627 ad
819 2576 1088 2629 orientem
1115 2559 1422 2640 'Bethleem,
1455 2584 1540 2631 est
1584 2574 1864 2630 conditum
1887 2575 2283 2630 monasterium

707 2667 852 2736 qttod
896 2667 1100 2722 dicitur
1147 2665 1483 2734 Pcemnium,
1560 2667 1652 2722 ubi
1711 2667 1863 2722 visus
1919 2674 2005 2721 est
2061 2664 2287 2737 angelus

710 2758 1040 2829 pastoribus,
1070 2758 1316 2828 dixitque
1349 2759 1515 2829 ipsis:
1554 2757 1768 2812 Cessate
1825 2775 1858 2812 a
1917 2757 2158 2827 gregibus
2197 2773 2289 2810 cu-

709 2847 1035 2912 stodiendis,-
1068 2847 1317 2914 clamate,
1354 2847 1695 2901 celebrantes.
1733 2845 1813 2902 Ad
1844 2846 2127 2901 meridiem
2159 2860 2288 2899 vero

707 2939 1022 3005 Bethleem,
1078 2940 1188 2994 duo
1234 2948 1366 2994 sunt
1414 2940 1773 3003 monasteria,
1821 2940 1880 2993 S.
1922 2937 2078 2992 Saba:
2122 2947 2174 2992 et
2225 2936 2284 2992 S.

709 3030 1046 3085 Charitonis.
1105 3029 1214 3085 Sed
1275 3028 1341 3084 ad
1398 3040 1605 3100 partem
1645 3031 1815 3099 magis
1864 3030 2157 3084 australem
2187 3045 2283 3086 eo-

713 3121 998 3188 rumdem,
1071 3121 1506 3185 monasterium,
1586 3120 1799 3175 duobus
1871 3120 2093 3174 circiter
2151 3122 2355 3215 ,mil-C

711 3212 896 3276 libus,
940 3210 1187 3265 incolunt
1231 3209 1424 3264 Patres
1471 3210 1579 3266 duo
1606 3249 1621 3276 ,
1675 3209 1968 3282 Dionysius
2011 3218 2065 3265 et
2099 3209 2283 3267 Theo-

711 3301 920 3355 dosius.

780 3390 847 3444 Et
889 3390 1214 3446 occidentali
1275 3400 1483 3447 sanctae
1559 3392 1712 3446 urbis
1766 3392 1908 3461 parti
1964 3394 2282 3465 propinquae

709 3487 838 3536 sunt
881 3482 1153 3552 spelunca
1201 3481 1344 3547 dua),
1395 3498 1518 3552 quae
1571 3483 1832 3551 reliquias
1865 3484 2147 3538 continent
2180 3485 2282 3539 SS.

710 3574 1115 3641 Innocentium,
1146 3573 1237 3645 qui
1266 3575 1334 3629 ab
1361 3573 1575 3630 Herode
1605 3585 1732 3629 sunt
1763 3573 2060 3638 interiecti,
2090 3586 2283 3646 estque

707 3667 776 3720 ad
826 3666 1174 3721 occidentem
1228 3665 1446 3721 circiter
1475 3681 1573 3721 sex
1602 3667 1792 3720 millia.
1833 3667 2037 3722 ibidem
2064 3667 2287 3722 Carme-

709 3756 799 3812 ius
851 3773 1028 3822 mons,
1082 3757 1459 3826 possessiones
1514 3767 1758 3827 paterna:r
1793 3758 2198 3814 Praecursoris:
2233 3769 2287 3813 et

709 3846 779 3902 ad
839 3846 1126 3902 occiduam
1191 3846 1427 3902 Carmeli
1484 3848 1685 3903 montis
1747 3857 1997 3917 partem,
2063 3849 2285 3906 circiter

708 3955 841 3996 xvm
881 3941 1016 3995 mill.
1058 3940 1338 3996 Emmaus.
1382 3940 1496 3997 Hoc
1523 3942 1627 3998 iter
1649 3942 2120 4015 peregitCleopas
2156 3959 2284 3999 cum

710 4032 970 4099 Christo;
1022 4035 1118 4088 sed
1170 4035 1478 4103 ignorabat,
1518 4037 1664 4107 quod
1713 4037 1760 4091 is
1810 4036 2063 4094 Chi-istus
2119 4049 2283 4094 esset.

708 4122 1060 4192 Rursumque
1101 4125 1168 4179 ab
1195 4126 1386 4181 eodem
1412 4127 1532 4181 loco
1558 4127 1670 4183 fere
1695 4128 1830 4181 mill.
1854 4136 2001 4194 octo,
2034 4128 2281 4196 Ramble,

708 4221 763 4267 et
799 4227 966 4281 prope
987 4211 1214 4267 Ramble
1243 4222 1326 4270 est
1356 4215 1612 4285 oppidum
1635 4214 1906 4291 Diapolis.
1932 4217 2031 4273 Est
2061 4229 2285 4276 sanctus

710 4302 1001 4371 Georgius,
1053 4303 1143 4357 ubi
1187 4305 1424 4361 condite
1477 4319 1609 4361 sunt
1667 4307 1728 4361 Β.
1774 4308 2017 4380 Georgii,
2053 4313 2285 4378 insignis

711 4391 1008 4462 martyris,
1071 4393 1336 4464 reliquiae,
1398 4395 1635 4452 ecclesia
1687 4411 1884 4467 magna
1960 4401 2135 4454 valde.
2201 4402 2283 4455 Ad

1935 358 2337 420 EPIPHANII
2376 360 2728 423 MONACHI

785 470 949 526 Extra
977 472 1173 526 urbem
1200 484 1331 527 vero
1370 471 1719 526 dextrorsum
1748 484 1917 541 pr0pe
1940 487 2155 526 murum
2193 479 2278 527 est
2307 481 2355 536 Α

3852 362 3966 429 ἓϐῐ

2461 477 2702 554 Ἐξωθεν
2733 476 2790 531 δὲ
2823 477 2921 547 τῆς
2979 476 3187 542 πόλεως
3243 476 3435 545 δεξιὸν,
3475 477 3700 549 πλησίον
3727 478 3821 532 τοῦ
3847 480 3963 534 τεί-

2384 587 2514 640 χους
2561 568 2711 620 ἐστὶν
2783 567 2817 636 ἡ
2868 566 3153 635 ἐκκλησία,
3215 565 3344 619 ἔνθα
3391 565 3628 633 ἐξελθὼν
3668 569 3696 620 6
3754 567 3964 637 Πέτρος

2383 659 2617 713 έκλαυσε
2656 657 2892 728 πικρῶς·
2947 654 3052 711 ’καὶ
3078 656 3253 725 δεξιὸν
3281 657 3382 728 τῆς
3414 657 3710 728 ἐκκλησίας
3737 657 3812 722 ὡς
3850 657 3966 711 ἁπδ

2387 750 2757 820 σαγιτοόόλων
2818 751 2986 819 τριῶν
3043 752 3192 804 ἐστιν
3231 749 3327 803 τοῦ
3366 749 3642 820 Σιλωὰμὴ
3684 750 3972 819 κολυμϐή-

2386 843 2511 914 θρα,
2546 843 2676 899 ἔνθα
2715 842 3011 912 νιψάμενος
3038 843 3066 894 6
3096 841 3298 911 τυφλὸς
3352 840 3618 911 ἀνέϐλεψε
3660 842 3753 896 καὶ
3783 839 3965 905 δεξιὸν

2386 925 2556 1006 αὺτῆς
2588 939 2736 991 ἐστιν
2771 937 2800 989 6
2826 935 2991 1006 ἀγρὸς
3036 933 3129 987 τοῦ
3182 933 3508 1004 Κεραμέως,
3534 935 3591 987 ἐν
3615 926 3658 1001 ᾧ
3696 932 3964 1003 ἐδόθησαν

2386 1032 2455 1086 ea
2483 1031 2725 1104 ἀργύρια
2757 1032 2789 1101 ἡ
2816 1030 2949 1100 τιμὴ
2995 1027 3089 1082 τοῦ
3153 1025 3413 1099 Χριστοῦ,
3449 1026 3544 1081 καὶ
3583 1028 3875 1081 θάπτονται
3909 1027 3969 1078 oi.

2384 1123 2570 1192 νεκροὶ
2592 1123 2696 1183 τέως
2723 1123 2821 1193 τῆς
2871 1123 3142 1192 σήμερον⁸
3185 1122 3278 1174 καὶ
3324 1119 3500 1183 δεξιὸν
3550 1121 3714 1174 αὑτοῦ
3749 1121 3886 1172 εἰσιν
3910 1117 3966 1170 οἱ

2382 1214 2636 1285 ημοιρίχες
2665 1216 2741 1276 είς
2773 1211 2866 1276 οὒς
2902 1211 3101 1274 Ἰούδας
3135 1209 3440 1281 ἀπήγξατο.

2457 1305 2568 1356 Kal
2622 1290 2829 1357 νοτινδν
2893 1303 3060 1372 μέρος
3101 1302 3201 1369 τῆς
3263 1300 3426 1368 ἁγίας
3461 1306 3667 1361 πόλεως
3720 1297 3794 1360 ὡς
3849 1295 3966 1350 ἀπὸ

2383 1395 2584 1466 μιλίων
2678 1393 2772 1447 δύο
2836 1392 3205 1464 ’παράστρατά
3283 1394 3401 1444 ἐστι
3488 1390 3587 1460 τῆς
3680 1385 3886 1458 Ῥαχὴλ
3937 1388 3969 1439 6

2386 1488 2579 1555 τάφος.
2615 1485 2727 1539 Kal
2787 1485 2949 1538 πάλιν
2980 1485 3055 1547 ὡς
3088 1484 3194 1537 ἀπὸ
3259 1484 3453 1553 μιλίων
3483 1479 3544 1546 ἐξ
3578 1483 3725 1534 ἐστιν
3759 1483 3791 1549 ἡ
3822 1478 3963 1547 ἁγία

2387 1576 2656 1645 Βηθλεὲμ,
2700 1574 2846 1628 ἔνθα
2887 1575 3153 1646 ἐγεννήθη
3183 1577 3211 1628 6
3236 1575 3492 1645 Χριστὸς,
3543 1572 3806 1642 ἐκκλησία
3862 1586 3969 1640 με·

2386 1668 2526 1738 γάλη
2577 1667 2823 1736 σφόδρα,
2880 1667 2914 1736 ἡ
2969 1657 3256 1737 ύπεραγία
3301 1666 3583 1728 Θεοτόκος.
3645 1665 3754 1718 Kal
3821 1664 3966 1716 ὑπο-

2388 1759 2539 1814 κάτω
2581 1760 2680 1829 τῆς
2726 1756 3008 1830 τραπέζης
3077 1759 3191 1810 ἐστὶ
3221 1758 3279 1810 τὸ
3317 1757 3577 1828 σπήλαιον
3610 1757 3671 1809 τὸ
3718 1754 3965 1818 διπλοῦν,

2388 1852 2483 1905 καὶ
2534 1850 2613 1914 είς
2672 1850 2772 1920 μὲν
2794 1850 2853 1903 τὸ
2876 1849 3192 1904 ἀνατολικὸν
3239 1848 3405 1919 μέρος
3447 1849 3709 1918 ἐγεννήθη
3737 1848 3767 1902 6
3789 1849 3969 1916 Χρισ-

2388 1943 2502 2006 τός·
2537 1944 2620 2004 είς
2656 1941 2715 1994 δὲ
2752 1942 2812 1994 τδ
2841 1941 3057 1994 δυτικόν
3116 1940 3264 1993 ἐστιν
3299 1941 3330 2010 ἡ
3361 1938 3488 2008 ἁγία
3516 1940 3713 2007 φὰτνη,
3745 1937 3812 1990 τὰ
3867 1935 3966 1988 δύο

2390 2033 2632 2103 σπήλαια
2683 2032 2816 2100 ὁμοῦ
2863 2048 2879 2064 ·
2931 2033 3040 2084 είσὶ
3073 2032 3132 2085 δὲ
3162 2032 3650 2102 περιχρυσωμένα,
3685 2028 3780 2082 καὶ
3814 2031 3967 2081 εἰκο-

2389 2120 2618 2191 νισμένα
2647 2119 2830 2183 καθὼς
2870 2119 3135 2186 ἐγένοντο.
3168 2122 3278 2174 Kal
3297 2121 3436 2191 πρὸς
3474 2120 3535 2172 τὸ
3563 2119 3771 2188 βόρειον
3793 2120 3967 2188 μέρος

2387 2213 2480 2265 τοῦ
2524 2212 2793 2283 σπηλαίου
2849 2213 2968 2265 ἐστὶ
2994 2212 3054 2263 τὺ
3087 2212 3266 2281 φρέαρ
3294 2214 3351 2264 τὺ
3388 2211 3726 2282 ἁνὼρυκτον,
3759 2211 3853 2264 καὶ
3884 2211 3971 2274 είς

2388 2303 2448 2356 τὸ
2479 2303 2624 2374 ὕδωρ
2652 2301 2747 2354 τοῦ
2777 2303 3012 2372 φρέατός
3044 2302 3193 2354 ἐστιν
3223 2302 3253 2353 6
3284 2301 3461 2372 ἀστὴρ
3495 2303 3522 2354 6
3564 2300 3970 2370 συνοδοιπορῶν

2390 2397 2499 2449 τῶν
2533 2396 2762 2463 Μάγων.
2818 2393 2931 2448 Kal
2951 2387 3032 2457 είς
3058 2393 3118 2447 τὸ
3147 2394 3439 2466 ἀριστερὸν
3471 2395 3637 2464 μέρος
3667 2394 3763 2463 τῆς
3789 2394 3972 2462 αὐτῆς

2391 2487 2687 2557 ἐκκλησίας
2715 2488 2824 2540 eiul
2857 2486 2925 2539 τὰ
2972 2487 3166 2554 γονικὰ
3194 2487 3288 2558 τοῦ
3321 2487 3502 2552 Δαυῖδ,
3532 2487 3625 2538 καὶ
3657 2486 3792 2560 πρρς
3827 2487 3968 2538 ἁναι

2389 2574 2547 2643 τολὴν
2579 2573 2678 2641 τῆς
2701 2572 2950 2643 Βηθλεέμ
2977 2574 3091 2625 ἐστι
3121 2573 3183 2626 τὸ
3231 2573 3598 2644 μοναστήριον
3624 2574 3687 2626 τὸ
3727 2574 3968 2643 λεγόμε-

2390 2681 2478 2717 νον
2513 2665 2794 2734 Ποίμνιον,
2826 2663 2955 2718 ἔνθα
3002 2664 3180 2734 ἐφάνη
3214 2667 3241 2717 ὁ
3271 2664 3506 2732 ἄγγελος
3562 2666 3678 2726 τοῖς
3708 2663 3963 2734 ποιμέσι,

2390 2757 2484 2810 καὶ
2515 2752 2668 2810 εἷπεν
2700 2756 2888 2820 αὐτοῖς
2915 2773 2930 2791 ο
2957 2757 3284 2820 Παύσασθε
3330 2756 3796 2826 ἀγραυλοῦντες,
3821 2753 3969 2823 ινρά-

2390 2848 2533 2912 ξατε
2561 2849 2996 2915 ἁνυμνοῦντες.
3043 2850 3152 2903 Καὶ
3203 2848 3338 2920 πρὸς
3396 2849 3548 2903 νότον
3577 2849 3673 2919 τῆς
3711 2846 3968 2918 Βηθλεέμ

2390 2938 2593 2992 είσιτὰ
2614 2938 2707 2991 δύο
2744 2941 3085 3010 μοναστήρια
3132 2939 3226 2994 τοῦ
3291 2941 3446 3010 ἁγίου
3503 2941 3673 3007 Σὰϐα,
3732 2942 3826 2992 καὶ
3863 2937 3967 2992 τοῦ

2392 3031 2548 3100 ἁγίου
2573 3032 2910 3102 Χαρίτωνος.
2942 3033 3055 3086 Kal
3076 3031 3431 3104 νοτινὼτερον
3478 3033 3586 3086 τῶν
3613 3031 3792 3086 αὐτῶν
3861 3048 3968 3100 μο-

2389 3124 2723 3197 ναστηρίων,
2765 3123 2842 3187 ὡς
2873 3124 2982 3177 ἀπὸ
3013 3123 3206 3194 μιλίων
3235 3122 3349 3189 δύο,
3373 3124 3721 3179 κατοικοῦσιν
3781 3123 3967 3190 ἐτεροι

2387 3215 2481 3269 δύο
2511 3215 2776 3285 Πατέρες,
2835 3213 3113 3279 Διονύσιος
3167 3216 3262 3268 καὶ
3286 3214 3598 3277 Θεοδόσιος.

2458 3393 2569 3447 Kal
2594 3393 2728 3462 πρὸς
2760 3392 2920 3445 δύσιν
2956 3392 3058 3462 τῆς
3106 3393 3270 3461 ἁγίας
3332 3394 3542 3457 πόλεως
3594 3394 3822 3465 πλησίον
3853 3397 3968 3450 εἰσι

2390 3482 2631 3552 σπήλαια
2654 3482 2769 3545 δύο,
2805 3481 2999 3553 ἔχοντα
3015 3483 3246 3555 λείψανα
3273 3484 3380 3537 τῶν
3407 3486 3579 3554 ἁγίων
3603 3487 3832 3555 Νηπίων
3856 3486 3970 3540 τῶν

2389 3572 2790 3642 ἀναιρεθέντων
2824 3574 2928 3626 ὑπὸ
2992 3574 3256 3644 Ἡρώδου.
3316 3577 3430 3640 Kal
3481 3577 3598 3631 [art
3644 3580 3779 3649 πρὸς
3805 3579 3966 3632 δύσιν

2389 3665 2569 3717 αὐτῶν
2597 3665 2672 3726 ὡς
2694 3664 2802 3717 ἀπὸ
2863 3666 3055 3734 μιλίων
3093 3665 3173 3730 ἐξ.
3248 3667 3356 3719 Kal
3402 3667 3605 3722 ἔστιτὸ
3643 3670 3968 3739 Καρμήλιον

2388 3755 2515 3825 ὅρος
2555 3755 2625 3808 τὰ
2655 3755 2849 3822 γονικὰ
2873 3755 2967 3809 τοῦ
2996 3757 3316 3826 Προδρόμου
3341 3775 3354 3787 ·
3386 3759 3480 3810 καὶ
3511 3759 3646 3828 πρὸς
3675 3758 3828 3812 δύσιν
3864 3760 3968 3812 τοῦ

2387 3847 2714 3918 Καρμηλίου
2765 3846 2924 3917 ὅρους
2950 3848 3023 3911 ὡς
3049 3849 3158 3901 ano
3197 3849 3390 3916 μιλίων
3441 3849 3532 3916 ιη’,
3570 3850 3770 3919 ἐστὶνὴ
3826 3851 3964 3922 Ἐμ-

2392 3939 2588 4009 μαούς.
2617 3937 2789 3992 Ἔνθα
2813 3923 3165 4009 ὁδοιπόρησεν
3194 3940 3223 3992 6
3249 3939 3501 4003 Κλεόπας
3554 3939 3691 4011 μετὰ
3709 3940 3801 3993 τοῦ
3824 3942 3966 4012 Χρι-

2388 4027 2539 4095 στοῦ,
2567 4027 2661 4081 καὶ
2679 4028 2783 4081 οὑκ
2816 4027 2930 4100 ᾔδει
2968 4029 3048 4080 ὅτι
3082 4029 3110 4082 6
3147 4027 3380 4098 Χριστός
3407 4029 3542 4083 ἐστι.
3574 4029 3683 4082 Kal
3704 4029 3864 4082 πάλιν
3882 4031 3964 4094 ὡς

2388 4116 2598 4173 ἀπὸτοῦ
2612 4116 2774 4170 αὐτοῦ
2787 4118 2952 4171 τόπου
2963 4117 3054 4184 ,ὡς
3069 4119 3196 4189 ἁχρι
3216 4119 3407 4189 μιλίων
3422 4117 3705 4186 ὀκτὼ,ἐστὶ
3726 4122 3783 4170 τὸ
3799 4118 3969 4191 ‘Papa

2389 4209 2482 4263 ϐλε
2519 4209 2614 4262 καὶ
2639 4208 2865 4278 πλησίον
2894 4210 2985 4263 τοῦ
3022 4209 3252 4280 Ῥἀμδλε
3278 4209 3398 4263 ἐστὶ
3417 4211 3613 4281 χωρίον
3636 4209 3965 4279 ήΔιὰπολις.

2391 4301 2583 4354 Ἔστιν
2610 4303 2637 4354 ὀ
2667 4300 2818 4368 ἁγιος
2847 4301 3142 4372 Γεώργιος,
3169 4301 3295 4356 ἔνθα
3334 4302 3655 4355 κατάκειται
3685 4303 3743 4355 τὸ
3769 4302 3966 4373 λείψα-

2390 4409 2478 4444 νον
2511 4391 2604 4444 τοῦ
2647 4392 3140 4463 μεγαλομάρτυρος
3170 4393 3326 4462 ἁγίου
3349 4395 3647 4463 Γεωργίου,
3697 4394 3968 4467 ἐκκλησία

709 4493 928 4534 sacram
966 4496 1210 4537 mensam
1274 4485 1537 4540 collocata
1604 4502 1687 4542 es.
1744 4487 1922 4554 Rota;
1982 4491 2039 4544 in
2092 4491 2284 4546 dextra

2395 4484 2606 4553 μεγάλη
2641 4483 2805 4538 πάνυ.
2872 4486 2983 4537 Kal
3013 4486 3091 4546 είς
3127 4485 3196 4539 τὰ
3224 4484 3536 4555 τραπεζαία
3575 4486 3742 4555 αὐτῆς
3780 4489 3967 4541 κεῖται

709 4579 891 4626 autem
925 4572 1112 4641 templi
1165 4585 1321 4643 parte
1346 4584 1434 4630 est
1470 4578 1748 4643 columna,
1803 4579 1858 4631 in
1904 4596 2007 4648 qua
2061 4582 2282 4651 alligata

711 4658 892 4715 fuerat
925 4659 1086 4726 Rota,
1125 4671 1312 4731 atque,
1358 4666 1425 4720 ad
1468 4669 1648 4721 sancti
1681 4668 1998 4722 memoriam
2043 4686 2138 4740 per
2171 4680 2284 4728 tres

711 4749 877 4804 horas
924 4751 1150 4820 sanguis
1189 4753 1422 4806 scaturit
1455 4769 1469 4807 :
1505 4757 1561 4807 in
1598 4755 1783 4810 eadem
1821 4757 2078 4812 columna
2132 4777 2278 4815 mar—

711 4855 831 4894 mor
855 4848 939 4894 est
971 4847 1279 4910 pertusum,
1309 4843 1473 4898 edens
1513 4845 1649 4898 mira
1680 4848 1873 4916 signa;
1918 4856 1997 4913 ut,
2046 4850 2088 4905 si
2146 4865 2282 4906 con-

709 4928 890 4985 fessus
925 4938 1150 4998 peccata
1197 4929 1371 4987 fueris
1396 4972 1412 4997 ,
1469 4937 1808 5003 pertransire
1844 4939 2024 5007 possis
2077 4940 2281 5012 absque

709 5019 1105 5090 impedimento
1130 5039 1146 5090 ;
1181 5022 1270 5078 sin
1294 5025 1696 5082 confessionem
1728 5045 1834 5084 non
1849 5032 2141 5101 peregeris,
2163 5049 2290 5102 per-

710 5111 1242 5185 transirentequeas.
1263 5114 1385 5174 Jam
1418 5132 1547 5172 vero
1569 5119 1638 5174 ad
1668 5120 2002 5178 occidentale
2022 5124 2084 5179 Β.
2116 5124 2290 5180 Geor-

711 5202 787 5271 gii
856 5203 1023 5269 latus,
1069 5207 1294 5261 circiter
1324 5221 1381 5265 Iv
1443 5210 1600 5278 mill.,
1634 5221 1718 5265 est
1755 5227 1895 5282 aqua
1925 5215 2290 5284 probationis,

708 5301 762 5346 et
793 5292 1004 5361 lapides
1028 5296 1358 5366 sterilitatis,
1408 5301 1611 5370 probro
1635 5305 1947 5371 obstantes,
1978 5303 2046 5360 de
2082 5307 2284 5376 quibus

715 5382 874 5438 aiunt
900 5386 1183 5455 propheta
1220 5403 1235 5442 :
1259 5389 1485 5455 Quando
1513 5409 1608 5447 nos
1637 5397 1980 5465 tacuerimas,
2007 5398 2059 5450 Ιιί
2086 5397 2286 5466 lapides

709 5473 1191 5542 vociferabantar‘.
1243 5481 1325 5535 Ab
1353 5497 1557 5539 occasu
1616 5487 1807 5541 horum
1857 5489 1925 5546 ad
1979 5490 2143 5545 unius
2178 5490 2286 5546 diei

712 5566 1059 5623 intervallum
1108 5579 1192 5626 est
1239 5582 1478 5631 castrum
1509 5576 1885 5649 ,Ascalorum,
1940 5582 2033 5638 ubi
2077 5580 2284 5639 conditi

786 5745 802 5776 ‘
841 5741 976 5802 Luc.
1006 5761 1118 5811 xix,
1151 5731 1238 5803 4οξ

2391 4574 2418 4623 ό
2456 4571 2667 4641 τροχός.
2704 4571 2802 4635 Είς
2830 4573 2886 4626 δὲ
2926 4573 2996 4624 τὰ
3025 4571 3175 4635 δεξιὰ
3243 4572 3386 4642 μέρη
3439 4572 3534 4625 τοῦ
3574 4570 3702 4626 ναοῦ
3743 4571 3964 4626 ἵσταται

2393 4664 2551 4728 κίων,
2588 4665 2670 4725 είς
2709 4663 2768 4716 ὃν
2796 4663 2954 4734 ἐδέθη
3010 4667 3037 4716 6
3061 4663 3275 4733 τροχὸς,
3326 4665 3420 4716 καὶ
3449 4665 3528 4726 είς
3584 4664 3682 4734 τὴν
3737 4663 3965 4733 μνήμην

2391 4755 2483 4806 τοῦ
2514 4753 2680 4807 αὐτοῦ
2713 4756 2861 4823 τρεῖς
2890 4754 3039 4824 ὥρας
3083 4754 3237 4824 βρύει
3276 4755 3335 4807 τὸ
3363 4749 3525 4825 αἷμα.
3561 4755 3654 4817 Ei;
3673 4755 3765 4806 τὸν
3793 4753 3963 4807 αὑτὸν

2391 4845 2546 4900 κίονά
2570 4848 2686 4898 ἐστι
2723 4847 3016 4916 μάρμαρον
3050 4849 3484 4916 τετρυπημένον,
3520 4845 3706 4899 ποιοῦν
3731 4848 3960 4916 σημεῖα,

2389 4940 2484 4992 ἐὰν
2511 4938 2902 5008 ἐξαγορεύσης,
2943 4935 3166 4989 δύνασαι
3213 4937 3440 4990 διελθεῖν
3495 4935 3794 4998 ἀκωλύτως
3865 4936 3966 4990 καὶ

2391 5029 2630 5090 εὐκόλως
2650 5068 2667 5094 ,
2697 5029 2746 5079 εἱ
2797 5027 2855 5079 δὲ
2887 5027 2988 5080 οὐκ
3034 5026 3424 5099 ἐξαγορεύσῃς,
3452 5025 3680 5081 διελθεῖν
3714 5027 3774 5079 οὐ
3796 5026 3962 5099 δύνᾳο

2393 5137 2513 5182 σας.
2562 5119 2675 5172 Kal
2710 5118 2846 5184 πρὸς
2879 5119 3028 5170 δύσιν
3058 5117 3150 5170 τοῦ
3187 5119 3342 5186 ἁγίου
3399 5119 3691 5189 Γεωργίου,
3719 5119 3796 5181 ὡς
3849 5118 3963 5172 ἁπδ

2394 5212 2586 5284 μιλίων
2625 5211 2927 5280 τεσσάρων,
2971 5212 3088 5264 ἐστὶ
3118 5211 3179 5264 τὸ
3208 5210 3352 5280 ὕδωρ
3381 5211 3480 5281 τῆς
3508 5283 3510 5285 η
3541 5210 3825 5278 ἐλέγξεως,
3861 5210 3959 5263 καὶ

2391 5308 2440 5359 oi
2491 5303 2699 5359 ἁτόκιοι
2748 5303 2906 5366 λίθοι,
2966 5299 3046 5365 οἷς
3091 5303 3339 5370 λέγουσιν
3378 5303 3427 5356 oi
3486 5303 3780 5375 προφῆται·
3814 5301 3956 5357 Ὅτε

2392 5397 2568 5466 ἡμεῖς
2615 5394 3032 5462 σιωπήσομεν,
3093 5397 3148 5447 οί
3198 5395 3360 5450 λίθοι
3411 5389 3577 5450 οὗτοι
3614 5392 3961 5462 κράξονται.

2391 5491 2501 5545 Καὶ
2523 5487 2743 5541 δυτικδν
2798 5485 2979 5540 αὐτῶν
3017 5486 3092 5549 ὡς
3147 5485 3475 5557 ἡμερούσιον
3539 5485 3815 5554 διάστημὰ
3842 5486 3960 5538 ἐστ.

2391 5581 2453 5635 τό
2506 5581 2745 5650 κάστρον
2818 5581 2846 5632 6
2896 5577 3205 5646 Ἀσκαλὼν,
3258 5579 3386 5634 ἔνθα
3445 5579 3648 5634 κεῖνται
3697 5576 3746 5631 oi
3810 5574 3960 5647 ἅγιοι
