4148 6334
193 363 298 425 Ξ65

1455 370 1900 433 ENARRATIO
1940 373 2207 435 SYRIE.

3321 386 3424 448 266

204 479 527 547 -Λνάργυροι
564 473 793 542 Κοσμᾶς
844 472 936 524 καὶ
977 473 1268 543 Δαμιανός.
1314 478 1501 532 Ἔστιν
1531 481 1559 532 6
1592 484 1754 546 τόπος

1857 501 1982 542 sunt
2007 489 2332 543 sanctissimi
2383 489 2506 555 viri,
2542 490 2831 563 Anargyri,
2870 493 3097 551 Cosmas
3124 507 3178 551 et
3210 498 3424 553 Damia-

189 570 326 620 ὅτου
391 566 708 635 ὴπήντησεν
753 564 956 637 Ἰωσὴφ
1006 565 1098 618 τὸν
1157 568 1368 636 πατέρα
1403 571 1591 636 αὐτοῦ,
1664 578 1759 626 καὶ

190 656 601 725 προσεκύνησεν
627 654 718 706 ἐπὶ
751 653 812 705 :6
850 654 1019 722 ἄκρον
1044 656 1139 723 τῆς
1169 656 1368 727 ῥάϐδου
1424 660 1613 725 αὑτοῦ,
1663 666 1759 716 καὶ

188 747 413 815 ἐποίησε
466 745 558 796 τδν
606 744 921 814 ἀσπασμόν,
976 729 1086 800 Kal
1117 748 1199 811 είς
1253 749 1345 801 τὸν
1378 750 1542 802 αὐτὸν
1593 754 1761 806 τόπον

188 837 455 905 ἐγεύσατο
493 839 526 906 ﬁ
560 837 834 909 ύπεραγία
865 839 1124 904 Θεοτόκος
1157 842 1295 911 μετά
1317 841 1409 893 τοῦ
1447 841 1642 913 Ἰωσὴφ
1674 847 1766 897 καὶ

188 930 283 983 τοῦ
309 928 442 982 Υἱοῦ
471 929 640 999 αὐτῆς
669 931 753 993 είς
781 932 838 983 τε)
859 932 1095 1002 κάστρον
1114 931 1175 985 :6
1206 932 1589 1004 ἐπιλεγόμενον
1617 936 1764 1006 Φαρο·

190 1017 287 1083 μὰ,
329 1018 363 1086 ἡ
397 1018 541 1088 ἁρχὴ
564 1019 663 1086 τῆς
690 1019 988 1087 Αἰγύπτου.

260 1109 367 1160 Kal
432 1111 569 1177 πρὸς
628 1111 782 1163 δύσιν
818 1111 893 1174 ὡς
944 1112 1073 1182 ἄχρι
1124 1112 1348 1185 ἡμερῶν
1400 1112 1492 1166 δύο
1547 1114 1666 1167 ἐστὶ
1703 1114 1762 1167 :6

186 1200 484 1269 Ταμιάθιν,
524 1202 556 1270 ἡ
594 1202 780 1270 ἑξορία
825 1203 919 1254 τοῦ
980 1205 1243 1274 Χριστοῦ,
1296 1205 1533 1274 κάστρον
1595 1206 1758 1275 μέγα.

187 1292 298 1344 Kal
352 1293 489 1360 πρὸς
546 1292 699 1345 δύσιν
757 1293 924 1348 αὐτοῦ
970 1296 1197 1366 ἡμερῶν
1232 1298 1517 1366 τεσσάρων
1547 1299 1759 1366 ἐστ).νὴ

186 1384 341 1444 πόλις
377 1382 770 1454 Ἀλεξάνδρεια,
821 1386 949 1437 ἔνθα
1006 1388 1326 1440 κατάκειται
1359 1390 1385 1439 ὁ
1422 1387 1574 1454 ἆγιος
1602 1388 1759 1455 Μάρ-

189 1491 283 1537 κος
303 1477 333 1528 6
364 1476 662 1539 ἀπόστολος
702 1478 796 1531 καὶ
828 1478 1263 1549 ,εὐαγγελιστὴῇ
1298 1479 1392 1531 καὶ
1441 1479 1760 1541 Ἀθανάσιος

184 1567 213 1619 6
247 1567 447 1635 μέγας,
508 1571 599 1621 καὶ
642 1568 884 1637 Τρώῖλος
913 1571 1082 1633 ὅσιος,
1124 1572 1217 1622 καὶ
1246 1573 1273 1623 ό
1319 1572 1475 1638 ἆγιος
1510 1571 1760 1640 Ἰωάννης

184 1658 213 1707 6
250 1657 559 1725 Ἐλεήμων,
588 1658 685 1710 καὶ
713 1659 742 1708 6
772 1657 926 1725 άγιος
960 1659 1184 1729 Πέτρος,
1213 1659 1273 1711 :6
1309 1660 1460 1721 τέλος
1481 1660 1590 1711 τῶν
1618 1677 1759 1729 μαρο

184 1747 385 1816 τύρων,
416 1749 511 1799 καὶ
536 1750 562 1799 6
612 1747 987 1818 Ἀπολινάριος
1018 1752 1045 1802 6
1092 1750 1390 1820 ὀρθόδοξος,
1432 1752 1525 1802 καὶ
1558 1751 1584 1801 6
1610 1752 1756 1813 ὅσιος

1870 594 1990 632 nus.
2021 579 2114 634 Est
2145 580 2306 635 etiam
2360 581 2536 645 locus,
2592 583 2682 637 ubi
2731 584 3004 654 Iosephus
3039 593 3179 657 patri
3212 590 3421 645 obviam

1866 669 2033 732 venit,
2056 680 2111 723 et
2146 673 2196 722 in
2224 670 2388 739 virgze
2414 673 2586 741 ipsius
2621 675 2935 730 summitate
2968 678 3237 743 adoravit,
3259 694 3320 733 ac
3341 695 3427 733 sa-

1866 758 2179 812 lutationem
2226 763 2642 833 amplexumque
2669 766 2897 835 peregit.
2932 767 3048 823 lIoc
3080 770 3268 824 eodem
3305 771 3425 825 loco

1870 844 2180 898 beatissima
2217 849 2439 917 Deipara
2494 854 2673 907 cibum
2730 858 2965 926 sumpsit
3015 874 3139 913 cum
3186 858 3425 931 Josepho

1866 944 1918 986 et
1948 932 2079 987 Filio
2110 937 2175 989 ad
2205 940 2511 1005 castellum,
2541 957 2910 1015 nuncupatum
2941 948 3176 1005 Phartna
3216 968 3232 1007 :
3260 955 3425 1023 atquo

1869 1025 1970 1076 hoc
2004 1023 2218 1094 IEgypti
2254 1028 2464 1081 initium
2494 1042 2597 1085 est.

1936 1114 2073 1203 Hinc
2105 1117 2172 1170 ad
2203 1132 2487 1184 occasum.
2518 1124 2691 1191 spatio
2723 1143 2888 1199 prope
2918 1130 3147 1186 duorum
3188 1136 3420 1203 dierum,

1864 1213 1948 1258 est
1984 1202 2317 1272 Tamiathin,
2349 1210 2601 1263 exsilium
2635 1214 2855 1281 Christi,
2889 1223 3168 1278 castellum
3203 1202 3418 1297 ingens.

1863 1294 2001 1349 Tum
2052 1297 2117 1350 ad
2158 1299 2439 1353 occiduam
2483 1303 2601 1370 ejus
2653 1317 2881 1373 partem,
2933 1321 3164 1380 quatuor
3200 1294 3420 1373 circiter

1864 1386 2075 1439 dierum
2101 1388 2406 1479 intervallo.
2443 1392 2544 1444 sita
2579 1402 2661 1447 est
2683 1396 2811 1451 urbs
2832 1400 3179 1470 Alexandria,
3209 1410 3299 1463 ubi
3333 1411 3419 1479 ja-

1862 1485 1987 1531 cent
2018 1479 2077 1532 B.
2106 1478 2320 1535 Marcus
2336 1486 2615 1551 apostolus
2638 1494 2690 1539 et
2714 1493 3070 1558 evangelista,
3101 1476 3416 1557 etAthana-

1862 1570 1976 1624 sius
2031 1570 2296 1645 Magnus,
2364 1589 2428 1628 ac
2489 1579 2816 1634 venerabilis
2897 1582 3133 1653 Troilus,
3208 1606 3419 1647 necnon

1862 1671 2083 1717 sanctus
2117 1661 2354 1719 JOannes
2389 1664 2668 1734 Eleemon,
2711 1684 2762 1725 et
2792 1670 2851 1725 B.
2896 1673 3089 1730 Petrus
3123 1691 3418 1750 martyrum

1863 1753 2147 1817 terminus,
2190 1764 2243 1808 et
2285 1756 2657 1825 Apollinarius
2721 1764 3077 1833 orthodoxus,
3125 1778 3179 1823 et
3210 1772 3426 1827 confes-

185 1834 437 1897 Βιτάλιος
470 1851 485 1867 ·
517 1835 611 1887 καὶ
640 1838 695 1888 al
723 1837 884 1888 πέντε
912 1837 1173 1907 παρθένοι
1214 1840 1417 1901 αἵτινες
1468 1840 1754 1908 γεγόνασιν

1865 1856 1956 1897 sor
1992 1841 2245 1910 Vitalius,
2280 1857 2335 1900 et
2374 1848 2617 1918 quinque
2647 1851 2879 1920 virgines
2936 1831 3069 1925 quae»
3097 1861 3423 1916 conforma-

185 1930 266 1993 ti;
293 1928 464 1982 τύπον
490 1928 599 1981 τῶν
638 1932 799 1982 πέντε
825 1930 1110 2000 παρθένων
1156 1930 1264 1984 τῶν
1298 1932 1602 2002 φρονίμων.
1648 1934 1758 1987 Kal

184 2024 265 2084 είς
293 2020 387 2075 τὸν
416 2020 611 2089 λιμένα
655 2023 755 2090 τῆς
796 2022 1206 2092 ’Δλεξανδρείας
1269 2024 1483 2076 ἵσταται
1538 2022 1752 2093 πύργος

185 2113 212 2163 6
244 2109 537 2180 λεγόμενος
585 2111 787 2181 Φάρας,
838 2112 899 2165 τὸ
968 2113 1186 2183 πρῶτον
1250 2113 1460 2182 θαῦμα.
1512 2115 1669 2167 Ἐστι
1700 2115 1759 2167 δὲ

185 2201 527 2272 κεκτημένον
599 2202 705 2254 61:6
782 2201 937 2253 ὑέλου
1025 2204 1118 2255 καὶ
1173 2204 1447 2273 μολίϐδου,
1510 2202 1650 2273 ἔχων
1698 2204 1759 2257 τὸ

184 2294 319 2363 ὕψος
393 2295 713 2365 τριακοσίας
784 2294 843 2360 ἓξ
901 2295 1149 2364 ὀργυιάς.
1230 2298 1340 2349 Ka‘t
1415 2297 1551 2364 πρὸς
1607 2295 1759 2349 δύσιν

184 2388 285 2456 τῆς
352 2386 809 2455 Ἀλεξανδρείας,
876 2387 952 2450 ὡς
1011 2388 1121 2439 άπὸ
1183 2385 1375 2456 μιλίων
1431 2387 1589 2439 ἐννέα
1640 2390 1757 2439 κετ-

183 2495 276 2532 ται
308 2480 511 2545 ὸᾶγιος
570 2480 782 2547 Μηνᾶς.
845 2479 958 2531 Kal
1006 2478 1126 2546 μεθ’
1180 2479 1342 2546 ἔτερα
1417 2477 1550 2529 ἄλλα
1601 2477 1756 2531 ἐννέα

186 2570 344 2640 μίλια
394 2574 574 2622 κεῖται
622 2571 820 2639 ήάγία
874 2568 1218 2638 Θεοδώρα.ή
1281 2569 1752 2637 μετονομασοείσα

179 2659 483 2729 Θεόδωρος,
524 2661 646 2727 ἣτις
675 2660 769 2711 καὶ
796 2658 1258 2727 κατηγορηθεῖσα.
1298 2657 1403 2709 Καὶ
1442 2658 1576 2727 πρὸς
1603 2656 1753 2708 νότον

184 2754 285 2822 τῆς
320 2750 731 2823 ’Λλεξανδρείας
765 2751 988 2819 ἡμερῶν
1011 2748 1071 2813 ἒξ
1102 2750 1280 2801 κεῖται
1313 2753 1340 2799 6
1373 2749 1524 2815 ἅγιος
1552 2746 1753 2801 Μακά-

189 2859 301 2911 ριος
326 2842 355 2892 ό
380 2843 577 2910 μέγας,
603 2844 630 2893 6
678 2840 982 2908 πλησιάσας
1010 2840 1100 2891 τὸν
1128 2839 1477 2908 παράδεισον.
1507 2839 1662 2907 Ἔχει
1696 2839 1751 2890 δὲ

183 2934 217 3000 ὴ
255 2930 423 2984 αὑτοῦ
477 2932 611 3000 μονὴ
660 2929 901 2991 άδὸάδας
949 2928 1155 2997 χιλίους
1210 2928 1303 2987 καὶ
1370 2928 1513 2996 χίλια
1541 2928 1750 2981 κελλία.

190 3023 352 3076 Ἔστι
380 3022 435 3072 δὲ
467 3021 819 3090 ἰδιὸκαστρον.
852 3021 959 3071 Kal
998 3019 1104 3073 ἀπὸ
1127 3018 1220 3071 τοῦ
1253 3019 1405 3086 ἁγίου
1439 3020 1747 3088 Μακαρίου,

183 3113 262 3175 ὡς
292 3112 400 3166 67:6
443 3111 666 3181 ἡμερῶν
705 3110 1010 3179 τεσσάρων,
1056 3111 1193 3163 είσὶν
1223 3110 1275 3161 ai
1326 3109 1601 3176 άποθῆκαι
1657 3108 1749 3161 τοῦ

1860 1947 1987 1989 runt
2017 1952 2076 1989 se
2104 1937 2169 1991 ad
2208 1953 2385 1993 mores
2422 1941 2687 2009 virginum
2725 1945 3099 2013 prudentium.
3142 1953 3322 2021 Atque
3352 1956 3420 2010 ad

1858 2034 2077 2093 portum
2109 2026 2451 2083 Alexandriae
2484 2041 2689 2085 structa
2720 2036 2886 2089 turris
2927 2046 3031 2103 est,
3076 2056 3196 2109 qute
3218 2044 3420 2099 dicitur

1858 2111 2084 2177 Pharas,
2108 2114 2340 2181 primum
2364 2115 2504 2171 inter
2526 2120 2807 2174 miracula.
2830 2123 2921 2175 Est
2937 2134 3111 2179 autem
3133 2143 3421 2198 coagmen-

1859 2213 1966 2258 tata
2004 2205 2140 2261 vitro
2175 2214 2228 2260 et
2282 2208 2539 2277 plumbo,
2574 2212 2628 2263 in
2670 2211 3009 2267 altitudinem
3050 2225 3418 2275 trecentarum

1858 2308 1954 2349 sex
1983 2295 2255 2347 ulnarum.
2296 2294 2502 2351 Deinde
2556 2297 2621 2351 ad
2673 2298 3007 2354 occidentem
3055 2302 3418 2368 Alexandria,

1858 2395 2114 2452 tanquam
2159 2384 2347 2438 millib.
2390 2401 2609 2451 novem,
2670 2388 2807 2444 situs
2858 2398 2943 2445 est
2986 2389 3041 2445 S.
3076 2392 3281 2448 Menas.
3333 2396 3422 2451 Ul-
3510 2400 3515 2407 '

1857 2473 2027 2527 terius
2081 2472 2206 2527 aliis
2239 2488 2292 2527 ιι
2324 2474 2452 2528 mill.
2503 2478 2739 2544 peractis
2776 2480 2995 2534 condita
3026 2491 3108 2535 est
3142 2480 3197 2537 S.
3242 2483 3422 2540 Theo-

1856 2565 2009 2626 dora,
2053 2579 2170 2632 qua:
2232 2575 2438 2619 mutato
2490 2567 2707 2619 nomine
2740 2568 2883 2622 dicta
2934 2581 3014 2625 εει
3057 2571 3415 2639 Theodorus,

1852 2667 1904 2710 ct
1994 2666 2272 2711 accusata.
2345 2658 2481 2711 llinc
2554 2656 2622 2711 ad
2676 2659 2956 2713 meridiem
3032 2661 3415 2728 Alexandriae,

1854 2746 2096 2814 quinque
2145 2746 2353 2801 dierum
2397 2747 2596 2816 Spatio,
2643 2758 2886 2803 remotus
2922 2761 3005 2805 est
3045 2751 3100 2806 S.
3148 2752 3415 2809 Macarius

1852 2834 2102 2905 Magnus,
2129 2838 2219 2905 qui
2248 2837 2501 2905 paradiso
2525 2839 3010 2907 appropinquavit.
3031 2842 3200 2909 Lujus
3224 2861 3416 2899 mona-

1854 2927 2083 2981 sterium
2128 2926 2353 2981 abbates
2400 2927 2546 2979 mille
2602 2929 2849 2981 continet
2890 2938 2943 2983 et
2994 2931 3141 2985 mille
3169 2934 3416 2989 cellulas.

1853 3012 1949 3066 Est
1980 3023 2161 3067 autem
2209 3028 2304 3081 per
2361 3028 2419 3067 se
2465 3014 2770 3067 castellum.
2817 3017 2849 3069 l:
2880 3032 2950 3069 2m
3002 3036 3028 3070 a
3075 3020 3132 3073 S.
3182 3021 3418 3079 Macario

1854 3104 2076 3165 distant,
2117 3104 2305 3157 itinere
2330 3103 2541 3157 dierum
2598 3114 2853 3173 quatuor,
2907 3108 3230 3176 repositoria
3259 3128 3417 3167 xxxvt

200 3160 401 3272 Ἰωσὴφ
435 3160 495 3255 al
518 3160 812 3270 τριάκοντα
854 3160 914 3264 ἒίξ
939 3216 951 3228 ·
985 3160 1079 3254 alal
1111 3202 1174 3254 ὲκ
1204 3201 1312 3253 τῶν
1340 3160 1520 3253 ἐκεῖσε
1550 3201 1753 3270 περνᾷς

1856 3196 2077 3264 Josephi
2099 3212 2111 3247 :
2136 3210 2199 3248 ex
2229 3195 2405 3263 iisque
2429 3194 2561 3248 locis
2593 3197 2987 3263 praetorve-here
3004 3211 3155 3267 potes
3194 3201 3416 3257 ﬂuvium

186 3294 281 3346 τὸν
314 3294 561 3362 ποταμὸν
588 3292 679 3344 τὸν
704 3288 883 3343 Φισὼν
943 3292 1023 3353 εἰς
1054 3290 1299 3359 γέφυραν
1343 3288 1754 3360 βασταζομένην

187 3385 293 3437 ὑπὸ
324 3384 652 3451 ὀγδοήκοντα
676 3382 951 3449 καράϐων.

257 3476 370 3528 Kal
404 3474 615 3526 ὲκείθεν
675 3473 987 3541 εἰσέρχεσαι
1037 3472 1133 3538 τὴν
1168 3471 1411 3538 μεγάλην
1440 3470 1749 3531 Βαϐυλῶνα,

183 3568 267 3625 είς
304 3566 365 3617 :6
392 3563 657 3633 βασίλειον
679 3562 771 3614 τοῦ
803 3560 1020 3629 Φαραώ.
1071 3561 1179 3611 Καὶ
1210 3560 1344 3629 πρὸς
1366 3560 1631 3627 ἀνατολὴν
1657 3559 1753 3627 τῆς

186 3655 529 3719 Βαὸυλῶνος,
557 3652 632 3714 ὡς
663 3652 771 3705 άπὸ
831 3651 1020 3719 μιλίων
1040 3650 1117 3714 ἓξ,
1168 3653 1340 3702 κεῖται
1380 3651 1408 3701 6
1439 3649 1594 3712 ἅγιος
1653 3649 1751 3715 p.51-

186 3763 289 3814 γας
324 3746 615 3814 ’Δρσένιοςο
651 3744 747 3795 καὶ
781 3743 888 3794 απὸ
920 3741 1378 3809 ἀνατολικώτερον
1425 3740 1586 3815 αὑτοῦ
1621 3740 1752 3807 qua.

188 3838 300 3905 ρῶν
337 3836 621 3902 τεσσάρων
681 3837 858 3885 κεῖται
888 3835 915 3885 6
944 3834 1095 3898 ἅγιος
1141 3830 1446 3891 ’Λντώνιος.
1499 3828 1633 3880 Ἀπὸ
1692 3829 1749 3881 δὲ

182 3927 281 3981 τού
316 3927 470 3993 ἁγίου
520 3925 810 3976 Ἀντωνίου
844 3924 919 3986 ὼς
969 3923 1074 3975 άπὸ
1141 3921 1365 3991 ἡμερῶν
1396 3920 1679 3972 δύο-ἐστὶν
1715 3922 1748 3988 ὴ

198 4017 435 4087 Ἐρυθρὰ
459 4015 722 4077 θάλασσα,
760 4014 854 4066 καὶ
884 4016 911 4064 6
935 4013 1077 4073 λίθος
1098 4013 1226 4064 ἔνθα
1261 4010 1392 4079 ἔστη
1424 4013 1451 4061 6
1485 4009 1745 4077 Μωῦσῆς,

186 4110 282 4161 καὶ
339 4105 656 4175 σφραγῐζων
699 4103 795 4172 τὴν
850 4102 1145 4165 θάλασσαν,
1196 4101 1271 4163 ὡς
1331 4102 1609 4169 σχισθείσα
1670 4099 1749 4160 εἰς

184 4200 454 4269 τμήματα
517 4196 723 4247 δώδεκα
787 4195 929 4246 κατὰ
962 4194 1152 4263 φυλὴν,
1202 4194 1298 4245 καὶ
1332 4191 1577 4259 περάσας
1614 4191 1750 4257 μετά

188 4289 282 4340 τοῦ
301 4286 431 4339 λαοῦ
460 4285 648 4338 αὑτοῦ.
680 4281 788 4337 Ἦν
812 4284 867 4336 δὲ
898 4284 957 4335 τὸ
985 4284 1211 4354 πέραμα
1235 4282 1387 4351 μίλια
1425 4280 1557 4332 δέκα
1585 4278 1747 4333 ὀκτώ.

202 4379 402 4446 Ἐγγύς
438 4376 495 4428 δὲ
532 4376 628 4443 τῆς
652 4372 822 4441 αὐτῆς
873 4372 1081 4444 πέτρας
1111 4372 1237 4424 ἔνθα
1261 4373 1289 4423 6
1326 4370 1567 4438 Μωῦσῆς
1596 4370 1747 4435 ἔστη,

193 4471 277 4539 ῥεῖ
307 4466 367 4518 τὸ
410 4465 749 4533 πετρέλαιον.
815 4462 1076 4525 Ἐξελθὼν
1105 4461 1160 4513 δὲ
1194 4464 1369 4514 ἐκεῖσε
1406 4462 1750 4529 κατήντησαν

1857 4480 1951 4519 sus
1989 4464 2054 4517 ad
2099 4462 2298 4516 llaithu
2340 4461 2556 4517 devenit
2603 4480 2616 4515 :

190 4561 269 4619 εἰς
313 4554 557 4611 Ῥ.ῑοοὺ.
598 4553 729 4607 ἔνθα
784 4553 1136 4626 ἀνῃρήθηοαν
1160 4553 1209 4604 οί
1235 4552 1547 4604 ἑπτακόσιοι
1576 4552 1752 4604 Παιέ-

194 4663 282 4718 ρες
315 4646 422 4697 ὑπὸ
476 4644 580 4696 τῶν
640 4643 960 4715 Βαρϐάρων.
1014 4644 1103 4695 Ἐν
1133 4642 1323 4712 ἐκείνῳ
1370 4641 1425 4694 δὲ
1482 4640 1557 4710 τῷ
1601 4640 1754 4709 τόπῳ

190 4739 307 4790 ἐστὶ
356 4739 451 4789 xal
481 4738 513 4805 ὴ
548 4735 848 4807 άκρὸτομος
896 4735 1089 4804 πέτρα,
1125 4735 1193 4805 ἣν
1216 4734 1486 4797 ἐπάταξεν
1518 4736 1544 4786 6
1567 4734 1749 4802 [Μωῦ-

193 4831 314 4899 σῆς,
352 4826 445 4879 καὶ
504 4826 782 4895 ἐρρύησαν
815 4823 1008 4877 ὓδατα.
1050 4826 1157 4878 Kal
1179 4826 1242 4876 ὲκ
1267 4822 1360 4876 τοῦ
1388 4822 1550 4875 αὑτοῦ
1585 4825 1749 4874 τόπου

190 4921 265 4982 ὡς
300 4919 408 4974 ἀπὸ
439 4917 664 4987 ἡμερῶν
691 4917 851 4971 πέντε
883 4917 1001 4967 ἐστὶ
1025 4916 1085 4967 :6
1111 4916 1243 4968 Σινᾶ
1266 4915 1410 4983 ὅρος,
1468 4916 1600 4965 ὅπου
1630 4914 1752 4964 ἐλά-

191 5013 356 5081 λησεν
383 5013 412 5062 ό
449 5010 582 5073 Θεὸς
607 5010 685 5077 τῷ
714 5010 944 5078 Μωῦσῇ,
968 5008 1065 5060 καὶ
1089 5004 1197 5060 εἶδε
1218 5008 1285 5058 τά
1316 5005 1538 5058 ὀπίσθια
1561 5003 1746 5055 αὐτοῦ.

189 5102 301 5154 Kal
342 5100 569 5169 πλησίον
622 5100 790 5152 αὑτοῦ
854 5102 969 5152 ἐστι
996 5100 1056 5151 :6
1094 5098 1479 5167 μοναστήριον,
1523 5098 1551 5146 6
1598 5095 1751 5161 ἆγιος

190 5190 383 5254 Βάθος,
444 5188 538 5240 καὶ
580 5191 607 5241 6
668 5190 812 5251 λίθος
859 5190 985 5242 ἔνθα
1033 5189 1162 5259 ἔστη
1218 5188 1477 5256 Μωῦσῆς,
1534 5186 1751 5254 θεωρῶν

190 5283 286 5352 τὴν
317 5280 476 5349 βάτον
506 5279 821 5346 καιομένην,
852 5281 945 5330 καὶ
987 5279 1060 5348 μὴ
1102 5277 1609 5345 καταφλεγομένην.
1643 5274 1750 5325 Kal

192 5371 419 5440 πλησίον
480 5367 570 5419 τοῦ
633 5370 1002 5437 μοναστηρίου
1056 5370 1268 5438 ἐστινὴ
1322 5369 1573 5435 κάμινος,
1621 5363 1751 5416 ἔνθα

193 5455 499 5531 ἐχώνευσαν
536 5457 598 5509 :6
626 5459 847 5527 χρυσίον
876 5460 968 5510 καὶ
1004 5461 1063 5511 :6
1094 5458 1380 5528 ἀργύριον,
1435 5459 1528 5509 καὶ
1559 5454 1748 5524 ἐξῆ).οε

189 5556 252 5606 :6
276 5552 589 5621 βούκρανον,
612 5551 691 5612 είς
720 5549 748 5600 6
780 5552 1104 5607 ἐπίστευσαν
1148 5553 1225 5615 ὡς
1254 5551 1380 5621 θεῷ.
1414 5552 1521 5602 Kal
1552 5551 1631 5611 είς
1661 5549 1752 5600 τὸν

196 5645 355 5699 αὑτὸν
384 5647 550 5698 τόπον
578 5644 717 5696 εἰσὶν
738 5643 787 5694 oi
816 5643 977 5710 τάφοι
1004 5644 1112 5696 τῶν
1129 5643 1398 5711 Ἐϐραίων
1421 5644 1528 5695 τῶν
1560 5641 1749 5705 ἐξακο-

196 5735 323 5789 σίων
347 5735 684 5804 ὀγδοήκοντα
714 5732 986 5802 χιλιάδων.
1030 5735 1138 5785 Καὶ
1184 5734 1413 5801 πλησίον
1465 5734 1557 5787 τοῦ
1588 5749 1751 5802 μονα·

466 5827 739 5886 Pn'noL.
770 5827 884 5884 Gtt.
914 5824 1097 5884 CXX.

1859 3285 2083 3348 Phison,
2137 3288 2203 3339 ad
2254 3294 2471 3352 pontem
2519 3285 2611 3353 qui
2667 3287 2972 3343 sustinetur
3025 3290 3089 3341 ad
3143 3294 3416 3363 octoginta

1857 3376 2111 3446 navigiis.

1924 3470 2103 3536 Atque
2136 3465 2260 3520 inde
2288 3466 2587 3536 ingrederis
2618 3466 2944 3537 Babylonem
2976 3487 3245 3540 magnam,
3275 3475 3416 3530 Pha-

1856 3557 2038 3610 raonis
2082 3556 2306 3625 regiam.
2354 3555 2436 3609 Ad
2490 3557 2755 3611 orientem
2789 3573 2918 3612 vero
2952 3558 3267 3631 Babylonis,
3300 3565 3413 3618 cir-

1856 3646 1990 3699 citer
2019 3662 2069 3699 vt
2098 3647 2291 3699 tnillib.
2321 3645 2579 3702 conditus
2605 3657 2690 3702 est
2714 3650 3098 3705 sanctissimus
3119 3656 3411 3709 Arsenius:

1856 3748 1910 3791 et
1947 3754 1974 3789 a
2004 3738 2251 3806 partibus
2283 3739 2404 3808 ejus
2435 3742 2607 3809 magis
2642 3743 3001 3797 orientalibus
3036 3729 3271 3813 quatuor
3299 3748 3416 3802 die-

1854 3842 1973 3880 rum
2003 3829 2288 3882 intervallo
2320 3832 2457 3882 situs
2484 3840 2567 3884 est
2604 3832 2793 3885 beatus
2823 3834 3113 3888 Antonius.
3151 3838 3191 3887 Δ
3224 3848 3413 3893 sancto

1850 3920 2087 3973 Antonio
2108 3919 2254 3973 bidui
2279 3918 2447 3972 ferme
2482 3921 2674 3973 itinere
2696 3925 2938 3975 occurrit
2966 3940 3113 3975 mare
3142 3923 3407 3991 Rubrum,

1853 4023 1915 4063 ac
1938 4025 2129 4063 saxum
2161 4009 2250 4061 ubi
2277 4010 2424 4063 stetit
2457 4008 2670 4079 Moysus
2705 4020 2757 4065 et
2789 4012 2934 4083 virga
2970 4015 3205 4083 signavit
3238 4033 3409 4079 mare;

1852 4102 1997 4169 quod
2060 4112 2268 4154 sectum
2309 4111 2391 4154 est
2444 4101 2497 4153 in
2534 4117 2607 4154 xu
2654 4111 2858 4170 partes,
2896 4100 3012 4172 pro
3054 4108 3264 4159 ratione
3314 4107 3411 4159 tri-

1853 4196 2018 4247 buum
2049 4209 2062 4244 :
2099 4192 2325 4261 proinde
2367 4192 2581 4260 trajecit
2624 4208 2835 4265 aequor,
2869 4210 2989 4248 cum
3032 4196 3231 4264 pol»qu
3281 4211 3405 4253 suo.

1853 4281 1975 4337 Fuit
1999 4284 2259 4351 trajectus
2294 4282 2383 4337 ille
2422 4298 2556 4336 xvnt
2591 4283 2724 4337 mill.
2753 4283 2916 4337 Juxta
2940 4301 3130 4339 saxum
3174 4288 3327 4351 illud,
3354 4290 3409 4344 in

1854 4386 1963 4440 quo
1987 4374 2250 4441 propheta
2283 4372 2547 4436 coastitit,
2583 4373 2880 4439 petroleum
2902 4373 3051 4443 ﬂuit.
3069 4376 3199 4431 Inde
3226 4393 3410 4447 egres-

2676 4464 2766 4518 ubi
2812 4464 3118 4533 interempti
3150 4480 3278 4521 sunt
3328 4486 3413 4524 se-

1856 4554 2119 4623 ptingenti
2165 4554 2353 4609 Patres
2408 4569 2439 4607 a
2486 4553 2763 4608 Barbaris.
2809 4555 2863 4607 In
2900 4557 3086 4609 eodem
3139 4559 3233 4611 illo
3291 4562 3410 4615 loco

1854 4655 2033 4700 exsxat
2085 4660 2247 4713 rupes
2300 4655 2599 4713 peracuta,
2654 4661 2758 4714 qua
2808 4659 3069 4714 percussa
3116 4662 3143 4700 a
3206 4652 3403 4720 Moyse,

1854 4748 2009 4803 aqua:
2044 4733 2226 4789 effusae
2260 4742 2408 4788 sunt.
2450 4735 2532 4787 Ab
2563 4734 2665 4789 hac
2700 4737 2919 4802 regione
2953 4738 3193 4807 quinque
3218 4739 3409 4795 diebus

1854 4824 2083 4881 dissidet
2118 4840 2275 4878 mons
2323 4822 2495 4889 Sinai,
2536 4826 2627 4878 ubi
2677 4824 2815 4879 Deus
2850 4826 3119 4880 allocutus
3146 4838 3230 4884 est
3262 4830 3411 4900 Moy-

1855 4934 1990 4980 sem,
2024 4917 2114 4987 qui
2147 4917 2279 4970 vidit
2306 4917 2609 4986 posteriora
2642 4917 2781 4986 ejus.
2812 4918 2892 4971 Illi
2925 4934 3093 4989 prope
3111 4930 3195 4975 est
3226 4937 3411 4977 mona—

1854 5009 2075 5063 sterium
2112 5006 2167 5060 S.
2203 5008 2357 5071 Bati;
2415 5006 2481 5059 ad
2532 5022 2745 5069 saxum,
2789 5008 2843 5060 in
2885 5024 2995 5075 quo
3036 5019 3189 5065 stans
3234 5009 3411 5067 Moses

1853 5097 1990 5150 vidit
2046 5096 2240 5150 rubum
2276 5096 2556 5149 ardentem
2596 5102 2649 5149 et
2680 5111 2790 5149 non
2829 5097 3192 5152 combustum.
3239 5099 3413 5169 Prope

1853 5189 1957 5240 hoc
1997 5187 2389 5240 monasterium
2426 5183 2619 5239 fornax
2670 5195 2775 5252 est,
2819 5187 2872 5239 in
2914 5203 3021 5256 qua
3069 5188 3192 5243 fuso
3236 5190 3409 5257 lique-

1853 5277 2105 5347 lactoque
2172 5292 2307 5331 auro
2364 5287 2417 5330 et
2480 5285 2738 5346 argento,
2788 5277 3075 5332 ediderunt
3132 5276 3402 5333 bubulum

1853 5378 2056 5438 caput;
2082 5371 2137 5423 in
2171 5368 2336 5437 quod,
2366 5368 2529 5421 veluti
2557 5384 2778 5434 numen,
2809 5368 3174 5423 crediderunt.
3201 5366 3401 5421 Eadem

1853 5461 1910 5515 in
1956 5463 2181 5533 regione
2237 5468 2363 5515 sunt
2390 5459 2739 5514 Hebraeorum
2783 5461 2973 5512 tumuli
3015 5467 3399 5513 sexcentarum

1851 5552 2126 5620 octoginta
2148 5550 2461 5603 chiliadum.
2496 5549 2725 5617 Propius
2753 5547 2819 5600 ad
2856 5547 3243 5599 monasterium
3274 5561 3402 5616 spe—-

1853 5649 2035 5696 ctatur
2079 5642 2223 5696 scala
2274 5640 2475 5695 montis
2514 5637 2696 5703 Sinai,
2746 5650 2864 5703 qua:
2918 5636 3119 5705 gradus
3196 5646 3402 5706 septem

1853 5735 2037 5789 habet.
2089 5733 2277 5801 Ibique
2335 5731 2530 5786 visitur
2570 5738 2806 5789 antrum,
2863 5726 2916 5779 in
2976 5742 3083 5794 quo
3138 5724 3398 5794 jejunavit

2960 5814 2994 5873 9
3088 5890 3091 5891 ,
