4164 6342
640 332 743 394 257

1908 329 2317 392 ΕΡΙΡΗΑΝΙΙ
2347 329 2697 394 MONACHI

3800 325 3914 388 268

636 448 741 500 llas
791 452 945 501 vates
1004 461 1069 500 ιι.
1118 444 1338 511 diebus,
1392 458 1518 500 cum
1565 443 1777 514 fugeret
1831 460 1861 502 e
1918 455 2210 517 conspectu

2326 448 2555 515 στηρίου
2614 445 3039 516 παραλαμϐάνει
3084 450 3117 521 ἡ
3170 450 3345 503 σκαλα
3392 445 3485 502 τοῦ
3561 449 3689 502 Σινᾶ
3748 449 3913 517 ὄρους

637 538 873 594 lesabel.
919 538 1189 595 Conditus
1222 538 1387 593 etiam
1425 546 1511 592 est
1556 537 1750 591 eodem
1797 538 1851 591 in
1886 541 2226 595 monasterio

638 634 830 687 beatus
860 628 1023 686 Pater
1066 641 1119 686 et
1162 631 1356 686 doctor
1405 641 1592 684 noster
1640 627 1875 685 Climax.
1913 629 2029 684 Non
2068 631 2226 701 longe

636 730 703 776 ah
729 723 824 777 illo
848 724 1184 778 monasterio
1208 721 1520 778 celebratur
1553 724 1904 788 miraculum,
1949 726 2095 796 quod
2129 727 2225 789 Dei

630 817 790 885 jussu
824 815 1027 870 factum
1062 827 1147 871 est
1176 814 1305 871 olim
1327 831 1392 869 eo
1418 817 1544 873 loci.
1583 816 1869 874 Praeterito
1903 818 2062 871 altari
2094 818 2222 883 alio,

634 907 701 960 ad
752 915 990 961 montem
1048 904 1220 970 Sina,
1272 906 1505 961 duorum
1559 908 1695 961 mill.
1746 897 2055 974 intervallo,
2102 908 2225 961 velo

629 997 863 1050 obduxit
898 1011 1082 1051 arcam
1108 996 1286 1052 Moses
1311 1007 1365 1052 et
1394 996 1602 1060 Aaron,
1639 998 1857 1052 interim
1887 999 2016 1052 dum
2048 1014 2218 1067 popu-

631 1088 721 1143 lus
761 1087 1114 1143 llebrzeorum
1145 1104 1173 1141 a
1205 1088 1353 1143 Mose
1381 1087 1696 1144 duceretur.
1745 1088 1824 1142 Tu
1866 1090 1958 1157 qui
2004 1104 2047 1141 a'
2081 1090 2221 1144 colle

634 1179 789 1245 Sinai
836 1180 1183 1236 abscedendo
1227 1196 1324 1250 per
1374 1190 1501 1235 octo
1552 1182 1691 1243 dies,
1734 1181 2041 1251 ingrederis
2071 1179 2219 1234 The-

627 1272 870 1337 baidem,
901 1274 994 1328 ubi
1023 1273 1173 1342 jacet
1196 1272 1367 1327 abbas
1406 1273 1604 1329 Pastor
1651 1282 1707 1328 et
1736 1273 1907 1328 frater
1940 1272 2134 1342 ipsius,
2163 1281 2216 1325 et

632 1363 880 1433 plerique
911 1364 1003 1419 alii
1036 1365 1322 1420 beatorum
1347 1364 1568 1419 Patrum
1594 1382 1610 1431 ;
1643 1377 1696 1419 at
1725 1364 2007 1419 Thebaide
2033 1363 2221 1418 relicta

627 1458 1076 1523 viamsexdecim
1104 1459 1318 1512 dierum
1355 1457 1607 1521 conficis,
1637 1465 1691 1511 et
1719 1456 1968 1526 relegens
1993 1452 2219 1522 vestigia

629 1546 696 1602 ad
739 1545 941 1601 Urbem
970 1557 1215 1603 sanctam
1248 1547 1564 1603 reverteris.

2329 536 2527 607 ἔχουσα
2584 536 2847 607 βαθμίδια
2903 540 3066 593 ἑπτά.
3098 541 3203 593 Καὶ
3248 541 3378 610 ἔστη
3404 541 3461 594 τὸ
3488 540 3757 613 σπήλαιον
3780 543 3836 593 ὲν
3860 535 3914 609 ᾧ

2327 631 2658 702 ἑνήστευσεν
2689 631 2878 695 Ἠλίας
2910 634 2937 685 6
2966 636 3256 703 προφήτης
3285 636 3498 704 ἡμέρας
3531 634 3910 704 τεσσαράκον⁴

2325 742 2415 789 τα,
2465 726 2553 778 ὅτε
2581 725 2784 792 ἔφυγεν
2812 726 2875 776 ὲκ
2912 726 3209 795 προσώπου
3236 726 3330 779 τοῦ
3377 727 3640 781 ’1εσά6ελ.
3684 729 3793 780 Καὶ
3824 729 3912 788 είς

2324 816 2385 867 τὸ
2417 816 2549 867 αὐτὸ
2603 817 2965 886 μοναστήριον
2994 819 3170 869 κεῖται
3201 819 3228 869 6
3252 820 3308 870 ὲν
3333 818 3510 886 ἁγίοις
3536 820 3723 889 Πατὴρ
3750 817 3910 887 ἡμῶν

2325 908 2422 959 καὶ
2447 907 2787 973 διδάσκαλος,
2809 910 2837 960 ό
2872 908 3110 978 κλίμαξ.
3140 911 3245 963 Kal
3269 909 3499 977 πλησίον
3514 912 3608 963 τοῦ
3636 926 3911 980 μοναστη-

2328 999 2445 1065 ρίου
2482 1000 2600 1052 ἐστὶ⁸
2628 1000 2688 1053 τὸ
2724 1000 2909 1069 θαῦμα
2968 1002 3110 1071 ὅπερ
3144 1002 3364 1069 ἐγένετο
3398 1006 3463 1073 τῇ
3501 1004 3596 1056 τοῦ
3643 1004 3778 1055 Θεοῦ
3809 1020 3906 1055 κε-

2326 1087 2506 1140 λεύσει
2552 1090 2611 1140 ὲν
2674 1090 2824 1157 αὑτῷ
2874 1088 2951 1157 τῷ
3006 1093 3177 1162 τόπῳ.
3226 1092 3574 1157 Εἰσελθόντος
3621 1094 3677 1146 δὲ
3711 1094 3908 1163 ἑτάρου

2325 1175 2511 1245 βωμοῦ
2540 1179 2678 1248 πρὸς
2708 1181 2766 1232 τὸ
2791 1180 2923 1234 Σινᾶ
2955 1182 3105 1250 ὅρος,
3139 1182 3214 1245 ὡς
3240 1182 3347 1235 ἀπὸ
3381 1186 3575 1253 μιλίωι
3608 1186 3719 1245 δύο,
3769 1187 3904 1239 ἑκα-

2320 1268 2455 1336 λυψε
2516 1269 2750 1339 Μωῦσῆς
2799 1275 2894 1325 καὶ
2954 1272 3169 1342 Ἀαρὼν
3204 1274 3299 1327 καὶ
3342 1276 3442 1345 τὴν
3485 1278 3741 1340 κισῑωτὸν,
3771 1280 3829 1331 ιν
3859 1270 3911 1346 ᾧ

2327 1359 2579 1431 ὡδίγησε
2629 1364 2754 1425 τοὺς
2804 1363 3111 1434 Ἐϐραίους.
3181 1365 3311 1417 Ἀπὸ
3355 1366 3411 1417 δὲ
3446 1366 3540 1419 τοῦ
3589 1369 3722 1420 Σινᾶ
3745 1369 3910 1437 ὅρους

2338 1452 2544 1516 ὸδεύεις
2570 1455 2785 1523 ἡμέρας
2812 1456 2985 1517 ὀκτὼ,
3015 1458 3110 1510 καὶ
3143 1457 3455 1529 είσιρχεσαι
3508 1458 3588 1520 είς
3636 1458 3910 1527 Θησαωα,

2327 1544 2457 1598 ἔνθα
2490 1549 2668 1598 κεῖται
2696 1549 2723 1599 6
2755 1549 2930 1611 assa;
2979 1548 3214 1619 Ποιμὴν,
3273 1550 3366 1602 καὶ
3394 1552 3422 1603 6
3452 1550 3679 1618 ἀδελφὸς
3706 1552 3905 1614 αὑτοῦ,

629 1645 722 1695 καὶ
777 1641 961 1695 πολλοὶ
1008 1640 1187 1711 ἕτεροι
1214 1640 1324 1693 τῶν
1387 1636 1676 1708 μακαρίων
1707 1638 1801 1690 καὶ
1829 1635 2004 1705 ἁγίων
2034 1635 2299 1706 Πατέρων
2333 1652 2350 1668 ο
2382 1636 2491 1691 ἀπὸ
2520 1639 2576 1691 δὲ
2608 1638 2876 1708 Θηϐαΐδος
2907 1640 3112 1704 όδεύεις
3182 1642 3398 1713 ἡμέρας
3433 1648 3529 1709 ις’,
3592 1642 3691 1696 καὶ
3743 1643 3914 1697 πάλιν

631 1735 997 1805 ὑποστρέφεις
1028 1736 1109 1797 είς
1143 1734 1245 1802 τὴν
1266 1733 1428 1800 ἁγίαν
1460 1731 1645 1785 Πόλιν.

700 1828 781 1882 Ad
812 1827 1075 1881 orientem
1104 1825 1340 1879 civitaiis
1372 1832 1426 1877 te
1455 1823 1676 1878 confers
1708 1838 1723 1877 :
1760 1837 1892 1878 ecce
1916 1823 2016 1879 tibi
2047 1830 2207 1877 extra

2388 1821 2502 1875 Kal
2560 1820 2695 1893 πρὸς
2761 1822 3034 1893 ἀνατολὴν
3090 1823 3189 1887 τῆς
3246 1823 3408 1891 ἁγίας
3441 1824 3652 1889 πόλεως
3676 1824 3910 1897 ἔξωτῆς

630 1929 842 1988 portam
880 1925 1061 1973 erecta
1091 1923 1331 1986 quatuor
1357 1916 1744 1970 columnarum
1772 1916 1975 1979 moles,
2015 1916 2069 1969 in
2105 1930 2215 1985 qua

627 2012 951 2082 Jephonias,
990 2018 1245 2079 correpto
1288 2006 1492 2061 feretro
1537 2018 1744 2061 sancta:
1791 2006 2061 2075 Deiparaz,
2090 2019 2216 2059 cum

631 2119 738 2158 non
781 2106 1031 2161 crederet
1075 2115 1200 2156 esse
1246 2098 1473 2152 Matrem
1523 2097 1762 2159 Domini,
1798 2098 2079 2150 abscissas
2110 2095 2217 2149 sibi

630 2211 825 2249 manus
855 2194 1065 2256 sensit;
1102 2207 1224 2247 cum
1264 2201 1452 2262 postea
1492 2189 1845 2252 credidisset,
1888 2203 2108 2241 rursum
2138 2186 2217 2240 illi

629 2299 828 2339 manus
863 2284 1087 2338 reddita
1120 2291 1271 2336 sunt.
1304 2280 1423 2333 Non
1458 2279 1653 2349 procul
1695 2278 1822 2332 inde
1846 2278 1912 2331 ad
1945 2280 2215 2330 orientem

628 2386 715 2431 est
767 2375 825 2429 S.
878 2374 1257 2437 Gethsemani,
1309 2373 1621 2442 sepulcrum
1680 2370 1740 2426 Β.
1781 2369 2048 2439 Deiparas,
2097 2383 2218 2436 quae

629 2465 1079 2536 splendidissima
1127 2472 1209 2519 est
1248 2462 1503 2518 ecclesia.
1547 2459 1712 2514 Juxta
1766 2474 1929 2531 quam
1986 2474 2215 2512 venera-

628 2560 758 2614 bilis
799 2560 1063 2628 spelunca
1092 2563 1199 2620 est,
1230 2569 1341 2626 quo
1375 2570 1434 2609 se
1470 2560 1754 2625 receperat
1790 2551 2049 2606 Christus
2084 2567 2211 2604 cum

630 2645 914 2719 discipulis
943 2665 956 2701 :
993 2656 1046 2701 at
1077 2648 1129 2702 in
1162 2661 1328 2720 specu
1369 2648 1604 2699 thronus
1634 2652 1717 2698 est
1754 2642 1874 2699 Filii
1910 2641 2027 2719 Dei,
2053 2658 2116 2695 ac
2138 2658 2214 2697 xu

631 2742 1008 2814 apostolorum
1048 2740 1193 2808 ejus,
1218 2739 1309 2793 ubi
1344 2751 1718 2793 eousessurus
1741 2745 1827 2791 est
1854 2734 1921 2789 ad
1954 2735 2214 2805 judican-

629 2836 731 2888 das
768 2847 842 2886 xit
880 2832 1057 2886 tribus
1096 2830 1342 2885 lsraelis.
1386 2830 1555 2883 Porro
1606 2829 1671 2884 ad
1720 2829 1982 2882 verticem
2026 2827 2211 2881 throni

631 2924 923 2987 [mininici,
958 2924 1205 2976 foramen
1234 2919 1510 2991 quoddam
1535 2928 1643 2984 est,
1675 2919 1836 2989 cujus
1866 2917 2213 2985 profunditas

629 3016 872 3086 conspici
911 3029 1018 3069 non
1057 3014 1215 3077 valet,
1263 3030 1449 3069 verum
1500 3014 1749 3068 exoritur
1789 3028 1855 3066 ex
1895 3026 1962 3066 eo
2010 3010 2213 3065 vocifev

631 3120 771 3163 ratio
818 3108 1011 3171 multa,
1060 3118 1117 3162 ut
1154 3108 1266 3161 sint
1306 3108 1401 3177 qui
1451 3106 1697 3161 audeant
1739 3105 1947 3169 dicere,
1996 3105 2211 3159 animas

2321 1911 2498 1979 πύλης
2530 1912 2747 1963 ἵσταται
2788 1911 3159 1981 τετρακιόνιν,
3212 1913 3268 1963 ὲν
3295 1907 3338 1980 ᾧ
3372 1911 3653 1980 ’ῐεφωνίας
3698 1912 3911 1979 δραξα-

2324 2020 2482 2075 μενος
2509 2004 2606 2072 τὴν
2629 2003 2822 2074 κλίνην
2852 2003 2952 2071 τῆς
2994 2004 3303 2073 ὑπεραγίας
3334 2004 3626 2065 Θεοτόκοο,
3655 2006 3749 2055 καὶ
3775 2005 3915 2057 ἁπι-

2323 2100 2549 2167 στήσας,
2589 2098 2673 2149 ὅτι
2696 2098 2845 2149 ἐστὶν
2888 2099 2921 2166 η
2956 2095 3052 2147 τοῦ
3073 2097 3282 2165 Κυρίου
3314 2098 3537 2166 Μήτηρ,
3559 2096 3911 2167 ἑξεκόπησαν

2321 2191 2376 2241 ai
2417 2192 2597 2259 γεῖρες
2650 2188 2837 2253 αὑτοῦ,
2898 2190 2991 2242 καὶ
3042 2188 3432 2251 πιστεύσαντος
3489 2190 3676 2254 αὑτοῦ,
3739 2189 3907 2243 πάλη»

2324 2280 2553 2348 ίάθησαν
2601 2283 2655 2334 al
2703 2283 2882 2351 χεῖρες
2919 2280 3107 2333 αὐτοῦ.
3140 2282 3248 2333 Kal
3292 2282 3523 2350 πλησίον
3558 2281 3909 2351 αὑτοῦ.πρδς

2320 2373 2587 2441 ἀνατολήν
2637 2376 2781 2426 ἐστιν
2829 2374 2861 2443 ἢ
2924 2375 3059 2440 ἁγία
3110 2373 3449 2442 Γεθσιμανὴ.
3497 2375 3525 2425 ὁ
3569 2374 3734 2441 τάφος
3797 2376 3907 2443 τῆς

2321 2467 2629 2536 ὐπεραγίας
2696 2466 2984 2521 θεοτόκου.
3049 2467 3205 2519 Ἐστι
3284 2468 3340 2520 δὲ
3413 2469 3680 2537 ὶκκλησὶα
3751 2468 3902 2521 πάνυ

2318 2559 2522 2627 ὡραία.
2552 2558 2658 2609 Καὶ
2688 2557 2918 2623 πλησίον
2956 2558 3130 2628 αὐτῆς
3173 2561 3290 2610 ἐστι
3324 2561 3383 2610 τὸ
3425 2560 3577 2627 ἅγιον
3611 2561 3906 2629 σπήλαιον,

2318 2650 2444 2702 ἔνθα
2469 2651 2781 2718 κατέφυγεν
2806 2653 2834 2704 6
2864 2650 3071 2718 Κύριος
3105 2652 3243 2717 μετὰ
3271 2650 3378 2703 τῶν
3410 2651 3577 2704 αὑτοῦ
3613 2652 3901 2721 μαθητῶν.

2317 2742 2528 2807 Καὶιίίς
2559 2742 2620 2794 τὸ
2644 2740 2909 2809 σπήλαιόν
2935 2742 3084 2792 ἔστιν
3112 2742 3140 2793 6
3163 2739 3349 2807 θρόνος
3372 2739 3465 2793 τοῦ
3492 2740 3621 2793 Υίοῦ
3647 2740 3741 2793 τοῦ
3760 2740 3903 2794 Θεοῦ

2316 2835 2410 2887 καὶ
2448 2835 2557 2885 τῶν
2584 2833 2791 2886 δώδεκα
2806 2833 3122 2885 ἀποστόλων
3147 2831 3336 2895 αὑτοῦ,
3374 2832 3502 2885 ἔνθα
3539 2834 3726 2901 μέλλει
3764 2834 3905 2887 καθ-

2316 2924 2540 2985 έζεσθαι
2573 2926 2776 2993 κρίνων
2802 2925 2901 2988 τὰς
2933 2924 3146 2976 δώδεκα
3177 2925 3351 2991 φυλὰς
3383 2924 3480 2978 τοῦ
3526 2925 3765 2996 Ἰσραήλ.
3803 2926 3905 2989 Εἰς

2316 3014 2559 3085 κεφαλὴν
2581 3016 2638 3070 δὲ
2658 3015 2751 3068 τοῦ
2786 3015 3110 3068 δεσποτικοῦ
3149 3014 3342 3083 θρόνου
3362 3016 3478 3067 ἐστὶ
3513 3014 3667 3087 θυρὶς
3699 3018 3902 3092 μικρὰ,

2314 3108 2532 3177 ἀφανὴς
2599 3109 2679 3169 είς
2737 3106 2799 3162 τὸ
2829 3107 3013 3177 βάθος,
3048 3106 3146 3159 καὶ
3196 3107 3477 3175 ἐξέρχεται
3514 3106 3573 3171 ἐξ
3600 3107 3771 3177 αὐτῆς
3801 3109 3898 3179 ῥυ-

625 3219 748 3257 csse
779 3217 846 3256 co
871 3201 1005 3256 loci.
1042 3199 1242 3255 Eodem
1284 3196 1353 3254 in'
1386 3202 1508 3254 loco
1547 3209 1767 3254 centum
1799 3199 2026 3253 inclusas
2057 3205 2208 3260 sunt,

2316 3199 2472 3267 σμὸς,
2502 3200 2618 3269 ἦτοι
2648 3199 2887 3269 βοασμὸς
2915 3198 3102 3261 πολύς.
3141 3200 3249 3252 Kal
3283 3198 3537 3267 μέλλουσι
3571 3199 3772 3265 λέγειν,
3810 3200 3904 3252 ὅτι

630 3294 1093 3364 quemadmodum
1142 3300 1197 3345 et
1252 3293 1305 3345 in
1362 3290 1754 3361 Myrophoris;
1818 3306 1883 3345 ac
1939 3292 2209 3360 gubernat

626 3388 778 3455 ipsas
825 3382 1053 3452 Styhtes
1102 3380 1241 3435 alter
1305 3395 1400 3448 per
1452 3378 1747 3432 fenestram
1795 3394 1811 3433 :
1859 3389 1917 3432 et
1965 3381 2210 3448 proxime

619 3483 980 3532 dextrorsum
1016 3483 1101 3529 est
1137 3473 1488 3544 Manganum,
1530 3488 1723 3526 saxum
1776 3474 1828 3525 in
1878 3487 1987 3539 quo
2033 3487 2208 3525 czesus

629 3576 856 3624 sanctus
888 3564 1128 3620 .lacobus
1162 3563 1329 3617 frater
1362 3563 1479 3618 Dei.
1525 3561 1665 3615 Sunt
1702 3562 1806 3616 ista
1837 3571 1985 3617 certe
2024 3563 2209 3616 omnia

629 3666 683 3717 in
722 3664 861 3717 valle
909 3660 1324 3732 Lacrymarum.
1367 3658 1681 3727 Eodemque
1728 3657 1781 3710 in
1826 3657 1948 3710 loco
1994 3668 2210 3711 torrens

628 3764 713 3813 est
775 3754 989 3807 Cedron
1050 3760 1105 3806 et
1185 3752 1346 3804 vallis
1386 3749 1653 3817 Josaphat
1714 3757 1879 3817 atque
1924 3748 2116 3802 hortus
2155 3748 2205 3800 in

630 3860 741 3916 quo
789 3846 1038 3915 proditus
1090 3852 1177 3898 est
1217 3842 1507 3907 Christus;
1541 3844 1781 3910 itemque
1830 3856 1988 3899 mons
2030 3840 2210 3894 Oliva-

630 3954 752 3993 rum
818 3937 958 3991 unde
990 3944 1301 4008 assumptus
1326 3946 1430 3991 est.
1463 3934 1622 3987 Stant
1649 3943 1908 4004 praeterea
1942 3934 2209 3987 coluninte

630 4032 685 4087 in
715 4028 924 4092 orbem,
960 4037 1014 4081 et
1056 4027 1111 4081 in
1167 4026 1348 4082 medio
1390 4040 1579 4080 mensa
1615 4042 1629 4079 :
1668 4040 1855 4080 verum
1908 4034 2062 4078 extra
2111 4038 2207 4076 co-

631 4122 868 4184 lumnas,
902 4133 1008 4173 non
1040 4118 1272 4174 multum
1323 4119 1507 4186 distat
1534 4118 1883 4187 impluvium,
1924 4116 2209 4170 marmori-

628 4214 733 4268 bus
756 4219 1014 4265 stratum.
1052 4210 1131 4262 Ad
1165 4209 1484 4265 orientalem
1514 4224 1646 4264 vero
1679 4217 1889 4279 partem
1924 4211 2210 4262 columna.

633 4319 796 4365 rum,
851 4301 1001 4354 brevi
1064 4301 1353 4354 intervallo
1422 4309 1507 4354 est
1574 4301 1840 4366 concha;
1901 4311 1955 4355 et
2019 4317 2206 4355 mensa

630 4392 908 4455 consistit,
941 4391 1031 4444 ubi
1066 4404 1282 4445 sacrum
1329 4392 1569 4447 celebrat
1610 4393 1923 4458 patriarcha
1953 4391 2043 4447 die
2070 4393 2208 4446 festo

629 4482 1006 4540 Ascensionis.
1064 4481 1196 4536 lude
1242 4496 1434 4535 rursus
1485 4481 1709 4539 circiter
1752 4482 1901 4537 mille
1950 4483 2208 4552 passibus

630 4577 785 4632 locus
810 4583 917 4642 est,
947 4574 1003 4629 in
1044 4589 1154 4645 quo
1186 4573 1444 4629 Christus
1482 4575 1734 4629 consedit
1764 4574 1819 4627 in
1863 4574 2010 4644 pullo
2043 4591 2058 4628 :
2103 4574 2209 4629 ibi-

629 4669 861 4736 demque
906 4667 1025 4719 olea
1059 4673 1166 4728 est,
1212 4679 1243 4719 e
1273 4679 1380 4734 qua
1434 4666 1729 4735 quotannis
1772 4680 1984 4723 ramum
2036 4682 2208 4724 unum

630 4754 987 4818 abscindunt,
1030 4755 1332 4821 pendentes
1368 4770 1466 4823 pro
1518 4754 1638 4823 ipso
1688 4755 1949 4824 pretium,
1985 4764 2040 4811 et
2073 4771 2207 4824 snp-

630 4847 894 4917 plicantes
954 4842 1331 4913 Hierosolyma
1403 4846 1791 4914 ingrediuntur
1858 4858 2056 4904 sancto
2119 4850 2207 4901 die

628 4937 960 4991 l’almarum.
994 4934 1077 4988 Ab
1117 4936 1259 4989 oliva
1295 4936 1398 4989 ista
1450 4937 1597 4991 mille
1643 4953 1791 5009 pass.
1842 4940 1989 5008 quod
2042 4955 2205 4994 omne

628 5029 837 5084 declive
862 5026 1247 5091 est,,invenies
1281 5027 1629 5093 Bethaniam,
1659 5030 1929 5085 tumulum
1963 5029 2155 5085 Lazari
2188 5047 2202 5085 :

628 5136 657 5174 a
685 5118 879 5174 declivi
910 5126 1087 5173 autem
1116 5130 1290 5188 parte
1338 5117 1501 5175 Urbis
1547 5130 1750 5176 sancta:
1785 5139 1958 5192 usque
1999 5126 2065 5178 ad
2104 5125 2204 5182 llu-

629 5227 751 5266 men
786 5210 1029 5273 Jordani,
1058 5211 1112 5264 in
1138 5226 1244 5280 quo
1279 5212 1577 5283 baptizatus
1599 5223 1681 5268 est
1707 5213 1972 5268 Dominus
1995 5228 2201 5283 noster,

628 5311 755 5357 sunt
776 5303 907 5355 mill.
946 5314 1108 5365 xxtv;
1140 5311 1317 5359 totum
1352 5319 1479 5358 vero
1518 5305 1663 5359 istud
1698 5308 1751 5358 in
1774 5306 1987 5359 declive
2017 5307 2201 5374 depri-

629 5393 817 5457 mitur,
860 5392 951 5446 ubi
988 5389 1110 5445 fons
1148 5405 1234 5445 est
1283 5392 1461 5447 Mem.
1497 5394 1676 5449 Trans
1711 5393 2007 5449 Jordanem
2046 5412 2193 5461 vero,

628 5486 802 5549 spatio
850 5483 1011 5535 trium
1058 5484 1279 5537 circiter
1326 5483 1464 5542 mill.
1518 5486 1794 5555 reperitur
1845 5499 2087 5555 antrum,
2144 5491 2196 5546 in

629 5587 735 5641 quo
758 5574 1033 5627 habitabat
1058 5574 1391 5630 Prtecursor.
1428 5577 1563 5630 Erat
1588 5588 1765 5632 autem
1794 5580 1975 5635 cubile
1999 5581 2195 5650 ipsius,

628 5664 681 5721 in
718 5680 825 5732 quo
874 5666 1216 5733 quiescebat,
1247 5670 1489 5724 aedicula
1524 5684 1589 5724 ex
1619 5686 1677 5724 se
1721 5681 1868 5735 nata,
1901 5688 1967 5726 ex
2003 5674 2195 5727 eodem

629 5770 757 5809 :uxo
790 5756 902 5809 sive
930 5771 1115 5825 specu,
1146 5769 1200 5813 et
1229 5774 1444 5817 camera
1480 5760 1698 5829 exigua.
1732 5760 1829 5816 Est
1864 5764 2032 5817 etiam
2067 5779 2193 5817 sca-

2312 3291 2370 3343 αί
2396 3291 2565 3359 ψυχαί
2596 3294 2725 3343 εἰσι.
2763 3292 2873 3343 Kal
2909 3276 2989 3354 είς
3016 3290 3109 3343 τὸν
3143 3292 3309 3343 αὐτὸν
3340 3291 3506 3343 τόπον
3538 3293 3674 3343 είσὶν
3699 3292 3903 3344 ἑκατὸν

2312 3381 2650 3447 ἔγκλεισται,
2678 3383 2751 3444 ὡς
2787 3384 2880 3435 ἐπὶ
2910 3383 3020 3433 τῶν
3052 3383 3417 3451 Μυροφόρων,
3454 3383 3548 3434 καὶ
3612 3385 3900 3452 ποιμαίνει

2312 3471 2484 3535 αὑτὰς
2551 3473 2820 3544 Στηλίτης
2870 3473 3059 3545 ἕτερος
3120 3473 3208 3527 διὰ
3268 3474 3645 3543 θυρίδος.Καὶ
3667 3474 3900 3545 πλησίον

2310 3563 2491 3615 αὐτῶν
2520 3564 2693 3631 δεξιόν
2731 3567 2847 3617 ἐστι
2874 3569 2933 3618 τὸ
2966 3565 3250 3635 μὰγγανον
3280 3567 3308 3618 6
3340 3566 3509 3629 λίθος,
3542 3567 3673 3627 ἔνθα
3726 3584 3897 3621 κατε·-

2316 3658 2465 3724 κόπη
2496 3658 2522 3707 6
2558 3658 2713 3719 ἅγιος
2750 3656 3010 3718 Ἰάκωϐος
3036 3660 3062 3709 6
3095 3657 3445 3725 ἀδελφόθεος.
3479 3658 3599 3711 Εἰσὶ
3630 3660 3686 3711 δὲ
3717 3659 3897 3711 ταῦτα

2312 3747 2489 3799 πάντα
2557 3750 2637 3808 είς
2688 3746 2788 3819 τὴν
2841 3747 3064 3801 κοιλάδα
3120 3747 3215 3801 τοῦ
3279 3748 3655 3816 κλαυθμῶνος.
3690 3749 3779 3801 Ἐν
3814 3749 3899 3819 τῷ

2311 3836 2462 3906 αὑτῷ
2491 3837 2641 3906 τόπῳ
2681 3838 2799 3888 ἐστὶ
2822 3841 2914 3891 καὶ
2946 3841 2973 3891 6
3013 3840 3317 3912 χείμαρρος
3372 3839 3483 3890 τῶν
3521 3840 3765 3909 Κέδρων.
3801 3844 3898 3895 καὶ

2311 3931 2344 3997 ἡ
2369 3929 2556 3991 κοιλὰς
2582 3928 2677 3983 τοῦ
2734 3931 3034 4001 Ἰωσαφὰτ,
3080 3933 3174 3984 καὶ
3206 3935 3233 3984 6
3268 3931 3446 4001 κῆπος
3487 3932 3618 3985 ἔνθα
3669 3931 3898 4002 παρεδίι-

2310 4022 2429 4076 δοτο
2462 4026 2489 4075 ὁ
2513 4022 2771 4094 Χριστός.
2810 4024 2972 4079 Ἐστι
3005 4024 3063 4075 δὲ
3110 4023 3203 4076 καὶ
3237 4024 3297 4076 τὸ
3324 4025 3450 4093 ὅρος
3481 4025 3590 4076 τῶν
3639 4025 3897 4092 Ἐλαιῶν,

2312 4114 2441 4167 ἔνθα
2463 4113 2763 4184 ἀνελήφθη.
2807 4114 3090 4171 Ἵστανται
3122 4115 3178 4168 δὲ
3215 4115 3393 4178 κίονες
3426 4115 3770 4179 κυκλοειδῶς,
3796 4118 3898 4171 καὶ

2313 4206 2479 4278 μέσον
2518 4207 2791 4280 τράπεζα.
2829 4206 3071 4272 Ἐξωθεν
3100 4206 3157 4259 ὁὶ
3188 4206 3296 4258 τῶν
3361 4209 3559 4261 κιόνων
3590 4209 3709 4260 ἐστὶ
3734 4210 3895 4277 περί-

2310 4297 2474 4350 αυλον
2534 4297 2929 4367 μαρμαρωτόν.
2983 4296 3127 4369 Πρὸς
3177 4296 3443 4372 ἀνατολὴν
3466 4298 3521 4353 δὲ
3555 4299 3662 4351 τῶν
3697 4300 3896 4354 κιόνων

2310 4388 2385 4449 ὼς
2416 4389 2522 4441 ἀπὸ
2542 4389 2911 4460 διαστήματος
2938 4387 3125 4455 ὀλίγου
3155 4388 3278 4443 ἐστὶ
3307 4389 3504 4461 κόγχη,
3539 4389 3633 4442 καὶ
3673 4391 3895 4445 ἵσταται

2313 4480 2580 4549 τράπεζα,
2648 4480 2779 4537 ἔνθα
2822 4480 3133 4550 λειτουργεῖ
3180 4482 3209 4535 6
3243 4484 3591 4555 πατριάρχης
3663 4484 3744 4546 είς
3789 4482 3896 4554 τὴν

2314 4570 2526 4641 ᾑμέραν
2560 4570 2658 4639 τῆς
2700 4571 2896 4642 ἑορτῆς
2941 4571 3043 4639 τῆς
3101 4570 3481 4642 Ἀναλήψεως.
3521 4572 3761 4626 Ἐκεῖθεν
3795 4569 3895 4627 οὖν

2312 4664 2476 4717 πάλιν
2517 4663 2593 4730 ὡς
2622 4663 2731 4719 ἀπὸ
2767 4662 2945 4733 μιλίου
2978 4664 3101 4729 ἑνός
3123 4664 3273 4718 ἑστιν
3323 4665 3351 4717 6
3380 4665 3565 4729 τόπος,
3599 4666 3657 4718 ιν
3685 4658 3729 4732 ᾧ
3757 4666 3891 4720 ἑκά-

2312 4753 2461 4808 θισεν
2486 4754 2513 4807 6
2537 4756 2775 4827 Χριστὸς
2809 4755 2904 4809 ἐπὶ
2930 4755 3023 4809 τοῦ
3055 4755 3264 4811 πώλου.
3300 4757 3391 4819 El;
3418 4755 3510 4808 τὸν
3540 4756 3701 4809 αὑτὸν
3720 4756 3893 4811 τόπον

2310 4848 2458 4901 ἐστὶν
2484 4848 2639 4902 ἐλαία
2667 4838 2822 4920 ἑξῆς
2871 4851 2995 4904 κατ’
3048 4850 3300 4906 ἐνιαυτὸν
3364 4850 3628 4904 κόπτουσι
3690 4852 3891 4908 κλάδον

2309 4940 2426 5004 ἕνα,
2463 4940 2695 5004 διδόντες
2732 4943 2872 5011 ὑπὲρ
2922 4942 3089 4997 αὐτοῦ
3143 4942 3204 4995 τὸ
3252 4941 3494 5012 τίμημα,
3522 4944 3615 4995 καὶ
3637 4946 3775 5013 μετὰ
3810 4946 3892 5000 λι-

2306 5032 2809 5105 τῆςείσὲρχονται
2870 5035 2950 5097 είς
3010 5033 3112 5102 τὴν
3169 5032 3325 5086 πόλιν
3401 5033 3758 5105 Ἰερουσαλὴμ
3819 5041 3886 5108 τῇ

2309 5128 2494 5196 ἡμέρᾳ
2518 5131 2585 5199 τῇ
2618 5128 2949 5199 Βαῖοφόρου.
2982 5126 3118 5182 Ἀπὸ
3149 5126 3205 5179 δὲ
3229 5128 3329 5196 τῆς
3373 5128 3559 5210 ἐλαίας
3588 5130 3884 5201 διερχόμε-

2309 5236 2387 5271 νοι
2424 5219 2598 5286 μίλιον
2638 5218 2695 5269 ἓν
2735 5218 3054 5287 κατὼφορον
3102 5218 3380 5288 εὑρίσκεις
3433 5220 3530 5289 τὴν
3590 5219 3883 5287 Βηθανίαν,

2306 5312 2398 5361 τδν
2430 5314 2600 5376 τάφον
2627 5310 2719 5363 τοῦ
2749 5312 3022 5379 Λαζάρου.
3084 5311 3216 5363 ’Δπΰ
3253 5311 3309 5367 δὲ
3336 5311 3429 5363 τοῦ
3493 5311 3883 5364 κατασασμδίου

2304 5402 2401 5468 τῆς
2428 5401 2589 5466 ἁγίας
2618 5400 2852 5462 Πόλεως.
2888 5401 2992 5464 ’ἐως
3022 5400 3116 5456 τοῦ
3140 5403 3383 5473 ποταμοῦ
3435 5403 3722 5472 Ἰορδάνου,
3756 5404 3812 5452 ἐν
3839 5397 3884 5469 ᾧ

2299 5492 2605 5561 Δἐϐαπτίσθη
2634 5496 2661 5544 6
2692 5491 2918 5560 Κύριος,
2962 5494 3254 5563 ήμῶν,είσὶ
3288 5495 3443 5564 μιλία
3469 5494 3567 5550 κδ’.
3610 5494 3882 5563 ’Υπάρχει

2300 5582 2356 5633 δὲ
2382 5584 2501 5633 ὅλον
2542 5582 2881 5651 κατώφορον,
2910 5586 2966 5635 ὲν
3078 5589 3193 5639 ἐστι
3229 5588 3320 5639 καὶ
3347 5587 3498 5653 πηγὴ
3535 5586 3631 5652 τῆς
3663 5585 3877 5650 Μερᾶς.

2303 5674 2483 5739 Πέραν
2508 5672 2563 5723 δὲ
2594 5674 2685 5725 τοῦ
2714 5674 2981 5744 Ἰορδάνου
3033 5677 3107 5741 ὼς
3146 5679 3257 5731 ἀπὸ
3317 5677 3537 5749 μιλίων,
3563 5676 3732 5745 τριῶν
3757 5678 3878 5731 ἐστι

2302 5761 2584 5831 σπήλαιον,
2620 5765 2697 5827 είς
2720 5764 2746 5817 ὃ
2778 5764 2911 5835 (inm
2937 5770 2965 5820 ό
2997 5770 3325 5841 Πρόδρσμος.
3368 5768 3519 5821 Ἐστι
3554 5768 3609 5821 δὲ
3656 5770 3685 5838 η
3720 5768 3872 5840 κοίτη
