4148 6334
212 346 312 405 269

1472 353 1918 415 ENARllA'l'lO
1952 358 2214 421 SYRUE.

3339 373 3441 434 2Ἶῦ

207 463 392 527 αὑτοῦ,
450 467 524 525 εἰς
569 466 632 536 ἦν
674 467 983 522 ἀνεπαύετο
1049 471 1336 535 πεξούλιον
1395 474 1686 544 αὐτοφυὲς,
1716 477 1762 527 ἐ)

1885 480 2059 548 turigo
2084 495 2236 550 aqua:
2257 479 2398 537 intra
2428 483 2760 553 speluncam.
2784 485 2973 543 ltidem
2999 487 3142 543 intra
3167 505 3437 551 cameram

204 551 303 621 τῆς
361 554 535 622 αὐτῆς
595 556 823 626 πέτρας,
880 561 1000 629 ἦτοι
1066 562 1356 630 σπηλαίου,
1411 564 1504 616 κα)⁸
1557 566 1785 634 καμάρα

204 644 399 712 μικρά.
429 646 586 698 Ἔστι
618 648 673 700 δὲ
708 649 896 719 βρύσις
921 651 1112 716 ὕδατος
1132 653 1334 707 ἐσωΟεν
1360 654 1454 707 τοῦ
1491 657 1780 725 σπηλαίου.

206 734 319 788 Καὶ
351 735 500 789 ἔνδον
530 739 627 806 τῆς
659 743 913 810 καμάρας
949 745 1064 795 ἐστὶ
1086 746 1256 814 πηγὴ,
1289 747 1455 816 είςςῆν
1489 747 1783 810 ἐϐάπτιζεν

199 829 227 878 6
269 829 428 893 ἅγιος
460 830 716 899 Ἰωάννης
751 834 781 884 6
815 834 1146 904 Ιιρὸδρομος.
1181 838 1424 890 Ἐκεῖθεν
1458 839 1512 890 δὲ
1547 840 1779 910 ὑπάρχει

199 919 281 980 είς
320 921 384 971 τὸ
435 921 636 988 χωρίον
701 925 1102 995 Καπερναοὺμ,
1150 929 1209 980 ἐν
1244 921 1287 996 ᾧ
1325 929 1460 999 ᾣκει
1489 932 1516 983 6
1543 932 1778 999 Χριστὸς

199 1013 295 1063 καὶ
344 1013 476 1073 Θεὸς
536 1014 714 1083 ἡμῶν.
793 1015 948 1069 Ἐστι
977 1018 1086 1070 δέὁ
1134 1015 1283 1082 οἶκος
1335 1003 1771 1090 τοῦ’Θεολόγου,

196 1103 324 1156 ἔνθα
355 1107 571 1171 ἐγένετο
604 1108 697 1159 καὶ
747 1109 840 1162 τοῦ
868 1110 1269 1181 ἑκατοντάρχου
1297 1115 1356 1165 τὸ
1416 1113 1625 1182 θαῦμα,
1658 1119 1774 1168 ἐκεῖ

195 1195 510 1263 ἐσχάλασαν
545 1199 637 1250 καὶ
666 1199 756 1252 τὸν
789 1203 1165 1271 παραλυτικὸν
1206 1209 1345 1273 μετὰ
1379 1207 1472 1258 τοῦ
1523 1207 1774 1274 κραϐΰά-

192 1301 287 1336 του
346 1287 457 1338 ἀπὸ
483 1287 582 1356 τῆς
616 1290 837 1358 στέγης.
866 1294 974 1345 Καὶ
1020 1295 1182 1347 πάλιν
1217 1297 1291 1358 ὡς
1328 1299 1434 1350 ἀπὸ
1453 1299 1630 1366 μιλίου
1655 1301 1772 1362 ἐνὸς

193 1377 417 1432 ἵσταται
460 1384 656 1451 πέτρα,
696 1384 894 1454 ἔχουσα
927 1388 1102 1439 τύπον
1128 1391 1387 1456 σταυροῦ.
1431 1391 1604 1444 "RVG:
1652 1392 1772 1443 ἐθε-

194 1471 440 1540 ράπευσε
471 1475 568 1543 τὴν
602 1479 934 1547 Αίμόρρουν.
973 1480 1080 1530 Καὶ
1119 1481 1280 1532 πάλιν
1323 1483 1393 1544 ὡς
1427 1485 1536 1534 ἀπὸ
1584 1484 1764 1552 μιλίου

191 1560 310 1623 ἐνὸς
352 1564 632 1632 εὑρίσκεις
699 1572 1040 1633 καστέλλιον,
1094 1574 1152 1623 ἐν
1304 1576 1453 1625 ἐστιν
1504 1576 1768 1642 ἐκκλησία

197 1655 438 1723 μεγάλη.
482 1658 575 1708 καὶ
608 1659 902 1725 λεγόμενον
959 1664 1330 1734 Ἐπτάττηγον,
1361 1667 1419 1717 ἐν
1447 1661 1491 1734 ᾧ
1536 1670 1764 1740 ἐποίησε

190 1743 249 1795 τὺ
281 1745 471 1812 θαῦμα
539 1749 645 1800 τῶν
694 1753 854 1804 πέντε
910 1755 1092 1822 ἄρτων
1143 1757 1238 1808 καὶ
1287 1757 1379 1810 δύο
1409 1759 1628 1828 ἰχθύων.
1659 1763 1765 1814 Καὶ

194 1836 363 1888 πάλιν
415 1838 493 1901 ὡς
559 1841 668 1894 61:6
699 1843 895 1911 μιλίων
947 1845 1061 1908 δύο,
1122 1849 1272 1900 ἐστὶν
1316 1850 1606 1918 ἐκκλησία,
1637 1854 1694 1903 ἐν

189 1928 382 1983 ἐστινό
421 1929 570 1993 οἶκος
617 1935 713 2000 τῆς
769 1937 1136 2006 Μαγδαληνῆς
1207 1942 1288 2002 είς
1340 1942 1430 1993 τὸν
1475 1943 1637 1995 τόπον
1676 1948 1767 1995 τὸν

189 2021 531 2091 καλούμενον
580 2026 868 2091 Μαγδαλᾶ,
936 2029 1063 2081 ἔνθα
1114 2032 1483 2101 ἐθεράπευσεν
1541 2035 1766 2105 αὑτὴνὸ

193 2107 421 2180 Κύριος.
457 2115 590 2167 Ἀπὸ
616 2116 671 2168 δὲ
712 2118 819 2169 τῶν
868 2120 1041 2172 ἐκεῖσε
1095 2123 1319 2193 εἰσέρχῃ
1379 2126 1457 2186 εἰς
1486 2125 1640 2177 πόλιν
1667 2126 1767 2193 τῆς

190 2202 512 2272 Τιὸεριάδος
548 2222 562 2236 ο
618 2207 807 2278 διέρχη
868 2209 924 2261 δὲ
989 2214 1154 2279 μέσον
1207 2213 1297 2265 τοῦ
1348 2215 1614 2282 κὰστρου,
1672 2215 1766 2269 καὶ

193 2298 519 2364 περιπατεῖς
553 2298 704 2364 μίλια
737 2299 949 2362 δεκαέξ,
982 2302 1075 2353 καὶ
1107 2302 1384 2370 εὑρίσκεις
1418 2304 1608 2373 βρὺσιν
1641 2305 1767 2357 ὕδα-

190 2403 300 2448 τος.
334 2389 391 2438 ἐν
500 2389 925 2458 κατελήφθησαν
975 2393 1021 2443 οἱ
1073 2393 1230 2444 ἐννέα
1286 2394 1551 2463 μαθηταί.
1617 2396 1768 2448 Ἐκεῖ

191 2480 307 2528 ἐστι
333 2479 430 2529 καλ⁵
458 2481 483 2531 ὁ
514 2480 697 2542 τόπος,
731 2482 788 2532 ἐν
824 2475 868 2548 ᾧ
904 2482 1208 2552 ηὑλόγησεν
1235 2486 1262 2535 ὁ
1309 2486 1644 2554 Μελχισεδὲκ
1677 2487 1765 2540 τὸν

204 2566 474 2635 Ἀϐραάμ.
505 2570 612 2621 Καὶ
640 2571 841 2642 ἀνέρχῃ
884 2573 1037 2640 μίλια
1095 2575 1207 2638 δύο,
1242 2575 1333 2626 καὶ
1360 2575 1639 2644 εὑρίσκεις
1668 2577 1764 2646 τὴν

192 2658 466 2719 Ναζαρέτ.
506 2661 613 2712 Καὶ
673 2663 806 2713 ὠσεὶ
857 2662 1012 2725 τόξου
1079 2663 1205 2734 βολὴ
1249 2666 1394 2716 ἐστιν
1427 2668 1459 2734 ἡ
1505 2670 1668 2736 συκῆ,
1697 2668 1763 2737 ἣν

193 2750 577 2817 ἐκατηράσατο
623 2754 650 2804 6
712 2753 968 2818 Χριστὸς,
1034 2753 1163 2805 ἔνθα
1229 2753 1256 2804 6
1315 2757 1609 2827 Ναθαναὴλ
1672 2761 1764 2811 τὸν

189 2840 454 2893 Φίλιππον
511 2843 756 2912 ἐφώνησε
815 2844 918 2895 τόδ
977 2847 1080 2898 Ἐκ
1135 2845 1391 2913 Ναζαρὲτ
1425 2847 1678 2900 δύναται
1712 2865 1761 2901 τι

187 2932 417 3000 ἀγαθὸν
487 2929 681 2998 absus;
737 2937 1232 3005 Ἀνατολικώτερον
1285 2938 1342 2989 δὲ
1397 2938 1581 2990 αὑτῶν
1644 2943 1762 2991 ἐστι

188 3023 386 3074 σκαλία
427 3022 568 3091 βτμ’.
601 3025 831 3095 Ἀνέρχῃ
861 3031 954 3078 καὶ
987 3028 1066 3086 είς
1102 3028 1160 3078 τὸ
1193 3026 1582 3090 δ.δασκαλείον,
1627 3030 1684 3079 ἐν
1719 3021 1762 3094 ᾧ

1887 579 1968 623 est
1991 570 2131 634 fons.
2164 573 2216 624 in
2254 588 2362 642 quo
2391 573 2547 628 Joun.
2574 573 2888 632 Praecursor
2917 580 3246 648 baptizabat.
3269 582 3344 638 Ex
3376 601 3437 641 ea

1885 672 2035 729 parte
2057 673 2139 716 est
2168 667 2423 733 oppidum
2462 667 2826 735 Caperuatttu,
2857 671 2947 725 ubi
2981 673 3254 728 habitabat
3284 677 3442 730 Chri-

1885 765 2003 807 stus
2040 766 2090 807 et
2127 755 2265 808 Deus
2300 767 2508 812 noster.
2551 759 2630 812 Ad
2665 761 2780 814 lucc
2816 761 3013 816 domus
3045 763 3304 837 'l‘heologi
3337 767 3441 822 ibi-

1882 844 2002 896 dem
2054 843 2188 906 fuit,
2233 852 2286 898 et
2329 850 2664 905 centurionis
2717 853 3085 918 mir-aeulunt;
3128 857 3440 928 ibidemque

1880 933 2129 987 laxarunt
2159 936 2514 1006 paralyticum
2543 955 2661 992 cum
2689 949 2912 1010 grabato
2947 959 2972 995 a
3004 953 3169 999 tecto.
3204 945 3437 1009 Rursus.

1881 1026 2029 1078 mille
2073 1041 2239 1095 prope
2289 1043 2479 1095 passus
2523 1030 2767 1095 ulterius.
2814 1045 3003 1088 cautes
3055 1036 3283 1098 eminet.
3322 1053 3441 1105 qua:

1878 1117 2089 1185 signum
2121 1120 2301 1172 crucis
2326 1135 2644 1187 expressum
2673 1123 2852 1185 habet,
2900 1125 2988 1178 ubi
3020 1126 3277 1181 Dominus
3316 1145 3438 1181 mu-

1878 1211 2066 1264 licrem
2095 1208 2239 1263 lluxu
2276 1213 2560 1280 sanguinis
2605 1215 2902 1269 cruciatam
2928 1221 3160 1272 sanavit.
3188 1217 3433 1275 Totidem
3533 1212 3542 1221 ’

1879 1301 2063 1369 utique
2103 1302 2300 1355 abhinc
2343 1304 2617 1370 passibus.
2683 1306 2896 1360 invenis
2941 1310 3214 1363 raSteIlum
3246 1312 3298 1364 in
3328 1326 3437 1380 quo

1875 1392 2133 1446 :cdilicata
2167 1403 2250 1446 est
2295 1395 2525 1447 ecclesia
2566 1410 2784 1457 magna.
2819 1399 2963 1466 quod
2997 1400 3196 1452 dicitur
3241 1400 3438 1471 llepla-

1875 1496 2098 1551 pegum;
2155 1496 2264 1550 quo
2315 1482 2367 1534 in
2428 1483 2546 1537 loco
2594 1484 2846 1541 Christus
2893 1486 3061 1541 edidit
3115 1489 3434 1543 miraculum

1873 1572 2114 1639 quinque
2147 1587 2345 1640 panum
2380 1582 2432 1626 et
2468 1574 2700 1627 duorum
2750 1575 3003 1643 piscium.
3048 1577 3242 1632 Postea
3274 1581 3437 1634 milli-

1873 1663 1976 1716 bus
2027 1664 2193 1716 ferme
2241 1663 2454 1717 duobus
2511 1664 2744 1718 ecclesia
2798 1669 3042 1733 quaedam
3101 1677 3208 1733 est.
3270 1681 3433 1739 atque

1869 1753 2031 1806 etiam
2068 1755 2261 1808 domus
2289 1752 2640 1824 Magdaleme,
2666 1756 2731 1809 ad
2761 1757 3036 1827 regionem
3063 1775 3181 1828 quae
3209 1771 3434 1815 vocatur

1871 1844 2134 1914 Magdala,
2183 1846 2270 1898 ubi
2331 1844 2590 1900 Dominus
2637 1861 2754 1900 eam
2805 1850 3038 1903 sanavit.
3074 1850 3152 1903 Ab
3197 1851 3266 1906 iis
3300 1851 3433 1906 locis

1872 1937 2134 2003 migrans.
2164 1934 2464 2004 ingrederis
2493 1935 2547 1987 in
2575 1936 2828 2003 oppidum
2857 1938 3163 1992 Ttberiadis
3187 1956 3202 2006 ;
3229 1941 3433 1994 transis

1872 2043 1965 2096 per
2026 2028 2261 2080 medium
2319 2027 2578 2091 castelli;
2641 2038 2694 2081 et
2743 2029 3092 2099 progrederis
3155 2033 3428 2086 sexdecim

1873 2120 2037 2172 millia
2082 2135 2378 2188 passuum,
2433 2130 2599 2189 atque
2643 2119 2855 2175 invenis
2911 2137 3064 2189 aqua:
3111 2122 3339 2188 fontem,
3377 2125 3429 2177 in

1869 2227 1976 2280 quo
2028 2213 2202 2266 relicti
2260 2211 2484 2264 fuerunt
2537 2227 2730 2265 novem
2786 2213 3058 2281 discipuli.
3118 2214 3297 2270 Locus
3345 2225 3430 2271 est

1872 2306 2088 2367 ibidem,
2139 2304 2189 2356 in
2244 2319 2352 2372 quo
2391 2303 2749 2358 Melchisedec
2787 2304 3059 2358 benedixit
3096 2306 3426 2362 Abrahamo.

1867 2395 1997 2448 ltcm
2031 2395 2305 2462 profectus
2333 2396 2440 2447 duo
2471 2395 2660 2457 millia,
2693 2397 2900 2462 reperis
2935 2395 3222 2450 Nazareth.
3262 2398 3321 2452 Et
3360 2402 3426 2453 ad

1869 2484 2182 2551 tz-lijactuut
2217 2486 2352 2540 licus
2382 2495 2485 2547 est.
2517 2486 2606 2538 cui
2646 2487 2978 2555 imprecatus
3011 2497 3096 2543 est
3127 2489 3378 2544 Chrisms
3412 2510 3426 2546 :

1869 2576 1957 2627 ubi
1989 2575 2285 2628 Nathanacl
2315 2576 2379 2628 ad
2426 2576 2725 2643 Philippum
2763 2577 3126 2631 exclamavit:
3162 2576 3430 2647 Numquid

1865 2681 1929 2718 ex
1962 2664 2231 2719 Nazareth
2264 2667 2465 2734 aliquid
2494 2667 2615 2719 boni
2644 2683 2754 2720 esse
2779 2677 2946 2736 potest
2981 2667 3041 2721 ⁸2
3090 2668 3317 2737 Propius
3362 2673 3428 2723 ad

1867 2758 2131 2810 orientem
2176 2761 2377 2826 gradus
2437 2767 2566 2810 sunt
2603 2758 2684 2812 his
2727 2757 2875 2810 mille
2922 2759 3151 2811 trecenti
3193 2759 3428 2826 quadra-

1865 2851 2046 2917 ginta;
2087 2849 2310 2915 proinde
2333 2847 2585 2900 ascendis
2618 2849 2682 2899 ad
2715 2848 2956 2901 scholam
3003 2848 3054 2900 in
3095 2863 3200 2916 qua
3240 2849 3426 2902 docuit

1866 2939 2118 2993 Christus
2149 2941 2449 3008 apostolus,
2485 2941 2706 2993 dicens:
2735 2937 2844 3007 Ego
2880 2939 3012 2992 vado
3051 2947 3101 2991 ct
3128 2954 3377 2991 assumar
3405 2953 3426 3001 ;

1867 3029 2125 3084 abscedite
2172 3033 2329 3083 etiam
2392 3047 2503 3093 vos,
2558 3039 2606 3084 et
2657 3029 2834 3083 docete
2887 3046 3002 3098 qua:
3049 3031 3202 3082 dot-ui
3262 3046 3348 3083 vos
3383 3029 3423 3084 ³.

188 3115 467 3168 ἐδίδασκεν
497 3117 524 3168 6
554 3117 788 3185 Χριστὸς
821 3121 948 3180 τοὺς
973 3119 1331 3182 ἀποστόλους,
1377 3119 1579 3186 λέγων.
1613 3119 1762 3188 Ἐγὼ

1867 3120 2040 3190 Pri-pe
2073 3124 2211 3174 hanc
2244 3122 2482 3176 scitulam
2513 3124 2578 3176 ad
2614 3125 2917 3191 aquilonem
2950 3133 3030 3177 est
3056 3123 3201 3176 azdes
3229 3138 3423 3177 sacra:

184 3207 397 3274 ὑπάγω
426 3207 850 3275 ἀναληφθῆναι
881 3225 894 3239 ·
920 3211 1211 3265 ἀπέλθετε
1257 3209 1353 3262 καὶ
1398 3211 1566 3278 ὑμεῖς
1586 3250 1601 3277 ,
1662 3214 1758 3265 καὶ

184 3291 466 3354 ὃιδάξιιτε
488 3293 636 3360 ἅπερ
660 3295 908 3358 ἐδίδαξα
934 3297 1111 3364 ὐμιὶς.
1145 3299 1378 3368 [Ιλησίον
1401 3301 1456 3351 δὲ
1491 3301 1583 3352 τοὺ
1606 3302 1750 3353 διδα-

187 3385 442 3435 σκαλείου
484 3385 620 3454 πρὸς
651 3385 853 3455 βορρᾶν
876 3390 1022 3440 ἐστιν
1049 3389 1331 3458 ἐκκλησία.
1362 3391 1540 3443 Μέσον
1577 3392 1634 3444 δὲ
1668 3394 1765 3463 τῆς

185 3474 489 3544 ἐκκλησίας
526 3476 745 3529 ἵσταται
781 3477 948 3540 λίθος,
985 3481 1066 3542 είς
1108 3480 1166 3531 ὃν
1199 3483 1330 3550 ἔστη
1367 3482 1620 3552 Χριστὸς,
1670 3485 1765 3537 καὶ

183 3568 487 3636 ἀνελήφθη.
522 3569 754 3634 Λέγεται
790 3569 846 3621 δὲ
874 3572 900 3621 6
926 3569 1083 3635 ἅγιος
1107 3571 1276 3633 λίθος.
1310 3574 1400 3632 Εἰς
1432 3575 1674 3643 κεφαλὴν
1705 3575 1761 3627 δὲ

183 3656 278 3708 τοῦ
305 3657 464 3725 ὅρους
505 3659 610 3711 τῶν
641 3659 871 3711 Ἐλαιῶν
920 3664 1058 3730 πρὸς
1100 3664 1304 3732 βορρἄ
1331 3663 1437 3715 ἀπὸ
1459 3664 1760 3734 διαστήμα-

182 3763 270 3807 so;
308 3749 503 3815 μιλίων
529 3750 726 3812 δεκαέξ
756 3753 932 3803 κεῖται
966 3753 993 3803 6
1017 3755 1164 3819 ἆγιο,
1200 3754 1452 3824 Σαμουὴλ
1477 3758 1502 3808 6
1535 3757 1708 3825 μέγας
1743 3773 1756 3788 ·

185 3837 281 3889 καὶ
319 3839 455 3905 προς
487 3840 754 3911 ἀνατολὴν
809 3843 906 3895 τοῦ
957 3843 1120 3912 ὅρους
1169 3846 1242 3908 ὡς
1299 3847 1405 3899 61:6
1439 3849 1615 3917 μιλίου
1643 3850 1762 3912 ἑνός

183 3929 693 4000 ἐστινήΒηθλνία,
751 3933 879 3986 ἔνθα
942 3935 1244 4007 ἀνέστησεν
1297 3938 1391 3991 τὸν
1452 3938 1760 4008 Λάζαρονό

182 4029 442 4097 Χριστός.
481 4025 976 4095 ’Δνατολικὼτερον
1009 4028 1065 4079 δὲ
1085 4028 1184 4096 τῆς
1213 4027 1480 4097 Βηθανίας
1506 4032 1682 4083 κεῖται
1723 4031 1752 4082 6

184 4118 341 4184 ᾰῖιος
374 4117 649 4191 Εὑθὺμιος
674 4118 702 4169 6
733 4119 928 4186 μέγας,
969 4119 1222 4185 καὶπρὸς
1253 4119 1522 4189 ἀνατολὴν
1550 4120 1625 4182 ὼς
1651 4121 1758 4174 61:6

188 4210 384 4278 μιλίων
414 4209 622 4260 δώδεκα
656 4209 806 4260 ἐστὶν
836 4208 1124 4278 ἐκκλησία,
1154 4203 1558 4276 ἐνῷκαθίσαςό
1584 4211 1757 4279 ’Δδὰμ

183 4302 450 4353 ἔκλαυσεν
483 4299 743 4353 ἀπέναντι
774 4298 868 4351 τοῦ
906 4299 1261 4368 παραδείσου.
1319 4301 1552 4370 Πλησίον
1585 4302 1640 4354 δὲ
1661 4304 1755 4371 τῆς

183 4394 359 4462 αὐτῆς
392 4393 686 4461 ἐκκλησίας
717 4393 865 4444 ἐστὶν
889 4394 914 4444 6
953 4387 1100 4454 οἶκος
1145 4392 1238 4445 τοῦ
1274 4393 1548 4462 Ἰωακεὶμ,
1595 4410 1758 4463 μονα-

1867 3227 2026 3282 atque
2064 3215 2115 3266 iu
2147 3215 2323 3266 medio
2355 3215 2501 3268 illius
2533 3224 2642 3267 stat
2677 3215 2832 3280 lapis,
2866 3216 2916 3266 in
2950 3229 3057 3283 quo
3088 3216 3238 3268 stetit
3269 3214 3427 3268 Chri-

1866 3315 2004 3369 stus,
2041 3315 2095 3358 ct
2137 3315 2451 3370 assumptus
2482 3315 2610 3358 est:
2655 3304 3080 3372 nominaturque
3133 3306 3220 3357 hic
3283 3304 3423 3373 lapis

1867 3412 2042 3452 sacer.
2072 3397 2128 3449 In
2155 3397 2286 3464 jugo
2326 3406 2504 3450 autem
2542 3397 2740 3450 montis
2769 3393 3045 3448 Olivarnm
3078 3394 3147 3447 ad
3177 3397 3422 3454 boream.

1867 3493 2105 3546 millilms
2140 3494 2414 3545 sexdecim
2467 3506 2749 3560 passuum,
2793 3489 3049 3544 conditus
3088 3499 3168 3544 cst
3198 3503 3425 3544 sanctus

1868 3582 2090 3636 Samuel
2135 3599 2407 3652 magnus:
2448 3591 2502 3635 et
2546 3582 2612 3635 ad
2671 3581 2934 3635 orientem
2992 3583 3214 3642 ntontis.
3265 3582 3422 3650 quasi

1867 3675 2014 3728 mille
2049 3689 2309 3742 passuum
2361 3672 2558 3741 spatio,
2589 3671 2872 3735 Bethania,
2908 3671 2998 3724 ubi
3031 3671 3283 3726 Christus
3312 3671 3424 3726 La-

1864 3781 2050 3819 zarum
2084 3766 2340 3819 excitavit
2374 3780 2401 3816 a
2443 3764 2695 3816 mortuis.
2741 3763 2910 3816 Porro
2945 3765 2996 3817 in
3035 3765 3206 3834 magis
3242 3765 3424 3819 orien-

1862 3858 1955 3912 tali
1987 3865 2138 3925 parte
2161 3855 2441 3910 Bethania:
2478 3857 2614 3908 tixus
2655 3863 2737 3908 est
2783 3864 3006 3926 sanctus
3050 3870 3278 3924 magnus
3312 3853 3423 3908 Eu-

1864 3950 2126 4020 thymius.
2181 3948 2420 4017 itemque
2495 3946 2560 3999 ad
2625 3947 2888 4000 orientem
2961 3946 3181 4000 circiter
3255 3946 3422 4000 millia

1862 4041 2168 4105 duodecim,
2197 4049 2280 4094 est
2301 4037 2528 4094 ecclesia
2561 4037 2612 4090 in
2640 4038 2761 4091 loco
2811 4037 2900 4090 ubi
2935 4036 3226 4091 considens
3253 4037 3421 4091 Adam

1862 4131 2004 4185 ﬂevit
2036 4147 2065 4185 e
2091 4129 2307 4199 regione
2337 4127 2602 4197 paradisi.
2635 4126 2808 4196 Prope
2850 4127 3138 4181 ecclesiam
3189 4136 3274 4181 est
3321 4127 3422 4182 do-

1862 4238 1983 4276 mus
2017 4220 2291 4282 'Joachim,
2326 4219 2737 4272 monasterium.
2768 4220 2944 4285 Atque
2984 4216 3050 4270 ad
3098 4218 3417 4271 orientalem

1863 4313 2181 4368 monasterii
2220 4322 2425 4381 partem
2462 4309 2686 4364 circiter
2714 4319 2950 4377 quatuor
2986 4309 3180 4372 millia,
3220 4318 3302 4362 est
3333 4309 3422 4363 Je-

1861 4406 2047 4459 richo:
2073 4415 2124 4458 et
2157 4406 2220 4458 ad
2256 4403 2564 4472 aquilonem
2595 4399 2813 4456 Iericho
2845 4401 3062 4452 circiter
3089 4415 3182 4453 sex
3227 4399 3420 4459 millia.

185 4488 430 4556 στήριον.
500 4485 642 4554 Πρὸς
712 4483 974 4553 ἀνατολὴν
1005 4483 1062 4535 δὲ
1131 4483 1224 4536 τοῦ
1286 4486 1651 4554 μοναστηρίου
1682 4486 1756 4548 ὡς

1867 4494 2065 4548 Edessa
2100 4493 2206 4548 sita
2240 4500 2346 4553 est.
2384 4491 2568 4560 ibique
2603 4490 2808 4544 conditi
2837 4489 3011 4559 Cyrus
3059 4497 3112 4542 et
3154 4487 3416 4544 Joannes.

183 4579 296 4631 ἀπὸ
349 4576 542 4645 μιλίων
599 4576 881 4642 τεσσάρων
939 4576 1088 4626 ἐστὶν
1197 4574 1426 4645 Ἰεριχὼ·
1488 4576 1752 4644 καὶπρὸς

184 4668 394 4741 βορρᾶν
455 4667 555 4735 τῆς
625 4666 835 4736 Ἰεριχὼ
892 4665 966 4727 ὡς
1020 4665 1127 4718 ἀπὸ
1196 4666 1388 4734 μιλίων
1417 4665 1476 4731 ἐξ
1508 4667 1654 4717 ἐστιν
1719 4666 1752 4734 ἡ

185 4762 449 4822 Ἔδεσσα,
481 4759 609 4811 ἐνοα
632 4762 810 4810 κεῖται
865 4757 1048 4826 Κῦρος
1099 4759 1193 4809 καὶ
1221 4758 1491 4825 Ἰωάννης.
1534 4759 1671 4825 Πρδς
1698 4756 1753 4808 δὲ

179 4855 279 4921 τῆς
305 4849 570 4918 ἀνατολῆς
623 4849 723 4920 τῆς
755 4847 969 4917 Ἰεριχὼ
1026 4848 1101 4910 ὡς
1155 4850 1262 4900 61:6
1331 4849 1522 4918 μιλίων
1587 4850 1755 4915 τριῶν

187 4948 370 4997 κεῖται
409 4945 436 4995 6
467 4942 619 5007 ἆγιος
655 4941 960 5007 Γεράσιμος
1011 4941 1089 5002 εἰς
1119 4938 1453 4990 καστέλλιον.
1492 4938 1598 4989 Καὶ
1647 4938 1755 4988 61:6

185 5037 384 5106 μιλίων
413 5034 505 5086 δύο
562 5031 678 5084 ἐστὶ
707 5032 766 5082 τὸ
799 5033 1162 5100 μοναστήριον
1203 5029 1295 5082 τοῦ
1342 5031 1489 5082 ὁσίου
1531 5028 1755 5097 Ζωσιμᾶ

179 5127 280 5181 τοῦ
339 5128 601 5194 μεγάῑου,
666 5123 796 5174 ἔνθα
849 5125 1046 5184 κεῖται,
1107 5123 1202 5171 καὶ
1240 5121 1469 5183 πλησίΝ
1527 5119 1755 5172 αὑτοῦὁ

181 5220 337 5287 ἅγιος
370 5218 654 5286 ’Ᾱνθιμος.
695 5216 801 5268 Καὶ
835 5215 969 5284 πρὸς
995 5212 1263 5280 ἀνατολὴν
1285 5211 1384 5280 τῆς
1419 5210 1629 5280 Ἱεριχὼ
1679 5209 1752 5273 ὡς

182 5313 296 5367 ἀπὸ
328 5311 519 5380 μιλίων
574 5308 720 5360 ὀκτώ
785 5308 933 5358 ἐστιν
962 5307 989 5357 6
1033 5303 1328 5372 Ἰορδάνης.
1365 5302 1521 5356 Ἐστι
1549 5303 1604 5355 δὲ
1633 5304 1754 5354 ἐκεῖ

181 5405 425 5474 κάστρον
456 5401 673 5471 μικρὸν,
711 5401 830 5469 ἕχον
866 5398 1157 5467 ἐκκλησίαν
1188 5394 1452 5468 μεγάλην,
1470 5396 1566 5466 τὴν
1584 5396 1746 5462 ἁγίαν

184 5495 416 5565 Τριάδα.
481 5493 592 5545 Καὶ
643 5492 722 5554 είς
775 5490 866 5544 τὸν
910 5491 1156 5558 αἰγιαλὸν
1181 5487 1274 5542 τοῦ
1312 5487 1558 5556 ποταμοῦ
1605 5490 1750 5539 ἐστιν

187 5584 455 5656 ἑκκλησία
481 5582 573 5636 τοῦ
632 5581 970 5655 Προδρόμου.
1025 5584 1136 5636 Καὶ
1169 5583 1248 5644 είς
1281 5581 1380 5650 τὴν
1415 5581 1622 5650 κόγχην
1651 5579 1751 5649 τῆς

270 5775 476 5827 ’Junu.
516 5789 554 5838 ι,
593 5771 680 5824 66.
760 5771 956 5827 Ποσει.
1004 5789 1115 5832 xw.
1145 5770 1237 5825 28.

1857 4587 1987 4640 Item
2037 4586 2104 4638 ab
2154 4584 2364 4638 oriente
2413 4580 2631 4637 Jericho
2692 4581 2848 4649 quasi
2918 4581 3095 4634 tribus
3154 4580 3414 4644 millibus.

1858 4677 2114 4731 conditus
2148 4674 2314 4727 distat
2360 4681 2583 4726 sanctus
2610 4668 2931 4724 Gerasimus
2969 4686 2982 4722 :
3029 4669 3179 4722 locus
3209 4677 3293 4722 est
3327 4682 3419 4722 ca-

1859 4767 2092 4821 stellum.
2124 4763 2192 4817 Et
2219 4781 2246 4815 a
2281 4761 2492 4816 duobus
2526 4761 2763 4814 millibus
2796 4769 2879 4814 cst
2912 4760 2978 4812 ad
3022 4760 3413 4812 monasterium

1857 4855 2190 4909 venerabilis
2242 4851 2472 4906 Zosima:
2527 4851 2729 4920 magni.
2779 4850 2866 4902 ubi
2923 4849 3169 4917 sepultus
3221 4855 3322 4910 est.
3365 4856 3419 4900 et

1855 4945 2007 5013 juxta
2041 4946 2216 5012 ipsum
2244 4952 2470 4997 sanctus
2495 4943 2804 4995 Anthimus.
2841 4940 2909 4994 Et
2939 4940 3003 4991 ad
3036 4941 3299 4992 orientem
3329 4936 3420 4991 Je-

1862 5037 2039 5098 rieho.
2077 5044 2201 5089 octo
2237 5034 2456 5089 circiter
2489 5033 2746 5096 millibus,
2783 5043 2865 5085 est
2912 5028 3202 5084 Jordanes.
3249 5029 3418 5082 Porro

1861 5128 1931 5181 ibi
1983 5137 2067 5180 cst
2126 5129 2408 5181 castellum
2457 5126 2735 5193 exiguum.
2787 5122 2877 5176 ubi
2928 5122 3161 5177 ecclesia
3221 5135 3417 5188 magna

1859 5230 2061 5273 structa
2113 5228 2216 5285 est,
2273 5221 2332 5273 S.
2383 5217 2634 5273 Trinitati
2689 5217 2892 5271 dicata.
2932 5217 3063 5270 Item
3119 5213 3186 5268 ad
3243 5215 3412 5280 ripam

1858 5311 2006 5365 ﬂuvii
2039 5320 2125 5366 est
2165 5311 2424 5379 templum
2465 5308 2749 5363 Prodromi
2782 5325 2795 5361 :
2828 5316 2882 5362 et
2912 5308 2963 5359 in
2993 5308 3202 5359 concha
3240 5304 3415 5357 eccle—

1852 5404 1946 5458 siae
1977 5405 2110 5470 lapis
2142 5413 2462 5470 compactus
2496 5409 2604 5464 est,
2646 5401 2702 5454 in
2730 5414 2838 5468 quo
2882 5397 3031 5453 stetit
3077 5395 3416 5458 Praecursor,

1853 5507 1975 5547 cum
2035 5490 2314 5545 Christum
2368 5489 2686 5560 baptizavit.
2737 5493 2815 5541 Ac
2870 5495 3024 5540 trans
3072 5482 3364 5538 Iordanem
3399 5521 3413 5544 ,

1859 5593 2114 5650 tanquam
2170 5581 2235 5635 ad
2289 5581 2433 5636 mille
2488 5594 2700 5649 passus,
2733 5585 2816 5633 est
2864 5576 3122 5648 spelunca
3169 5571 3411 5641 ejusdem
