4148 6334
617 335 718 399 ΞἾῙ

1448 324 1838 383 ΕΡΙΡΗΛΝΙΙ
1885 323 2038 383 MUN
2055 322 2227 381 ACHI
2265 319 2709 391 ENAliRA'l‘lU
2749 312 3015 371 SYRLE.

3765 302 3868 363 27:?

3835 317 3856 332 υ

617 454 891 509 t'rodomi.
950 447 1150 504 Deinde
1180 429 1270 499 had
1315 453 1561 498 austrum
1617 440 1914 511 speluncae,
1974 439 2249 502 circiter;

2330 435 2592 506 κκλησίας
2628 435 2843 487 ἵσταται
2864 435 2890 485 6
2922 431 3092 496 λίθος,
3143 429 3202 484 ὲν
3313 428 3435 498 ἵστη
3467 428 3496 479 6
3527 425 3859 496 Πρόδρομος.

618 546 834 613 duobus
863 539 1103 597 millibus
1141 551 1425 610 passuum,
1461 545 1595 586 uxor
1635 530 1796 586 Lothi
1847 542 1977 598 stat,
2017 535 2197 586 instar

2302 531 2432 584 ἑνοα
2458 529 2725 582 ὲϐάπτισε
2755 526 2847 578 τὸν
2887 524 3147 595 Χριστόν.
3197 521 3309 577 Καὶ
3337 522 3512 590 πέραν
3543 518 3635 572 τοῦ
3668 514 3872 586 Ἰορδά-

627 639 895 695 columnae
927 633 1082 699 salis,
1122 640 1267 687 retro
1301 627 1599 696 aspiciens.
1626 625 1802 693 Atque
1832 623 1900 678 ad
1931 624 2196 677 orientem

2332 635 2392 671 ου
2429 616 2629 681 ὡςάπὸ.
2652 614 2831 686 μιλῐου
2874 613 2995 678 ἑνός
3031 615 3148 666 ὲστι
3180 613 3239 666 τὸ
3277 611 3546 681 σπήλαιον
3586 608 3680 663 τοῦ
3730 609 3874 678 Προ-

625 732 802 802 ipsius
832 737 918 784 est
964 726 1211 782 foramen
1254 714 1512 777 emittens
1575 717 1821 780 fumum;
1855 725 2017 785 atque
2047 729 2201 784 egre-

2338 712 2542 802 ρόμου.Δ
2565 710 2680 802 Kal.
2706 707 2844 778 πρὸς
2893 707 3044 760 νότον
3079 707 3175 761 τοῦ
3209 706 3476 777 σπηλαίου
3526 703 3600 766 ὡς
3641 702 3747 754 ἀπὸ
3785 720 3878 769 μι-

623 793 774 875 ditur
821 834 923 874 vox
981 832 1011 870 e
1062 810 1353 873 foramine,
1410 808 1643 862 dicens:
1685 805 1774 859 Va:
1823 803 2102 858 Sodomis.
2136 801 2200 855 Et

2330 800 2436 853 tow
2485 798 2598 865 δύο,
2660 797 2928 864 ἵσταταιή
2979 797 3116 868 γυνὴ
3169 798 3266 850 τοῦ
3326 794 3472 859 Λὼτ,
3520 794 3693 865 στήλη
3729 793 3875 858 άλδς,

631 912 776 965 fama
812 917 917 971 est,
954 902 1292 975 spiraculum
1342 915 1464 955 esse
1517 898 1667 961 Orci,
1718 896 1810 950 ubi
1853 903 1984 950 sunt
2011 895 2201 949 vincti.

2308 893 2584 963 βλέπουσα
2619 892 2861 946 ὄπισθεν.
2897 891 3008 944 Καὶ
3031 892 3167 961 πρὸς
3198 889 3465 959 ἀνατολὴν
3494 888 3666 956 αὐτῆς
3731 887 3882 937 ἔστιν

629 1003 742 1074 ὀπὴ
790 999 1130 1056 ὲκῦάλλουσι
1193 992 1423 1054 καπνὸν,
1480 991 1577 1044 καὶ
1627 987 1914 1059 ἐξέρχεται
1961 986 2112 1056 φωνὴ
2151 986 2214 1074 εκ
2261 986 2360 1056 τῆς
2399 986 2561 1056 ὀπῆς,
2598 993 2848 1054 Λέγουσα,
2887 985 3022 1037 Οὐαὶ
3061 984 3128 1037 τὰ
3163 984 3392 1049 Σοδόμα.
3425 983 3537 1035 Καὶ
3591 983 3816 1042 φέρεται
3853 979 3880 1030 ὁ

631 1072 789 1170 λόγος
820 1100 905 1153 ὅτι
931 1098 966 1167 ἡ
988 1089 1233 1162 ἀναπνοὴ
1265 1085 1361 1141 τοῦ
1391 1084 1557 1157 ’ᾍδου
1583 1084 1753 1147 ἐστὶν,
1789 1082 1919 1136 ἔνθα
1955 1080 2061 1133 εἰσὶ
2099 1072 2392 1146 δεδεμένοι.

698 1197 895 1252 Postea
934 1209 962 1247 a
1011 1190 1289 1258 baptismo
1328 1182 1558 1245 Christi,
1593 1178 1934 1248 longitudine
1975 1183 2209 1245 quatuor

627 1288 864 1346 dierum,
891 1283 1003 1337 itur
1032 1282 1100 1334 ab
1125 1278 1316 1333 urbem
1345 1270 1673 1333 Tiberiadis,
1705 1268 1771 1322 ad
1808 1268 1960 1321 littus
1980 1263 2207 1334 paludis

629 1396 661 1434 a
710 1390 818 1447 qua
850 1372 1118 1428 Iordanes
1165 1368 1321 1424 exit:
1359 1365 1452 1419 ubi
1502 1361 1666 1417 etiam
1718 1359 1952 1428 apostoli
2002 1353 2206 1425 piscati

629 1478 780 1527 sunt.
816 1465 860 1521 Α
892 1461 1182 1518 Tiberiade
1235 1472 1368 1512 vero
1430 1456 1497 1508 ad
1557 1461 1795 1507 montem
1841 1448 2082 1508 Thabor,
2129 1453 2211 1498 est

635 1556 984 1615 intervallum
1025 1551 1192 1606 unius
1221 1547 1329 1603 diei
1363 1564 1377 1599 :
1423 1551 1555 1599 sunt
1589 1551 1771 1593 autem
1816 1536 1881 1587 ad
1918 1546 2209 1585 ascensu:u

637 1653 838 1707 montis
870 1647 1135 1718 graduum
1187 1647 1424 1710 quatuor
1475 1633 1644 1686 millia
1693 1632 1932 1681 trecenta
1973 1620 2215 1689 quadra-

638 1741 786 1809 ginta
818 1755 833 1789 :
871 1711 1060 1804 ibique
1089 1739 1174 1787 est
1208 1741 1366 1784 sacra
1397 1720 1626 1777 mdicula
1664 1729 1715 1771 et
1747 1715 1973 1794 abbates
2005 1711 2212 1766 duode-

2401 1177 2532 1228 Ἀπὸ
2567 1179 2624 1229 δὲ
2676 1177 2773 1247 τῆς
2805 1176 3115 1247 βαπτίσεως
3143 1174 3238 1228 τοῦ
3271 1177 3508 1244 Χριστου
3542 1181 3609 1225 σι’
3660 1177 3881 1244 ἡμερων

2313 1264 2601 1333 τεσσάρων
2628 1265 2934 1334 ἀπέρχεται
2983 1265 3063 1326 εἰς
3091 1262 3192 1334 τὴν
3228 1262 3382 1314 πόλιν
3438 1262 3756 1330 Τιὸεριάδος
3809 1263 3889 1325 εις

2314 1351 2407 1402 τὸν
2434 1352 2679 1419 αἰγιαλὸν
2725 1356 2822 1423 τῆς
2865 1354 3086 1423 λίμνης,
3117 1352 3239 1405 ὅθεν
3267 1353 3548 1420 ἐξέρχεται
3592 1352 3888 1421 Ἰορδάνης,

2316 1442 2444 1496 ἔνθα
2488 1446 2585 1496 καὶ
2634 1449 2681 1498 οἱ
2723 1447 3007 1500 ἀπόστολοι
3040 1446 3315 1516 ἡλίευσαν.
3361 1445 3495 1497 Ἀπὸ
3527 1444 3582 1496 δὲ
3607 1446 3704 1512 τῆς
3740 1444 3897 1495 Τιὸε-

2319 1531 2498 1600 ριάδος
2533 1533 2638 1596 ἕως
2665 1535 2758 1586 τοῦ
2794 1535 2956 1604 ὅρους
2987 1534 3184 1603 Θαὸώρ
3214 1537 3330 1587 ἐστι
3365 1535 3644 1602 διάστημα
3677 1532 3891 1602 ἡμέρας

2323 1624 2474 1690 μιᾶς.
2504 1622 2661 1675 Ἐστι
2683 1625 2738 1676 δὲ
2771 1626 2829 1677 τὸ
2850 1627 3024 1679 ἀνάϐα
3052 1627 3144 1678 τοῦ
3188 1627 3350 1696 ὅρους
3376 1626 3573 1678 σκαλία
3603 1641 3890 1695 respuatur-

2320 1711 2470 1782 χίλια
2539 1713 2830 1781 τριακόσια
2883 1717 3320 1784 τεσσαράκοντα.
3377 1715 3534 1767 Ἔστι
3583 1713 3890 1784 δὲ’λαύρα,

639 1787 786 1809 ο---η
823 1787 832 1789 -
876 1787 923 1791 --
958 1787 985 1804 τ

639 1835 766 1886 ciui.
817 1831 1060 1896 Itemque
1106 1838 1136 1874 a
1185 1819 1329 1873 colle
1361 1813 1580 1867 Thabor
1631 1816 1715 1864 est
1761 1791 1870 1860 iter.
1907 1797 2072 1858 unius
2107 1800 2214 1855 diei

2330 1803 2557 1867 Ξιὸὀάδες
2585 1804 2815 1859 δώδεκα.
2849 1807 3078 1860 Καὶὰπὸ
3103 1806 3163 1858 τὸ
3181 1806 3399 1874 Θαϐὼρ,
3433 1787 3584 1857 ἐστὶν
3621 1805 3737 1865 ὁδὸς
3757 1805 3895 1874 ὴμέ-

636 1938 811 1992 ιιείιυθ
843 1920 909 1973 ad
942 1894 1200 1987 oppidum
1229 1923 1513 1977 maguum,
1545 1902 1688 1972 quod
1725 1901 1778 1953 in
1807 1898 1957 1953 Cana
1984 1894 2221 1949 Galilaeam

643 1984 770 2068 εει-ε
810 2012 864 2064 ἱη
898 1984 1006 2079 qua
1038 2005 1200 2060 etiam
1237 2000 1393 2054 facta:
1429 2003 1557 2050 sunt
1585 1990 1810 2060 nuptiae,
1841 1987 1932 2041 ubi
1965 1984 2222 2062 Christus

647 2056 722 2068 ν’*
758 2056 770 2066 ·
811 2056 864 2064 '"
901 2056 1006 2079 1“"
1045 2056 1085 2060 τί
1667 2056 1681 2060 -

647 2116 836 2172 aquam
868 2100 926 2152 in
961 2096 1145 2149 vinum
1177 2086 1470 2144 convertit.
1495 2083 1590 2136 Est
1612 2082 1777 2135 etiam
1829 2056 2219 2130 monasterium

643 2193 692 2243 in
724 2202 832 2257 quo
860 2181 1185 2237 miraculum
1217 2174 1420 2228 factum
1456 2178 1562 2222 est.

712 2250 920 2334 Deinde
950 2272 1017 2326 ad
1054 2267 1409 2323 Occidentem
1445 2260 1680 2316 Galilaea:
1715 2269 1890 2323 usque
1927 2251 1992 2305 ad
2035 2250 2223 2302 horam

640 2358 1140 2433 sextam,per\-euis
1175 2357 1242 2410 ad
1283 2361 1523 2423 pratum,
1563 2347 1654 2402 ubi
1683 2337 2224 2410 recubuit,populus,

641 2470 697 2515 et
757 2455 1019 2514 Christus
1073 2449 1320 2519 quinque
1366 2458 1532 2514 panes
1583 2435 1891 2492 distribuit.
1951 2433 2224 2484 Prteterea

642 2562 859 2618 pratqu
877 2545 940 2598 ad
975 2537 1337 2595 meditullium
1357 2534 1524 2588 situm
1554 2537 1637 2583 est
1657 2519 2225 2597 paludisGenesaretli

642 2656 707 2696 ac
757 2636 925 2692 maris
985 2627 1314 2685 Tiberiadis.
1353 2624 1436 2678 Ad
1495 2632 1754 2674 occasum
1811 2625 1992 2668 autem
2051 2612 2226 2680 ipsius

649 2729 815 2802 prati,
849 2719 1242 2779 monasterium
1286 2723 1371 2770 est
1413 2728 1476 2767 eo
1515 2709 1646 2775 loci,
1678 2707 1771 2761 ubi
1811 2706 2065 2761 Christus
2096 2704 2231 2755 allo-

645 2799 809 2873 cutus
844 2825 930 2868 est
961 2809 1364 2863 Samaritanam
1397 2819 1412 2855 :
1442 2810 1494 2854 et
1526 2800 1588 2853 ad
1634 2799 1811 2867 ipsum
1856 2811 2005 2847 mare
2058 2807 2229 2863 prope

651 2994 952 3070 pisciculus
980 3007 994 3044 :
1025 2988 1329 3055 eodemque
1352 2983 1407 3038 in
1441 2982 1560 3034 loco
1586 2979 1781 3032 Petrus
1815 2989 1966 3028 mare
1998 2972 2230 3043 pedibus

650 3087 910 3144 calcavit.
941 3097 1114 3145 eoque
1141 3078 1353 3132 calcato
1385 3069 1627 3142 perrexit
1658 3067 1726 3121 ad
1753 3066 2060 3119 Christum.

719 3260 926 3316 Deinde
970 3258 1036 3310 ad
1085 3253 1455 3308 occidentem,
1511 3242 1736 3297 circiter
1781 3238 1942 3292 unius
1983 3236 2089 3290 diei
2137 3235 2230 3286 iti-

650 3369 802 3418 nere,
832 3361 921 3404 est
956 3345 1246 3400 Nazareth.
1285 3337 1555 3404 Deinceps
1589 3348 1616 3384 a
1643 3333 1792 3386 Cana
1833 3327 2073 3381 Galilaaae
2098 3339 2232 3394 pro-

654 3442 919 3497 licisceris
948 3438 1014 3492 ad
1033 3443 1276 3491 sanctam
1305 3433 1493 3484 urbem
1521 3419 1998 3482 Alexandriam,et
2023 3417 2235 3484 ingres-

653 3544 751 3590 sus
796 3530 1096 3597 navigium,
1142 3523 1231 3577 Dei
1286 3534 1387 3588 ope
1439 3515 1557 3574 aliis
1608 3513 1677 3566 ad
1726 3508 2074 3570 Romaniam,
2108 3521 2233 3559 cum

658 3627 761 3680 ﬂde
795 3630 850 3674 et
897 3595 1183 3672 alacritate
1229 3611 1422 3666 multa.
1458 3607 1728 3660 Caeterum
1779 3601 1839 3664 ii,
1896 3610 2125 3664 quorum
2181 3595 2236 3646 in

655 3726 854 3769 manus
891 3709 1072 3763 veniet
1105 3704 1374 3772 scriptum
1426 3699 1529 3751 hoc
1572 3692 1782 3747 minimi
1821 3686 2077 3743 monachi
2111 3684 2239 3753 Epi-

658 3803 869 3876 phanii,
903 3805 1068 3854 orent
1096 3809 1197 3866 pro
1234 3807 1320 3846 me
1353 3805 1456 3860 per
1498 3786 1792 3840 Dominum
1831 3800 1843 3835 :
1881 3794 2011 3834 nam
2052 3793 2117 3832 ex
2157 3777 2237 3829 rei

660 3869 893 3950 veritate
920 3898 1068 3945 certa
1100 3884 1321 3953 scripsi,
1349 3881 1502 3950 juxta
1534 3877 1651 3930 locu
1684 3889 1803 3943 qua:
1838 3869 2148 3940 peragravi,
2187 3875 2239 3919 et

655 3985 769 4040 vidi
796 3981 971 4037 oculis
1000 3976 1159 4032 meis.
1190 3973 1292 4040 Qui
1336 3985 1466 4025 vero
1498 3967 1657 4022 aliter
1700 3971 1952 4025 enarrat,
1997 3959 2238 4025 seipsutu

661 4076 884 4145 decipit,
915 4070 1201 4127 veritatem
1234 4077 1340 4119 non
1372 4059 1705 4133 percipiens.
1734 4052 1977 4110 Gratiam
2010 4048 2240 4104 Domino

667 4164 780 4218 Doo
810 4161 1009 4223 habeo,
1042 4155 1135 4226 qui
1190 4147 1574 4206 corroboravit
1616 4158 1804 4200 servos
1845 4153 1975 4196 suos
2001 4138 2064 4190 ad
2093 4136 2242 4204 ejus-

661 4253 808 4309 modi
850 4252 952 4304 iter
983 4241 1408 4315 aggrediendum
1435 4247 1489 4292 et
1519 4233 1829 4305 spectacula
1877 4227 2235 4283 intuendum:

666 4341 924 4413 quoniam
981 4336 1160 4406 ipsum
1213 4331 1276 4383 D.
1332 4326 1398 4380 Ν.
1455 4328 1610 4379 decet
1649 4322 1820 4392 gloria
1879 4333 2003 4372 cum
2059 4317 2239 4372 Patre,

663 4429 936 4503 principio
982 4432 1225 4484 carentc,
1276 4429 1330 4476 et
1390 4417 1705 4472 viviﬁcante
1759 4420 1953 4466 sancto
2012 4407 2242 4476 Spiritu,

666 4499 936 4577 honoret
987 4514 1237 4570 adoratio
1291 4523 1438 4566 nunc
1490 4516 1544 4562 et
1598 4517 1812 4571 semper
1869 4508 1924 4555 ct
1969 4499 2023 4551 iu
2078 4511 2236 4549 omne

658 4623 866 4667 ovum.
888 4610 1078 4660 Amen.

2326 1913 2423 1964 ρας
2456 1899 2582 1965 μιᾶς
2624 1898 2728 1961 ἕως
2761 1899 2860 1968 τῆς
2899 1899 3107 1960 πόλεως
3129 1901 3226 1968 τῆς
3255 1897 3502 1967 μεγάλης
3532 1899 3629 1966 τῆς
3658 1899 3715 1949 ὲν
3743 1896 3898 1949 Κανᾶ

2323 1990 2423 2057 τῆς
2446 1988 2762 2052 Γαλιλαίας,
2793 1991 2850 2041 ὲν
2952 1991 3176 2056 γέγονεν
3208 1993 3233 2041 6
3268 1990 3467 2058 γάμος,
3487 1988 3614 2040 ἔνθα
3645 1987 3900 2052 ἐποίησεν

2325 2079 2352 2130 6
2391 2079 2621 2146 Χριστὸς
2645 2078 2705 2129 τὸ
2738 2078 2877 2145 ὕδωρ
2929 2074 3092 2131 οἶνον.
3140 2079 3296 2129 Ἔστι
3333 2079 3389 2129 δὲ
3417 2078 3810 2146 μοναστήριον,
3844 2080 3900 2130 ἐν

2324 2161 2368 2235 ᾧ
2395 2169 2455 2220 τδ
2486 2169 2672 2235 θαῦμα
2715 2169 2947 2235 ἐγένετο.

2395 2262 2508 2314 Καὶ
2537 2262 2672 2330 πρὸς
2701 2262 2851 2314 δύσιν
2874 2262 2971 2328 τῆς
2999 2261 3290 2323 Γαλιλαίας
3320 2259 3515 2329 μέχρις
3546 2261 3693 2330 ὥρας
3731 2263 3901 2330 ἕκτης

2327 2353 2547 2422 ἀπέρχῃ
2582 2354 2661 2412 εἰς
2696 2353 2756 2404 τὸ
2782 2354 3042 2414 λιῦάδιον,
3103 2354 3232 2404 ἔνθα
3263 2353 3520 2424 mmor,
3563 2357 3589 2405 6
3622 2353 3770 2415 λαὸς,
3802 2354 3898 2404 καὶ

2327 2443 2561 2495 δέδωκεν
2587 2447 2612 2494 ὁ
2646 2445 2881 2511 Χριστὸς
2917 2445 3042 2503 τοὺς
3067 2457 3229 2494 πέντε
3271 2444 3489 2512 ἄρτους.
3527 2444 3685 2495 Ἔστι
3717 2444 3776 2496 δὲ
3842 2444 3903 2494 τὸ

2328 2533 2566 2587 λιϐάδων
2601 2538 2876 2602 άναμέσον
2911 2535 3007 2603 τῆς
3041 2535 3236 2602 λίμνης
3308 2535 3642 2602 Γενησαρὲτ,
3673 2536 3766 2585 καὶ
3808 2534 3904 2600 τῆς

2331 2624 2607 2694 θαλάσσης
2641 2626 2766 2694 τῆς
2796 2625 3134 2694 Τιϐεριάδος.
3183 2626 3290 2676 Καὶ
3318 2625 3451 2693 πρὸς
3479 2623 3631 2674 δύσιν
3673 2615 3770 2674 τοῦ
3804 2623 3904 2674 αύ-

2331 2716 2424 2768 τοῦ
2455 2716 2700 2768 λιϐαδίου
2734 2717 2851 2767 ἐστὶ
2899 2717 3287 2784 μοναστήριον,
3346 2720 3401 2767 ἐν
3434 2710 3476 2780 ᾧ
3528 2719 3679 2783 τόπῳ
3718 2715 3910 2783 ἐλάλη-

2334 2825 2429 2866 σεν,
2463 2812 2489 2861 6
2523 2808 2761 2878 Χριστὸς
2800 2813 2865 2877 τῇ
2905 2809 3299 2878 Σαμαρείτιδι·
3333 2808 3428 2860 καὶ
3480 2810 3556 2868 εἰς
3585 2807 3682 2876 τὴν
3739 2806 3910 2876 αὐτὴν

2333 2899 2609 2953 θάλασσαν
2670 2901 2748 2961 εἰς
2798 2902 2888 2951 τὸν
2943 2900 3192 2966 αἰγιαλόν
3249 2901 3396 2950 ἐστιν
3454 2898 3742 2966 ἐκκλησία,
3779 2896 3911 2957 ἔνθα

2335 2992 2552 3044 ἵσταται
2593 2992 2620 3043 ὁ
2671 2992 2928 3059 Χριστὸς.
2967 2994 3023 3044 ὲν
3054 2984 3097 3056 ᾧ
3138 2992 3227 3042 καὶ
3269 2993 3300 3059 ἡ
3349 2990 3640 3057 ἁνθρακιά,
3696 2988 3792 3039 καὶ
3849 2984 3907 3039 τὸ

2335 3085 2580 3152 ὀψάριον.
2612 3082 2778 3146 Εξςδὲ
2812 3086 2901 3135 τὸν
2936 3084 3100 3135 αὑτὸν
3139 3085 3303 3135 τόπον
3330 3081 3604 3144 πεζεύσας
3640 3081 3666 3132 6
3703 3078 3912 3148 Πέτρος

2335 3177 2391 3226 ὲν
2428 3175 2676 3244 Θαλάσσῃ
2715 3170 2844 3243 ἦ).οε
2887 3176 3022 3242 πρὸς
3062 3174 3449 3242 τὸν-Χριστόν.

2410 3269 2520 3321 Καὶ
2548 3269 2680 3336 πρὸς
2709 3267 2859 3320 δύσιν
2888 3252 3052 3320 αὑτοῦ
3093 3269 3166 3328 ὡς
3196 3267 3414 3335 ἡμέρας
3451 3266 3579 3333 μιᾶς
3610 3263 3728 3316 ὀδόν
3763 3265 3913 3316 ἐστιν

2335 3362 2368 3429 ὴ
2393 3358 2668 3428 Ναζαρέτ.
2716 3359 2848 3408 Ἀπὸ
2888 3359 2944 3407 δὲ
2987 3357 3146 3409 Κανᾶ
3177 3357 3276 3423 τῆς
3313 3355 3610 3415 Γαλιλαίας
3657 3354 3910 3424 κατέρχῃ

2338 3454 2420 3512 εἰς
2452 3453 2552 3517 τὴν
2593 3451 2754 3515 ἁγίαν
2784 3449 2940 3499 πόλιν
2973 3447 3409 3514 Ἃλεξάνδρειαν,
3456 3432 3549 3498 καὶ
3598 3446 3916 3514 εἰσερχόμε-

2339 3562 2425 3606 νος
2479 3546 2556 3606 εἰς
2620 3544 2801 3594 πλοῖον
2842 3544 2906 3609 τῇ
2944 3539 3041 3592 τοῦ
3101 3538 3237 3590 Θεοῦ
3303 3537 3529 3607 βοηθείᾳ
3581 3537 3781 3605 ἐξέρχῃ
3839 3538 3916 3597 εἰς

2351 3634 2661 3703 Ῥωμανίαν
2692 3636 2829 3702 μετὰ
2866 3631 3101 3691 πίστεως
3134 3631 3230 3681 καὶ
3267 3628 3581 3696 προθυμίας
3610 3627 3916 3695 πολλῆς.οῑ

2339 3728 2395 3780 δὲ
2428 3724 2851 3794 ἐντυγχάνοντες
2882 3722 3011 3790 τῇδέ
3046 3739 3144 3789 μου
3171 3723 3233 3788 τῇ
3282 3722 3472 3789 γραφῇ
3503 3717 3596 3769 τοῦ
3625 3717 3914 3784 ἐλαχίστου

2353 3816 2674 3883 Ἐπιφανίου
2735 3812 2992 3883 μοναχοῦ,
3047 3811 3271 3880 εὔχεσθε
3315 3809 3456 3877 ὑπὲρ
3523 3807 3658 3876 ὲ,μοῦ
3715 3808 3806 3860 διὰ
3829 3807 3917 3860 τὶν

2345 3908 2582 3977 Κύριον·
2618 3909 2714 3974 τὴν
2751 3907 2856 3976 γάρ
2908 3907 3088 3956 πᾶσαν
3115 3872 3401 3971 ’.ἀλήθειαν
3426 3872 3684 3967 -ἒγραιζια,
3737 3872 3932 3961 καθὼς.

2344 4001 2770 4070 περιεπόλευσα,
2826 3999 2918 4051 καὶ
2947 3994 3084 4050 εἶδον
3146 3995 3368 4056 οἰκείοις
3407 3993 3732 4062 ὀφθαλμοῖς.
3776 3991 3835 4041 '0
3865 3988 3918 4040 δὲ

2345 4097 2519 4156 ἄλλως
2572 4092 2927 4162 διηγούμενος
2991 4089 3182 4141 ἑαυτὸν
3230 4087 3579 4157 φρεναπατᾷ,
3609 4085 3686 4151 μὴ
3718 4082 3919 4143 συνιεὶς

2344 4189 2443 4256 τὴν
2478 4186 2763 4254 ἀλήθειαν.
2807 4181 2978 4250 Χάρις
3019 4181 3074 4232 δὲ
3106 4179 3182 4248 τῷ
3215 4179 3331 4243 Θεῷ
3369 4176 3442 4243 τῷ
3479 4172 3919 4240 ἐνδυναμώσαντι

2346 4282 2468 4339 τοὺς
2497 4277 2661 4329 αὑτοῦ
2711 4276 2926 4336 δούλους
2981 4273 3117 4343 πρὸς
3173 4271 3268 4339 τὴν
3330 4267 3588 4334 τοιαύτην
3647 4265 3768 4315 ὁδὸν
3827 4263 3918 4316 καὶ

2350 4372 2603 4438 θεωρίαν,
2635 4369 2714 4419 ὃτι
2766 4365 2913 4433 αύτῴ
2961 4366 3160 4432 πρέπει
3194 4364 3224 4429 ἡ
3260 4361 3389 4423 δόξα
3454 4361 3548 4411 σὺν
3585 4357 3660 4426 τῷ
3702 4356 3919 4422 ἀνάρχῳ

2278 4461 2541 4532 θΠατρὶ,
2596 4461 2691 4513 καὶ
2759 4456 3007 4522 ζωοποιῷ
3058 4455 3156 4508 καὶ
3213 4453 3354 4520 ἁγίῳ
3407 4452 3705 4519 Ηνεύματι,
3765 4446 3917 4515 τιμὴ,

2348 4556 2443 4607 καὶ
2497 4552 2888 4623 προσκύνησις,
2924 4550 3017 4602 νῦν
3046 4547 3140 4601 καὶ
3170 4549 3278 4610 ἀεὶ,
3307 4547 3398 4598 καὶ
3428 4547 3504 4607 εἰς
3534 4543 3660 4603 τοὺς
3693 4539 3917 4600 αἰῶνας.

2367 4650 2559 4710 Ἀμήν.
