4148 6334
1080 432 1176 490 DE
1233 435 1656 496 ItELlGIONE
1694 440 2165 504 Cllll'iSTIANA
2201 449 2600 511 L'lBELLUS.

471 587 2203 621 Ἥ

887 771 1067 882 DE
1132 773 1892 891 RELIGIONE
1970 784 2154 893 CH
2180 789 2838 909 RISTIANA

1569 1039 2149 1130 LIBELLUS

733 1273 820 1329 Ex
896 1269 1254 1350 Epiphanio
1325 1271 1390 1332 in
1456 1273 1744 1335 Latinum
1812 1292 1847 1337 a
1926 1280 2110 1340 Petro
2175 1279 2252 1342 de
2343 1283 2550 1345 Monte
2608 1289 2949 1350 traductus.

435 1460 633 1515 (Latine
666 1465 853 1510 tantum
884 1466 1010 1524 apud
1042 1465 1100 1517 D.
1135 1466 1354 1516 Eniman.
1394 1482 1420 1517 a
1456 1467 1790 1518 Schelestratc
1814 1467 1864 1517 in
1891 1471 2028 1519 Actis
2046 1471 2313 1522 Orientalis
2336 1475 2580 1536 Ecclesia,
2623 1491 2672 1539 ρ.
2708 1478 2788 1528 52.
2815 1479 2980 1529 Roma:
3019 1480 3134 1531 1739
3161 1484 3264 1544 fol.)

285 1805 617 1862 Christianae
652 1808 926 1878 religionis
973 1827 1155 1865 veram
1199 1821 1449 1867 sanctam
1486 1832 1791 1887 puramque
1821 1817 1865 1875 Α
1896 1830 2001 1886 est,
2033 1837 2196 1891 quam
2241 1835 2440 1880 nostrre
2469 1825 2771 1882 infirmitati
2797 1829 3186 1885 ascribendum
3217 1841 3322 1897 est,
3351 1847 3472 1901 qua:

217 1912 339 1954 esse
391 1898 725 1963 doctrinam,
763 1917 926 1968 quam
972 1903 1207 1970 plurima
1254 1904 1414 1958 nobis
1463 1907 1790 1962 documenta

217 1999 368 2053 sunt,
406 2005 529 2059 quae
562 1990 605 2046 si
636 2001 805 2054 recte,
832 1993 877 2046 si
911 1994 997 2062 pie
1028 1995 1388 2050 considerare
1428 1998 1788 2064 voluerimus,

217 2081 575 2152 intelligimus
617 2083 863 2151 profecto
899 2098 1090 2140 omnes
1115 2087 1251 2140 alias
1276 2090 1570 2158 religiones
1603 2091 1791 2156 falsas,

219 2173 401 2238 ﬁctas,
452 2175 646 2229 inanes
680 2191 742 2230 ac
765 2178 1208 2245 superstitiosas,
1245 2183 1387 2235 banc
1411 2199 1542 2238 vero
1578 2187 1790 2240 unicam

215 2269 464 2322 veritatis
514 2269 933 2339 indagatriccm,
998 2273 1472 2345 inventricemqu
1531 2279 1702 2334 fuisse
1774 2298 1785 2331 :

213 2361 482 2430 reliquas,
523 2377 642 2431 qum
683 2370 940 2428 terrena,
987 2369 1309 2434 temporalia
1365 2379 1528 2439 atque
1577 2372 1787 2438 fragilia

219 2461 372 2516 sunt,
401 2455 518 2509 suis
552 2456 1005 2514 observatoribus
1039 2462 1283 2528 polliceri
1323 2481 1336 2515 :
1374 2463 1514 2519 hanc
1545 2468 1788 2521 coelesti—

215 2544 318 2599 bus
350 2550 576 2603 :rternis
615 2563 678 2602 ac
717 2550 1269 2609 inconnnutabilibus
1309 2555 1488 2620 bonis,
1525 2567 1786 2627 perpetua

214 2640 452 2709 denique
481 2643 745 2698 felicitate
776 2645 1022 2699 cultores
1057 2661 1186 2699 suos
1217 2648 1572 2702 ornatissime
1625 2651 1787 2704 deco-

217 2745 359 2784 rare.
397 2733 595 2785 \‘erum
634 2735 697 2787 ad
727 2734 894 2803 hujus
931 2746 1131 2790 nostrae
1169 2738 1449 2805 religionis
1500 2741 1786 2793 veritatem

217 2824 534 2890 pertingere
563 2827 838 2895 cupienti,
889 2830 1373 2896 pernecessarium
1431 2839 1514 2883 est
1554 2833 1788 2884 animam

216 2912 362 2967 vitiis
394 2931 620 2980 exuere,
662 2917 866 2973 vestire
907 2919 1225 2978 virtutibus.
1263 2932 1315 2973 et
1373 2933 1588 2983 sancte,
1641 2923 1792 2989 juste

216 3017 378 3074 atque
421 3011 742 3064 innocenter
775 3013 937 3065 vitam
964 3013 1186 3067 ducere.
1217 3013 1375 3066 Sicut
1414 3015 1560 3067 enim
1602 3016 1790 3084 lingua

219 3099 454 3154 febrium
493 3101 790 3159 ardoribus
827 3105 1124 3174 praepedita
1155 3105 1266 3160 vini
1305 3106 1650 3161 dulcedinem
1692 3124 1794 3176 gu—

216 3203 360 3247 stare
387 3211 494 3249 non
526 3205 745 3265 potest;
775 3206 869 3253 aut
900 3199 1098 3254 oculus
1135 3201 1293 3254 malis
1332 3200 1661 3269 quibusdam
1695 3201 1794 3256 hu-

218 3286 465 3339 moribus
499 3297 804 3355 occupatus
834 3289 1145 3343 claritatem
1187 3290 1412 3344 luminis
1459 3293 1651 3361 nequit
1695 3294 1792 3346 in-

218 3379 392 3443 tueri;
426 3378 506 3430 sic
545 3379 760 3432 animus
801 3388 1156 3447 peccatorum
1190 3383 1433 3435 tenebris
1466 3383 1789 3449 omtscatus,

215 3479 266 3521 et
299 3469 562 3521 vitiorum
599 3469 738 3520 mole
771 3484 1072 3538 oppressus
1131 3472 1198 3523 ad
1236 3475 1655 3541 contemplanda
1708 3478 1792 3529 di-

217 3562 340 3612 vina
391 3563 652 3629 mysteria
711 3563 1021 3631 pertingere
1069 3564 1389 3618 nullatenus
1420 3576 1618 3634 potest.
1657 3567 1789 3618 Pro-

217 3663 404 3720 pterea
471 3652 612 3704 labia
669 3652 822 3705 Isaia}
896 3656 1176 3722 propheta:
1240 3657 1451 3709 calculo
1516 3657 1580 3709 de
1632 3659 1791 3710 altari

218 3755 439 3810 sumpto
467 3744 819 3805 mutnlantnr,
849 3756 902 3798 et
934 3746 1014 3798 sic
1035 3749 1097 3798 ad
1121 3748 1521 3814 praedicandum
1566 3750 1791 3804 iloncus

221 3835 487 3891 redditur.
547 3835 686 3888 Hinc
725 3836 929 3888 factum
965 3855 1086 3890 esse
1115 3840 1518 3894 existimamus.
1575 3850 1631 3892 ut
1668 3842 1792 3893 reli-

218 3926 398 3987 gionis
454 3938 660 3980 nostra:
723 3928 1048 3982 traditiones
1100 3930 1376 3999 plerisque
1430 3933 1791 3986 deliramenta

225 4018 548 4082 rideantur,
613 4019 872 4087 quicum
939 4020 1146 4074 aditum
1215 4023 1361 4076 vitiis
1414 4026 1788 4090 patet‘eccrint,

219 4108 525 4162 virtutibus
559 4111 966 4177 praecluserint,
1000 4113 1223 4164 stultam
1273 4122 1468 4179 putant
1520 4131 1638 4168 esse
1691 4117 1790 4168 do-

218 4200 477 4263 elrinam,
509 4215 631 4268 qua:
663 4210 811 4254 arcet
845 4203 1179 4270 voluptates,
1219 4205 1437 4257 cohibet
1477 4206 1789 4270 illecebras,

221 4292 678 4345 incontinentiam
739 4293 999 4357 damnat,
1062 4295 1334 4348 luxuriam
1395 4297 1681 4362 prohibet,
1741 4307 1794 4351 et

218 4398 416 4438 sensus
451 4394 673 4438 nostros
721 4387 958 4468 ratione,
1026 4387 1228 4440 virtute
1312 4402 1373 4440 ac
1423 4389 1790 4442 sanctimonia

1899 1927 2022 1966 cum
2050 1931 2112 1967 ex
2165 1916 2408 1981 peccatis
2442 1919 2716 1986 praecipue
2753 1922 3062 1988 proveniat,
3098 1937 3196 1977 nos
3226 1924 3472 1992 profecto

1898 2004 2074 2057 reddit
2099 2005 2164 2058 ad
2198 2007 2339 2060 hanc
2369 2008 2656 2061 sublimem
2683 2011 2970 2065 veritatem
3008 2015 3468 2070 considerandam

1900 2096 2209 2152 inferiores.
2245 2099 2509 2168 Quisquis
2539 2101 2705 2167 igitur
2735 2103 2849 2154 vult
2884 2101 3216 2160 Christiana:
3246 2109 3470 2176 religio-

1897 2189 1983 2242 nis
2013 2189 2333 2258 dignitatem
2365 2199 2530 2260 atque
2575 2191 2959 2247 excellentiam
2989 2196 3236 2263 apprime
3268 2197 3475 2249 intelli‘

1896 2295 2041 2343 gere,
2073 2281 2303 2350 ejusque
2341 2283 2658 2339 reconditos
2706 2285 3002 2341 thesauros
3057 2287 3286 2353 intueri,
3322 2289 3475 2356 prius

1896 2372 2109 2427 studeat
2141 2389 2296 2426 suam
2332 2391 2567 2444 purgare
2619 2378 3064 2443 conscientiam;
3118 2388 3173 2433 et
3233 2380 3474 2435 latebras

1896 2463 2088 2517 anisnae
2124 2481 2236 2519 sua:
2267 2467 2557 2534 diligenter
2593 2468 2902 2536 inquirens,
2941 2471 2984 2523 si
3017 2471 3143 2539 quid
3176 2471 3468 2534 invenerit,

1894 2554 2038 2621 quod
2094 2555 2261 2609 Deum
2319 2558 2519 2610 merito
2581 2559 2756 2627 possit
2815 2559 3114 2623 offendere,
3167 2561 3218 2614 id
3279 2560 3471 2629 procul

1895 2647 2136 2714 abjiciat,
2167 2662 2334 2715 seque
2373 2650 2634 2703 mundum
2698 2666 2760 2704 ac
2806 2668 3002 2720 pttrum
3060 2654 3467 2721 receptaculum

1898 2736 2005 2790 Deo
2060 2747 2352 2807 prazparet.
2416 2739 2480 2793 Et
2520 2756 2838 2810 quanquam
2882 2759 2982 2797 nos
3030 2744 3178 2796 velut
3223 2743 3470 2797 homian

1896 2829 2136 2897 peccatis
2199 2829 2417 2882 obnoxii
2473 2832 2672 2899 (nemo
2727 2834 2870 2886 enim
2903 2873 2917 2896 ,
2978 2842 3034 2886 ut
3097 2834 3272 2901 inquit
3325 2835 3475 2887 πται-ἱ-

1896 2929 2052 2988 plura
2089 2922 2129 2982 ',
2160 2921 2382 2989 gloriari
2410 2931 2592 2991 potest
2642 2924 2905 2978 mundum
2957 2941 3015 2980 se
3070 2926 3273 2979 habere
3331 2929 3472 2994 cor),

1897 3026 2154 3066 curamus
2184 3025 2361 3065 tamen
2395 3030 2554 3082 quam
2590 3017 2824 3070 maxime
2858 3024 3020 3084 atque
3062 3017 3127 3070 ad
3170 3017 3217 3069 id
3253 3031 3470 3071 omnem

1900 3103 2267 3172 impendimus
2296 3121 2514 3173 operam
2555 3116 2611 3161 ut
2637 3107 2689 3160 in
2727 3109 2918 3161 semita
2971 3108 3279 3162 divinorum
3320 3126 3470 3163 mau-

1900 3199 2150 3250 datorum
2190 3198 2560 3261 ambulantes,
2621 3199 2869 3253 devotam
2911 3201 3104 3253 saltem
3130 3208 3182 3253 et
3215 3188 3471 3255 humilem

1901 3288 2234 3341 voluntatem
2282 3287 2512 3341 Domino
2548 3290 2931 3346 exhibeamus.
2989 3293 3065 3346 Ac
3093 3301 3378 3361 propterea
3405 3291 3473 3347 de

1901 3379 2074 3447 ipsius
2101 3379 2350 3432 bonitate
2393 3379 2886 3448 misericordiaque
2934 3381 3152 3445 conﬁsi,
3192 3383 3366 3450 quiin
3412 3401 3473 3438 se

1900 3471 2237 3540 sz'l‘atlliltm
2273 3486 2461 3539 preces
2489 3473 2737 3539 exaudit,
2786 3482 2840 3526 et
2902 3489 3000 3542 pro
3059 3475 3269 3530 viribus
3337 3476 3473 3529 bene

1899 3580 2059 3632 agere
2095 3572 2387 3628 conantes,
2421 3580 2528 3616 non
2573 3564 2853 3633 despicit;
2909 3566 3114 3634 aliquid
3161 3567 3228 3622 de
3286 3579 3468 3622 nostra

1899 3653 2024 3706 fidei
2056 3654 2378 3707 excellentia
2406 3655 2650 3708 scribere
2685 3657 3158 3726 ρι’ςηειιιηρεὶιιιιιε,
3198 3674 3305 3726 quo
3347 3658 3470 3712 iuli-

1899 3745 2044 3798 deles
2076 3745 2116 3797 si
2160 3745 2273 3796 fieri
2307 3754 2490 3813 potest
2519 3747 2869 3810 erudiantur,
2916 3749 3230 3818 eruditique
3287 3751 3470 3804 fideles

1901 3850 2025 3887 vero
2062 3835 2318 3888 fortiores
2356 3837 2815 3905 rolntstioresque
2852 3840 3182 3891 etliciantur.

1971 3927 2297 3994 Dignitatem
2361 3928 2686 3982 Christiana:
2739 3929 3023 3997 religionis
3075 3947 3138 3984 ex
3185 3932 3302 3999 ipso
3355 3936 3468 3999 pri-

1899 4033 2045 4069 nium
2085 4017 2406 4071 lnstitntore
2454 4030 2617 4088 atque
2646 4021 2887 4074 Auctore
2946 4023 3073 4075 licet
3127 4025 3352 4087 intueri,
3412 4032 3466 4076 et

1898 4128 2020 4164 eum
2056 4127 2150 4164 ore
2177 4112 2361 4165 divino
2387 4112 2637 4165 instituta.
2681 4114 2773 4176 sit,
2814 4114 3102 4181 solumque
3136 4113 3303 4167 Deum
3366 4115 3467 4167 ha-

1902 4205 2022 4255 beat
2056 4212 2333 4256 auctorem
2373 4220 2384 4254 :
2431 4203 2559 4272 qttid
2596 4205 2791 4255 mirum
2843 4203 2890 4257 si
2951 4221 3145 4258 omnes
3177 4207 3314 4256 alias
3371 4205 3470 4257 do-

1900 4295 2130 4357 ctrinas,
2167 4293 2494 4360 disciplinas
2535 4303 2586 4345 et
2623 4295 2918 4362 religiones
2950 4295 3109 4362 longe
3144 4297 3416 4350 antecedit
3449 4298 3471 4350 ?

1901 4383 2052 4448 Quod
2085 4383 2227 4436 enim
2260 4398 2288 4435 a
2313 4383 2566 4449 digniori,
2601 4384 2922 4449 sapientiori
2962 4392 3130 4453 atque
3190 4387 3465 4440 excellen-

223 4475 496 4542 regendos
525 4490 648 4529 esse
677 4483 934 4530 testatur.
966 4477 1104 4530 Cum
1142 4477 1288 4530 enim
1345 4478 1666 4533 hominibus
1701 4498 1790 4534 ve-
1821 4491 1867 4552 ρ
1902 4478 2026 4529 liori
2085 4475 2394 4528 illslillllum
2446 4483 2526 4527 ρει
2558 4491 2571 4538 ;
2637 4474 2768 4538 illis.
2821 4490 2939 4545 quae
3002 4476 3071 4529 ab
3115 4475 3469 4531 inferioribus

222 4568 358 4620 ritas
391 4566 582 4620 divino
615 4583 837 4621 munere
876 4569 1206 4631 innotescat,
1237 4579 1287 4622 et
1321 4570 1502 4623 omnis
1538 4572 1735 4624 veritas
1761 4586 1790 4625 a

221 4658 432 4727 Spiritu
470 4666 664 4713 sancto
690 4662 760 4712 sit
788 4675 803 4724 ;
837 4661 961 4714 mali
993 4669 1174 4715 autem
1211 4668 1262 4714 et
1294 4662 1440 4714 vitiis
1465 4662 1633 4714 dediti
1666 4661 1793 4731 Spi-

223 4749 362 4802 ritus
394 4750 572 4803 sancti
614 4751 844 4818 gratiam
878 4750 1079 4805 liabere
1115 4767 1225 4804 non
1283 4752 1514 4819 possint,
1576 4752 1794 4806 dicente

219 4839 455 4893 Domino
512 4839 740 4909 :Super
795 4857 946 4911 quem
1002 4844 1284 4910 requiescet
1335 4842 1564 4907 Spiritus
1625 4860 1789 4902 meus.

219 4930 325 4983 nisi
356 4946 514 4997 super
553 4933 802 4986 humilem
831 4941 879 4988 et
929 4935 1162 5002 quietum
1199 4950 1262 4986 ac
1301 4943 1600 4986 trementem
1637 4936 1792 4986 verba

221 5035 339 5072 mea
368 5019 432 5072 ‘?
465 5020 607 5085 Quid
643 5023 866 5088 mirum,
911 5026 954 5077 si
991 5032 1248 5090 peccator
1280 5025 1535 5094 indignus
1567 5035 1669 5082 est.
1706 5027 1790 5076 eui

223 5109 508 5179 religionis
551 5111 881 5167 Christiana:
910 5116 1224 5170 sublimitas
1276 5117 1599 5185 aperiatur?
1659 5116 1792 5168 Nam

223 5203 318 5272 qui
348 5217 409 5257 se
441 5210 619 5256 totum
657 5205 712 5257 in
759 5220 920 5260 coeno
970 5209 1312 5280 voluptatum
1369 5210 1791 5274 mundanarum,

226 5293 375 5345 velut
415 5292 588 5346 susin
616 5291 732 5346 luto
757 5293 1048 5349 involverit
1135 5312 1199 5351 ac
1251 5298 1606 5365 demerserit;
1657 5323 1792 5367 qm.-

228 5383 390 5438 modo
423 5382 626 5453 poterit
659 5390 768 5438 tam
802 5386 1131 5453 profundam
1183 5390 1466 5444 veritatem
1525 5400 1631 5443 tam
1663 5394 1795 5453 alta,

227 5488 451 5546 tamque
482 5485 696 5530 secreta
735 5480 1000 5546 mysteria
1057 5482 1385 5548 speculari?
1422 5482 1552 5547 Quae
1602 5484 1646 5536 si
1687 5483 1797 5543 ple-

228 5579 461 5636 rumque
499 5565 685 5618 minus
716 5565 968 5621 homines
997 5568 1308 5639 intelligant
1344 5589 1508 5642 quam
1570 5574 1792 5636 vellent,

230 5672 333 5712 non
366 5667 476 5713 tam
503 5657 724 5710 illorum
757 5657 1140 5728 profunditati,
1165 5680 1285 5730 quae
1319 5673 1500 5720 tamen
1558 5667 1793 5720 maxima

1189 5839 1216 5872 (ἶ

301 5837 454 5893 ’lsa.
499 5854 650 5897 L\\'l.
687 5839 740 5893 ἓ,
823 5843 837 5866 ῖ
866 5838 1026 5893 l‘rov.
1064 5854 1158 5900 at,
1189 5839 1240 5889 ετ.

1902 4567 2200 4620 conSIituta
2231 4575 2377 4630 sunt,
2411 4566 2571 4619 debet
2606 4565 2731 4632 jure
2787 4565 3071 4620 anteferri.
3146 4565 3236 4620 Sic
3281 4584 3468 4638 regum

1904 4661 2041 4712 scita
2075 4658 2278 4709 dueum
2323 4665 2487 4724 atque
2542 4657 2802 4707 comitum
2839 4655 3219 4710 sanctionibus
3273 4658 3470 4726 praefe-

1901 4759 2136 4814 runtur;
2179 4760 2232 4801 et
2263 4764 2382 4816 quze
2442 4763 2471 4800 a
2531 4747 2836 4815 majoribus
2881 4748 3472 4817 excellentioribusque

1903 4841 2311 4908 magistratibus
2345 4838 2760 4908 praecipiuntur,
2797 4839 2960 4892 veluti
2996 4837 3250 4907 digniora
3278 4837 3472 4906 majori

1901 4935 2034 4986 sunt
2063 4931 2412 4986 observantia
2438 4917 2812 4997 exsequenda.
2838 4929 2979 4994 Quid
3005 4935 3184 4983 autem
3209 4929 3425 4998 dignius
3447 4929 3477 4983 ἲ

1901 5023 2028 5091 quid
2059 5021 2277 5089 majus?
2309 5020 2438 5088 quid
2490 5018 2879 5080 exCellentius,
2919 5033 3082 5088 quam
3115 5017 3469 5088 professionis

1900 5133 2012 5170 sure
2036 5130 2310 5169 summum
2341 5112 2490 5164 illum
2522 5125 2585 5164 ac
2613 5111 3080 5178 sapientissimum
3138 5124 3318 5162 rerum
3355 5124 3470 5160 om-

1900 5208 2047 5259 nium
2081 5204 2330 5273 Opiﬁcem
2382 5203 2550 5256 Deum
2614 5201 2818 5255 habere
2865 5200 3188 5255 auctorem?
3243 5197 3469 5251 Accedit

1903 5296 2034 5348 huic
2064 5293 2142 5349 rei
2178 5294 2410 5363 amplior
2452 5290 2726 5359 dignitas;
2783 5289 2907 5353 quia
2972 5305 3077 5343 non
3138 5301 3256 5340 eam
3309 5286 3467 5340 nobis

1908 5389 2052 5443 Deus
2085 5402 2182 5458 per
2217 5385 2462 5454 angelos,
2499 5398 2604 5436 non
2630 5398 2725 5452 per
2783 5383 3051 5444 homines,
3115 5394 3220 5431 non
3258 5392 3356 5445 per
3387 5375 3467 5430 le-

1907 5488 2082 5550 gatos.
2117 5485 2212 5532 aut
2245 5476 2490 5537 nuntios,
2540 5471 2634 5528 sed
2661 5486 2752 5541 per
2789 5469 3062 5540 proprium
3107 5467 3301 5520 Filium
3364 5463 3465 5520 sibi

1905 5582 2260 5634 coaeternum,
2290 5579 2344 5621 et
2377 5561 2909 5621 consubstantialem
2954 5558 3172 5612 tradere
3208 5556 3476 5625 dignatus

1906 5671 2008 5729 cst,
2038 5676 2196 5733 quem
2238 5675 2300 5716 ex
2339 5659 2455 5714 sinu
2483 5670 2584 5712 suo
2610 5653 2755 5708 misit
2780 5651 2833 5704 in
2866 5657 3076 5705 uterum
3112 5648 3373 5714 Vir-ginis,
3407 5655 3477 5700 ut
