4164 6342
681 440 786 502 2ἷῦ

1939 443 2339 512 ΕΡΙΡΗΛΝῙΙ
2369 446 2714 512 ΜΟΝΑΟΗῙ

3819 446 3928 505 ἳτῠ

680 571 746 610 ex
773 555 980 625 Spiritu
1020 569 1213 617 sancto
1252 577 1485 621 nascens
1519 565 1708 634 homo,
1743 577 1797 622 et
1826 567 1968 624 inter
1999 566 2249 623 homines
2277 567 2328 628 Α
2352 567 2552 637 dignas
2587 583 2710 623 esse
2740 565 3034 636 judicavit.
3094 561 3233 616 Hine
3270 560 3565 616 simulacra
3609 566 3661 614 et
3697 559 3929 616 simula-

684 658 1042 714 conversans,
1079 650 1320 708 humano
1349 655 1533 725 generi
1566 658 1932 712 maximorum
1982 657 2247 729 plurimo-

685 751 918 806 rumque
939 755 1187 797 errorum
1215 749 1454 802 tenebris
1485 749 1827 806 circumfuso
1863 752 1966 809 hac
2000 751 2250 806 veritatis

681 833 1046 892 saluberrima
1092 839 1206 907 lege
1267 842 1374 896 lata
1436 825 1666 900 mirifice
1726 847 2068 902 subveniret.
2131 845 2251 911 Quo

680 929 812 996 quid
843 940 1023 999 potest
1053 947 1176 988 esse
1201 936 1560 997 praeclarius?
1595 939 1725 1008 quid
1757 938 2154 1008 prtcstautius?
2192 939 2249 993 Si

681 1021 806 1086 quis
858 1037 1041 1092 regum
1075 1039 1137 1078 ac
1169 1027 1476 1096 principum
1531 1031 1738 1086 civitati
1785 1041 1843 1086 ut
1896 1031 2094 1101 popqu
2144 1031 2251 1085 sibi

683 1111 933 1179 subjecm
988 1130 1189 1168 munus
1221 1118 1444 1186 aliquod
1487 1136 1742 1191 magnum
1773 1133 1934 1193 atque
1962 1121 2091 1176 utile
2122 1118 2250 1174 mit-

681 1208 852 1275 teret,
889 1203 1057 1271 idque
1099 1207 1317 1262 nemine
1359 1218 1644 1278 poscente,
1691 1212 1788 1266 sed
1832 1229 1895 1268 ex
1941 1211 2026 1266 sui
2084 1212 2251 1266 animi

679 1291 1016 1351 liberalitate
1072 1301 1315 1360 laceret;
1369 1301 1595 1356 deberet
1657 1303 1708 1357 id
1763 1305 1980 1373 quidem
2032 1313 2252 1374 propter

679 1385 950 1441 mittentis
981 1393 1395 1461 amplitudinem
1425 1397 1706 1452 excellens
1729 1397 1990 1466 judicari.
2023 1397 2179 1462 Quod
2203 1397 2250 1452 si

680 1483 893 1532 tantum
932 1484 1242 1550 splendoris
1271 1495 1326 1539 et
1354 1489 1665 1543 ornamenti
1719 1489 1794 1543 illi
1845 1489 1988 1544 dono
2017 1491 2252 1546 addere-

680 1581 796 1637 tur,
830 1581 890 1628 ut
924 1576 1018 1641 qui
1063 1578 1194 1632 illud
1229 1579 1490 1645 deferret,
1519 1582 1789 1651 principis
1827 1582 1972 1639 ﬁlius
1999 1592 2166 1648 esset,
2198 1590 2254 1639 et

678 1667 899 1729 quidem
955 1671 1355 1740 primogenitus
1404 1691 1419 1728 :
1459 1677 1591 1742 quid
1645 1675 1740 1731 tali
1784 1659 2018 1733 munere
2070 1688 2254 1745 posset

677 1755 786 1811 dici
818 1758 1042 1828 dignius
1063 1762 1086 1815 ‘l
1111 1763 1243 1833 qttid
1275 1764 1502 1832 majus?
1530 1767 1660 1836 quid
1694 1767 2031 1835 pretiosius?
2065 1769 2122 1822 ln
2149 1769 2252 1823 hoc

681 1848 852 1918 igitur
907 1852 1069 1921 longe
1125 1856 1488 1911 excellentior
1529 1866 1614 1913 est
1655 1858 1773 1914 haec
1826 1870 2008 1916 noStra
2060 1860 2253 1929 religio

679 1942 805 2011 lege
834 1941 927 1996 illa
963 1945 1157 2010 veteri,
1201 1963 1324 2017 qua
1359 1947 1716 2004 Hebra'orum
1754 1952 1957 2021 populo
1987 1951 2114 2006 data
2146 1961 2251 2009 est.

679 2034 817 2089 Nam
848 2037 952 2093 etsi
988 2038 1098 2102 illa,
1144 2051 1196 2095 et
1235 2041 1348 2097 haec
1393 2055 1585 2099 nostra
1628 2043 1794 2098 Deum
1843 2055 2124 2099 auctorem
2159 2047 2256 2101 ha-

679 2126 886 2190 buerit,
920 2143 1029 2182 non
1066 2139 1249 2186 tamen
1283 2148 1380 2201 per
1416 2135 1762 2205 unigenitum
1804 2135 1893 2190 Dei
1926 2135 2124 2191 Filium
2159 2137 2256 2191 ho-

680 2218 920 2274 minibus
970 2223 1169 2276 tradita
1218 2232 1325 2287 est,
1388 2227 1481 2280 sed
1536 2242 1631 2293 per
1688 2226 1927 2298 Moysetn
1991 2231 2254 2299 primum,

681 2309 935 2378 aliosque
969 2311 1167 2368 deinde
1198 2318 1265 2369 ab
1299 2316 1420 2386 ipso
1449 2316 1681 2373 Domino
1705 2323 1911 2376 electos
1941 2323 2162 2378 nuntios
2193 2336 2257 2376 ac

681 2403 978 2469 prophetas
1010 2421 1026 2470 ;
1059 2406 1150 2473 qui
1184 2421 1310 2460 cum
1345 2410 1468 2477 puri
1499 2411 1750 2467 homines
1773 2423 1984 2477 essent,
2017 2424 2070 2467 et
2108 2429 2258 2468 com-

682 2495 836 2548 muni
878 2495 1216 2552 inﬁrmitatis
1261 2500 1510 2556 humanm
1564 2503 1666 2569 legi
1711 2505 1942 2570 subjecti
1970 2543 1985 2566 ,
2045 2505 2255 2559 nullum

679 2600 746 2639 ex
782 2601 970 2641 corum
1002 2605 1235 2656 persona
1267 2592 1618 2660 splendorem
1659 2596 1761 2660 illi,
1791 2613 1954 2665 quam
1992 2598 2256 2664 praadiva-

686 2683 836 2744 bant,
872 2682 1133 2737 doctrina:
1165 2686 1365 2740 all'erre
1398 2697 1720 2756 potuerunt.
1762 2689 1866 2744 Sed
1900 2699 1953 2742 et
1984 2702 2138 2745 vetus
2167 2691 2256 2744 illa

683 2772 773 2824 uni
807 2779 1017 2826 tantum
1044 2776 1263 2842 populo,
1303 2777 1395 2831 uni
1430 2780 1577 2847 genti
1607 2779 1728 2832 data
1761 2789 1842 2832 est
1875 2797 1889 2833 :
1927 2780 2040 2835 hzec
2071 2795 2251 2834 autem

680 2876 874 2916 omnes
911 2865 1140 2916 omnino
1203 2867 1458 2922 homines
1528 2871 1930 2939 complectitur,
2001 2874 2259 2928 ounnibus

680 2955 933 3022 providet
974 2974 988 3010 :
1023 2959 1248 3012 eunetis
1288 2971 1500 3014 rectum
1533 2962 1637 3014 iter
1682 2963 1937 3015 veritatis
1996 2963 2257 3027 ostendit,

683 3049 960 3102 neminem
1014 3051 1241 3118 excipit,
1300 3052 1511 3105 nullam
1579 3068 1757 3120 neque
1821 3056 2020 3118 a’tatis,
2087 3069 2263 3122 neque

682 3139 1018 3194 conditionis
1063 3140 1429 3196 dillerentiam
1494 3141 1721 3209 faciens,
1785 3142 1879 3197 sed
1939 3158 2132 3198 omnes
2191 3145 2258 3198 ad

682 3244 939 3289 aeternam
978 3235 1371 3290 beatitudinem
1408 3252 1503 3304 per
1538 3239 1806 3291 virtutum
1862 3240 2114 3298 semitam
2152 3238 2255 3293 be-
2285 3261 2329 3321 ρ

683 3325 845 3394 uigue
896 3341 959 3380 ac
985 3327 1418 3382 misericorditer
1444 3329 1703 3382 inritans.
1726 3329 1856 3382 Cum
1878 3329 2021 3383 enim
2047 3343 2258 3393 oumes,

670 3426 741 3485 put
785 3418 962 3486 inquit
1023 3418 1320 3486 Apostolus
1354 3418 1394 3482 ⁸,
1432 3435 1460 3472 a
1501 3421 1734 3474 veritate
1768 3420 2168 3481 declinassent,
2209 3431 2262 3475 et

685 3528 713 3562 a
739 3511 888 3565 cultu
926 3520 979 3563 et
1007 3511 1319 3580 cognitione
1351 3513 1458 3566 veri
1494 3511 1584 3566 Dei
1616 3512 1989 3574 aberrassent,
2013 3513 2266 3566 morbus-

684 3622 793 3675 que
827 3608 930 3662 iste
962 3623 1155 3661 omnes
1191 3615 1402 3662 teneret
1431 3607 1702 3662 obnoxios
1730 3624 1743 3668 ;
1782 3607 2041 3661 omnibus
2074 3622 2266 3660 neces—

685 3703 830 3753 saria
879 3699 980 3754 fuit
1043 3701 1305 3756 salutaris
1343 3700 1638 3753 medicina.
1707 3696 1966 3763 Homiqu
2027 3713 2265 3766 namque

688 3808 812 3844 cum
846 3807 939 3860 per
970 3803 1257 3860 peccatum
1309 3807 1335 3843 a
1401 3791 1496 3843 Dei
1558 3790 2024 3859 contemplatione
2076 3792 2265 3857 procul

689 3882 1102 3945 discessissent,
1147 3898 1321 3950 neque
1355 3889 1540 3952 posset
1579 3897 1734 3936 mens
1785 3890 1968 3934 nostra
2003 3882 2117 3934 otio
2150 3890 2264 3934 tor—

695 3991 947 4041 pescere,
977 3975 1044 4028 ad
1081 3976 1582 4029 considerationem
1624 3984 1970 4027 terrenorum
1991 3981 2044 4026 et
2074 3987 2267 4041 corpo-

693 4070 888 4122 ralium
924 4083 983 4123 se
1015 4069 1301 4123 convertit
1353 4087 1366 4122 :
1417 4069 1610 4134 sicque
1671 4067 1933 4134 paulatim
1993 4066 2271 4120 oblivione

693 4175 878 4214 rerum
937 4160 1246 4215 divinarum
1319 4161 1600 4230 corporeis
1670 4161 1945 4214 illecebris
2012 4160 2266 4228 alligata,

693 4252 982 4319 prteseutia
1010 4252 1359 4307 solummodo
1390 4264 1444 4307 et.
1476 4254 1785 4320 corporalia
1818 4253 2040 4305 intuens
2072 4253 2268 4306 existi-

696 4363 846 4400 mare
892 4346 1079 4413 carpit,
1141 4345 1276 4399 nihil
1335 4345 1455 4414 plus
1512 4359 1656 4408 esse,
1711 4360 1873 4413 quam
1912 4344 2266 4398 intueretur:

693 4438 945 4505 quiniino
981 4437 1095 4492 haec
1138 4439 1376 4490 humana
1405 4445 1458 4490 et
1486 4452 1749 4504 corporea
1780 4436 1896 4489 sola
1933 4450 2058 4489 esse
2084 4436 2225 4489 bona
2253 4453 2268 4501 ;

694 4534 976 4600 oblitaque
1006 4545 1232 4598 prorsus
1264 4545 1324 4585 se
1360 4531 1425 4585 ad
1462 4532 1753 4599 imaginem
1793 4531 1903 4581 veri
1937 4529 2029 4583 Dei
2062 4531 2271 4583 consti-

2351 675 2572 714 crorum
2625 661 2750 713 vani
2803 667 2859 714 et
2923 655 3236 712 stultissimi
3282 655 3465 708 cultus
3514 654 3581 708 ab
3633 654 3925 708 hominum

2353 750 2642 821 erroribus
2691 747 3009 813 adinventi;
3066 745 3161 816 qui
3210 760 3334 798 cum
3403 744 3676 798 hominem
3729 759 3929 812 quem-

2353 847 2497 911 piam
2562 841 2852 911 plusquam
2911 841 3077 892 Deum
3133 837 3464 905 diligerent,
3532 850 3655 888 eum
3718 845 3771 889 et
3838 835 3926 888 vi-

2352 945 2568 990 ventem
2605 942 2658 988 et
2706 940 2982 985 mortuum
3031 931 3304 990 colebant,
3352 927 3716 991 honorabant,
3759 941 3933 981 vene-

2355 1027 2643 1088 rabantur,
2681 1025 2844 1092 eique
2891 1024 2944 1077 in
2997 1025 3212 1090 signum
3275 1021 3567 1090 praecipua:
3615 1018 3933 1074 dilectionis

2353 1117 2539 1172 divina
2569 1115 2839 1171 sacriﬁcia
2888 1112 3246 1175 exhibebant,
3293 1120 3649 1176 erectumque
3682 1108 3802 1176 ejus
3852 1107 3933 1161 si-

2355 1210 2663 1264 mulacrum
2701 1223 2799 1276 pro
2842 1205 2952 1260 Deo
2985 1205 3316 1267 adorabant,
3377 1202 3712 1256 dedicabaut
3754 1200 3927 1265 aedes,

2356 1301 2558 1370 templa
2592 1296 2958 1358 aediﬁcabant,
2991 1304 3046 1350 et
3094 1305 3216 1348 Vota
3254 1293 3402 1347 velut
3440 1292 3549 1346 Deo
3598 1290 3929 1345 offerebant.

2355 1388 2748 1447 Crescentins
2784 1403 2914 1442 vero
2942 1388 2996 1439 in
3033 1386 3152 1440 dies
3191 1384 3488 1444 illecebris,
3551 1381 3934 1447 demersisque

2356 1484 2532 1554 magis
2578 1497 2643 1538 ac
2674 1483 2850 1552 magis
2883 1480 3198 1535 hominibus
3235 1479 3289 1532 in
3350 1491 3512 1531 coeno
3566 1476 3933 1544 voluptatum,

2356 1577 2485 1648 quid
2535 1575 2652 1630 ﬁeri
2693 1587 2924 1628 necesse
2973 1570 3142 1626 erat?
3197 1569 3495 1638 Postquam
3542 1577 3722 1620 autem
3755 1579 3782 1617 a
3819 1562 3937 1617 veri

2356 1670 2452 1725 Dei
2493 1668 2808 1739 cognitione
2838 1665 3164 1732 semetipsos
3215 1663 3620 1720 alienaverunt,
3659 1659 3775 1711 haec
3829 1655 3938 1709 im-

2357 1764 2529 1833 pietas
2555 1774 2720 1831 quam
2751 1757 2987 1812 maxime
3019 1764 3180 1808 aucta
3213 1762 3321 1815 est,
3359 1751 3573 1805 dicente
3608 1748 3933 1818 Scriptura:

2363 1856 2502 1909 Dum
2541 1854 2741 1908 venerit
2783 1850 2979 1917 impius
3006 1850 3060 1901 in
3112 1845 3439 1916 profundum
3495 1843 3778 1904 malarum,
3810 1855 3941 1892 cort-

2358 1943 2543 1999 temnit
2565 1941 2607 1995 δ.
2639 1941 2695 1995 ln
2723 1947 2935 1994 tantum
2972 1935 3340 2003 itaque'lapsa
3370 1945 3455 1987 est
3492 1934 3731 1986 humana
3761 1929 3936 1996 fatui-

2359 2052 2464 2104 tas,
2495 2047 2556 2094 ut
2589 2036 2789 2092 nedum
2819 2032 3095 2095 homines,
3140 2029 3235 2084 sed
3275 2027 3507 2096 lapides,
3559 2036 3611 2079 et
3664 2025 3830 2094 ligna,
3881 2029 3941 2077 et

2357 2132 2571 2203 reptilia
2630 2137 2740 2182 tam
2791 2124 3076 2193 aquatilia.
3131 2136 3293 2188 quam
3348 2117 3662 2181 terrestria,
3721 2128 3939 2168 necnon

2358 2223 2757 2280 immanissima
2790 2217 3036 2288 quaedam
3071 2214 3257 2279 bruta,
3295 2211 3389 2266 sed
3422 2223 3476 2264 et
3512 2218 3756 2262 monstra
3783 2222 3942 2276 qua!-

2359 2319 2484 2373 dam
2543 2313 2827 2369 teterrima
2888 2308 3242 2363 ornatissima
3302 2305 3389 2358 illa
3446 2302 3540 2357 Dei
3574 2301 3943 2371 appellatione

2359 2409 2650 2464 nominare
2703 2419 2810 2459 non
2865 2397 3268 2456 formidavcrit.
3340 2397 3444 2450 Sed
3503 2410 3605 2450 nec
3656 2394 3945 2468 hucusque

2359 2497 2657 2552 stultorum
2693 2492 2933 2560 perstitit
2987 2488 3243 2541 audacia.
3279 2486 3384 2540 Alii
3413 2485 3558 2540 enim
3602 2484 3940 2551 voluptatem

2360 2604 2423 2643 ac
2463 2587 2772 2645 libidinem,
2806 2579 3123 2652 turpissima
3159 2580 3287 2630 vitia
3313 2585 3713 2632 consecrarunt
3744 2592 3757 2629 :
3793 2573 3944 2628 sicut

2361 2679 2502 2746 apud
2537 2679 2770 2749 Lybicos
2825 2674 3173 2741 Cupidinem,
3236 2677 3290 2723 et
3339 2671 3391 2722 in
3428 2669 3615 2738 Papho
3674 2667 3945 2721 Venerem

2361 2775 2511 2828 illam
2547 2767 3046 2837 impudicissimam
3095 2763 3385 2817 mulierem
3425 2773 3739 2814 veneratam
3792 2772 3946 2821 esse,

2360 2873 2537 2937 poetre
2585 2861 2744 2915 nobis
2780 2858 3151 2912 tradiderunt.
3209 2854 3348 2907 lliuc
3404 2851 3625 2906 nefandi
3684 2849 3946 2904 sacriﬁcii

2363 2962 2525 3019 ritus,
2558 2957 2688 3012 hinc
2720 2953 2942 3009 obsceni
2971 2951 3174 3012 cultus,
3210 2957 3265 3001 et
3304 2947 3414 3000 ludi
3448 2943 3779 3014 turpissimi,
3814 2939 3945 3008 qui-

2362 3056 2466 3108 bus
2497 3053 2734 3104 humana
2769 3045 3002 3101 stultitia
3027 3043 3161 3098 deos
3189 3056 3321 3096 suos
3347 3038 3646 3108 placandos
3673 3049 3795 3088 esse
3832 3033 3950 3084 edi-

2363 3153 2452 3197 cto
2503 3138 2931 3198 constituebant,
2964 3149 3198 3203 quorum
3223 3132 3470 3185 fictorem
3504 3141 3567 3180 ac
3614 3122 3945 3188 spurcitiam

2364 3244 2416 3290 et
2440 3235 2841 3288 obscenitatem
2874 3228 3133 3294 quisquis
3193 3222 3404 3290 legerit,
3450 3219 3632 3273 colere
3697 3213 3949 3281 profecto

2368 3337 2528 3394 atque
2557 3324 2625 3376 iia
2656 3319 2904 3376 venerari
2942 3318 3230 3369 veritatem
3264 3311 3449 3374 debet,
3480 3324 3506 3359 a
3539 3321 3646 3373 qua
3683 3303 3947 3357 homines

2367 3416 2690 3472 recedentes
2727 3414 2777 3466 in
2813 3419 3017 3464 tantam
3053 3409 3386 3460 devenerunt.
3412 3399 3730 3460 amentiam,
3767 3393 3946 3461 utqui

2368 3509 2594 3564 honoris
2633 3506 2890 3570 indignus
2921 3501 3081 3554 bonis
3113 3495 3432 3551 hominibus
3461 3491 3764 3548 videretur,
3791 3500 3946 3547 eum,

2367 3600 2538 3655 veluti
2568 3615 2630 3652 ex
2667 3597 2953 3664 religione,
3005 3592 3123 3645 suis
3160 3588 3265 3641 diis
3295 3601 3394 3653 pro
3437 3581 3629 3650 majori
3667 3575 3949 3634 sacriﬁcio

2367 3693 2712 3750 exhiberent.
2747 3688 2993 3754 Longum
3027 3681 3273 3753 profecto
3313 3677 3474 3731 nitnis
3506 3686 3675 3733 esset,
3711 3681 3875 3737 atque
3916 3683 3953 3722 a

2367 3794 2561 3840 nostro
2592 3796 2820 3853 prorsus
2862 3777 3120 3832 instituto
3158 3774 3421 3832 alienum,
3459 3781 3650 3821 omnes
3693 3765 3816 3817 illos
3851 3777 3954 3814 er-

2369 3893 2527 3932 rores
2565 3887 2876 3932 recensere,
2906 3870 2959 3922 in
2994 3882 3137 3936 quos
3177 3863 3312 3931 lapsi
3362 3868 3493 3914 sunt
3528 3856 3803 3915 homines,
3852 3853 3953 3922 qui

2371 3985 2399 4023 a
2453 3967 2566 4021 veri
2624 3964 2716 4018 Dei
2770 3961 3088 4030 cognitione
3112 3963 3273 4025 atque
3304 3951 3606 4005 dilectione.
3639 3964 3698 4001 se
3729 3953 3955 3998 averte-

2370 4071 2520 4114 runt.
2553 4059 2690 4112 Cum
2737 4055 2881 4108 enim
2917 4054 3034 4117 ipse
3067 4048 3209 4102 Deus
3259 4055 3498 4099 testante
3555 4041 3843 4105 Seriptura
3877 4036 3958 4090 sit

2370 4155 2477 4219 via,
2537 4151 2739 4204 veritas
2787 4155 2840 4201 et
2883 4145 2990 4198 vita
3020 4145 3081 4197 ἐ
3124 4139 3250 4209 quid
3294 4138 3512 4197 mirum,
3559 4133 3603 4186 si
3668 4132 3745 4188 hi,
3789 4129 3881 4195 qui
3921 4143 3954 4181 a

2373 4254 2521 4299 recta
2550 4243 2632 4294 via
2666 4240 3015 4292 aberrarunt.
3051 4233 3104 4286 in
3143 4230 3327 4283 varios
3369 4224 3649 4279 anfractus
3705 4234 3962 4274 errores.

2372 4346 2480 4401 que
2507 4326 2872 4382 deciderunt?
2902 4322 3011 4375 lter
3037 4321 3180 4374 enim
3213 4328 3419 4370 rectum
3452 4327 3617 4368 unum
3649 4320 3755 4373 est,
3787 4327 3815 4361 a
3846 4323 3960 4375 quo

2373 4423 2418 4476 si
2449 4422 2577 4490 quis
2616 4417 2923 4479 deﬂexerit,
2963 4427 3185 4467 necesse
3237 4419 3319 4462 est
3355 4409 3500 4459 hunc
3551 4406 3715 4457 etiam
3758 4403 3956 4454 nolen-

2375 4524 2481 4567 teut
2516 4512 2724 4582 magnis
2759 4506 3052 4572 del‘atigari
3088 4504 3391 4559 laboribus,
3425 4509 3479 4551 et
3507 4512 3600 4565 per
3622 4493 3778 4547 devia
3803 4506 3954 4562 que-

695 4634 891 4686 tUIam,
926 4622 1067 4675 haud
1100 4622 1336 4688 amplius
1378 4621 1431 4673 in
1467 4597 1639 4673 Deum
1670 4622 1870 4687 ipsum,
1895 4635 1924 4673 a
1949 4635 2059 4688 quo
2083 4629 2266 4673 creata
2303 4604 2346 4659 θ
2376 4620 2482 4673 (lue
2514 4611 2797 4672 "agamem
2839 4597 3221 4665 ωηιίίβιῖθίιθν
3256 4609 3467 4648 errare-

696 4723 837 4775 ιιι-ιιι,
876 4729 935 4768 se
976 4713 1240 4767 intuendo
1280 4722 1374 4765 aut
1423 4712 1755 4779 speculando
1787 4713 2082 4764 convertit.
2124 4711 2270 4765 Solis

701 4809 867 4876 igitur
913 4807 1273 4860 sensibilibus
1331 4807 1720 4872 circnmsepta,
1766 4819 1829 4857 ac
1878 4805 2032 4857 vanis
2083 4802 2268 4856 saeculi

703 4899 924 4952 ttulinita
956 4896 1233 4950 illecebris
1261 4894 1429 4948 Deum
1470 4896 1522 4948 in
1566 4895 1849 4962 corporeis
1883 4893 2140 4947 sensibus
2171 4895 2272 4947 lin-

702 5006 857 5055 gens,
901 4987 1064 5043 rebus
1092 4987 1383 5041 mundanis
1414 5001 1476 5039 ac
1533 4985 1917 5051 corporalibus
1948 4984 2038 5038 Dei
2075 4998 2270 5038 nomen

706 5083 910 5150 posuit,
934 5089 1098 5150 atque
1131 5096 1192 5134 ea
1218 5081 1331 5154 sola
1361 5080 1542 5132 colere
1570 5077 1758 5145 coepit,
1779 5079 1832 5130 in
1857 5078 2057 5142 quibus
2083 5091 2271 5129 errore

705 5176 933 5228 l-‘"dllCU|
990 5187 1175 5226 veram
1247 5169 1460 5237 putavit
1527 5184 1651 5222 esse
1721 5165 2061 5222 felicitatem.
2133 5166 2275 5221 Hinc

703 5268 908 5322 aethera
951 5275 1005 5319 et
1062 5277 1210 5327 aera,
1268 5275 1500 5330 qumque
1562 5260 1616 5313 in
1666 5260 1745 5312 eis
1799 5269 1945 5324 sunt,
2004 5258 2272 5313 elementa

705 5375 925 5430 quoque
949 5367 1002 5413 et
1037 5356 1332 5425 qualitates
1364 5369 1547 5407 rerum
1575 5350 1969 5420 corporalium,
2023 5349 2278 5404 calidita-

709 5466 816 5508 ICiil
839 5451 1048 5505 scilicet
1076 5457 1129 5502 et
1155 5447 1535 5517 frigiditatem,
1558 5445 1940 5499 humiditatem
1959 5457 2022 5497 ac
2055 5443 2279 5497 siccita-

713 5558 820 5601 tem
853 5544 987 5598 deos
1023 5541 1350 5610 appellavit;
1390 5553 1454 5591 ac
1489 5541 1569 5591 sic
1602 5536 1861 5606 paulatim
1893 5550 1956 5588 ex
1994 5534 2280 5589 erroribus

713 5649 932 5692 errores
983 5633 1274 5688 inveniens
1313 5630 1600 5686 hominum
1636 5627 1907 5697 imagines
1962 5626 2162 5696 partim
2194 5626 2279 5679 vi-

713 5727 976 5792 ventium,
1000 5724 1201 5794 partim
1219 5723 1331 5794 jam
1356 5721 1741 5778 defunctorum
1764 5718 1962 5774 divinis
1984 5718 2281 5772 honoribus

793 5909 809 5935 ³
833 5906 988 5963 lium.
1017 5921 1051 5970 ι,
1083 5904 1152 5956 25
1178 5919 1330 5973 seqq.
1410 5903 1430 5932 ⁸
1471 5903 1630 5958 Prov.
1660 5915 1812 5968 xvut,
1837 5899 1890 5954 ὅ.

2453 4696 2552 4749 His
2583 4703 2660 4748 tot
2681 4695 2958 4760 tantisque
2980 4705 3230 4745 errorum
3253 4703 3312 4739 ac
3337 4683 3658 4738 delictorum
3688 4679 3954 4742 tenebris,

2381 4790 2582 4857 quibus
2619 4765 2790 4846 totum
2841 4787 3145 4838 humanum
3174 4794 3348 4848 genus
3398 4776 3768 4832 detinebatur,
3834 4782 3958 4824 tan-

2380 4882 2502 4936 dem
2541 4893 2868 4947 compassus
2906 4877 3199 4930 miserator
3228 4880 3281 4924 et
3318 4869 3634 4922 misericors
3669 4862 3959 4927 Dominus,

2379 4990 2445 5030 eo
2478 4984 2747 5043 tempore,
2783 4985 2892 5038 quo
2916 4968 3087 5036 ipsius
3117 4961 3496 5018 inscrutabilis
3530 4956 3804 5025 sapientia
3839 4955 3960 5009 dis-

2379 5067 2603 5136 posuit,
2657 5063 2815 5117 nobis
2872 5060 3088 5114 tandem
3159 5068 3486 5110 suceiirrere
3538 5066 3600 5102 ac
3660 5049 3961 5102 subvenire

2380 5159 2638 5228 dignatus
2673 5165 2779 5209 est.
2815 5153 2883 5207 Et
2919 5163 2977 5205 ut
3013 5166 3078 5204 eo
3111 5149 3326 5218 dignior
3378 5152 3546 5211 atque
3598 5139 3961 5193 excellentior

2380 5259 2529 5304 esset
2585 5245 2972 5302 subventionis
3028 5241 3259 5301 modus,
3327 5251 3438 5304 quo
3493 5247 3589 5300 per
3646 5231 3956 5297 digniorem

2383 5342 2735 5398 Mcdiatorem
2767 5340 2943 5397 ﬁeret,
2973 5350 3080 5389 non
3122 5331 3400 5399 angelum,
3430 5341 3536 5380 non
3576 5323 3875 5383 hominem,
3901 5329 3962 5373 ut

2383 5435 2646 5498 diximus,
2680 5433 2744 5485 ad
2779 5446 2877 5485 nos
2914 5429 3085 5492 misit,
3121 5434 3179 5480 ut
3207 5425 3290 5477 his
3323 5437 3420 5475 nos
3445 5418 3728 5472 erroribus
3755 5417 3960 5468 libera-

2387 5535 2489 5592 ret,
2520 5524 2615 5582 sed
2648 5522 2846 5577 Filium
2881 5537 3038 5576 suum
3073 5518 3437 5586 unigenitum,
3473 5527 3634 5579 quem
3678 5519 3739 5561 ut
3769 5505 3962 5559 nobis-

2385 5634 2509 5675 cum
2537 5626 2705 5684 esset,
2740 5625 2797 5669 ut
2824 5615 3113 5669 nobiseum
3146 5610 3379 5668 viveret,
3414 5603 3574 5658 nobis
3609 5602 3954 5669 loqueretur,

2387 5722 2442 5768 et
2476 5711 2616 5766 hanc
2652 5707 3056 5766 sanctissimam
3089 5704 3262 5771 legem
3289 5707 3343 5755 et
3366 5694 3672 5752 doctrinam
3706 5688 3957 5746 veritatis

1968 5897 1988 5928 '
2021 5895 2177 5952 Suan.
2209 5909 2321 5958 xiv,
2353 5895 2405 5948 6.
