4148 6334
243 433 341 502 277

1115 443 1214 514 DE
1258 454 1682 517 RELIGIONE
1714 456 2189 525 CHRISTIANA
2224 465 2625 527 LiBELLUS.

3374 467 3494 529 278-

246 547 511 611 traderet,
545 560 772 623 eamque
811 558 975 613 verbo
1026 569 1081 615 et
1129 564 1383 633 exemplo
1435 565 1812 628 conﬁrmaret.
1850 571 1890 624 Α
1922 587 2029 638 pra:
2060 572 2359 644 fragilitate
2400 584 2618 640 nostra,
2638 584 2693 631 et
2726 575 2975 631 humane
3023 583 3233 631 natura
3286 591 3495 631 corrnr

246 652 413 693 carne
470 641 649 697 induit
689 644 925 701 humana
974 652 1027 705 in
1066 660 1222 709 utero
1279 656 1557 725 virginali,
1614 668 1674 713 ut
1734 665 1815 720 sic

246 740 451 799 novus,
487 745 543 788 et
578 735 925 807 miraculose,
956 758 1019 796 ac
1066 752 1262 812 praeter
1294 748 1542 802 ordinem
1605 760 1817 808 natura:

245 829 430 890 natus,
454 840 561 879 non
586 828 991 895 homOtantum,
1013 822 1112 890 nec
1132 838 1272 891 Deus
1294 846 1532 905 tantum,
1554 842 1648 897 sed
1675 843 1816 900 Deus

242 921 301 968 et
332 913 521 980 homo,
555 934 752 974 novam
794 922 955 989 hanc,
985 925 1200 992 miram,
1222 935 1276 981 et
1297 932 1454 999 quasi
1488 944 1818 1001 supernatu-

243 1006 410 1061 ralem
462 1010 633 1079 legem
664 1014 924 1070 omnibus
956 1015 1267 1073 hominibus
1305 1021 1658 1089 praedicaret,
1682 1026 1815 1082 illu-

241 1096 589 1170 minaretque
631 1105 942 1161 mortalium
982 1119 1216 1173 mentes,
1257 1126 1463 1179 eosque
1496 1115 1740 1184 doceret,
1762 1131 1817 1177 et

240 1189 452 1245 relictis
476 1209 723 1249 errorum
756 1199 999 1254 tenebris
1048 1214 1111 1254 ac
1158 1193 1514 1270 peccatorum
1540 1200 1814 1268 illecebris

241 1277 509 1352 falsisque
546 1286 958 1358 blandimentis,
990 1293 1223 1349 virtutes
1246 1298 1732 1367 amplecterentur,
1760 1312 1814 1359 et

240 1371 647 1430 deducorentur
674 1395 895 1449 quoque
944 1383 1009 1436 ad
1056 1385 1169 1438 veri
1217 1377 1309 1441 Dei
1362 1385 1750 1460 cognitionem.
1784 1413 1810 1447 a

242 1481 372 1533 qtto,
408 1477 463 1520 et
490 1470 649 1537 cujus
682 1486 844 1527 causa
879 1475 1084 1529 conditi
1128 1484 1351 1546 essent;
1390 1499 1549 1551 quem
1591 1486 1808 1542 tandem

240 1554 523 1621 cognitum
580 1565 694 1611 toto
730 1561 916 1625 corde,
979 1563 1091 1618 tota
1145 1576 1324 1623 mente
1384 1563 1696 1640 diligerent,
1757 1589 1813 1632 et

240 1652 433 1697 sancto
464 1662 528 1699 ac
564 1648 762 1703 devoto
791 1654 1065 1709 sacriﬁcio
1094 1655 1469 1729 honorarent;
1502 1664 1553 1721 ei
1591 1666 1808 1723 demum

235 1732 440 1817 iugiter
482 1728 810 1806 servientes,
842 1747 1185 1804 ambulantes
1230 1768 1450 1821 quoque
1504 1757 1558 1812 in
1598 1761 1811 1817 semitis

240 1825 625 1881 mandatorum
658 1832 795 1896 eius,
824 1829 889 1886 ad
917 1823 1178 1891 aeternam
1217 1840 1361 1894 illam
1393 1843 1806 1908 beatitudinem.

240 1917 547 1972 caelestium
598 1931 819 1990 quoque
867 1928 1154 1995 spirituum
1214 1937 1550 1990 consortium
1601 1940 1807 2009 dignis-
1839 1911 1895 1970 Β

241 2009 376 2062 sime
401 2026 733 2066 vocarentur
761 2031 777 2070 :
821 2018 911 2071 ubi
946 2022 1246 2076 secundum
1302 2026 1622 2093 Apostolum
1648 2033 1668 2063 ⁶
1700 2046 1808 2083 non

240 2106 337 2169 per
366 2103 649 2170 speculum
680 2107 730 2159 in
773 2110 1076 2178 aenigmate.
1116 2115 1282 2169 veluti
1330 2116 1383 2170 in
1439 2118 1543 2172 hoc
1587 2122 1807 2186 saeculo,

242 2193 333 2248 sed
377 2198 617 2250 revelata
653 2198 791 2254 facie
827 2201 1068 2257 divinam
1115 2206 1276 2260 illam»
1305 2210 1642 2279 majestatem
1687 2231 1814 2270 con-

239 2286 673 2353 templabituur;
718 2291 769 2342 in
805 2308 913 2360 quo
943 2311 1211 2349 summam
1257 2314 1381 2354 esse
1413 2301 1654 2359 hominis
1688 2305 1811 2360 feli-

240 2378 460 2435 citatem
494 2383 934 2456 immensamque
975 2392 1324 2459 voluptatem,
1369 2412 1527 2460 nemo
1561 2400 1663 2455 nisi
1697 2419 1813 2455 ma-

241 2467 383 2521 xime
416 2470 649 2526 demens
682 2476 1043 2534 inticiabitur.
1098 2479 1223 2536 Haec
1254 2494 1336 2539 est
1390 2487 1550 2555 hujus
1606 2500 1811 2548 nostra:

238 2552 563 2632 evangelica:
594 2569 904 2626 traditionis
936 2588 1189 2642 summa;
1233 2577 1285 2631 in
1332 2578 1432 2633 hoc
1475 2582 1591 2636 sola
1624 2585 1809 2652 ipsius

239 2653 321 2707 vis
352 2659 588 2723 pendet;
643 2660 707 2711 ad
742 2663 844 2715 hoc
874 2665 992 2729 ejus
1022 2677 1150 2720 sunt
1187 2677 1293 2721 tatn
1325 2682 1613 2741 pra‘cepta,
1644 2692 1806 2746 quam

236 2746 465 2799 consilia
520 2750 816 2803 instituta:
855 2754 943 2808 hic
1006 2756 1237 2824 piissimi
1290 2769 1342 2814 et
1399 2764 1809 2829 clementissimi

238 2834 574 2903 legislatoris
616 2843 788 2894 nostri
824 2843 985 2911 ﬁnis;
1026 2848 1403 2917 haecintentio
1432 2871 1443 2910 :
1496 2854 1599 2909 hoc
1632 2856 1746 2922 ipse
1781 2875 1808 2911 a

237 2927 395 2977 nobis
431 2944 526 2993 per
558 2928 908 2998 Unigenitum
946 2953 1132 3002 situm,
1185 2958 1346 3009 quem
1409 2946 1473 2998 ad
1532 2946 1808 3001 ferendam

239 3016 378 3069 banc
411 3020 585 3088 legem
619 3025 788 3080 misit.
847 3026 1121 3082 instanter
1159 3044 1364 3097 tnonet,
1401 3037 1675 3100 Imitatur,
1712 3056 1809 3101 uo—

234 3106 407 3159 stulat
460 3121 510 3161 et
546 3114 814 3180 requirit;
850 3127 903 3167 ttt
930 3119 1019 3185 qtti
1054 3124 1293 3176 creando
1319 3136 1519 3178 cuncta
1549 3143 1609 3182 ex
1638 3131 1810 3183 nihilo

1917 667 2057 734 ptela
2092 669 2507 737 amitteremus,
2555 671 2609 727 in
2637 682 2825 729 nostra
2857 682 3002 728 esset
3029 680 3304 743 potestate
3330 674 3487 727 illanr

1912 772 2011 829 per
2034 762 2147 814 huic
2170 762 2431 818 salutaria
2464 764 2773 835 adiumenta
2811 781 3153 835 recuperare.
3193 767 3265 820 Ea
3299 775 3484 822 autem

1914 859 2044 903 sunt
2084 850 2252 906 haec:
2309 853 2636 923 baptismus,
2696 858 3040 927 panitentia,
3110 857 3485 924 conﬁrmatio,

1913 942 2271 1006 euchariStia,
2313 949 2741 1011 matrimonium.
2783 952 2938 1016 ordo,
2981 959 3039 1004 et
3084 960 3327 1004 extrema
3374 967 3482 1004 titi-

1914 1033 2049 1088 Ctio.
2084 1030 2290 1088 Horum
2350 1044 2498 1092 tanta
2535 1050 2619 1094 est
2671 1041 2773 1104 vis,
2822 1050 2968 1097 tanta
3007 1052 3277 1111 potestas,
3319 1051 3379 1097 ut
3432 1042 3478 1096 si

1918 1125 2021 1179 rite
2074 1139 2139 1180 ac
2200 1125 2445 1195 legitime
2515 1130 2987 1195 administrentur,
3055 1134 3123 1186 ab
3175 1133 3325 1188 omni
3375 1148 3477 1187 nos

1916 1218 2136 1272 valeant
2212 1219 2469 1288 quamvis
2520 1220 2707 1276 lethali
2772 1223 2998 1280 vulnere
3051 1241 3114 1279 ac
3166 1226 3478 1295 pernicioso

1918 1312 2111 1366 morbo
2138 1327 2357 1379 curare,
2407 1322 2461 1367 et
2518 1315 2897 1382 pulcherrima:
2949 1321 3245 1375 valetudini
3312 1321 3475 1375 resti-

1915 1412 2083 1459 tuere.
2115 1402 2240 1458 Haac
2264 1414 2448 1459 autem
2479 1406 2660 1460 omnia
2684 1408 3049 1464 consideranti
3081 1411 3231 1473 mihi,
3267 1427 3330 1466 ac
3356 1429 3479 1479 per-

1916 1512 2056 1565 saepe
2096 1498 2179 1567 pie
2210 1508 2376 1566 atque
2411 1499 2665 1568 religiose
2697 1501 2882 1553 animo
2911 1502 3230 1566 revolventi,
3266 1504 3477 1557 nullum

1915 1589 2129 1644 videtur
2160 1590 2361 1655 majus,
2398 1590 2608 1643 nullum
2654 1589 2983 1654 mirabilius,
3017 1607 3178 1659 quam
3228 1594 3477 1660 corporis

1913 1690 1970 1735 et
2005 1681 2291 1749 sanguinis
2327 1680 2537 1739 Domini
2574 1691 3000 1746 sacramentum,
3027 1683 3176 1752 quod
3224 1682 3478 1737 eucharié

1914 1771 2071 1825 stiam
2125 1785 2385 1826 vocamus
2430 1772 2640 1838 :cujus
2704 1772 3063 1840 speculationi
3123 1773 3365 1843 qttoties-
3394 1772 3481 1827 in-

1914 1863 2096 1929 tendo,
2138 1862 2299 1915 toties
2332 1862 2524 1915 mirum
2562 1863 2613 1916 in
2655 1863 2874 1917 modum
2911 1864 3261 1932 obstupesco,
3314 1873 3486 1936 atque

1916 1966 2023 2019 prce
2051 1961 2215 2005 tantae
2246 1953 2321 2004 rei
2364 1954 2660 2015 suavitate,
2706 1955 2951 2008 animum
3018 1965 3168 2010 extra
3234 1972 3293 2011 se
3346 1955 3479 2033 l'erri

1914 2057 2227 2110 cognosco:
2265 2044 2425 2110 quod
2458 2045 2769 2112 cuicunque
2827 2053 3032 2101 attente
3090 2046 3467 2101 consideranti

1914 2134 2135 2187 evenire
2171 2150 2336 2201 posse
2368 2149 2476 2188 non
2510 2134 2727 2190 dubito.
2755 2136 2891 2202 Quis
2918 2139 3081 2192 enim
3126 2154 3231 2193 non
3264 2154 3476 2194 summa

1914 2224 2296 2289 admirabitur,
2332 2240 2454 2280 cum
2490 2225 2640 2279 audit
2666 2227 3034 2282 substantiam
3062 2228 3474 2296 corruptibilem

1915 2314 2070 2382 panis
2097 2323 2151 2367 et
2184 2314 2291 2366 vini
2324 2315 2376 2367 in
2410 2329 2597 2369 verum
2653 2303 2863 2369 Domini
2901 2318 3072 2371 nostri
3107 2316 3237 2371 Jesu
3269 2316 3478 2371 Christi

1914 2422 2137 2474 corpus,
2172 2413 2226 2460 et
2260 2408 2584 2480 sanguinem
2619 2408 2925 2462 sacerdotis
2958 2409 3262 2462 ministerio
3295 2414 3479 2461 trans-

1914 2497 2155 2551 mutari?
2188 2512 2313 2552 cnm
2362 2496 2526 2550 lectio
2565 2497 2654 2551 illa
2709 2498 3025 2565 evangeliea
3086 2498 3201 2551 suis
3255 2497 3497 2551 auribus,

1914 2590 2124 2642 intonat
2162 2605 2175 2642 :
2209 2586 2334 2641 Nisi
2366 2588 2694 2641 contedcritis
2730 2605 2938 2642 carnem
2978 2589 3106 2643 Filii
3147 2590 3373 2642 hominis
3424 2598 3474 2643 at

1912 2679 2221 2747 sanguinem
2252 2679 2366 2745 ejus
2399 2677 2659 2741 biberitis,
2686 2696 2791 2731 non
2813 2678 3073 2731 habebitis
3104 2681 3262 2732 vitam
3306 2680 3357 2731 in
3385 2694 3475 2733 υοο

1915 2771 1990 2823 bis
2022 2771 2063 2822 ⁷.
2093 2769 2158 2821 Ει
2186 2769 2315 2823 alibi
2353 2788 2365 2823 :
2406 2770 2571 2832 Caro,
2608 2771 2804 2837 inquit,
2833 2788 2944 2824 mea
2973 2787 3083 2824 vere
3111 2782 3186 2823 est
3232 2772 3403 2833 cibus,
3428 2782 3475 2823 et

1913 2862 2129 2929 sanguis
2158 2877 2300 2913 meus
2333 2877 2446 2913 vere
2480 2871 2555 2913 est
2588 2871 2781 2927 potus;
2824 2863 2915 2930 qui
2963 2863 3249 2915 manducat
3309 2878 3477 2915 meam

1914 2968 2147 3013 carnem,
2181 2960 2230 3003 et
2281 2951 2407 3005 bibit
2444 2968 2613 3005 meum
2643 2954 2979 3022 sanguinem,
3012 2956 3065 3007 in
3104 2971 3182 3007 me
3208 2963 3381 3008 manet
3429 2966 3479 3008 et

1912 3060 2004 3112 ego
2030 3046 2082 3096 in
2107 3060 2167 3097 eo
2194 3044 2238 3096 ⁸.
2271 3043 2466 3111 Stupet
2506 3044 2760 3112 profecto
2799 3048 3073 3099 humanus
3112 3047 3361 3109 animus,
3395 3054 3479 3106 at-

1912 3152 2018 3205 que
2041 3138 2103 3189 ad
2133 3137 2267 3189 tales
2297 3151 2579 3191 sermones
2605 3147 2747 3191 totus
2771 3139 3173 3199 contremisCit,
3203 3147 3478 3207 tantaque

234 3211 393 3250 suam
429 3202 667 3257 maxime
707 3208 1159 3277 omnipotentiam
1190 3218 1450 3277 ostendit,
1485 3221 1804 3286 sapientiam
1834 3230 1878 3292 α
1914 3202 1986 3282 rei
2018 3227 2377 3281 admiratione
2405 3230 2727 3298 plerumque
2776 3240 2931 3282 extra
2983 3246 3040 3284 se
3074 3230 3267 3283 fertur.
3303 3230 3478 3283 Cum-

234 3301 366 3339 vero
400 3300 585 3344 ereata
648 3304 801 3349 tanto
859 3301 1054 3353 ordine
1116 3305 1354 3372 regendo
1403 3319 1568 3377 atque
1611 3312 1808 3378 guber-

236 3381 457 3444 nando;
524 3399 625 3437 nos
673 3388 889 3439 tandem
922 3409 949 3442 a
985 3394 1222 3458 peccatis
1276 3406 1329 3449 et
1391 3400 1671 3454 erroribus
1707 3402 1807 3455 hoc

239 3470 475 3524 mirabili
507 3476 665 3527 modo
684 3478 966 3533 liberanda
990 3482 1255 3538 inliuitam
1283 3504 1434 3543 suam
1459 3492 1805 3548 clementiam

236 3571 399 3628 atque
435 3568 872 3624 misericordiam
904 3574 1331 3633 demonstraret.

306 3654 454 3710 Nihil
505 3659 675 3725 igitur
716 3662 816 3715 hac
847 3676 1037 3720 nostra
1091 3669 1402 3725 Christiana
1466 3675 1807 3743 professione

238 3758 418 3814 potest
446 3750 675 3819 reperiri
719 3753 955 3822 dignius.
988 3759 1121 3811 nihil
1152 3762 1486 3830 pra-clarius,
1527 3766 1659 3819 nihil
1696 3768 1807 3823 fru-

234 3841 484 3893 ctuosius
509 3857 522 3903 ;
551 3843 663 3896 sive
698 3844 1031 3913 legislatoris
1067 3852 1410 3921 dignitatem,
1446 3859 1559 3913 sive
1586 3860 1806 3914 institu-

235 3931 461 3994 tionem,
491 3934 730 4001 ipsaruni
754 3949 806 3989 et
840 3942 1198 3996 traditionum
1219 3949 1805 4012 sanetitnoniam,sive

233 4033 453 4077 aeterna:
490 4026 771 4082 fclicitatis
801 4030 1057 4097 gloriam,
1092 4034 1352 4103 adquam
1393 4056 1677 4107 vocamur,
1717 4046 1799 4098 di-

234 4116 463 4184 ligenter
492 4117 931 4175 animadvertere
957 4124 1317 4183 voluerimus.
1349 4128 1413 4185 Ut
1436 4144 1613 4188 autem
1646 4137 1801 4202 nihil,

234 4206 375 4274 quod
407 4208 472 4259 ad
503 4208 729 4261 salutem
764 4220 1004 4266 nostram
1043 4218 1315 4283 pertinere
1354 4234 1555 4289 posset,
1583 4226 1803 4294 sapien-

236 4298 483 4351 tissimus
547 4301 825 4367 legislator
891 4311 1367 4377 praeterndtteret,
1431 4318 1801 4371 Sacratissima

231 4388 483 4453 quaedam
518 4403 865 4447 sacramenta
926 4395 1167 4450 instituit
1218 4409 1421 4455 nostra:
1487 4401 1802 4470 fragilitatis

234 4479 471 4532 remedia
525 4483 921 4562 saluberrima,
992 4490 1191 4555 quibus
1240 4492 1402 4545 veluti
1472 4495 1797 4562 quibusdam

1912 3336 2014 3387 quo
2044 3330 2150 3373 tam
2192 3322 2463 3377 mirabilis
2520 3324 2848 3377 sacramenti
2900 3325 3217 3391 cognitione
3258 3324 3481 3378 intelle-

1909 3417 2034 3462 ctus
2097 3411 2519 3477 profunditatem
2576 3427 2807 3477 eorum,
2878 3429 2997 3479 quae
3058 3415 3108 3465 in
3156 3428 3221 3464 eo
3282 3414 3473 3477 latent,

1910 3503 2299 3569 mysteriorum
2325 3506 2560 3557 scrutari
2587 3506 2740 3557 avide
2769 3505 2939 3572 cupit,
2963 3513 3233 3557 tantorum
3257 3518 3477 3556 arcano.

1910 3604 2029 3642 rum
2056 3592 2433 3657 magnitudine
2464 3608 2688 3660 pressus
2719 3595 2769 3647 in
2804 3594 2927 3661 ipso
2960 3604 3157 3647 conatu
3216 3608 3474 3647 succum-

1911 3679 2069 3741 bens,
2104 3683 2246 3747 quod
2279 3683 2462 3737 minus
2493 3683 2730 3751 perfecte
2760 3685 3037 3755 intelligit,
3070 3684 3473 3753 quaintnaxime

1909 3770 2235 3837 admiratur,
2278 3773 2470 3828 dicens
2494 3792 2615 3828 cum
2647 3775 2919 3845 Propheta
2960 3795 2973 3829 :
3010 3776 3322 3830 Memoriam
3352 3777 3476 3841 fecit

1911 3863 2236 3916 mirabilium
2282 3883 2499 3919 suorum
2532 3868 2811 3921 miserator
2837 3878 2883 3922 et
2936 3870 3231 3922 misericors
3289 3869 3474 3922 Domi-

1910 3967 2029 4017 nus,
2071 3969 2239 4005 escam
2269 3955 2412 4007 dedit
2446 3957 2752 4010 timentibus
2783 3975 2837 4009 se
2867 3959 2906 4010 ⁸.
2959 3957 3020 4009 Et
3073 3958 3319 4025 profecto
3354 3974 3471 4010 om-

1910 4058 2041 4095 nem
2069 4044 2485 4098 admirationem
2521 4047 2763 4107 excedit,
2794 4050 2972 4100 omnia
3007 4050 3275 4103 mirabilia
3305 4065 3471 4118 supe-

1907 4144 2014 4195 rat,
2043 4138 2168 4202 quia
2199 4135 2301 4187 sub
2354 4136 2545 4188 modici
2583 4138 2737 4204 panis
2775 4146 2830 4191 et
2864 4139 2967 4190 vini
3024 4142 3225 4207 specie,
3278 4156 3465 4193 verum

1905 4225 2115 4279 Christi
2153 4242 2357 4294 corpus
2405 4235 2457 4279 et
2507 4230 2732 4296 sanguis
2776 4244 2806 4282 a
2849 4229 3103 4285 ﬁdelibus
3162 4236 3467 4285 communi-

1908 4316 2087 4367 cando
2158 4317 2411 4369 sumitur.
2482 4299 2636 4371 Unde
2697 4332 2825 4371 cum
2871 4318 3177 4371 tlitinorum
3242 4334 3464 4386 operum

1909 4407 2339 4475 magnitudinem
2369 4408 2682 4471 considero,
2708 4409 2810 4463 boc
2831 4426 3041 4463 summe
3066 4411 3464 4475 admirandum,

1910 4498 2301 4565 venerandum,
2340 4508 2501 4565 atque
2530 4515 2726 4569 magno
2772 4518 2894 4554 cum
2948 4514 3178 4554 tremore
3219 4511 3463 4556 traCIan-

234 4570 671 4635 medicamentis,
697 4557 897 4631 nostris
936 4592 1119 4645 posset
1148 4582 1556 4638 inﬁrmitatibus
1592 4587 1792 4639 snbve-
1828 4564 1881 4622 D
1910 4588 2035 4639 dum
2066 4604 2284 4640 censeo.
2324 4588 2655 4643 Admirabile
2704 4591 2973 4656 siquidem
3034 4600 3087 4642 et
3135 4592 3459 4659 praclarum

234 4663 372 4716 nire.
414 4660 565 4715 Sicut
604 4667 746 4717 enim
799 4684 905 4721 non
960 4672 1159 4723 stiﬁicit
1212 4674 1422 4727 medico
1455 4677 1680 4744 depulsa
1707 4680 1800 4731 ad-

236 4768 392 4806 versa
451 4756 760 4809 valetudine
797 4759 992 4811 bonam
1050 4762 1332 4825 inducere,
1395 4767 1495 4819 nisi
1556 4768 1796 4820 remedia

232 4860 454 4914 quoque
507 4846 594 4898 illa
627 4849 908 4912 adhibeat,
966 4853 1167 4918 quibus
1228 4863 1281 4905 et
1338 4855 1589 4908 valetudo
1657 4857 1793 4911 bona

232 4949 608 4999 conservetur,
650 4949 701 4992 et
729 4943 771 4995 si
805 4942 1023 5010 quando
1058 4947 1277 4997 morbus
1308 4946 1579 5011 inciderit,
1606 4948 1796 4999 adver-

232 5046 325 5085 sus
359 5030 514 5082 illum
573 5032 772 5086 debitis
813 5035 1227 5089 medicamentis
1280 5037 1673 5105 provideatur:
1715 5039 1795 5092 sic

232 5138 478 5179 summus
514 5123 600 5176 ille
656 5134 711 5177 et
762 5126 1105 5192 omnipotens
1152 5128 1310 5191 lleus,
1356 5145 1527 5195 neque
1580 5130 1798 5184 iniinitrc

232 5211 513 5279 sapientiae
536 5226 667 5272 sua,
711 5228 885 5280 neque
916 5216 1074 5268 saluti
1108 5228 1307 5271 nostrae
1333 5221 1546 5272 abunde
1576 5221 1797 5273 satisfa-

231 5312 376 5358 Ctum
408 5317 531 5356 esse
564 5302 913 5366 existimavit,
949 5308 992 5359 si
1030 5322 1128 5360 nos
1161 5316 1368 5359 tantum
1424 5326 1518 5377 per
1565 5312 1791 5377 gratiam

231 5408 385 5449 suam
424 5408 452 5445 a
490 5392 639 5447 vitiis
666 5394 730 5445 ad
774 5395 1054 5455 virtutem,
1102 5398 1171 5452 ab
1203 5400 1485 5452 erroribus
1544 5401 1607 5453 ad
1651 5401 1789 5454 viam

229 5485 478 5541 veritatis
507 5492 775 5546 vocasset,
806 5486 910 5539 nisi
942 5497 991 5538 et
1029 5488 1265 5542 remedia
1302 5490 1633 5554 invenisset,
1671 5492 1795 5559 qui-

231 5562 330 5635 bus
364 5576 532 5632 veluti
575 5575 901 5643 quibusdam
939 5577 1287 5632 adminiculis
1345 5580 1486 5635 hanc
1542 5596 1692 5634 suam
1738 5584 1793 5637 in

231 5671 387 5727 nobis
411 5667 650 5742 gratiam
681 5681 1027 5724 servaremus
1059 5688 1071 5723 :
1107 5679 1158 5724 et
1190 5672 1372 5738 quasi,
1407 5666 1790 5727 uuando'illam

1910 4677 2010 4729 fuit
2042 4676 2182 4730 hanc
2214 4679 2398 4729 mundi
2432 4680 2734 4731 machinam
2762 4689 2837 4733 tot
2865 4683 3123 4734 ccelorum
3158 4684 3460 4737 elemento.

1907 4780 2135 4832 rumque
2168 4766 2417 4833 sphmris,
2470 4778 2546 4819 tot
2579 4768 2915 4822 diversarum
2972 4788 3152 4824 rerum
3199 4774 3462 4829 varietate

1905 4868 2152 4909 ornatum
2186 4871 2393 4921 creare,
2445 4873 2551 4911 non
2595 4860 2765 4913 solem
2793 4862 2923 4923 diei,
2957 4864 3138 4916 iuuant
3172 4879 3234 4916 ac
3274 4867 3460 4921 stellas

1906 4946 2050 4998 nocti
2094 4947 2389 5013 praeﬁcere,
2420 4947 2759 5015 distinguere
2807 4958 3073 5020 tempora,
3102 4955 3364 5009 ccelorum
3398 4972 3463 5010 ac

1902 5036 2146 5088 siderum
2186 5051 2384 5090 cursus
2410 5048 2696 5108 motusque
2734 5041 3050 5109 disponere,
3090 5044 3461 5099 innumerabi-

1903 5125 1970 5177 lia
2010 5125 2205 5178 deinde
2240 5126 2442 5189 avium,
2481 5131 2739 5195 piscium,
2775 5134 3226 5202 terrestriumque
3253 5138 3457 5190 anima-

1901 5213 2052 5278 lium,
2092 5215 2348 5268 arborum
2374 5232 2588 5285 qquue
2618 5233 2679 5272 ac
2700 5219 2995 5286 fructuum,
3035 5235 3457 5294 eaaterarumqne

1900 5320 2079 5357 rerum
2107 5322 2305 5374 genera
2330 5307 2395 5360 ad
2421 5309 2700 5362 hominum
2734 5327 2914 5374 usum,
2942 5312 3083 5365 hanc
3114 5315 3161 5364 in
3194 5314 3453 5369 mundum

1902 5398 2220 5461 producere,
2258 5399 2527 5453 hominem
2570 5401 2748 5468 ipsum
2777 5404 2987 5455 demum
3025 5418 3048 5454 α
3087 5408 3301 5458 caeteris
3333 5408 3454 5459 aui-

1905 5489 2180 5542 mantihus
2210 5490 2437 5545 rationis
2466 5501 2518 5545 et
2548 5493 2818 5547 sermonis
2855 5492 3113 5559 dignitate
3146 5512 3451 5553 secernere.

1904 5580 2007 5633 Sed
2031 5596 2152 5635 cum
2185 5599 2268 5637 me
2285 5583 2351 5637 ad
2380 5585 2542 5651 hujus
2569 5587 2809 5654 corporis
2862 5594 2915 5639 et
2949 5590 3231 5657 sanguinis
3265 5606 3453 5644 sacra-

1908 5680 2148 5726 mentum
2204 5684 2490 5739 converto,
2530 5676 2660 5729 nihil
2694 5677 2823 5731 mihi
2856 5676 3072 5734 videtur
3123 5681 3449 5742 mirabilius.

298 5844 523 5903 ‘I'Cor.
550 5859 669 5911 xm,
702 5840 793 5909 l2;
831 5840 871 5899 ll
904 5841 1026 5899 Cor.
1054 5858 1135 5908 ιιι,
1165 5843 1245 5898 l8.
1328 5804 1527 5899 ἐδοκι.
1569 5863 1636 5910 γι,
1681 5847 1767 5900 5t.

1912 5849 2032 5901 ibid.
2068 5848 2157 5913 κς,
2188 5850 2271 5903 3-7.
2358 5849 2539 5904 ’Psal.
2576 5865 2661 5915 cx,
2701 5851 2751 5904 ι.
