4148 6334
670 436 775 499 ἓΤο

1895 438 2297 501 EPII‘UANII
2347 435 2696 498 MONACHI

3823 428 3925 493 280

670 550 805 603 nihil
845 550 1192 606 veneratione
1225 549 1468 622 dignius,
1499 551 1632 606 nihil
1665 556 1918 610 sanctius
1951 565 2112 624 atque
2137 558 2236 609 de-
2267 561 2310 614 Α
2346 552 2563 608 Domini
2591 551 2875 606 visitautes
2894 547 3104 604 caelesti
3139 547 3342 617 pabulo
3375 547 3606 602 recreati
3641 546 3920 601 ﬁdeliores

673 643 852 696 vot'ius
884 644 1358 710 pertractandum,
1414 644 1611 712 inquo
1673 645 1905 702 Creator
1970 657 2241 703 creaturae

672 734 1047 805 coniungitur,
1082 737 1459 807 corruptibilis
1497 738 1810 794 substantia
1833 740 1886 794 in
1911 740 2246 809 incorrupti-

670 824 836 879 bilem
890 827 1320 906 transfunditur,
1365 839 1420 882 ct
1470 832 1574 886 sub
1611 847 1776 901 parva
1821 834 1978 903 panis
2044 841 2099 888 et
2134 831 2244 886 vini

671 919 854 986 specie
886 935 1072 974 rerum
1125 920 1370 975 omnium
1428 923 1692 978 Conditor
1745 926 1883 982 mira
1953 926 2241 982 verborum

671 1010 978 1077 prolatione
1010 1014 1358 1081 supponitur.
1382 1013 1439 1068 lu
1463 1015 1568 1070 hoc
1589 1018 1861 1087 siquidem
1896 1025 2244 1075 sacramento

672 1099 754 1155 vis
795 1116 858 1154 ac
901 1103 1143 1170 potentia
1207 1113 1413 1158 naturae
1454 1119 1768 1176 Superatur,
1813 1109 2124 1164 communis
2160 1109 2242 1162 lex

672 1193 930 1257 vincitur,
959 1195 1142 1251 di\itt.'t
1177 1199 1411 1252 maxime
1445 1199 1620 1254 virtus
1649 1201 1976 1268 ostenditur,
2014 1211 2067 1259 et
2097 1203 2242 1257 aliud

669 1299 834 1339 sensu
875 1288 1230 1355 percipimus,
1262 1290 1410 1344 aliml
1443 1291 1546 1346 ﬁde
1587 1301 1810 1350 credere
1837 1295 2239 1364 compellimur.

668 1375 809 1442 Quid
843 1379 1010 1444 enim,
1039 1396 1249 1450 quaeso,
1275 1390 1380 1437 tam
1410 1393 1622 1439 naturze
1671 1388 2038 1449 contrarium,
2073 1402 2240 1457 quam

670 1469 972 1526 accidentia
1003 1487 1096 1540 per
1125 1475 1308 1544 seipsa
1337 1478 1458 1531 sine
1489 1479 1742 1550 subjecto
1779 1479 1866 1532 illa
1891 1458 2245 1534 sustentante

667 1563 988 1619 exsistere?
1024 1564 1161 1620 Cum
1222 1568 1368 1622 enim
1417 1578 1627 1625 natura:
1684 1572 2054 1626 accidentium
2118 1588 2245 1641 pro-

670 1653 850 1722 prium
880 1653 973 1717 sit,
1009 1660 1069 1708 ut
1104 1655 1262 1710 alteri
1291 1656 1487 1723 insint,
1528 1674 1627 1713 nec
1659 1674 1754 1726 per
1785 1672 1843 1712 se
1877 1657 2095 1726 possint
2130 1657 2240 1709 ulla

668 1743 880 1799 ratione
907 1745 1251 1813 subsistere;
1283 1748 1412 1816 quis
1455 1749 1560 1802 hoc
1601 1748 1934 1816 przecipuum
1993 1746 2241 1817 singula-

666 1850 834 1903 reqne
870 1837 1198 1892 miraculum
1237 1853 1346 1893 non
1377 1839 1756 1904 admirabitnr,
1781 1824 1872 1893 ubi
1908 1847 2028 1908 post
2057 1853 2243 1893 sacer-

666 1927 812 1984 dotis
841 1931 1319 1987 cousecrationem
1344 1940 1430 1986 est
1448 1933 1732 2001 quantitas
1759 1933 1892 1986 nihil
1914 1932 2244 1994 extendens,

656 2014 976 2077 rotunditas
1029 2023 1168 2077 nihil
1221 2023 1494 2079 circulare
1555 2024 1789 2087 faciens,
1859 2025 2053 2080 alhcdo
2111 2025 2247 2079 nihil

667 2115 894 2167 omnino
948 2102 1284 2171 ai'biﬁcans?
1317 2115 1870 2170 Transsuhstantiata
1909 2117 2053 2170 enim
2089 2115 2249 2168 mini-

669 2204 838 2260 sterio
862 2205 1169 2260 sacerdotis
1191 2206 1349 2277 panis
1377 2217 1430 2261 et
1462 2207 1572 2261 vini
1603 2209 1912 2262 substantia
1949 2209 2002 2261 in
2031 2206 2238 2262 Christi

667 2311 870 2364 corpus
897 2306 953 2350 et
985 2297 1338 2366 sanguinem,
1393 2305 1453 2352 ut
1502 2310 1709 2354 nostrae
1770 2301 2054 2370 tcligiouis
2119 2312 2246 2354 vera

668 2395 834 2456 atque
884 2388 1093 2443 illibata
1143 2389 1277 2444 ﬁdes
1337 2390 1601 2459 praedicat
1660 2400 1711 2445 et
1781 2391 2055 2456 affirmat;
2112 2389 2246 2460 quid

665 2487 941 2548 superest,
975 2480 1122 2550 quod
1163 2482 1530 2549 quantitatem
1573 2493 1669 2535 aut
1722 2481 2063 2549 qualitatem,
2105 2493 2246 2546 quas

665 2568 923 2623 sensibus
969 2569 1321 2636 percipimus,
1387 2571 1439 2624 in
1500 2585 1560 2624 se
1618 2572 1799 2626 va‘cat
1852 2572 2136 2640 suscipere
2180 2585 2246 2625 ac

663 2662 985 2718 sustinere?
1024 2661 1130 2718 Sed
1176 2671 1230 2717 et
1259 2663 1363 2719 Sub
1409 2664 1660 2734 qualibet
1713 2665 1847 2718 tanti
1908 2663 2243 2718 sacramenti

667 2754 939 2822 particula
992 2755 1226 2826 integer,
1289 2765 1343 2812 et
1386 2764 1535 2812 totus
1590 2767 1676 2811 est
1731 2757 1986 2810 Christus
2050 2773 2065 2810 :
2129 2756 2242 2819 ille,

667 2849 938 2918 inquam,
995 2857 1050 2904 et
1094 2865 1203 2902 non
1267 2850 1433 2913 alius,
1489 2850 1579 2918 qtti
1631 2850 1682 2903 in
1733 2858 1888 2904 utero
1949 2858 2106 2902 natus
2165 2855 2247 2902 cst

664 2940 948 3010 virginali,
1007 2941 1102 3010 qui
1134 2941 1280 2994 inter
1318 2941 1569 2996 homines
1607 2943 1755 2994 visus
1790 2949 1842 2996 et
1877 2951 2246 2995 conversatus

665 3041 769 3095 est,
801 3034 892 3103 qui
945 3035 1000 3088 in
1054 3048 1222 3088 cruce
1257 3033 1535 3103 pependit,
1588 3034 1677 3102 qui
1711 3034 1938 3087 demum
1971 3033 2036 3085 ad
2074 3033 2246 3088 caelos

667 3124 943 3193 gloriosus
966 3124 1235 3189 ascendit,
1255 3125 1367 3188 illc,
1384 3125 1630 3194 inquam,
1651 3123 1716 3178 ad
1742 3123 2043 3178 sacerdotis
2055 3138 2245 3178 vocem

2349 644 2772 712 devotioresque
2840 648 3214 696 revertuntur.
3278 640 3359 693 Ad
3424 640 3566 693 hanc
3622 639 3915 695 ecclesiam

2348 735 2596 793 nonnulli
2630 733 3076 790 Christianorum
3111 737 3505 800 persecutores
3559 732 3918 793 accedebant,

2347 835 2534 886 nostra
2563 825 2834 880 sacriﬁcia
2866 822 3187 883 irridentes,
3221 829 3314 874 aut
3341 819 3683 878 Christianos
3717 822 3918 876 ibidem

2347 921 2864 994 orationi-intentos
2897 915 3318 979 perturbantes,
3361 929 3502 984 quos
3537 914 3666 969 inde
3707 914 3921 968 abstra-

2347 1025 2467 1070 Ctos
2517 1013 2732 1083 magnis
2789 1009 3088 1080 aliquando
3149 1007 3371 1076 injuriis
3426 1007 3919 1077 persequebantur.

2346 1107 2590 1178 Contigit
2614 1115 2824 1171 autem,
2852 1105 3000 1158 inter
3035 1108 3268 1155 caeteros
3292 1098 3485 1154 ducem
3524 1097 3822 1168 quemdam
3859 1112 3921 1152 ac

2345 1199 2653 1270 principem
2716 1197 3017 1251 inﬁdelium
3057 1192 3362 1249 Christiani
3415 1191 3655 1246 nominis
3716 1192 3925 1245 acerri-

2349 1308 2498 1346 mum
2541 1293 2986 1361 impugnatorcm
3022 1285 3169 1340 hunc
3213 1286 3268 1338 in
3308 1284 3486 1338 locum
3512 1282 3833 1348 divertere,
3865 1296 3926 1337 ut

2345 1384 2532 1440 omnia
2573 1369 2778 1438 nostrae
2814 1380 2950 1450 legis
2994 1376 3265 1432 sacriﬁcia
3315 1389 3382 1430 ac
3433 1374 3796 1428 caeremonias
3826 1389 3921 1426 ex-

2350 1479 2633 1548 ploraret;
2677 1472 2822 1548 quod
2864 1487 2989 1526 cum
3023 1472 3160 1524 alias
3203 1483 3369 1539 saepe,
3420 1477 3536 1522 tum
3581 1481 3647 1520 co
3690 1465 3928 1518 maxime

2348 1547 2459 1630 die.
2515 1582 2680 1636 quem
2748 1547 2821 1620 ob
2884 1562 3192 1618 Salvatoris
3243 1559 3420 1616 nostri
3485 1555 3921 1615 sacratissiutatn

2349 1675 2475 1714 cum
2504 1657 2796 1727 discipulis
2825 1656 2944 1712 suis
2972 1668 3186 1710 coenam
3214 1652 3346 1707 celit
3396 1659 3452 1706 et
3490 1656 3791 1704 veneratur
3827 1643 3928 1699 Ec-

2347 1751 2537 1815 clesia,
2569 1751 2626 1806 in
2677 1749 2840 1819 cujus
2890 1747 3210 1803 memoriam
3269 1759 3457 1800 verum
3542 1742 3666 1810 ejus
3720 1752 3921 1809 corpus

2350 1845 2791 1916 sanguinemque
2853 1838 3226 1910 suscipimus,
3284 1837 3352 1891 ab
3410 1836 3533 1906 ipso
3577 1831 3782 1892 edocti,
3833 1827 3922 1897 qui

2353 1955 2478 1996 cum
2515 1939 2571 1993 in
2596 1952 2752 1993 caena
2776 1943 2947 2002 esset,
2987 1944 3291 2001 omnesque
3323 1926 3627 1996 discipulos
3655 1922 3925 1992 corporis.

2353 2040 2408 2089 et
2447 2029 2735 2099 sanguinis
2776 2027 2859 2082 sui
2902 2023 3294 2080 communione
3345 2017 3755 2088 participasset,
3786 2012 3930 2065 illico

2352 2122 2852 2190 subjunxitdicens
2891 2135 2906 2170 :
2943 2116 3060 2171 Hoc
3088 2117 3248 2186 facile
3283 2115 3335 2166 iu
3359 2128 3526 2165 meum
3548 2119 3930 2164 commemora-

2354 2219 2551 2273 tionem
2601 2216 2666 2269 ”.
2706 2213 2933 2269 Astabat
2964 2219 3093 2263 ante
3146 2223 3297 2262 aram
3361 2203 3623 2259 sacerdos
3682 2197 3929 2266 singulos

2352 2326 2605 2372 monens,
2647 2315 2705 2360 ut
2729 2305 2794 2360 de
2829 2301 3076 2371 peccatis
3108 2296 3492 2369 paenitentiam
3536 2299 3722 2359 agant,
3758 2300 3932 2356 eaque

2352 2403 2502 2464 ﬂetu,
2531 2398 2720 2452 dolore
2785 2403 2951 2463 atque
2983 2393 3188 2462 gemitu
3232 2388 3532 2448 redimant,
3577 2393 3631 2436 et
3679 2381 3744 2433 ad
3791 2377 3927 2431 tanti

2351 2489 2683 2550 sacramenti
2710 2485 3117 2553 susceptionem
3151 2481 3364 2548 seipsos
3405 2474 3928 2538 devotissime-pre-

2349 2593 2569 2656 parcnt,
2614 2591 2999 2646 memoresque
3031 2575 3142 2628 sint
3183 2571 3482 2624 verborum
3515 2561 3792 2633 Apostoli,
3837 2560 3926 2622 qui

2349 2679 2416 2735 ad
2448 2675 2767 2733 Corinthios
2800 2670 3078 2731 scribens,
3118 2677 3246 2719 cum
3274 2660 3523 2716 excitare
3556 2655 3714 2708 vellet
3751 2649 3928 2704 homi-

2352 2788 2480 2825 num
2507 2767 2676 2823 corda
2712 2775 2773 2818 ttt
2801 2774 2911 2817 tam
2950 2756 3270 2813 admirabile
3318 2754 3731 2806 sacramentum
3768 2742 3929 2810 digne

2353 2862 2699 2930 susciperent
2744 2875 2757 2910 :
2805 2854 2992 2909 Probet
3031 2860 3234 2909 autem,
3265 2843 3466 2912 inquit,
3493 2841 3721 2904 seipsum
3753 2835 3926 2891 homo,

2349 2967 2398 3010 et
2437 2923 2601 3008 sic-de
2627 2967 2762 3016 pane
2793 2948 2884 3000 illo
2907 2945 3052 3005 edat,
3074 2951 3122 2996 et
3155 2941 3218 2992 de
3247 2936 3410 2990 calice
3447 2931 3590 2985 bibat
3617 2945 3637 2993 ;
3673 2927 3764 2995 qui
3794 2923 3926 2977 enim

2352 3048 2640 3101 manduca!
2681 3050 2729 3094 et
2768 3039 2895 3092 bibit
2929 3029 3454 3102 indigue.judicium
3486 3022 3585 3075 sibi
3639 3017 3926 3072 manducet

2349 3149 2397 3195 et
2443 3137 2593 3199 bibit,
2648 3150 2748 3187 uou
2809 3130 3120 3199 dijudicans
3149 3138 3340 3185 σοι-μηδ
3379 3117 3593 3172 Domini
3622 3115 3688 3166 “.
3733 3108 3928 3163 Audie-

668 3214 850 3271 Patris
901 3217 1184 3282 dexteram
1220 3230 1332 3269 non
1366 3216 1652 3278 deserens,
1707 3215 1812 3270 sub
1845 3215 2008 3285 panis
2038 3223 2242 3276 tamen,
2273 3240 2316 3298 ο
2353 3234 2557 3287 bam,"
2582 3229 2794 3282 interea
2838 3224 3144 3277 innumcrze
3176 3214 3456 3270 orantium
3508 3220 3715 3267 voces,
3746 3207 3931 3272 pecto-

667 3321 732 3360 ac
764 3305 876 3361 vini
905 3309 1089 3377 specie
1129 3307 1468 3362 continetur.
1517 3305 1640 3361 llaec
1698 3317 1804 3361 tam
1862 3308 1969 3360 alta
2024 3314 2246 3373 tamque

667 3400 851 3454 divina
883 3400 1168 3471 mysteria,
1192 3415 1315 3470 quae
1339 3414 1554 3453 omnem
1583 3407 1790 3454 natura:
1817 3400 1923 3453 vim
1958 3407 2243 3469 superant,

667 3509 891 3549 omnem
929 3494 1164 3548 humani
1191 3494 1397 3566 ingenii
1430 3495 1730 3564 potentiam
1768 3493 2084 3548 excedunt:
2121 3505 2245 3547 cum

668 3601 777 3642 non
812 3585 920 3642 nisi
949 3586 1034 3656 pia
1073 3597 1126 3648 et
1152 3587 1411 3657 religiosa
1441 3602 1596 3642 meus
1629 3601 1658 3639 a
1684 3585 1918 3640 terrenis
1955 3583 2247 3639 affectibus

667 3687 974 3748 rxpttrgata
1047 3679 1222 3748 possit
1292 3679 1784 3748 comprehendere,
1841 3678 2098 3748 dignatus
2137 3685 2248 3729 .cst

670 3769 992 3840 plerumque
1032 3769 1296 3838 benignus
1356 3777 1408 3823 et
1436 3769 1750 3821 misericors
1787 3767 2049 3822 Dominus
2097 3766 2244 3820 omni

671 3863 792 3916 loco
813 3872 866 3914 et
892 3859 1042 3912 omni
1073 3866 1319 3927 tempore
1364 3868 1565 3913 nostrae
1586 3859 1890 3911 inﬁrmitati
1913 3858 2246 3913 subveniens

673 3952 984 4008 visibilihus
1018 3949 1347 4020 quihusdam
1412 3951 1699 4005 miraculis
1754 3951 2074 4020 dignitatem
2113 3951 2244 4004 tanti

671 4044 1001 4099 sacramenti
1037 4043 1368 4108 ostendere;
1408 4053 1462 4096 ct
1502 4044 1647 4113 quod
1707 4043 1823 4097 solo
1869 4044 2148 4097 intellectu
2186 4060 2249 4097 ac.

674 4139 777 4189 title
830 4135 1159 4205 percipitur,
1225 4133 1276 4187 id
1335 4135 1706 4188 exterioribus
1764 4151 1827 4187 ac
1885 4133 2248 4189 sensitilibns

673 4226 838 4278 rel-us
875 4225 1202 4294 patefacere,
1235 4235 1288 4278 ct
1323 4240 1419 4293 per
1446 4225 1559 4277 hrec
1593 4240 1712 4294 qua:
1761 4241 1926 4278 sensu
1957 4225 2249 4292 cognosci-

675 4329 820 4380 mus,
858 4313 1017 4382 quasi
1087 4313 1285 4366 hacqu
1342 4315 1590 4382 quodam
1633 4315 1739 4367 iter
1794 4315 2123 4367 ostendente
2181 4314 2245 4365 ad

673 4408 1081 4465 insensibilinm
1153 4407 1404 4460 notitiam
1469 4389 1686 4459 faciiius
1739 4407 2127 4475 perducantur.
2174 4407 2248 4458 Ex

673 4501 864 4555 multis
895 4509 1078 4553 autem
1110 4498 1412 4563 miraculis,
1447 4487 1568 4565 qua:
1610 4499 1675 4552 ad
1707 4499 2033 4552 relatiencm
2089 4499 2249 4567 hujus

2353 3339 2472 3380 rum
2511 3321 2766 3384 verbera,
2798 3315 3053 3386 planctus
3113 3324 3175 3362 ac
3216 3307 3376 3361 fletus
3408 3301 3756 3374 gemitusque
3811 3307 3932 3360 pcr-

2352 3412 2603 3478 maximi,
2642 3410 2734 3480 qui
2767 3421 2878 3462 non
2911 3403 3253 3459 mediocrem
3288 3396 3613 3451 delictorum
3663 3386 3928 3447 dolorem,

2354 3519 2654 3574 veramque
2707 3499 2893 3556 cordis
2938 3492 3330 3550 contritionem
3390 3481 3721 3558 prresel‘erre
3777 3475 3930 3532 vide-

2353 3569 2582 3654 bantur:
2616 3593 2666 3649 ls
2694 3593 2865 3659 enim,
2900 3602 3063 3657 quem
3115 3581 3327 3655 peccati
3380 3577 3630 3647 ptenitet,
3691 3569 3934 3624 declarat

2352 3689 2625 3759 proiecto,
2658 3684 2922 3740 maluisse
2952 3696 3011 3734 se
3034 3693 3144 3734 non
3168 3687 3422 3745 peccare,
3451 3684 3615 3736 quam
3641 3664 3931 3735 pcenitere.

2353 3751 2469 3834 lioc
2511 3792 2633 3832 eum
2669 3773 2905 3830 inﬁdelis
2931 3771 3023 3824 ille
3060 3774 3271 3822 attente
3317 3761 3681 3830 eonsp’ceret,
3720 3769 3784 3807 ac
3811 3751 3937 3808 dili-

2354 3878 2546 3941 genter
2571 3865 3054 3924 animadverteret,
3080 3859 3136 3912 in
3165 3868 3416 3924 magnam
3435 3849 3631 3904 incidit
3651 3852 3932 3899 tantorum

2352 3938 2576 4018 fletuum
2593 3951 3232 4027 tamquedevotissimam
3248 3956 3468 4000 actuum
3490 3938 3951 4016 admirationem,

2355 4053 2654 4121 omniaque
2681 4063 2866 4105 secum
2900 4053 3156 4114 repetens
3190 4039 3358 4106 C(Bpit
3411 4033 3685 4104 judicare,
3735 4031 3933 4081 harum

2352 4158 2534 4197 rerum
2575 4137 2976 4194 institutionem
3008 4148 3115 4186 non
3146 4139 3256 4182 tam
3297 4128 3362 4180 ab
3389 4121 3732 4180 hominibus,
3769 4134 3934 4186 quam

2355 4238 2424 4289 ab
2471 4235 2595 4304 ipso
2625 4234 2734 4284 Deo
2768 4227 3064 4298 prodiisse,
3110 4224 3203 4294 qui
3242 4220 3480 4275 maxime
3538 4215 3768 4286 gaudet,
3804 4228 3935 4265 cum

2355 4326 2604 4380 homines
2629 4324 2728 4378 sibi
2760 4336 2898 4389 puro
2923 4319 3110 4381 corde,
3144 4326 3197 4369 et
3227 4312 3428 4368 munda
3465 4321 3646 4364 mente
3675 4307 3934 4360 devotum

2356 4415 2621 4470 exhibent
2690 4411 3042 4466 famulatum.
3107 4408 3402 4474 Postquam
3470 4416 3602 4456 vero
3671 4397 3936 4453 sacerdos

2354 4509 2781 4559 circumst:nttt-s
2813 4504 2875 4555 ad
2906 4499 3388 4568 compunctioncm
3424 4493 3630 4559 cordis,
3657 4492 3935 4545 dolorem-

673 4591 1006 4646 sacramenti
1044 4590 1248 4658 ubique
1281 4598 1544 4659 operatus
1591 4599 1674 4644 cst
1724 4589 2012 4652 Dominus,
2078 4607 2244 4644 nnmn

2359 4615 2487 4668 quc.
2556 4614 2621 4649 ac
2689 4595 3069 4665 paenitentiam
3125 4591 3194 4642 de
3244 4587 3511 4658 peccatis,
3571 4594 3630 4637 ut
3672 4584 3936 4642 diximus,

674 4685 854 4739 solmn
889 4683 1097 4737 inferre
1146 4682 1388 4748 institui,
1453 4683 1597 4750 quod
1636 4691 1953 4736 sanctorum
2006 4682 2248 4734 virtram

678 4777 820 4830 Ii:leli
852 4774 1120 4828 relatione
1147 4788 1335 4826 verum
1368 4788 1490 4827 esse
1529 4773 1785 4842 cognovi.

741 4867 840 4921 Est
865 4864 1007 4934 apud
1036 4862 1464 4932 Hierosolymam
1492 4865 1641 4916 loeus
1665 4865 1909 4929 quidam.
1938 4879 2096 4930 quem
2124 4865 2252 4918 ﬁde-

676 4957 755 5011 les
783 4969 977 5024 magna
1033 4954 1330 5008 devotione
1373 4969 1435 5007 ac
1485 4953 1796 5022 frequentia
1851 4955 2094 5016 visitant,
2159 4955 2250 5009 ubi

678 5060 865 5101 verum
937 5043 1320 5114 Redemptoris
1379 5047 1551 5100 nostri
1611 5061 1815 5114 corpus
1881 5061 1945 5099 cx
2023 5045 2250 5116 Virgine

677 5144 1022 5204 assumptum
1048 5128 1176 5202 post
1201 5135 1464 5203 plurimas
1497 5135 1753 5202 injurias,
1786 5135 2021 5189 acerbas
2054 5145 2251 5187 contu-

679 5226 892 5292 melias,
926 5224 1174 5279 crudelia
1206 5226 1451 5292 vulnera,
1489 5227 1672 5279 (TllCiS
1721 5227 1967 5293 patibulo
2022 5243 2122 5295 pro
2151 5242 2248 5281 no-

677 5333 790 5374 stra
825 5319 1203 5388 redemptione
1260 5318 1533 5382 Sufﬁxum,
1592 5337 1654 5374 ac
1706 5330 1984 5375 mortuum
2045 5321 2245 5389 J05"plt

677 5411 931 5466 manilius
987 5411 1257 5480 Sepultum
1298 5427 1440 5474 esse,
1496 5416 1804 5483 evangelica
1872 5414 2030 5469 nobis
2085 5414 2249 5466 tradit

681 5505 935 5562 historia.
972 5503 1088 5560 Hoc
1122 5507 1177 5560 in
1210 5505 1333 5560 loco
1366 5505 1690 5561 Christiano
1743 5521 1897 5561 more
1928 5513 2247 5561 constructa

677 5607 764 5654 est
791 5597 1046 5666 ecclesia,
1085 5597 1139 5652 in
1159 5613 1266 5668 qua
1305 5614 1335 5654 a
1370 5609 1574 5653 nostra:
1605 5598 1882 5668 religionis
1918 5598 2252 5669 professori-

677 5690 783 5746 bus
819 5688 1006 5745 divina
1030 5689 1382 5746 celebrantur
1413 5691 1613 5755 ollieia,
1641 5691 1736 5760 qui
1766 5692 2078 5760 sepulcrum
2117 5691 2248 5745 illud

751 5867 788 5898 "
829 5864 959 5921 Luc.
1004 5882 1143 5936 xxn,
1187 5869 1266 5924 19.
1351 5873 1386 5901 “
1427 5868 1513 5924 lC
1541 5885 1601 5928 .r.
1666 5887 1739 5937 ιι,
1767 5870 1855 5935 ‘28,
1898 5871 1985 5927 ‘20.

2358 4690 2596 4746 muttttit,
2631 4700 2935 4740 conversus
2956 4683 3022 4736 ad
3053 4683 3224 4734 altare
3251 4680 3456 4747 reliqua
3481 4679 3581 4731 rite
3608 4681 3937 4744 prosccutus

2362 4794 2468 4843 οδε,
2504 4796 2566 4833 ac
2607 4779 2713 4832 sub
2755 4777 2911 4847 panis
2962 4785 3015 4829 et
3049 4775 3160 4827 vini
3226 4773 3408 4841 specie
3457 4782 3676 4822 sacrum
3733 4764 3934 4818 Christi

2360 4889 2566 4943 corpus
2597 4881 2651 4926 et
2689 4865 3352 4937 sanguinem,verborum
3387 4859 3696 4914 ministerio
3738 4870 3940 4910 conse-

2360 4966 2556 5020 cravit.
2594 4966 2714 5027 Quo
2762 4971 2986 5029 peracto
3032 4958 3081 5010 id
3139 4956 3314 5024 ipsum
3356 4953 3624 5013 ﬁdelibus,
3671 4949 3765 5019 qui
3803 4948 3937 5001 illuc

2362 5057 2482 5124 ejus
2523 5055 2595 5108 rei
2632 5067 2796 5106 causa
2820 5053 3210 5110 conveuetant,
3241 5042 3568 5096 distribuere
3604 5052 3844 5094 tremens
3869 5053 3938 5094 ac

2364 5163 2590 5219 gemens
2652 5161 2818 5214 quam
2881 5139 3235 5195 det-ctissime
3300 5134 3485 5204 cmpit.
3548 5132 3682 5188 Cum
3748 5140 3935 5185 autem

2362 5240 2542 5309 ipsum
2577 5241 2986 5291 sacramentum
3021 5229 3333 5284 sacerdotis
3369 5226 3629 5281 manibus
3665 5230 3936 5276 attrecta-

2361 5342 2539 5396 rctur,
2575 5327 2870 5393 omniaque
2902 5322 3137 5376 inﬁdelis
3175 5321 3266 5375 ille
3286 5326 3544 5374 accurate
3579 5317 3934 5370 animadver-

2364 5427 2526 5482 teret,
2565 5419 2711 5471 sicut
2757 5412 3035 5468 Couditori
3086 5410 3332 5465 omnium
3385 5409 3593 5480 placuit
3625 5425 3638 5458 :
3669 5407 3822 5459 visus
3843 5410 3936 5474 est

2358 5513 2408 5566 ci
2443 5511 2631 5563 videre
2665 5503 2976 5575 agniculum
3013 5502 3305 5573 quemdam
3367 5501 3494 5556 nive
3552 5495 3932 5554 candidiorem

2359 5599 2416 5654 iu
2453 5597 2609 5651 altari
2640 5595 2930 5651 exsistere.
2961 5595 3091 5661 Qua:
3137 5609 3222 5650 res
3249 5609 3374 5649 cum
3406 5605 3570 5662 supra
3616 5600 3782 5658 quam
3823 5583 3934 5637 diei

2364 5700 2456 5746 aut
2485 5688 2648 5744 condi
2678 5696 2888 5758 posset,
2931 5687 2983 5742 iu
3034 5696 3322 5758 stuporem
3376 5678 3646 5739 convertit
3680 5694 3696 5731 :
3728 5691 3796 5732 ex
3823 5690 3937 5746 quo
