4164 6342
183 411 285 471 251

173 629 520 686 exspectare.
573 617 713 671 Cum
755 629 935 674 autem
1002 638 1099 691 pro
1152 638 1303 678 more
1355 637 1548 677 omnes
1599 620 1754 674 ﬂexis

176 709 423 778 genibus
493 719 622 765 ante
691 711 876 767 altare.
919 714 1331 779 consisterent,
1387 715 1756 781 coepissetque

174 801 442 857 sacerdos
469 802 705 872 singulis
763 805 865 860 hoc
909 817 1312 860 sacramentum
1373 804 1701 858 distribuere
1738 819 1752 856 :

175 907 306 947 ecce
336 894 511 964 priori
559 896 830 951 miraculo
855 897 1001 951 aliud
1046 913 1151 949 non
1185 898 1367 951 minus
1418 894 1754 964 adjungitur.

177 984 419 1040 Intuenti
472 989 622 1042 enim
686 987 917 1050 infideli,
978 988 1109 1057 quid
1160 1005 1188 1043 a
1236 989 1522 1043 sacerdote
1577 989 1753 1048 fieret,

177 1078 358 1131 visum
397 1088 504 1143 est,
544 1080 818 1147 quosdam
861 1095 1050 1133 eorum
1085 1080 1380 1149 qui'hujus
1420 1077 1754 1134 sacramenti

176 1170 522 1240 suscipiendi
578 1185 744 1224 causa
800 1181 1196 1236 convenerant,
1250 1151 1534 1239 quoniam'
1581 1183 1756 1238 neque

175 1274 304 1314 vere
345 1260 590 1328 purgati,
612 1277 788 1330 neque
827 1261 1068 1331 perfecte
1101 1260 1344 1314 mundati
1379 1268 1753 1326 accesserunt,

173 1364 281 1404 non
307 1353 415 1405 sub
440 1353 624 1421 specie
651 1354 807 1423 panis
830 1364 883 1407 et
910 1353 1046 1418 vini,
1077 1353 1173 1408 sed
1194 1353 1295 1406 sub
1320 1354 1550 1406 aliarum
1574 1368 1752 1406 rerum

173 1443 341 1498 variis
372 1444 777 1514 horrendisque
820 1446 1110 1517 speciebus
1139 1445 1272 1500 illud
1302 1445 1570 1514 ancipere.
1598 1445 1755 1500 Unus

175 1534 367 1603 itaque
399 1536 558 1590 visus
623 1545 710 1591 est
751 1537 800 1591 ei
864 1537 1131 1592 corticem
1171 1553 1476 1600 assumere,
1525 1539 1656 1606 quia
1708 1539 1754 1591 is

175 1620 438 1686 forsitan,
497 1633 766 1694 quantum
821 1627 1060 1680 humano
1123 1626 1344 1694 ingenio
1404 1627 1750 1696 interpretari

176 1704 506 1782 possumus,
568 1721 687 1772 non'
717 1726 827 1772 tam
895 1719 1149 1773 medullae
1204 1735 1266 1772 ac
1323 1720 1529 1784 sensui,
1589 1733 1751 1789 quam

171 1809 373 1862 cortici
413 1818 468 1863 et
511 1809 692 1866 verbis
730 1810 1144 1879 Scripturarutn
1175 1811 1489 1866 divinarum
1519 1813 1753 1866 inhazse-

1040 422 1136 479 DE
1178 421 1614 481 RELIGIONE
1642 420 2111 478 CHRISTIANA
2148 424 2548 484 LIBELLUS.

173 529 340 592 cmpit
392 535 501 578 tam
537 525 872 580 admirandae
923 529 998 583 rei
1071 530 1230 586 finem
1295 533 1469 585 multo
1536 529 1755 583 avidius
1785 532 1832 588 Α
1864 529 1967 582 mis
2004 528 2260 586 faucibus
2292 543 2516 602 gustare
2558 532 2855 588 videbatur

2909 547 2925 584 :
2984 538 3102 586 erat
3162 532 3432 601 siquidem

1861 621 1978 697 auri
2021 623 2343 689 cupiditate,
2380 635 2543 691 atque
2579 623 2942 677 immoderato
2973 625 3220 692 pecuniae
3246 640 3434 682 amore

1863 710 1936 783 ita
1971 699 2246 779 alligatus,
2305 724 2360 767 ut
2399 716 2529 768 nihil
2565 725 2760 785 praster
2801 731 2992 769 aurum
3036 715 3216 771 sitiret
3244 732 3307 772 ac
3335 718 3435 772 de-

1864 803 2158 868 sideraret,
2195 810 2337 873 quod
2376 807 2494 860 vitii
2543 823 2719 877 genus
2755 807 3119 862 idololatriam
3171 823 3280 862 non
3325 809 3434 862 im-

1863 893 2060 946 merito
2087 893 2272 947 dicere
2303 909 2620 964 possumus,
2651 899 2896 967 Apostoli
2936 899 3252 954 testimonio
3299 914 3438 954 con-

1867 985 2105 1050 firmati,
2160 986 2249 1055 qui
2315 988 2596 1041 avaritiam
2651 992 2936 1046 idolorum
3019 992 3322 1048 servitutem
3387 993 3433 1025 "

1864 1077 2124 1145 appellat.
2187 1076 2507 1132 Postremus
2554 1095 2686 1135 vero
2745 1083 2832 1137 ille
2887 1085 3007 1149 fuit,
3062 1084 3154 1154 qui
3218 1096 3436 1138 saeram

1865 1167 2259 1220 eucharistiam
2303 1170 2652 1224 asacerdote
2710 1173 2982 1242 recipiens
3041 1190 3238 1243 magno
3293 1174 3432 1228 lucis

1865 1258 2158 1326 splendore
2217 1268 2329 1314 toto
2387 1276 2619 1330 corpore
2680 1262 2943 1324 illustrari
2995 1265 3322 1318 videbatur:
3365 1279 3430 1317 ex

1862 1365 1974 1420 quo
2015 1351 2317 1420 intelligere
2351 1367 2670 1420 possumus,
2731 1353 2878 1406 hunc
2937 1356 3180 1423 purgatis
3239 1356 3434 1408 anima:

1864 1457 1978 1496 suae
2026 1441 2256 1497 latebris
2305 1458 2368 1496 ac
2413 1444 2675 1498 mundata
2726 1443 3067 1499 conscientia
3119 1444 3339 1513 dignum
3373 1460 3432 1498 se

1863 1533 2188 1597 reddidisse,
2220 1536 2312 1604 qui
2344 1551 2531 1590 verum
2562 1536 2762 1591 Christi
2791 1550 2992 1603 corpus
3027 1545 3082 1590 et
3109 1537 3429 1604 sanguinem

1864 1634 2148 1693 sumeret;
2200 1622 2434 1682 caeteros
2467 1637 2648 1681 autem
2707 1629 2771 1680 ad
2835 1643 3062 1683 suarum
3129 1628 3440 1685 animarum

1859 1717 2124 1785 judicium
2161 1725 2213 1771 et
2249 1713 2768 1774 condemnationem
2815 1727 2924 1773 tam
2983 1717 3438 1772 excellentissimi

1864 1810 2196 1862 sacramenti
2253 1811 2604 1878 'susceptioni
2667 1825 2726 1864 se
2780 1810 3170 1864 immiscuisse.
3221 1806 3264 1863 Ο
3318 1823 3434 1876 rem

172 1908 279 1964 rat,
316 1916 500 1970 neque
537 1911 646 1955 tam
673 1917 816 1966 esse,
856 1919 1020 1972 quam
1059 1904 1234 1957 videri
1275 1915 1328 1958 et
1370 1905 1611 1973 judicari
1640 1906 1753 1959 bo-
1783 1880 1832 1940 Β
1863 1909 2086 1966 stupore
2124 1913 2290 1970 atque
2318 1902 2685 1956 admiratione
2739 1901 3121 1971 dignissimam
3154 1903 3166 1954 Ι
3205 1900 3441 1954 Contre-

172 2008 275 2048 nus
315 2003 635 2048 curaverat.
705 1995 864 2047 Alius
902 1996 1044 2063 pilos
1103 2010 1166 2047 ac
1219 1996 1449 2062 capillos
1500 1995 1754 2049 dentibus

170 2096 468 2140 conterere
510 2086 820 2150 videbatur,
879 2086 1007 2154 quia
1049 2086 1234 2140 saaculi
1275 2086 1432 2152 hujus
1487 2086 1756 2141 illecebris

170 2193 233 2232 ac
259 2178 669 2246 voluptatibus,
707 2178 1101 2248 superﬂuaque
1148 2178 1454 2248 cupiditate
1501 2180 1756 2234 detentus

170 2271 236 2325 ad
275 2280 390 2324 tam
428 2273 628 2328 divina:
659 2273 736 2328 rei
772 2275 1220 2329 communionem
1257 2274 1521 2342 indiguus
1565 2288 1756 2328 acces-

172 2372 340 2417 serat.
383 2362 617 2418 Utenim
658 2381 724 2420 ex
756 2366 1052 2436 superfluis
1083 2367 1308 2419 humani
1349 2369 1599 2436 corporis
1653 2367 1754 2420 hu-

173 2456 425 2511 moribus
467 2457 702 2527 capillos
734 2472 932 2513 natura
966 2460 1228 2528 producit
1254 2475 1318 2514 ac
1347 2460 1488 2528 pilos
1524 2478 1537 2511 :
1578 2460 1657 2513 sic
1688 2473 1754 2513 ex

175 2547 346 2601 nimia
391 2564 579 2603 rerum
633 2551 1089 2622 voluptatumque
1143 2554 1546 2606 mundanarum
1591 2567 1756 2620 appe-

174 2637 345 2690 tentia
387 2637 442 2691 in
497 2638 748 2695 diversas
798 2642 1054 2697 vitiorum
1124 2643 1318 2698 sordes
1380 2643 1757 2710 maximasque

172 2727 490 2784 divinorum
571 2732 960 2788 mandatorum
1045 2736 1526 2804 transgressiones
1600 2749 1757 2786 mens

173 2832 366 2874 nostra
413 2822 754 2889 prolabitur,
814 2825 1028 2878 dicente
1082 2827 1202 2892 ipso
1259 2825 1492 2880 Domino
1557 2843 1570 2879 :
1636 2823 1757 2876 Non

175 2913 393 2970 ootestis
424 2915 622 2968 servire
651 2915 756 2969 Deo
783 2925 831 2969 et
860 2934 1174 2970 mammona:
1200 2919 1266 2971 ¹¹.
1299 2916 1593 2972 Videbatur
1621 2932 1757 2987 prtev

176 3014 324 3057 terea
361 3005 558 3059 tertius
592 3007 811 3075 qttidam
843 3009 1170 3076 nigerrimos
1194 3011 1462 3063 carbones
1488 3008 1756 3076 accipere,

176 3095 339 3156 quasi
382 3095 426 3148 is
457 3098 698 3150 animam
752 3099 1080 3154 delictorum
1118 3101 1358 3154 tenebris
1393 3100 1758 3170 denigratam,

174 3199 305 3238 vero
341 3199 406 3237 ac
431 3185 723 3240 salutifero
748 3188 1088 3256 poenitentia:
1115 3187 1359 3241 remedio
1384 3202 1560 3255 neque
1580 3187 1756 3238 albam

177 3291 360 3343 neque
406 3275 670 3330 mundam
704 3276 884 3332 facere
908 3287 1186 3335 curasset.
1219 3279 1374 3333 Sicut
1403 3279 1548 3332 enim
1581 3276 1757 3330 sancti

174 3377 229 3421 et
261 3367 404 3435 justi
449 3369 502 3423 in
547 3369 689 3434 luce,
717 3369 796 3425 sic
829 3379 1152 3438 peccatores
1174 3379 1227 3423 et
1256 3370 1408 3439 impii
1437 3369 1491 3422 in
1518 3368 1758 3423 tenebris

175 3460 467 3515 ambulare
503 3459 788 3514 dicuntur.
829 3458 1062 3514 Virtutis
1105 3459 1375 3528 siquidem
1415 3473 1476 3512 ac
1507 3457 1756 3514 veritatis

174 3553 461 3622 proprium
497 3560 600 3614 est,
631 3567 692 3607 se
722 3551 1088 3622 sequentibus
1139 3551 1322 3604 lumen
1349 3549 1641 3605 ostendere
1671 3567 1685 3604 :
1728 3564 1759 3604 c

173 3653 368 3698 contra
411 3660 541 3698 vero
569 3645 826 3696 vitiorum
853 3650 1016 3717 atque
1052 3657 1304 3696 errorum
1329 3643 1581 3697 homines
1608 3652 1759 3696 tene-

175 3737 290 3791 bris
331 3737 827 3802 circumfunderc;
885 3751 1010 3790 cum
1069 3736 1338 3790 Dominus
1397 3735 1547 3789 dicat
1590 3756 1603 3788 :
1643 3734 1756 3800 Ego

173 3843 291 3880 sum
323 3828 416 3880 (tu:
450 3830 636 3881 mundi
664 3844 682 3890 ,'
713 3829 802 3897 qui
831 3829 1075 3898 sequitur
1110 3845 1193 3882 me
1253 3844 1354 3880 non
1417 3827 1656 3880 ambulat
1704 3829 1756 3879 in

175 3920 405 3972 tenebris
447 3921 512 3972 ’³.
576 3919 757 3987 Ignem
821 3933 884 3971 ex
941 3919 1033 3971 his
1088 3919 1228 3971 alter
1284 3934 1378 3971 ore
1418 3917 1754 3979 assumcbat,

175 4011 336 4080 quasi
373 4011 521 4064 illico
559 4024 661 4077 per
696 4017 870 4062 totum
928 4008 1050 4077 ejus
1089 4023 1294 4076 corpus
1327 4007 1558 4060 diffundi
1604 4006 1755 4059 vide-

177 4108 360 4157 batur.
401 4103 500 4156 llic
531 4101 762 4156 forsitan
796 4101 983 4154 carnis
1015 4100 1263 4153 molliore
1321 4116 1384 4153 ac
1438 4097 1757 4167 turpissimo

175 4196 412 4247 luxnria:
449 4193 585 4244 vitio
644 4205 752 4244 non
799 4190 975 4244 solum
1038 4192 1298 4255 animam,
1360 4206 1544 4244 verum
1592 4191 1754 4243 etiam

175 4301 381 4356 Corpus
410 4285 897 4346 dehonestaverat,
941 4283 1103 4352 cujus
1137 4283 1469 4336 atrocissimi
1506 4282 1757 4335 criminis

175 4393 344 4430 causa
383 4375 555 4432 venit,
595 4385 654 4427 ut
707 4373 886 4441 inquit
915 4373 1212 4442 Apostolus
1249 4372 1383 4426 :Ira
1421 4371 1514 4424 Dei
1537 4373 1590 4424 in
1618 4370 1757 4437 ﬁlios

177 4468 485 4537 difﬁdentia:
521 4466 610 4530 “;
669 4474 723 4523 et
780 4473 838 4517 ut
901 4480 1078 4519 sacrae
1117 4463 1375 4517 lectionis
1428 4478 1526 4517 nos
1577 4471 1760 4515 monet

1865 1993 2036 2047 misco
2069 1996 2186 2064 ipse
2234 2010 2340 2049 non
2387 2011 2601 2062 parum,
2657 2011 2779 2049 cum
2836 1996 3075 2050 divinam
3135 1994 3436 2064 potentiam

1867 2085 2269 2151 animadverto,
2303 2103 2424 2156 qua:
2450 2102 2684 2149 omnem
2723 2096 2932 2140 natura:
2961 2087 3070 2140 vim
3104 2099 3168 2139 ac
3194 2094 3440 2153 potesta-

1868 2184 1972 2231 tem
2027 2177 2080 2230 in
2134 2177 2286 2234 hisce
2315 2178 2667 2233 mirabilibus
2731 2177 2902 2232 rebus
2967 2177 3201 2241 excedit,
3245 2189 3443 2231 sensus

1866 2278 2090 2337 superat
2117 2279 2171 2324 et
2211 2271 2564 2325 sensibilium
2605 2284 2788 2322 rerum
2819 2268 3213 2323 similitudines
3240 2267 3441 2320 immu-

1866 2366 1962 2412 tat.
2001 2360 2123 2413 llzcc
2153 2370 2205 2415 ct
2239 2362 2323 2415 his
2359 2362 2560 2415 similia
2591 2362 2809 2430 quoties
2842 2359 3100 2424 audiunt,
3138 2359 3231 2426 qui
3261 2356 3444 2426 genti-

1865 2451 1993 2502 lium
2029 2452 2425 2520 philosophiam
2458 2464 2770 2513 sectantur,
2807 2466 3043 2519 eamque
3091 2452 3263 2505 solam
3301 2464 3438 2503 cun-

1865 2543 1968 2596 ctis
2011 2543 2306 2610 praeferunt
2335 2544 2669 2612 disciplinis,
2695 2559 2799 2598 nos
2837 2543 3093 2601 irrident.
3149 2543 3434 2604 damnant,

1865 2643 1918 2687 ct
1956 2632 2256 2689 maledictis
2280 2645 2442 2704 atque.
2467 2637 2774 2704 opprobriis
2795 2636 3157 2698 insectantur,
3190 2641 3442 2686 nostros-

1867 2742 1972 2794 que
2005 2743 2288 2780 sermones
2339 2729 2510 2782 veluti
2561 2729 2922 2780 deliramenta
2978 2729 3226 2794 quardam
3273 2735 3439 2792 atque

1869 2819 2053 2871 inania
2110 2820 2324 2872 ludicra
2387 2823 2770 2890 contemnunt,
2827 2834 2889 2872 ac
2944 2819 3094 2887 parvi
3153 2817 3439 2886 pendunt;

1869 2909 2130 2976 quoniam
2180 2917 2379 2977 prmter
2407 2910 2714 2964 naturalem
2749 2912 3045 2979 potentiam
3084 2910 3217 2964 nihil
3250 2910 3436 2971 altius,

1868 3000 2000 3052 nihil
2040 2999 2238 3068 majus,
2301 3011 2396 3054 aut
2440 3001 2806 3057 excellentius
2855 3002 3286 3064 considerantes,
3337 3001 3439 3052 im-

1871 3107 2114 3145 mensam
2160 3092 2249 3146 Dei
2307 3093 2631 3161 potentiam,
2669 3110 2793 3162 qua:
2835 3103 3084 3148 naturam
3138 3093 3309 3161 ipsam
3341 3105 3437 3144 na-

1871 3184 2182 3248 turaliaque
2213 3182 2395 3234 omnia
2445 3181 2656 3234 creavit
2716 3197 2778 3235 ex
2837 3181 3031 3244 nihilo,
3086 3195 3433 3250 nequaquam

1867 3273 2335 3326 animadvertunt.
2399 3270 2508 3326 Nos
2548 3288 2679 3325 vero
2733 3272 2824 3341 qui
2877 3271 3084 3327 Christi
3128 3270 3432 3326 doctrinam

1863 3364 2170 3431 sequimur,
2209 3364 2300 3432 qui
2336 3363 2440 3417 fide
2471 3364 2711 3418 vivimus
2735 3373 2789 3418 et
2813 3363 3157 3431 evangelicas
3191 3361 3438 3415 traditio-

1862 3470 1962 3508 nes
1995 3462 2110 3507 toto
2134 3454 2298 3508 corde
2337 3454 2745 3523 amplectimur,
2779 3455 2914 3507 nihil
2953 3454 3062 3510 Deo
3090 3452 3436 3522 impossibile

1859 3543 2177 3611 iudicamus
2213 3561 2227 3596 :
2262 3543 2395 3608 quin
2426 3543 2536 3595 into
2581 3551 2635 3597 et
2691 3543 2775 3597 his
2822 3542 3048 3612 majora,
3094 3543 3184 3612 pia
3231 3542 3334 3597 fide
3382 3551 3438 3602 et

1862 3649 2001 3702 puro
2037 3634 2221 3687 cordis
2255 3632 2453 3687 allecto
2493 3632 2822 3687 confitemur
2852 3642 2907 3688 et
2942 3633 3240 3687 credimus.
3289 3633 3437 3697 Quo-

1863 3725 1969 3778 ties
1994 3726 2137 3778 cnim
2175 3726 2377 3778 mentis
2413 3734 2617 3780 nostra:
2669 3725 2843 3778 aciem
2907 3724 2975 3778 ad
3029 3724 3229 3782 divinas
3288 3724 3436 3779 illius

1863 3816 2122 3885 potentia)
2151 3814 2403 3884 abyssum
2427 3799 2712 3883 erigimus,
2747 3815 2910 3869 toties
2942 3815 3151 3878 omnia,
3179 3829 3438 3884 quascun-

1863 3924 1968 3977 que
2005 3908 2078 3960 illi
2110 3909 2457 3974 placuerunt,
2512 3905 2627 3959 ﬁeri
2666 3919 2828 3973 posse
2867 3915 3187 3960 constanter
3223 3906 3437 3958 'asserio

1861 4015 2002 4053 mus.
2050 3998 2276 4050 Discant
2301 3997 2468 4064 igitur
2504 3996 2691 4050 ﬁdeles
2723 3999 2934 4060 cuncti,
2961 3997 3060 4052 hoc
3085 4006 3192 4050 tam
3230 3997 3431 4052 celebri

1861 4090 2127 4143 miraculo
2156 4087 2444 4150 admoniti,
2491 4102 2600 4140 non
2645 4095 2850 4149 temere
2897 4102 3076 4156 neque
3122 4087 3436 4141 inconsulte

1862 4181 1926 4233 ad
1962 4189 2070 4233 tam
2104 4179 2381 4248 purissimi
2421 4175 2753 4234 sacramenti
2787 4179 3237 4232 communionem
3281 4193 3437 4232 acce-

1862 4272 2011 4334 dere,
2055 4270 2149 4324 sed
2185 4269 2423 4338 quisque
2465 4269 2620 4338 prius
2663 4268 2907 4337 seipsum
2940 4268 3229 4337 dijudicet,
3264 4277 3319 4322 et
3346 4283 3434 4323 se-

1862 4371 2010 4415 creta
2038 4362 2222 4415 cordis
2254 4360 2336 4413 sui
2372 4359 2663 4429 diligenter
2691 4359 2932 4428 inquirat
2976 4377 2990 4413 :
3028 4374 3149 4429 qum
3187 4373 3308 4413 cum
3345 4372 3438 4412 sa-

1864 4455 2033 4508 lutari
2067 4453 2405 4522 peenitentia:
2437 4452 2684 4505 remedio
2712 4450 3048 4519 purgaverit,
3083 4463 3276 4510 magna
3307 4461 3432 4501 cum

183 4561 444 4621 histtria,
514 4567 723 4626 septem
788 4557 890 4610 illze
958 4557 1214 4611 civitates
1265 4558 1332 4610 de
1389 4557 1528 4610 (οωιο
1587 4548 1833 4609 missoD
1866 4546 2172 4600 humilitate
2200 4553 2254 4599 et
2285 4543 2590 4596 reverentia
2643 4540 2935 4594 Dominum
2997 4539 3279 4593 interioris
3312 4552 3438 4592 coro

176 4650 516 4706 exsecrabili
573 4647 828 4701 incendio
870 4648 1174 4715 perierunt.
1211 4648 1354 4699 inter
1396 4648 1493 4699 hos
1549 4645 1758 4701 exstitit

177 4745 428 4816 quidam,
460 4741 554 4809 qui
575 4739 788 4792 cineres
823 4753 917 4791 ore
945 4737 1227 4805 suscipere
1253 4736 1538 4805 videbatur
1568 4755 1582 4790 :
1609 4736 1757 4789 hunc

181 4836 435 4907 corporis
497 4833 732 4897 segnitie
796 4831 1106 4898 mentisque
1157 4829 1366 4883 desidia
1404 4838 1757 4897 occupatum,

181 4931 341 4982 bonis
365 4922 1010 4990 virtuosisqueopcribus
1057 4919 1477 4988 haudquaquam
1509 4935 1754 4982 vacasse,

182 5028 472 5087 possumus
505 5009 880 5077 interpretaris
915 5007 1140 5061 Sextum
1178 5023 1398 5061 carnem
1450 5017 1503 5061 et
1534 5008 1754 5076 quidem

183 5105 528 5164 immundam
564 5101 867 5171 deglutisse
898 5099 1233 5169 accepimus,
1263 5107 1450 5167 utpote
1476 5099 1566 5167 qui
1599 5099 1762 5152 illici-

184 5205 252 5255 tis
303 5197 635 5252 feminarum
697 5191 1076 5259 voluptatibus
1116 5191 1423 5253 dctnersus,
1478 5203 1755 5257 nunquam

185 5307 278 5361 per
311 5283 704 5342 abstinentiam
732 5290 786 5335 ct
824 5280 1222 5336 continentiam
1266 5281 1651 5349 salubremque
1692 5278 1757 5331 de

184 5378 500 5438 commissis
534 5375 918 5445 pmnitentiam
977 5373 1082 5427 sibi
1137 5381 1495 5442 prospexerat
1523 5391 1537 5427 :
1567 5372 1758 5439 sicque

187 5459 469 5522 ianmun'da
505 5471 686 5519 mente
715 5475 780 5516 ac
815 5461 1026 5530 polluto
1057 5477 1154 5516 ore
1183 5462 1251 5516 ad
1277 5471 1384 5515 tam
1411 5461 1752 5517 mundissiml

187 5557 523 5616 sacramenti
557 5552 1037 5624 particlpatiouem
1091 5554 1356 5608 accedere
1390 5566 1762 5623 praesumpse-

187 5666 291 5706 rat.
324 5648 460 5704 Post
497 5647 597 5704 hos
630 5644 730 5700 fuit
762 5653 817 5700 et
854 5644 1018 5708 alius,
1051 5645 1143 5713 qui
1200 5661 1397 5702 aurum
1447 5643 1760 5714 impurissi-

288 5863 329 5891 η
364 5857 555 5914 Matth.
583 5857 762 5920 ",25.
845 5857 887 5888 ¹³
911 5856 1201 5920 Joan.vnt,
1237 5855 1317 5910 l2.

1399 5856 1440 5888 “
1469 5857 1668 5926 Ephes.
1711 5871 1764 5923 γ,
1794 5855 1846 5909 5.

1863 4640 1947 4693 dis
1977 4637 2214 4706 bospilio
2239 4637 2435 4689 timens
2466 4641 2824 4700 tremensque
2851 4631 3147 4700 suscipiat;
3168 4630 3236 4684 de
3257 4631 3436 4697 ipsius

1860 4730 2030 4799 gratia
2066 4736 2121 4781 et
2148 4728 2392 4781 bonitate
2426 4723 2690 4786 conlisus,
2720 4722 2814 4791 qui
2842 4723 2995 4776 solus
3025 4738 3088 4775 ex
3127 4721 3435 4789 peccatori-

1861 4822 1963 4876 bus
1989 4827 2210 4872 sanctos
2246 4815 2373 4869 facit
2406 4822 2460 4868 et
2487 4815 2689 4884 justos.
2724 4822 2780 4868 et
2809 4829 2905 4882 per
2944 4814 3268 4881 prophetam
3309 4827 3439 4881 pec-

1861 4923 2077 4966 catores
2133 4909 2451 4962 consolatus
2479 4913 2565 4960 est
2608 4906 2796 4959 dicens
2829 4920 2843 4958 :
2879 4903 2945 4957 In
2978 4921 3284 4974 quacunque
3307 4905 3439 4958 hora

1862 5017 2140 5056 conversus
2174 4999 2487 5069 ingemuerit
2526 5006 2796 5065 peccator,
2830 4997 3063 5050 omnium
3093 4996 3438 5064 iniquitatum

1863 5093 1976 5162 ejus
2009 5108 2109 5144 non
2152 5089 2474 5143 recordabar
2516 5088 2579 5141 ¹⁶.
2620 5087 2850 5141 Summa
2909 5087 3081 5156 igitur
3139 5087 3340 5140 mentis
3383 5093 3438 5138 et

1863 5183 2114 5252 corporis
2159 5181 2400 5250 puritate
2435 5188 2601 5248 atque
2654 5177 2925 5232 munditia
2966 5176 3290 5231 sumendum
3348 5183 3437 5229 est

1864 5276 1969 5330 hoc
1995 5280 2426 5336 sacramentum,
2480 5285 2606 5324 cum
2650 5269 2804 5322 illum
2839 5269 3198 5335 eumdemque
3247 5264 3438 5318 Domi-

1867 5380 1998 5421 num
2033 5377 2408 5426 assumamus,
2449 5359 2543 5430 qui
2579 5374 2680 5430 pro
2709 5367 2896 5415 nostra
2920 5358 3096 5414 salute
3120 5370 3188 5411 ex
3208 5354 3432 5423 Virgine

1867 5457 2041 5520 nasci,
2076 5455 2398 5524 versarique
2429 5453 2573 5507 inter
2603 5450 2887 5514 homines,
2912 5447 3005 5518 qui
3035 5445 3196 5500 cacis
3226 5445 3429 5510 visum,

1865 5549 2079 5604 claudis
2103 5560 2373 5616 gressum,
2406 5542 2656 5598 auditum
2683 5540 2881 5602 surdis,
2939 5535 3212 5606 loquelam
3242 5534 3431 5594 mutis,

1866 5641 2145 5697 debilibus
2211 5635 2402 5698 robur,
2454 5632 2690 5688 infirmis
2738 5627 3131 5690 valetudinem,
3198 5623 3435 5682 mortuis

1930 5855 1970 5884 "
1999 5850 2196 5923 Ephes.
2240 5864 2289 5911 v,
2346 5844 2397 5899 5.
2480 5837 2521 5872 ⁸³
2565 5836 2764 5893 Ezeclt.
2809 5849 3002 5899 xxxm,
3055 5833 3138 5890 η.
