4148 6334
700 420 806 480 283

1163 424 1558 483 EPIPHANH
1603 425 1954 486 MUNACHI
1997 428 2095 486 DE
2137 429 2570 489 RELlGlONE
2610 428 3088 490 CHRISTlANA
3123 431 3514 492 LIBELLUS-

3828 426 3931 488 284

704 536 867 588 vitam
897 536 1242 604 animamque
1266 538 1500 591 restituit
1529 557 1543 598 ;
1580 541 1670 607 qui
1706 539 1759 592 in
1794 543 1980 596 crucis
2016 541 2263 610 patibulo
2294 546 2337 599 Α
2370 543 2564 596 smatis
2591 542 2733 596 unda
2787 542 3092 596 ministerio
3146 542 3449 596 sacerdotis
3501 542 3602 594 rite
3652 538 3929 607 perfusus,

702 637 888 681 nostra
922 641 1143 695 peccata
1171 631 1442 696 purgavit,
1471 633 1560 698 qui
1588 632 1656 684 ab
1686 632 1878 687 inferis
1917 635 2263 702 antiquorum

703 726 916 784 patrum
971 722 1186 773 animas
1229 721 1437 778 eduxit.
1491 723 1584 789 Qui
1640 724 1800 776 tertia
1853 725 1938 778 die
1971 741 1998 778 a
2036 725 2266 777 mortuis

705 809 1029 869 resorretit,
1073 821 1126 861 ut
1171 823 1344 862 morte
1387 827 1447 864 se
1489 828 1674 865 verum
1739 815 2042 878 hominem,
2082 831 2266 869 resur-

701 900 941 951 rectione
989 917 1111 952 rem
1170 918 1228 954 se
1289 919 1467 954 veru-n
1537 904 1702 957 Deum
1779 908 2086 960 OSIenderet
2130 907 2265 973 :qui

704 993 860 1043 no'is
895 1007 993 1042 suo
1027 994 1263 1057 pretioso
1307 997 1570 1056 sanguine.
1596 995 1818 1060 januam
1854 998 2001 1066 rigui
2029 998 2266 1052 ccelcstis

703 1082 937 1145 aperuit,
983 1084 1074 1144 qui
1105 1085 1307 1136 deinde
1339 1084 1404 1134 ad
1441 1085 1607 1138 caelos
1641 1087 1912 1150 ascendit,
1946 1098 1999 1140 et
2043 1088 2262 1141 tandem

701 1183 819 1236 post
849 1173 1115 1226 universm
1154 1178 1340 1229 carnis
1377 1181 1836 1231 resurrectionem
1880 1188 1996 1232 tum
2047 1196 2260 1242 severo.

694 1270 810 1313 tum
841 1263 1070 1324 benigno
1101 1267 1246 1316 vultu
1287 1267 1458 1319 malos
1489 1283 1550 1320 ac
1581 1269 1751 1321 honos
1779 1270 2127 1333 judicaturus
2164 1271 2264 1322 ad-

697 1357 894 1406 veniet.
943 1355 1076 1418 Quis
1118 1372 1303 1422 qureso
1338 1373 1442 1410 non
1486 1358 1781 1412 formidet?
1835 1363 1959 1429 quis
2008 1377 2112 1414 non
2164 1377 2265 1429 pa-

696 1445 864 1495 veat?
905 1447 1029 1512 quis
1073 1462 1180 1500 non
1215 1450 1634 1508 contremisrat.
1697 1467 1818 1505 cum
1853 1468 2041 1505 Secum
2078 1453 2262 1505 consi-

696 1535 873 1598 derat,
900 1552 957 1589 se
994 1554 1178 1592 verum
1216 1543 1462 1594 omnium
1498 1543 1840 1606 Creatorem,
1873 1544 2073 1611 Regem
2136 1545 2261 1597 (ξωιί

695 1636 748 1679 et
787 1635 968 1688 ιρι-ηρ,
997 1637 1076 1680 tot
1105 1641 1494 1701 tantorumque
1529 1634 1858 1685 tuirahilinm
1894 1632 2259 1697 Patratoretn,

697 1713 937 1769 Iudicem
971 1719 1208 1788 denique
1241 1728 1487 1775 virorum
1520 1733 1574 1776 et
1609 1735 1976 1783 mortuorum.
2003 1724 2106 1776 sub
2138 1739 2260 1792 spe-

695 1810 777 1860 cie
809 1812 964 1872 panis
1018 1821 1072 1863 et
1120 1814 1229 1864 vini
1280 1816 1421 1867 miro
1467 1817 1704 1881 quodam
1761 1817 1924 1868 modo
1976 1815 2260 1883 recipere?

695 1900 830 1963 Quis
855 1910 933 1952 est
971 1911 1077 1954 tam
1112 1904 1331 1968 impius,
1362 1917 1467 1957 tam
1502 1908 1827 1974 sacrilegus,
1865 1915 2084 1974 tamque
2112 1909 2261 1960 salu-

697 1993 767 2044 tis
792 2008 900 2043 sua-
930 1993 1233 2054 inuuemor,
1262 1998 1352 2061 qui
1384 2013 1440 2048 se.
1479 2015 1582 2049 non
1619 2007 1908 2064 prthut‘el,
1943 2016 2048 2050 non
2071 2001 2261 2067 dispo-

698 2092 808 2139 nat.
853 2099 957 2134 non
999 2085 1215 2149 ahjit-iat
1253 2089 1466 2143 sordes.
1503 2105 1606 2140 non
1635 2091 1870 2152 deponat
1903 2093 2162 2152 maculas,
2205 2108 2262 2147 se

696 2174 936 2238 tlenimte
967 2187 1136 2226 totum
1172 2177 1240 2229 ab
1290 2181 1434 2230 omni
1470 2180 1881 2244 inquinamento
1914 2198 2019 2235 non
2059 2199 2260 2250 expur-

694 2274 804 2333 get,
836 2274 888 2314 ut
926 2270 1088 2318 talem
1133 2283 1195 2318 ac
1233 2277 1441 2320 tantum
1480 2271 1746 2338 linspitetn
1793 2288 1893 2326 suo
1928 2274 2088 2342 digne
2121 2273 2261 2326 reri-

701 2354 815 2420 piat
878 2356 1236 2410 habitacula?
1289 2359 1343 2412 Si
1415 2362 1536 2419 nuis
1587 2364 1885 2430 principem
1952 2380 2110 2417 suum
2171 2372 2262 2416 aut

699 2446 866 2498 alium
901 2449 1238 2513 super-ierem
1269 2450 1321 2501 in
1353 2452 1570 2503 dmnnm
1613 2469 1766 2505 suam
1795 2464 2084 2507 venturum
2121 2472 2259 2519 prae-

698 2537 912 2598 scierit,
971 2551 1152 2588 nonne
1200 2536 1419 2590 domum
1460 2550 1637 2596 ornat.
1704 2543 1952 2602 mundat.
2001 2554 2263 2607 curatque

697 2645 858 2695 quam
895 2629 1108 2688 sedulo.
1139 2645 1204 2681 ne
1239 2631 1366 2696 quid
1407 2633 1459 2683 in
1487 2648 1546 2682 ea
1581 2633 1649 2685 sit
1686 2645 1858 2699 turpe,
1894 2635 2258 2697 immundum,

694 2721 1040 2776 inhonestum
1095 2740 1156 2776 ac
1191 2725 1493 2785 sordidum,
1524 2728 1667 2791 quod
1707 2728 2049 2781 advenientis
2081 2729 2266 2795 hospi-

697 2814 769 2864 tis
803 2816 993 2865 oeulos
1053 2826 1144 2867 aut
1198 2815 1440 2868 animum
1482 2817 1588 2869 ulla
1636 2818 1850 2872 ratiOoe
1887 2819 2059 2882 possit
2096 2819 2266 2871 offen-

695 2902 870 2953 dere?
903 2903 1056 2964 Quod
1089 2905 1130 2954 si
1172 2907 1334 2956 homo
1364 2915 1638 2956 terrenum
1674 2922 1735 2958 at:
1771 2908 2050 2959 mortalem
2084 2909 2264 2959 homi-

698 3011 820 3047 nem
857 3005 1217 3060 suscepturus
1262 3013 1378 3048 eam
1432 2997 1770 3057 diligentiam
1821 2998 2062 3062 adhiLct,
2102 3014 2262 3065 quam

701 3089 1012 3153 puritatem,
1063 3105 1223 3145 quam
1263 3091 1606 3147 u-nmlitiatn.
1641 3106 1797 3153 quem
1837 3093 2064 3142 nit0reui
2101 3103 2264 3156 atque

2372 648 2494 686 cum
2533 648 2699 700 supra
2758 640 2921 701 caput
2975 633 3100 699 ejus
3147 632 3399 685 columba
3469 631 3590 685 nive
3643 629 3931 683 candidior

2373 724 2666 789 astitisset,
2697 725 2849 778 Pauli
2885 723 3111 777 secundi
3147 722 3211 774 ab
3241 724 3359 791 ipso
3399 722 3686 776 sacerdote
3714 721 3790 775 illi
3829 735 3932 774 no-

2373 829 2494 868 men
2530 816 2848 879 imponitur.
2886 815 3055 883 idque
3083 815 3376 868 admodum
3411 815 3823 869 convenienter.
3865 813 3936 868 Ut

2368 907 2513 960 enim
2546 906 2749 962 Paulus
2790 908 3072 972 apostolus
3102 916 3220 974 post
3264 906 3580 960 innumeras
3604 905 3935 960 Christiana:

2367 997 2502 1065 legis
2549 1006 2988 1065 cunctarumque
3019 998 3073 1051 in
3111 998 3332 1051 Christo
3367 994 3707 1050 credentium
3744 1009 3936 1062 perse-

2367 1091 2636 1147 cutiones.
2682 1090 2877 1142 damna
2917 1097 3080 1155 atque.
3112 1086 3566 1157 injurias,divioa
3594 1085 3770 1156 gratia
3807 1101 3938 1153 per-~

2369 1179 2634 1243 funditur,
2681 1179 2737 1232 lit
2760 1194 2822 1231 ex
2854 1177 3021 1231 Saulo
3053 1177 3278 1241 Paulus,
3310 1194 3375 1232 ex
3413 1183 3567 1231 hoste
3603 1177 3836 1238 amicus.
3864 1191 3935 1230 ex

2368 1273 2747 1340 impugnatorc
2779 1270 3055 1346 defensor,
3083 1285 3146 1322 ex
3178 1278 3531 1336 persecutore
3560 1269 3929 1336 praedicator;

2368 1364 2421 1415 lit
2456 1363 2736 1430 religionis
2772 1372 2977 1415 nostra}
3006 1372 3270 1414 resonans
3298 1361 3450 1424 tuba,
3483 1358 3541 1412 lit
3580 1375 3675 1412 vas
3704 1358 3934 1412 electio.

2366 1453 2473 1511 nis.
2510 1460 2563 1506 et
2601 1453 2804 1506 Christi
2857 1452 3170 1517 apostolus.
3223 1459 3276 1503 et
3329 1451 3548 1502 tandem
3608 1448 3930 1516 religionem

2367 1555 2609 1598 nostram
2644 1546 3091 1598 constantissime
3121 1543 3447 1611 prmdicans,
3495 1551 3549 1596 et
3598 1541 3799 1606 ubique
3849 1540 3935 1593 in.

2367 1636 2575 1701 trepide
2631 1636 2933 1691 defendens
2993 1635 3192 1703 capitis
3248 1625 3510 1704 martyrio
3569 1633 3822 1702 migravit
3863 1632 3932 1686 ad

2367 1725 2652 1778 hominum
2690 1744 2702 1778 :
2737 1726 2813 1779 sic
2844 1725 3048 1780 Paulus
3081 1727 3183 1778 iste
3215 1725 3491 1778 secundus
3529 1734 3650 1790 post
3673 1725 3935 1777 innume-

2365 1836 2453 1871 ras
2501 1819 2667 1876 divini
2705 1820 2938 1872 nominis
2969 1818 3361 1885 hlasphemias,
3400 1825 3456 1870 et
3485 1815 3929 1871 Christianorum

2366 1913 2799 1978 persecutiones.
2868 1909 3109 1979 rapinas,
3166 1907 3421 1976 injurias,
3490 1905 3687 1968 cades,
3743 1906 3934 1959 divino

2367 2017 2596 2052 mltttel‘e
2655 2000 2721 2053 ad
2780 2001 2937 2052 tidem
2999 2015 3299 2054 conversus
3333 2001 3503 2051 multo
3543 2001 3596 2053 in
3637 2015 3698 2053 ea
3729 2014 3934 2068 propa-

2364 2092 2539 2159 ganda
2574 2105 2741 2159 atque
2774 2093 3115 2146 defendenda
3150 2093 3250 2145 fuit
3283 2093 3568 2146 ardentior
3630 2107 3796 2161 quam
3834 2091 3936 2144 fuit

2366 2185 2418 2237 in
2464 2185 2856 2252 impugnanda.
2911 2184 3090 2236 Vitam
3131 2199 3342 2238 suaima
3379 2185 3712 2252 integritate.
3757 2185 3936 2237 conti-

2365 2278 2548 2327 nentia
2573 2276 2934 2327 etseveritate
2963 2275 3178 2344 exegit;
3210 2288 3412 2339 eorpus
3439 2273 3681 2340 jejuniis.
3711 2273 3933 2341 vigiliis.

2365 2376 2416 2419 et
2454 2367 2680 2434 ﬂrugellis
2715 2368 3015 2433 castigans,
3047 2366 3194 2419 brevi
3218 2366 3405 2420 docuit
3444 2365 3667 2420 obedire
3689 2364 3931 2431 spiritui.

2364 2460 2560 2512 Carnis
2593 2459 2897 2525 voluptates
2925 2448 3090 2525 atque
3126 2459 3411 2513 illecebras
3451 2473 3642 2512 Omnes
3679 2467 3929 2510 eontem-

2365 2552 2473 2618 psit
2509 2567 2520 2599 :
2560 2549 2796 2600 orationi
2826 2556 2876 2599 et
2904 2547 3128 2600 lectioni
3179 2561 3459 2600 sacrarum
3515 2546 3930 2613 Scripturarum

2366 2655 2582 2707 semper
2634 2641 2904 2693 intentus.
2939 2637 3092 2690 Oculi
3127 2651 3379 2690 somnum
3429 2651 3493 2690 ac
3549 2637 3797 2704 corporis
3854 2652 3936 2690 rc-

2365 2733 2548 2798 quiem
2591 2731 2693 2783 nisi
2729 2730 2793 2783 ad
2845 2739 3058 2782 naturae
3108 2743 3171 2780 ac
3219 2728 3418 2780 virium
3475 2729 3930 2783 sustentationem

2368 2824 2514 2874 velut
2549 2833 2752 2887 pestem
2800 2821 3226 2887 aspernabatur,
3280 2819 3464 2872 sciens
3504 2818 3669 2871 hosce
3705 2818 3932 2883 laqueos

2367 2928 2487 2965 esse
2540 2910 2768 2973 diaboli,
2831 2910 3034 2974 quibus
3096 2910 3311 2962 irretire
3370 2916 3423 2960 et
3473 2923 3666 2975 capere
3721 2908 3932 2958 animas

2367 3005 2555 3056 Soleat.
2585 3003 2863 3053 Summam
2891 3000 3146 3053 omnibus
3184 3002 3232 3050 in
3252 3001 3422 3053 rebus
3454 2999 3772 3064 gravitatem
3804 3011 3933 3049 con-

2369 3095 2765 3158 tinentiamque
2800 3091 3062 3146 servavit.
3108 3090 3356 3151 lliritias,
3403 3105 3540 3156 quas
3575 3090 3774 3142 multas
3805 3102 3934 3140 ron-

699 3193 952 3228 orna'um
989 3178 1246 3229 adhihere
1288 3178 1447 3229 debet
1493 3194 1645 3229 naeus
1683 3181 1789 3230 huu
1816 3195 1939 3238 ana,
1989 3196 2261 3232 summum
2289 3191 2332 3252 ρ
2367 3194 2706 3249 gregari-rat,
2732 3199 2923 3234 omnes
2949 3183 3002 3234 in
3033 3197 3298 3248 pauperes
3331 3177 3630 3238 distribuit,
3670 3188 3720 3229 ut
3755 3177 3932 3231 nodus

699 3275 860 3334 atque.
893 3271 1322 3335 omnipotentem
1358 3269 1548 3330 Deum,
1584 3271 1675 3331 qui
1713 3272 1960 3322 nuntium
2012 3280 2256 3324 Secreto~

701 3373 820 3408 rum
859 3367 933 3408 est
971 3359 1222 3423 cognitor
1248 3399 1260 3417 ,
1311 3361 1453 3409 intra
1515 3361 1750 3423 pectoris
1785 3361 1868 3411 sui
1907 3377 2108 3413 art'atta
2153 3376 2265 3413 me—

700 3447 802 3494 rito
839 3459 1161 3509 susceptura
1194 3450 1204 3500 Ξ
1253 3449 1354 3500 Sed
1387 3450 1497 3512 jam
1543 3452 1684 3502 unde
1722 3452 2000 3519 paulisper
2030 3452 2262 3522 digressi

699 3553 909 3597 Sttwns,
940 3543 1002 3585 ad
1038 3540 1280 3591 histo-im
1314 3543 1561 3592 Ordinem
1594 3544 1902 3597 redeamus.

771 3626 844 3676 Re.
877 3628 1058 3679 divina
1099 3634 1394 3696 completa,
1427 3636 1706 3698 sacrisque
1735 3634 1840 3685 illis
1872 3635 2127 3689 omnibus
2163 3637 2265 3690 tite

701 3718 953 3783 peractis,
979 3736 1097 3767 cum
1126 3735 1316 3771 omnes
1343 3722 1430 3779 qui
1457 3723 1678 3773 aderant
1704 3723 1768 3775 ab
1793 3723 2030 3777 Ecclesia
2057 3727 2267 3779 disces-

700 3807 921 3863 sissent.
962 3808 1200 3861 inﬁdelis
1237 3810 1640 3863 illetautarum
1681 3829 1863 3866 rerum
1897 3817 2266 3871 admiratione

698 3913 1010 3962 superatus.
1041 3900 1382 3954 sacerdotem
1411 3905 1688 3963 convenit.
1723 3921 1959 3972 eumque
1993 3909 2167 3960 amice
2202 3922 2264 3960 ac

701 4001 1017 4042 reverenter
1058 3991 1378 4059 alloquitur,
1407 4003 1460 4047 et
1485 3996 1689 4056 omnia,
1726 4012 1846 4064 qua!
1898 3999 1970 4051 illi
2025 4009 2266 4065 tempore

699 4083 957 4135 sacriﬁcii
992 4093 1378 4148 apparuerant.
1418 4101 1517 4137 suo
1553 4088 1747 4139 ordine
1779 4090 1999 4150 exponit
2029 4105 2042 4152 ;
2077 4091 2264 4156 cupie-

701 4175 789 4227 bat
824 4175 969 4225 euim
1006 4176 1150 4225 velut
1197 4177 1394 4228 divina!
1448 4179 1701 4243 potentiae
1759 4196 1983 4242 prorsus
2043 4183 2265 4247 ignarus

702 4267 948 4331 apprime
984 4268 1310 4332 intelligere,
1366 4270 1495 4334 quid
1539 4279 1617 4321 tot
1661 4271 2049 4324 distinetarutn
2087 4289 2263 4325 rerum

701 4359 909 4423 species
937 4360 986 4407 in
1010 4357 1196 4408 eodem
1237 4359 1337 4411 sibi
1379 4362 1574 4413 vellent
1604 4372 1968 4421 sacramento,
1997 4379 2266 4430 quamque

704 4459 812 4511 prae
838 4458 893 4494 se
922 4443 1120 4497 ferrent
1153 4449 1638 4515 signiﬁcationem.
1675 4450 1807 4502 Tum
1832 4453 2088 4505 sacerdos
2124 4452 2264 4503 divi-

2366 3288 2529 3342 atque
2562 3277 2854 3342 expeditus
2885 3275 3138 3338 Chistttttt
3181 3273 3385 3324 nttdttm
3422 3285 3485 3323 ac
3521 3285 3816 3337 pauperem
3857 3267 3934 3319 l'a-

2365 3370 2531 3424 cilius
2569 3379 2913 3436 sequeretur,
2969 3375 3027 3416 ut
3070 3366 3136 3417 de
3188 3365 3308 3427 ipso
3362 3361 3739 3429 propheticum
3798 3359 3929 3411 illttd

2369 3477 2471 3512 nou
2501 3462 2599 3511 ahs
2636 3476 2691 3508 re.
2717 3457 2825 3511 dici
2862 3458 3031 3523 pnssit
3062 3475 3074 3508 :
3109 3456 3380 3522 Dispersit,
3410 3455 3550 3506 dedit
3586 3452 3928 3518 pauperibus,

2365 3563 2413 3604 et
2446 3553 2657 3617 jusu'tia
2696 3551 2808 3615 eius
2839 3559 3014 3602 omne!
3050 3551 3100 3602 in
3130 3548 3380 3601 an'culum
3415 3546 3596 3599 δίναιιὶ
3642 3546 3709 3597 ¹¹⁸.
3756 3548 3927 3596 Pecu-

2367 3643 2467 3695 nize
2490 3655 2922 3709 ceterarumque
2951 3657 3132 3692 rerum
3161 3639 3558 3690 mundanorum
3598 3637 3930 3702 cupiditates

2367 3733 2599 3784 calcavit
2649 3741 2814 3797 atque
2861 3729 3190 3798 perdomuit.
3248 3725 3446 3781 Totius
3512 3727 3750 3792 denique
3815 3726 3933 3778 vita:

2368 3830 2552 3889 partes
2576 3821 2712 3873 mira
2751 3822 2983 3887 quadam
3017 3818 3259 3873 bonitate
3279 3816 3774 3884 ‘sanctimoniaque
3814 3830 3934 3883 per-

2370 3912 2518 3966 fecit.
2568 3911 2711 3965 Nihil
2750 3912 2892 3964 ineo
2935 3908 3386 3977 reprehensibile,
3426 3922 3533 3961 non
3576 3922 3779 3970 sermo,
3827 3921 3931 3959 non

2370 4003 2643 4066 incessus.
2680 4019 2786 4057 non
2820 4013 3076 4071 aspectus
3104 4021 3117 4069 ;
3161 4002 3298 4054 nihil
3325 4001 3468 4069 quod
3502 4000 3769 4066 cujusque
3801 4013 3935 4052 ocu-

2371 4095 2449 4146 los
2487 4095 2537 4145 iu
2578 4110 2635 4146 se
2670 4103 2851 4163 posset
2888 4095 3191 4148 otTendere.
3238 4092 3551 4145 Doctriuam
3590 4105 3720 4143 vero
3771 4104 3936 4143 evan.

2368 4185 2615 4252 gelicam,
2650 4200 2812 4252 quam
2844 4195 2969 4237 ante
2998 4185 3279 4245 irridebat.
3326 4184 3644 4242 damnabat.
3698 4183 3937 4236 insecta-

2371 4274 2554 4335 batur,
2600 4275 2818 4340 populis
2844 4273 3233 4326 ardentissime
3270 4273 3602 4340 pra-dicavit.
3639 4278 3808 4340 atque
3837 4286 3932 4338 pro

2373 4364 2486 4431 ejus
2525 4365 2749 4415 veritate
2783 4363 3007 4424 tuenda,
3046 4363 3291 4430 scipsum
3337 4363 3600 4432 martyrio
3629 4362 3934 4431 sa-pissime

2374 4456 2593 4510 obtulit.
2637 4459 2770 4508 Cum
2803 4465 2987 4508 autem
3033 4455 3145 4521 jam
3183 4456 3367 4521 plures
3400 4469 3571 4507 annos
3601 4454 3655 4506 in
3690 4454 3790 4506 hac
3831 4464 3933 4506 tam

704 4549 826 4586 nam
863 4551 1079 4587 manum
1124 4538 1249 4590 huic
1289 4539 1360 4590 rei
1395 4540 1618 4592 attulisse
1650 4556 2013 4606 reguloscens,
2049 4543 2264 4594 videns-
2301 4524 2344 4578 D
2375 4559 2556 4600 sancta
2628 4547 3044 4600 conversatione
3112 4547 3469 4614 transegisse!
3497 4583 3511 4605 .
3572 4545 3936 4610 Omnibusque

703 4640 810 4692 que
842 4626 1003 4688 hujus
1054 4628 1288 4680 inﬁdelis
1344 4641 1575 4682 mentem
1642 4633 1836 4683 timore
1885 4633 2046 4685 simul
2106 4643 2266 4699 atque

707 4716 1066 4768 admiratione
1106 4735 1454 4781 concussam,
1489 4723 1653 4785 empit
1686 4723 1762 4774 illi
1797 4739 1858 4775 cx
1897 4724 2070 4778 Sacris
2103 4722 2272 4778 Litte-

708 4806 783 4857 ris
833 4809 1066 4857 ιιινίιιειιιι
1118 4809 1171 4860 in
1225 4812 1414 4873 primis
1468 4814 1768 4878 potentiau
1829 4816 2143 4876 ostendere,
2206 4829 2270 4868 ac

706 4897 898 4948 deinde.
931 4915 1024 4962 per
1058 4901 1269 4962 singula
1310 4902 1650 4965 discurrens,
1701 4916 1965 4971 quantum
2007 4910 2271 4972 temporis

707 4991 950 5048 angustia
995 4990 1334 5054 patiebatur,
1378 4992 1656 5046 Christum
1715 4996 1790 5046 illi
1845 4999 2263 5062 evangelizavit.

711 5077 842 5141 Quae
895 5093 1018 5128 eum
1064 5082 1150 5131 ille
1179 5090 1382 5134 attente
1430 5085 1591 5137 simul
1636 5099 1698 5138 ac
1730 5087 1924 5139 tlevote
1974 5090 2262 5150 audiiss-t.

708 5168 1038 5232 adessetque
1078 5171 1251 5235 gratia
1311 5171 1549 5233 Domini,
1587 5175 1703 5240 qui,
1776 5183 1832 5226 tit
1883 5177 2060 5243 inquit
2120 5177 2268 5231 Scri-

711 5269 866 5324 ptura
903 5261 964 5322 ιτ,
1016 5262 1166 5314 solus
1226 5275 1402 5329 potest
1444 5281 1539 5318 eor
1594 5267 1866 5324 lapideum
1933 5267 2109 5322 facere
2171 5286 2265 5325 cor

709 5362 990 5408 carneum.
1019 5361 1070 5401 et
1102 5367 1163 5402 ex
1201 5352 1472 5417 lapidibus
1507 5358 1779 5409 sust-itare
1806 5358 1947 5409 lilios
1981 5358 2213 5413 Abrahae
2248 5379 2260 5413 :

709 5437 855 5488 illico
883 5437 1211 5493 Christianae
1247 5443 1509 5496 doctrinae
1544 5447 1799 5504 credidit.
1864 5462 2031 5512 seque
2087 5449 2265 5514 bapti-

714 5527 847 5583 zari.
885 5539 1049 5594 atque
1091 5532 1295 5587 relictis
1328 5533 1489 5587 idolis
1515 5543 1567 5585 et
1595 5538 1878 5592 erroribus
1917 5537 2058 5591 inter
2086 5540 2268 5595 fideles

714 5617 915 5672 Christi
944 5621 1142 5676 milites
1171 5625 1368 5678 ascribi
1431 5626 1621 5680 voluit.
1669 5625 1821 5681 Sacri
1872 5629 2052 5696 itaque
2093 5631 2269 5686 haoti-

788 5797 827 5826 ¹”
874 5793 1055 5850 Matth.
1091 5817 1167 5864 ltl,
1339 5803 1376 5830 ’⁸
1414 5805 1555 5856 Padi,
1591 5819 1698 5865 (ιι,
1736 5806 1785 5855 9.

1944 5805 2170 5873 Philipp.
2212 5824 2245 5867 l,
2282 5809 2362 5858 ΞΒ.

2373 4646 2516 4690 esset
2559 4638 2766 4704 stupori
2829 4647 2881 4689 et
2937 4637 3310 4697 admirationi.
3363 4637 3559 4702 hisque
3611 4633 3932 4701 prmsvrtim,

2374 4729 2468 4795 qui
2509 4728 2632 4795 ejus
2664 4727 2827 4780 vitam
2882 4739 3006 4780 ante
3069 4727 3486 4780 conversionem
3545 4732 3933 4792 cognoverant,

2376 4822 2581 4889 placuit
2621 4819 2986 4888 omnipotenti
3021 4819 3127 4872 Deo
3161 4819 3387 4871 militem
3425 4832 3580 4869 suum
3626 4817 3691 4868 ad
3731 4832 3790 4868 se
3841 4831 3934 4869 vo-

2377 4926 2516 4974 care,
2553 4920 2608 4961 ut
2636 4911 2726 4979 qui
2779 4921 3000 4963 strenue
3043 4925 3107 4962 ac
3156 4910 3385 4962 viriliter
3416 4909 3792 4970 dimicaverat,
3840 4908 3931 4959 de-

2378 5002 2488 5054 bita
2529 5003 2794 5069 reciperet
2842 5001 3112 5068 stipendia
3173 5000 3516 5053 meritorum.
3570 4995 3713 5049 Voce
3757 4997 3936 5063 itaque

2379 5091 2643 5158 angelica,
2678 5107 2782 5159 qua
2840 5091 3037 5158 smpius
3063 5089 3338 5142 consolari
3376 5087 3604 5150 solebat,
3665 5087 3784 5139 vita:
3828 5101 3933 5138 sua:

2376 5184 2534 5234 linem
2569 5184 2773 5235 instare
2805 5183 2881 5233 illi
2915 5183 3218 5244 nuntiatur,
3252 5195 3358 5247 qua
3402 5195 3464 5232 ex
3500 5194 3556 5232 re
3596 5176 3661 5229 de
3720 5175 3930 5229 Domini

2376 5273 2617 5325 bonitate
2650 5271 3138 5338 misericordiaque
3192 5269 3457 5330 conlisus.
3501 5270 3592 5337 qui
3650 5279 3926 5330 nunquam

2375 5362 2574 5414 deserit
2604 5373 2891 5426 sperantes
2923 5359 2975 5411 in
3025 5375 3106 5422 se,
3151 5360 3526 5414 incredibilem
3574 5359 3756 5410 animo
3805 5353 3933 5405 laeti-

2382 5453 2508 5503 tiam
2544 5451 2730 5520 cmpit,
2764 5450 2894 5502 illud
2930 5452 3174 5517 Apostoli
3205 5452 3403 5520 saepius
3430 5459 3683 5517 repetens
3723 5461 3736 5498 :
3772 5443 3929 5509 Cupio

2379 5543 2618 5603 dis-solvi.
2656 5552 2704 5596 et
2740 5558 2851 5596 esse
2883 5559 3001 5595 cum
3029 5544 3241 5598 Christo
3282 5545 3348 5598 ".
3379 5541 3694 5608 lntelligens
3753 5545 3928 5590 autem

2379 5637 2586 5689 nullum
2619 5634 2825 5704 gratius
2853 5636 3347 5706 acceptabiliusquc
3367 5631 3549 5690 oﬂ'erri
3585 5627 3932 5688 sacriﬁcium,
