  <div class='ocr_page' id='page_1' title='image "/cluster/home/n/w/nwhite01/storage/ocr_20150623/120/pst.000005714353/150.png"; bbox 0 0 4164 6342; ppageno 0'>
   <div class='ocr_carea' id='block_1_1' title="bbox 202 436 303 499">
    <p class='ocr_par' dir='ltr' id='par_1_1' title="bbox 202 436 303 499">
     <span class='ocr_line' id='line_1_1' title="bbox 202 436 303 499; baseline 0.01 -2"><span class='ocrx_word' id='word_1_1' title='bbox 202 436 303 499; x_wconf 65' lang='grc'><strong>285</strong></span> 
     </span>
    </p>
   </div>
   <div class='ocr_carea' id='block_1_2' title="bbox 836 431 2842 503">
    <p class='ocr_par' dir='ltr' id='par_1_2' title="bbox 836 431 2842 503">
     <span class='ocr_line' id='line_1_2' title="bbox 836 431 2842 503; baseline -0.004 -4"><span class='ocrx_word' id='word_1_2' title='bbox 836 442 1099 502; x_wconf 74' lang='lat' dir='ltr'><strong>ALEXII</strong></span> <span class='ocrx_word' id='word_1_3' title='bbox 1137 439 1649 503; x_wconf 66' lang='lat' dir='ltr'><strong>PATRIARCHJE</strong></span> <span class='ocrx_word' id='word_1_4' title='bbox 1690 436 2347 503; x_wconf 73' lang='lat' dir='ltr'><strong>CONSTITUTIONES</strong></span> <span class='ocrx_word' id='word_1_5' title='bbox 2384 431 2842 497; x_wconf 78' lang='lat' dir='ltr'><strong>SYNODALES-</strong></span> 
     </span>
    </p>
   </div>
   <div class='ocr_carea' id='block_1_3' title="bbox 3330 418 3432 481">
    <p class='ocr_par' dir='ltr' id='par_1_3' title="bbox 3330 418 3432 481">
     <span class='ocr_line' id='line_1_3' title="bbox 3330 418 3432 481; baseline -0.029 0"><span class='ocrx_word' id='word_1_6' title='bbox 3330 418 3432 481; x_wconf 64' lang='lat'><strong>236</strong></span> 
     </span>
    </p>
   </div>
   <div class='ocr_carea' id='block_1_4' title="bbox 202 526 3431 626">
    <p class='ocr_par' dir='ltr' id='par_1_4' title="bbox 202 526 3431 626">
     <span class='ocr_line' id='line_1_4' title="bbox 202 526 3431 626; baseline -0.001 -22"><span class='ocrx_word' id='word_1_7' title='bbox 202 567 361 622; x_wconf 82' lang='lat' dir='ltr'><strong>quam</strong></span> <span class='ocrx_word' id='word_1_8' title='bbox 399 567 495 607; x_wconf 91' lang='lat' dir='ltr'><strong>cor</strong></span> <span class='ocrx_word' id='word_1_9' title='bbox 552 554 857 608; x_wconf 83' lang='lat' dir='ltr'><strong>contritum</strong></span> <span class='ocrx_word' id='word_1_10' title='bbox 898 566 951 609; x_wconf 92' lang='lat' dir='ltr'><strong>et</strong></span> <span class='ocrx_word' id='word_1_11' title='bbox 993 526 1362 621; x_wconf 77' lang='lat' dir='ltr'><strong>humiliatum,</strong></span> <span class='ocrx_word' id='word_1_12' title='bbox 1393 557 1535 611; x_wconf 77' lang='lat' dir='ltr'><strong>facta</strong></span> <span class='ocrx_word' id='word_1_13' title='bbox 1571 572 1766 626; x_wconf 88' lang='lat' dir='ltr'><strong>pecca-</strong></span> <span class='ocrx_word' id='word_1_14' title='bbox 1796 562 1845 620; x_wconf 73' lang='grc' dir='ltr'><strong>Α</strong></span> <span class='ocrx_word' id='word_1_15' title='bbox 1873 555 2001 608; x_wconf 69' lang='grc' dir='ltr'><strong>ειεπί</strong></span> <span class='ocrx_word' id='word_1_16' title='bbox 2036 553 2244 612; x_wconf 79' lang='lat' dir='ltr'><strong>vident,</strong></span> <span class='ocrx_word' id='word_1_17' title='bbox 2267 551 2417 605; x_wconf 88' lang='lat' dir='ltr'><strong>surdi</strong></span> <span class='ocrx_word' id='word_1_18' title='bbox 2464 548 2715 607; x_wconf 83' lang='lat' dir='ltr'><strong>audiunt,</strong></span> <span class='ocrx_word' id='word_1_19' title='bbox 2741 542 2876 597; x_wconf 89' lang='lat' dir='ltr'><strong>muti</strong></span> <span class='ocrx_word' id='word_1_20' title='bbox 2902 542 3221 608; x_wconf 67' lang='lat' dir='ltr'><strong>loquuntur.</strong></span> <span class='ocrx_word' id='word_1_21' title='bbox 3252 533 3431 626; x_wconf 48' lang='lat' dir='ltr'><strong>Chium</strong></span> 
     </span>
    </p>
   </div>
   <div class='ocr_carea' id='block_1_5' title="bbox 201 643 1768 716">
    <p class='ocr_par' dir='ltr' id='par_1_5' title="bbox 201 643 1768 716">
     <span class='ocr_line' id='line_1_5' title="bbox 201 643 1768 716; baseline 0.001 -19"><span class='ocrx_word' id='word_1_22' title='bbox 201 651 381 697; x_wconf 89' lang='lat' dir='ltr'><strong>torum</strong></span> <span class='ocrx_word' id='word_1_23' title='bbox 412 643 781 707; x_wconf 73' lang='lat' dir='ltr'><strong>confessione,</strong></span> <span class='ocrx_word' id='word_1_24' title='bbox 809 656 1135 715; x_wconf 86' lang='lat' dir='ltr'><strong>peractaque</strong></span> <span class='ocrx_word' id='word_1_25' title='bbox 1160 649 1503 716; x_wconf 73' lang='lat' dir='ltr'><strong>pmnitentia,</strong></span> <span class='ocrx_word' id='word_1_26' title='bbox 1530 648 1768 715; x_wconf 86' lang='lat' dir='ltr'><strong>seipsum</strong></span> 
     </span>
    </p>
   </div>
   <div class='ocr_carea' id='block_1_6' title="bbox 205 735 1771 794">
    <p class='ocr_par' dir='ltr' id='par_1_6' title="bbox 205 735 1771 794">
     <span class='ocr_line' id='line_1_6' title="bbox 205 735 1771 794; baseline 0 -4"><span class='ocrx_word' id='word_1_27' title='bbox 205 735 311 790; x_wconf 75' lang='lat' dir='ltr'><strong>Deo</strong></span> <span class='ocrx_word' id='word_1_28' title='bbox 344 737 645 790; x_wconf 89' lang='lat' dir='ltr'><strong>humilians</strong></span> <span class='ocrx_word' id='word_1_29' title='bbox 677 736 743 789; x_wconf 90' lang='lat' dir='ltr'><strong>de</strong></span> <span class='ocrx_word' id='word_1_30' title='bbox 767 736 1094 793; x_wconf 87' lang='lat' dir='ltr'><strong>admirando</strong></span> <span class='ocrx_word' id='word_1_31' title='bbox 1120 755 1187 793; x_wconf 89' lang='lat' dir='ltr'><strong>ac</strong></span> <span class='ocrx_word' id='word_1_32' title='bbox 1216 741 1506 794; x_wconf 74' lang='lat' dir='ltr'><strong>salutifero</strong></span> <span class='ocrx_word' id='word_1_33' title='bbox 1542 738 1634 792; x_wconf 82' lang='lat' dir='ltr'><strong>illo</strong></span> <span class='ocrx_word' id='word_1_34' title='bbox 1679 753 1771 793; x_wconf 89' lang='lat' dir='ltr'><strong>sa-</strong></span> 
     </span>
    </p>
   </div>
   <div class='ocr_carea' id='block_1_7' title="bbox 204 828 1773 898">
    <p class='ocr_par' dir='ltr' id='par_1_7' title="bbox 204 828 1773 898">
     <span class='ocr_line' id='line_1_7' title="bbox 204 828 1773 898; baseline -0.004 -14"><span class='ocrx_word' id='word_1_35' title='bbox 204 838 493 884; x_wconf 73' lang='lat' dir='ltr'><strong>cramento</strong></span> <span class='ocrx_word' id='word_1_36' title='bbox 535 828 787 897; x_wconf 89' lang='lat' dir='ltr'><strong>corporis</strong></span> <span class='ocrx_word' id='word_1_37' title='bbox 814 838 867 880; x_wconf 89' lang='lat' dir='ltr'><strong>et</strong></span> <span class='ocrx_word' id='word_1_38' title='bbox 899 830 1184 898; x_wconf 73' lang='lat' dir='ltr'><strong>sanguinis</strong></span> <span class='ocrx_word' id='word_1_39' title='bbox 1217 828 1429 882; x_wconf 85' lang='lat' dir='ltr'><strong>Domini</strong></span> <span class='ocrx_word' id='word_1_40' title='bbox 1460 828 1607 897; x_wconf 89' lang='lat' dir='ltr'><strong>quod</strong></span> <span class='ocrx_word' id='word_1_41' title='bbox 1637 842 1773 882; x_wconf 87' lang='lat' dir='ltr'><strong>con-</strong></span> 
     </span>
    </p>
   </div>
   <div class='ocr_carea' id='block_1_8' title="bbox 203 917 1774 990">
    <p class='ocr_par' dir='ltr' id='par_1_8' title="bbox 203 917 1774 990">
     <span class='ocr_line' id='line_1_8' title="bbox 203 917 1774 990; baseline 0.001 -17"><span class='ocrx_word' id='word_1_42' title='bbox 203 920 481 975; x_wconf 72' lang='lat' dir='ltr'><strong>versionis</strong></span> <span class='ocrx_word' id='word_1_43' title='bbox 514 934 629 973; x_wconf 65' lang='lat' dir='ltr'><strong>suae</strong></span> <span class='ocrx_word' id='word_1_44' title='bbox 656 932 827 971; x_wconf 85' lang='lat' dir='ltr'><strong>causa</strong></span> <span class='ocrx_word' id='word_1_45' title='bbox 858 917 1059 985; x_wconf 78' lang='lat' dir='ltr'><strong>fuerat,</strong></span> <span class='ocrx_word' id='word_1_46' title='bbox 1096 920 1447 974; x_wconf 82' lang='lat' dir='ltr'><strong>devotissime</strong></span> <span class='ocrx_word' id='word_1_47' title='bbox 1482 921 1774 990; x_wconf 82' lang='lat' dir='ltr'><strong>participa-</strong></span> 
     </span>
    </p>
   </div>
   <div class='ocr_carea' id='block_1_9' title="bbox 204 1008 1772 1079">
    <p class='ocr_par' dir='ltr' id='par_1_9' title="bbox 204 1008 1772 1079">
     <span class='ocr_line' id='line_1_9' title="bbox 204 1008 1772 1079; baseline 0.001 -12"><span class='ocrx_word' id='word_1_48' title='bbox 204 1013 301 1068; x_wconf 73' lang='lat' dir='ltr'><strong>vit.</strong></span> <span class='ocrx_word' id='word_1_49' title='bbox 345 1010 557 1066; x_wconf 85' lang='lat' dir='ltr'><strong>Deinde</strong></span> <span class='ocrx_word' id='word_1_50' title='bbox 590 1025 713 1064; x_wconf 91' lang='lat' dir='ltr'><strong>cum</strong></span> <span class='ocrx_word' id='word_1_51' title='bbox 768 1008 1103 1065; x_wconf 13' lang='lat' dir='ltr'><strong>seiorationi</strong></span> <span class='ocrx_word' id='word_1_52' title='bbox 1137 1010 1402 1072; x_wconf 80' lang='lat' dir='ltr'><strong>dedisset,</strong></span> <span class='ocrx_word' id='word_1_53' title='bbox 1435 1026 1669 1079; x_wconf 86' lang='lat' dir='ltr'><strong>corpore</strong></span> <span class='ocrx_word' id='word_1_54' title='bbox 1718 1013 1772 1067; x_wconf 89' lang='lat' dir='ltr'><strong>in</strong></span> 
     </span>
    </p>
   </div>
   <div class='ocr_carea' id='block_1_10' title="bbox 206 1090 1771 1171">
    <p class='ocr_par' dir='ltr' id='par_1_10' title="bbox 206 1090 1771 1171">
     <span class='ocr_line' id='line_1_10' title="bbox 206 1090 1771 1171; baseline -0.003 -10"><span class='ocrx_word' id='word_1_55' title='bbox 206 1116 407 1161; x_wconf 85' lang='lat' dir='ltr'><strong>terram</strong></span> <span class='ocrx_word' id='word_1_56' title='bbox 466 1104 751 1167; x_wconf 89' lang='lat' dir='ltr'><strong>inclinato,</strong></span> <span class='ocrx_word' id='word_1_57' title='bbox 789 1104 968 1156; x_wconf 84' lang='lat' dir='ltr'><strong>anima</strong></span> <span class='ocrx_word' id='word_1_58' title='bbox 1025 1102 1091 1156; x_wconf 84' lang='lat' dir='ltr'><strong>ad</strong></span> <span class='ocrx_word' id='word_1_59' title='bbox 1145 1090 1441 1171; x_wconf 74' lang='lat' dir='ltr'><strong>gloriosam</strong></span> <span class='ocrx_word' id='word_1_60' title='bbox 1492 1104 1771 1158; x_wconf 91' lang='lat' dir='ltr'><strong>beatorum</strong></span> 
     </span>
    </p>
   </div>
   <div class='ocr_carea' id='block_1_11' title="bbox 208 1190 1777 1268">
    <p class='ocr_par' dir='ltr' id='par_1_11' title="bbox 208 1190 1777 1268">
     <span class='ocr_line' id='line_1_11' title="bbox 208 1190 1777 1268; baseline 0.001 -20"><span class='ocrx_word' id='word_1_61' title='bbox 208 1197 440 1268; x_wconf 82' lang='lat' dir='ltr'><strong>patriam</strong></span> <span class='ocrx_word' id='word_1_62' title='bbox 499 1194 888 1247; x_wconf 82' lang='lat' dir='ltr'><strong>comitantibus</strong></span> <span class='ocrx_word' id='word_1_63' title='bbox 925 1193 1132 1262; x_wconf 73' lang='lat' dir='ltr'><strong>angelis</strong></span> <span class='ocrx_word' id='word_1_64' title='bbox 1186 1195 1320 1247; x_wconf 78' lang='lat' dir='ltr'><strong>inira</strong></span> <span class='ocrx_word' id='word_1_65' title='bbox 1359 1195 1639 1257; x_wconf 85' lang='lat' dir='ltr'><strong>celeritate</strong></span> <span class='ocrx_word' id='word_1_66' title='bbox 1681 1190 1777 1249; x_wconf 86' lang='lat' dir='ltr'><strong>ad-</strong></span> 
     </span>
    </p>
   </div>
   <div class='ocr_carea' id='block_1_12' title="bbox 205 1286 1777 1354">
    <p class='ocr_par' dir='ltr' id='par_1_12' title="bbox 205 1286 1777 1354">
     <span class='ocr_line' id='line_1_12' title="bbox 205 1286 1777 1354; baseline -0.001 -13"><span class='ocrx_word' id='word_1_67' title='bbox 205 1290 430 1342; x_wconf 72' lang='lat' dir='ltr'><strong>volavit.</strong></span> <span class='ocrx_word' id='word_1_68' title='bbox 458 1286 701 1341; x_wconf 81' lang='lat' dir='ltr'><strong>Aderant</strong></span> <span class='ocrx_word' id='word_1_69' title='bbox 735 1286 980 1354; x_wconf 69' lang='lat' dir='ltr'><strong>plerique</strong></span> <span class='ocrx_word' id='word_1_70' title='bbox 1019 1286 1198 1340; x_wconf 88' lang='lat' dir='ltr'><strong>sancti</strong></span> <span class='ocrx_word' id='word_1_71' title='bbox 1239 1287 1361 1348; x_wconf 82' lang='lat' dir='ltr'><strong>viri.</strong></span> <span class='ocrx_word' id='word_1_72' title='bbox 1407 1288 1497 1353; x_wconf 92' lang='lat' dir='ltr'><strong>qui</strong></span> <span class='ocrx_word' id='word_1_73' title='bbox 1533 1286 1777 1351; x_wconf 77' lang='lat' dir='ltr'><strong>referunt</strong></span> 
     </span>
    </p>
   </div>
   <div class='ocr_carea' id='block_1_13' title="bbox 209 1375 1776 1451">
    <p class='ocr_par' dir='ltr' id='par_1_13' title="bbox 209 1375 1776 1451">
     <span class='ocr_line' id='line_1_13' title="bbox 209 1375 1776 1451; baseline 0 -20"><span class='ocrx_word' id='word_1_74' title='bbox 209 1392 471 1447; x_wconf 75' lang='lat' dir='ltr'><strong>magnum</strong></span> <span class='ocrx_word' id='word_1_75' title='bbox 511 1375 803 1445; x_wconf 86' lang='lat' dir='ltr'><strong>quemdam</strong></span> <span class='ocrx_word' id='word_1_76' title='bbox 837 1377 1185 1445; x_wconf 77' lang='lat' dir='ltr'><strong>splendorem</strong></span> <span class='ocrx_word' id='word_1_77' title='bbox 1246 1391 1339 1444; x_wconf 89' lang='lat' dir='ltr'><strong>per</strong></span> <span class='ocrx_word' id='word_1_78' title='bbox 1389 1377 1553 1430; x_wconf 90' lang='lat' dir='ltr'><strong>unius</strong></span> <span class='ocrx_word' id='word_1_79' title='bbox 1605 1376 1776 1451; x_wconf 77' lang='lat' dir='ltr'><strong>ferme</strong></span> 
     </span>
    </p>
   </div>
   <div class='ocr_carea' id='block_1_14' title="bbox 210 1467 1780 1538">
    <p class='ocr_par' dir='ltr' id='par_1_14' title="bbox 210 1467 1780 1538">
     <span class='ocr_line' id='line_1_14' title="bbox 210 1467 1780 1538; baseline -0.001 -15"><span class='ocrx_word' id='word_1_80' title='bbox 210 1467 364 1523; x_wconf 69' lang='lat' dir='ltr'><strong>liora</strong></span> <span class='ocrx_word' id='word_1_81' title='bbox 406 1468 647 1538; x_wconf 75' lang='lat' dir='ltr'><strong>spatium</strong></span> <span class='ocrx_word' id='word_1_82' title='bbox 685 1482 883 1536; x_wconf 87' lang='lat' dir='ltr'><strong>corpus</strong></span> <span class='ocrx_word' id='word_1_83' title='bbox 922 1469 1055 1523; x_wconf 92' lang='lat' dir='ltr'><strong>illud</strong></span> <span class='ocrx_word' id='word_1_84' title='bbox 1103 1469 1404 1536; x_wconf 80' lang='lat' dir='ltr'><strong>pretiosum</strong></span> <span class='ocrx_word' id='word_1_85' title='bbox 1456 1468 1780 1523; x_wconf 73' lang='lat' dir='ltr'><strong>circumtul-</strong></span> 
     </span>
    </p>
   </div>
   <div class='ocr_carea' id='block_1_15' title="bbox 209 1554 1777 1628">
    <p class='ocr_par' dir='ltr' id='par_1_15' title="bbox 209 1554 1777 1628">
     <span class='ocr_line' id='line_1_15' title="bbox 209 1554 1777 1628; baseline -0.002 -12"><span class='ocrx_word' id='word_1_86' title='bbox 209 1554 373 1625; x_wconf 72' lang='lat' dir='ltr'><strong>lisse,</strong></span> <span class='ocrx_word' id='word_1_87' title='bbox 402 1560 496 1615; x_wconf 82' lang='lat' dir='ltr'><strong>sed</strong></span> <span class='ocrx_word' id='word_1_88' title='bbox 526 1569 581 1612; x_wconf 91' lang='lat' dir='ltr'><strong>et</strong></span> <span class='ocrx_word' id='word_1_89' title='bbox 611 1574 833 1613; x_wconf 83' lang='lat' dir='ltr'><strong>suavem</strong></span> <span class='ocrx_word' id='word_1_90' title='bbox 872 1561 1093 1613; x_wconf 81' lang='lat' dir='ltr'><strong>odorem</strong></span> <span class='ocrx_word' id='word_1_91' title='bbox 1119 1576 1285 1628; x_wconf 85' lang='lat' dir='ltr'><strong>super</strong></span> <span class='ocrx_word' id='word_1_92' title='bbox 1309 1570 1551 1613; x_wconf 82' lang='lat' dir='ltr'><strong>aromata</strong></span> <span class='ocrx_word' id='word_1_93' title='bbox 1580 1568 1777 1613; x_wconf 81' lang='lat' dir='ltr'><strong>cuncta</strong></span> 
     </span>
    </p>
   </div>
   <div class='ocr_carea' id='block_1_16' title="bbox 211 1647 1777 1716">
    <p class='ocr_par' dir='ltr' id='par_1_16' title="bbox 211 1647 1777 1716">
     <span class='ocr_line' id='line_1_16' title="bbox 211 1647 1777 1716; baseline 0.001 -16"><span class='ocrx_word' id='word_1_94' title='bbox 211 1662 409 1701; x_wconf 87' lang='lat' dir='ltr'><strong>omnes</strong></span> <span class='ocrx_word' id='word_1_95' title='bbox 452 1649 508 1703; x_wconf 92' lang='lat' dir='ltr'><strong>in</strong></span> <span class='ocrx_word' id='word_1_96' title='bbox 540 1648 797 1703; x_wconf 86' lang='lat' dir='ltr'><strong>cubiculo</strong></span> <span class='ocrx_word' id='word_1_97' title='bbox 829 1648 1098 1703; x_wconf 81' lang='lat' dir='ltr'><strong>sensisse.</strong></span> <span class='ocrx_word' id='word_1_98' title='bbox 1143 1649 1247 1712; x_wconf 80' lang='lat' dir='ltr'><strong>Qui</strong></span> <span class='ocrx_word' id='word_1_99' title='bbox 1295 1663 1425 1701; x_wconf 81' lang='lat' dir='ltr'><strong>vero</strong></span> <span class='ocrx_word' id='word_1_100' title='bbox 1481 1647 1777 1716; x_wconf 75' lang='lat' dir='ltr'><strong>sepeliendi</strong></span> 
     </span>
    </p>
   </div>
   <div class='ocr_carea' id='block_1_17' title="bbox 209 1738 1781 1802">
    <p class='ocr_par' dir='ltr' id='par_1_17' title="bbox 209 1738 1781 1802">
     <span class='ocr_line' id='line_1_17' title="bbox 209 1738 1781 1802; baseline 0.001 -13"><span class='ocrx_word' id='word_1_101' title='bbox 209 1753 401 1792; x_wconf 80' lang='lat' dir='ltr'><strong>curam</strong></span> <span class='ocrx_word' id='word_1_102' title='bbox 436 1738 770 1802; x_wconf 81' lang='lat' dir='ltr'><strong>habuerunt,</strong></span> <span class='ocrx_word' id='word_1_103' title='bbox 800 1739 854 1792; x_wconf 91' lang='lat' dir='ltr'><strong>in</strong></span> <span class='ocrx_word' id='word_1_104' title='bbox 886 1740 937 1795; x_wconf 90' lang='lat' dir='ltr'><strong>id</strong></span> <span class='ocrx_word' id='word_1_105' title='bbox 965 1740 1344 1798; x_wconf 90' lang='lat' dir='ltr'><strong>consentiunt,</strong></span> <span class='ocrx_word' id='word_1_106' title='bbox 1383 1740 1585 1791; x_wconf 86' lang='lat' dir='ltr'><strong>nudato</strong></span> <span class='ocrx_word' id='word_1_107' title='bbox 1615 1739 1781 1792; x_wconf 55' lang='lat' dir='ltr'><strong>vesti-</strong></span> 
     </span>
    </p>
   </div>
   <div class='ocr_carea' id='block_1_18' title="bbox 210 1825 1778 1896">
    <p class='ocr_par' dir='ltr' id='par_1_18' title="bbox 210 1825 1778 1896">
     <span class='ocr_line' id='line_1_18' title="bbox 210 1825 1778 1896; baseline 0.001 -16"><span class='ocrx_word' id='word_1_108' title='bbox 210 1825 312 1881; x_wconf 88' lang='lat' dir='ltr'><strong>bns</strong></span> <span class='ocrx_word' id='word_1_109' title='bbox 342 1842 596 1895; x_wconf 86' lang='lat' dir='ltr'><strong>corpore,</strong></span> <span class='ocrx_word' id='word_1_110' title='bbox 639 1828 689 1880; x_wconf 93' lang='lat' dir='ltr'><strong>in</strong></span> <span class='ocrx_word' id='word_1_111' title='bbox 723 1828 844 1895; x_wconf 88' lang='lat' dir='ltr'><strong>ejus</strong></span> <span class='ocrx_word' id='word_1_112' title='bbox 877 1829 1119 1896; x_wconf 80' lang='lat' dir='ltr'><strong>pectoris</strong></span> <span class='ocrx_word' id='word_1_113' title='bbox 1158 1830 1336 1882; x_wconf 87' lang='lat' dir='ltr'><strong>medio</strong></span> <span class='ocrx_word' id='word_1_114' title='bbox 1358 1828 1562 1881; x_wconf 80' lang='lat' dir='ltr'><strong>‘crucis</strong></span> <span class='ocrx_word' id='word_1_115' title='bbox 1587 1828 1778 1893; x_wconf 82' lang='lat' dir='ltr'><strong>cujus-</strong></span> 
     </span>
    </p>
   </div>
   <div class='ocr_carea' id='block_1_19' title="bbox 210 1919 1775 1988">
    <p class='ocr_par' dir='ltr' id='par_1_19' title="bbox 210 1919 1775 1988">
     <span class='ocr_line' id='line_1_19' title="bbox 210 1919 1775 1988; baseline -0.002 -14"><span class='ocrx_word' id='word_1_116' title='bbox 210 1920 334 1975; x_wconf 83' lang='lat' dir='ltr'><strong>dam</strong></span> <span class='ocrx_word' id='word_1_117' title='bbox 376 1919 601 1988; x_wconf 77' lang='lat' dir='ltr'><strong>eﬂigiem</strong></span> <span class='ocrx_word' id='word_1_118' title='bbox 642 1934 708 1973; x_wconf 83' lang='lat' dir='ltr'><strong>ex</strong></span> <span class='ocrx_word' id='word_1_119' title='bbox 745 1920 918 1988; x_wconf 78' lang='lat' dir='ltr'><strong>ipsius</strong></span> <span class='ocrx_word' id='word_1_120' title='bbox 946 1935 1083 1988; x_wconf 90' lang='lat' dir='ltr'><strong>puro</strong></span> <span class='ocrx_word' id='word_1_121' title='bbox 1121 1919 1388 1987; x_wconf 78' lang='lat' dir='ltr'><strong>sanguine</strong></span> <span class='ocrx_word' id='word_1_122' title='bbox 1425 1921 1597 1973; x_wconf 76' lang='lat' dir='ltr'><strong>visam</strong></span> <span class='ocrx_word' id='word_1_123' title='bbox 1632 1933 1775 1982; x_wconf 85' lang='lat' dir='ltr'><strong>esse,</strong></span> 
     </span>
    </p>
   </div>
   <div class='ocr_carea' id='block_1_20' title="bbox 210 2008 1780 2080">
    <p class='ocr_par' dir='ltr' id='par_1_20' title="bbox 210 2008 1780 2080">
     <span class='ocr_line' id='line_1_20' title="bbox 210 2008 1780 2080; baseline -0.001 -17"><span class='ocrx_word' id='word_1_124' title='bbox 210 2025 376 2080; x_wconf 82' lang='lat' dir='ltr'><strong>quam</strong></span> <span class='ocrx_word' id='word_1_125' title='bbox 420 2011 501 2063; x_wconf 68' lang='lat' dir='ltr'><strong>ha:</strong></span> <span class='ocrx_word' id='word_1_126' title='bbox 534 2010 727 2063; x_wconf 66' lang='lat' dir='ltr'><strong>litterae</strong></span> <span class='ocrx_word' id='word_1_127' title='bbox 775 2010 828 2062; x_wconf 89' lang='lat' dir='ltr'><strong>in</strong></span> <span class='ocrx_word' id='word_1_128' title='bbox 884 2009 1105 2062; x_wconf 89' lang='lat' dir='ltr'><strong>modum</strong></span> <span class='ocrx_word' id='word_1_129' title='bbox 1162 2024 1382 2064; x_wconf 73' lang='lat' dir='ltr'><strong>coronae</strong></span> <span class='ocrx_word' id='word_1_130' title='bbox 1428 2025 1525 2063; x_wconf 89' lang='lat' dir='ltr'><strong>seu</strong></span> <span class='ocrx_word' id='word_1_131' title='bbox 1584 2008 1780 2062; x_wconf 81' lang='lat' dir='ltr'><strong>circuli</strong></span> 
     </span>
    </p>
   </div>
   <div class='ocr_carea' id='block_1_21' title="bbox 213 2098 1780 2154">
    <p class='ocr_par' dir='ltr' id='par_1_21' title="bbox 213 2098 1780 2154">
     <span class='ocr_line' id='line_1_21' title="bbox 213 2098 1780 2154; baseline -0.003 0"><span class='ocrx_word' id='word_1_132' title='bbox 213 2100 530 2154; x_wconf 84' lang='lat' dir='ltr'><strong>ambiebant</strong></span> <span class='ocrx_word' id='word_1_133' title='bbox 564 2118 578 2154; x_wconf 90' lang='lat'><strong>:</strong></span> <span class='ocrx_word' id='word_1_134' title='bbox 612 2099 817 2151; x_wconf 86' lang='lat' dir='ltr'><strong>Paulus</strong></span> <span class='ocrx_word' id='word_1_135' title='bbox 849 2102 1110 2153; x_wconf 79' lang='lat' dir='ltr'><strong>secundus</strong></span> <span class='ocrx_word' id='word_1_136' title='bbox 1156 2116 1335 2153; x_wconf 85' lang='lat' dir='ltr'><strong>servus</strong></span> <span class='ocrx_word' id='word_1_137' title='bbox 1378 2098 1510 2151; x_wconf 80' lang='lat' dir='ltr'><strong>Jesu</strong></span> <span class='ocrx_word' id='word_1_138' title='bbox 1558 2098 1780 2152; x_wconf 81' lang='lat' dir='ltr'><strong>Christi.</strong></span> 
     </span>
    </p>
   </div>
   <div class='ocr_carea' id='block_1_22' title="bbox 213 2190 1783 2261">
    <p class='ocr_par' dir='ltr' id='par_1_22' title="bbox 213 2190 1783 2261">
     <span class='ocr_line' id='line_1_22' title="bbox 213 2190 1783 2261; baseline -0.001 -16"><span class='ocrx_word' id='word_1_139' title='bbox 213 2191 341 2258; x_wconf 73' lang='lat' dir='ltr'><strong>Qua</strong></span> <span class='ocrx_word' id='word_1_140' title='bbox 376 2207 464 2246; x_wconf 88' lang='lat' dir='ltr'><strong>res</strong></span> <span class='ocrx_word' id='word_1_141' title='bbox 503 2206 627 2245; x_wconf 92' lang='lat' dir='ltr'><strong>cum</strong></span> <span class='ocrx_word' id='word_1_142' title='bbox 663 2191 825 2261; x_wconf 72' lang='lat' dir='ltr'><strong>digna</strong></span> <span class='ocrx_word' id='word_1_143' title='bbox 863 2193 980 2245; x_wconf 80' lang='lat' dir='ltr'><strong>visa</strong></span> <span class='ocrx_word' id='word_1_144' title='bbox 1032 2200 1199 2255; x_wconf 80' lang='lat' dir='ltr'><strong>esset,</strong></span> <span class='ocrx_word' id='word_1_145' title='bbox 1251 2206 1370 2259; x_wconf 79' lang='lat' dir='ltr'><strong>quae</strong></span> <span class='ocrx_word' id='word_1_146' title='bbox 1416 2206 1515 2259; x_wconf 91' lang='lat' dir='ltr'><strong>pro</strong></span> <span class='ocrx_word' id='word_1_147' title='bbox 1575 2190 1783 2243; x_wconf 81' lang='lat' dir='ltr'><strong>honore</strong></span> 
     </span>
    </p>
   </div>
   <div class='ocr_carea' id='block_1_23' title="bbox 213 2281 1782 2348">
    <p class='ocr_par' dir='ltr' id='par_1_23' title="bbox 213 2281 1782 2348">
     <span class='ocr_line' id='line_1_23' title="bbox 213 2281 1782 2348; baseline -0.004 -10"><span class='ocrx_word' id='word_1_148' title='bbox 213 2291 375 2347; x_wconf 81' lang='lat' dir='ltr'><strong>atque</strong></span> <span class='ocrx_word' id='word_1_149' title='bbox 404 2282 733 2337; x_wconf 68' lang='lat' dir='ltr'><strong>excellentia</strong></span> <span class='ocrx_word' id='word_1_150' title='bbox 762 2283 1052 2348; x_wconf 72' lang='lat' dir='ltr'><strong>religionis</strong></span> <span class='ocrx_word' id='word_1_151' title='bbox 1107 2294 1309 2334; x_wconf 66' lang='lat' dir='ltr'><strong>nostra‘~</strong></span> <span class='ocrx_word' id='word_1_152' title='bbox 1354 2282 1418 2333; x_wconf 87' lang='lat' dir='ltr'><strong>ad</strong></span> <span class='ocrx_word' id='word_1_153' title='bbox 1478 2281 1782 2333; x_wconf 88' lang='lat' dir='ltr'><strong>multorum</strong></span> 
     </span>
    </p>
   </div>
   <div class='ocr_carea' id='block_1_24' title="bbox 216 2372 1786 2444">
    <p class='ocr_par' dir='ltr' id='par_1_24' title="bbox 216 2372 1786 2444">
     <span class='ocr_line' id='line_1_24' title="bbox 216 2372 1786 2444; baseline -0.004 -15"><span class='ocrx_word' id='word_1_154' title='bbox 216 2376 463 2429; x_wconf 80' lang='lat' dir='ltr'><strong>notitiam</strong></span> <span class='ocrx_word' id='word_1_155' title='bbox 494 2374 825 2441; x_wconf 83' lang='lat' dir='ltr'><strong>perveniret,</strong></span> <span class='ocrx_word' id='word_1_156' title='bbox 848 2374 1027 2428; x_wconf 77' lang='lat' dir='ltr'><strong>eﬂ‘ecit</strong></span> <span class='ocrx_word' id='word_1_157' title='bbox 1061 2384 1117 2427; x_wconf 89' lang='lat' dir='ltr'><strong>ut</strong></span> <span class='ocrx_word' id='word_1_158' title='bbox 1144 2375 1451 2444; x_wconf 70' lang='lat' dir='ltr'><strong>gloriosum</strong></span> <span class='ocrx_word' id='word_1_159' title='bbox 1494 2372 1625 2426; x_wconf 89' lang='lat' dir='ltr'><strong>illud</strong></span> <span class='ocrx_word' id='word_1_160' title='bbox 1659 2388 1786 2426; x_wconf 78' lang='lat' dir='ltr'><strong>cur-</strong></span> 
     </span>
    </p>
   </div>
   <div class='ocr_carea' id='block_1_25' title="bbox 217 2464 1786 2535">
    <p class='ocr_par' dir='ltr' id='par_1_25' title="bbox 217 2464 1786 2535">
     <span class='ocr_line' id='line_1_25' title="bbox 217 2464 1786 2535; baseline -0.003 -15"><span class='ocrx_word' id='word_1_161' title='bbox 217 2480 315 2535; x_wconf 87' lang='lat' dir='ltr'><strong>pus</strong></span> <span class='ocrx_word' id='word_1_162' title='bbox 347 2466 556 2534; x_wconf 80' lang='lat' dir='ltr'><strong>aliquot</strong></span> <span class='ocrx_word' id='word_1_163' title='bbox 606 2466 804 2519; x_wconf 85' lang='lat' dir='ltr'><strong>diebus</strong></span> <span class='ocrx_word' id='word_1_164' title='bbox 840 2466 1188 2519; x_wconf 85' lang='lat' dir='ltr'><strong>inhumatum</strong></span> <span class='ocrx_word' id='word_1_165' title='bbox 1248 2465 1483 2533; x_wconf 68' lang='lat' dir='ltr'><strong>iaceret.</strong></span> <span class='ocrx_word' id='word_1_166' title='bbox 1536 2464 1786 2519; x_wconf 79' lang='lat' dir='ltr'><strong>Accessit</strong></span> 
     </span>
    </p>
   </div>
   <div class='ocr_carea' id='block_1_26' title="bbox 215 2554 1782 2623">
    <p class='ocr_par' dir='ltr' id='par_1_26' title="bbox 215 2554 1782 2623">
     <span class='ocr_line' id='line_1_26' title="bbox 215 2554 1782 2623; baseline -0.003 -12"><span class='ocrx_word' id='word_1_167' title='bbox 215 2566 394 2612; x_wconf 89' lang='lat' dir='ltr'><strong>autem</strong></span> <span class='ocrx_word' id='word_1_168' title='bbox 421 2555 489 2610; x_wconf 89' lang='lat' dir='ltr'><strong>ad</strong></span> <span class='ocrx_word' id='word_1_169' title='bbox 519 2557 572 2610; x_wconf 87' lang='lat' dir='ltr'><strong>id</strong></span> <span class='ocrx_word' id='word_1_170' title='bbox 602 2556 886 2611; x_wconf 79' lang='lat' dir='ltr'><strong>visendum</strong></span> <span class='ocrx_word' id='word_1_171' title='bbox 924 2572 1117 2623; x_wconf 72' lang='lat' dir='ltr'><strong>magna</strong></span> <span class='ocrx_word' id='word_1_172' title='bbox 1152 2556 1434 2611; x_wconf 79' lang='lat' dir='ltr'><strong>hominum</strong></span> <span class='ocrx_word' id='word_1_173' title='bbox 1471 2554 1782 2619; x_wconf 82' lang='lat' dir='ltr'><strong>multitudo,</strong></span> 
     </span>
    </p>
   </div>
   <div class='ocr_carea' id='block_1_27' title="bbox 214 2648 1789 2717">
    <p class='ocr_par' dir='ltr' id='par_1_27' title="bbox 214 2648 1789 2717">
     <span class='ocr_line' id='line_1_27' title="bbox 214 2648 1789 2717; baseline -0.002 -14"><span class='ocrx_word' id='word_1_174' title='bbox 214 2648 307 2717; x_wconf 85' lang='lat' dir='ltr'><strong>qui</strong></span> <span class='ocrx_word' id='word_1_175' title='bbox 340 2665 454 2703; x_wconf 92' lang='lat' dir='ltr'><strong>rem</strong></span> <span class='ocrx_word' id='word_1_176' title='bbox 488 2657 599 2701; x_wconf 86' lang='lat' dir='ltr'><strong>tam</strong></span> <span class='ocrx_word' id='word_1_177' title='bbox 639 2648 965 2715; x_wconf 77' lang='lat' dir='ltr'><strong>stupendum</strong></span> <span class='ocrx_word' id='word_1_178' title='bbox 1001 2649 1276 2701; x_wconf 83' lang='lat' dir='ltr'><strong>intuentes</strong></span> <span class='ocrx_word' id='word_1_179' title='bbox 1311 2662 1589 2701; x_wconf 86' lang='lat' dir='ltr'><strong>summum</strong></span> <span class='ocrx_word' id='word_1_180' title='bbox 1624 2656 1789 2715; x_wconf 84' lang='lat' dir='ltr'><strong>atque</strong></span> 
     </span>
    </p>
   </div>
   <div class='ocr_carea' id='block_1_28' title="bbox 216 2735 1787 2807">
    <p class='ocr_par' dir='ltr' id='par_1_28' title="bbox 216 2735 1787 2807">
     <span class='ocr_line' id='line_1_28' title="bbox 216 2735 1787 2807; baseline -0.004 -12"><span class='ocrx_word' id='word_1_181' title='bbox 216 2741 651 2807; x_wconf 79' lang='lat' dir='ltr'><strong>omnipotentem</strong></span> <span class='ocrx_word' id='word_1_182' title='bbox 697 2737 868 2792; x_wconf 90' lang='lat' dir='ltr'><strong>Deum</strong></span> <span class='ocrx_word' id='word_1_183' title='bbox 899 2736 1086 2791; x_wconf 90' lang='lat' dir='ltr'><strong>multis</strong></span> <span class='ocrx_word' id='word_1_184' title='bbox 1119 2736 1399 2804; x_wconf 85' lang='lat' dir='ltr'><strong>preconiis</strong></span> <span class='ocrx_word' id='word_1_185' title='bbox 1436 2735 1735 2790; x_wconf 87' lang='lat' dir='ltr'><strong>laudabant</strong></span> <span class='ocrx_word' id='word_1_186' title='bbox 1770 2749 1787 2788; x_wconf 86' lang='lat'><strong>:</strong></span> 
     </span>
    </p>
   </div>
   <div class='ocr_carea' id='block_1_29' title="bbox 218 2826 1792 2900">
    <p class='ocr_par' dir='ltr' id='par_1_29' title="bbox 218 2826 1792 2900">
     <span class='ocr_line' id='line_1_29' title="bbox 218 2826 1792 2900; baseline -0.001 -17"><span class='ocrx_word' id='word_1_187' title='bbox 218 2832 319 2899; x_wconf 76' lang='lat' dir='ltr'><strong>Qui</strong></span> <span class='ocrx_word' id='word_1_188' title='bbox 354 2832 486 2900; x_wconf 81' lang='lat' dir='ltr'><strong>facit</strong></span> <span class='ocrx_word' id='word_1_189' title='bbox 524 2831 791 2883; x_wconf 81' lang='lat' dir='ltr'><strong>mirabilia</strong></span> <span class='ocrx_word' id='word_1_190' title='bbox 822 2845 1011 2897; x_wconf 83' lang='lat' dir='ltr'><strong>magna</strong></span> <span class='ocrx_word' id='word_1_191' title='bbox 1038 2832 1180 2882; x_wconf 73' lang='lat' dir='ltr'><strong>solus</strong></span> <span class='ocrx_word' id='word_1_192' title='bbox 1213 2829 1281 2880; x_wconf 83' lang='grc'><strong>⁸⁸.</strong></span> <span class='ocrx_word' id='word_1_193' title='bbox 1332 2826 1626 2895; x_wconf 86' lang='lat' dir='ltr'><strong>Postquam</strong></span> <span class='ocrx_word' id='word_1_194' title='bbox 1663 2842 1792 2881; x_wconf 77' lang='lat' dir='ltr'><strong>vero</strong></span> 
     </span>
    </p>
   </div>
   <div class='ocr_carea' id='block_1_30' title="bbox 217 2918 1810 2990">
    <p class='ocr_par' dir='ltr' id='par_1_30' title="bbox 217 2918 1810 2990">
     <span class='ocr_line' id='line_1_30' title="bbox 217 2918 1810 2990; baseline -0.002 -14"><span class='ocrx_word' id='word_1_195' title='bbox 217 2924 348 2976; x_wconf 85' lang='lat' dir='ltr'><strong>tanti</strong></span> <span class='ocrx_word' id='word_1_196' title='bbox 379 2922 631 2975; x_wconf 84' lang='lat' dir='ltr'><strong>miraculi</strong></span> <span class='ocrx_word' id='word_1_197' title='bbox 665 2919 811 2974; x_wconf 75' lang='lat' dir='ltr'><strong>tanta</strong></span> <span class='ocrx_word' id='word_1_198' title='bbox 840 2921 998 2990; x_wconf 80' lang='lat' dir='ltr'><strong>longe</strong></span> <span class='ocrx_word' id='word_1_199' title='bbox 1026 2922 1245 2987; x_wconf 84' lang='lat' dir='ltr'><strong>lateque</strong></span> <span class='ocrx_word' id='word_1_200' title='bbox 1290 2918 1489 2973; x_wconf 84' lang='lat' dir='ltr'><strong>diﬂ‘usa</strong></span> <span class='ocrx_word' id='word_1_201' title='bbox 1521 2928 1625 2983; x_wconf 87' lang='lat' dir='ltr'><strong>est,</strong></span> <span class='ocrx_word' id='word_1_202' title='bbox 1666 2933 1810 2987; x_wconf 64' lang='lat' dir='ltr'><strong>pre-r</strong></span> 
     </span>
    </p>
   </div>
   <div class='ocr_carea' id='block_1_31' title="bbox 219 3009 1792 3081">
    <p class='ocr_par' dir='ltr' id='par_1_31' title="bbox 219 3009 1792 3081">
     <span class='ocr_line' id='line_1_31' title="bbox 219 3009 1792 3081; baseline -0.001 -15"><span class='ocrx_word' id='word_1_203' title='bbox 219 3014 416 3067; x_wconf 92' lang='lat' dir='ltr'><strong>tiosum</strong></span> <span class='ocrx_word' id='word_1_204' title='bbox 452 3013 589 3067; x_wconf 89' lang='lat' dir='ltr'><strong>illud</strong></span> <span class='ocrx_word' id='word_1_205' title='bbox 616 3027 816 3081; x_wconf 88' lang='lat' dir='ltr'><strong>corpus</strong></span> <span class='ocrx_word' id='word_1_206' title='bbox 848 3011 1167 3065; x_wconf 83' lang='lat' dir='ltr'><strong>Christiano</strong></span> <span class='ocrx_word' id='word_1_207' title='bbox 1218 3026 1370 3063; x_wconf 89' lang='lat' dir='ltr'><strong>more</strong></span> <span class='ocrx_word' id='word_1_208' title='bbox 1400 3009 1792 3064; x_wconf 71' lang='lat' dir='ltr'><strong>ecclesiasticae</strong></span> 
     </span>
    </p>
   </div>
   <div class='ocr_carea' id='block_1_32' title="bbox 222 3103 1791 3175">
    <p class='ocr_par' dir='ltr' id='par_1_32' title="bbox 222 3103 1791 3175">
     <span class='ocr_line' id='line_1_32' title="bbox 222 3103 1791 3175; baseline -0.005 -14"><span class='ocrx_word' id='word_1_209' title='bbox 222 3107 523 3175; x_wconf 67' lang='lat' dir='ltr'><strong>sepultura:</strong></span> <span class='ocrx_word' id='word_1_210' title='bbox 548 3105 916 3158; x_wconf 86' lang='lat' dir='ltr'><strong>tradiderunt.</strong></span> <span class='ocrx_word' id='word_1_211' title='bbox 949 3103 1125 3158; x_wconf 82' lang='lat' dir='ltr'><strong>Locus</strong></span> <span class='ocrx_word' id='word_1_212' title='bbox 1160 3112 1339 3158; x_wconf 81' lang='lat' dir='ltr'><strong>autem</strong></span> <span class='ocrx_word' id='word_1_213' title='bbox 1374 3103 1616 3170; x_wconf 82' lang='lat' dir='ltr'><strong>sepulcri</strong></span> <span class='ocrx_word' id='word_1_214' title='bbox 1657 3118 1791 3172; x_wconf 88' lang='lat' dir='ltr'><strong>pau-</strong></span> 
     </span>
    </p>
   </div>
   <div class='ocr_carea' id='block_1_33' title="bbox 1873 622 3429 708">
    <p class='ocr_par' dir='ltr' id='par_1_33' title="bbox 1873 622 3429 708">
     <span class='ocr_line' id='line_1_33' title="bbox 1873 622 3429 708; baseline -0.017 -10"><span class='ocrx_word' id='word_1_215' title='bbox 1873 643 2173 703; x_wconf 85' lang='lat' dir='ltr'><strong>ambulant,</strong></span> <span class='ocrx_word' id='word_1_216' title='bbox 2213 639 2412 708; x_wconf 89' lang='lat' dir='ltr'><strong>leprosi</strong></span> <span class='ocrx_word' id='word_1_217' title='bbox 2444 636 2797 695; x_wconf 78' lang='lat' dir='ltr'><strong>inundantur,</strong></span> <span class='ocrx_word' id='word_1_218' title='bbox 2830 639 2883 683; x_wconf 91' lang='lat' dir='ltr'><strong>et</strong></span> <span class='ocrx_word' id='word_1_219' title='bbox 2921 627 3167 682; x_wconf 87' lang='lat' dir='ltr'><strong>omnium</strong></span> <span class='ocrx_word' id='word_1_220' title='bbox 3201 622 3429 675; x_wconf 88' lang='lat' dir='ltr'><strong>morbo-</strong></span> 
     </span>
    </p>
   </div>
   <div class='ocr_carea' id='block_1_34' title="bbox 1874 717 3425 802">
    <p class='ocr_par' dir='ltr' id='par_1_34' title="bbox 1874 717 3425 802">
     <span class='ocr_line' id='line_1_34' title="bbox 1874 717 3425 802; baseline -0.015 -15"><span class='ocrx_word' id='word_1_221' title='bbox 1874 750 1994 787; x_wconf 85' lang='lat' dir='ltr'><strong>rum</strong></span> <span class='ocrx_word' id='word_1_222' title='bbox 2024 748 2221 802; x_wconf 78' lang='lat' dir='ltr'><strong>genera</strong></span> <span class='ocrx_word' id='word_1_223' title='bbox 2257 731 2415 795; x_wconf 85' lang='lat' dir='ltr'><strong>hujus</strong></span> <span class='ocrx_word' id='word_1_224' title='bbox 2449 729 2621 781; x_wconf 78' lang='lat' dir='ltr'><strong>sancti</strong></span> <span class='ocrx_word' id='word_1_225' title='bbox 2658 726 2762 779; x_wconf 79' lang='lat' dir='ltr'><strong>viri</strong></span> <span class='ocrx_word' id='word_1_226' title='bbox 2803 721 3014 777; x_wconf 88' lang='lat' dir='ltr'><strong>meritis</strong></span> <span class='ocrx_word' id='word_1_227' title='bbox 3054 725 3107 772; x_wconf 84' lang='lat' dir='ltr'><strong>et</strong></span> <span class='ocrx_word' id='word_1_228' title='bbox 3156 717 3425 769; x_wconf 79' lang='lat' dir='ltr'><strong>interces-</strong></span> 
     </span>
    </p>
   </div>
   <div class='ocr_carea' id='block_1_35' title="bbox 1872 822 2553 880">
    <p class='ocr_par' dir='ltr' id='par_1_35' title="bbox 1872 822 2553 880">
     <span class='ocr_line' id='line_1_35' title="bbox 1872 822 2553 880; baseline -0.007 -1"><span class='ocrx_word' id='word_1_229' title='bbox 1872 827 2028 880; x_wconf 80' lang='lat' dir='ltr'><strong>sione</strong></span> <span class='ocrx_word' id='word_1_230' title='bbox 2058 823 2239 876; x_wconf 89' lang='lat' dir='ltr'><strong>curari</strong></span> <span class='ocrx_word' id='word_1_231' title='bbox 2274 822 2553 875; x_wconf 91' lang='lat' dir='ltr'><strong>dicuntur.</strong></span> 
     </span>
    </p>
   </div>
   <div class='ocr_carea' id='block_1_36' title="bbox 1944 897 3433 979">
    <p class='ocr_par' dir='ltr' id='par_1_36' title="bbox 1944 897 3433 979">
     <span class='ocr_line' id='line_1_36' title="bbox 1944 897 3433 979; baseline -0.017 -14"><span class='ocrx_word' id='word_1_232' title='bbox 1944 915 2161 979; x_wconf 85' lang='lat' dir='ltr'><strong>Quanto</strong></span> <span class='ocrx_word' id='word_1_233' title='bbox 2214 914 2379 977; x_wconf 72' lang='lat' dir='ltr'><strong>igitur</strong></span> <span class='ocrx_word' id='word_1_234' title='bbox 2439 911 2492 962; x_wconf 88' lang='lat' dir='ltr'><strong>in</strong></span> <span class='ocrx_word' id='word_1_235' title='bbox 2546 910 2752 959; x_wconf 80' lang='lat' dir='ltr'><strong>honore</strong></span> <span class='ocrx_word' id='word_1_236' title='bbox 2820 902 3144 960; x_wconf 79' lang='lat' dir='ltr'><strong>habendam,</strong></span> <span class='ocrx_word' id='word_1_237' title='bbox 3212 897 3433 966; x_wconf 73' lang='lat' dir='ltr'><strong>quantis</strong></span> 
     </span>
    </p>
   </div>
   <div class='ocr_carea' id='block_1_37' title="bbox 1876 986 3438 1063">
    <p class='ocr_par' dir='ltr' id='par_1_37' title="bbox 1876 986 3438 1063">
     <span class='ocr_line' id='line_1_37' title="bbox 1876 986 3438 1063; baseline -0.016 -5"><span class='ocrx_word' id='word_1_238' title='bbox 1876 1004 2204 1059; x_wconf 80' lang='lat' dir='ltr'><strong>eﬂerendam</strong></span> <span class='ocrx_word' id='word_1_239' title='bbox 2234 1002 2505 1061; x_wconf 83' lang='lat' dir='ltr'><strong>laudihus,</strong></span> <span class='ocrx_word' id='word_1_240' title='bbox 2530 998 2725 1063; x_wconf 84' lang='lat' dir='ltr'><strong>quibus</strong></span> <span class='ocrx_word' id='word_1_241' title='bbox 2762 995 3125 1055; x_wconf 67' lang='lat' dir='ltr'><strong>extollendam</strong></span> <span class='ocrx_word' id='word_1_242' title='bbox 3151 986 3438 1053; x_wconf 60' lang='lat' dir='ltr'><strong>prtecnni‘s</strong></span> 
     </span>
    </p>
   </div>
   <div class='ocr_carea' id='block_1_38' title="bbox 1879 1072 3433 1150">
    <p class='ocr_par' dir='ltr' id='par_1_38' title="bbox 1879 1072 3433 1150">
     <span class='ocr_line' id='line_1_38' title="bbox 1879 1072 3433 1150; baseline -0.015 0"><span class='ocrx_word' id='word_1_243' title='bbox 1879 1098 2017 1150; x_wconf 87' lang='lat' dir='ltr'><strong>hanc</strong></span> <span class='ocrx_word' id='word_1_244' title='bbox 2047 1105 2287 1149; x_wconf 82' lang='lat' dir='ltr'><strong>nostram</strong></span> <span class='ocrx_word' id='word_1_245' title='bbox 2315 1091 2677 1147; x_wconf 85' lang='lat' dir='ltr'><strong>Christianam</strong></span> <span class='ocrx_word' id='word_1_246' title='bbox 2714 1087 3022 1139; x_wconf 81' lang='lat' dir='ltr'><strong>doctrinam</strong></span> <span class='ocrx_word' id='word_1_247' title='bbox 3061 1072 3433 1135; x_wconf 73' lang='lat' dir='ltr'><strong>arbitramm‘!</strong></span> 
     </span>
    </p>
   </div>
   <div class='ocr_carea' id='block_1_39' title="bbox 1878 1169 3433 1252">
    <p class='ocr_par' dir='ltr' id='par_1_39' title="bbox 1878 1169 3433 1252">
     <span class='ocr_line' id='line_1_39' title="bbox 1878 1169 3433 1252; baseline -0.015 -14"><span class='ocrx_word' id='word_1_248' title='bbox 1878 1187 2014 1252; x_wconf 87' lang='lat' dir='ltr'><strong>Quis</strong></span> <span class='ocrx_word' id='word_1_249' title='bbox 2055 1187 2120 1237; x_wconf 88' lang='lat' dir='ltr'><strong>de</strong></span> <span class='ocrx_word' id='word_1_250' title='bbox 2156 1185 2329 1252; x_wconf 81' lang='lat' dir='ltr'><strong>ipsius</strong></span> <span class='ocrx_word' id='word_1_251' title='bbox 2364 1182 2606 1242; x_wconf 79' lang='lat' dir='ltr'><strong>veritate,</strong></span> <span class='ocrx_word' id='word_1_252' title='bbox 2636 1178 2897 1243; x_wconf 78' lang='lat' dir='ltr'><strong>dignitate</strong></span> <span class='ocrx_word' id='word_1_253' title='bbox 2927 1181 3089 1237; x_wconf 78' lang='lat' dir='ltr'><strong>atque</strong></span> <span class='ocrx_word' id='word_1_254' title='bbox 3112 1169 3433 1221; x_wconf 67' lang='lat' dir='ltr'><strong>o-xrellentia</strong></span> 
     </span>
    </p>
   </div>
   <div class='ocr_carea' id='block_1_40' title="bbox 1880 1263 3437 1345">
    <p class='ocr_par' dir='ltr' id='par_1_40' title="bbox 1880 1263 3437 1345">
     <span class='ocr_line' id='line_1_40' title="bbox 1880 1263 3437 1345; baseline -0.019 -12"><span class='ocrx_word' id='word_1_255' title='bbox 1880 1278 2172 1339; x_wconf 76' lang='lat' dir='ltr'><strong>dubitabit,</strong></span> <span class='ocrx_word' id='word_1_256' title='bbox 2228 1291 2349 1345; x_wconf 65' lang='lat' dir='ltr'><strong>qua</strong></span> <span class='ocrx_word' id='word_1_257' title='bbox 2382 1277 2506 1326; x_wconf 86' lang='lat' dir='ltr'><strong>cum</strong></span> <span class='ocrx_word' id='word_1_258' title='bbox 2532 1283 2803 1324; x_wconf 88' lang='lat' dir='ltr'><strong>summum</strong></span> <span class='ocrx_word' id='word_1_259' title='bbox 2839 1267 3004 1319; x_wconf 84' lang='lat' dir='ltr'><strong>Deum</strong></span> <span class='ocrx_word' id='word_1_260' title='bbox 3033 1263 3221 1315; x_wconf 77' lang='lat' dir='ltr'><strong>habuit</strong></span> <span class='ocrx_word' id='word_1_261' title='bbox 3248 1269 3437 1311; x_wconf 81' lang='lat' dir='ltr'><strong>auctu-</strong></span> 
     </span>
    </p>
   </div>
   <div class='ocr_carea' id='block_1_41' title="bbox 1883 1351 3438 1435">
    <p class='ocr_par' dir='ltr' id='par_1_41' title="bbox 1883 1351 3438 1435">
     <span class='ocr_line' id='line_1_41' title="bbox 1883 1351 3438 1435; baseline -0.019 -11"><span class='ocrx_word' id='word_1_262' title='bbox 1883 1384 2021 1428; x_wconf 87' lang='lat' dir='ltr'><strong>rem.</strong></span> <span class='ocrx_word' id='word_1_263' title='bbox 2066 1367 2415 1435; x_wconf 76' lang='lat' dir='ltr'><strong>Unigcnitnm</strong></span> <span class='ocrx_word' id='word_1_264' title='bbox 2466 1378 2600 1414; x_wconf 84' lang='lat' dir='ltr'><strong>vero</strong></span> <span class='ocrx_word' id='word_1_265' title='bbox 2634 1361 2807 1427; x_wconf 84' lang='lat' dir='ltr'><strong>ipsius</strong></span> <span class='ocrx_word' id='word_1_266' title='bbox 2846 1356 3039 1409; x_wconf 82' lang='lat' dir='ltr'><strong>Filium</strong></span> <span class='ocrx_word' id='word_1_267' title='bbox 3074 1351 3438 1403; x_wconf 73' lang='lat' dir='ltr'><strong>mediatorem</strong></span> 
     </span>
    </p>
   </div>
   <div class='ocr_carea' id='block_1_42' title="bbox 1882 1444 3440 1524">
    <p class='ocr_par' dir='ltr' id='par_1_42' title="bbox 1882 1444 3440 1524">
     <span class='ocr_line' id='line_1_42' title="bbox 1882 1444 3440 1524; baseline -0.019 -7"><span class='ocrx_word' id='word_1_268' title='bbox 1882 1462 2087 1517; x_wconf 81' lang='lat' dir='ltr'><strong>sanctis</strong></span> <span class='ocrx_word' id='word_1_269' title='bbox 2122 1474 2182 1511; x_wconf 87' lang='lat' dir='ltr'><strong>ac</strong></span> <span class='ocrx_word' id='word_1_270' title='bbox 2208 1458 2373 1524; x_wconf 84' lang='lat' dir='ltr'><strong>justis</strong></span> <span class='ocrx_word' id='word_1_271' title='bbox 2409 1457 2610 1523; x_wconf 74' lang='lat' dir='ltr'><strong>repleta</strong></span> <span class='ocrx_word' id='word_1_272' title='bbox 2641 1454 2711 1506; x_wconf 86' lang='lat' dir='ltr'><strong>sit</strong></span> <span class='ocrx_word' id='word_1_273' title='bbox 2736 1444 3105 1505; x_wconf 65' lang='lat' dir='ltr'><strong>documentis,</strong></span> <span class='ocrx_word' id='word_1_274' title='bbox 3141 1455 3189 1495; x_wconf 88' lang='lat' dir='ltr'><strong>et</strong></span> <span class='ocrx_word' id='word_1_275' title='bbox 3230 1449 3440 1493; x_wconf 83' lang='lat' dir='ltr'><strong>morta-</strong></span> 
     </span>
    </p>
   </div>
   <div class='ocr_carea' id='block_1_43' title="bbox 1882 1532 3441 1608">
    <p class='ocr_par' dir='ltr' id='par_1_43' title="bbox 1882 1532 3441 1608">
     <span class='ocr_line' id='line_1_43' title="bbox 1882 1532 3441 1608; baseline -0.019 0"><span class='ocrx_word' id='word_1_276' title='bbox 1882 1554 1965 1608; x_wconf 84' lang='lat' dir='ltr'><strong>les</strong></span> <span class='ocrx_word' id='word_1_277' title='bbox 1994 1554 2062 1605; x_wconf 87' lang='lat' dir='ltr'><strong>ab</strong></span> <span class='ocrx_word' id='word_1_278' title='bbox 2089 1550 2373 1603; x_wconf 87' lang='lat' dir='ltr'><strong>erroribus</strong></span> <span class='ocrx_word' id='word_1_279' title='bbox 2421 1546 2602 1599; x_wconf 79' lang='lat' dir='ltr'><strong>trahat</strong></span> <span class='ocrx_word' id='word_1_280' title='bbox 2638 1544 2703 1597; x_wconf 91' lang='lat' dir='ltr'><strong>ad</strong></span> <span class='ocrx_word' id='word_1_281' title='bbox 2742 1542 3052 1599; x_wconf 77' lang='lat' dir='ltr'><strong>veritatem,</strong></span> <span class='ocrx_word' id='word_1_282' title='bbox 3097 1550 3193 1586; x_wconf 79' lang='lat' dir='ltr'><strong>eos</strong></span> <span class='ocrx_word' id='word_1_283' title='bbox 3222 1532 3441 1605; x_wconf 65' lang='lat' dir='ltr'><strong>domum</strong></span> 
     </span>
    </p>
   </div>
   <div class='ocr_carea' id='block_1_44' title="bbox 1882 1622 3445 1706">
    <p class='ocr_par' dir='ltr' id='par_1_44' title="bbox 1882 1622 3445 1706">
     <span class='ocr_line' id='line_1_44' title="bbox 1882 1622 3445 1706; baseline -0.019 -11"><span class='ocrx_word' id='word_1_284' title='bbox 1882 1648 2192 1703; x_wconf 75' lang='lat' dir='ltr'><strong>consortes,</strong></span> <span class='ocrx_word' id='word_1_285' title='bbox 2230 1637 2382 1706; x_wconf 72' lang='lat' dir='ltr'><strong>regni</strong></span> <span class='ocrx_word' id='word_1_286' title='bbox 2424 1634 2671 1691; x_wconf 69' lang='lat' dir='ltr'><strong>t-mlcstis</strong></span> <span class='ocrx_word' id='word_1_287' title='bbox 2718 1630 3013 1699; x_wconf 85' lang='lat' dir='ltr'><strong>participes</strong></span> <span class='ocrx_word' id='word_1_288' title='bbox 3050 1626 3207 1677; x_wconf 75' lang='lat' dir='ltr'><strong>faciat</strong></span> <span class='ocrx_word' id='word_1_289' title='bbox 3235 1622 3259 1674; x_wconf 72' lang='grc'><strong><em>2</em></strong></span> <span class='ocrx_word' id='word_1_290' title='bbox 3292 1623 3445 1685; x_wconf 62' lang='grc' dir='ltr'><strong>,ηιιῐυ</strong></span> 
     </span>
    </p>
   </div>
   <div class='ocr_carea' id='block_1_45' title="bbox 1884 1713 3444 1801">
    <p class='ocr_par' dir='ltr' id='par_1_45' title="bbox 1884 1713 3444 1801">
     <span class='ocr_line' id='line_1_45' title="bbox 1884 1713 3444 1801; baseline -0.019 -10"><span class='ocrx_word' id='word_1_291' title='bbox 1884 1753 1999 1791; x_wconf 83' lang='lat' dir='ltr'><strong>eam</strong></span> <span class='ocrx_word' id='word_1_292' title='bbox 2034 1750 2141 1788; x_wconf 91' lang='lat' dir='ltr'><strong>non</strong></span> <span class='ocrx_word' id='word_1_293' title='bbox 2170 1734 2534 1801; x_wconf 75' lang='lat' dir='ltr'><strong>amplectetur</strong></span> <span class='ocrx_word' id='word_1_294' title='bbox 2555 1769 2570 1791; x_wconf 91' lang='lat'><strong>,</strong></span> <span class='ocrx_word' id='word_1_295' title='bbox 2615 1741 2679 1779; x_wconf 88' lang='lat' dir='ltr'><strong>ac</strong></span> <span class='ocrx_word' id='word_1_296' title='bbox 2711 1724 2812 1778; x_wconf 74' lang='lat' dir='ltr'><strong>silli</strong></span> <span class='ocrx_word' id='word_1_297' title='bbox 2844 1721 3005 1773; x_wconf 76' lang='lat' dir='ltr'><strong>veluti</strong></span> <span class='ocrx_word' id='word_1_298' title='bbox 3039 1713 3444 1798; x_wconf 35' lang='lat' dir='ltr'><strong>ornatissimam</strong></span> 
     </span>
    </p>
   </div>
   <div class='ocr_carea' id='block_1_46' title="bbox 1884 1811 3448 1897">
    <p class='ocr_par' dir='ltr' id='par_1_46' title="bbox 1884 1811 3448 1897">
     <span class='ocr_line' id='line_1_46' title="bbox 1884 1811 3448 1897; baseline -0.016 -18"><span class='ocrx_word' id='word_1_299' title='bbox 1884 1828 2179 1897; x_wconf 78' lang='lat' dir='ltr'><strong>quamdam</strong></span> <span class='ocrx_word' id='word_1_300' title='bbox 2214 1836 2471 1889; x_wconf 80' lang='lat' dir='ltr'><strong>sponsam</strong></span> <span class='ocrx_word' id='word_1_301' title='bbox 2505 1814 2872 1872; x_wconf 81' lang='lat' dir='ltr'><strong>indissolubili</strong></span> <span class='ocrx_word' id='word_1_302' title='bbox 2903 1811 3121 1864; x_wconf 76' lang='lat' dir='ltr'><strong>vinculo</strong></span> <span class='ocrx_word' id='word_1_303' title='bbox 3155 1821 3260 1857; x_wconf 90' lang='lat' dir='ltr'><strong>non</strong></span> <span class='ocrx_word' id='word_1_304' title='bbox 3288 1819 3448 1870; x_wconf 83' lang='lat' dir='ltr'><strong>copu-</strong></span> 
     </span>
    </p>
   </div>
   <div class='ocr_carea' id='block_1_47' title="bbox 1886 1896 3447 1984">
    <p class='ocr_par' dir='ltr' id='par_1_47' title="bbox 1886 1896 3447 1984">
     <span class='ocr_line' id='line_1_47' title="bbox 1886 1896 3447 1984; baseline -0.02 -12"><span class='ocrx_word' id='word_1_305' title='bbox 1886 1896 2059 1973; x_wconf 79' lang='lat' dir='ltr'><strong>labit?</strong></span> <span class='ocrx_word' id='word_1_306' title='bbox 2094 1919 2273 1984; x_wconf 85' lang='lat' dir='ltr'><strong>Ipsum</strong></span> <span class='ocrx_word' id='word_1_307' title='bbox 2307 1928 2436 1966; x_wconf 79' lang='lat' dir='ltr'><strong>vero</strong></span> <span class='ocrx_word' id='word_1_308' title='bbox 2468 1908 2810 1964; x_wconf 76' lang='lat' dir='ltr'><strong>salutifermn</strong></span> <span class='ocrx_word' id='word_1_309' title='bbox 2852 1904 3104 1970; x_wconf 79' lang='lat' dir='ltr'><strong>corporis</strong></span> <span class='ocrx_word' id='word_1_310' title='bbox 3138 1909 3189 1949; x_wconf 88' lang='lat' dir='ltr'><strong>et</strong></span> <span class='ocrx_word' id='word_1_311' title='bbox 3219 1896 3447 1964; x_wconf 65' lang='lat' dir='ltr'><strong>sangui-</strong></span> 
     </span>
    </p>
   </div>
   <div class='ocr_carea' id='block_1_48' title="bbox 1888 1990 3451 2063">
    <p class='ocr_par' dir='ltr' id='par_1_48' title="bbox 1888 1990 3451 2063">
     <span class='ocr_line' id='line_1_48' title="bbox 1888 1990 3451 2063; baseline -0.018 0"><span class='ocrx_word' id='word_1_312' title='bbox 1888 2011 1973 2063; x_wconf 87' lang='lat' dir='ltr'><strong>nis</strong></span> <span class='ocrx_word' id='word_1_313' title='bbox 2031 2004 2245 2059; x_wconf 80' lang='lat' dir='ltr'><strong>Domini</strong></span> <span class='ocrx_word' id='word_1_314' title='bbox 2304 2009 2711 2058; x_wconf 74' lang='lat' dir='ltr'><strong>sacramentum</strong></span> <span class='ocrx_word' id='word_1_315' title='bbox 2768 2010 2983 2048; x_wconf 81' lang='lat' dir='ltr'><strong>omneut</strong></span> <span class='ocrx_word' id='word_1_316' title='bbox 3036 1990 3451 2054; x_wconf 64' lang='lat' dir='ltr'><strong>supereminens</strong></span> 
     </span>
    </p>
   </div>
   <div class='ocr_carea' id='block_1_49' title="bbox 1887 2074 3450 2161">
    <p class='ocr_par' dir='ltr' id='par_1_49' title="bbox 1887 2074 3450 2161">
     <span class='ocr_line' id='line_1_49' title="bbox 1887 2074 3450 2161; baseline -0.019 -10"><span class='ocrx_word' id='word_1_317' title='bbox 1887 2097 2190 2151; x_wconf 84' lang='lat' dir='ltr'><strong>naturalem</strong></span> <span class='ocrx_word' id='word_1_318' title='bbox 2243 2074 2541 2161; x_wconf 83' lang='lat' dir='ltr'><strong>potentiam</strong></span> <span class='ocrx_word' id='word_1_319' title='bbox 2580 2088 2706 2153; x_wconf 84' lang='lat' dir='ltr'><strong>quis</strong></span> <span class='ocrx_word' id='word_1_320' title='bbox 2759 2100 2865 2137; x_wconf 91' lang='lat' dir='ltr'><strong>nun</strong></span> <span class='ocrx_word' id='word_1_321' title='bbox 2912 2079 3291 2135; x_wconf 86' lang='lat' dir='ltr'><strong>admirabitur,</strong></span> <span class='ocrx_word' id='word_1_322' title='bbox 3343 2087 3450 2124; x_wconf 90' lang='lat' dir='ltr'><strong>nun</strong></span> 
     </span>
    </p>
   </div>
   <div class='ocr_carea' id='block_1_50' title="bbox 1885 2164 3452 2249">
    <p class='ocr_par' dir='ltr' id='par_1_50' title="bbox 1885 2164 3452 2249">
     <span class='ocr_line' id='line_1_50' title="bbox 1885 2164 3452 2249; baseline -0.017 -7"><span class='ocrx_word' id='word_1_323' title='bbox 1885 2189 2259 2249; x_wconf 73' lang='lat' dir='ltr'><strong>venerabitur,</strong></span> <span class='ocrx_word' id='word_1_324' title='bbox 2311 2201 2373 2239; x_wconf 88' lang='lat' dir='ltr'><strong>ac</strong></span> <span class='ocrx_word' id='word_1_325' title='bbox 2398 2182 2631 2235; x_wconf 80' lang='lat' dir='ltr'><strong>maxima</strong></span> <span class='ocrx_word' id='word_1_326' title='bbox 2664 2164 2844 2230; x_wconf 57' lang='lat' dir='ltr'><strong>cor&#39;dis</strong></span> <span class='ocrx_word' id='word_1_327' title='bbox 2877 2176 3111 2243; x_wconf 81' lang='lat' dir='ltr'><strong>puritate</strong></span> <span class='ocrx_word' id='word_1_328' title='bbox 3143 2168 3452 2235; x_wconf 62' lang='lat' dir='ltr'><strong>suscipienn</strong></span> 
     </span>
    </p>
   </div>
   <div class='ocr_carea' id='block_1_51' title="bbox 1887 2268 3451 2348">
    <p class='ocr_par' dir='ltr' id='par_1_51' title="bbox 1887 2268 3451 2348">
     <span class='ocr_line' id='line_1_51' title="bbox 1887 2268 3451 2348; baseline -0.018 -9"><span class='ocrx_word' id='word_1_329' title='bbox 1887 2285 2013 2339; x_wconf 88' lang='lat' dir='ltr'><strong>dum</strong></span> <span class='ocrx_word' id='word_1_330' title='bbox 2045 2298 2153 2334; x_wconf 89' lang='lat' dir='ltr'><strong>non</strong></span> <span class='ocrx_word' id='word_1_331' title='bbox 2183 2279 2491 2348; x_wconf 84' lang='lat' dir='ltr'><strong>judicabit?</strong></span> <span class='ocrx_word' id='word_1_332' title='bbox 2537 2274 2691 2342; x_wconf 81' lang='lat' dir='ltr'><strong>Quod</strong></span> <span class='ocrx_word' id='word_1_333' title='bbox 2726 2274 2908 2324; x_wconf 80' lang='lat' dir='ltr'><strong>divina</strong></span> <span class='ocrx_word' id='word_1_334' title='bbox 2954 2268 3195 2336; x_wconf 86' lang='lat' dir='ltr'><strong>potentia</strong></span> <span class='ocrx_word' id='word_1_335' title='bbox 3239 2279 3333 2331; x_wconf 76' lang='lat' dir='ltr'><strong>per</strong></span> <span class='ocrx_word' id='word_1_336' title='bbox 3363 2275 3451 2312; x_wconf 76' lang='lat' dir='ltr'><strong>sa-</strong></span> 
     </span>
    </p>
   </div>
   <div class='ocr_carea' id='block_1_52' title="bbox 1886 2352 3454 2429">
    <p class='ocr_par' dir='ltr' id='par_1_52' title="bbox 1886 2352 3454 2429">
     <span class='ocr_line' id='line_1_52' title="bbox 1886 2352 3454 2429; baseline -0.017 0"><span class='ocrx_word' id='word_1_337' title='bbox 1886 2374 2125 2429; x_wconf 78' lang='lat' dir='ltr'><strong>cerdotis</strong></span> <span class='ocrx_word' id='word_1_338' title='bbox 2177 2372 2373 2425; x_wconf 75' lang='lat' dir='ltr'><strong>conﬁci</strong></span> <span class='ocrx_word' id='word_1_339' title='bbox 2441 2367 2804 2421; x_wconf 75' lang='lat' dir='ltr'><strong>ministerium</strong></span> <span class='ocrx_word' id='word_1_340' title='bbox 2872 2365 3224 2416; x_wconf 73' lang='lat' dir='ltr'><strong>sucrOSancta</strong></span> <span class='ocrx_word' id='word_1_341' title='bbox 3289 2352 3454 2404; x_wconf 85' lang='lat' dir='ltr'><strong>tradit</strong></span> 
     </span>
    </p>
   </div>
   <div class='ocr_carea' id='block_1_53' title="bbox 1890 2442 3454 2528">
    <p class='ocr_par' dir='ltr' id='par_1_53' title="bbox 1890 2442 3454 2528">
     <span class='ocr_line' id='line_1_53' title="bbox 1890 2442 3454 2528; baseline -0.016 -8"><span class='ocrx_word' id='word_1_342' title='bbox 1890 2465 2137 2519; x_wconf 82' lang='lat' dir='ltr'><strong>Ecclesia</strong></span> <span class='ocrx_word' id='word_1_343' title='bbox 2170 2479 2186 2519; x_wconf 86' lang='lat'><strong>:</strong></span> <span class='ocrx_word' id='word_1_344' title='bbox 2230 2463 2281 2514; x_wconf 91' lang='lat' dir='ltr'><strong>in</strong></span> <span class='ocrx_word' id='word_1_345' title='bbox 2310 2474 2422 2528; x_wconf 85' lang='lat' dir='ltr'><strong>quo</strong></span> <span class='ocrx_word' id='word_1_346' title='bbox 2457 2457 2547 2513; x_wconf 84' lang='lat' dir='ltr'><strong>Dei</strong></span> <span class='ocrx_word' id='word_1_347' title='bbox 2582 2456 2754 2510; x_wconf 83' lang='lat' dir='ltr'><strong>Filius</strong></span> <span class='ocrx_word' id='word_1_348' title='bbox 2789 2451 3048 2506; x_wconf 81' lang='lat' dir='ltr'><strong>Dominus</strong></span> <span class='ocrx_word' id='word_1_349' title='bbox 3076 2459 3265 2500; x_wconf 77' lang='lat' dir='ltr'><strong>nosu-r</strong></span> <span class='ocrx_word' id='word_1_350' title='bbox 3293 2442 3454 2496; x_wconf 52' lang='lat' dir='ltr'><strong>lle-us</strong></span> 
     </span>
    </p>
   </div>
   <div class='ocr_carea' id='block_1_54' title="bbox 1890 2536 3451 2610">
    <p class='ocr_par' dir='ltr' id='par_1_54' title="bbox 1890 2536 3451 2610">
     <span class='ocr_line' id='line_1_54' title="bbox 1890 2536 3451 2610; baseline -0.012 0"><span class='ocrx_word' id='word_1_351' title='bbox 1890 2556 2141 2610; x_wconf 73' lang='lat' dir='ltr'><strong>Christus</strong></span> <span class='ocrx_word' id='word_1_352' title='bbox 2191 2569 2250 2607; x_wconf 86' lang='lat' dir='ltr'><strong>se</strong></span> <span class='ocrx_word' id='word_1_353' title='bbox 2302 2552 2466 2605; x_wconf 83' lang='lat' dir='ltr'><strong>talem</strong></span> <span class='ocrx_word' id='word_1_354' title='bbox 2526 2549 2687 2601; x_wconf 77' lang='lat' dir='ltr'><strong>nobis</strong></span> <span class='ocrx_word' id='word_1_355' title='bbox 2740 2542 3176 2599; x_wconf 80' lang='lat' dir='ltr'><strong>mamlueandum</strong></span> <span class='ocrx_word' id='word_1_356' title='bbox 3230 2536 3451 2605; x_wconf 73' lang='lat' dir='ltr'><strong>praebet.</strong></span> 
     </span>
    </p>
   </div>
   <div class='ocr_carea' id='block_1_55' title="bbox 1892 2623 3452 2719">
    <p class='ocr_par' dir='ltr' id='par_1_55' title="bbox 1892 2623 3452 2719">
     <span class='ocr_line' id='line_1_55' title="bbox 1892 2623 3452 2719; baseline -0.016 -19"><span class='ocrx_word' id='word_1_357' title='bbox 1892 2648 2107 2719; x_wconf 82' lang='lat' dir='ltr'><strong>qualem</strong></span> <span class='ocrx_word' id='word_1_358' title='bbox 2131 2661 2196 2699; x_wconf 72' lang='lat' dir='ltr'><strong>ex</strong></span> <span class='ocrx_word' id='word_1_359' title='bbox 2240 2643 2477 2711; x_wconf 62' lang='lat' dir='ltr'><strong>Virgine:</strong></span> <span class='ocrx_word' id='word_1_360' title='bbox 2497 2652 2682 2695; x_wconf 86' lang='lat' dir='ltr'><strong>natum</strong></span> <span class='ocrx_word' id='word_1_361' title='bbox 2701 2646 2776 2711; x_wconf 26' lang='lat' dir='ltr'><strong>ret</strong></span> <span class='ocrx_word' id='word_1_362' title='bbox 2814 2638 3139 2689; x_wconf 73' lang='lat' dir='ltr'><strong>conﬁtemur</strong></span> <span class='ocrx_word' id='word_1_363' title='bbox 3186 2634 3240 2681; x_wconf 81' lang='lat' dir='ltr'><strong>et</strong></span> <span class='ocrx_word' id='word_1_364' title='bbox 3274 2640 3366 2678; x_wconf 80' lang='lat' dir='ltr'><strong>t&#39;re</strong></span> <span class='ocrx_word' id='word_1_365' title='bbox 3390 2623 3452 2675; x_wconf 84' lang='lat' dir='ltr'><strong>li-</strong></span> 
     </span>
    </p>
   </div>
   <div class='ocr_carea' id='block_1_56' title="bbox 1894 2720 3458 2809">
    <p class='ocr_par' dir='ltr' id='par_1_56' title="bbox 1894 2720 3458 2809">
     <span class='ocr_line' id='line_1_56' title="bbox 1894 2720 3458 2809; baseline -0.017 -13"><span class='ocrx_word' id='word_1_366' title='bbox 1894 2757 2037 2804; x_wconf 87' lang='lat' dir='ltr'><strong>mus,</strong></span> <span class='ocrx_word' id='word_1_367' title='bbox 2069 2739 2214 2809; x_wconf 84' lang='lat' dir='ltr'><strong>quod</strong></span> <span class='ocrx_word' id='word_1_368' title='bbox 2250 2737 2499 2805; x_wconf 82' lang='lat' dir='ltr'><strong>quisquis</strong></span> <span class='ocrx_word' id='word_1_369' title='bbox 2536 2735 2700 2801; x_wconf 78' lang='lat' dir='ltr'><strong>digne</strong></span> <span class='ocrx_word' id='word_1_370' title='bbox 2724 2720 3016 2797; x_wconf 5' lang='lat' dir='ltr'><strong>isusvipiul,</strong></span> <span class='ocrx_word' id='word_1_371' title='bbox 3071 2728 3317 2775; x_wconf 84' lang='lat' dir='ltr'><strong>ln-atnum</strong></span> <span class='ocrx_word' id='word_1_372' title='bbox 3367 2732 3458 2770; x_wconf 70' lang='lat' dir='ltr'><strong>stt-</strong></span> 
     </span>
    </p>
   </div>
   <div class='ocr_carea' id='block_1_57' title="bbox 1894 2814 3460 2888">
    <p class='ocr_par' dir='ltr' id='par_1_57' title="bbox 1894 2814 3460 2888">
     <span class='ocr_line' id='line_1_57' title="bbox 1894 2814 3460 2888; baseline -0.017 -1"><span class='ocrx_word' id='word_1_373' title='bbox 1894 2830 2076 2887; x_wconf 79' lang='lat' dir='ltr'><strong>cietuti</strong></span> <span class='ocrx_word' id='word_1_374' title='bbox 2144 2828 2567 2887; x_wconf 85' lang='lat' dir='ltr'><strong>numerabitur;</strong></span> <span class='ocrx_word' id='word_1_375' title='bbox 2624 2822 2717 2888; x_wconf 87' lang='lat' dir='ltr'><strong>qni</strong></span> <span class='ocrx_word' id='word_1_376' title='bbox 2772 2835 2898 2873; x_wconf 80' lang='lat' dir='ltr'><strong>vero</strong></span> <span class='ocrx_word' id='word_1_377' title='bbox 2963 2814 3200 2882; x_wconf 72' lang='lat' dir='ltr'><strong>indigne,</strong></span> <span class='ocrx_word' id='word_1_378' title='bbox 3259 2816 3460 2863; x_wconf 57' lang='lat' dir='ltr'><strong>sterno</strong></span> 
     </span>
    </p>
   </div>
   <div class='ocr_carea' id='block_1_58' title="bbox 1894 2900 3462 2983">
    <p class='ocr_par' dir='ltr' id='par_1_58' title="bbox 1894 2900 3462 2983">
     <span class='ocr_line' id='line_1_58' title="bbox 1894 2900 3462 2983; baseline -0.015 -13"><span class='ocrx_word' id='word_1_379' title='bbox 1894 2915 2169 2983; x_wconf 85' lang='lat' dir='ltr'><strong>supplicio</strong></span> <span class='ocrx_word' id='word_1_380' title='bbox 2204 2914 2579 2980; x_wconf 83' lang='lat' dir='ltr'><strong>deputabitur.</strong></span> <span class='ocrx_word' id='word_1_381' title='bbox 2616 2909 2781 2961; x_wconf 73' lang='lat' dir='ltr'><strong>Deum</strong></span> <span class='ocrx_word' id='word_1_382' title='bbox 2816 2907 3000 2971; x_wconf 84' lang='lat' dir='ltr'><strong>itaque</strong></span> <span class='ocrx_word' id='word_1_383' title='bbox 3030 2902 3175 2968; x_wconf 90' lang='lat' dir='ltr'><strong>pium</strong></span> <span class='ocrx_word' id='word_1_384' title='bbox 3211 2910 3257 2976; x_wconf 82' lang='lat' dir='ltr'><strong>et</strong></span> <span class='ocrx_word' id='word_1_385' title='bbox 3296 2900 3462 2948; x_wconf 80' lang='lat' dir='ltr'><strong>mise-</strong></span> 
     </span>
    </p>
   </div>
   <div class='ocr_carea' id='block_1_59' title="bbox 1894 2986 3465 3061">
    <p class='ocr_par' dir='ltr' id='par_1_59' title="bbox 1894 2986 3465 3061">
     <span class='ocr_line' id='line_1_59' title="bbox 1894 2986 3465 3061; baseline -0.015 0"><span class='ocrx_word' id='word_1_386' title='bbox 1894 3005 2161 3061; x_wconf 83' lang='lat' dir='ltr'><strong>ricordem</strong></span> <span class='ocrx_word' id='word_1_387' title='bbox 2193 3002 2457 3058; x_wconf 87' lang='lat' dir='ltr'><strong>orandum</strong></span> <span class='ocrx_word' id='word_1_388' title='bbox 2490 3001 2723 3054; x_wconf 88' lang='lat' dir='ltr'><strong>arbitror</strong></span> <span class='ocrx_word' id='word_1_389' title='bbox 2748 3005 2801 3050; x_wconf 92' lang='lat' dir='ltr'><strong>et</strong></span> <span class='ocrx_word' id='word_1_390' title='bbox 2830 2994 3033 3049; x_wconf 75' lang='lat' dir='ltr'><strong>sanctis</strong></span> <span class='ocrx_word' id='word_1_391' title='bbox 3062 2989 3314 3052; x_wconf 86' lang='lat' dir='ltr'><strong>operibu&#39;s</strong></span> <span class='ocrx_word' id='word_1_392' title='bbox 3348 2986 3465 3052; x_wconf 80' lang='lat' dir='ltr'><strong>pla-</strong></span> 
     </span>
    </p>
   </div>
   <div class='ocr_carea' id='block_1_60' title="bbox 1896 3075 3461 3157">
    <p class='ocr_par' dir='ltr' id='par_1_60' title="bbox 1896 3075 3461 3157">
     <span class='ocr_line' id='line_1_60' title="bbox 1896 3075 3461 3157; baseline -0.017 -5"><span class='ocrx_word' id='word_1_393' title='bbox 1896 3099 2160 3157; x_wconf 88' lang='lat' dir='ltr'><strong>candum,</strong></span> <span class='ocrx_word' id='word_1_394' title='bbox 2211 3104 2268 3149; x_wconf 85' lang='lat' dir='ltr'><strong>ut</strong></span> <span class='ocrx_word' id='word_1_395' title='bbox 2323 3094 2484 3147; x_wconf 87' lang='lat' dir='ltr'><strong>corda</strong></span> <span class='ocrx_word' id='word_1_396' title='bbox 2523 3100 2709 3143; x_wconf 86' lang='lat' dir='ltr'><strong>nostra</strong></span> <span class='ocrx_word' id='word_1_397' title='bbox 2765 3102 2875 3139; x_wconf 71' lang='lat' dir='ltr'><strong>suae</strong></span> <span class='ocrx_word' id='word_1_398' title='bbox 2927 3084 3112 3152; x_wconf 77' lang='lat' dir='ltr'><strong>gratia:</strong></span> <span class='ocrx_word' id='word_1_399' title='bbox 3170 3075 3461 3145; x_wconf 71' lang='lat' dir='ltr'><strong>splendore</strong></span> 
     </span>
    </p>
   </div>
   <div class='ocr_carea' id='block_1_61' title="bbox 219 3171 3456 3266">
    <p class='ocr_par' dir='ltr' id='par_1_61' title="bbox 219 3171 3456 3266">
     <span class='ocr_line' id='line_1_61' title="bbox 219 3171 3456 3266; baseline -0.013 -14"><span class='ocrx_word' id='word_1_400' title='bbox 219 3199 299 3253; x_wconf 82' lang='lat' dir='ltr'><strong>cis</strong></span> <span class='ocrx_word' id='word_1_401' title='bbox 333 3198 586 3266; x_wconf 81' lang='lat' dir='ltr'><strong>cognitus</strong></span> <span class='ocrx_word' id='word_1_402' title='bbox 623 3211 750 3250; x_wconf 88' lang='lat' dir='ltr'><strong>esse</strong></span> <span class='ocrx_word' id='word_1_403' title='bbox 780 3197 1004 3252; x_wconf 82' lang='lat' dir='ltr'><strong>dicitur.</strong></span> <span class='ocrx_word' id='word_1_404' title='bbox 1064 3195 1232 3262; x_wconf 87' lang='lat' dir='ltr'><strong>idque</strong></span> <span class='ocrx_word' id='word_1_405' title='bbox 1288 3208 1351 3247; x_wconf 88' lang='lat' dir='ltr'><strong>ea</strong></span> <span class='ocrx_word' id='word_1_406' title='bbox 1407 3192 1610 3246; x_wconf 79' lang='lat' dir='ltr'><strong>factum</strong></span> <span class='ocrx_word' id='word_1_407' title='bbox 1660 3171 1794 3248; x_wconf 85' lang='lat' dir='ltr'><strong>esse</strong></span> <span class='ocrx_word' id='word_1_408' title='bbox 1819 3204 1864 3265; x_wconf 68' lang='grc' dir='ltr'><strong>ρ</strong></span> <span class='ocrx_word' id='word_1_409' title='bbox 1897 3187 2193 3249; x_wconf 80' lang='lat' dir='ltr'><strong>illuminet,</strong></span> <span class='ocrx_word' id='word_1_410' title='bbox 2223 3194 2485 3250; x_wconf 88' lang='lat' dir='ltr'><strong>actusque</strong></span> <span class='ocrx_word' id='word_1_411' title='bbox 2512 3190 2733 3234; x_wconf 80' lang='lat' dir='ltr'><strong>nostros</strong></span> <span class='ocrx_word' id='word_1_412' title='bbox 2759 3177 2808 3229; x_wconf 87' lang='lat' dir='ltr'><strong>in</strong></span> <span class='ocrx_word' id='word_1_413' title='bbox 2844 3173 3036 3226; x_wconf 82' lang='lat' dir='ltr'><strong>semita</strong></span> <span class='ocrx_word' id='word_1_414' title='bbox 3074 3171 3456 3266; x_wconf 77' lang='lat' dir='ltr'><strong>mandatorum</strong></span> 
     </span>
    </p>
   </div>
   <div class='ocr_carea' id='block_1_62' title="bbox 220 3285 1791 3355">
    <p class='ocr_par' dir='ltr' id='par_1_62' title="bbox 220 3285 1791 3355">
     <span class='ocr_line' id='line_1_62' title="bbox 220 3285 1791 3355; baseline -0.001 -13"><span class='ocrx_word' id='word_1_415' title='bbox 220 3290 452 3351; x_wconf 83' lang='lat' dir='ltr'><strong>ratione,</strong></span> <span class='ocrx_word' id='word_1_416' title='bbox 508 3304 576 3342; x_wconf 89' lang='lat' dir='ltr'><strong>ne</strong></span> <span class='ocrx_word' id='word_1_417' title='bbox 610 3288 914 3341; x_wconf 81' lang='lat' dir='ltr'><strong>inﬁdelium</strong></span> <span class='ocrx_word' id='word_1_418' title='bbox 951 3287 1140 3341; x_wconf 78' lang='lat' dir='ltr'><strong>furore</strong></span> <span class='ocrx_word' id='word_1_419' title='bbox 1197 3298 1361 3355; x_wconf 88' lang='lat' dir='ltr'><strong>atque</strong></span> <span class='ocrx_word' id='word_1_420' title='bbox 1418 3285 1625 3354; x_wconf 91' lang='lat' dir='ltr'><strong>impetu</strong></span> <span class='ocrx_word' id='word_1_421' title='bbox 1683 3294 1791 3340; x_wconf 88' lang='lat' dir='ltr'><strong>tam</strong></span> 
     </span>
    </p>
   </div>
   <div class='ocr_carea' id='block_1_63' title="bbox 222 3376 1796 3445">
    <p class='ocr_par' dir='ltr' id='par_1_63' title="bbox 222 3376 1796 3445">
     <span class='ocr_line' id='line_1_63' title="bbox 222 3376 1796 3445; baseline -0.003 -10"><span class='ocrx_word' id='word_1_422' title='bbox 222 3376 495 3443; x_wconf 72' lang='lat' dir='ltr'><strong>sanctum,</strong></span> <span class='ocrx_word' id='word_1_423' title='bbox 530 3389 640 3432; x_wconf 88' lang='lat' dir='ltr'><strong>tam</strong></span> <span class='ocrx_word' id='word_1_424' title='bbox 680 3380 1026 3445; x_wconf 63' lang='lat' dir='ltr'><strong>praeclarum.</strong></span> <span class='ocrx_word' id='word_1_425' title='bbox 1069 3389 1288 3445; x_wconf 86' lang='lat' dir='ltr'><strong>tamque</strong></span> <span class='ocrx_word' id='word_1_426' title='bbox 1344 3377 1560 3444; x_wconf 80' lang='lat' dir='ltr'><strong>insigne</strong></span> <span class='ocrx_word' id='word_1_427' title='bbox 1592 3376 1796 3429; x_wconf 85' lang='lat' dir='ltr'><strong>monile</strong></span> 
     </span>
    </p>
   </div>
   <div class='ocr_carea' id='block_1_64' title="bbox 226 3466 1797 3539">
    <p class='ocr_par' dir='ltr' id='par_1_64' title="bbox 226 3466 1797 3539">
     <span class='ocr_line' id='line_1_64' title="bbox 226 3466 1797 3539; baseline -0.003 -15"><span class='ocrx_word' id='word_1_428' title='bbox 226 3469 474 3524; x_wconf 75' lang='lat' dir='ltr'><strong>Ecclesia</strong></span> <span class='ocrx_word' id='word_1_429' title='bbox 542 3470 815 3539; x_wconf 88' lang='lat' dir='ltr'><strong>perderet.</strong></span> <span class='ocrx_word' id='word_1_430' title='bbox 882 3468 1126 3537; x_wconf 77' lang='lat' dir='ltr'><strong>Longum</strong></span> <span class='ocrx_word' id='word_1_431' title='bbox 1178 3468 1343 3522; x_wconf 90' lang='lat' dir='ltr'><strong>nimis</strong></span> <span class='ocrx_word' id='word_1_432' title='bbox 1401 3475 1548 3521; x_wconf 83' lang='lat' dir='ltr'><strong>esset</strong></span> <span class='ocrx_word' id='word_1_433' title='bbox 1591 3466 1797 3520; x_wconf 79' lang='lat' dir='ltr'><strong>referre</strong></span> 
     </span>
    </p>
   </div>
   <div class='ocr_carea' id='block_1_65' title="bbox 226 3555 1795 3628">
    <p class='ocr_par' dir='ltr' id='par_1_65' title="bbox 226 3555 1795 3628">
     <span class='ocr_line' id='line_1_65' title="bbox 226 3555 1795 3628; baseline -0.002 -17"><span class='ocrx_word' id='word_1_434' title='bbox 226 3560 486 3613; x_wconf 66' lang='lat' dir='ltr'><strong>bent-ﬁcia</strong></span> <span class='ocrx_word' id='word_1_435' title='bbox 588 3575 709 3628; x_wconf 71' lang='lat' dir='ltr'><strong>qua!</strong></span> <span class='ocrx_word' id='word_1_436' title='bbox 775 3560 1041 3627; x_wconf 81' lang='lat' dir='ltr'><strong>benignus</strong></span> <span class='ocrx_word' id='word_1_437' title='bbox 1107 3558 1370 3610; x_wconf 86' lang='lat' dir='ltr'><strong>Dominus</strong></span> <span class='ocrx_word' id='word_1_438' title='bbox 1441 3555 1795 3609; x_wconf 77' lang='lat' dir='ltr'><strong>visitautibus</strong></span> 
     </span>
    </p>
   </div>
   <div class='ocr_carea' id='block_1_66' title="bbox 226 3645 1796 3712">
    <p class='ocr_par' dir='ltr' id='par_1_66' title="bbox 226 3645 1796 3712">
     <span class='ocr_line' id='line_1_66' title="bbox 226 3645 1796 3712; baseline -0.004 -10"><span class='ocrx_word' id='word_1_439' title='bbox 226 3648 368 3705; x_wconf 81' lang='lat' dir='ltr'><strong>illam</strong></span> <span class='ocrx_word' id='word_1_440' title='bbox 426 3663 644 3704; x_wconf 86' lang='lat' dir='ltr'><strong>sacram</strong></span> <span class='ocrx_word' id='word_1_441' title='bbox 703 3648 874 3701; x_wconf 62' lang='lat' dir='ltr'><strong>aedem</strong></span> <span class='ocrx_word' id='word_1_442' title='bbox 928 3663 1025 3701; x_wconf 85' lang='lat' dir='ltr'><strong>sua</strong></span> <span class='ocrx_word' id='word_1_443' title='bbox 1066 3647 1309 3702; x_wconf 84' lang='lat' dir='ltr'><strong>bonitate</strong></span> <span class='ocrx_word' id='word_1_444' title='bbox 1364 3645 1627 3712; x_wconf 82' lang='lat' dir='ltr'><strong>largitur;</strong></span> <span class='ocrx_word' id='word_1_445' title='bbox 1672 3658 1796 3696; x_wconf 84' lang='lat' dir='ltr'><strong>nam</strong></span> 
     </span>
    </p>
   </div>
   <div class='ocr_carea' id='block_1_67' title="bbox 294 3825 813 3895">
    <p class='ocr_par' dir='ltr' id='par_1_67' title="bbox 294 3825 813 3895">
     <span class='ocr_line' id='line_1_67' title="bbox 294 3825 813 3895; baseline 0 -15"><span class='ocrx_word' id='word_1_446' title='bbox 294 3828 338 3859; x_wconf 76' lang='grc'><strong>³⁸</strong></span> <span class='ocrx_word' id='word_1_447' title='bbox 369 3825 519 3882; x_wconf 82' lang='lat' dir='ltr'><strong>Psal.</strong></span> <span class='ocrx_word' id='word_1_448' title='bbox 550 3841 701 3895; x_wconf 72' lang='lat' dir='ltr'><strong>LXXI,</strong></span> <span class='ocrx_word' id='word_1_449' title='bbox 729 3827 813 3880; x_wconf 77' lang='lat' dir='ltr'><strong>t8.</strong></span> 
     </span>
    </p>
   </div>
   <div class='ocr_carea' id='block_1_68' title="bbox 1898 3255 3464 3341">
    <p class='ocr_par' dir='ltr' id='par_1_68' title="bbox 1898 3255 3464 3341">
     <span class='ocr_line' id='line_1_68' title="bbox 1898 3255 3464 3341; baseline -0.022 -4"><span class='ocrx_word' id='word_1_450' title='bbox 1898 3295 2123 3337; x_wconf 69' lang='lat' dir='ltr'><strong>auorum</strong></span> <span class='ocrx_word' id='word_1_451' title='bbox 2166 3279 2246 3331; x_wconf 77' lang='lat' dir='ltr'><strong>sic</strong></span> <span class='ocrx_word' id='word_1_452' title='bbox 2286 3277 2490 3341; x_wconf 66' lang='lat' dir='ltr'><strong>dirigat</strong></span> <span class='ocrx_word' id='word_1_453' title='bbox 2538 3288 2599 3324; x_wconf 89' lang='lat' dir='ltr'><strong>ac</strong></span> <span class='ocrx_word' id='word_1_454' title='bbox 2632 3272 2904 3335; x_wconf 75' lang='lat' dir='ltr'><strong>disponat,</strong></span> <span class='ocrx_word' id='word_1_455' title='bbox 2954 3275 3008 3314; x_wconf 89' lang='lat' dir='ltr'><strong>ut</strong></span> <span class='ocrx_word' id='word_1_456' title='bbox 3062 3276 3183 3313; x_wconf 87' lang='lat' dir='ltr'><strong>cum</strong></span> <span class='ocrx_word' id='word_1_457' title='bbox 3242 3255 3398 3309; x_wconf 68' lang='lat' dir='ltr'><strong>Iulus</strong></span> <span class='ocrx_word' id='word_1_458' title='bbox 3432 3262 3464 3303; x_wconf 89' lang='lat' dir='ltr'><strong>e</strong></span> 
     </span>
    </p>
   </div>
   <div class='ocr_carea' id='block_1_69' title="bbox 1897 3342 3455 3435">
    <p class='ocr_par' dir='ltr' id='par_1_69' title="bbox 1897 3342 3455 3435">
     <span class='ocr_line' id='line_1_69' title="bbox 1897 3342 3455 3435; baseline -0.021 -9"><span class='ocrx_word' id='word_1_459' title='bbox 1897 3374 2004 3426; x_wconf 83' lang='lat' dir='ltr'><strong>vita</strong></span> <span class='ocrx_word' id='word_1_460' title='bbox 2042 3371 2143 3423; x_wconf 84' lang='lat' dir='ltr'><strong>hac</strong></span> <span class='ocrx_word' id='word_1_461' title='bbox 2176 3368 2352 3435; x_wconf 51' lang='lat' dir='ltr'><strong>fragili</strong></span> <span class='ocrx_word' id='word_1_462' title='bbox 2386 3364 2729 3432; x_wconf 72' lang='lat' dir='ltr'><strong>migrandum</strong></span> <span class='ocrx_word' id='word_1_463' title='bbox 2794 3359 2915 3411; x_wconf 71' lang='lat' dir='ltr'><strong>[uer</strong></span> <span class='ocrx_word' id='word_1_464' title='bbox 2940 3362 2981 3414; x_wconf 91' lang='lat' dir='ltr'><strong>t,</strong></span> <span class='ocrx_word' id='word_1_465' title='bbox 3017 3355 3086 3405; x_wconf 86' lang='lat' dir='ltr'><strong>ita</strong></span> <span class='ocrx_word' id='word_1_466' title='bbox 3116 3350 3276 3417; x_wconf 71' lang='lat' dir='ltr'><strong>digno-</strong></span> <span class='ocrx_word' id='word_1_467' title='bbox 3312 3342 3455 3397; x_wconf 72' lang='lat' dir='ltr'><strong>istud</strong></span> 
     </span>
    </p>
   </div>
   <div class='ocr_carea' id='block_1_70' title="bbox 1900 3436 3467 3517">
    <p class='ocr_par' dir='ltr' id='par_1_70' title="bbox 1900 3436 3467 3517">
     <span class='ocr_line' id='line_1_70' title="bbox 1900 3436 3467 3517; baseline -0.022 0"><span class='ocrx_word' id='word_1_468' title='bbox 1900 3459 2218 3517; x_wconf 81' lang='lat' dir='ltr'><strong>admirabile</strong></span> <span class='ocrx_word' id='word_1_469' title='bbox 2242 3463 2641 3511; x_wconf 79' lang='lat' dir='ltr'><strong>sacramentum</strong></span> <span class='ocrx_word' id='word_1_470' title='bbox 2660 3449 3110 3516; x_wconf 84' lang='lat' dir='ltr'><strong>sttscipiamus,ut</strong></span> <span class='ocrx_word' id='word_1_471' title='bbox 3127 3436 3467 3491; x_wconf 73' lang='lat' dir='ltr'><strong>sanctissimo</strong></span> 
     </span>
    </p>
   </div>
   <div class='ocr_carea' id='block_1_71' title="bbox 1904 3524 3464 3615">
    <p class='ocr_par' dir='ltr' id='par_1_71' title="bbox 1904 3524 3464 3615">
     <span class='ocr_line' id='line_1_71' title="bbox 1904 3524 3464 3615; baseline -0.022 -10"><span class='ocrx_word' id='word_1_472' title='bbox 1904 3556 1978 3607; x_wconf 88' lang='lat' dir='ltr'><strong>illi</strong></span> <span class='ocrx_word' id='word_1_473' title='bbox 2020 3554 2299 3605; x_wconf 81' lang='lat' dir='ltr'><strong>beatorum</strong></span> <span class='ocrx_word' id='word_1_474' title='bbox 2333 3547 2625 3615; x_wconf 88' lang='lat' dir='ltr'><strong>spirituum</strong></span> <span class='ocrx_word' id='word_1_475' title='bbox 2662 3538 2848 3600; x_wconf 69' lang='lat' dir='ltr'><strong>castui,</strong></span> <span class='ocrx_word' id='word_1_476' title='bbox 2909 3537 3025 3605; x_wconf 89' lang='lat' dir='ltr'><strong>ipso</strong></span> <span class='ocrx_word' id='word_1_477' title='bbox 3078 3544 3174 3584; x_wconf 86' lang='lat' dir='ltr'><strong>nos</strong></span> <span class='ocrx_word' id='word_1_478' title='bbox 3230 3524 3296 3578; x_wconf 86' lang='lat' dir='ltr'><strong>ad</strong></span> <span class='ocrx_word' id='word_1_479' title='bbox 3354 3532 3464 3575; x_wconf 83' lang='lat' dir='ltr'><strong>tam</strong></span> 
     </span>
    </p>
   </div>
   <div class='ocr_carea' id='block_1_72' title="bbox 1908 3624 3303 3707">
    <p class='ocr_par' dir='ltr' id='par_1_72' title="bbox 1908 3624 3303 3707">
     <span class='ocr_line' id='line_1_72' title="bbox 1908 3624 3303 3707; baseline -0.024 -9"><span class='ocrx_word' id='word_1_480' title='bbox 1908 3656 2107 3700; x_wconf 79' lang='lat' dir='ltr'><strong>suaves</strong></span> <span class='ocrx_word' id='word_1_481' title='bbox 2144 3637 2330 3707; x_wconf 79' lang='lat' dir='ltr'><strong>epulas</strong></span> <span class='ocrx_word' id='word_1_482' title='bbox 2369 3624 2951 3701; x_wconf 23' lang='lat' dir='ltr'><strong>imitante‘aggregari</strong></span> <span class='ocrx_word' id='word_1_483' title='bbox 2977 3630 3303 3678; x_wconf 86' lang='lat' dir='ltr'><strong>mereamur.</strong></span> 
     </span>
    </p>
   </div>
   <div class='ocr_carea' id='block_1_73' title="bbox 250 3970 3452 4053">
    <p class='ocr_par' dir='ltr' id='par_1_73' title="bbox 250 3970 3452 4053">
     <span class='ocr_line' id='line_1_73' title="bbox 250 3970 3452 4053; baseline -0.013 -2"><span class='ocrx_word' id='word_1_484' title='bbox 250 3970 3452 4053; x_wconf 40' lang='grc' dir='ltr'><em>Ν</em></span> 
     </span>
    </p>
   </div>
   <div class='ocr_carea' id='block_1_74' title="bbox 1511 4169 2176 4221">
    <p class='ocr_par' dir='ltr' id='par_1_74' title="bbox 1511 4169 2176 4221">
     <span class='ocr_line' id='line_1_74' title="bbox 1511 4169 2176 4221; baseline -0.009 0"><span class='ocrx_word' id='word_1_485' title='bbox 1511 4173 1673 4221; x_wconf 60' lang='lat' dir='ltr'><strong>ANNO</strong></span> <span class='ocrx_word' id='word_1_486' title='bbox 1704 4171 1925 4219; x_wconf 71' lang='grc' dir='ltr'><strong>οοιιιΝι</strong></span> <span class='ocrx_word' id='word_1_487' title='bbox 1954 4169 2176 4218; x_wconf 70' lang='grc' dir='ltr'><strong>Μιωιι.</strong></span> 
     </span>
    </p>
   </div>
   <div class='ocr_carea' id='block_1_75' title="bbox 467 4335 3215 4543">
    <p class='ocr_par' dir='ltr' id='par_1_75' title="bbox 467 4335 3215 4543">
     <span class='ocr_line' id='line_1_75' title="bbox 467 4335 3215 4543; baseline -0.015 1"><span class='ocrx_word' id='word_1_488' title='bbox 467 4366 1231 4543; x_wconf 88' lang='lat' dir='ltr'><strong>ALEXII</strong></span> <span class='ocrx_word' id='word_1_489' title='bbox 1313 4343 2793 4537; x_wconf 60' lang='lat' dir='ltr'><strong>PATRIABCHXE</strong></span> <span class='ocrx_word' id='word_1_490' title='bbox 2890 4335 3215 4512; x_wconf 73' lang='grc' dir='ltr'><strong>ΟΡ.</strong></span> 
     </span>
    </p>
   </div>
   <div class='ocr_carea' id='block_1_76' title="bbox 916 4658 2770 4771">
    <p class='ocr_par' dir='ltr' id='par_1_76' title="bbox 916 4658 2770 4771">
     <span class='ocr_line' id='line_1_76' title="bbox 916 4658 2770 4771; baseline -0.016 -2"><span class='ocrx_word' id='word_1_491' title='bbox 916 4672 1967 4771; x_wconf 76' lang='lat' dir='ltr'><strong>CONS&#39;l‘lTUTlONES</strong></span> <span class='ocrx_word' id='word_1_492' title='bbox 2040 4658 2770 4755; x_wconf 83' lang='lat' dir='ltr'><strong>SYNODALES.</strong></span> 
     </span>
    </p>
   </div>
   <div class='ocr_carea' id='block_1_77' title="bbox 376 4837 3328 4961">
    <p class='ocr_par' dir='ltr' id='par_1_77' title="bbox 376 4837 3328 4961">
     <span class='ocr_line' id='line_1_77' title="bbox 376 4837 3328 4961; baseline -0.016 -18"><span class='ocrx_word' id='word_1_493' title='bbox 376 4884 524 4945; x_wconf 85' lang='lat' dir='ltr'><strong>Vide</strong></span> <span class='ocrx_word' id='word_1_494' title='bbox 558 4882 828 4961; x_wconf 87' lang='lat' dir='ltr'><strong>hujusce</strong></span> <span class='ocrx_word' id='word_1_495' title='bbox 856 4874 1227 4952; x_wconf 75' lang='lat' dir='ltr'><strong>Patrologiae</strong></span> <span class='ocrx_word' id='word_1_496' title='bbox 1256 4875 1488 4933; x_wconf 62' lang='lat' dir='ltr'><strong>Graeca;</strong></span> <span class='ocrx_word' id='word_1_497' title='bbox 1524 4877 1673 4931; x_wconf 90' lang='lat' dir='ltr'><strong>tom.</strong></span> <span class='ocrx_word' id='word_1_498' title='bbox 1700 4867 1908 4938; x_wconf 80' lang='lat' dir='ltr'><strong>CXIX,</strong></span> <span class='ocrx_word' id='word_1_499' title='bbox 1953 4865 2017 4925; x_wconf 88' lang='lat' dir='ltr'><strong>in</strong></span> <span class='ocrx_word' id='word_1_500' title='bbox 2049 4858 2422 4923; x_wconf 90' lang='lat' dir='ltr'><strong>collectione</strong></span> <span class='ocrx_word' id='word_1_501' title='bbox 2458 4848 2907 4921; x_wconf 82' lang='lat' dir='ltr'><strong>sententiarum</strong></span> <span class='ocrx_word' id='word_1_502' title='bbox 2931 4837 3328 4908; x_wconf 83' lang='lat' dir='ltr'><strong>svnodalium</strong></span> 
     </span>
    </p>
   </div>
   <div class='ocr_carea' id='block_1_78' title="bbox 1199 4977 2473 5074">
    <p class='ocr_par' dir='ltr' id='par_1_78' title="bbox 1199 4977 2473 5074">
     <span class='ocr_line' id='line_1_78' title="bbox 1199 4977 2473 5074; baseline -0.014 -18"><span class='ocrx_word' id='word_1_503' title='bbox 1199 4992 1689 5074; x_wconf 83' lang='lat' dir='ltr'><strong>patriarcharum</strong></span> <span class='ocrx_word' id='word_1_504' title='bbox 1752 4990 1895 5062; x_wconf 89' lang='lat' dir='ltr'><strong>CP.,</strong></span> <span class='ocrx_word' id='word_1_505' title='bbox 1928 4985 2052 5049; x_wconf 91' lang='lat' dir='ltr'><strong>col.</strong></span> <span class='ocrx_word' id='word_1_506' title='bbox 2081 4982 2195 5045; x_wconf 69' lang='lat'><strong>743</strong></span> <span class='ocrx_word' id='word_1_507' title='bbox 2229 4987 2291 5042; x_wconf 83' lang='lat' dir='ltr'><strong>et</strong></span> <span class='ocrx_word' id='word_1_508' title='bbox 2324 4977 2473 5044; x_wconf 89' lang='lat'><strong>1009</strong></span> 
     </span>
    </p>
   </div>
  </div>
