4148 6334
625 367 728 430 2ί¹5

1934 362 2235 421 SI'MEON
2300 362 2609 424 JUNIOII.

3787 372 3891 432 296

629 481 727 550 μὲν
762 473 854 533 οὐν
890 478 1349 551 ἀπολογήσασθαι
1401 478 1497 532 καὶ
1543 479 1722 530 εἰπεῖν
1777 477 1884 530 ἔδει
1921 478 2056 548 πρὸς
2091 480 2204 539 τοῖς
2238 485 2280 538 Α
2314 497 2415 534 που
2447 481 2547 535 οὐκ
2574 479 2777 545 ἀνέ6η;
2809 480 2903 542 Τίς
2939 482 2993 534 δὲ
3029 481 3123 534 καὶ
3172 484 3286 546 πῶς
3320 483 3493 549 ἔσται,
3544 485 3638 540 καλ⁵
3676 485 3822 538 ἐστιν
3857 487 3888 554 ἡ

632 571 1150 642 ἀντιδιατιθεμένοις
1183 572 1338 642 ήμῖν.

698 662 966 718 XXXVII.
1011 665 1146 732 Περὶ
1185 663 1286 733 τῆς
1342 663 1716 733 παραϐάσεως
1743 663 1836 717 καὶ
1867 663 2084 734 εξορίας
2112 661 2205 714 τοῦ

637 759 830 826 Ἀδάμ.
863 758 928 812 Ρ.
964 757 1119 810 Ἐπεὶ
1159 756 1215 809 δὲ
1265 757 1359 809 καὶ
1395 757 1561 824 νόμον
1609 758 1793 820 αὐτοῖς
1827 758 2082 818 δέδωκεν,
2130 758 2212 808 ἐν·

624 851 950 920 τειλάμενος
977 850 1053 919 μὴ
1083 850 1280 916 φαγεῖν
1316 848 1480 917 μόνου
1512 849 1606 900 τοῦ
1643 849 1826 913 ξύλου.

696 939 989 997 XXXVIII.
1037 943 1171 1009 IIth
1213 941 1310 1010 τῆς
1341 941 1434 994 τοῦ
1483 942 1657 1009 Λόγου
1705 941 2038 1011 σαρκώσεως
2065 980 2079 1003 ,
2115 941 2208 992 καὶ

625 1035 746 1088 τίνα
772 1036 972 1104 τρόπον
1003 1034 1070 1085 δι’
1098 1035 1244 1103 ήμᾶς
1273 1033 1806 1102 ὲσαρκιῑιθη.Ρ.⁰⁷Οτε
1835 1033 1889 1087 δὲ
1917 1036 1944 1085 ό
1968 1030 2209 1098 κολοφὼν

625 1126 923 1196 ἐπληρώθη
952 1124 1053 1192 τῆς
1083 1124 1222 1192 ἄγαν
1251 1126 1473 1187 κακίας.

695 1216 943 1272 XXXIX.
989 1218 1111 1278 Πῶς
1156 1213 1312 1278 αὖθις
1361 1220 1392 1287 ή
1442 1219 1620 1280 κτίσις
1650 1221 1802 1272 πᾶσα
1843 1216 2027 1287 μέλλει
2076 1217 2210 1268 ἀνα-

625 1311 999 1378 καινισθῆναι,
1036 1311 1130 1360 καὶ
1161 1309 1418 1375 γενέσθαι
1460 1309 1646 1361 καινὸν
1677 1310 1908 1379 οὐρανὸν
1947 1308 2039 1360 καὶ
2080 1323 2208 1358 και-

628 1402 723 1471 νὴν
758 1402 864 1470 γῆν
895 1402 1036 1454 κατὰ
1083 1402 1174 1454 τὸν
1210 1401 1352 1454 θεῖον
1381 1403 1733 1456 Ἀπόττολον.
1781 1402 1841 1454 Ρ.
1869 1399 2032 1452 Ἀλλά
2080 1415 2208 1450 σκο-

626 1492 910 1560 πήσωμεν,
945 1491 1060 1555 πῶς
1095 1493 1128 1562 ή
1163 1493 1341 1554 κτίσις
1377 1492 1922 1560 ἀνακαινισθήσεται.

696 1584 810 1638 XL.
843 1585 979 1637 Ποία
1005 1586 1160 1638 ἔσται
1188 1587 1220 1655 ή
1249 1585 1452 1655 ἐσχάτη
1477 1584 1804 1653 λαμπρότης
1834 1582 1934 1650 τῆς
1953 1580 2206 1640 κτίσεως·

622 1678 678 1729 tv
705 1669 748 1742 ᾧ
778 1679 872 1729 καὶ
907 1679 1037 1747 περὶ
1069 1677 1319 1746 ἀγγέλων
1385 1677 1483 1730 καὶ
1523 1676 1723 1744 ψυχῆς.
1758 1672 1820 1728 Ρ.
1851 1672 2208 1741 Καθαρθεῖσα

623 1771 676 1823 δὲ
705 1775 786 1833 εἰς
847 1771 1054 1839 φθοράν
1081 1772 1177 1821 καὶ
1201 1769 1446 1821 δουλείαν
1486 1765 1731 1836 μετήχθη
1762 1769 1824 1836 τῇ
1860 1764 2204 1834 ματαιότητι.

697 1860 833 1914 XLI.
883 1861 1007 1924 Πῶς
1045 1861 1294 1914 ἑνοῦνται
1323 1859 1402 1928 τῷ
1450 1857 1676 1928 Χριστῷ
1712 1861 1807 1911 καὶ
1837 1858 1981 1927 Θεῷ,
2023 1858 2118 1910 καὶ
2152 1856 2208 1906 ἓν

623 1953 864 2020 γίνονται
892 1954 1011 2019 μετ’
1043 1952 1210 2005 αὐτοῦ
1247 1955 1452 2016 πάντες
1482 1954 1531 2005 οί
1562 1953 1729 2020 ἅγιοι.
1776 1953 1836 2008 Ρ.
1865 1951 2208 2022 Ἀρκούντως

623 2039 716 2096 οὖν
753 2043 845 2095 καὶ
875 2043 1084 2106 ίκανῶς
1109 2045 1240 2115 περὶ
1275 2044 1480 2097 τούτων
1513 2045 1781 2107 εἰπόντες.

694 2133 856 2187 XLII.
903 2135 1027 2196 Πῶς
1066 2135 1146 2188 δεῖ
1189 2136 1547 2206 πληρωθῆναι
1577 2137 1668 2189 τὸν
1697 2138 1809 2190 ἀνω
1855 2141 2082 2206 κόσμον,
2119 2135 2210 2188 καὶ

621 2227 807 2288 ὁποῖός
845 2227 931 2289 τίς
975 2228 1132 2291 ἐστι,
1198 2228 1293 2280 καὶ
1339 2230 1460 2281 τίνα
1511 2228 1936 2298 πληρωθήσεται
1986 2229 2208 2298 τρόπον.

621 2313 684 2366 Ρ.
719 2314 882 2366 Ἀλλά
911 2315 1188 2370 πετάσατέ
1228 2333 1318 2379 μοι
1362 2317 1459 2379 τὰς
1488 2318 1658 2379 ἀκοὰς
1704 2318 1798 2371 καὶ
1837 2318 1930 2369 τὸν
1963 2316 2212 2388 ἡγεμόνα

621 2404 768 2460 νοῦν.

693 2496 884 2552 XLIII.
933 2499 1059 2564 ’Ότι
1101 2501 1152 2554 οί
1199 2501 1300 2570 μὲν
1355 2503 1555 2563 πάντες
1604 2503 1654 2553 οἱ
1707 2499 2117 2570 προωρισμένοι
2161 2502 2208 2551 οί

625 2589 769 2643 κατά
803 2591 1000 2656 γενεὰν
1044 2593 1136 2642 καὶ
1167 2591 1361 2658 γενεὰν
1406 2591 1773 2662 τεχθήσονται
1823 2591 1928 2652 ἕως
1970 2591 2208 2658 ἐσχάτης

623 2681 860 2748 ἡμέρας,
895 2680 988 2732 καὶ
1047 2679 1477 2751 πληρωθήσεται
1528 2683 1554 2734 ό
1589 2681 1701 2733 ἀνω
1751 2681 1978 2752 κόσμος.
2013 2680 2076 2734 Ρ.
2108 2681 2208 2731 Τε-

622 2769 823 2842 χθῆναι
849 2770 931 2824 δεῖ
955 2771 1163 2835 πάντας
1188 2773 1314 2834 τούς
1342 2777 1863 2842 προεγνωσμένους.

695 2860 879 2915 XLIV.
922 2865 1016 2924 Εἰς
1048 2863 1106 2914 τὸ
1167 2864 1330 2932 ῥητὸν
1366 2864 1460 2916 τοῦ
1509 2864 1842 2932 Εὐαγγελίου
1872 2882 1886 2895 ·
1934 2867 2199 2936 Ὠμοιώθειξ

624 2955 658 3024 ή
705 2951 958 3023 βασιλεία
1001 2954 1112 3006 τῶν
1145 2953 1394 3024 οὐρανῶν
1427 2955 1662 3023 βασιλεῖ.
1711 2956 1772 3011 Ρ.
1820 2958 1941 3027 Χρὴ
1970 2955 2064 3012 οὖν
2098 2962 2206 3013 ἀπο

620 3045 731 3097 τῶν
760 3043 1134 3110 εὐαγγελικῶν
1169 3047 1432 3115 ῥημάτων
1461 3049 1606 3116 ἡμᾶς
1638 3048 1982 3119 ἐνάρξασθαι.

697 3135 858 3190 XLV.
905 3137 1027 3189 ’Ὁτι
1080 3139 1172 3190 καὶ
1225 3140 1428 3201 πάντες
1473 3141 1522 3190 οἱ
1576 3140 1725 3208 ἅγιοι
1767 3143 1857 3193 τὸν
1909 3142 2081 3210 Λόγον
2109 3144 2202 3196 τοῦ

623 3228 760 3281 Θεοῦ
799 3231 855 3281 tv
898 3230 1112 3291 ἑαυτοῖς
1146 3230 1590 3296 συλλαμϐάνουσι
1625 3235 1695 3301 τῇ
1728 3231 1979 3301 Θεοτόκῳ
2026 3250 2206 3303 παρα-

625 3321 889 3392 πλησίως,
933 3322 1028 3375 καὶ
1077 3323 1342 3389 γεννῶσιν
1397 3324 1582 3389 αὐτὸν,
1635 3325 1729 3376 καὶ
1779 3326 2079 3391 γεννῶνται
2116 3329 2205 3379 ὐπ’

622 3411 811 3476 αὐτοῦ,
843 3412 934 3465 καὶ
964 3414 1223 3480 γεννᾶται
1280 3415 1335 3466 tv
1382 3415 1566 3477 αὐτοῖς
1591 3430 1604 3444 ·
1656 3415 1751 3466 καὶ
1789 3415 1905 3476 πῶς
1941 3415 2066 3479 υἱοὶ,
2116 3417 2206 3466 καὶ

621 3503 867 3571 ἀδελφοὶ,
925 3504 1021 3557 καὶ
1060 3505 1301 3573 μητέρες
1336 3505 1502 3557 αὐτοῦ
1535 3504 1956 3574 χρηματίζουσι.
1996 3504 2058 3558 Ρ.
2087 3505 2206 3557 Ἐν-

622 3595 800 3649 ταῦθά
832 3612 922 3663 μοι
951 3594 1012 3647 τὸ
1038 3597 1225 3649 καινὸν
1249 3597 1343 3648 τοῦ
1375 3597 1654 3666 νοήματος
1680 3616 1694 3628 ο
1724 3597 1865 3650 διατί
1895 3614 1908 3664 ;

691 3686 876 3743 XLVI.
921 3688 1013 3751 Εἰς
1051 3689 1112 3740 τὸ
1149 3690 1312 3759 ῥητὸν
1347 3689 1442 3741 τοῦ
1496 3689 1832 3758 Εὐαγγελίου
1859 3732 1873 3756 ,
1938 3693 2045 3745 Καὶ
2099 3692 2208 3745 ἀπ-

620 3779 826 3831 έστειλε
883 3782 1009 3842 τοὺς
1040 3778 1259 3842 δούλους
1289 3779 1453 3832 αὐτοῦ
1509 3781 1738 3832 καλέσαι
1771 3783 1898 3842 τοὺς
1935 3783 2208 3852 κεκλημέ-

621 3886 743 3932 νους
765 3873 844 3933 είς
860 3873 987 3931 τοὺς
1008 3872 1246 3938 γάμους,
1273 3872 1370 3924 καὶ
1396 3873 1497 3923 οὐκ
1523 3871 1716 3940 ἤθελον
1735 3871 1929 3925 ἐλθεῖν.
1954 3873 2011 3926 P.
2036 3873 2207 3926 T0610

621 3960 805 4014 τοίνυν
839 3960 900 4012 τὸ
928 3960 1039 4012 τῶν
1070 3961 1269 4031 γάμων
1313 3963 1638 4031 μυστήριον,
1701 3963 1729 4014 ὃ
1784 3961 1861 4023 τῷ
1910 3965 2208 4031 Μονογενεί

621 4050 810 4103 αὐτοῦ.

692 4141 902 4196 XLVII.
948 4143 1071 4196 Ὅτι
1107 4144 1166 4195 οὐ
1213 4143 1319 4214 χρὴ
1386 4145 1494 4215 πρὸ
1524 4146 1622 4215 τῆς
1673 4147 1936 4216 ἐργασίας
1974 4146 2082 4198 τῶν
2123 4148 2207 4199 ἑν-

617 4232 810 4295 τολῶν,
841 4234 936 4285 καὶ⁸
969 4234 1071 4302 τῆς
1126 4238 1203 4294 είς
1246 4235 1453 4304 ἀρετὴν
1498 4237 1809 4305 προκοπῆς,
1857 4222 2204 4305 τελειότητος

618 4323 688 4376 τὰ
710 4325 1081 4393 κεκρυμμένα
1109 4326 1388 4394 μυστήρια
1415 4327 1511 4395 τῆς
1539 4326 1814 4390 βασιλείας
1834 4328 1940 4378 τῶν
1958 4328 2206 4393 οὐρανῶν

621 4416 846 4483 ὲρευνᾷν
870 4415 978 4465 τῶν
1007 4414 1270 4482 ἀμυήτων
1308 4416 1452 4476 τινὰ,
1490 4421 1586 4468 καί
1619 4419 1700 4467 ὅτι
1752 4420 1809 4467 tv
1843 4417 1908 4485 τῇ
1972 4417 2206 4487 δευτέρᾳ

618 4504 714 4557 τοῦ
746 4504 958 4575 Κυρίου
992 4505 1209 4557 ἐλεύσει
1240 4509 1444 4569 πάντες
1470 4507 1734 4576 ἀλλήλους
1769 4509 2129 4576 γνωρίζουσιν
2155 4511 2201 4558 οί
2237 4539 2279 4590 D

619 4598 788 4663 ἅγιοι.
849 4598 906 4651 Ρ.
981 4597 1290 4668 Τοιγαροῦν
1352 4599 1606 4668 ἐάσωμεν
1666 4600 1764 4662 τὰς
1825 4602 2060 4665 ματαίας
2109 4602 2201 4650 καὶ

618 4687 920 4756 ἀνωφελεῖς
955 4691 1304 4759 συζητήσεις.

693 4779 928 4834 XLVIII.
974 4782 1390 4852 Προτρεπτικὸς
1436 4786 1500 4836 ὲκ
1534 4787 1843 4854 προοιμίων
1906 4784 1988 4846 είς
2033 4785 2200 4852 μετά-

620 4888 791 4937 νοιαν,
822 4874 917 4923 καὶ
974 4876 1051 4935 είς
1083 4876 1141 4925 τὸ
1171 4876 1332 4943 τζητὺν
1376 4875 1472 4928 τοῦ
1508 4875 1859 4940 Ἀποστόλου,
1928 4875 2033 4938 Οὒς
2064 4891 2200 4943 προ-

621 4964 786 5027 έγνω,
825 4961 1047 5023 τούτους
1081 4965 1176 5015 καὶ
1207 4965 1508 5034 προώρισε,
1544 4969 1639 5020 καὶ
1675 4970 1753 5030 είς
1803 4968 1870 5020 τὰ
1902 4968 2030 5036 ἑξῆς
2054 4985 2068 4999 ο
2109 4969 2202 5019 καὶ

622 5053 765 5104 κατά
823 5053 930 5104 τῶν
988 5054 1397 5123 στρεϐλούντων
1432 5059 1564 5110 αὐτό
1617 5077 1676 5112 τε
1740 5061 1835 5112 καὶ
1886 5063 2068 5113 πᾶσαν
2103 5060 2203 5130 τὴν

619 5143 772 5195 θείαν
831 5145 1074 5216 Γραφήν.
1139 5146 1200 5200 Ρ.
1259 5148 1495 5210 Πολλοὺς
1531 5152 1746 5220 ἀκήκοα
1795 5151 2052 5219 λέγοντας
2096 5152 2202 5204 τῶν

620 5233 944 5302 ἀνθρώπων,
977 5238 1305 5310 Ἐπειδήπερ
1331 5243 1516 5309 φασὶν,
1553 5241 1660 5304 Οὓς
1693 5246 1944 5312 προέγ.ω
1980 5247 2005 5296 ὀ
2048 5245 2198 5306 Θεός.

694 5322 885 5380 XLIX.
926 5328 1021 5390 EI;
1053 5330 1113 5382 τὸ
1144 5332 1307 5400 ῥητὸν
1338 5333 1432 5385 τοῦ
1468 5334 1821 5398 Ἀποστόλου,
1853 5340 1908 5386 tv
1934 5330 1975 5402 ᾧ
2003 5336 2151 5403 λέγει
2185 5353 2198 5366 ο

625 5419 734 5469 Καὶ
782 5416 923 5473 εἶδον
956 5423 1047 5472 τὸν
1083 5423 1328 5475 τοιοῦτον
1381 5427 1460 5487 είς
1521 5425 1706 5494 τρίτον
1757 5426 1988 5494 οὐρανὸν
2025 5427 2202 5494 ἁρπα-

620 5509 808 5576 γέντα,
826 5513 923 5565 καὶ
950 5513 1267 5571 ἀκούσαντα
1291 5517 1508 5588 ἄρρητα
1536 5519 1783 5587 ῥήματα,
1806 5518 1840 5569 ἂ
1864 5519 1964 5570 οὐκ
1991 5518 2202 5582 ἔξεστιν

620 5599 894 5674 ἀνθρώπῳ
923 5604 1168 5661 ἀκούειν.
1199 5607 1262 5659 Τί
1305 5604 1400 5661 οῦν
1438 5609 1575 5660 εἰσιν
1598 5608 1631 5661 ἃ
1657 5609 1900 5677 ἀκήκοεν
1930 5610 1958 5660 ό
1990 5608 2199 5670 Παῦλος

622 5695 837 5767 ἄρρητα
870 5700 1125 5770 ρήματα;
1160 5701 1296 5755 Τίνα
1329 5702 1384 5755 δὲ
1415 5701 1486 5755 τὰ
1515 5701 1695 5771 ἀγαθά
1731 5701 1765 5756 ἃ
1795 5701 2072 5771 ὀφθαλμὸς
2099 5702 2201 5753 οὐκ

622 5786 786 5856 εῖδεν,
832 5795 925 5845 καὶ
957 5793 1047 5856 οὓς
1076 5795 1176 5849 οὐκ
1217 5795 1444 5865 ἤκουσε,
1481 5796 1574 5850 καὶ
1601 5796 1693 5848 ἐπὶ
1727 5794 1956 5864 καρδίας
1985 5793 2199 5863 ἀνθρώ-

2315 572 2394 634 είς
2431 572 2577 641 ἡμᾶς
2625 569 2716 622 τοῦ
2769 572 2904 624 Θεοῦ
2971 573 3238 641 βασιλεία,
3296 575 3390 628 καὶ
3419 577 3502 638 τίς
3547 578 3577 646 ή
3635 577 3692 630 tv
3755 579 3888 647 ήμῖν

2308 664 2514 732 ταύτης
2559 663 2842 732 ὲνέργεια;
2899 665 2958 717 Ι).
3001 665 3336 736 Ἐπειδήπερ
3378 667 3677 738 διαρρήδην
3718 671 3745 720 ό
3781 668 3890 718 τῶν

2311 755 2568 808 ἁπάντων
2597 754 2901 821 Δεσπότης,
2953 757 3048 807 καὶ
3081 757 3433 828 καθεκάστην
3485 759 3573 811 διὰ
3623 758 3731 811 τῶν
3781 758 3857 810 Εὐ

2310 848 2583 916 αγγελίων
2619 847 2736 918 βοᾷ.

2386 939 2449 991 L.
2496 941 2628 1007 Περὶ
2656 939 2953 1005 ἀπαθείας,
2988 943 3225 995 καὶτῶν
3274 946 3331 996 ἐν
3380 945 3516 1014 αὐτῇ
3565 943 3704 996 κατὰ
3755 957 3892 1013 προ-

2314 1031 2490 1098 κοπὴν
2515 1032 2876 1099 χαρισμάτων
2905 1034 2997 1084 καὶ
3021 1031 3243 1100 δωρεῶν
3273 1052 3283 1064 ·
3315 1037 3409 1087 καὶ
3436 1036 3516 1097 τίς
3550 1036 3582 1102 ή
3609 1034 3890 1094 τελείωσις

2312 1124 2409 1193 τῆς
2446 1124 2589 1176 κατὰ
2621 1125 2857 1193 Χριστὸν
2892 1129 3278 1195 πνευματικῆς
3311 1128 3548 1196 ἡλικίας.
3587 1127 3646 1181 Ρ.
3675 1127 3892 1192 Ὥσπερ

2314 1217 2341 1266 ό
2404 1216 2482 1284 τῷ
2549 1216 2923 1285 λαμπροτάτῳ
2969 1216 3104 1284 ήλίῳ
3167 1218 3502 1282 ὲνατενίςειν
3565 1216 3894 1286 βουλόμενος

2313 1307 2590 1375 καθαροὺς
2619 1310 2824 1375 ὀφείλει

2387 1397 2471 1449 LI.
2503 1399 2636 1466 Περὶ
2662 1401 2770 1452 τῶν
2795 1401 3060 1470 οἰομένων
3095 1401 3390 1470 ἀγνώστως
3421 1403 3566 1471 ἔχειν
3595 1404 3650 1454 tv
3677 1403 3895 1462 ἑαυτοῖς

2311 1486 2371 1538 τὸ
2422 1491 2648 1558 Πνεῦμα
2699 1493 2757 1544 τὸ
2793 1492 2965 1558 ἅγιον,
3025 1493 3098 1561 μὴ
3141 1493 3623 1563 ὲπαισθανομένων
3665 1493 3722 1545 δὲ
3758 1490 3895 1546 καθ⁴

2311 1580 2434 1630 όλου
2479 1583 2573 1649 τῆς
2626 1585 2905 1651 ἐνεργείας
2936 1585 3132 1637 αὐτοῦ’
3165 1587 3260 1638 καὶ
3308 1585 3436 1656 περὶ
3479 1585 3586 1638 τῶν
3621 1583 3893 1651 λεγόντων

2318 1671 2391 1739 μὴ
2422 1671 2684 1724 δύνασθαί
2708 1691 2830 1725 τινα
2857 1674 2962 1726 τῶν
2987 1674 3295 1745 ἀνθρώπων
3321 1676 3462 1728 κατά
3482 1676 3580 1742 τὴν
3604 1673 3891 1745 παροῦσαν

2315 1761 2458 1832 ζωὴν
2519 1765 2651 1833 όρᾷν
2702 1767 2800 1835 τὴν
2853 1767 3013 1831 δόξαν
3063 1767 3266 1820 αὐτοῦ·
3330 1770 3424 1821 καὶ
3481 1765 3758 1831 ἀπόδειξις
3804 1765 3896 1818 διὰ

2313 1857 2565 1922 χρήσεων
2595 1856 2723 1924 περὶ
2758 1855 2950 1906 τούτου
2974 1873 2986 1885 ·
3029 1858 3125 1909 καὶ
3156 1860 3239 1909 ὅτι
3272 1859 3466 1926 φθόνος
3494 1859 3670 1920 οὐδεὶς
3697 1860 3754 1910 tv
3780 1858 3896 1919 τοῖς

2313 1946 2514 2012 ἁγίοις,
2547 1947 2675 1998 ὅταν
2724 1945 2814 2000 διὰ
2845 1947 3028 2016 πάσης
3066 1949 3308 2017 σπουδῆς
3356 1950 3619 2021 ἐναρέτου
3679 1950 3896 2010 τούτοις

2314 2036 2725 2106 συνεξισώμεθα
2746 2055 2760 2068 ·
2813 2039 2905 2092 καὶ
2935 2040 3075 2109 ποίῳ
3101 2040 3284 2109 τρόπῳ
3342 2041 3446 2110 ὁρᾷ
3499 2057 3583 2103 τις
3618 2041 3708 2091 τὸν
3738 2039 3892 2103 Θεὸν,

2313 2128 2466 2181 ἔνθεν
2493 2131 2593 2199 ήδη
2634 2133 2849 2200 μυεῖται
2882 2133 2978 2185 καὶ
3025 2133 3123 2202 τὴν
3150 2132 3451 2201 μέλλουσαν
3484 2132 3703 2202 δοθῆναι
3727 2133 3786 2185 tv
3816 2131 3896 2201 τῷ

2316 2221 2565 2291 μέλλοντι
2596 2225 2709 2284 τοῖς
2749 2222 2928 2289 ἀγίοις
2985 2223 3312 2287 ἀπόλαυσιν,
3376 2224 3469 2276 καὶ
3502 2223 3584 2275 ὅτι
3637 2224 3736 2275 ὅσα
3770 2222 3835 2275 ἂν
3868 2223 3898 2274 ὁ

2310 2314 2554 2377 τοιοῦτος
2586 2314 2739 2386 λέγῃ.
2772 2317 2802 2385 ἢ
2856 2318 3008 2386 ποιῇ,
3058 2315 3091 2386 ἢ
3146 2317 3358 2388 γράφῃ,
3393 2317 3494 2369 οὐκ
3526 2316 3707 2378 αὐτὸς,
3751 2314 3892 2367 ἀλλά

2311 2404 2371 2456 τὸ
2403 2405 2628 2470 Πνεῦμα
2657 2402 2716 2455 τὺ
2747 2403 2901 2470 ᾶγιον
2939 2405 2998 2456 τὸ
3031 2403 3228 2457 λαλοῦν
3252 2407 3309 2457 tv
3343 2405 3494 2475 αὐτῷ
3520 2404 3692 2456 ταῦτα
3719 2403 3892 2469 λέγει,

2311 2496 2407 2546 καὶ
2461 2495 2700 2564 γράφει·
2763 2497 2858 2548 καὶ
2913 2499 2940 2547 ὁ
2997 2497 3128 2556 τοὺς
3184 2497 3376 2564 λόγους
3409 2495 3573 2549 αὐτοῦ
3624 2495 3894 2563 ἀθετῶνή

2311 2585 2819 2656 παραλογιζόμενος
2863 2587 2940 2648 είς
2983 2581 3043 2639 τδ
3072 2588 3296 2655 Πνεῦμα
3338 2588 3430 2640 τοῦ
3460 2587 3597 2640 Θεοῦ
3644 2585 3703 2638 τὸ
3735 2587 3894 2654 ὲνερ·

2311 2678 2441 2745 γοῦν
2476 2681 2569 2730 καὶ
2591 2677 2788 2731 λαλοῦν
2817 2679 2873 2730 tv
2899 2677 3049 2746 αὐτῷ
3086 2679 3528 2749 ἀμαρτάνει,καὶ
3551 2678 3891 2747 βλασφημεῖ.

2311 2772 2370 2826 Ρ.
2403 2772 2535 2824 Ἰδοὺ
2588 2772 2682 2823 καὶ
2744 2770 2902 2823 πάλιν
2959 2769 3071 2838 ἐγὼ
3124 2773 3259 2840 πρὸς
3291 2771 3415 2834 τούς
3447 2770 3710 2836 λέγοντας
3743 2768 3896 2837 ἔχειν

2317 2859 2605 2927 ἀγνώστως
2632 2859 2854 2928 Πνεῦμα
2879 2857 3032 2912 Θεοῦ.

2384 2953 2493 3007 LII.
2540 2954 2670 3019 Περὶ
2691 2952 2959 3014 ἀπαθείας
2994 2952 3085 3004 καὶ
3116 2950 3374 3020 ἐναρέτου
3407 2947 3585 3020 ζωῆς⁸
3613 2948 3892 3009 καὶλὸπως

2311 3045 2416 3113 χρὴ
2463 3043 2523 3094 τὸ
2558 3043 2758 3094 οἰκεῖον
2791 3042 3083 3095 ἐκκόπτειν
3118 3041 3353 3110 θέλημα,
3381 3041 3476 3093 καὶ
3515 3042 3592 3100 είς
3622 3038 3754 3107 ὕψος
3794 3040 3892 3092 ἀν-

2261 3175 2277 3194 ,
2313 3137 2567 3205 έρχεσθαι
2595 3135 2948 3202 τελειότητος,
2973 3136 3066 3186 καὶ
3093 3136 3221 3203 περὶ
3265 3135 3563 3200 συναφείας
3594 3131 3730 3184 Θεοῦ
3757 3132 3894 3201 πρὸς

2311 3229 2487 3298 ψυχὴν
2553 3227 2646 3279 καὶ
2693 3227 2869 3295 ψυχῆς
2927 3227 3062 3296 πρὸς
3099 3226 3281 3294 σῶμα,
3335 3227 3430 3279 καὶ
3482 3224 3729 3286 ὲνώσεως
3780 3222 3893 3275 τῶν

2313 3319 2480 3388 τριῶν
2524 3319 2828 3388 παραδόξου
2856 3334 2870 3347 ·
2926 3327 3019 3369 καὶ
3077 3322 3214 3387 πρὸς
3248 3319 3460 3381 τούτοις
3509 3317 3896 3386 πνευματικῆς

2315 3409 2591 3477 ἰατρείας·
2641 3409 2733 3459 κῖιῖ
2762 3410 2906 3468 ὅπως
2952 3409 3058 3476 χρὴ
3100 3409 3434 3476 θεραπεύειν
3479 3408 3603 3468 τοὺς
3641 3405 3894 3474 ψυχικῶς

2312 3500 2695 3560 ἀσθενοῦντας.
2739 3498 2797 3549 Ρ.
2860 3498 3086 3560 Πολλοῖς
3137 3501 3250 3560 τοῖς
3311 3499 3367 3550 tv
3403 3499 3592 3567 κόσμῳ
3627 3496 3894 3558 πολλάκις

2312 3593 2746 3663 προσομιλήσας,
2771 3592 2863 3645 καί
2897 3610 3058 3644 τινων
3094 3593 3448 3661 συζητήσεων
3477 3590 3817 3659 ἀναμετσξύ.

2383 3685 2513 3739 LIII.
2558 3686 2692 3754 Περὶ
2725 3685 2833 3736 τῶν
2861 3684 3322 3754 δουλευόντωντῷ
3350 3684 3491 3752 Θεῷ,
3521 3685 3666 3745 τίνες
3691 3701 3750 3736 τε
3779 3678 3893 3735 εἷεν

2310 3778 2404 3831 καὶ
2438 3778 2612 3829 ὁποῖοι
2649 3778 2741 3829 καὶ
2773 3777 3010 3830 ποταποί
3037 3794 3049 3807 ο
3078 3779 3172 3828 καὶ
3211 3777 3292 3842 ,τίς
3344 3778 3493 3828 ἐστιν
3518 3777 3545 3828 ό
3589 3775 3892 3844 μετανοῶν.

2311 3872 2402 3921 καὶ
2439 3870 2734 3938 ήὲργασία
2777 3869 2943 3920 αὐτοῦ
2968 3885 2979 3897 ο
3017 3871 3111 3920 καὶ
3158 3869 3242 3930 τίς
3286 3869 3432 3919 ἐστιν
3472 3871 3499 3920 ὁ
3527 3868 3624 3936 τὴν
3657 3871 3890 3937 ἀσκητι-

2313 3961 2413 4030 κὴν
2452 3960 2595 4028 ζωὴν
2625 3960 3051 4028 μετερχόμενος,
3090 3959 3244 4028 καλή
3287 3959 3522 4025 ἐργασία
3557 3957 3754 4010 αὐτοῦ’
3798 3958 3894 4010 καὶ

2310 4052 2395 4112 τίς
2427 4050 2700 4102 δουλεύων
2736 4049 2879 4118 Θεῷ,
2918 4051 3013 4101 καὶ
3041 4049 3100 4101 τὸ
3138 4048 3297 4118 ἔργον
3329 4048 3497 4101 αὐτοῦ
3520 4063 3534 4078 ·
3573 4049 3665 4100 καὶ
3695 4049 3791 4101 ἐὰν
3818 4049 3893 4118 μὴ

2307 4144 2407 4206 τὰς
2445 4145 2645 4211 ἀρετὰς
2677 4141 3029 4211 κτησώμεθα,
3091 4142 3246 4194 οὐδὲν
3300 4142 3451 4209 ἡμᾶς
3514 4143 3545 4211 ή
3585 4141 3887 4210 ἀπαλλαγὴ

2313 4236 2448 4304 μόνη
2511 4235 2619 4287 τῶν
2672 4235 2860 4286 παθῶν
2914 4233 3214 4301 ὠφελήσει.
3266 4234 3328 4287 Ρ.
3374 4234 3712 4302 Ἐπειδήπερ
3765 4234 3891 4285 ὅσον

2309 4328 2417 4379 ἀπὸ
2453 4328 2545 4378 τοῦ
2584 4328 2727 4379 θείου
2768 4328 3150 4396 βαπτίσματος
3200 4325 3572 4395 Χριστιανοὺς
3603 4327 3752 4394 ήμᾶς
3795 4325 3894 4378 αὐ-

2309 4419 2434 4478 τοὺς
2462 4417 2585 4484 δίχα
2616 4419 2722 4468 τῶν
2757 4418 2962 4484 ἔργων.

2385 4505 2519 4559 LIV.
2560 4509 2694 4576 Περὶ
2727 4508 2949 4576 ἀγάπης
2999 4510 3092 4558 καὶ
3134 4506 3408 4570 πίστεως·
3450 4506 3545 4558 καὶ
3603 4508 3751 4568 ὅπως
3805 4525 3890 4569 τις

2311 4598 2572 4666 ἐγκύμων
2611 4601 2824 4666 γίνεται
2866 4599 2966 4667 τῆς
2996 4598 3089 4649 τοῦ
3136 4597 3271 4649 Θεοῦ
3322 4599 3544 4667 ἀγάπης
3573 4637 3586 4660 ,
3619 4598 3715 4648 καὶ
3760 4600 3889 4667 περὶ

2309 4688 2634 4756 ἐλλάμψεως
2663 4692 2757 4740 καὶ
2810 4689 3043 4757 θεωρίας
3079 4689 3276 4757 φωτὸς,
3309 4690 3401 4740 καὶ
3460 4692 3730 4757 μυστικῆς
3763 4691 3890 4758 ὁμι-

2307 4785 2430 4845 λίας
2467 4783 2559 4836 τοῦ
2588 4781 2926 4850 Πνεύματος.
2961 4781 3019 4834 Ρ.
3061 4781 3120 4831 Εἰ
3153 4781 3300 4831 δοκεῖ
3329 4778 3888 4848 τοίνυν,,ἁκούσωμεν

2306 4880 2401 4929 τοῦ
2439 4878 2693 4944 Σωτῆρος
2734 4873 2892 4942 ήμῶν
2932 4872 3068 4923 Θεοῦ
3109 4871 3410 4941 διαρρήδην
3472 4869 3726 4939 βοῶντος,
3791 4870 3888 4922 καὶ

2307 4966 2576 5032 λέγοντος.

2383 5057 2493 5111 LV.
2535 5056 2673 5125 IIth
2697 5053 2953 5121 γνώσεως
2984 5052 3246 5122 ἀληθινῆς
3271 5069 3286 5085 ο
3321 5055 3414 5105 καὶ
3456 5054 3590 5124 ὁτιή
3629 5054 3720 5106 τοῦ
3749 5055 3884 5124 Θεοῦ

2307 5151 2511 5218 γνῶσις
2562 5149 2663 5198 οὐκ
2699 5148 2763 5198 ὲκ
2805 5146 3167 5213 μαθημάτων,
3223 5145 3338 5197 ἀλλ’
3391 5149 3453 5198 ἐκ
3504 5147 3886 5215 καθαρότητος

2308 5246 2401 5298 καὶ
2430 5243 2527 5309 τῆς
2570 5239 2776 5291 ἄνωθεν
2814 5238 3036 5308 χάριτος
3093 5238 3393 5305 ἐπιγίνεται
3444 5237 3522 5307 τῷ
3583 5239 3885 5307 σπουδαίῳ,

2311 5336 2418 5388 Καὶ
2459 5335 2541 5385 ὅτι
2590 5329 2827 5400 χαλεπὸν
2857 5331 2915 5380 τὸ
2945 5329 3150 5397 κρίνειν
3177 5345 3191 5359 ⁸
3227 5330 3323 5380 καὶ
3363 5330 3586 5398 ἐλεγχος
3617 5333 3727 5381 τῶν
3773 5332 3886 5381 οίο-

2310 5425 2488 5493 μένων
2516 5422 2717 5474 εἰδέναι
2743 5421 2812 5472 τὰ
2843 5419 2933 5473 τοῦ
2971 5419 3288 5488 Πνεύματος
3319 5423 3488 5490 χωρὶς
3521 5421 3840 5489 Πνεύματος
3869 5439 3882 5452 ’

2307 5520 2364 5569 tv
2389 5510 2430 5583 ᾧ
2463 5516 2558 5568 καὶ
2595 5515 2725 5583 περὶ
2756 5513 2855 5581 τῆς
2888 5514 2983 5564 τοῦ
3029 5513 3348 5580 Πνεύματο;
3406 5513 3740 5579 ἁγιωσύνης.
3777 5514 3887 5565 Καὶ

2307 5605 2418 5663 οἷον
2449 5608 2654 5675 ἀγαθόν
2680 5610 2827 5659 ἐστιν
2856 5609 2887 5675 ή
2917 5607 3121 5671 πίστις,
3186 5608 3279 5659 καὶ
3312 5608 3394 5669 τίς
3451 5609 3478 5658 ὁ
3518 5607 3723 5674 ταύτης
3749 5623 3887 5676 καρ-

2308 5705 2434 5764 πδς,
2470 5704 2563 5754 καὶ
2593 5703 2745 5762 ὅπως
2793 5701 3081 5766 αὐξάνεται
3109 5716 3121 5730 ·
3165 5706 3256 5751 καί
3290 5701 3374 5752 ὅτι
3404 5702 3453 5752 οἱ
3478 5699 3570 5752 τὸν
3605 5701 3884 5771 θησαυρὸν

2310 5797 2365 5847 tv
2395 5795 2607 5856 ἑαυτοῖς
2634 5795 2926 5863 ἐσχηκότες
2962 5794 3058 5845 τοῦ
3097 5794 3438 5859 Πνεύματος,
3475 5790 3567 5841 καὶ
3602 5793 3662 5841 tv
3699 5791 3884 5855 ἄλλοις
