4164 6342
211 384 319 453 297

1662 386 1922 447 ΝΟἹἸἹἸ
1935 387 1996 442 Α.

3345 386 3446 448 208

214 511 342 562 δντα
373 506 756 575 γνωρίζουσιν.
811 507 918 559 Καὶ
974 507 1092 561 τίνα
1127 508 1229 561 τῶν
1262 508 1428 576 ἁγίων
1460 512 1528 564 τὰ
1560 512 1784 579 σημεῖα,
1813 506 1863 564 Α
1890 503 1950 557 Ρ.
1993 504 2048 556 '0
2081 505 2340 568 συνιέναι,
2363 503 2457 556 καὶ
2489 503 2720 556 συνιδεῖν
2751 504 3017 576 ε-ινηθεὶς,
3046 505 3126 557 ὅτι
3160 509 3360 574 γυμνὸς
3385 513 3445 561 ἐκ

211 602 304 652 καὶ
336 599 454 658 πῶς
485 599 579 649 καὶ
631 597 740 649 τίσι
788 597 1174 667 γνωρίζονται·
1214 602 1306 655 καὶ
1345 603 1425 655 δτι
1476 605 1502 655 6
1547 603 1621 670 μὴ
1665 615 1785 668 γεν-

214 689 394 757 νηθεὶς
427 687 664 752 ἀνωθεν,
705 687 764 739 ού
815 688 1036 743 δύναται
1089 692 1217 745 ἰδεῖν
1273 692 1364 744 τὸν
1415 693 1783 762 γεγεννηκότα

212 781 366 844 Θεὸν,
420 779 544 831 οὐδὲ
580 781 843 849 γνωρίσαι
899 783 988 836 τὸν
1017 785 1098 846 είς
1137 785 1294 838 τοῦτο
1328 784 1644 852 πεφθακότα
1698 782 1784 834 διὰ

211 869 307 920 τοῦ
331 868 678 937 Πνεύματος.
706 871 766 924 Ρ.
805 870 918 923 Νὗν
948 873 1223 948 εὐκαίρως
1257 874 1421 927 καλὸν
1447 874 1622 925 είπεῖν
1650 871 1784 940 μετᾶ

209 958 304 1009 τοῦ
339 957 524 1022 Δαυῖδ,
554 959 647 1012 καὶ
667 961 809 1014 οὕτω
837 963 1209 1034 ’γεγωνότερον
1237 962 1588 1031 φθέγξασθαι.

279 1051 417 1106 LVI.
450 1053 590 1123 Περὶ
618 1054 720 1123 τῆς
749 1052 989 1123 φοϐερᾶς
1050 1053 1143 1107 τοῦ
1187 1055 1393 1122 Κυρίου
1447 1056 1660 1123 ἡμέρας
1693 1052 1784 1104 καὶ

208 1143 312 1212 τῆς
345 1143 652 1213 μελλούσης
678 1143 949 1213 κρίσεως-⁸
993 1144 1076 1197 ὅτι
1127 1146 1221 1198 καὶ
1254 1144 1360 1213 πρὸ
1412 1143 1504 1196 τοῦ
1553 1144 1782 1198 Θανάτου

209 1237 268 1286 ἰν
303 1237 438 1304 ἡμῖν
473 1235 627 1289 ἔνθεν
660 1237 763 1306 ἤδη
795 1235 1216 1305 καθαιρομένοις
1267 1235 1354 1288 διά
1389 1235 1642 1305 δακρύων
1701 1237 1785 1285 ὲν-

207 1327 460 1394 εργεῖται
488 1343 504 1360 ι
553 1325 646 1379 καὶ
677 1327 733 1378 ὲν
766 1320 846 1388 οἷς
885 1327 951 1379 ἂν
986 1326 1281 1396 ἐγγένηται
1331 1327 1473 1378 κατά
1523 1327 1620 1396 τὴν
1688 1342 1784 1376 πα-

207 1412 410 1484 ροῦσαν
441 1415 606 1485 ζωὴν,
643 1415 784 1469 κατά
814 1416 911 1484 τὴν
949 1415 1251 1484 μέλλουσαν
1280 1417 1378 1485 οὐχ
1411 1415 1644 1486 ὑπαντᾷ.
1672 1417 1780 1468 Καὶ

203 1505 287 1566 τίς
325 1506 480 1557 ἐστιν
513 1507 545 1574 ὴ
579 1507 762 1574 ἡμέρα
809 1507 1039 1575 Κυρίου,
1095 1508 1190 1560 καὶ
1246 1508 1388 1560 τίσιν
1423 1508 1620 1578 αἴφνης
1649 1509 1780 1559 dmo—

204 1595 572 1655 καλύπτεται.
594 1597 687 1648 καί
714 1597 794 1649 ὅτι
819 1599 850 1665 ὴ
880 1597 959 1658 είς
987 1597 1221 1666 Χριστὸν
1247 1599 1428 1661 πίστις
1460 1600 1521 1650 ού
1559 1599 1778 1652 δύναται

206 1682 346 1751 μόνη
380 1684 555 1735 σῶσαι
585 1685 756 1752 ἡμᾶς,
799 1685 849 1736 εί
875 1685 950 1754 μὴ
976 1686 1068 1737 καὶ
1104 1686 1260 1753 ἀγίου
1293 1688 1609 1756 Πνεύματος
1643 1707 1782 1756 γνω-

204 1774 349 1833 στῶς
387 1773 683 1842 γενώμεθα
716 1775 934 1844 μέτοχοι
961 1793 975 1806 ο
1027 1778 1122 1828 καὶ
1167 1778 1248 1829 ὅτι
1280 1777 1338 1830 ού
1380 1779 1581 1841 πάντες
1608 1781 1656 1832 οἱ
1687 1780 1780 1848 βα-

1887 593 1980 645 τοῦ
2017 595 2090 665 μὴ
2119 594 2270 656 ὄντος
2294 595 2615 665 παραχθείς.

1958 683 2091 737 LXI.
2135 686 2272 755 Περὶ
2303 687 2557 756 ἡσυχίας,
2583 689 2675 740 καὶ
2725 687 2915 749 ὁποίας
2945 689 3211 758 ἐργασίας
3244 691 3446 759 ὀφείλει

1887 775 2106 842 ἔχεσθαι
2136 778 2162 828 6
2186 779 2242 828 ὲν
2267 777 2435 847 ταύτῃ
2467 778 2726 848 ἀνδρείως
2760 781 3207 850 προσκαρτερῶν.
3231 779 3293 835 Ρ.
3315 781 3447 850 Περὶ

1889 866 1985 934 τῆς
2019 867 2356 937 τελειοτέρας
2392 869 2499 921 τῶν
2548 870 2756 940 ἀρετῶν
2787 872 2941 940 ὀλίγα
2973 873 3093 925 τινὰ
3133 873 3444 943 προθυμού-

1893 972 2048 1022 μενος
2083 956 2280 1020 εἰπεῖν,
2317 957 2519 1025 Δέομαι
2554 961 2732 1028 ἡμῶν,
2783 963 3032 1026 ἀνοίξατέ
3074 981 3159 1034 μοι
3210 966 3276 1018 τά
3308 957 3441 1017 ὦτα.

1960 1047 2120 1102 LXII.
2165 1048 2300 1118 Περὶ
2347 1050 2824 1120 ἐξομολογήσεως,
2872 1054 3012 1122 πρὸς
3043 1073 3162 1108 τινα
3191 1057 3442 1126 γράφεις,

1886 1140 2076 1191 τέκνον
2110 1139 2277 1192 αὑτοῦ
2309 1141 2680 1208 πνευματικὸν
2705 1143 2964 1207 δντα,κα“ι
2991 1144 3130 1208 τίνες
3164 1147 3269 1214 ἄρα
3305 1147 3444 1199 είσὶν

1888 1232 1935 1283 οί
1969 1230 2069 1298 τὴν
2100 1231 2475 1320 ὲξουσίανλοῦ
2506 1232 2725 1300 δεσμεῖν
2773 1236 2868 1286 καὶ
2900 1234 3044 1287 λύειν
3079 1240 3444 1311 ἁμαρτήματα

1887 1322 2163 1385 λαϐόντες.
2227 1322 2282 1375 Ρ.
2316 1323 2618 1386 Ἐπέταξας
2649 1327 2714 1394 τῇ
2748 1326 2993 1396 εὐτελείᾳ
3024 1329 3199 1397 ἡμῶν,
3238 1333 3439 1400 Πάτερ.

1959 1412 2142 1467 LXIII.
2185 1414 2358 1481 Λόγος
2411 1415 2716 1483 ἀσκητικὸς
2767 1415 3078 1486 πολυμερὴς
3135 1420 3340 1486 ὴθ;κός.
3383 1422 3442 1474 Ρ.

1899 1504 2146 1574 Ἀδελφέ,
2171 1507 2376 1575 ταύτην
2407 1505 2541 1574 ἡγοῦ
2575 1505 2835 1573 λέγεσθαι
2874 1509 3218 1578 ἀναχώρησιν
3240 1513 3446 1577 τελείαν

1887 1596 2114 1664 κόσμου,
2175 1597 2275 1667 τὴν
2306 1599 2549 1660 παντελῆ
2602 1598 2696 1650 τοῦ
2761 1598 2891 1652 ἰδίου
2928 1600 3230 1668 θελήματος
3263 1603 3448 1654 ἀπονέ-

1884 1703 2107 1756 κρωσιν.

1957 1774 2135 1830 LXIV.
2180 1777 2316 1846 Περὶ
2368 1778 2678 1847 μετανοίας,
2731 1783 2824 1833 καὶ
2856 1782 2979 1833 τίνα
3022 1782 3157 1835 εἰσὶν
3185 1784 3219 1836 ἃ.
3250 1785 3450 1852 ὀφείλει

206 1862 534 1932 πτιζόμενοι
602 1865 689 1917 διά
738 1865 831 1918 τοῦ
865 1865 1239 1936 βαπτίσματος
1300 1870 1778 1939 μεταλαμϐάνουσι
1815 1850 1855 1902 Β
1889 1869 2059 1918 πῡιεῖν
2091 1869 2116 1918 ὁ
2147 1868 2271 1936 ἄρτι
2304 1869 2822 1939 ἐξομολογούμενος.
2880 1871 2940 1926 Ρ.
2999 1873 3138 1925 Οὔτε
3201 1876 3335 1943 πρὸς
3393 1873 3451 1926 τὸ

202 1955 295 2006 τὸν
323 1955 592 2024 Χριστόν·
625 1957 717 2008 καὶ
750 1957 864 2020 πῶς
913 1959 1138 2011 δύναταί
1187 1977 1270 2022 τις
1307 1962 1509 2027 γνῶναι
1541 1964 1588 2012 εἱ
1623 1979 1777 2030 περι‹

203 2045 361 2114 φέρει
391 2048 453 2098 ὲν
483 2046 666 2114 ἐαυτῷ
695 2046 786 2100 τὸν
817 2048 1074 2116 Χριστὸν,
1110 2051 1204 2102 καὶ
1250 2050 1567 2120 Πνεύματος
1619 2053 1779 2118 ἁγίου

201 2135 393 2203 γέγονε
430 2136 698 2207 μέτοχος·
736 2139 829 2190 καὶ
886 2141 1157 2208 ἑρμηνεία
1208 2141 1283 2202 ὡς
1339 2141 1396 2192 ὲν
1452 2143 1780 2212 παραδρομῇ

201 2226 283 2289 είς
317 2227 404 2293 τὸ,
453 2247 472 2277 ‹
503 2229 595 2281 Ἐν
645 2230 789 2299 ἀρχῇ
832 2226 898 2298 ἦν
932 2233 958 2282 6
994 2231 1190 2298 Λόγος,
1229 2251 1246 2282 ι
1300 2235 1396 2285 καὶ
1431 2234 1782 2303 μακαρισμὸς

202 2316 281 2377 είς
305 2317 439 2378 τοὺς
471 2316 528 2380 ἐξ
557 2317 784 2384 ἀγώνων
822 2319 924 2388 τὴν
953 2321 1303 2389 ὲπιφοίτησιν
1337 2321 1662 2390 δεξαμένους
1689 2323 1778 2374 τοῦ

205 2406 547 2476 Πνεύματος.
602 2407 660 2462 Ρ.
699 2409 868 2471 Πολὺς
901 2411 1057 2478 ἡμῖν,
1106 2412 1399 2479 ἀγαπητοί,
1443 2413 1468 2462 6
1506 2411 1634 2477 περὶ
1682 2413 1780 2479 τῆς

206 2495 446 2564 κρίσεως
477 2496 656 2564 λόγος,
692 2499 785 2550 καὶ
820 2501 1283 2567 δυσερμήνευτος.

273 2584 440 2638 LVII.
485 2587 620 2655 Περὶ
661 2588 759 2655 τῆς
788 2587 1053 2649 ζωοποιοῦ
1103 2587 1420 2658 νεκρώσεως
1471 2589 1563 2641 τοῦ
1595 2590 1769 2658 Ἰησοῦ

205 2675 302 2728 καὶ
331 2675 470 2727 Θεοῦ
506 2677 608 2744 τῆς
639 2677 729 2729 ἀεὶ
759 2677 1046 2746 γινομένης
1079 2678 1420 2748 ἀναισθήτως
1452 2682 1509 2730 ἰν
1532 2684 1641 2742 τοῖς
1683 2697 1776 2733 τε·

203 2767 391 2829 λείοις,
422 2768 517 2819 καὶ
549 2769 632 2820 ὅτι
666 2769 698 2835 ἡ
727 2769 918 2837 κτῆσις
945 2768 1052 2820 τῶν
1098 2770 1308 2838 ἀρετῶν
1354 2771 1545 2838 αἵματι
1580 2773 1779 2840 ἀγορά-

207 2855 355 2916 ζεται
382 2871 395 2884 ·
427 2855 524 2905 καὶ
553 2856 670 2905 τίνα
698 2856 802 2906 τῶν
836 2855 1048 2923 ἀρετῶν
1075 2857 1142 2907 τὰ
1175 2858 1500 2924 καταγῶγια
1532 2875 1542 2886 ·
1574 2864 1664 2910 καὶ
1697 2863 1778 2912 ὅτι

212 2945 230 2995 5
260 2945 336 3013 μὴ
367 2944 455 2996 διὰ
484 2943 582 3011 τῆς
621 2943 844 3013 πρώτης
888 2944 1150 3014 βαθμίδος
1201 2949 1341 3000 κατά
1386 2949 1540 3011 τάξιν
1570 2952 1646 3012 είς
1682 2952 1778 3015 τὴν

211 3035 491 3103 βασιλείαν
521 3035 628 3086 τῶν
658 3035 900 3101 οὐρανῶν
953 3036 1323 3105 ἀνερχόμενος
1379 3039 1628 3107 οὐδαμῶς
1677 3044 1780 3092 εΞσο

212 3126 492 3178 ιλεύσεται
526 3127 607 3188 είς
642 3125 810 3193 αύτήν
839 3141 851 3153 ο
902 3126 995 3177 καὶ
1022 3127 1101 3178 ὅτι
1132 3128 1189 3178 ἐν
1231 3130 1343 3189 τοῖς
1372 3129 1601 3190 τελείοις
1637 3131 1778 3200 χαρὰ

215 3219 300 3273 καὶ
327 3217 659 3284 ἀγαλλίασίς
690 3217 804 3268 ἐστι
837 3217 930 3268 καὶ
965 3217 1024 3268 οὐ
1065 3216 1322 3286 δάκρυον,
1377 3220 1468 3272 καὶ
1511 3221 1566 3270 ὲν
1597 3220 1776 3283 αὐτοῖς

212 3309 440 3378 βρύουσι
464 3310 563 3377 τῆς
591 3307 869 3373 θεολογίας
905 3308 974 3358 τὰ
1000 3308 1191 3376 ῥεῖθρα
1213 3325 1227 3340 ο
1249 3310 1344 3361 καὶ
1368 3311 1501 3378 πρὸς
1525 3311 1584 3363 τὸ
1607 3311 1778 3376 τέλος,

213 3401 285 3450 Ξτι
323 3399 385 3451 ού
419 3398 501 3450 δεῖ
532 3397 804 3464 ὲπιπηδᾷν
841 3398 959 3458 ταῖς
997 3399 1191 3466 ἀρχαῖς
1249 3398 1378 3450 ἄνευ
1416 3401 1514 3467 τῆς
1576 3403 1779 3472 πληρο.

209 3490 486 3558 φορούσης
515 3488 612 3548 τὰς
665 3486 892 3553 καρδίας
927 3487 1084 3554 ἡμῶν
1114 3488 1362 3555 χάριτος,
1421 3489 1520 3558 τῆς
1568 3493 1661 3543 ἐπὶ
1718 3493 1778 3542 τὸ

209 3577 522 3646 ποιμαίνειν
568 3575 836 3644 καλούσης
867 3575 958 3626 τὸν
995 3575 1123 3628 λαὸν
1149 3576 1243 3628 τοῦ
1276 3577 1410 3630 Θεοῦ
1440 3595 1452 3607 ⁸
1510 3581 1603 3630 καὶ
1636 3581 1688 3632 τί
1719 3582 1776 3632 τὸ

207 3670 366 3736 ἔργον
391 3667 501 3719 τῶν
529 3667 967 3734 προϊσταμένων,
1022 3668 1104 3727 τίς
1149 3667 1204 3719 δὲ
1234 3669 1264 3734 ἠ
1302 3668 1430 3737 περὶ
1485 3669 1552 3720 τὰ
1584 3669 1777 3736 λογικά

207 3757 462 3827 πρόϐατα
497 3755 719 3823 φροντίς
749 3771 761 3784 ’
821 3757 917 3807 καὶ
969 3756 1080 3817 πῶς
1116 3756 1391 3822 ὀφείλουσι
1419 3757 1590 3809 ταῦτα
1626 3762 1778 3829 παρὰ

207 3849 313 3901 τῶν
348 3848 624 3916 ποιμένων
671 3847 1073 3914 ποιμαίνεσθαι.
1111 3847 1167 3899 Ρ.
1222 3848 1301 3899 Τὰ
1356 3848 1453 3917 τῆς
1506 3848 1772 3912 ζωοποιοῦ

209 3937 536 4006 νεκρὼσεως
560 3935 654 3990 τοῦ
682 3936 859 4005 Ἰησοῦ
899 3939 992 3988 καὶ
1020 3936 1174 4001 Θεοῦ,
1203 3936 1297 3988 καὶ
1324 3940 1421 4007 τῆς
1455 3938 1773 4008 θαυμαστῆς

205 4031 494 4100 ἐνεργείας
526 4029 716 4100 αὐτῆς.

276 4120 467 4176 LVIII.
512 4120 606 4182 Είς
666 4119 727 4170 τὸ
759 4119 925 4189 ῥητὸν
959 4119 1016 4171 τὸ
1067 4119 1224 4185 λέγον
1273 4118 1366 4172 τοῦ
1411 4121 1730 4173 Ἀποστόλου
1757 4140 1771 4152 ·

210 4234 227 4266 ι
269 4216 334 4266 '0
359 4213 576 4282 πρῶτος
614 4211 899 4280 ἄνθρωπος
930 4213 992 4264 ὲκ
1023 4213 1120 4280 τῆς
1145 4212 1252 4278 γῆς
1282 4212 1490 4280 χοῖκὸς,
1524 4213 1775 4282 δεύτερος

205 4307 497 4375 ἅνθρωπος
564 4307 589 4356 6
643 4305 848 4372 Κύριος
897 4303 955 4369 ἐξ
1019 4303 1249 4372 ούρανοῦ
1281 4320 1293 4333 ·
1331 4322 1347 4353 ι
1389 4305 1484 4356 καὶ
1531 4305 1648 4367 πῶς
1682 4306 1774 4356 τὸν

205 4398 393 4468 χοῖκὸν
427 4396 810 4464 ἀποτιθέμεθα
841 4395 1148 4464 ἄνθρωπον,
1194 4396 1288 4448 καὶ
1315 4395 1403 4446 τὸν
1434 4396 1668 4464 Χριστὸν
1693 4397 1774 4449 ὲν-

1889 1957 2092 2023 πλῆθος
2123 1959 2232 2010 τῶν
2264 1961 2676 2029 ἁμαρτημάτων
2705 1964 3070 2033 ἀπαγορεύειν
3092 1965 3219 2016 ποτὲ
3249 1967 3374 2035 χρή.

1965 2045 2121 2099 LXV.
2167 2049 2308 2117 Πρὸς
2368 2050 2464 2103 ἕνα
2516 2052 2622 2103 τῶν
2661 2053 2826 2106 αὖτοῦ
2887 2057 3140 2124 μαθητῶν
3191 2056 3447 2126 περὶτοῦ

1893 2140 2029 2208 ποίῳ
2064 2140 2248 2210 τροπῳ
2275 2159 2357 2203 τις
2386 2143 2610 2196 δύναται
2651 2145 2806 2214 ἅγιον
2837 2147 3004 2218 ἄνδρα
3038 2153 3321 2219 γνωρίσαι,
3356 2158 3450 2204 καὶ

1893 2230 2008 2290 πῶς
2037 2230 2068 2297 ἣ
2102 2232 2154 2282 τί
2182 2232 2353 2284 ποιῶν
2381 2233 2531 2302 εὖροι
2565 2235 2748 2300 αὐτὸν,
2805 2238 2899 2289 καὶ
2958 2241 3094 2307 μετά
3153 2240 3212 2293 τὸ
3271 2245 3450 2311 τυχεῖν

1889 2321 2310 2386 τῶντοιούτων,
2371 2325 2486 2388 πῶς
2538 2326 2645 2396 χρὴ
2702 2329 3011 2382 διακεῖσθαι
3073 2332 3210 2399 πρὸς
3271 2334 3450 2389 αὐτόν.

1890 2407 1947 2458 Ρ.
1973 2409 2350 2480 Συνελάϐομέν
2382 2431 2440 2464 σε
2476 2415 2564 2465 διὰ
2589 2415 2941 2479 διδασκαλίας
2963 2437 2975 2449 ·
3021 2420 3362 2491 ὠδινήσαμέν
3395 2441 3450 2474 σε

1887 2493 1976 2544 διὰ
2011 2500 2326 2564 μετανοίας,
2360 2501 2634 2554 ἀπέτεκὸν
2675 2522 2733 2555 σε
2769 2507 2839 2558 δι’
2867 2508 3169 2576 ὑπομονῆς.

1959 2585 2140 2641 LXVI.
2185 2590 2318 2659 Περὶ
2365 2591 2472 2642 τῶν
2515 2594 3040 2666 αὐτοχειροτονήτων
3077 2600 3449 2666 διδα-τκάλωνν

1887 2675 1978 2727 καὶ
2004 2679 2061 2729 τὸ
2083 2679 2438 2734 ἀποστολικὸν
2465 2682 2678 2753 ἀξίωμα
2717 2686 2837 2754 δίχα
2877 2688 2976 2755 τῆς
3000 2689 3203 2741 ἀνωθεν
3231 2691 3451 2760 χάριτος

1889 2772 2322 2839 περιτιθεμένων
2362 2764 2624 2835 ’ἑαυτοῖςο
2675 2780 2766 2828 καὶ
2807 2779 2885 2829 ὅτι
2935 2780 2992 2830 ού
3053 2781 3182 2850 χρὴ,
3216 2784 3320 2850 πρὸ
3360 2786 3450 2836 τοῦ

1889 2858 2216 2927 γεννηθῆναι
2276 2863 2426 2930 παρά
2465 2866 2843 2930 πνευματικοῦ
2880 2868 3094 2935 Πατρὸς
3142 2872 3234 2920 καὶ
3293 2889 3456 2938 φωτι-

1895 2947 2114 3013 σθῆναι,
2170 2948 2363 3006 ἄλλους
2416 2951 2714 3021 ἐδηγεῐν,ῆ
2753 2952 2812 3004 τὸ
2851 2955 3111 3023 παράπαν
3161 2959 3450 3014 διδάσκειν.

1890 3034 1949 3084 P.
1988 3035 2328 3106 Ἐϐουλόμην
2360 3039 2452 3089 ἐπὶ
2483 3038 2738 3093 τοσοῦτον
2797 3043 2954 3109 κάγὼ
3005 3048 3348 3116 νεκρωθῆναι
3379 3051 3454 3120 τῷ

1889 3143 2100 3195 κοσμῳ.

1956 3215 2158 3272 LXVII.
2201 3219 2322 3271 Ὅτι
2354 3221 2435 3273 δεῖ
2468 3225 2694 3274 σκοπεῖν
2725 3225 2773 3275 εἰ
2808 3224 2874 3276 τὰ
2926 3243 3034 3278 των
3082 3234 3449 3300 μακαρισμῶν

1883 3307 1977 3357 τοῦ
2014 3309 2251 3377 Χριστοῦ
2304 3312 2362 3361 ἒν
2409 3313 2621 3374 ἑαυτοῖς
2670 3311 2864 3383 ἔχομεν
2890 3331 2902 3344 ο
2933 3309 3078 3368 οὗτοι
3118 3319 3223 3386 γάρ
3256 3324 3361 3374 είσι
3391 3327 3450 3375 τὸ

1887 3401 2113 3464 σημεῖον
2140 3400 2236 3467 τῆς
2260 3399 2354 3451 τοῦ
2388 3401 2627 3470 Χριστοῦ
2667 3405 2982 3473 σφραγῖδος,
3019 3409 3111 3459 καὶ
3145 3409 3237 3461 τοῦ
3274 3431 3448 3483 χαρα-

1884 3487 2082 3555 κτῆρος
2115 3489 2277 3540 αὑτοῦ
2316 3490 2382 3542 τά
2431 3491 2734 3560 ίδιώματαο
2789 3495 2882 3546 καὶ
2937 3495 3018 3547 δτι
3051 3496 3314 3552 ἀδύνατον
3360 3505 3449 3556 τὸν

1886 3577 1960 3643 μὴ
1994 3579 2341 3645 σημιωθέντα
2405 3581 2479 3650 τῷ
2514 3583 2726 3652 σημείῳ
2770 3584 2864 3637 τοῦ
2895 3586 3154 3656 Χριστοῦ,
3204 3593 3298 3643 καὶ
3357 3597 3448 3646 τὸν

1879 3669 2207 3737 χαρακτῆρα
2248 3671 2411 3723 αὑτοῦ
2450 3673 2507 3723 έν
2557 3674 2737 3744 ἑαυτῷ
2774 3677 3011 3746 φέροντα
3043 3683 3125 3742 είς
3166 3681 3446 3750 βασιλείαν

1879 3754 2163 3806 εἰσελθεῖν.
2216 3756 2276 3809 P.
2309 3759 2464 3811 Ὅσοι
2495 3761 2662 3828 ἐσμὲν
2692 3763 3059 3832 ἀσφράγιστοι
3091 3771 3190 3836 τῆς
3212 3771 3301 3823 τοῦ
3335 3777 3447 3826 Κυ-

1883 3843 1996 3911 ρίου
2029 3846 2119 3895 καὶ
2165 3845 2299 3898 Θεοῦ
2346 3850 2440 3899 καὶ
2490 3851 2742 3920 Σωτῆρος
2788 3855 2945 3920 ἡμῶν
2991 3860 3167 3927 Ἰησοῦ
3201 3865 3439 3932 Χριστοῦ

1881 3936 2198 4002 σφραγῖδος.
2233 3937 2386 3990 Edita
2419 3937 2641 3994 Numer.
2679 3958 2793 3996 XXI.

1948 4026 2180 4080 LXVIII.
2225 4029 2356 4098 Περῖ
2388 4030 2483 4098 τῆς
2524 4032 2586 4084 ἐκ
2613 4032 2707 4085 τοῦ
2733 4034 3051 4104 Πνεύματος
3081 4043 3438 4117 ἐγγινομένης

1877 4120 1988 4180 τοῖς
2038 4119 2462 4189 ἀγωνιζομένοις
2521 4128 2751 4190 πιστοῖς,
2799 4129 2896 4180 καὶ
2938 4131 3040 4198 πρὸ
3068 4134 3159 4184 τοῦ
3211 4135 3435 4190 θανάτου

1879 4206 2147 4268 ζωοποιοῦ
2185 4212 2541 4277 νεκρώσεως·
2579 4215 2672 4265 καὶ
2701 4216 2780 4267 ὅτι
2807 4219 2854 4268 οἱ
2891 4221 2944 4269 ὲν
2971 4223 3034 4289 τῇ
3074 4226 3254 4291 χάριτι
3300 4229 3438 4297 ὑπὲρ

1876 4298 1968 4349 τὸν
2015 4298 2176 4366 νόμον
2208 4300 2509 4368 γενόμενοι,
2569 4306 2667 4370 τὴν
2695 4303 2789 4356 τοῦ
2840 4307 2980 4360 θείου
3035 4315 3229 4377 φωτὸς
3282 4317 3438 4386 χάριν

1877 4389 2132 4454 γνωστῶς
2160 4391 2216 4440 ἐν
2258 4390 2474 4452 ἑαυτοῖς
2521 4394 2912 4460 λαμϐάνουσιν.
2952 4401 3011 4449 ΟΞ
3063 4401 3171 4468 γὰρ
3231 4405 3303 4472 μὴ
3340 4407 3436 4458 λα.

202 4489 447 4559 δυομεθα
470 4529 482 4552 ,
518 4489 797 4554 συγγενεῖς
823 4486 987 4539 αὑτοῦ
1021 4486 1112 4537 καὶ
1140 4486 1363 4553 ἀδελφοὶ
1395 4487 1768 4555 χρηματίσαν-
1805 4498 1846 4550 1)
1879 4480 2064 4541 δόντες
2095 4481 2194 4549 ἤδη
2228 4480 2386 4532 τοῦτο
2410 4482 2468 4533 τὸ
2497 4484 2610 4550 φῶς
2655 4488 2795 4538 κατά
2827 4488 2926 4556 τῆν
2961 4491 3242 4558 παροῦσαν
3272 4495 3433 4562 ζωὴν,

202 4599 318 4644 τες.
374 4580 434 4634 Ρ.
467 4579 667 4640 Καλῶς
701 4580 847 4648 ἡμᾶς
885 4577 1143 4639 ἑστιάσας
1171 4579 1196 4628 6
1233 4583 1504 4646 μακάριος
1565 4577 1770 4640 Παῦλος

202 4677 261 4725 ἐν
294 4676 360 4741 τῇ
398 4673 640 4740 προτέρα
669 4671 778 4722 τῶν
815 4671 995 4723 θείων.

275 4763 410 4815 LIX.
472 4764 563 4824 Εἰς
606 4763 665 4814 τὸ
714 4761 875 4832 ῥητὸν
941 4763 1002 4814 τὸ
1059 4762 1216 4829 λέγον
1269 4764 1362 4813 τοῦ
1419 4762 1763 4822 Ἀποστόλου,

209 4875 226 4904 ι
267 4853 772 4921 Ἐξαγοραζόμενοι
825 4854 915 4904 τὸν
971 4854 1184 4923 καιρὸν,
1219 4855 1299 4906 ὅτι
1338 4854 1392 4906 αἱ
1427 4854 1632 4923 ἡμέραι
1681 4870 1769 4903 πο-

201 4944 366 5013 νηραί
395 4943 536 4992 εἰσι·
578 4961 594 4991 ι
625 4943 718 4994 καὶ
751 4944 869 5004 πῶς
904 4942 1300 5012 ὲξαγοράζεταί
1353 4961 1437 5005 τις
1489 4942 1767 5012 φρονίμως

197 5037 290 5087 τὸν
338 5033 528 5099 καιρὸν
569 5030 670 5097 τῆς
702 5032 985 5102 παρούσης
1044 5034 1208 5102 ζωῆς.
1271 5033 1333 5086 Ρ.
1388 5033 1551 5085 Οὐδὲν
1597 5033 1766 5093 οὕτως

198 5129 392 5192 ἓτερον
427 5121 539 5172 τῶν
564 5120 740 5172 ἄλλων
762 5124 1017 5176 ἁπάντων
1056 5123 1376 5193 ὠφελιμώτε
1387 5141 1476 5194 ρον
1498 5123 1642 5193 ψυχῇ
1665 5122 1765 5191 τῆς

199 5214 396 5275 νυκτὸς
435 5212 527 5263 καὶ
558 5210 790 5279 ἡμέρας.

276 5306 390 5360 LX.
437 5304 570 5368 Περὶ
606 5304 812 5370 ἑορτῶν
835 5320 846 5332 ·
884 5305 978 5357 καὶ
1007 5307 1155 5368 ὅπως
1183 5309 1288 5376 χρὴ
1328 5304 1609 5376 ἑορτάζειν
1631 5321 1644 5336 ·
1672 5321 1764 5356 και

200 5402 366 5453 τίνων
409 5394 652 5464 σύμϐολα
692 5395 757 5447 τὰ
789 5395 1086 5464 τελούμενα
1139 5413 1194 5448 εν
1227 5400 1345 5460 ταῖς
1386 5391 1617 5466 έορταῖᾴ
1672 5396 1764 5448 καὶ

202 5491 346 5546 κατά
367 5487 475 5540 τῶν
506 5485 951 5554 ὲναϐρυνομένων
988 5494 1046 5538 εν
1075 5489 1265 5551 αύταῖς
1292 5505 1304 5517 ·
1358 5489 1451 5541 καὶ
1501 5489 1626 5558 περὶ
1655 5487 1765 5539 τῶν

203 5584 369 5646 ἀξίως
411 5581 443 5650 ἢ
476 5577 707 5641 ἀναξίως
729 5576 1146 5640 κοινωνούντων,
1180 5580 1274 5631 καὶ
1300 5580 1382 5642 τίς
1415 5581 1526 5647 ήὲν
1557 5579 1765 5638 τούτοις

204 5674 478 5744 διαφοράο
544 5669 638 5721 καὶ
697 5667 831 5735 πρὸς
871 5667 931 5716 τὸ
984 5667 1136 5729 τέλος
1169 5669 1285 5729 πῶς
1321 5662 1649 5722 συνάπτεταί
1680 5685 1762 5730 τις

204 5765 291 5820 διὰ
322 5765 420 5834 τῆς
457 5757 748 5817 κοινωνίας
800 5755 913 5824 Θεῷ
937 5771 949 5784 ·
989 5760 1083 5809 καὶ
1115 5759 1230 5819 πῶς
1284 5759 1342 5811 οὺ
1404 5758 1756 5814 συνάπτεται.

541 5858 582 5917 P
599 5862 810 5916 ιτιιοι..
848 5855 963 5914 Gn.
1001 5851 1176 5913 CXX.

1881 4571 2014 4639 μηδὲ
2046 4571 2304 4639 καθαρῶς
2334 4573 2564 4640 ὁρῶντες
2587 4576 2714 4625 αὐτὸ
2737 4616 2750 4636 ,
2788 4576 2867 4627 ἔτι
2918 4579 3018 4628 ὑπὸ
3050 4582 3206 4631 σκιὰν
3230 4584 3320 4634 τοῦ
3348 4588 3434 4636 νό-

1880 4676 1982 4726 μου
2019 4661 2144 4724 είσὶ,
2205 4664 2297 4711 καὶ
2357 4662 2707 4731 κριθήσονται
2759 4665 2850 4716 ὑπ’
2887 4668 3072 4718 αὑτοῦ.
3114 4670 3238 4732 Πῶς
3291 4675 3344 4724 δὲ
3399 4679 3430 4740 ὴ

1879 4750 2077 4816 μετοχὴ
2110 4750 2202 4800 τοῦ
2237 4751 2391 4815 ἁγίου
2427 4753 2744 4822 Πνεύματος
2776 4757 2833 4806 ἐν
2871 4760 2984 4818 τοῖς
3033 4765 3240 4824 πιστοῖς
3272 4767 3366 4816 καὶ
3401 4771 3432 4833 ἠ

1875 4841 2173 4909 ἀγιωσύνη,
2205 4843 2298 4893 καὶ
2332 4844 2363 4908 ἠ
2406 4843 2588 4895 τελεία
2620 4845 2855 4898 ἀπάθεια
2895 4849 3124 4914 γίνεται.
3156 4855 3213 4905 Ρ.
3247 4854 3436 4924 Ἐρευ-

1874 4933 2019 4994 νᾶτε,
2069 4934 2256 5001 ἔφησε,
2306 4934 2403 4995 τὰς
2445 4935 2689 5004 Γραφάς,
2723 4940 2750 4988 6
2774 4937 2977 5007 Κύριος
3005 4944 3098 4993 καὶ
3119 4945 3250 5007 Θεὸς
3279 4948 3432 5014 ἡμῶν

1885 5023 2091 5090 Ἰησοῦς
2121 5025 2380 5094 Χριστὸς,
2415 5025 2479 5076 ἵν’
2518 5028 2575 5078 ὲν
2615 5027 2849 5096 πρώτοις
2879 5031 2975 5093 μὲν
3006 5031 3102 5101 τὴν
3138 5039 3430 5098 σωτηρίαν.

1873 5121 1927 5173 In
1961 5120 2124 5174 editis
2153 5120 2318 5176 Num.
2353 5137 2442 5175 xx.

1943 5211 2138 5288 LXIX._
2173 5212 2239 5266 Τί
2273 5215 2389 5265 ἐστι
2419 5214 2498 5273 τὸ.
2535 5233 2552 5266 ι
2575 5215 2632 5267 '0
2664 5213 2956 5278 πιστεύσας
2985 5221 3077 5272 καὶ
3115 5220 3426 5288 βαπτισθεὶς

1873 5284 2175 5370 σωθήσεται
2203 5343 2216 5363 ,
2257 5304 2284 5354 6
2343 5303 2400 5355 δὲ
2454 5305 2793 5368 ἀπιστεύσας
2839 5284 3301 5376 κατακριθῆσεται
3349 5327 3361 5338 ο

1870 5397 2025 5448 ὁποῖα
2059 5396 2115 5446 δὲ
2145 5395 2214 5447 τὰ
2250 5398 2453 5464 σημεῖα
2482 5393 2579 5463 τῆς
2609 5399 2690 5459 είς
2721 5397 2854 5452 Θεὸν
2905 5400 3141 5468 ἀγάπης,
3189 5402 3282 5451 καὶ
3327 5403 3422 5453 τοῦ

1872 5484 2130 5554 πλησίον⁸
2191 5487 2287 5537 καὶ
2340 5485 2467 5554 περὶ
2517 5487 2729 5548 τελείας
2779 5489 3035 5555 ἀγάπης,
3101 5487 3192 5540 καὶ
3245 5491 3327 5550 τίς
3385 5495 3416 5560 ἡ

1869 5579 2075 5642 ταύτης
2110 5578 2400 5645 ἐνέργεια,
2456 5577 2552 5629 καὶ
2597 5579 2698 5642 ὅτι,
2749 5579 2840 5630 ὲάν
2885 5578 2956 5645 μὴ
3007 5580 3147 5644 μετά
3182 5582 3412 5648 σπουδῆς

1873 5667 2120 5721 ιντεῦθεν
2143 5669 2240 5738 ἤδη
2280 5672 2379 5736 τῆς
2411 5669 2630 5736 ἀγάπης
2684 5669 2774 5720 καὶ
2801 5669 2895 5735 τῆς
2935 5668 3029 5719 τοῦ
3061 5670 3217 5735 ἀγίου
3252 5672 3421 5722 Πνεύ-

1875 5775 2041 5828 ματος
2071 5759 2340 5828 μεθέξεως
2374 5757 2656 5811 γενώαεθα
2683 5759 2920 5826 μέτοχοι,
2952 5758 3071 5812 οὐδὲ
3104 5759 3419 5829 Χριστιανοὶ

2913 5847 2980 5899 m
