4148 6334
635 382 742 447 299

1951 380 2246 442 SYMEON
2289 379 2595 441 JUNIOR.

3782 379 3890 444 300

637 497 915 567 ευνάμεθα
969 490 1109 547 εἶναι
1137 509 1148 521 ’
1205 493 1319 547 ἀλλ’
1364 493 1488 546 οὐδὲ
1546 493 1650 545 υἱοὶ
1700 493 1797 546 καὶ
1855 490 2015 545 τέκνα
2071 488 2204 543 Θεοῦ
2235 493 2286 553 Α
2316 489 2374 540 ὲν
2404 486 2480 554 τῷ
2504 485 2694 554 κόσμῳ
2719 483 2823 554 πρὸ
2847 481 2939 536 τοῦ
2969 482 3058 536 τὸν
3084 483 3288 554 κόσμον
3310 483 3608 551 γενέσθαιι
3630 485 3887 558 Ἀπόκρι·

637 589 1082 661 χρηματίσομεν,
1129 584 1244 640 ἀλλ’
1266 584 1340 648 ὡς
1364 584 1583 637 ἄπιστοι
1618 584 1818 654 μᾶλλον
1848 585 1903 637 ὲν
1928 584 1993 653 τῇ
2023 581 2204 652 ἡμέρᾳ

639 682 738 748 τῆς
776 679 1015 748 κρίσεως
1055 673 1603 745 κατακριθησόμεθα.
1651 671 1710 726 Ρ.
1759 672 1817 726 Ὀ
1867 670 2073 742 Κύριος
2114 670 2207 722 καὶ

641 770 774 832 Θεὸς
806 767 965 838 ἡμῶν
1000 765 1205 836 Ἰησοῦς
1263 765 1497 835 Χριστὸς
1518 803 1535 831 ,
1565 764 1691 828 Υἱὸς
1725 762 1798 817 ὣν
1842 763 2077 834 γνήσιος
2111 761 2204 814 τοῦ

644 860 779 914 Θεοῦ
813 861 902 911 καὶ
939 855 1173 926 Πατρὸς,
1204 853 1490 926 όμοούσιός
1529 871 1587 907 τε
1619 855 1713 910 καὶ
1739 855 2007 925 όμοφυής.
2050 851 2205 908 Edita

642 952 802 1005 Num.
831 964 965 1003 χιιι.

716 1042 875 1098 LXX.
922 1041 1053 1111 Περὶ
1111 1036 1360 1108 ἡσυχίας.
1425 1035 1482 1090 Ρ.
1535 1034 1782 1088 Γενέσθω
1831 1034 2123 1106 τοιγαροῦν
2181 1036 2209 1088 6

645 1135 953 1206 ἡσυχάζων,
1007 1131 1103 1185 καὶ
1140 1132 1196 1182 ὲν
1247 1127 1444 1198 κελλίῳ
1499 1125 1660 1196 μόνος
1707 1126 2014 1197 καθήμενος
2064 1125 2208 1195 ὼςή

650 1225 1051 1297 πρωτομάρτυς
1088 1220 1298 1274 θέκλα·
1366 1216 1505 1288 αὐτὴ
1550 1216 1660 1287 γάρ
1706 1216 1800 1269 ἐπὶ
1844 1217 1940 1286 τῆς
1998 1216 2210 1287 θυρίδος

648 1319 962 1388 καθημένη.

713 1408 900 1466 LXXI.
935 1408 1057 1461 Ὀτι
1093 1407 1159 1460 δι’
1197 1405 1504 1477 ὑπερϐολὴν
1536 1405 1762 1474 ἀγάπης
1797 1399 2024 1463 πολλαῖς
2048 1415 2210 1470 περι-

649 1498 906 1557 στάσεσιν
956 1499 1198 1569 ὑπέθηκε
1226 1500 1315 1551 τὸν
1346 1497 1637 1570 ἄνθρωπον
1670 1496 1698 1549 6
1735 1493 1870 1556 Θεός
1892 1508 1906 1524 ο
1943 1492 2038 1547 καὶ⁵
2065 1491 2148 1545 ὅτι
2178 1491 2211 1559 ἡ

650 1597 827 1650 ἔνδεια
857 1592 1148 1663 εὐεργεσία
1169 1589 1305 1645 Θεοῦ
1331 1590 1501 1642 ἐστιν.
1544 1589 1602 1641 ’0
1630 1584 1850 1653 φεύγων
1877 1583 1976 1652 τὴν
2005 1581 2212 1634 ἔνδειαν

648 1689 840 1760 φεύγει
855 1689 946 1742 τὸν
967 1680 1422 1758 Χριστιανισμόνο
1445 1680 1501 1733 αἱ
1520 1680 1630 1748 γὰρ
1646 1677 1740 1732 τοῦ
1758 1675 1894 1730 Θεοῦ
1911 1671 2213 1740 ἀποφάσεις

650 1781 840 1852 φύσεις
869 1778 997 1840 είσὶ,
1023 1777 1118 1830 καὶ
1143 1775 1197 1826 αί
1227 1772 1438 1840 θλίψεις
1465 1771 1638 1822 πᾶσαι
1669 1764 2024 1837 εὐχαριστίαν
2061 1761 2206 1819 διδά-

651 1841 843 1926 σκουσι
867 1886 882 1902 ο
917 1869 1065 1930 τίνος
1089 1866 1146 1918 δὲ
1171 1865 1357 1916 ἕνεκεν
1407 1858 1654 1930 ἀμαρτία
1686 1856 1782 1910 καὶ
1813 1856 1967 1917 νόσος
1995 1854 2090 1907 καὶ
2120 1851 2215 1906 θά-
2250 1841 2294 1902 Β

650 1980 830 2026 νατος.
888 1961 947 2014 Ρ.
980 1958 1169 2019 Φόόοις
1198 1953 1413 2016 πολλοῖς
1461 1951 1558 2005 καὶ
1609 1947 1965 2018 περιστάσεσι
2013 1961 2215 1998 παντο-

651 2052 889 2114 δαπαῖςό
915 2048 1045 2110 Θεὸς
1072 2047 1163 2099 τὸν
1195 2044 1485 2113 ἄνθρωπον
1508 2037 1937 2111 περιεστίχισεν.
1971 2033 2025 2087 In
2057 2033 2218 2089 editis

651 2143 814 2198 Num.
853 2157 963 2194 κη.

723 2232 933 2289 LXXII.
977 2230 1098 2284 Ὀτι
1124 2228 1231 2289 πᾶς
1267 2226 1295 2278 6
1323 2221 1492 2276 αίτῶν
1524 2221 1599 2292 μὴ
1636 2217 1792 2282 εἰδὼς
1818 2218 1866 2270 τί
1898 2218 2060 2283 αίτεῖ,
2085 2217 2133 2268 εί
2160 2214 2218 2268 δὲ

655 2328 750 2383 καὶ
775 2323 882 2379 οἶδε
930 2320 981 2373 τί
1028 2319 1169 2375 αίτεῖ
1191 2357 1206 2382 ,
1240 2315 1300 2369 οὐ
1334 2313 1527 2384 φθάνει
1555 2312 1612 2364 δὲ
1647 2312 1783 2380 ὅπερ
1815 2310 1956 2359 alter
2009 2305 2217 2368 λαϐεῖν,

653 2420 806 2474 οὐδὲν
844 2413 1154 2483 ὠφελεῖται.
1210 2407 1309 2470 Τίς
1344 2405 1401 2460 δὲ
1447 2405 1482 2474 ἡ
1536 2400 1783 2474 βασιλεία
1814 2396 1905 2451 τοῦ
1937 2395 2093 2460 Θεοῦ,
2126 2395 2220 2450 καὶ

629 2523 632 2526 '
659 2511 774 2573 πῶς
804 2504 1180 2576 λαμϐάνουσιν
1209 2496 1380 2566 αὐτὴν
1406 2496 1456 2547 οί
1486 2488 1826 2564 Χριστιανοί.
1855 2487 1948 2549 Τίς
1972 2486 2027 2539 δὲ
2063 2487 2089 2539 6
2120 2502 2217 2538 πο-

656 2600 839 2671 νηρὸς,
881 2574 976 2649 καὶ
1009 2592 1125 2654 πῶς
1156 2586 1380 2642 δύναταί
1416 2601 1500 2646 τις
1545 2582 1811 2652 ρυσθῆναι
1870 2581 1934 2629 ὲκ
1992 2578 2090 2646 τῆς
2125 2574 2216 2626 τοῦ

655 2666 895 2759 πονηροῦ
929 2681 1195 2742 δουλείας.
1229 2676 1354 2738 Πῶς
1406 2673 1464 2727 δὲ
1497 2673 1594 2728 καὶ
1648 2670 1743 2725 διὰ⁸
1785 2668 1951 2722 ποίων
1980 2666 2156 2738 ἔργων
2185 2666 2221 2734 ἡ

659 2754 956 2837 ἀνάστασις
989 2773 1201 2841 γίνεται
1254 2766 1354 2836 τῆς
1409 2764 1608 2834 ψυχῆς.
1664 2761 1723 2817 Ρ.
1781 2762 1845 2813 Οί
1876 2757 2062 2811 πολλοὶ
2112 2754 2222 2807 τῶν

658 2867 1022 2941 Χριστιανῶν,
1071 2863 1124 2914 οἵ
1152 2878 1211 2916 τε
1242 2857 1304 2911 τὸ
1338 2855 1526 2926 σχῆμα
1554 2851 1846 2924 φοροῦντες
1892 2849 1997 2903 τῶν
2057 2863 2220 2916 μονα-

660 2964 788 3033 χῶν.
827 2959 1069 3012 llabetur
1103 2948 1250 3007 inter
1289 2948 1466 3005 cditas’
1494 2944 1655 3000 Num.
1692 2959 1766 2998 iv.

731 3047 964 3104 LXXIII.
997 3040 1315 3111 Θεολογικὸς
1350 3038 1509 3106 λόγος
1565 3034 1779 3105 πρῶτος
1831 3029 1974 3084 κατὰ
1999 3029 2107 3081 τῶν
2140 3045 2222 3080 τι-

2313 597 2420 644 σις.
2485 567 2618 640 Θεὸς
2667 577 2695 629 ό
2746 575 2838 628 τὸν
2870 577 3073 645 κόσμον
3118 576 3370 644 ποιήσας.
3408 575 3562 631 Edita
3606 592 3728 632 cum
3765 579 3888 634 aliis

2314 668 2659 726 orationibus
2685 667 2969 737 Symeonis
2996 665 3188 721 Latine
3224 680 3318 736 per
3347 664 3671 722 Pontanum.

2382 786 2587 842 Pratter
2613 783 2711 853 bas
2739 797 2771 849 a
2800 781 2962 836 nobis
2989 795 3056 836 ex
3080 781 3233 836 libris
3261 782 3653 850 manuscriptis
3684 798 3879 847 mune-

2315 887 2484 942 ratas,
2523 874 2817 932 nonnullas
2840 873 2974 928 alias
3001 871 3190 929 Latine
3210 869 3496 930 Pontanus
3525 874 3715 937 edidit,
3745 888 3886 942 qua-

2317 984 2437 1023 rum
2470 967 2626 1038 copia
2667 966 2721 1020 in
2751 963 2959 1019 Grmcis
2990 963 3150 1018 nobis
3177 963 3420 1018 nondum
3445 961 3589 1017 facta
3621 972 3745 1028 est;
3779 965 3886 1019 illa

2317 1070 2446 1118 sunt
2473 1076 2603 1115 num
2638 1076 2653 1114 :
2689 1060 2740 1122 I,
2762 1059 2818 1125 2,
2843 1058 2898 1122 '5,
2923 1056 2976 1122 4,
3004 1057 3059 1119 5,
3094 1056 3148 1120 6,
3172 1055 3232 1118 7,
3260 1058 3314 1118 8,
3342 1055 3397 1122 9,
3424 1055 3514 1122 I0,
3547 1057 3636 1121 II,
3672 1055 3883 1120 12,13,

2318 1152 2408 1216 14,
2447 1150 2538 1215 15,
2580 1149 2670 1214 I6,
2703 1149 2790 1214 18,
2818 1148 2908 1212 25,
2941 1148 3033 1212 24,
3062 1147 3153 1209 29,
3196 1145 3286 1200 51.
3323 1144 3411 1200 Ea:
3443 1147 3487 1200 si
3525 1146 3649 1202 aliis
3673 1145 3886 1200 addan-

2319 1253 2433 1309 tur,
2474 1248 2606 1312 puto
2638 1239 2881 1304 futurum
2908 1249 3045 1306 Opus
3078 1234 3365 1306 Symeonis
3392 1236 3880 1297 absolutissimum,

2317 1333 2499 1404 quoad
2551 1332 2805 1401 pietatem
2859 1327 3212 1382 tendentibus
3276 1325 3363 1379 via
3424 1335 3704 1386 sternetur
3747 1326 3888 1382 satis

2318 1424 2622 1482 commoda.

2393 1536 2658 1592 Prmterea
2716 1535 2960 1589 divinqu
3014 1532 3365 1589 Ilierotbeum
3421 1530 3594 1601 sancti
3644 1529 3886 1598 Dionysii

2319 1626 2663 1696 Areopagitae
2719 1624 3124 1694 Praeceptorem
3184 1623 3512 1687 aemulatus,
3577 1619 3890 1674 Amatoriob

2323 1717 2558 1788 hymnos
2587 1725 2641 1772 et
2667 1715 2881 1771 divinas
2911 1715 3102 1771 Iaudes
3152 1716 3304 1769 vario
3350 1714 3658 1768 carminum
3692 1728 3890 1782 genere

2320 1808 2652 1873 decantavit,
2679 1822 2818 1877 quas
2850 1808 2956 1863 sub
2993 1821 3290 1862 sacrarum
3348 1804 3887 1862 Commentationmn

2320 1898 2591 1954 vocabulo
2621 1897 2848 1951 Latinas
2895 1897 3048 1962 fecit,
3105 1896 3383 1965 ediditque
3428 1893 3732 1947 Pontanus.
3782 1893 3889 1944 Eas

2321 1998 2500 2042 tamen
2527 2002 2592 2042 ex
2624 1987 2842 2041 defeetu
2868 1998 3091 2039 suorum
3121 1984 3369 2038 codicum
3415 1994 3598 2049 neque
3621 1980 3888 2046 integras,

2322 2094 2498 2149 neque
2529 2078 2840 2140 absolutas,
2882 2092 3006 2132 cum
3037 2077 3213 2131 multo
3272 2077 3550 2128 auctiores
3603 2073 3887 2140 reperiauc

2321 2179 2407 2225 tur
2445 2171 2500 2224 in
2552 2169 2758 2224 Italicis
2787 2168 3168 2229 Bibliothecis,
3208 2177 3263 2220 ut
3297 2181 3363 2219 ex
3395 2163 3631 2218 Elencbo
3666 2163 3754 2215 hic
3785 2177 3888 2231 ap-

2319 2275 2490 2332 penso
2520 2261 2691 2314 lector
2713 2273 2901 2328 aequus
2927 2258 3206 2327 conjiciet.
3238 2255 3459 2310 Inedin
3487 2253 3702 2309 stellula
3735 2264 3889 2305 nota-

2321 2351 2549 2406 buntur.

2322 2482 2432 2536 Τοῦ
2486 2482 2674 2536 αὑτοῦ
2719 2481 2838 2533 τῶν
2872 2480 3045 2534 θείων·
3070 2478 3506 2547 ῧμνωνᾼὰρχήε
3535 2479 3596 2530 Ρ.
3627 2475 3801 2530 Ἐλθὲ
3822 2477 3888 2529 τὸ

2391 2550 2512 2620 φῶς
2537 2553 2602 2603 τό
2631 2550 2943 2617 ἀληθινὸν,
2971 2543 3119 2603 ἐλθέ
3145 2549 3178 2614 ἠ
3201 2543 3435 2611 αίώνιὸζ
3472 2543 3603 2610 ζωή.

2394 2661 2436 2713 I.
2477 2660 2613 2728 Περὶ
2643 2658 2739 2726 τῆς
2760 2658 2908 2719 θείας
2925 2656 3263 2726 ὲλλάμψεως,
3291 2657 3382 2711 καὶ¹
3404 2655 3685 2725 φωτισμοῦ
3717 2657 3890 2709 Πνεύο

2327 2766 2496 2820 ματος
2551 2748 2710 2815 ἁγίου
2733 2763 2747 2776 ·
2800 2746 2894 2799 καὶ
2937 2745 3019 2798 ὅτι
3051 2739 3130 2806 εἷς
3170 2748 3334 2807 τόπος
3371 2747 3406 2797 6.
3427 2745 3574 2808 Θεὸς,
3603 2739 3722 2812 ὲνῷ
3755 2748 3893 2814 μετά

2327 2843 2537 2912 πότμον
2570 2839 2667 2909 τὴν
2713 2839 3017 2892 ἀνάπαυσιν
3049 2836 3242 2899 πάντες
3279 2837 3327 2890 οἱ
3359 2837 3503 2903 ἀγιοι
3533 2836 3716 2905 ἔχουσι
3744 2853 3758 2868 ο
3798 2841 3892 2889 καὶ

2324 2933 2407 2985 ὅτι
2467 2930 2605 2984 ότοῦ
2644 2928 2782 2982 Θεοῦ
2815 2928 3099 2980 ἐκπίπτων
3145 2930 3202 2979 έν
3260 2928 3431 2995 ἑτέρῳ
3477 2927 3628 2996 τόπῳ
3657 2927 3752 2978 οὐκ
3780 2928 3892 2995 ἔχει

2326 3025 2630 3080 ἀνάπαυσιν
2693 3022 2748 3073 ἐν
2794 3023 2862 3090 τῇ
2895 3019 3164 3089 μελλούσῃ
3195 3019 3329 3086 ζωῇ.
3365 3019 3428 3071 Ρ.
3467 3019 3531 3068 Τί
3569 3017 3632 3068 τὸ
3662 3020 3895 3085 φρικτὸν

663 3143 907 3212 θεμένων
939 3139 998 3190 τὸ
1027 3109 1242 3206 πρῶτον
1299 3128 1391 3182 ἐπὶ
1423 3127 1516 3181 τοῦ
1571 3125 1804 3194 Πατρός.
1869 3122 1936 3200 P._
1977 3120 2049 3172 Τὸ
2097 3121 2226 3188 περὶ
2252 3167 2295 3224 C
2333 3116 2652 3186 μυστήριον,
2689 3111 2716 3164 ὃ
2750 3113 2807 3164 ὲν
2842 3111 2965 3181 ἐμοὶ
2990 3109 3245 3161 τελεῖται.

663 3236 792 3290 Θεὸν
845 3233 1046 3300 λέγειν,
1105 3228 1140 3298 ἢ
1197 3222 1551 3295 φθέγγεσθαι,
1615 3220 1710 3273 καὶ
1769 3217 1836 3270 τὰ
1888 3215 2010 3269 κατ’
2064 3213 2225 3267 αὐτὸν

664 3326 914 3397 ὲρευνᾷν.

735 3414 967 3473 LXXIV.
1009 3409 1325 3478 Θεολογικὸς
1351 3406 1603 3474 δεύτερος
1623 3443 1638 3468 ,
1669 3402 1764 3456 καὶ
1795 3400 1937 3454 κατὰ
1970 3400 2077 3452 τῶν
2109 3401 2226 3452 ἐπι-

668 3508 994 3581 χειρούντων
1019 3501 1296 3568 θεολογείν
1330 3499 1460 3552 ἄνευ
1493 3495 1830 3563 Πνεύματος.
1859 3490 1918 3546 Ρ.
1941 3491 1997 3544 '0
2025 3490 2228 3542 ἄνωθεν

669 3580 906 3669 εἰληφὼς
935 3598 1034 3664 τὴν
1069 3593 1163 3645 τοῦ
1195 3589 1333 3645 Θεοῦ
1394 3587 1603 3642 αῐνεσιν
1655 3586 1711 3636 έν
1768 3584 1844 3652 τῷ
1886 3581 2111 3650 στόματι
2141 3580 2230 3632 διὰ

672 3691 868 3751 παντὸς
907 3685 1243 3755 περιυξέρειν.

741 3777 950 3833 LXXV.
989 3772 1310 3840 Θεολογικὸς
1333 3769 1535 3839 τρίτος,
1556 3766 1647 3819 καὶ
1679 3767 1782 3829 ὅτι,
1801 3763 1853 3815 εἴ
1880 3781 1930 3816 τι
1959 3763 1986 3813 ό
2018 3761 2228 3830 Πατὴρ,

670 3875 828 3926 τοῦτο
854 3871 946 3923 καὶ
975 3871 1000 3920 6
1035 3868 1185 3927 Υἱὸς,
1216 3865 1265 3916 εἴ
1296 3879 1344 3914 τι
1386 3863 1414 3913 6
1437 3859 1586 3923 Υἱὸς,
1614 3857 1771 3911 τοῦτο
1802 3855 1894 3908 καὶ
1921 3853 1981 3906 τὸ
2013 3852 2231 3921 Πνεῦμα

671 3966 729 4014 τὸ
781 3963 954 4027 ἂγιον.
1011 3956 1117 4010 Καὶ
1175 3954 1256 4005 ὅτι
1313 3951 1371 4004 ἓν
1427 3948 1625 4012 ταῦτα,
1675 3945 1899 4012 Πνεῦμα
1947 3943 2229 4013 ὁμότιμον,

672 4051 976 4122 ὁμοούσιον,
1033 4046 1126 4098 καὶ
1183 4043 1496 4111 όμόθρονον.
1567 4037 1627 4091 Ρ.
1693 4035 1807 4088 Ἀεὶ
1861 4034 1957 4103 μὲν
2013 4035 2040 4086 6
2099 4031 2232 4094 Θεὸς

674 4139 1011 4212 ὐμνοὶμενός
1044 4153 1100 4188 τε
1136 4134 1230 4187 καὶ
1262 4132 1390 4200 παρ’
1424 4129 1581 4199 ἡμῶν
1613 4126 1988 4194 δοξαζόμενος.

746 4230 976 4289 LXXVI.
1003 4223 1333 4294 Εὐχάριστία
1363 4221 1623 4291 πρὸςτὸν
1646 4218 1776 4271 Θεὸν
1802 4213 2051 4284 περὶτῶν
2077 4229 2237 4280 γεγο-

676 4327 841 4380 νότων
877 4317 1210 4387 εὐεργεσιῶν
1245 4315 1326 4374 εἰς
1360 4311 1523 4364 αὐτὸν
1558 4308 1687 4379 παρ’
1728 4306 1920 4376 αὐτρῦ,
1974 4307 2030 4359 ὲν
2144 4304 2237 4357 καὶ

678 4414 808 4484 περὶ
836 4411 999 4481 εὐχῆς
1043 4402 1444 4474 πνευματικῆς,
1496 4402 1588 4454 καὶ
1626 4399 1754 4469 περὶ
1787 4396 2096 4467 προκοπῆς,
2142 4395 2236 4446 καὶ

2400 3205 2466 3259 II.
2504 3203 2601 3266 Τίς
2619 3205 2652 3271 ἡ
2675 3204 2767 3255 ἐπὶ
2790 3201 2866 3269 τῷ
2889 3200 3062 3268 Ilath
3089 3197 3268 3266 τούτῳ
3295 3196 3563 3265 γενομένη
3585 3196 3889 3258 ἀλλοίωσις,

2330 3296 2426 3350 καὶ
2458 3294 2573 3356 πῶς
2600 3290 2895 3360 καθαρθεὶς
2935 3287 3211 3355 εἰς’ἀκρον
3234 3285 3417 3356 ηνώθη
3474 3286 3611 3355 Θεῷ,
3645 3288 3738 3340 καὶ
3783 3282 3894 3348 οἷος

2331 3389 2390 3454 ἐξ
2418 3388 2533 3439 οἴου
2568 3385 2808 3452 ἐγένετο,
2850 3382 2898 3433 οί
2930 3379 3065 3450 πρὸς
3096 3379 3229 3430 Θεὸν
3261 3376 3426 3430 αὐτοῦ
3463 3377 3714 3446 ὲρωτικοὶ
3746 3376 3898 3439 λόγοι

2330 3476 2580 3538 δηλοῦσιν
2623 3471 2895 3535 ἐντεῦθεν,
2940 3469 2998 3532 ὃς
3051 3469 3146 3522 καὶ
3202 3467 3466 3533 θεολογῶν
3498 3466 3643 3532 λέγει
3677 3467 3812 3535 πρὸς
3834 3469 3896 3518 τὸ

2330 3570 2479 3628 τέλος
2504 3567 2633 3635 περὶ
2689 3563 2955 3632 ἀγγέλων.
2984 3561 3049 3614 Ρ.
3091 3561 3187 3622 Τίς
3210 3560 3242 3630 ἡ
3267 3561 3501 3628 ἄμετρος
3526 3557 3896 3627 εὐσπλαγχνία»

2333 3675 2450 3720 σου,
2485 3655 2668 3723 Σῶτερ

2401 3749 2492 3803 III.
2529 3746 2626 3809 Τίς
2654 3749 2680 3799 6
2715 3742 2972 3812 μοναχὸς,
2999 3742 3093 3793 καὶ
3131 3739 3214 3800 τίς
3243 3742 3275 3808 ἡ
3317 3737 3479 3790 αὐτοῦ
3518 3737 3768 3804 ὲργασίκ,
3803 3746 3900 3788 καὶ

2333 3843 2411 3904 εἰς
2443 3835 2555 3892 οἷον
2583 3837 2714 3906 ὕψος
2743 3830 2900 3897 οὗτος
2921 3835 2947 3885 ό
2974 3833 3117 3894 θεῖος
3145 3817 3334 3900 Πατὴρ
3379 3830 3606 3898 Θεωρίας
3645 3827 3897 3895 ἀνῆλθεν.

2333 3929 2396 3984 Ρ.
2423 3926 2672 3996 Μοναχὸς
2700 3925 2846 3986 ὅστις
2868 3922 3071 3992 ἀμιγής
3106 3923 3224 3972 ἐστι
3257 3918 3466 3988 κόσμῳ.

2403 4017 2495 4072 IV.
2528 4013 2853 4070 Διδασκαλία
2907 4014 2985 4074 είς
3016 4009 3282 4081 μοναχοὺς
3306 4007 3746 4077 ἀποταξαμένους
3775 4008 3902 4075 ἄρτι

2336 4111 2546 4180 κόσμῳ,
2582 4108 2675 4160 καὶ
2723 4107 2836 4167 τοῖς
2889 4105 2945 4156 ὲν
3001 4102 3226 4171 κόσμῳο
3261 4099 3517 4168 καὶπερὶ
3567 4096 3659 4149 τοῦ
3707 4099 3902 4150 ὁποίαν

2335 4201 2414 4261 τί,
2444 4197 2650 4266 ὀφείλει
2679 4197 2863 4247 πίστιν
2914 4193 3059 4262 ἔχειν
3089 4191 3224 4258 πρὸς
3254 4187 3345 4240 τὸν
3380 4188 3510 4240 ἴδιον
3546 4186 3792 4255 Πατέρα.
3834 4188 3900 4238 Ρ.

2341 4291 2509 4357 Ἀφες
2538 4289 2738 4358 κόσμον
2767 4285 2984 4339 ἅπαντα
3005 4282 3104 4334 καὶ
3127 4281 3250 4341 τοὺς
3275 4281 3333 4331 ὲν
3365 4279 3572 4347 κόσμῳ.

2413 4382 2477 4437 V.
2536 4378 2870 4447 ’Δλφάόητος
2925 4373 3066 4427 κατὰ
3121 4372 3382 4440 στοιχεῖον
3423 4368 3642 4422 διπλοῦν
3675 4368 3908 4438 προτρέ-

686 4458 808 4484 ..-ιη
837 4458 997 4481 ..-Λ-μ
1185 4458 1198 4474 ,
1700 4458 1712 4469 ,
1833 4458 1846 4467 .
2030 4458 2040 4465 .

680 4508 904 4574 ἀγάπης
936 4500 1034 4566 τῆς
1069 4497 1199 4565 πρὸς
1237 4493 1394 4546 Θεόν.
1421 4493 1485 4542 Ρ.
1529 4487 1851 4559 Εὐχάριστῶ
1873 4503 1978 4548 σοι,
2001 4485 2242 4536 Δέσποτα
2270 4485 2319 4544 D
2346 4488 2484 4532 πων,
2527 4469 2621 4522 καὶ
2671 4466 2876 4536 ὁδηγῶν
2922 4466 3001 4526 εἷς
3032 4462 3347 4530 τελεεότητα
3395 4458 3488 4510 τοῦ
3531 4459 3644 4528 βίου
3667 4459 3905 4527 ἀναδρα⁶

2413 4561 2431 4574 υ
2526 4561 2535 4574 ι
2614 4557 2636 4574 ν
2693 4573 2703 4574 κ
2764 4554 2847 4574 ᾲμν*
2867 4553 3067 4574 --Ι----η
3105 4551 3252 4574 ληλμ.-
3270 4567 3302 4574 ι-
3320 4550 3519 4574 ,ιαμ-...Α-
3617 4545 3651 4574 D
3703 4544 3753 4574 Ἀ
3775 4549 3905 4574 λιιι..-

682 4599 856 4661 Κύριε
910 4586 1139 4657 οὐρανοῦ
1202 4585 1296 4635 καὶ
1353 4585 1477 4651 γῆς,
1534 4583 1560 4632 6
1607 4582 1669 4632 ἐκ
1704 4578 1798 4631 τοῦ
1854 4583 1926 4646 μὴ
1967 4576 2115 4637 δντος
2161 4574 2239 4638 είς

680 4689 741 4739 τὸ
772 4681 910 4736 εἶναι
951 4678 1056 4748 πρὸ
1110 4673 1413 4738 καταϐολῆς
1460 4672 1667 4739 κόσμον
1702 4667 1955 4737 γενέσθαι
1991 4682 2058 4734 με
2102 4680 2240 4734 προ-

682 4777 888 4847 ορῗσας.

757 4861 1010 4919 LXXVII.
1057 4858 1292 4918 Μέθοδος
1327 4853 1452 4925 περὶ
1491 4851 1587 4920 τῆς
1631 4851 1781 4918 ἱερᾶς
1813 4847 2118 4918 προσευχῆς
2150 4846 2245 4898 καὶ

689 4953 984 5026 προῖοχῆς.
1021 4951 1083 5003 Ρ.
1144 4949 1305 5017 Τρεῖς
1335 4946 1440 4996 εἰσι
1478 4942 1575 5010 τῆς
1611 4939 1920 5009 προσευχῆς
1957 4939 2004 4989 οἱ
2035 4937 2243 5006 τρόποι.

692 5053 812 5108 Ich
841 5065 947 5103 non
997 5044 1285 5113 repel-lisse
1331 5041 1380 5091 iu
1414 5035 1698 5091 codicibus
1759 5028 2050 5088 liavaricis
2082 5024 2248 5080 refert

693 5142 1220 5202 Latinusinterpres,
1251 5131 1378 5182 licet
1413 5140 1598 5180 eOrum
1642 5119 1946 5176 meminerit
1969 5118 2250 5169 (Jour-allus

693 5232 965 5286 Gcsncrus
1004 5245 1017 5280 :
1062 5226 1403 5284 run-riuutur
1430 5227 1609 5270 tamen
1645 5211 1845 5282 passim
1875 5211 1928 5262 in
1959 5207 2248 5261 bibliothe-

694 5325 775 5378 cis
806 5320 1030 5373 Italicis.

765 5409 1043 5468 LXXVIII.
1097 5424 1188 5453 ..ιλ
1227 5404 1277 5455 τί
1324 5405 1356 5472 ἡ
1399 5400 1588 5470 πρώτη
1630 5399 1723 5450 καὶ
1771 5395 1997 5461 δευτέρα
2040 5390 2253 5461 φυλακὴ

696 5507 756 5559 οὐ
815 5502 1037 5555 δύναται
1088 5495 1372 5546 τελειῶσαι
1414 5493 1504 5544 τὸν
1554 5487 1826 5558 μοναχόνς
1861 5486 1917 5536 Ρ.
1956 5479 2170 5548 Ἐπειδὴ
2193 5477 2250 5530 οὐ

699 5598 840 5650 κατά
872 5592 1022 5655 τάξιν
1045 5589 1215 5641 ταῦτα
1248 5586 1588 5655 μετέρχεται.

766 5681 1005 5739 LXXIX.
1035 5675 1534 5747 Ἐρωταποκρίσεις
1569 5664 1923 5738 σχολαστικοῦ
1948 5677 2089 5720 τινος
2122 5657 2256 5727 πρὸς

701 5775 990 5832 Συμεώνην
1030 5769 1116 5822 τὸν
1141 5769 1275 5822 Νέον
1301 5764 1579 5828 Θεολόγον.
1607 5761 1671 5813 Ρ.
1724 5756 2020 5824 Ίσὶρώτητις
2093 5747 2157 5802 Τί
2191 5745 2256 5814 ἦν

2343 4561 2461 4628 μεῖν
2491 4561 2580 4610 τὶν
2607 4557 2730 4624 ἀρτι
2758 4554 2848 4606 τοῦ
2867 4553 3069 4620 κόσμου
3101 4550 3544 4618 ἀναχωρήσαντα.
3612 4545 3673 4601 Ρ.
3703 4544 3911 4616 ’Δρχὴν

2343 4650 2578 4716 ποιήσας
2610 4645 2845 4715 Χριστὸν
2875 4644 2966 4695 καὶ
2999 4640 3208 4710 θερμὴν
3235 4644 3435 4690 πίστιν.

2420 4737 2503 4792 VI.
2547 4738 2887 4806 Τετράστιχα
2932 4731 3024 4784 τοῦ
3068 4727 3230 4783 αὐτοῦ
3267 4729 3357 4780 τὸν
3388 4727 3522 4796 πρὸς
3572 4725 3702 4778 Θεὸν
3741 4725 3909 4777 αὐτοῦ

2343 4829 2652 4883 δεικνύοντα
2683 4826 2880 4896 ἔρωτα.
2908 4823 2971 4875 Ρ.
2991 4821 3111 4881 Πῶς
3137 4817 3358 4886 καὶπῦρ
3383 4816 3647 4886 ὑπάρχεις
3671 4813 3866 4884 βλύςον
3889 4831 3909 4879 ;

2345 4923 2462 4985 πῶς
2490 4923 2584 4972 καὶ
2609 4920 2750 4987 ὓδωρ
2777 4911 2856 4978 εἷς
2895 4913 3142 4985 δροσίζον
3169 4927 3184 4974 ;

2417 5016 2432 5033 ⁶
2461 5011 2572 5066 VII.
2637 5007 2912 5070 Ἐντευξις
2967 5001 3061 5054 τοῦ
3120 4998 3283 5052 αὑτοῦ
3334 5000 3412 5061 είς
3442 4997 3598 5059 Θεὸν,
3633 4996 3725 5048 καὶ
3761 4995 3917 5059 ὅπως

2348 5105 2465 5174 Θεῷ
2499 5099 2922 5167 συναπτόμενος,
2958 5092 3056 5146 καὶ
3098 5090 3255 5155 δόξαν
3293 5090 3423 5142 Θεοῦ
3459 5087 3599 5156 ὁρῶν
3643 5089 3699 5139 ὲν
3735 5086 3918 5155 ἑαυτῷ

2350 5191 2679 5262 ἐνεργοῦσαν
2706 5185 3088 5254 ἐξεπλήττετο.
3118 5183 3180 5235 Ρ.
3207 5181 3325 5242 Πῶς
3352 5195 3411 5231 σε
3433 5181 3582 5240 ἐντός
3617 5193 3718 5246 μου
3743 5190 3920 5245 προσ-

2349 5282 2493 5336 κυνῶ
2518 5298 2533 5345 ',
2560 5278 2672 5339 πῶς
2700 5276 2755 5328 δὲ
2789 5272 3003 5343 μακράν
3032 5287 3090 5322 σε
3121 5268 3343 5338 βλέπως

2421 5370 2564 5426 VIII.
2607 5357 2730 5420 Τίσι
2785 5364 2914 5426 Θεὸς
2956 5361 3336 5432 ἐμφανίζεται,
3388 5358 3484 5410 καὶ
3527 5356 3672 5418 τίνες
3715 5356 3773 5406 ἐν
3803 5354 3923 5420 ’ἐξει

2353 5467 2597 5535 γίνονται
2637 5459 2730 5512 τοῦ
2761 5456 2930 5509 καλοῦ
2992 5455 3077 5505 διὰ
3110 5456 3206 5522 τῆς
3238 5453 3344 5502 τῶν
3378 5449 3605 5502 ἐντολῶν
3635 5448 3921 5515 ἐργασίας.

2357 5563 2418 5612 Ρ.
2447 5555 2568 5617 [ιῶς
2616 5552 2829 5622 βλέπεις
2884 5545 3265 5615 κεκρυμμένος
3318 5542 3412 5604 ῶν,
3449 5539 3562 5600 πῶς
3612 5539 3812 5606 ἐφορᾷς
3853 5537 3938 5607 ’τὲιΔ

2362 5649 2539 5703 πάντα
2566 5662 2579 5709 ;

2433 5738 2522 5795 IX.
2557 5737 2678 5789 Ὅτι
2713 5735 2739 5786 6
2773 5730 2863 5784 τοῦ
2901 5727 3056 5798 ἁγίου
3084 5725 3396 5794 [Ινεύματος
3418 5722 3641 5792 μέτοχος
3657 5717 3925 5789 γεγονὼς,
