4148 6334
205 399 304 487 δοι

1633 410 1969 473 ΝΟἸῚΤΙᾹ.

3324 426 3432 488 302

207 514 308 568 ὑπὸ
340 513 432 596 τοῦ
469 515 643 582 φωτὸς
691 514 786 570 καὶ
822 518 921 588 τῆς
970 515 1249 587 δυνάμεως
1309 516 1474 571 αὐτοῦ
1525 518 1768 590 ἀρπαζό-
1797 535 1840 586 Α
1875 542 2095 594 μασται.
2152 529 2214 580 Ρ.
2280 528 2344 584 Τί
2389 531 2446 585 τὸ
2476 533 2662 588 καινὸν
2707 525 3018 604 μυστήριον,
3056 537 3298 594 Δέσποτα
3322 540 3430 591 τῶν

207 623 364 675 μενος
397 605 586 659 ἐπάνω
620 609 836 661 πάντων
866 607 1092 683 φέρεται
1127 608 1236 661 τῶν
1284 608 1490 672 παθῶν,
1528 610 1602 682 μὴ
1645 610 1770 681 βλα-

201 696 467 764 πτόμενος
507 698 585 770 τῷ
616 697 945 768 πλησιασμῷ
981 698 1072 754 ὑπ’
1094 700 1290 755 αὐτῶν.
1326 701 1391 754 Ρ.
1420 701 1506 767 AI,
1547 703 1626 766 αϊ,
1665 702 1769 756 Θεὲ

199 790 293 844 καὶ
319 792 490 862 Κύριε
518 795 935 863 παντοκράτωρ,
957 794 1040 855 τίς
1069 793 1341 863 χορτασθῇ
1378 791 1508 858 σούς

1875 616 2156 686 ἁπάντων,
2179 619 2206 673 6
2243 621 2320 685 είς
2351 623 2448 693 ἐμὲ
2479 624 2568 678 τὸν
2597 623 2802 678 ἄσωτον
2827 641 2842 689 ;

1947 710 1966 730 ¹
1996 709 2183 766 XXIII.
2218 713 2355 787 Περὶ
2413 716 2513 787 τῆς
2571 717 2959 781 ἀκαταλήπτου
2992 717 3086 769 καὶ
3115 720 3429 791 ἀπεριγρά-

1875 814 2010 850 πτου
2047 798 2298 869 θεότητος
2327 803 2560 879 ἀκριϐᾑς
2594 804 2865 872 θεολογίαο
2897 806 2988 858 καὶ
3020 807 3430 878 ὅτιάπερίγριι-

269 880 336 935 Χ.
377 883 499 936 Ὅτι
529 883 558 937 6
593 883 816 946 Θάνατος
846 865 1070 937 καὶτῶν
1102 882 1477 953 στερεωτέρων
1505 883 1570 952 τῇ
1610 880 1767 952 φύσει
1875 902 2006 949 πτος
2027 886 2163 942 οὖσα
2194 865 2238 958 ’ἡ
2270 889 2388 944 θεία
2405 865 2599 960 φύσις,
2631 865 2936 959 οὔτε-ἐντὸς
2981 894 3112 949 οὕτε
3135 865 3286 959 ἐκτός
3307 865 3429 950 ἐστι

198 970 555 1028 καθάπτεται.
583 975 648 1028 Ρ.
707 967 957 1028 ’Ἤκουσα
1007 972 1403 1045 πρᾶγμα-ξένον
1431 972 1525 1026 καὶ
1561 971 1764 1042 πλῆρες

197 1061 464 1132 θάμϐους.

267 1171 357 1227 XI.
392 1174 580 1237 Ὅπως
614 1173 806 1246 ώράθη
864 1173 1013 1245 αὑτῷ
1057 1173 1210 1238 Θεὸς,
1249 1174 1326 1238 ὡς
1363 1174 1620 1244 Στεφάνῳ
1670 1175 1764 1226 καὶ

195 1262 395 1331 Παύλῳ
435 1265 550 1326 τοῖς
605 1263 926 1328 ἀποστόλοις
964 1263 1201 1318 ἐνταῦθα
1235 1266 1262 1316 6
1309 1263 1499 1334 Πατὴρ
1524 1262 1763 1332 ἐκπλητ-

191 1354 415 1422 τόμενος
465 1355 754 1424 διηγεῖται.
804 1356 872 1410 .P.
911 1355 977 1410 Τί
1034 1356 1096 1410 τὸ
1125 1354 1311 1409 καινὸν
1335 1354 1430 1408 τοῦ
1462 1354 1760 1424 θαύματος,

192 1443 281 1498 τοῦ
316 1445 409 1497 καὶ
434 1444 528 1498 νῦν
559 1447 846 1516 γινομένου
875 1464 890 1514 ;

261 1533 378 1589 XII.
416 1536 552 1605 Περὶ
601 1536 695 1589 τοῦ
735 1537 852 1600 ἐνὸς
886 1537 1028 1591 κατὰ
1067 1537 1243 1591 πάντα
1273 1555 1378 1607 της
1401 1538 1762 1610 τρισυποστά·

189 1640 282 1678 του
334 1624 585 1696 θεότητος
625 1626 899 1695 θεολογία,
949 1630 1043 1682 καὶ
1083 1629 1152 1682 δι’
1188 1623 1263 1682 ὧν
1314 1633 1380 1700 τῇ
1430 1628 1758 1682 ταπεινώσει

188 1714 470 1786 χρώμενος
520 1717 668 1785 λέγει
719 1721 848 1789 περὶ
896 1720 1082 1784 αὑτοῦ,
1143 1724 1236 1773 κοιλ⁸
1272 1721 1382 1774 τῶν
1437 1720 1742 1782 δοκούντων

187 1797 326 1861 εἶναί
351 1824 403 1859 τι
449 1809 703 1877 ἐκτρέπει
736 1810 834 1879 τὴν
889 1811 1081 1878 οίησιν.
1107 1813 1168 1863 Ρ.
1228 1812 1347 1873 Ιιῶς
1390 1810 1425 1864 ἀ
1467 1827 1593 1864 ποτε
1620 1812 1758 1880 ἠφά-

192 1916 345 1962 νιαας
379 1903 438 1952 ἐν
468 1900 592 1968 ἐμοὶ
616 1901 783 1955 πάλιν
803 1900 1004 1969 mm;

259 2012 402 2066 XIII.
444 2013 736 2084 Προτροπὴ
760 2014 839 2077 είς
871 2014 1180 2083 μετάνόίαν,
1214 2014 1443 2077 καὶπῶς
1461 2015 1523 2066 τὸ
1549 2013 1759 2084 θέλημα

188 2103 285 2173 τῆς
336 2106 538 2172 σαρκὸς
576 2105 652 2173 τῷ
715 2100 985 2176 θελήματι
1030 2106 1126 2159 τοῦ
1181 2105 1496 2181 Πνεύματος
1555 2106 1755 2158 ἐνωθέν

191 2195 401 2263 θεοειδῆ
446 2198 538 2247 τὸν
570 2196 859 2266 ἀνθρωπον
900 2196 1294 2267 ἀπεργάζεται.
1333 2196 1395 2250 Ρ.
1438 2197 1622 2249 Κλαίω
1664 2196 1756 2248 καὶ

189 2288 613 2358 κατανύσσομαι,
667 2290 794 2342 ὅταν
823 2289 883 2340 τὸ
914 2290 1026 2356 φῶς
1059 2306 1150 2358 μοι
1186 2289 1396 2359 λάμψῃ.

253 2377 391 2432 XIV.
427 2378 759 2448 Εὐχαριστία
818 2379 955 2447 πρὸς
1005 2379 1137 2436 Θεὸν
1186 2379 1293 2431 τῶν
1337 2378 1553 2448 δωρεῶν
1595 2379 1755 2431 ἕνεκα

183 2462 257 2521 ὧν
281 2470 410 2538 παρ’
443 2469 609 2523 αὐτοῦ
642 2467 869 2539 ἠξιώθη,
903 2469 1002 2522 καὶ
1029 2470 1107 2521 ὅτι
1128 2469 1352 2540 φρικτὸν
1386 2470 1479 2522 καὶ
1509 2469 1757 2537 ἀγγέλοις

184 2559 240 2611 τὸ
263 2558 365 2628 τῆς
401 2559 703 2630 ἱερωσύνης
730 2561 826 2613 καὶ
849 2560 1208 2630 ἡγούμενείας
1261 2559 1497 2629 ἀξίωμα.
1527 2561 1589 2612 Ρ.
1613 2558 1755 2625 Ἐγὼ

181 2651 285 2705 κάν
334 2649 495 2714 θέλω,
521 2651 787 2715 Δέσποτα,
810 2649 1040 2720 λαλῆσαι
1074 2652 1173 2702 οὐκ
1201 2651 1386 2719 ἰσχύω.

252 2738 371 2794 XV.
410 2740 600 2804 Ὅπως
640 2740 854 2811 βλέπων
895 2741 994 2810 τὴν
1042 2739 1198 2804 δόξαν
1231 2741 1324 2793 τοῦ
1352 2741 1508 2806 Θεοῦ,
1540 2733 1696 2801 οὗτος
1727 2742 1754 2792 6

175 2832 328 2896 θεῖος
368 2834 653 2902 ἐνηργεῖτο
681 2833 869 2903 Πατὴρ
905 2832 1011 2884 ὑπὸ
1062 2831 1158 2884 τοῦ
1196 2831 1351 2899 ἁγίου
1399 2831 1711 2900 Πνεύματος
1736 2848 1750 2861 ο

179 2925 274 2979 καὶ
326 2926 411 2978 ὅτι
454 2924 514 2977 τὸ
543 2923 699 2977 Θεῖον
742 2924 892 2987 ἐντός
949 2925 1062 2977 ἐστι
1088 2923 1182 2975 τοῦ
1231 2923 1465 2988 παντός·
1490 2923 1627 2976 ἀλλά
1659 2923 1753 2975 καὶ

178 3014 386 3084 ληπτὸν
438 3033 498 3069 τε
546 3018 639 3072 καὶ
674 3016 912 3086 ἄληπτον
961 3017 1072 3078 τοῖς
1118 3014 1288 3078 ἀξίοις
1317 3029 1330 3044 ο
1401 3013 1495 3066 καὶ
1545 3014 1626 3066 ὅτι
1672 3015 1752 3075 είς

179 3107 353 3160 πολλά
378 3107 662 3177 γινόμενος
687 3111 715 3161 6
744 3106 978 3178 Χριστὸς
996 3107 1090 3160 καὶ
1119 3105 1251 3168 Θεὸς
1279 3106 1311 3174 ἡ
1322 3104 1436 3173 μῶν
1457 3105 1614 3175 μέλη,
1671 3102 1751 3167 εἷς

180 3200 296 3252 ἐστι
330 3200 428 3253 καὶ
449 3201 479 3252 6
510 3197 811 3262 αύτδςμιιιι.)⁹
843 3198 1018 3267 μένων
1055 3196 1349 3268 ἀμέριστός
1375 3212 1435 3248 τε
1464 3197 1552 3249 καὶ
1586 3197 1749 3249 ἀναλ⁶
1776 3224 1819 3278 C

179 3287 420 3352 λοίωτος.
477 3288 540 3343 Ρ.
585 3287 1142 3358 Ἀποκαλυπτομένου
1205 3302 1321 3353 σου,
1353 3286 1596 3339 Δέσποτα
1643 3285 1749 3340 τῶν

177 3379 460 3442 ἀπάντων,
491 3380 585 3431 καὶ
615 3379 770 3443 δόξαν
797 3377 891 3431 τοῦ
916 3376 1207 3448 προσώπου
1244 3392 1357 3430 σου.

211 3459 214 3461 λ
247 3466 392 3522 XVI.
435 3468 558 3520 Ὀτι
594 3467 839 3519 ποθεινόν
873 3483 933 3519 τε
978 3466 1072 3518 καὶ
1104 3464 1440 3533 ἐπιθυμητὸν
1472 3466 1612 3518 κατά
1652 3465 1747 3534 φύ-

180 3576 263 3611 σιν
302 3560 466 3627 μόνον
497 3559 556 3610 τὸ
581 3559 755 3622 Θεῖον,
788 3552 848 3609 οῦ
879 3559 907 3610 ὁ
944 3557 1184 3627 μετέχων
1215 3556 1432 3611 πάντων
1462 3559 1520 3609 ἐν
1547 3558 1744 3626 μετοχῇ

176 3650 367 3718 γέγονε
405 3650 513 3702 τῶν
560 3649 760 3704 καλῶν.
805 3650 871 3702 Ρ.
915 3648 1038 3702 Ὅτι
1060 3648 1122 3699 τὸ
1149 3649 1381 3718 πρᾶγμα
1421 3649 1481 3699 τὸ
1506 3646 1744 3716 κρυπτὸν

177 3745 328 3814 πάσῃ
359 3744 555 3810 κτιστῇ
583 3741 644 3793 ού
656 3757 680 3792 σ
692 3741 764 3811 Eg.

239 3851 409 3907 XVII.
435 3852 556 3905 Ὅτι
581 3853 607 3904 6
641 3851 802 3920 φόϐος
823 3853 988 3923 γεννᾷ
1003 3852 1099 3919 τὴν
1122 3850 1342 3921 ἀγάπην
1363 3864 1376 3879 ο
1420 3853 1454 3922 ἡ
1473 3851 1529 3904 δέ
1553 3851 1740 3922 ἀγάπη

172 3944 388 4015 ἐκριζοῖ
442 3945 533 3997 τὸν
593 3943 758 4013 φόϐον
816 3943 924 3996 ἀπὸ
999 3942 1100 4011 τῆς
1156 3941 1354 4012 ψυχῆς,
1428 3943 1537 4010 καὶ¹
1589 3941 1740 4009 μένει

174 4037 306 4107 μόνη
354 4039 417 4090 ἐν
457 4035 592 4104 αὐτῇ
625 4035 846 4104 Πνεῦμα
870 4032 1009 4086 θεῖον
1036 4029 1169 4087 οὖσα
1204 4033 1297 4086 καὶ
1320 4033 1498 4099 ἅγιον.
1524 4033 1589 4087 Ρ.
1613 4032 1738 4096 Πῶς

173 4130 403 4198 ὑμνήσω
427 4143 443 4192 ;
474 4127 590 4189 πῶς
615 4126 858 4191 δοξάσως
895 4124 1014 4187 πῶς
1033 4125 1197 4189 ἀξίως
1226 4124 1518 4194 εύφημίσω
1555 4140 1572 4190 ς

239 4223 258 4242 '
288 4214 479 4273 XVIII.
515 4215 840 4269 Διδασκαλία
892 4214 989 4266 σὺν
1041 4213 1287 4286 θεολογία
1317 4215 1444 4284 περὶ
1481 4214 1590 4266 τῶν
1649 4215 1737 4267 ἐν-

167 4308 402 4378 εργειῶν
435 4307 529 4375 τῆς
556 4306 714 4374 ἁγίας
764 4304 1006 4374 ἀγάπης,
1035 4303 1202 4374 ᾗγουν
1229 4303 1393 4357 αὑτοῦ
1417 4303 1510 4357 τοῦ
1558 4303 1734 4372 φωτὸς

166 4399 259 4453 τοῦ
283 4399 450 4466 ἁγίου
487 4395 835 4465 Πνεύματος.
889 4395 953 4448 Ρ.
1003 4393 1098 4457 Τίς
1130 4393 1422 4464 ἐξισχύσει,
1462 4393 1726 4460 Δέσποτα,

169 4496 293 4565 περὶ
319 4491 417 4546 σοῦ
452 4489 794 4560 διηγεῖσθαις
829 4487 842 4503 ⁵

234 4593 252 4609 ⁹
279 4583 428 4640 XIX.
479 4580 806 4636 Διδασκαλία
859 4581 965 4654 σὺν,
999 4581 1268 4653 θεολογίᾳ,
1311 4576 1442 4652 ἐν
1477 4581 1730 4650 καὶπερὶ

170 4677 477 4749 ἱερωσύνης
510 4675 629 4745 ἅμα
657 4675 751 4727 καὶ
797 4673 1041 4736 ἀπαθοῦς
1082 4671 1335 4742 θεωρίας.
1367 4674 1433 4728 Ρ.
1464 4672 1589 4736 Πῶς
1637 4688 1731 4725 σου

175 4769 396 4833 ἐξείπω,
425 4766 694 4830 Δέσποτα,
716 4764 784 4818 τά
815 4762 1104 4833 θαυμαστά
1142 4762 1239 4814 καὶ
1274 4761 1435 4825 ξένας

231 4866 248 4885 ⁹
277 4859 396 4914 XX.
425 4858 759 4926 Εὑχαριστία
785 4855 880 4910 καὶ
909 4852 1297 4924 ἐξομολόγησις
1337 4853 1434 4904 σὺν
1464 4850 1731 4921 θεολογίᾳ,

165 4952 253 5003 καὶ
302 4948 436 5018 περὶ
489 4947 696 5015 δωρεᾶς
752 4947 848 4998 καὶ
883 4943 1174 5014 μετουσίας
1202 4941 1517 5011 Πνεύματος
1540 4941 1727 5010 ἀγίουο

163 5038 225 5089 Ρ.
258 5036 439 5104 ’Ὡφθη
473 5034 538 5086 δι’
556 5033 656 5104 ἐμὲ
676 5032 769 5087 ἐπὶ
789 5031 892 5102 γῆς
927 5033 989 5084 ἐκ
1017 5031 1286 5102 παρθένου
1337 5033 1366 5084 6
1390 5029 1495 5101 πρὸ
1523 5030 1733 5084 αἰώνων

163 5130 386 5197 ἀόρατος
412 5127 694 5199 ὑπάρχων.

234 5243 418 5298 'XXI.
502 5240 791 5309 Ἐπιστολὴ
867 5243 1001 5310 πρὸς
1065 5241 1298 5308 μοναχὸν
1357 5241 1728 5310 ἐρωτήσαντα,

167 5337 284 5400 Πῶς
309 5334 570 5406 χωρίζεις
602 5333 690 5385 τὸν
736 5333 863 5385 Υίὸν
895 5331 1003 5385 ἀπὸ
1034 5330 1124 5383 τοῦ
1161 5329 1396 5400 Πατρὸς,
1422 5330 1658 5401 ἐπινοίᾳ,
1694 5330 1725 5400 ἢ

164 5429 443 5497 πράγματι
467 5441 481 5455 ι
513 5417 621 5496 ἐνῇ
651 5423 888 5502 πλοῦτον
916 5423 1168 5493 εὑρήσεις
1203 5419 1477 5486 θεολογίας
1500 5421 1729 5488 ἀνατρε-

164 5517 370 5586 πούσης
401 5518 500 5584 τὴν
526 5515 689 5568 αὐτοῦ
722 5513 1088 5582 βλασφημίαν.
1115 5513 1176 5566 Ρ.
1203 5509 1506 5580 Ἒλαμψας,
1534 5509 1728 5578 ἐξέφα·

170 5626 260 5670 νας
289 5611 403 5673 φῶς
441 5608 500 5659 τὸ
534 5608 634 5675 τῆς
662 5605 838 5672 δόξης.

236 5704 251 5722 ⁸
285 5699 446 5752 XXII.
488 5697 819 5766 Εὐχαριστία
871 5696 965 5748 σὺν
1011 5693 1289 5763 θεολοτια·
1335 5711 1424 5746 και
1478 5696 1602 5761 περὶ
1653 5685 1725 5747 ὧν

172 5788 342 5859 nam
363 5791 518 5860 χάίις
555 5785 644 5840 τοῦ
675 5786 981 5854 [Ινεύῃατι-ις
1020 5784 1100 5837 ξι)
1138 5782 1236 5837 τῶν
1278 5784 1562 5852 ὲνπίλγῖεῶν
1594 5783 1723 5837 ὠνό-

1871 976 1964 1029 τοῦ
1991 979 2190 1042 παντός
2213 996 2226 1009 °
2256 980 2391 1036 ἀλλά
2425 983 2521 1036 καὶ
2543 986 2692 1049 ἐντὸς
2720 986 2813 1040 καὶ
2847 987 3185 1055 ἐκτόςέστιν,
3217 987 3293 1049 ὡς
3321 989 3428 1041 τῶν

1870 1065 2010 1121 ὅλων
2043 1069 2214 1133 αἰτία,
2257 1070 2351 1124 καὶ
2402 1072 2483 1125 ὅτι
2518 1074 2678 1144 μόνον
2707 1078 2844 1132 κατὰ
2888 1079 3010 1132 νοῦν
3048 1078 3125 1147 τῷ
3147 1077 3428 1151 ἀνθρώπῳ

1870 1157 2072 1227 ληπτὸν
2101 1160 2360 1230 ἀλήπτως
2389 1163 2449 1216 τὸ
2473 1162 2637 1230 θεῖον,
2677 1165 2751 1228 ὡς
2777 1171 2892 1232 τοῖς
2911 1169 3210 1239 ὀφθαλμοῖς
3237 1171 3295 1224 αἱ
3331 1170 3424 1222 τοῦ

1875 1248 2024 1316 ἡλίου
2074 1252 2316 1316 ἀκτῖνες.
2368 1254 2430 1308 P.
2460 1255 2717 1326 ὮΤριάς
2761 1258 2794 1328 ἡ
2837 1259 3010 1320 κτίσις
3071 1259 3322 1313 πάντωνῐ
3375 1261 3426 1312 In

1869 1339 2052 1401 Μονὰς
2082 1343 2426 1410 ἀρχικωτάτη
2446 1347 2460 1398 1

1942 1433 1957 1448 ⁸
1986 1426 2174 1482 XXIV.
2207 1431 2283 1482 Δι’
2337 1428 2410 1485 ὧν
2452 1433 2937 1506 ἐξομολογούμενος
2992 1439 3049 1490 ἐν
3093 1439 3170 1508 τῷ
3191 1440 3427 1510 παρόντι

1868 1519 2069 1589 γράφει
2108 1523 2266 1591 λόγῳ,
2317 1524 2552 1578 δείκνυσι
2598 1526 2658 1577 τὸ
2691 1527 2850 1595 βάθος
2886 1530 2983 1600 τῆς
3014 1531 3205 1584 ἑαυτοῦ
3241 1551 3427 1586 ταπει-

1868 1610 2107 1677 νώσεως,
2139 1616 2232 1667 καὶ
2265 1616 2471 1686 προῖὼν
2509 1617 2748 1670 διδάσκει
2787 1618 2953 1690 αὐτὴν
2992 1621 3081 1674 τὸν
3111 1623 3189 1685 είς
3231 1625 3426 1694 μέτρον

1866 1702 2134 1757 ἐλάσαντα
2187 1705 2543 1775 τελειότητος.
2602 1710 2693 1760 καὶ
2738 1707 3035 1773 ἀξιωθέντα
3078 1713 3331 1768 τοιούτων
3369 1717 3428 1768 ἐν

1867 1791 2118 1864 θεολογίεξ⁴
2149 1795 2562 1864 ἀποκαλύψεων,
2596 1798 2807 1852 Παῦλον
2834 1799 2928 1853 τὸν
2948 1801 3088 1855 θεῖον
3127 1805 3230 1855 κάν
3253 1804 3426 1875 τούτῳ

1796 1889 1836 1944 Β
1871 1888 2209 1957 μιμούμενος
2257 1892 2580 1962 ἁμαρτωλὸν
2639 1894 2830 1948 ἑαυτὸν
2879 1897 3277 1962 ἀποκαλοῦντα,
3329 1904 3424 1954 καὶ

1866 1977 2089 2040 ἀνάξιον
2143 1977 2237 2029 τοῦ
2294 1978 2574 2032 καλεῖσθαι
2633 1983 2972 2037 ’Δπόστολον.
3004 1986 3069 2041 Ρ.
3111 1987 3272 2039 Δίδου
3308 2005 3419 2058 μοι,

1867 2065 2092 2135 Χριστέ,
2124 2068 2448 2136 καταφιλεῖν
2467 2069 2591 2133 τοὺς
2613 2071 2799 2134 πόδας.

1939 2159 1956 2178 “
1991 2154 2158 2209 XXV.
2207 2157 2344 2227 Περὶ
2381 2157 2481 2227 τῆς
2519 2160 2816 2232 γενομένης
2848 2163 3083 2234 θεωρίας
3137 2167 3284 2237 αὐτῷ
3329 2169 3424 2220 τοῦ

1866 2245 2009 2299 θείου
2036 2247 2234 2315 φωτὸς,
2271 2247 2366 2300 καὶ
2393 2249 2542 2314 ὅπως
2567 2251 2626 2302 τὸ
2647 2251 2794 2305 θεῖον
2819 2254 2933 2321 φῶς
2981 2256 3042 2308 ού
3072 2259 3426 2326 καταλαμσά-

1861 2355 2008 2392 νεται
2041 2339 2146 2393 ὑπὸ
2197 2340 2468 2405 σκότους,
2505 2344 2562 2396 ἐν
2606 2340 2686 2407 οἷς
2735 2346 2830 2398 καὶ
2869 2347 2954 2400 διὰ
2983 2350 3080 2419 τὴν
3123 2350 3422 2421 ὑπερϐολὴν

1862 2430 1972 2484 τῶν
1995 2431 2396 2501 ἀποκαλύψεων
2425 2433 2862 2506 ἐκπληττόμενος
2907 2440 3177 2510 μέμνηται
3201 2443 3301 2511 τῆς
3329 2447 3414 2500 ἀν-

1861 2519 2139 2593 θρωπίνης
2161 2523 2443 2587 ἀσθενείας
2483 2526 2578 2579 καὶ
2613 2527 2802 2580 ἑαυτὸν
2843 2531 3177 2600 κατακρίνει.
3206 2533 3270 2586 Ρ.
3299 2534 3422 2598 Πῶς

1859 2611 2162 2681 διαγράψω,
2188 2613 2452 2681 Δέσποτα,
2477 2616 2765 2686 προσώπου
2800 2635 2893 2670 σου
2914 2619 3010 2688 τὴν
3042 2621 3165 2672 θέαν
3193 2637 3207 2687 ;

1931 2701 1963 2734 "
1987 2701 2182 2761 XXVI.
2214 2705 2338 2758 Ὀτι
2370 2706 2402 2758 6
2433 2708 2489 2758 ἐν
2516 2709 2759 2778 ἀγνωσία
2787 2709 2920 2762 Θεοῦ
2940 2709 3023 2762 ἔτι
3054 2711 3184 2775 ζῶν,
3227 2718 3418 2784 νεκρός

1860 2793 1974 2846 ἐστι
2023 2794 2190 2864 μέσον
2236 2796 2345 2850 τῶν
2378 2797 2595 2861 ζώντων
2625 2799 2683 2850 ἐν
2736 2800 2937 2868 γνώσει
2967 2801 3101 2853 Θεοῦ
3127 2819 3139 2833 ο
3179 2806 3271 2856 καὶ
3325 2807 3412 2858 δτι

1857 2885 1970 2946 τοῖς
2021 2885 2253 2950 ἀναξίως
2326 2886 2435 2940 τῶν
2517 2890 2828 2960 μυστηρίων
2910 2890 3418 2961 μεταλαμϐάνουσιν

1859 2975 2095 3045 ἄληπτον
2124 2977 2185 3029 τὸ
2224 2978 2364 3032 θεῖον
2394 2980 2550 3050 σῶμα
2585 2982 2676 3033 καὶ
2708 2977 2846 3050 αἷμα
2872 2983 2965 3035 τοῦ
3005 2984 3241 3051 Χριστοῦ
3277 2987 3421 3054 γίνε-

1856 3082 1965 3120 ται.
2007 3069 2072 3123 Ρ.
2121 3068 2236 3121 Νῦν
2282 3072 2342 3123 ἐν
2371 3074 2483 3135 τοῖς
2521 3072 2683 3135 ζῶσιν
2740 3074 2814 3136 ώς
2841 3074 3051 3143 νεκρὸς,
3075 3070 3118 3128 ὦ
3145 3079 3414 3146 Δέσποτα,

1857 3159 2105 3229 ὑπάρχω.

1924 3247 2135 3304 XXVII.
2194 3251 2407 3304 Ὀποῖον
2442 3252 2523 3305 δεῖ
2554 3249 2692 3305 εἶναι
2723 3254 2813 3306 τὸν
2843 3257 3094 3325 μοναχὸν,
3125 3259 3220 3311 καὶ
3253 3260 3335 3323 τίς
3379 3266 3409 3331 ἡ

1850 3342 2082 3411 ἐργασία
2097 3342 2281 3396 τούτου
2298 3343 2390 3398 καὶ
2411 3345 2678 3414 προκοπὴ,
2705 3345 2798 3398 καὶ
2815 3346 3093 3412 ἀνάϐασις.
3119 3351 3182 3404 Ρ.
3215 3353 3410 3421 Ἀπέρ-

1852 3448 2016 3498 γασαι
2050 3433 2312 3486 παλάτιον
2341 3435 2432 3486 τὸν
2456 3436 2551 3504 τῆς
2578 3434 2753 3504 ψυχῆς
2788 3453 2881 3488 σου
2910 3435 3056 3491 οἶκον
3089 3441 3168 3503 εἰς
3222 3459 3410 3496 κατοιο

1849 3521 2075 3591 κίανητῷ
2111 3523 2354 3592 Χριστῷ.

1927 3610 2163 3665 XXVIII.
2205 3614 2344 3682 Περὶ
2385 3614 2482 3683 τῆς
2535 3615 2926 3685 ἀποκαλύψεως
2957 3619 3066 3672 τῶν
3101 3622 3405 3691 ’ἐνεργειῶν

1845 3701 1937 3754 τοῦ
1969 3701 2110 3755 θείου
2140 3704 2333 3771 φωτὸς,
2374 3706 2466 3757 καὶ
2495 3705 2753 3774 ἐργασίας
2780 3711 2970 3778 νοερᾶς
3025 3727 3084 3763 τε
3137 3713 3230 3765 καὶ
3259 3713 3408 3778 Otia;

1844 3793 1942 3862 τῆς
1965 3793 2422 3864 ἐναρέτουζωῆς.
2451 3796 2516 3848 Ρ.
2559 3796 2787 3848 Ἐἀσατε
2816 3799 2879 3866 τῇ
2914 3798 3076 3870 κέλλῃ
3111 3818 3211 3868 μου
3245 3803 3404 3871 μόνον

1843 3879 2314 3949 ἐγκεκλεισμένον.

1901 3968 2091 4024 XXIX.
2146 3970 2276 4022 Ὀτι
2320 3969 2502 4045 μόνοις
2556 3973 2784 4036 ἐκείνοις
2829 3978 3117 4047 καταφανῆ
3163 3979 3233 4032 τά
3291 3983 3400 4034 τῶν

1840 4060 1999 4114 θείων
2032 4061 2393 4131 πραγμάτων,
2411 4056 2492 4125 οἷς
2523 4061 2609 4115 διά
2645 4063 2743 4131 τῆς
2793 4066 3084 4132 μετουσίας
3114 4069 3207 4121 τοῦ
3241 4070 3400 4138 άγίοιι

1834 4151 2154 4221 Πνεύματος
2177 4151 2320 4214 ὅλοις
2362 4152 2484 4214 ὅλος
2529 4151 2713 4230 ήνώθη
2776 4152 2926 4218 Θεός.
2969 4157 3032 4210 Ρ.
3053 4158 3396 4234 Πόθενέρχῃ,

1837 4243 1953 4306 πῶς
1978 4243 2203 4316 είσέρχῃ
2233 4243 2444 4298 ἔνδοθεν
2474 4244 2574 4313 τῆς
2602 4243 2798 4314 κέλλης
2822 4245 2967 4313 λέγε.

1900 4333 2068 4389 XXX.
2099 4335 2219 4390 Ὅτι
2241 4337 2361 4399 ταῖς
2384 4334 2766 4405 καθαρθείσαις
2791 4335 2984 4406 ψυχαῖς
3032 4338 3120 4392 διὰ
3147 4340 3397 4411 δακρύων

1834 4424 1931 4478 καὶ
1959 4425 2244 4494 μετανοίας
2276 4424 2596 4494 προψαῦσαν
2612 4425 2674 4477 τὸ
2696 4424 2837 4478 θεῖον
2863 4425 2970 4496 πῦρ
2992 4427 3281 4496 δράσσεται
3300 4432 3396 4485 αὐ-

1757 4536 1804 4594 D
1831 4516 1962 4585 τῶν,
1979 4516 2074 4570 καὶ
2104 4515 2262 4570 πλέον
2279 4513 2526 4584 καθαίρει
2553 4513 2784 4582 φωτίζον
2805 4516 2872 4568 τὰ
2889 4515 2993 4568 ὑπὸ
3013 4518 3106 4585 τῆς
3122 4519 3395 4586 ἁμαρτίας

1835 4603 2199 4674 ἐσκοτισμένα
2231 4603 2371 4674 μέρη
2396 4603 2596 4666 αὐτῶν,
2627 4603 2723 4656 καὶ
2745 4603 2812 4657 τὰ
2838 4605 3131 4674 τραύματα
3160 4605 3393 4677 ἐξιώμε-

1836 4713 1924 4750 νον
1945 4697 2027 4760 είς
2051 4693 2263 4748 τελείαν
2288 4694 2449 4764 φέρει
2467 4691 2816 4758 συνούλωσιν,
2846 4694 2922 4755 ὡς
2942 4693 3018 4763 τῷ
3044 4694 3173 4764 θείῳ
3205 4697 3393 4750 κάλλει

1836 4785 2314 4856 ὑπεραστράπτειν
2368 4784 2572 4846 αὐτοῖς.
2609 4783 2666 4838 P.
2724 4783 2875 4836 Ἐπεὶ
2917 4783 3028 4854 πῦρ
3071 4786 3133 4838 τὸ
3180 4787 3321 4840 θεῖον
3365 4792 3393 4842 6

1832 4878 2022 4940 ὅντως,
2047 4877 2182 4944 ὅπερ
2214 4871 2367 4926 εἷπεν
2392 4876 2419 4926 6
2450 4872 2748 4943 Δέσποτης,
2783 4873 2866 4926 δτι
2889 4868 3051 4942 ἦλθεν
3085 4876 3171 4929 ἵνα
3197 4875 3387 4948 βάλλῃ.

1903 4969 1921 4986 ⁸
1952 4964 2142 5020 XXXI.
2171 4963 2306 5033 Περὶ
2333 4963 2632 5030 θεολογίας,
2665 4965 2761 5016 καὶ
2790 4964 2870 5016 ὅτι
2906 4964 3318 5036 ἀνεξερεύνητος
3352 4971 3386 5040 ἠ

1843 5057 1962 5110 θεία
1986 5057 2168 5125 φύσις,
2199 5057 2290 5110 καὶ
2317 5054 2492 5125 πάντη
2538 5056 2648 5118 τοῖς
2669 5053 2974 5123 ἀνθρώποις
2999 5055 3384 5128 ἀκατανόητος.

1830 5147 1892 5203 P.
1921 5147 2091 5216 Κύριε
2120 5148 2148 5199 6
2178 5146 2306 5205 Θεὸς
2335 5145 2493 5215 ἡμῶν
2547 5145 2756 5218 Πατὴρ,
2782 5144 2898 5211 Υίὲ,
2940 5145 3033 5199 καὶ
3069 5147 3288 5218 Πνεῦμα
3319 5153 3382 5219 σῇ

1830 5240 1899 5308 τῇ·
1929 5238 2108 5308 μορφῇ
2140 5235 2393 5298 ἀνείδεος.

1907 5331 1923 5348 ⁹
1955 5327 2172 5381 XXXII.
2205 5327 2328 5380 Ὅτι
2351 5327 2404 5379 οἱ
2437 5324 2633 5390 ἔνδοξοι
2658 5323 2754 5394 τῆς
2777 5325 2902 5394 γῆς,
2927 5326 3022 5379 καὶ
3053 5325 3271 5395 σοόαροὶ
3309 5331 3384 5396 τῷ

1831 5416 2048 5487 πλούτῳ
2078 5417 2211 5487 περὶ
2235 5418 2334 5487 τὴν
2365 5417 2523 5470 σκιάν
2553 5415 2661 5471 τῶν
2689 5416 2983 5486 ὁρωμένων
3031 5417 3338 5471 πλανῶνται
3371 5440 3382 5450 ·

1831 5511 1880 5562 οἱ
1905 5508 1961 5561 δέ
1990 5525 2052 5577 γε
2082 5509 2191 5560 τῶν
2224 5508 2508 5576 παρόντων
2540 5509 3052 5586 καταφρονήσαντες
3075 5510 3132 5562 ἐν
3151 5508 3385 5561 ἀπλανετ

1832 5600 2043 5669 μεθέξει
2093 5600 2184 5652 τοῦ
2252 5599 2396 5652 θείου
2450 5600 2691 5668 γίνονται
2736 5599 3066 5670 Πνεύματος.
3117 5599 3178 5655 Ρ.
3246 5601 3383 5654 Ὑπὸ

1831 5691 2032 5743 πιστῶν
2062 5708 2146 5758 με,
2180 5693 2445 5757 Δέσποτα,
2466 5691 2870 5760 λοιδορούμενον
2900 5691 3130 5762 βλέπων.

1899 5787 1912 5804 ¹
1953 5782 2193 5839 XXXIII.
2229 5785 2359 5848 Περὶ
2394 5784 2688 5851 θεολογίας,
2725 5783 2816 5838 καὶ
2854 5785 2932 5837 ὅτι
2959 5783 3006 5836 οἱ
3041 5783 3099 5836 τὸ
3141 5785 3260 5838 κατ’
3290 5801 3367 5834 ε.-
