4148 6334
247 418 354 481 305

245 636 349 689 ριε,
380 618 469 679 δός
507 633 595 683 μοι
628 614 862 674 σύνεσιν,
890 612 1083 682 Κύριε,
1111 613 1208 674 δός.
1228 628 1317 679 μοι
1350 611 1572 678 γνῶσιν.

311 709 475 765 LVII.
510 709 632 759 ’Ὁτι
669 706 761 758 τὸν
789 706 921 758 Θεὸν
953 705 1010 770 ἐξ
1044 705 1170 769 ὅλης
1200 705 1442 773 ποθήσας
1470 702 1670 770 ψυχῆς,
1717 718 1740 768 ι.
1767 729 1806 750 .-

245 804 328 852 σεϊ
353 801 442 851 τὸν
480 798 702 867 κόσμον.
736 798 796 852 Ρ.
825 796 959 866 Σκιᾷ
1008 794 1339 864 κρατοῦμαι,
1395 791 1490 841 ναὶ
1547 791 1805 848 ἀλήθειαν

244 895 448 961 βλέπω.

315 983 512 1038 ἰνιιι.
544 982 869 1036 Διδασκαλίαι
899 983 1049 1049 κοινῇ
1088 983 1182 1031 συν
1211 980 1417 1046 ἐλέγχῳ
1439 977 1572 1044 πρὸς
1600 976 1806 1036 πάντας

247 1073 501 1140 βασιλεῖς,
540 1073 834 1141 ἀρχιερεῖς,
869 1071 1050 1136 ἱερεῖς,
1087 1067 1554 1137 μονάζοντας·κα1.
1585 1064 1805 1125 λαῖκοὺς

244 1164 350 1215 ὑπὸ
383 1161 651 1225 στόματος
701 1159 993 1228 λαληοεῖσα
1046 1159 1140 1210 καὶ
1183 1156 1488 1225 λαλουμένη
1537 1153 1692 1206 Θεοῦ.
1744 1155 1802 1208 Ρ.

241 1249 311 1306 Ὠ
353 1254 571 1321 Χριστὲ,
625 1253 908 1323 παράσχου
972 1267 1058 1318 μοι
1117 1249 1307 1316 λόγους
1365 1247 1577 1313 σοφίας,
1614 1247 1806 1313 λόγους

241 1342 495 1408 γνώσειιις
532 1322 714 1403 Θείας.
870 1322 879 1329 ’

310 1429 598 1483 Orationes
642 1431 858 1493 soluta;
909 1429 1100 1484 divinae
1173 1434 1408 1487 Laudes,
1442 1427 1552 1480 sive
1582 1427 1807 1478 Amores

243 1520 432 1573 stricta
479 1520 721 1575 oratione
781 1521 1075 1588 conscripti
1120 1533 1243 1573 sunt
1283 1537 1294 1571 :
1332 1532 1564 1584 namque
1594 1526 1652 1570 ut
1688 1517 1806 1585 plu-

243 1608 440 1663 rimum
469 1611 718 1665 versibus
771 1610 1026 1678 politicis,
1085 1609 1335 1663 iambicis
1389 1616 1442 1661 et
1499 1606 1809 1661 Anacreon-

241 1701 365 1754 ticis
394 1710 665 1764 constant,
702 1701 774 1754 ita
817 1711 989 1756 tamen
1026 1711 1082 1756 nt
1134 1702 1277 1755 nulla
1334 1701 1657 1771 quantitatis
1699 1700 1808 1769 syl-

241 1790 514 1856 labarum,
566 1794 706 1859 quod
733 1794 1144 1848 accuratissime
1171 1803 1382 1849 veteres
1422 1793 1807 1857 observabant,

243 1882 382 1935 ratio
406 1883 704 1950 habeatur;
737 1896 945 1940 tantum
988 1902 1172 1940 earum
1229 1902 1509 1948 numerus,
1572 1884 1810 1938 declina-

244 1974 531 2044 tionesque
567 1987 887 2031 accentuum
953 1979 1328 2033 attendantur.
1390 1977 1454 2030 Et
1509 1977 1647 2029 ratio
1707 1977 1809 2031 ista

240 2067 723 2132 conlingendorum
781 2071 1082 2122 carminum
1115 2084 1218 2122 non
1278 2083 1420 2122 nunc
1471 2067 1703 2134 primum
1755 2067 1810 2118 in

242 2171 306 2210 ea
347 2159 589 2223 natione,
622 2176 714 2213 seu
758 2161 924 2213 multa
970 2160 1166 2213 abhinc
1201 2159 1419 2221 saecula,
1465 2157 1667 2210 laboris
1700 2157 1813 2208 for-

243 2263 343 2302 san
374 2258 586 2318 pertcsa
630 2260 755 2305 ante
810 2258 867 2304 et
939 2249 1189 2305 barbarie
1269 2249 1451 2302 omnia
1513 2258 1814 2317 occupante

245 2335 406 2404 (adde
467 2353 682 2407 quoque
737 2338 990 2392 similium
1041 2352 1221 2391 rerum
1290 2337 1704 2405 ignorationem)
1755 2337 1810 2390 in

246 2443 349 2482 usu
382 2426 551 2482 fuisse
605 2429 936 2496 comperitur
971 2437 1029 2480 ut
1077 2428 1331 2490 videmus
1373 2427 1428 2480 in
1485 2426 1659 2480 Photii
1719 2440 1814 2494 pa-

247 2519 520 2581 triarchae,
560 2519 938 2587 ChristOphori
976 2518 1132 2588 primi
1180 2533 1208 2571 a
1244 2519 1492 2583 secretis,
1548 2518 1811 2572 Constan-

246 2609 344 2662 tini
403 2611 750 2678 Anaguostae,
786 2609 1043 2663 Manuelis
1087 2609 1425 2676 imperatoris
1487 2615 1541 2663 et
1583 2608 1812 2662 aliorum

246 2699 610 2766 hemliambis,
659 2703 772 2756 sive
828 2699 1263 2764 Anacreonticis,
1295 2698 1477 2761 Pselli,
1508 2698 1816 2766 Metaphra-

247 2800 366 2854 stae,
401 2789 683 2854 Manassae,
733 2791 960 2860 Philippi
1008 2790 1265 2856 Solitarii,
1299 2789 1563 2844 Manuelis
1627 2787 1813 2858 Philae,

249 2879 461 2936 Tzetzze
493 2882 690 2938 iambis
723 2891 774 2936 et
796 2882 1029 2951 politicis
1065 2899 1080 2934 :
1111 2896 1219 2950 quo
1272 2891 1448 2934 tamen
1487 2878 1816 2934 recentiores

245 2983 304 3026 et
338 2974 754 3042 negligentior-es
791 2975 840 3027 in
877 2974 985 3028 illis
1013 2973 1310 3042 pangendis
1336 2972 1507 3027 fuere.
1533 2971 1597 3024 Et
1629 2985 1818 3037 quem-

251 3062 544 3118 admodum
577 3064 956 3118 Anacrcontici
985 3079 1093 3121 non
1143 3077 1330 3117 omnes
1365 3062 1554 3116 eodem
1583 3061 1817 3132 syllaba-

1679 407 2010 468 NOTITIA.

239 531 352 589 τὸν,
393 524 670 593 ίκετὴριός
707 539 765 574 τε
796 519 953 589 ὁμοῦ,
991 518 1084 572 καὶ
1119 519 1566 589 εὐχαριστήριος.
1599 520 1662 570 Ρ.
1690 517 1805 570 Κύ-
1836 520 1882 575 Α

3359 395 3464 470 80⁸

2052 521 2324 584 Λίφνίδιον
2348 519 2542 580 πολλὰς
2568 519 2813 586 σκληρὸν

2059 589 2224 640 Ὀποῦ
2260 588 2453 654 συνέϐη
2497 589 2592 654 μία
2635 587 2799 654 φοράο

2052 658 2329 724 Ἀνάμεσα
2354 657 2539 714 σὲ,δύο
2567 655 2908 721 νιουτζίκους

2047 728 2287 781 Θάνατον
2307 729 2446 793 λυπη
2459 729 2638 795 μένον.

2048 798 2156 850 Καὶ
2179 815 2250 849 πα
2260 814 2457 863 ραπονε
2467 797 2624 862 μένον

2053 866 2099 919 ϐ’
2129 866 2203 918 ἕν’
2233 867 2442 933 ὄμορφο
2470 866 2679 935 λιὸἁδη,

2186 935 2289 987 ποῦ
2317 937 2640 1003 ξεφαντόναν
2673 937 2835 1003 μάδη.

1911 1059 1972 1103 ht
2005 1065 2098 1118 pro
2129 1053 2428 1109 carminum
2504 1051 2692 1105 horum
2732 1049 3042 1123 generibus,
3081 1048 3342 1119 quidquid
3374 1047 3465 1099 alii

1911 1142 2113 1204 dicant,
2147 1157 2212 1196 ne
2251 1151 2401 1196 extra
2438 1142 2717 1195 materiam
2761 1140 2968 1194 diutius
2996 1154 3304 1208 evagemur,
3331 1138 3468 1192 satis

1909 1232 2036 1286 sint.

1979 1344 2252 1399 Gesnerus
2282 1359 2346 1399 ex
2391 1341 2672 1410 Capitibus
2757 1341 3043 1412 Symconis
3114 1343 3365 1409 practicis
3416 1352 3469 1394 et

1912 1436 2229 1505 theologicis
2265 1437 2410 1503 ponit
2482 1433 2859 1488 tantummodo
2939 1440 3182 1494 centum,
3227 1431 3308 1484 ’ad
3356 1420 3472 1484 hcce

1914 1527 2013 1580 alia
2061 1527 2244 1596 viginti
2276 1527 2535 1593 quinque,
2595 1525 2649 1576 In
2683 1523 2906 1576 llavaria
2960 1523 3282 1576 bibliotheca
3313 1523 3469 1584 longe

1913 1620 2065 1687 plura
2107 1618 2520 1684 suppeditantur
2549 1615 2723 1668 tribus
2775 1614 2950 1667 titulis
2985 1612 3130 1665 :To-3
3169 1613 3317 1664 ὁσίου
3351 1612 3467 1663 Ila-

1911 1709 2036 1778 τρὸς
2061 1707 2214 1777 ἡμῶν
2247 1704 2590 1773 Συμεὼν·τοῦ
2621 1706 2758 1755 Νέου
2805 1703 3099 1769 Θεολόγου,
3135 1709 3238 1755 etc.
3273 1701 3317 1752 1.
3365 1700 3472 1760 Κέ-

1914 1799 2117 1866 φάλαια
2175 1793 2452 1862 πρακτικὰ
2498 1794 2589 1845 καὶ
2643 1791 2926 1858 Οεολογικά
2967 1787 3067 1858 ραῆ
3095 1789 3148 1842 ‘2.
3188 1788 3472 1857 Κεφάλαια

1913 1891 2004 1942 τοῦ
2042 1889 2206 1941 αὑτοῦ
2236 1886 2533 1955 γνωστικὰ,
2561 1887 2654 1938 καὶ
2689 1887 2814 1952 περὶ
2855 1885 3130 1950 θεολογίας
3163 1882 3259 1934 κε’.
3288 1883 3340 1936 5.
3364 1881 3470 1934 Τοῦ

1914 1981 2077 2034 αὐτοῦ
2114 1981 2378 2046 κεφάλαια
2411 1977 2698 2044 Θεολογικὰ,
2723 1976 2816 2026 καὶ
2848 1974 3123 2044 πρακτικὰ
3165 1973 3263 2044 ρβ’.
3311 1971 3383 2026 Ea
3408 1974 3472 2045 ad

1913 2083 2082 2122 unum
2122 2082 2318 2135 corpus
2351 2065 2629 2118 Pontanus
2658 2063 2881 2130 redegit,
2907 2058 3206 2130 vidensque
3245 2060 3298 2114 in
3326 2068 3470 2113 tanta

1917 2156 2263 2212 multitudine
2305 2170 2473 2223 pauca
2505 2162 2559 2208 et
2616 2154 2846 2221 sparsim
2882 2152 3085 2206 inserta
3146 2151 3471 2220 theologica,

1916 2247 2212 2315 eademque
2306 2245 2550 2300 Practica
2632 2246 2853 2314 potius,
2924 2256 3087 2310 quam
3149 2240 3473 2311 Oswpixa,a

1916 2351 2143 2392 numero
2181 2337 2375 2406 potiori
2406 2337 2628 2390 moralia
2666 2335 2995 2390 nominanda
3028 2333 3262 2397 censuit,
3299 2341 3352 2386 et
3375 2330 3473 2385 La-

1915 2432 2029 2486 tine
2058 2444 2182 2485 cum
2222 2429 2342 2484 aliis
2393 2428 2677 2498 Symconis
2728 2426 2982 2494 Operibus
3017 2424 3332 2492 publicavit.
3364 2422 3474 2488 Ego

1914 2522 2099 2578 Grmce
2168 2522 2338 2589 ipsius
2371 2521 2423 2573 in
2453 2519 2651 2574 Italicis
2699 2517 3040 2572 bibliothecis
3076 2517 3199 2586 legi.

1988 2614 2026 2666 Ι.
2058 2614 2343 2681 Κεφάλαια
2387 2612 2450 2681 ρ’.
2497 2613 2558 2666 Ρ.
2604 2611 2827 2679 ’Δδελφὲ
2871 2609 3078 2679 ταύτην
3131 2606 3265 2674 ἡγοῦ
3324 2605 3476 2673 λέγι-

1919 2707 2042 2758 σθαι
2081 2703 2452 2773 ἀναχώρησιν,
2487 2702 2701 2755 τελείαν
2737 2701 2946 2770 κόσμου
2973 2703 3072 2769 τὴν
3105 2697 3367 2760 παντελῆ.

1987 2795 2055 2849 ll.
2118 2795 2401 2864 Κεφάλαια
2431 2794 2708 2862 πρακτικὰ
2737 2794 2831 2846 καὶ
2858 2790 3165 2859 θεολογικά.
3194 2787 3255 2844 Ρ.
3284 2787 3489 2850 Πίστις-

1919 2887 2036 2940 ἐστὶ
2051 2887 2110 2938 τὸ
2124 2886 2209 2939 διὰ
2224 2887 2454 2954 Χριστὸν
2473 2884 2613 2950 ὑπὲρ
2631 2884 2726 2952 τῆς
2741 2883 2903 2936 αὑτοῦ
2924 2883 3141 2948 ἐντολῆς
3166 2879 3476 2934 ἀποθανεῖν.

1985 2976 2071 3033 Ill.
2111 2976 2413 3041 Κεφάλαια.
2449 2975 2509 3030 Ρ.
2553 2975 2777 3026 ’Δδειαν
2804 2967 2959 3042 εὗρεν
2998 2975 3025 3025 ὁ
3061 2970 3303 3032 διάϐολος
3346 2968 3480 3036 μετὰ

1918 3068 2025 3121 τῶν
2041 3068 2204 3120 αὐτοῦ
2219 3068 2506 3136 δαιμόνων,
2525 3062 2616 3132 ἀφ’
2635 3060 2696 3118 οὗ
2732 3065 2823 3118 τοῦ
2849 3064 3196 3132 παραδείσου.

248 3168 395 3216 rum,
428 3169 491 3207 ac
545 3154 736 3223 pedum
771 3169 996 3209 numero
1046 3152 1467 3227 concluduntur,
1531 3152 1603 3205 ita
1659 3163 1711 3205 et
1761 3152 1815 3206 bi

1989 3157 2081 3214 IV.
2114 3161 2212 3212 Ἐκ
2250 3159 2341 3210 τοῦ
2373 3158 2536 3210 αὐτοῦ
2573 3157 2744 3221 λόγων
2779 3155 2998 3223 ἐκλογαί
3042 3171 3186 3215 τινες
3241 3150 3480 3217 θεολογι-

253 3259 402 3300 nunc
435 3245 703 3314 pluribus,
739 3259 884 3299 nunc
943 3243 1297 3314 paucioribus
1353 3243 1592 3312 syllabis,
1633 3242 1699 3294 ad
1726 3257 1819 3296 eo-

251 3351 372 3390 rum
433 3344 617 3390 tamen
688 3350 933 3390 normam
986 3341 1408 3402 componuntur.
1464 3333 1522 3386 ln
1574 3332 1820 3387 iambicis

250 3429 411 3484 aliter
450 3427 651 3481 factum
693 3435 776 3484 est
809 3447 823 3483 :
859 3441 980 3480 nam
1013 3440 1139 3480 cum
1199 3429 1412 3478 veteres
1463 3423 1674 3478 ratione
1731 3439 1822 3490 pe-

251 3521 383 3575 dum
423 3520 753 3589 longiorum,
792 3527 883 3571 aut
918 3516 1347 3571 contractiorum
1402 3528 1545 3568 nunc
1599 3514 1820 3584 syllabis

251 3612 553 3676 auctiores,
605 3625 750 3663 nunc
799 3606 1199 3662 imminutiores
1250 3605 1424 3658 dictos
1454 3620 1644 3658 versus
1681 3603 1822 3658 fece-

253 3702 365 3755 rint
391 3700 521 3754 licet
556 3714 768 3767 semper
834 3697 1028 3766 pedum
1112 3709 1396 3749 numerum
1458 3694 1820 3759 observarint,

253 3792 594 3848 recentiores
625 3788 857 3858 syllabas
909 3795 1116 3839 tantum
1169 3799 1369 3852 easque
1421 3783 1707 3836 duodecim
1739 3800 1824 3836 re-

255 3881 610 3951 ligiosissime
668 3888 906 3934 servant.
966 3875 1119 3942 Quod
1156 3875 1296 3928 idem
1329 3881 1604 3929 servatum
1637 3883 1720 3928 est
1769 3875 1824 3926 in

256 3973 515 4044 politicis,
561 3972 614 4024 in
645 3971 842 4040 quibus
911 3966 1148 4037 syllabas
1208 3964 1517 4033 quindecim
1549 3977 1826 4031 nunquam

255 4065 570 4128 excedunt;
616 4071 667 4116 et
706 4062 749 4116 si
781 4075 900 4129 qua:
929 4059 1071 4112 ultra
1088 4058 1361 4123 videntur,
1389 4071 1481 4111 eas
1513 4071 1609 4122 per
1645 4054 1826 4122 aphae-

256 4157 451 4217 resim,
488 4142 603 4208 sive
651 4151 1023 4223 synalrephem
1058 4149 1346 4204 decurtant
1399 4155 1453 4200 et
1507 4147 1822 4207 absumunt,

258 4248 404 4316 quod
433 4250 605 4313 magis
637 4245 690 4297 in
718 4245 1026 4297 Graecorum
1077 4240 1304 4302 recenti,
1358 4237 1682 4305 vulgatoque
1716 4251 1830 4289 ser-

259 4355 444 4402 mone,
483 4347 542 4390 nt
570 4345 623 4390 et
651 4337 702 4389 in
742 4333 1022 4397 ltaiorum,
1053 4331 1195 4401 apud
1244 4343 1380 4398 quos
1416 4326 1621 4382 similes
1643 4325 1828 4378 hiatus

261 4434 327 4488 ad
367 4447 656 4487 numerum
710 4429 1037 4498 syllabarum
1108 4423 1448 4480 retinendum
1497 4422 1830 4487 restringun-

1921 3249 2036 3301 καί.
2069 3248 2125 3301 Ρ.
2173 3250 2269 3301 ’ον
2299 3249 2496 3316 τρόπον
2536 3249 2591 3300 at
2621 3248 2807 3316 vospai.
2833 3244 3011 3308 τάξεις
3041 3244 3146 3297 τῶν
3171 3243 3282 3296 ἄνω
3319 3240 3480 3295 δυνάο

1927 3356 2068 3407 μεων
2107 3340 2210 3392 ὑπὸ
2241 3339 2393 3391 Θεοῦ.
2436 3339 2492 3392 1η
2533 3338 2858 3392 bibliotheca
2901 3335 3179 3398 Vaticana,
3221 3331 3481 3403 quemad-

1925 3430 2141 3484 modum
2174 3440 2228 3483 et
2256 3429 2512 3498 pleraque
2543 3428 2812 3498 alia,quae
2866 3441 3036 3496 supra
3080 3423 3480 3487 recensuimus,

1923 3520 2195 3572 habentur
2239 3529 2495 3585 praeterea
2522 3518 2768 3586 ejusdem
2797 3532 3008 3586 preces.

1993 3608 2058 3662 ν.
2098 3607 2452 3675 Principium,
2487 3606 2640 3658 Ἐλθὲ
2677 3609 2710 3675 ή
2738 3604 3190 3677 κρυσταλλοειδὴς
3219 3604 3356 3670 ζωὴ.
3387 3601 3483 3656 καὶ

1924 3698 2180 3763 διάλιθος,
2223 3699 2316 3751 καὶ
2339 3698 2810 3768 πσντοκρατορικὴ
2849 3696 3021 3759 δεξιά.

2004 3789 2084 3842 Vl.
2115 3789 2470 3856 Principium,
2514 3787 2686 3857 Κύριε
2715 3786 2897 3848 Ἰησοῦ
2935 3785 3162 3857 Χριστὲ,
3222 3787 3250 3838 ὁ
3302 3782 3486 3854 πάσης

1927 3881 2155 3943 κτίσεως
2182 3882 2440 3948 Ποιητής.

2001 3968 2110 4021 VII.
2147 3970 2239 4030 Et;
2261 3969 2318 4020 τὸ
2350 3969 2502 4034 ἤγιον
2531 3967 2775 4035 Πνεῦμα.
2808 3967 2867 4021 Ρ.
2909 3968 3000 4020 Σοὶ
3063 3976 3210 4038 μόνω
3270 3971 3482 4026 ἀγαθῶ.

1928 4062 2022 4113 καὶ
2047 4059 2322 4127 παναγίῳ,
2351 4058 2443 4110 καὶ
2468 4057 2714 4128 ζωοποιῷ
2741 4059 3040 4128 Πνεύματι.

1999 4149 2131 4204 Vlll.
2170 4150 2382 4219 Ἑτέρα.
2410 4148 2470 4204 P.
2507 4149 2678 4218 Κύριε
2717 4146 3138 4219 παντοκράτωρ,
3188 4151 3222 4220 ὴ
3281 4153 3494 4220 ῡωράο,

1931 4258 2116 4312 πειρος
2152 4241 2244 4293 καὶ
2271 4240 2439 4307 ὰνέκφ
2451 4257 2666 4308 ραστος.

2002 4333 2056 4385 In
2087 4332 2416 4386 Biblimheca
2449 4332 2666 4386 Antonii
2715 4332 3002 4400 Augustini
3035 4336 3162 4388 cod.
3200 4335 3294 4397 86,
3325 4336 3497 4391 habet

1933 4425 2129 4476 bantur
2163 4422 2398 4487 ejusdem
2429 4441 2440 4475 :
2475 4421 2666 4488 Capita
2704 4423 2939 4488 practica
2968 4433 3013 4476 et
3047 4422 3332 4491 theologica
3367 4425 3490 4482 101.

261 4534 370 4590 tur,
410 4523 764 4600 conspicitur:
824 4519 1036 4571 Politici
1080 4516 1199 4570 ideo
1235 4514 1388 4576 dicti,
1420 4511 1565 4580 quod
1591 4524 1827 4564 commu-
1861 4515 1904 4566 ι)
1941 4511 2012 4564 De
2042 4510 2299 4578 theologia
2329 4511 2434 4568 alia
2465 4510 2648 4576 Capita
2682 4511 2770 4574 25.
2823 4511 2946 4564 Alia
2973 4511 3158 4576 Capita
3200 4513 3492 4582 theologica

264 4631 360 4672 nes
392 4613 638 4667 omnium
682 4611 881 4667 civium
930 4613 1079 4668 sunt,
1115 4605 1348 4672 usuique
1378 4615 1567 4657 eorum
1611 4613 1829 4653 accom-

267 4707 516 4770 modati;
573 4703 652 4758 sic
718 4713 935 4770 quoque
1007 4706 1188 4751 scorta
1230 4702 1282 4749 et
1308 4693 1616 4748 meretrices
1688 4689 1832 4758 quod

266 4798 522 4854 omnibus
558 4803 688 4849 sunt
738 4790 1078 4856 obsequiosm
1116 4796 1171 4842 et
1223 4785 1548 4856 peculiares,
1592 4790 1644 4834 et
1667 4779 1835 4835 servi-

265 4902 435 4948 tutem
470 4889 740 4960 publicam
785 4885 1048 4944 serviunt,
1128 4895 1236 4934 non
1301 4878 1408 4930 alio
1477 4875 1680 4937 addito,
1735 4871 1830 4927 sed

267 4985 608 5045 solummodo
655 4978 946 5032 πολιτικῶν
996 4977 1214 5030 nomine
1267 4974 1617 5027 innotescunt
1702 4969 1833 5021 Meri

266 5075 554 5134 Trocbaici
584 5081 732 5134 sunt,
791 5065 1243 5140 quemadmodum
1297 5063 1442 5118 enim
1493 5061 1568 5113 illi
1626 5068 1830 5127 septem

269 5170 499 5242 pedibus
532 5175 588 5221 et
627 5164 830 5234 syllaba
885 5169 1158 5220 constant,
1217 5156 1289 5208 ita
1341 5164 1392 5208 et
1435 5153 1486 5206 hi
1517 5171 1529 5204 :
1563 5150 1666 5205 nisi
1693 5147 1835 5218 quod

271 5240 620 5328 antiquorum
670 5253 875 5305 similes
907 5261 1098 5302 versus
1149 5246 1361 5298 ratione
1393 5243 1587 5312 pedum
1611 5240 1835 5304 longio-

269 5368 389 5407 rum
431 5345 744 5418 quindecim
786 5341 1022 5412 syllabas
1065 5336 1356 5405 aliquando
1384 5333 1674 5391 excedunt,
1700 5329 1840 5398 poli-

267 5443 356 5500 tici
386 5449 685 5506 nunquam,
725 5442 783 5486 ut
807 5433 870 5486 de
895 5427 1140 5484 iambicis
1171 5428 1377 5480 dictum
1412 5431 1516 5478 est.
1550 5422 1616 5474 Et
1649 5435 1840 5488 quem-

269 5530 559 5589 admodum
580 5526 925 5592 antiquorum
956 5520 1168 5576 duobus
1191 5517 1447 5572 membris
1475 5517 1834 5582 integrantur,

269 5620 546 5686 mediique
584 5612 918 5673 inciduntur,
964 5610 1037 5661 ita
1100 5617 1152 5663 et
1196 5605 1250 5660 bi
1306 5606 1398 5674 qui
1455 5613 1838 5665 nuncupantur

268 5708 475 5780 politici
516 5722 529 5758 :
569 5706 640 5758 sit
661 5702 986 5770 exemplum.

423 5795 730 5854 Ἀκούσατε
760 5792 825 5846 vi:
862 5793 961 5857 σᾶς
982 5790 1117 5844 εἰπῶ

1931 4613 1978 4657 et
2009 4604 2244 4670 practica
2275 4601 2394 4654 102.
2416 4601 2547 4654 Cod.
2591 4601 2680 4656 87.
2706 4601 2978 4655 Sermones
3006 4597 3093 4659 ⁵55.
3120 4602 3494 4660 Institution“

1931 4694 1994 4746 de
2022 4694 2297 4745 dilectione
2334 4693 2412 4744 vel
2454 4693 2730 4752 cliaritate,
2795 4701 2842 4742 et
2891 4693 3070 4758 qun/es
3128 4709 3239 4755 esse
3310 4694 3495 4748 debent

1935 4784 2289 4852 spiritualium
2328 4785 2552 4838 rirorum
2577 4784 2695 4836 vita:
2726 4793 2775 4836 et
2813 4785 3060 4840 actiones.
3110 4783 3357 4850 Ejusdem
3393 4785 3497 4838 Ca.

1933 4876 2042 4943 pila
2072 4874 2302 4940 practica
2333 4882 2378 4924 et
2411 4871 2696 4940 theologica
2745 4870 2864 4922 100.
2929 4870 3003 4923 De
3061 4873 3380 4938 paenitentia,
3444 4881 3514 4927 et.

1934 4980 2050 5033 quae
2085 4978 2229 5030 agere
2259 4963 2426 5021 debet,
2478 4961 2564 5029 qui
2594 4977 2753 5028 nuper
2794 4965 3053 5027 confessus
3090 4971 3185 5015 e't.
3220 4964 3299 5014 Ad
3330 4980 3498 5022 unum

1935 5069 1997 5106 ex
2028 5053 2293 5121 discipulis
2344 5054 2484 5115 suis,
2540 5053 2789 5114 Juontodo
2845 5062 3010 5119 potest
3081 5054 3198 5119 quis
3254 5063 3497 5106 sanctum

1936 5146 2104 5199 uirum
2135 5161 2302 5197 nosse.
2343 5142 2478 5195 Cod.
2509 5143 2630 5196 57.:
2666 5142 2747 5196 Ex
2798 5142 3049 5211 Symeoue
3094 5142 3349 5214 Theologo
3385 5144 3495 5198 Es,-

1940 5247 2113 5304 cerpta
2147 5236 2210 5288 de
2239 5235 2465 5287 silentio.
2507 5234 2565 5286 ln
2614 5235 2937 5288 bibliotheca
2971 5234 3112 5302 regis
3169 5234 3443 5290 Gallorum
3476 5256 3491 5292 :

1942 5327 2210 5398 Symeonis
2246 5326 2484 5378 Junioris
2509 5326 3119 5393 prepositimonasterio
3163 5325 3344 5383 Sancti
3371 5326 3494 5380 Ma-

1939 5419 2129 5473 mantis
2155 5418 2400 5484 Capitula
2430 5418 2662 5484 practica
2692 5424 2738 5469 et
2795 5416 3078 5484 theologica
3103 5417 3220 5470 101.
3244 5417 3495 5485 Ejusdem

1940 5509 2187 5579 Capitula
2221 5509 2453 5578 qnostica
2478 5508 2566 5560 25.
2604 5505 2852 5573 Ejusdem
2885 5507 3212 5568 Ethica,ctc.
3248 5505 3496 5574 Ejusdem

1939 5609 1999 5659 de.
2032 5602 2330 5669 di/Terentia
2391 5599 2663 5668 προσοχῆς
2731 5608 2782 5651 et
2850 5597 3178 5666 προσευχῆς.
3247 5597 3494 5666 Ejusdem

1941 5702 2198 5760 prrrcepta
2236 5690 2303 5742 ad
2332 5691 2490 5742 vitam
2538 5688 2881 5742 monasticam
2954 5689 3199 5757 Ejusdem
3227 5691 3373 5742 varia
3398 5689 3497 5743 Ca»

1941 5783 2130 5855 ρὶιιιία,
2167 5780 2414 5850 Ejusdem
2448 5781 2511 5835 de
2555 5781 2854 5848 pomitcntia
2905 5790 2953 5836 et
3008 5779 3322 5850 perfectione
3372 5780 3488 5834 vita
