4148 6334
220 357 318 418 309

833 462 940 517 Τοῦ
965 460 1166 517 αὑτοῦ.

220 553 282 608 Ὦ
300 555 478 625 μύστα
504 553 649 608 θείου
688 555 1008 626 Πνεῦματος
1042 554 1381 625 μυστηρίων,

220 649 324 702 Καὶ
357 647 686 717 μυσταγωγὲ
723 646 1011 717 δογμάτων
1033 646 1387 718 ἀποκρύφων.

227 741 281 794 Ὀ
307 738 423 808 φῶς
447 739 663 811 μεθέξει
694 739 787 792 τοῦ
823 738 982 809 φύσει
1011 736 1227 810 πρώτου
1258 736 1425 806 φάους

222 830 341 894 Υίδς
370 830 505 886 Θεοῦ
524 848 582 884 τε
606 830 700 885 καὶ
723 829 855 893 Θεὸς
880 816 1245 901 χρηματίσας,

226 924 313 988 Ὦς
332 923 440 978 τῶν
474 922 718 993 ἀπείρων
745 922 976 992 θλίψεων
1002 923 1094 976 καὶ
1119 919 1375 974 ποικίλων

221 1015 468 1084 Eappa);
509 1012 748 1082 ἐνεγκὼν
769 1015 863 1084 τὴν
895 1012 1212 1083 ἐπηρμένην
1252 1010 1445 1080 φλόγα,

220 1103 327 1156 Καὶ
360 1103 437 1174 μὴ
481 1104 779 1174 μαλαχθεὶς
809 1106 875 1174 τῇ
921 1103 1171 1171 πυρώσει
1207 1101 1306 1165 τὰς
1333 1101 1557 1173 φρένας.

222 1195 392 1264 ’Ἄρας
416 1195 610 1262 στέφος
643 1212 703 1248 τε
732 1195 1027 1265 μαρτύρων
1061 1193 1316 1260 ἐπαξίως.

220 1288 286 1340 Σὺ
323 1287 420 1355 μὲν
453 1287 698 1355 καθαρὰς
725 1287 832 1339 τῶν
862 1285 1050 1356 θυμῶν
1089 1287 1184 1353 τὴν
1223 1285 1478 1348 πεντάδα,

220 1377 424 1446 Ἷδρῶσι
453 1379 663 1442 πολλοῖς
692 1377 940 1447 πράξεων
963 1378 1238 1448 ἐναρὲτων

221 1471 325 1522 Καὶ
363 1472 464 1536 τῆς
486 1470 755 1540 προσύλου
787 1469 1155 1540 προσπαθείας
1176 1467 1284 1522 τῶν
1315 1467 1465 1520 κάτω

222 1559 290 1613 Τδ
320 1560 416 1612 τοῦ
445 1560 561 1623 νοὸς
587 1562 844 1631 φρόνημα
887 1561 1064 1630 πάντη
1089 1558 1330 1632 χωρίσας

222 1651 337 1719 Θεῷ
366 1652 642 1721 παρέσχες
677 1652 871 1704 σαυτὸν
899 1653 978 1716 είς
1005 1652 1311 1705 κατοικίαν.

226 1741 391 1803 Αὐτὸς
431 1742 487 1795 δέ
515 1759 607 1794 σου
633 1742 721 1796 τὸν
750 1741 898 1797 εἶκον
930 1743 1180 1807 είσδύνας
1205 1743 1359 1806 δλως,

225 1832 497 1902 Ἐπλησεν
523 1834 681 1896 εὐθὺς
722 1835 955 1902 ἀφθόνου
996 1835 1282 1904 μετουσίας

223 1921 341 1973 Τῶν
373 1921 727 1991 ἐπταρίθμων
767 1923 1084 1992 Πνεύματος
1111 1932 1468 1993 χαρισμάτων
1497 1935 1509 1950 '

225 2005 583 2070 Καταξιὼσας
613 2005 710 2060 εἴθ’
738 2009 910 2072 οὕτως
941 2011 1040 2079 σὴν
1081 2011 1327 2079 καρδίαν,

235 2097 349 2165 Ἀφ’
385 2093 567 2169 ἧσπερ
600 2097 938 2168 ὲκρεύσαντα
972 2098 1160 2170 ῥεῖθρα
1194 2099 1301 2151 τῶν
1328 2097 1520 2166 λόγων,

225 2190 458 2260 Χριστοῦ
487 2193 876 2261 καταρδεύουσι
917 2193 1013 2260 τὴν
1044 2191 1392 2260 Ἐκκλησίαν,

227 2283 332 2334 Καὶ
360 2283 559 2354 δεῖγμα
588 2285 690 2352 τῆς
720 2285 819 2354 σῆς
851 2285 1123 2355 μυστικῆς
1149 2283 1382 2353 θεωρίας

229 2374 332 2428 Ἤν
372 2391 454 2428 σοι
486 2376 760 2446 παρέσχεν
796 2379 827 2446 ή
863 2376 1128 2446 κάθαρσις
1163 2376 1441 2429 πλουσίαν.

227 2463 428 2518 Πολλαὶ
462 2467 560 2535 μὲν
586 2467 742 2520 ἄλλαι
770 2467 880 2520 σῶν
908 2467 1237 2537 πονημάτων
1274 2465 1465 2536 βίϐλοι,

234 2559 328 2618 Ἀς
362 2557 735 2621 συντέθεικας,
763 2560 861 2626 τὴν
890 2558 1247 2612 συνοικοῦσαν
1306 2558 1467 2628 χάριν

231 2648 334 2700 Τοῦ
365 2649 806 2720 πανσθενουργοῦ
831 2651 972 2703 Πνεύ
983 2667 1152 2719 ματος
1175 2649 1531 2716 κεκτημένος,

233 2740 340 2807 Τὴν
371 2741 489 2793 θεῖα
538 2742 743 2804 πάντας
769 2741 1232 2811 μυσταγωγοῦσαν
1260 2740 1452 2810 φρένα,

232 2831 577 2894 Παιδεύσεως
607 2832 712 2900 γὰρ
743 2833 841 2899 τῆς
876 2832 1220 2902 πατουμένης
1254 2831 1389 2893 ὅλως

233 2927 530 2990 Ἀγευστος
555 2923 719 2995 ἦσθα,
751 2927 930 2980 πάντα
957 2926 1124 2994 τῦφον
1155 2923 1435 2978 ἐκκλίνων.

233 3018 401 3069 Πλέον
427 3016 483 3068 δὲ
520 3018 710 3069 πασῶν
734 3019 767 3085 ἡ
799 3015 1049 3085 παροῦσα
1075 3016 1332 3079 δεικνύει,

239 3110 338 3160 Ἦν
368 3107 645 3177 ἔμμετρον
674 3108 771 3176 μὲν
805 3107 901 3161 καὶ
940 3107 1200 3176 στιχηρὰν
1239 3106 1455 3171 ἐξέθου,

245 3204 328 3263 Ὠς
360 3202 538 3254 πάντα
589 3201 842 3268 πράττων
874 3202 970 3252 σὺν
996 3200 1134 3266 λόγῳ
1155 3218 1210 3252 τε
1236 3199 1329 3253 καὶ
1356 3200 1558 3270 μέτρῳ,

234 3295 339 3346 Καὶ
372 3293 527 3357 τάξιν
550 3294 702 3356 εἰδὼς
730 3295 859 3346 πᾶσι
895 3292 1093 3362 μᾶλλον
1122 3292 1448 3362 ἐμπρέπειν.

235 3387 438 3457 Στίχων
458 3387 503 3440 δ’
528 3386 760 3456 ἀριθμὸν
784 3385 1141 3448 συντεθεικὼς
1172 3385 1407 3453 μυρίων,

247 3477 620 3531 Ἔπτακοσίων
650 3477 990 3545 πεντήκοντα
1021 3476 1114 3531 καὶ
1145 3476 1238 3530 δύο

236 3570 430 3638 Σαφῶς
463 3569 738 3638 παριστᾷς
767 3567 874 3620 σῶν
906 3567 1086 3621 καλῶν
1123 3568 1392 3637 κορωνίδα

239 3659 348 3728 Τὴν
371 3658 614 3725 παντελῆ
648 3657 916 3726 κάθαρσιν
949 3658 1340 3729 αἰσθητηρίων.

237 3749 358 3811 Πῶς
391 3749 541 3811 ἐντὸς
564 3747 762 3830 ἦγουπφ
755 3748 848 3800 καί
872 3765 934 3814 γε
966 3749 1077 3800 τῶν
1104 3749 1420 3819 δρωμένων.

238 3841 348 3908 Τὴν
369 3840 635 3908 μυστικήν
654 3855 714 3890 τε
734 3837 874 3892 Πνεύ
883 3855 1050 3908 ματος
1078 3841 1382 3906 κοινωνίαν,

158 3962 167 3972 ι
239 3928 348 3980 Καὶ
373 3923 467 3978 τοῦ
498 3925 702 3979 τελείου
739 3926 836 3997 τὴν
858 3927 1032 3997 ἄκραν
1066 3928 1379 3998 μετουσίαν.

241 4017 390 4072 Illius
440 4016 700 4085 praeterea
747 4031 852 4071 non
890 4018 1009 4073 sine
1055 4019 1215 4074 laude
1259 4019 1508 4074 meminit
1556 4020 1793 4093 SymeOn

243 4109 752 4167 Thessalonicensis
773 4107 995 4180 Dialogo
1021 4119 1214 4165 contra
1247 4113 1506 4174 liasreses,
1539 4114 1683 4168 inter
1708 4129 1802 4168 eos

242 4203 334 4272 qui
369 4203 437 4258 de
477 4201 723 4258 oratione
766 4202 1124 4272 scripserunt,
1159 4205 1269 4257 Καὶ
1311 4205 1537 4274 Συμεὼν
1571 4206 1702 4277 ὁσίῳ
1727 4206 1803 4277 τῷ

242 4294 368 4362 Νέῳ
413 4291 682 4362 θεολόγῳ,
727 4295 820 4375 καὶ
855 4292 1062 4356 λοιποῖς
1137 4294 1319 4359 ἄλλοις
1381 4295 1546 4361 ἀξίως
1609 4296 1702 4349 τοῦ
1745 4299 1802 4350 ὲν

1634 355 1938 421 ΝΟΤΙΤΙΑ
1949 398 1963 415 .

1805 472 1851 525 Α
1881 466 2292 522 convenientem
2322 471 2375 518 et
2400 464 2702 533 appositam
2731 461 2891 534 Operi
2910 462 3120 527 datam,
3152 459 3425 516 Orationes

3321 352 3427 415 310

1875 562 1938 614 de
1957 557 2060 628 ﬁde
2078 567 2124 612 et
2144 557 2372 612 moribus
2404 563 2514 608 tum
2532 553 2868 619 Christianis,
2888 562 2995 608 tum
3012 553 3334 618 monasticis,
3373 553 3426 606 in

1875 648 2308 706 sacrisLitleris
2349 661 2522 717 eaque
2559 645 2842 724 doctrina,
2885 661 3005 716 quae
3047 644 3425 713 theologorum

1876 741 2107 797 habetur
2146 739 2382 809 propria,
2416 738 2554 794 bene
2598 739 2976 802 exercitatum,
3015 751 3077 791 ae
3117 744 3293 791 tutum
3333 749 3428 803 ap-

1876 844 2090 899 parere.
2118 827 2250 894 Quze
2276 826 2330 881 in
2351 817 2528 881 Sacris
2557 827 2804 882 laudibus
2831 825 3148 893 eﬂ’eruntur,
3173 828 3429 896 pietatem

1881 922 1961 976 vel
1987 920 2343 990 praeipuam,
2365 928 2418 975 et
2437 919 2625 975 beatos
2647 918 2768 976 illos
2786 919 2976 983 liores,
2995 918 3194 988 quibus
3219 918 3430 988 Sponsa

1880 1016 2058 1072 fulciri
2080 1015 2378 1083 desiderat,
2408 1022 2463 1070 et
2489 1014 2758 1083 unguenta
2785 1008 2875 1070 illa
2902 1014 3173 1080 redolere,
3197 1027 3430 1082 quorum

1879 1109 2015 1163 odor
2043 1117 2126 1162 est
2157 1122 2322 1177 super
2350 1107 2536 1162 omnia
2571 1114 2838 1160 aromata.
2880 1106 2955 1161 De
2983 1104 3092 1160 Deo
3127 1103 3292 1159 multa
3321 1117 3430 1156 non

1882 1199 2057 1255 solum
2100 1198 2440 1263 doctissime,
2487 1195 2583 1252 sed
2627 1196 2794 1251 etiam
2831 1195 3174 1262 dulcissime,
3216 1192 3433 1249 tametsi

1883 1304 2312 1359 nonnunquam,
2375 1295 2435 1341 ut
2495 1287 2660 1342 etiam
2728 1300 2891 1356 supra
2961 1286 3015 1340 in
3081 1283 3433 1350 Orationibus

1883 1381 2366 1450 ἐκστατικωτέρως
2431 1380 2784 1435 disseruntur
2834 1396 2847 1432 :
2905 1376 2984 1432 sic
3051 1389 3264 1446 quoque
3326 1387 3434 1427 non

1885 1489 2089 1545 paucas
2137 1471 2533 1542 praeeptiones
2580 1469 2847 1538 interjici,
2892 1467 3093 1537 quibus
3127 1466 3209 1520 vel
3247 1465 3436 1520 Chris-

1885 1566 2053 1630 tiana,
2086 1563 2171 1618 vel
2208 1562 2509 1616 monastica
2538 1562 2650 1614 vita
2693 1558 3006 1614 instituitur
3036 1565 3090 1613 et
3117 1557 3182 1612 ad
3223 1549 3435 1625 periec-

1889 1656 2091 1711 tionem
2140 1669 2294 1708 suam
2342 1652 2739 1708 cenformatur.
2778 1651 2837 1706 in
2877 1650 3160 1720 Capitibus
3205 1646 3438 1702 similem

1887 1761 2008 1802 esse
2060 1745 2165 1800 sibi
2218 1745 2574 1814 Symconem,
2621 1750 2676 1797 ct
2720 1757 2826 1812 qua
2881 1741 3166 1812 religione,
3212 1740 3436 1808 pietate.

1885 1837 2138 1892 doctrina
2163 1845 2360 1890 caetera
2390 1833 2580 1890 eadem
2611 1834 2725 1888 haec
2747 1833 3014 1897 edidisse;
3045 1846 3144 1886 nec
3176 1829 3356 1884 minus
3383 1827 3438 1880 in

1886 1930 1993 1992 his,
2035 1940 2201 1995 quam
2237 1927 2289 1978 in
2326 1924 2775 1978 antecedentibus
2807 1922 3196 1984 Christianam,
3230 1934 3293 1972 ac
3327 1933 3439 1972 mo-

1887 2017 2152 2073 nasticam
2202 2013 2661 2079 sanctitudinem,
2715 2012 2973 2067 adhibitis
3017 2011 3180 2064 etiam
3229 2006 3440 2062 idoneis

1889 2105 2365 2169 similitudinibus,
2391 2104 2577 2159 doceri
2603 2111 2656 2158 et
2680 2102 2965 2157 inculcari.
2999 2100 3229 2156 Cautius
3258 2107 3439 2152 tamen

1887 2197 2175 2254 Gretserus
2211 2210 2320 2250 non
2356 2194 2518 2248 modo
2553 2194 2606 2247 in
2646 2194 2748 2247 hoc
2776 2193 3064 2262 Symeone,
3106 2191 3198 2244 sed
3232 2192 3286 2244 in
3318 2190 3438 2245 aliis

1889 2302 1996 2341 non
2057 2285 2251 2354 paucis
2301 2283 2624 2338 monasticis
2675 2289 2728 2336 et
2779 2281 3035 2336 asceticis
3083 2280 3440 2349 scriptoribus

1889 2391 2181 2431 occurrere
2206 2377 2450 2444 quaedam
2488 2373 2802 2428 duriuSCule
2828 2372 2971 2426 dicta
2994 2387 3116 2441 quae
3146 2372 3274 2425 lima
3299 2370 3444 2438 judi-

1891 2466 1962 2520 cii
2013 2471 2230 2534 egeant,
2270 2477 2503 2533 quorum
2571 2463 2832 2532 pleraque
2861 2461 3008 2517 notis
3039 2462 3154 2516 suis
3185 2461 3442 2517 eruditis-

1892 2556 2042 2614 simis
2065 2555 2350 2619 emollivit,
2379 2561 2433 2609 et
2461 2554 2514 2607 in
2546 2552 2750 2606 bonum
2782 2567 3001 2608 sensum
3034 2552 3251 2606 trahere
3277 2565 3444 2605 cona-

1893 2658 1981 2704 tus
2008 2655 2113 2703 est.
2151 2647 2217 2700 Et
2245 2646 2359 2700 haec
2391 2643 2609 2714 quidem
2647 2643 2738 2699 isti
2771 2657 2879 2697 non
2917 2643 3099 2698 omnia
3128 2640 3441 2698 subodorati

1895 2743 1959 2794 de
1995 2743 2195 2808 pietate
2227 2745 2281 2792 et
2314 2733 2565 2789 doctrina
2601 2732 2886 2803 Symeonis
2919 2729 3082 2799 hujus
3122 2729 3177 2783 in
3207 2727 3444 2782 medium

1900 2831 2218 2885 attulerunt.

1964 2923 2073 2978 Nos
2104 2930 2278 2977 tracto
2304 2921 2595 2990 proscenio
2625 2917 2701 2973 rei
2733 2917 2900 2972 totius
2929 2929 3149 2970 scenam
3185 2911 3447 2968 discutia-

1891 3028 2040 3077 mus,
2077 3014 2386 3080 nodumque
2423 3007 2757 3064 diliicultatis
2799 3005 3035 3075 ingenue
3073 3001 3445 3070 expediemus.

1825 3120 1864 3175 ο
1900 3101 2170 3171 Quidquid
2205 3102 2274 3156 sit
2302 3100 2368 3155 de
2400 3100 2600 3169 pietate
2634 3097 2795 3167 hujus
2823 3095 2951 3159 viri,
2983 3107 3179 3148 verane
3219 3105 3285 3145 an
3326 3092 3446 3144 iicta

1898 3194 2099 3258 fuerit;
2131 3192 2256 3246 uolo
2285 3191 2428 3246 enim
2453 3189 2750 3259 quidquam
2779 3186 2856 3240 illi
2879 3185 2944 3239 de
2965 3183 3134 3253 gloria
3165 3181 3446 3249 derogare.

1903 3287 2049 3340 Sane
2087 3284 2154 3338 de
2187 3282 2438 3338 doctrina
2488 3288 2573 3335 est
2617 3277 2848 3347 aliquid,
2892 3274 3033 3347 quod
3077 3289 3162 3328 me
3200 3273 3255 3327 in
3289 3273 3447 3325 aliam

1901 3383 2104 3445 partem
2132 3373 2349 3429 trahere
2375 3371 2573 3442 possit,
2598 3384 2719 3440 quae
2740 3368 2904 3424 etiam
2932 3381 3054 3421 cum
3089 3365 3201 3433 ipse
3225 3363 3448 3425 viveret,

1902 3466 2233 3521 scriberetve
2259 3463 2492 3517 aliorum
2520 3460 2686 3532 variis
2723 3454 3201 3512 criminationibus
3232 3451 3331 3505 iuit
3355 3451 3450 3504 ob—

1901 3557 2081 3621 noxia,
2105 3570 2268 3624 quam
2295 3552 2574 3625 Symeonis
2594 3548 2900 3621 Symmistze
2925 3546 3116 3610 verbo,
3141 3544 3448 3611 scriptoque

1900 3647 2193 3703 defendere
2226 3645 2406 3702 conati
2462 3652 2608 3699 sunt.
2645 3641 2862 3695 Nicetes
2911 3636 3190 3692 Stetbatus
3236 3633 3447 3687 Praefat.

1903 3742 1956 3795 in
1989 3753 2173 3794 sacras
2199 3735 2412 3791 Laudes
2445 3751 2459 3791 :
2492 3735 2552 3786 Εί
2588 3733 2696 3802 γὰρ
2735 3732 2791 3784 αἱ
2846 3725 3220 3795 ἀποκαλύψεις
3272 3719 3448 3785 αὗται,

1901 3831 1993 3885 καὶ
2019 3833 2071 3884 αί
2103 3825 2296 3897 φωναὶ,
2332 3825 2392 3877 οὐ
2421 3821 2596 3891 φωναὶ
2628 3819 2784 3884 Θεοῦ,
2832 3818 2951 3871 οὐδὲ
3003 3814 3177 3884 ψυχῆς
3211 3809 3447 3864 ἀποθεω-

1904 3922 2110 3988 θείσης,
2145 3920 2241 3971 καὶ
2281 3914 2575 3985 γενομένης
2621 3911 2724 3975 ἔξω
2765 3910 2945 3976 πάσης
2997 3906 3089 3960 τοῦ
3133 3904 3336 3971 κόσμου
3375 3902 3450 3953 ai-

1905 4013 2144 4082 σθήσεως
2172 4008 2267 4061 καὶ
2301 4006 2426 4074 ὅλης
2450 4003 2675 4057 καθόλου
2709 3999 2887 4066 ἁγίας,
2916 3998 3076 4066 σχολῇ
3120 3994 3173 4062 γ’
3207 3993 3272 4046 ἄν
3327 3991 3454 4082 ἄλλο

1903 4122 1954 4156 τι
1982 4080 2092 4156 τῶν
2123 4097 2475 4169 ἀνθρωπίνων
2505 4093 2599 4146 καὶ
2632 4091 2763 4160 πρὸς
2799 4087 2955 4157 ἡμῶν
3008 4085 3343 4153 τελουμένων
3370 4080 3454 4134 διὰ

1905 4193 2080 4262 πάσης
2131 4187 2382 4255 σπουδῆς,
2409 4181 2766 4236 εὐαπόδεκτον
2798 4175 3136 4244 ἀποδειχθείη
3196 4171 3314 4240 Θεῷ
3364 4172 3456 4222 καὶ

1906 4260 2206 4348 ἀνθρώποις
2234 4271 2535 4334 ἐπαινετὸν,
2587 4269 2614 4322 δ
2659 4268 2730 4338 μὴ
2782 4266 2940 4335 σοφίᾳ
2995 4264 3087 4317 καὶ
3144 4260 3339 4329 γνώσει
3390 4260 3456 4324 τῇ

247 4349 430 4443 αὐτοῖς
465 4349 609 4436 θείου
634 4349 980 4453 ἦνεῦματος·
1016 4349 1084 4437 Ii’t
1120 4349 1572 4454 Beato'Syn'tem-ii
1592 4349 1806 4441 Junioyri
1834 4445 1873 4454 Α
1906 4363 2164 4432 ἀνωτάτῳ
2185 4361 2318 4454 Θεοῦ
2357 4356 2690 4454 Ὲδ-έπίδθξον
2721 4355 2816 4454 ’ξοξὶ
2842 4351 3090 4454 λαμπρὸν
3119 4349 3454 4454 ξπιφξρξταιξ

248 4473 526 4544 Tlteologo,
561 4482 608 4528 et
639 4475 852 4544 reliquis
882 4475 1001 4528 aliis
1024 4491 1117 4543 pro
1150 4476 1406 4545 dignitate
1432 4477 1615 4543 divini,
1640 4479 1729 4547 qui
1752 4478 1803 4531 in

245 4566 370 4635 ipsis
401 4574 538 4630 erat,
574 4567 828 4633 Spiritus.

316 4655 585 4712 Cathblici
611 4669 828 4726 quoque
850 4671 957 4710 non
986 4656 1165 4711 minus
1189 4656 1465 4725 pietatem,
1497 4665 1658 4727 atque
1681 4657 1806 4712 doc-

249 4747 448 4803 trinam
481 4747 735 4802 laudibus
767 4749 1093 4802 extulerunt.
1122 4748 1277 4803 ll'unc
1305 4749 1627 4818 scriptorem
1667 4750 1804 4804 inte-

249 4841 462 4909 gritatis
488 4837 546 4895 et
570 4841 894 4896 innocentiae
920 4841 1354 4895 Christianorum
1390 4842 1632 4896 omnium
1665 4857 1807 4896 sum-

254 4947 466 4985 morum
512 4933 668 5001 juxta
715 4947 776 4985 ac
820 4931 1130 4985 infimorum
1177 4933 1334 5000 longe
1371 4931 1807 5000 cupidissimum,

255 5022 317 5074 ad
363 5037 526 5090 quam
572 5022 761 5077 sedulo
807 5022 1153 5078 excolendam
1195 5036 1289 5076 eos
1339 5022 1591 5075 omnibus
1637 5021 1811 5075 modis

254 5113 561 5168 exsuscitat
588 5121 642 5168 et
675 5113 1008 5176 exstimulat,
1039 5113 1206 5167 fuisse
1236 5129 1250 5165 :
1287 5119 1345 5165 ut
1378 5127 1540 5180 porro
1562 5126 1810 5164 commu-

254 5219 374 5259 nem
402 5205 542 5258 hanc
565 5203 976 5274 perfectionem,
1009 5210 1171 5272 atque
1207 5200 1624 5258 sanctimoniam
1650 5201 1812 5255 vehe-

259 5303 468 5349 menter
500 5301 678 5363 urget,
705 5295 787 5349 sic
815 5292 1171 5348 monasticam
1204 5291 1536 5346 creberrime
1565 5300 1618 5343 et
1652 5304 1812 5343 acru-

257 5386 534 5444 ratissime
565 5385 972 5449 commendare,
1005 5384 1232 5453 ejusque
1265 5383 1640 5437 consectandre
1671 5381 1814 5434 desi-

259 5477 409 5532 derio
462 5477 588 5537 τοὺς
635 5476 968 5545 μονάζοντας
1008 5475 1361 5536 inﬂammare,
1409 5482 1462 5526 et
1515 5473 1716 5524 inertes
1753 5482 1814 5520 ac

259 5565 558 5620 secundum
612 5580 828 5618 carnem
861 5563 1198 5616 ambulantes
1232 5562 1494 5616 acerrime
1526 5557 1817 5628 reprehen-

258 5655 382 5710 dere
416 5672 430 5708 :
472 5670 575 5709 nec
623 5669 729 5706 non
771 5653 1084 5722 praepositos
1130 5661 1294 5719 atque
1331 5659 1567 5706 rectores
1603 5661 1812 5707 eorum,

259 5746 414 5801 oliicii
462 5747 548 5801 sui
599 5746 801 5801 diserte
847 5744 1157 5799 admonere.
1212 5743 1350 5796 tiinc
1397 5739 1802 5800 inscriptionem

1834 4445 2092 4511 θΤαῦτα
2141 4451 2317 4506 τοίνυν
2371 4450 2456 4502 διὰ
2507 4449 2631 4509 τοὺς
2687 4447 2864 4515 φθόνῳ
2912 4443 3042 4510 πρὸς
3086 4439 3154 4492 τὰ
3196 4438 3332 4491 καλὰ
3367 4439 3458 4489 καὶ

1905 4546 2151 4617 ἀπιστίᾳ,
2178 4545 2271 4596 καὶ
2293 4541 2532 4622 ἀγνωσία
2552 4537 2996 4608 ,κεκρατημένους
3024 4534 3157 4602 ἡμῖν
3195 4530 3458 4622 προετέθη

1903 4640 2012 4692 τῶν
2042 4635 2317 4707 ἐρωτικῶν
2344 4636 2434 4689 καὶ
2460 4632 2616 4687 θείων
2638 4630 2822 4701 ὓμνων
2868 4626 2960 4680 τοῦ
2999 4621 3319 4678 διδασκάλου
3343 4637 3358 4652 ο
3395 4621 3460 4671 ἵν’

1905 4731 1938 4801 ἢ
1993 4728 2131 4782 κατὰ
2190 4725 2412 4796 πρώτην
2489 4722 2648 4784 εὐθὺς
2733 4717 2986 4787 ἐπιϐολὴν
3041 4713 3460 4781 ἐντυγχάνοντες

1907 4818 2207 4891 κρείττονες
2241 4816 2449 4870 ἑαυτῶν
2503 4812 2740 4882 γένοιντό
2772 4826 2923 4870 ποτε,
2985 4806 3078 4859 καὶ
3121 4804 3314 4871 φθόνου
3369 4805 3461 4852 καὶ

1910 4911 2204 4982 βασκανίας
2235 4908 2522 4975 ἁνώτερος,
2547 4905 2641 4956 καὶ
2665 4903 2960 4965 δοξάσωσιν
3003 4897 3075 4959 ὼς
3117 4895 3335 4962 ἐφικτὸν
3366 4892 3459 4943 τὸν

1909 5010 1964 5058 ἐν
1991 5004 2184 5073 πράξει
2207 5003 2298 5054 καὶ
2319 5001 2479 5069 λόγῳ,
2514 4997 2606 5051 καὶ¹
2639 4993 2840 5063 θεωρίᾳ
2866 4991 3166 5056 δοξάσαντα
3193 4984 3282 5038 τὸν
3308 4982 3460 5073 Θεὸν,

1911 5098 2001 5149 καὶ
2028 5070 2088 5148 τὸ
2124 5096 2312 5162 ὄνομα,
2355 5093 2414 5144 "ab
2456 5091 2594 5158 ὑπὲρ
2639 5089 2746 5140 πᾶν
2800 5085 2968 5153 ὄνομα
3007 5083 3066 5133 ἐν
3108 5079 3219 5140 τοῖς
3267 5070 3462 5128 ἐαυτοῦ

1915 5188 2129 5253 μέλεσιν
2191 5185 2491 5251 άγιάσαντα
2519 5198 2532 5212 ο
2563 5179 2687 5250 ﬁdi;
2723 5176 2828 5230 τῶν
2859 5171 3038 5226 καλῶν
3063 5171 3335 5237 ἄγευστοι,
3371 5167 3469 5217 καὶ

1912 5277 2089 5346 πάντη
2120 5275 2393 5344 άχώρητοι
2418 5273 2525 5324 τῶν
2562 5268 2781 5338 ὑψηλῶν
2807 5262 3094 5333 Θεαμάτων
3120 5259 3206 5312 διὰ
3236 5256 3336 5346 τὴν
3364 5254 3463 5346 αύ-

1912 5372 2023 5431 τοῖς
2052 5343 2356 5435 προσοῦσαν
2390 5361 2695 5431 παχύτητα,
2723 5356 2821 5425 τῆς
2848 5352 3213 5422 ἐγχειρήσεως
3243 5345 3339 5397 καὶ
3367 5343 3463 5435 τῆς

1914 5461 2022 5512 τῶν
2051 5434 2444 5526 γεγραμμένων
2478 5451 2708 5505 ἐνταῦθα
2753 5445 3044 5515 περιέργου
3080 5436 3305 5509 ἐρεύνης
3328 5434 3462 5485 ἀπό·

1920 5566 2130 5619 σχοιντο
2160 5563 2172 5576 ·
2226 5546 2426 5598 Etenim
2468 5543 2513 5596 si
2573 5539 2907 5593 revelationes
2941 5543 2986 5586 et
3020 5545 3164 5583 voces
3200 5541 3299 5578 non
3344 5533 3463 5573 sunt

1926 5641 2016 5695 Dei
2046 5655 2210 5701 voces,
2242 5651 2397 5703 neque
2426 5633 2612 5685 animw
2642 5632 2694 5682 in
2725 5629 2881 5679 Deum
2910 5634 3183 5680 converse,
3229 5625 3274 5667 et
3317 5621 3465 5665 extra

1927 5746 2125 5787 onmem
2178 5727 2355 5781 mundi
2400 5739 2603 5777 sensum
2662 5723 2832 5787 factm,
2889 5723 2935 5768 ct
2985 5713 3143 5765 totius
3185 5703 3474 5760 acciturum:
