4148 6334
639 410 736 475 311

1923 400 2222 461 Silviis;th
2276 398 2583 459 J'UN-IOH.

3760 389 3865 455 312

639 539 815 576 omnes
873 537 1007 575 suas.
1054 530 1228 588 partes
1278 526 1496 582 sancta,
1552 518 1718 570 multo
1771 515 1944 568 minus
1998 513 2199 582 aliquid
2232 515 2276 570 A
2307 509 2451 562 tinos
2504 505 2696 566 edens,
2745 504 2810 558 ab
2855 501 3183 573 imperatore
3222 510 3273 558 et
3310 516 3504 571 magno
3547 501 3864 556 Domestica

638 615 947 678 humanum,
991 622 1040 667 et
1083 628 1115 665 a
1153 610 1439 679 majoribus
1476 608 1876 678 diligentissime
1905 615 2199 677 patratum,

639 705 952 773 acceptabile
983 704 1089 758 Deo
1121 702 1450 767 ostendetur,
1483 710 1532 756 et
1573 701 1875 754 hominibus
1910 698 2198 763 laudabile,

637 798 774 865 quod
819 796 1081 863 sapientia
1128 805 1178 848 et
1226 811 1471 862 suprema
1518 794 1614 848 Dei
1657 795 1950 862 cognitione
1993 792 2204 845 laudent

637 889 738 940 sibi
767 887 1101 957 adjunctam,
1135 895 1182 941 et
1211 886 1539 954 splendorem
1569 902 1671 940 non
1700 885 1912 939 habeat.
1942 883 2072 938 [lare
2102 883 2203 953 igi-

639 989 725 1032 tur
743 989 953 1047 propter
975 995 1060 1032 eos
1087 979 1177 1048 qui
1199 979 1255 1030 in
1281 976 1414 1031 bona
1440 978 1775 1040 invehuntur,
1803 975 2205 1043 obsidenturque

638 1070 949 1134 invidentia,
978 1068 1344 1123 incredulitate
1374 1078 1421 1123 et
1455 1071 1808 1138 ignoratione,
1839 1086 1870 1122 a
1897 1067 2047 1121 nobis
2083 1082 2203 1132 pro.-

637 1162 804 1224 posita
831 1167 952 1212 sunt
981 1161 1171 1212 divinis
1193 1160 1442 1214 laudibus
1469 1170 1516 1214 et
1549 1162 1816 1215 amoribus
1842 1160 2201 1229 praeceptoris,

640 1261 694 1302 ut
749 1253 835 1319 qui
883 1252 1053 1319 primo
1089 1252 1270 1305 statim
1320 1267 1571 1320 aggressa
1607 1253 1662 1305 in
1709 1253 1819 1305 Iure
1871 1251 2203 1319 offenderint,

639 1341 825 1408 seipsis
860 1343 1101 1396 meliores
1142 1341 1433 1411 aliquando
1473 1346 1721 1408 evadant,
1765 1352 1816 1397 et
1859 1344 2112 1396 invidiam
2144 1357 2205 1393 ac

640 1432 957 1486 calumniam
1026 1435 1304 1502 repellant,
1376 1435 1738 1505 extollantque
1816 1435 2088 1497 laudibus,
2146 1444 2210 1486 ut

641 1534 906 1591 poterunt,
949 1542 1088 1590 eum,
1126 1527 1214 1595 qui
1243 1528 1469 1594 actione,
1510 1545 1746 1583 sermone
1772 1537 1820 1581 et
1850 1527 2206 1592 speculatione

641 1614 804 1667 Deum
841 1616 1178 1684 glor‘i/icavit,
1215 1634 1503 1686 nomenque
1541 1636 1704 1686 supra
1742 1633 1892 1673 omne
1928 1634 2113 1671 nomen
2149 1618 2202 1670 in

632 1707 741 1758 suis
794 1707 1039 1760 membris
1084 1708 1476 1776 sanctiﬁcaeit;
1521 1718 1612 1761 aut
1661 1718 1910 1776 tanquam
1949 1707 2210 1759 bonarum

633 1809 807 1851 rerum
857 1800 1052 1866 jeiuni,
1095 1811 1144 1853 et
1195 1801 1401 1868 penitus
1443 1799 1746 1855 sublimium
1780 1798 2200 1865 speculationum

633 1891 906 1957 incapaces
939 1901 1156 1960 propter
1197 1894 1440 1947 innatam
1485 1893 1592 1946 illis
1635 1893 1944 1958 ruditatem,
1990 1892 2053 1944 ab
2087 1893 2201 1961 ipsa

633 1983 964 2050 aggressione
1010 1993 1058 2036 et
1110 1985 1298 2038 horum
1343 1986 1663 2054 scriptorum
1713 1986 1938 2039 curiosa:
1976 1987 2203 2054 indaga-

638 2072 773 2123 tione
804 2071 1123 2126 abstineant.
1151 2073 1294 2139 Quin
1331 2075 1441 2128 imo
1470 2076 1763 2144 publicatis
1792 2077 1956 2130 etiam
1986 2075 2205 2130 Oratio-

636 2164 799 2217 nibus
829 2166 1094 2232 oppositae.
1116 2164 1379 2234 Magistro
1404 2168 1634 2221 crimina
1670 2168 1893 2223 abluere
1920 2169 2206 2223 contende-

637 2261 784 2320 runt,
823 2261 1230 2326 oppugnatores
1273 2274 1380 2313 non
1414 2259 1519 2313 alio
1557 2275 1718 2327 quam
1759 2259 2203 2330 Hagiocalegoro—

639 2363 755 2398 rum
797 2349 1018 2402 nomine
1066 2360 1482 2419 nuncupantes,
1528 2351 1684 2420 quasi
1734 2354 1825 2420 qui
1877 2351 2203 2422 Symeonem

642 2440 939 2505 ineusarel,
989 2444 1336 2496 sanctitatem
1398 2445 1568 2513 ipsam
1625 2443 2036 2497 criminaretur.
2091 2443 2204 2496 Sub

641 2530 742 2584 hoc
775 2532 929 2584 titulo
961 2531 1269 2586 Orationem
1337 2533 1473 2586 idem
1500 2533 1719 2586 Nicetas
1772 2531 1941 2586 edidit
1964 2548 1980 2592 ;
2006 2532 2205 2584 Πιπτέ·

637 2638 710 2673 τω
749 2621 963 2690 φοὸνος,
991 2624 1018 2674 ὁ
1058 2626 1168 2686 τοῖς
1200 2624 1382 2687 καλοῖς
1428 2622 1696 2692 νεμεσῶν,
1754 2625 1848 2678 καὶ
1902 2624 2198 2693 ὑμνείσθω,

637 2713 728 2764 καὶ
769 2714 1123 2780 εὐφημείσοω
1156 2717 1182 2766 ὁ
1214 2713 1398 2782 ὓμνων
1449 2714 1543 2766 καὶ
1594 2714 1885 2782 ἐγκωμίων
1935 2714 2205 2766 παντοίων

636 2804 783 2868 ἄξιος
815 2805 1063 2874 Συμεὼν,
1097 2807 1241 2859 καθὰ
1267 2809 1358 2860 καὶ
1387 2808 1444 2858 ὲν
1468 2807 1544 2876 τῷ
1587 2807 2060 2875 Ἀγιοκατηγὸρων
2120 2807 2206 2859 λό-

639 2913 718 2966 γῳ
765 2897 904 2965 μετὰ
969 2899 1218 2967 χρήσεων
1276 2899 1438 2969 ἱερῶν
1492 2898 1825 2968 πλατύτερον
1861 2899 2156 2968 ὲξεθέμεθα
2192 2918 2203 2929 ·

639 2989 800 3042 Abeat
831 2989 1139 3050 invidentia,
1174 3006 1289 3058 qua:
1327 3006 1528 3058 semper
1566 2992 1726 3043 bonos
1768 2991 1895 3043 edit.
1940 2989 2209 3044 Laudatur

639 3089 686 3131 et
732 3081 864 3133 satis
907 3080 1099 3146 faustis
1149 3082 1356 3134 uocibus
1390 3081 1698 3140 extollatur,
1740 3083 1827 3149 qui
1872 3081 2120 3135 laudibus
2161 3093 2208 3134 et

640 3169 928 3238 omnigenis
968 3172 1216 3222 eucomiis
1258 3171 1448 3238 dignus
1481 3181 1558 3223 est
1586 3170 1834 3239 Symeon,
1868 3172 2208 3240 quemadmo-
2236 3176 2286 3233 (ι

640 3265 764 3317 dum
812 3263 1062 3317 adversus
1114 3261 1561 3334 Hagiocategoros
1602 3263 1859 3318 Oratione
1904 3276 2214 3318 sanctorum

639 3357 1045 3410 auctoritatibus
1075 3356 1326 3410 adductis
1356 3355 1529 3423 fusius
1554 3356 1954 3425 explicavimus.

714 3515 850 3567 (ium
885 3527 1056 3570 turba:
1091 3530 1196 3569 non
1229 3516 1578 3584 quiescerent
1605 3515 1836 3587 Symcon
1863 3515 1917 3569 in
1943 3514 2206 3584 judicium

641 3615 889 3669 iocatus,
925 3615 978 3660 et
1010 3607 1062 3660 in
1091 3609 1363 3662 sententia
1401 3609 1702 3676 persistens
1734 3609 2126 3661 condemnatur
2153 3606 2206 3658 in

643 3711 947 3761 carcerem,
987 3713 1092 3751 non
1133 3714 1356 3768 propter
1397 3700 1553 3755 tidem
1598 3709 1652 3752 et
1694 3698 1764 3753 ob
1792 3697 2044 3752 deiensas
2075 3696 2206 3749 ima-

647 3787 823 3856 gines,
862 3803 999 3855 quas
1039 3797 1152 3840 tum
1190 3790 1371 3843 nullus
1416 3789 1803 3860 oppugnabat,
1846 3797 1898 3842 ct
1928 3787 2206 3840 ardentem

645 3878 761 3946 ejus
814 3879 1013 3942 zelum,
1067 3895 1174 3948 quo
1210 3880 1573 3935 cdervcscens
1611 3881 1821 3934 solutos
1858 3877 2208 3947 imperatoris

648 3985 828 4024 mores
865 3972 1249 4042 licentiamque
1290 3972 1515 4026 liberius
1559 3971 1836 4026 arcusarit
1883 3971 2028 4039 quod
2078 3985 2220 4023 sane

648 4075 922 4127 nunquam
960 4061 1096 4130 ipse,
1123 4076 1245 4115 cum
1286 4061 1525 4114 carceris
1565 4059 1895 4122 meminerit,
1926 4058 2208 4122 tacuisset,

646 4151 787 4220 quod
815 4151 879 4205 ad
905 4152 1129 4221 gloriam
1156 4153 1327 4221 ipsius
1353 4163 1402 4206 et
1433 4153 1700 4207 universae
1736 4151 1992 4206 Ecclesia:
2030 4157 2211 4202 verte—

647 4251 815 4294 retur.
862 4241 1184 4296 Theodorus
1238 4240 1452 4294 Studita
1507 4255 1605 4294 sua
1653 4241 1864 4300 exsilia,
1919 4241 2210 4307 supplicia,

648 4347 1009 4400 carceresquc
1039 4347 1495 4396 commemorans,
1528 4347 1749 4386 causam
1776 4333 1845 4385 ob
1870 4346 2030 4400 quam
2061 4331 2214 4384 sitni-

651 4426 717 4477 lia
747 4425 934 4486 subiit,
992 4439 1096 4477 non
1139 4423 1355 4476 reticuit
1385 4441 1398 4477 :
1426 4438 1488 4476 ne
1531 4423 1659 4490 quid
1713 4423 1888 4474 dicam
1940 4421 2006 4474 de
2049 4421 2215 4472 Atint-

2301 599 2561 670 ampliter
2608 596 2896 664 accipitur,
2938 610 3097 651 carus
3136 596 3246 650 illis
3280 611 3343 650 ac
3382 595 3632 648 intimus.
3666 591 3766 647 Hic
3801 593 3866 646 ad

2305 691 2592 762 quemdam
2613 689 2782 752 exiis,
2800 687 2889 756 qui
2910 685 3254 756 Hesychastze
3271 686 3544 749 dicuntur,
3565 683 3865 756 profectus,

2304 782 2524 838 modum
2555 782 2678 836 vitae
2709 779 2990 839 solitariae,
3016 792 3078 832 ac
3107 786 3375 848 praecepta
3402 776 3726 832 obedientia‘.
3763 790 3859 828 au.

2302 874 2484 929 divit“:
2538 888 2649 926 tum
2686 885 2793 940 quo
2826 879 2985 939 pacto
3017 868 3428 937 proﬁciscentes
3468 867 3693 922 solitarii
3725 879 3864 934 pau-

2303 965 2455 1018 latim
2491 972 2545 1017 et
2576 959 2867 1031 tranquille
2915 957 3323 1028 precationibus
3368 957 3586 1018 intenti,
3623 954 3864 1010 exsulta-

2304 1053 2454 1107 tione
2505 1051 2698 1115 animi,
2758 1057 2811 1102 et
2865 1046 3049 1102 divina
3101 1045 3337 1115 quadam
3387 1041 3874 1113 incxplicabilique

2307 1146 2582 1213 voluptate
2624 1140 3046 1207 perfundantur,
3080 1146 3141 1191 ct
3166 1136 3343 1191 oculis
3375 1135 3651 1206 corporeis
3680 1134 3865 1188 lumen

2306 1249 2366 1289 se
2392 1229 2818 1299 circumlulgens
2857 1226 3149 1297 aSpiciant.
3187 1223 3242 1276 id
3283 1223 3510 1279 audiens
3542 1223 3866 1276 Barlaamus

2305 1325 2488 1379 statim
2531 1321 2809 1376 solitarios
2851 1315 3144 1382 insectari;
3193 1315 3547 1383 impostores,
3580 1310 3868 1366 Massalio-

2307 1431 2430 1479 nos,
2467 1408 2994 1482 Omphalopsychos,
3025 1420 3409 1477 germanorum
3440 1403 3701 1458 Ecclesiae
3732 1400 3869 1471 dog-

2309 1514 2512 1560 matum
2543 1511 2916 1573 corruptores,
2945 1507 3001 1555 et
3030 1497 3302 1553 similibus
3334 1494 3458 1550 aliis
3492 1493 3636 1547 notis
3662 1505 3880 1545 nuncu«

2309 1610 2460 1664 pare,
2498 1607 2798 1661 eorumque
2829 1587 3303 1650 consuetudinem,
3340 1593 3599 1653 tanquam
3640 1580 3732 1651 qui
3781 1595 3869 1634 se-

2309 1686 2575 1740 ducerent
2609 1692 2662 1737 et
2692 1684 3113 1746 seducerentur,
3149 1677 3469 1748 fugiendum
3499 1688 3620 1729 esse
3657 1669 3877 1742 publice

2310 1773 2674 1831 disseminare
2704 1789 2718 1824 :
2753 1770 2969 1825 animas
2997 1769 3140 1824 enim
3170 1767 3277 1822 sibi
3309 1765 3380 1821 ob
3409 1765 3680 1834 pietatem,
3711 1773 3874 1829 quam

2307 1879 2418 1934 prae
2468 1877 2526 1918 se
2575 1860 2828 1916 ferebant
2873 1857 3252 1921 concreditae,
3310 1854 3547 1908 maxima
3594 1847 3881 1917 religionis

2306 1951 2482 2018 clade,
2531 1951 2860 2021 perdebant.
2909 1946 3005 2002 llis
3048 1945 3307 2001 commoti
3354 1939 3884 1997 Thessalonicenscs

2307 2044 2564 2103 solitarii.
2591 2040 2925 2097 intermissis
2957 2039 3151 2092 amicis
3179 2037 3445 2107 rogabant
3477 2042 3537 2086 ut
3560 2029 3690 2084 talia
3725 2028 3875 2097 loqui

2308 2139 2573 2192 adversus
2617 2135 2987 2206 llesychastas
3029 2130 3351 2192 desisteret;
3396 2141 3496 2182 nec
3537 2126 3700 2179 unius
3739 2120 3876 2174 male

2309 2231 2428 2283 sani
2470 2227 2834 2283 instructione
2883 2223 3123 2294 projecte
3170 2227 3416 2274 sanctam
3453 2216 3690 2282 quietem
3725 2211 3879 2265 inva-

2308 2323 2479 2382 deret,
2515 2329 2569 2373 et
2601 2317 2905 2372 maledictis
2934 2313 3334 2385 proscinderet.
3362 2307 3475 2362 Hoc
3504 2305 3708 2360 lumine
3739 2300 3878 2355 mul-

2311 2424 2394 2467 tus
2447 2410 2848 2480 persecutionis
2903 2406 3280 2474 temporibus;
3342 2406 3596 2455 sanctum
3657 2386 3885 2466 quoque

2308 2503 2604 2558 Antonino:
2648 2510 2839 2555 contra
2881 2504 3158 2553 daemones
3200 2497 3254 2549 in
3296 2494 3412 2546 acie
3444 2499 3706 2553 stantem,
3749 2502 3882 2541 con-

2309 2595 2541 2649 vestitos
2597 2593 2766 2647 fuisse
2816 2609 2828 2644 :
2884 2605 3046 2661 posse
3096 2587 3212 2642 fieri
3270 2597 3325 2640 ut
3380 2585 3552 2640 oculis
3599 2581 3878 2646 corporeis

2309 2688 2581 2756 quispiam
2615 2685 2860 2740 divinum
2896 2690 2950 2737 et
2977 2684 3282 2736 increatum
3311 2678 3517 2732 Lumen
3545 2671 3882 2741 contemple—

2313 2788 2421 2834 tur.
2467 2777 2525 2832 ln
2569 2783 2753 2830 monte
2786 2773 3039 2828 Thabore
3084 2771 3332 2825 homines
3372 2777 3425 2823 et
3462 2767 3638 2821 adhuc
3675 2763 3880 2831 imper-

2311 2868 2458 2930 lecti,
2507 2864 2938 2933 circumlulgens
2993 2861 3164 2929 ipsos,
3212 2874 3276 2913 ac
3315 2858 3629 2918 increatum.
3670 2853 3880 2907 Lumen

2313 2960 2495 3014 videre
2528 2965 2860 3026 potuerunt:
2897 2967 3006 3007 non
3041 2966 3162 3006 esse
3189 2950 3408 3014 mirum,
3444 2950 3486 3002 si
3525 2961 3671 3000 nunc
3700 2941 3885 2999 sancti

2313 3065 2547 3120 superne
2574 3063 2602 3101 a
2631 3049 2742 3101 Deo
2773 3043 3078 3100 collustrati
3110 3043 3367 3098 dicantur
3397 3040 3502 3094 hoc
3529 3038 3737 3093 Lumen
3762 3050 3886 3090 cer-

2313 3157 2463 3198 nere.
2520 3140 2688 3194 Dictis
2735 3137 3056 3191 Barlaamus
3099 3150 3158 3190 se
3197 3132 3482 3188 continere
3531 3145 3637 3185 non
3685 3131 3878 3198 potuit,

2311 3234 2404 3289 sed
2419 3229 2754 3287 exclamavit
2782 3245 2798 3282 ε
2829 3227 2883 3281 Si
2915 3226 3118 3279 Lumen
3147 3223 3280 3278 illud
3311 3239 3484 3292 neque
3514 3236 3597 3276 res
3633 3219 3879 3276 condita.

2315 3339 2493 3394 neque
2527 3324 2632 3376 Dei
2655 3328 2854 3376 natura
2890 3327 2993 3383 est,
3023 3318 3196 3373 Deum
3229 3316 3372 3371 enim
3411 3329 3569 3368 nemo
3603 3313 3735 3366 vidit
3775 3326 3887 3365 un-

2313 3428 2498 3483 quam,
2527 3426 2623 3466 vos
2645 3410 2856 3463 duobus
2876 3408 2980 3462 diis
3005 3406 3252 3468 servitis,
3278 3405 3370 3458 uni
3398 3404 3611 3474 quidem
3634 3402 3880 3456 omnium

2315 3501 2655 3566 rubricatori,
2698 3516 2858 3569 quem
2904 3508 2958 3554 et
3003 3496 3457 3567 inaspectabilem
3486 3511 3676 3549 omnes
3713 3492 3877 3547 conli-

2313 3603 2520 3656 tentur,
2575 3591 2729 3644 alteri
2787 3591 2888 3644 sub
2937 3599 3216 3658 aspectum
3261 3587 3498 3647 cadenti,
3543 3594 3596 3638 ct
3642 3585 3884 3640 increato

2314 3685 2555 3740 Lumini.
2607 3682 2748 3736 Nihil
2796 3698 2855 3737 se
2906 3696 2933 3734 a
2976 3682 3157 3735 divina
3200 3680 3438 3734 essentia
3479 3679 3774 3740 diversum,
3821 3689 3888 3727 ac

2314 3779 2632 3843 discrepans
2661 3774 2962 3828 incrcatum
2995 3754 3271 3831 arbitrari,
3304 3784 3470 3837 quare
3498 3767 3634 3836 ipsis
3654 3765 3882 3828 διθεῖαν,

2313 3868 2540 3920 duorum
2583 3867 2799 3920 deorum
2841 3864 3040 3916 cultum
3087 3863 3303 3915 crimini
3336 3860 3522 3914 dabat.
3557 3860 3644 3912 Sic
3675 3857 3884 3927 Byzan-

2315 3961 2449 4014 tium
2478 3961 2775 4028 navigans,
2802 3958 3042 4025 lisusque
3073 3970 3185 4010 suae
3218 3968 3423 4015 causa,
3458 3951 3724 4022 synodum
3757 3965 3886 4004 con-

2318 4053 2530 4121 gregari
2574 4051 2744 4103 instat
2787 4068 2798 4102 :
2852 4046 3101 4102 Monacbi
3143 4043 3661 4100 Thessalonicenses
3695 4041 3762 4093 ad
3795 4040 3886 4108 ju-

2316 4144 2516 4197 dicium
2553 4149 2911 4196 accersuntur
2953 4157 2965 4193 :
3002 4148 3052 4189 et
3089 4152 3210 4191 cum
3248 4136 3546 4203 imperator
3577 4133 3701 4185 lites
3737 4145 3888 4184 com-

2319 4249 2519 4303 ponere
2563 4236 2849 4295 niteretur,
2901 4239 2952 4283 et
3003 4228 3457 4283 altercationibus
3509 4223 3728 4278 modum
3774 4223 3885 4276 tieri

2324 4327 2654 4383 hortaretur,
2693 4325 2981 4379 Barlaamo
3022 4318 3166 4373 haud
3195 4319 3528 4386 quiescente,
3562 4316 3770 4384 synodo
3802 4327 3888 4366 ne-

2323 4419 2527 4480 ροιὶυιιι
2561 4415 2945 4468 committitur.
2984 4408 3407 4464 Prmsidentibus
3445 4408 3626 4473 itaque
3656 4405 3889 4471 impera-

651 4516 829 4578 nasio,
864 4517 1282 4586 Chrysostomo,
1321 4518 1531 4570 Joanne
1570 4514 1752 4568 γερθο
1790 4521 1844 4568 et
1879 4515 2023 4568 aliis.
2056 4514 2214 4566 Fate-
2251 4508 2291 4563 D
2326 4524 2440 4562 tore
2477 4517 2527 4558 ct
2564 4503 2873 4574 patriarcha
2911 4515 3121 4554 necnon
3169 4498 3394 4566 reliquis
3426 4495 3721 4566 episcopis,
3761 4508 3890 4562 pro-

651 4620 737 4662 tur
784 4623 1056 4672 carceres,
1109 4624 1332 4662 causam
1388 4618 1529 4662 tacet
1583 4607 1634 4660 in
1686 4614 1838 4659 tanto
1889 4605 2214 4673 scriptorum

652 4717 899 4766 numero,
940 4718 1042 4755 non
1085 4701 1378 4754 laudabilis
1406 4716 1572 4754 causa
1609 4709 1712 4754 est.
1762 4697 2064 4766 Suspectus
2100 4697 2217 4764 ipsc

653 4794 717 4847 de
761 4794 961 4846 sci-lere
1015 4800 1117 4844 est.
1161 4791 1330 4857 Quem
1383 4791 1541 4845 linem
1594 4805 1848 4844 carceres
1898 4789 2212 4854 habuerint,

658 4884 786 4935 mihi
816 4898 920 4935 non
949 4884 1116 4950 liquet
1145 4899 1156 4943 ;
1185 4882 1640 4949 subsequentiunt
1668 4881 2025 4935 nihilominus
2050 4881 2219 4950 scrip-

657 4987 832 5027 torum
870 4973 1148 5026 silentium
1191 4973 1396 5025 indicio
1428 4982 1534 5035 est,
1582 4973 1726 5026 illius
1761 4973 2046 5042 opiniones
2083 4988 2216 5027 con-

656 5066 960 5121 demnatos,
1018 5063 1068 5113 in
1120 5062 1360 5115 obscuro
1414 5079 1475 5117 ac
1532 5064 1757 5118 latebris
1807 5064 2083 5131 neglectas
2132 5065 2216 5132 ja-

657 5159 857 5209 cuisse.
901 5154 1004 5207 Sed
1045 5169 1191 5208 novo
1224 5169 1364 5207 nera
1396 5171 1608 5224 semper
1645 5156 1957 5209 audentiam
2006 5155 2147 5207 fastu
2191 5170 2220 5206 e

657 5248 897 5301 tenebris
929 5257 1120 5311 erutae,
1152 5247 1294 5297 inter
1320 5245 1519 5301 Montis
1547 5248 1670 5299 Albi
1706 5248 2006 5300 monachos
2033 5255 2221 5298 aucto-

657 5339 868 5392 ritatcm
911 5337 1290 5398 obtinuerunt,
1332 5337 1506 5390 donec
1553 5336 1897 5400 Barluautus,
1945 5347 2000 5388 ιιι
2033 5345 2223 5389 Itarrut

658 5427 1096 5492 Cantacuzenus,
1135 5426 1340 5481 llistor.
1367 5427 1440 5480 lib
1473 5443 1531 5493 ll,
1560 5443 1588 5481 e
1613 5428 1864 5481 Calabria
1899 5427 2218 5487 Monachus,

660 5531 820 5573 netth
849 5520 932 5572 vir
963 5519 1187 5588 ingenio
1219 5529 1272 5572 et
1317 5519 1640 5587 perspicaci,
1671 5527 1722 5571 ct
1758 5518 1937 5587 lingua
1967 5517 2220 5570 disertis-

662 5615 854 5675 simus,
881 5620 1066 5665 extera
1093 5610 1570 5680 philosophorum,
1591 5617 1887 5676 nostraque
1912 5618 2222 5661 sanctorum

665 5705 880 5756 i‘atrum
911 5703 1154 5757 doctrina
1215 5703 1494 5763 imbutus,
1555 5700 1999 5755 Thessalonicam
2065 5701 2224 5752 adre-

667 5795 842 5860 niens,
878 5803 930 5850 et
968 5795 1135 5849 multa
1175 5797 1226 5848 in
1264 5794 1544 5863 religionis
1578 5792 1793 5860 negotio
1837 5791 2096 5846 adversus
2132 5788 2225 5842 L1-

2323 4602 2544 4657 ceriL-us
2583 4611 2640 4654 ct
2681 4597 3029 4652 senatoribus
3072 4592 3441 4648 assidentibus
3487 4591 3539 4642 in
3576 4589 3779 4658 templo
3810 4587 3891 4642 di-

2322 4697 2458 4748 vinae
2509 4692 2800 4760 Sapienti-ar
2843 4689 3082 4758 synodus
3127 4686 3362 4755 cogitur.
3398 4681 3679 4736 Barlaamo
3723 4681 3888 4734 veluti

2325 4785 2491 4836 actori
2524 4782 2735 4851 primus
2764 4779 2981 4833 dicendi
3016 4780 3168 4830 locus
3200 4775 3360 4826 datus
3391 4780 3496 4834 est,
3529 4771 3618 4840 qui
3647 4770 3890 4824 libellum

2325 4878 2390 4928 de
2425 4875 2492 4929 iis
2527 4874 2689 4929 rebus
2728 4871 2986 4925 Patribns
3023 4867 3270 4938 porrigit,
3307 4865 3373 4918 ad
3409 4879 3520 4918 rem
3553 4863 3890 4933 propositam

2323 4968 2486 5021 verba
2535 4965 2755 5031 adjecit,
2805 4963 3017 5014 tandem
3066 4958 3362 5013 monachos
3411 4954 3731 5008 criminatus
3784 4961 3890 5014 est,

2325 5059 2465 5126 quod
2505 5072 2679 5122 neque
2712 5055 3083 5122 precationem
3126 5064 3288 5117 quam
3331 5063 3388 5101 se
3430 5045 3705 5100 celebrare
3743 5043 3892 5098 dice-

2329 5156 2468 5208 rent,
2516 5148 2721 5212 absque
2764 5143 2980 5195 defectu
3024 5150 3076 5191 et
3118 5139 3509 5191 convenienter
3551 5134 3892 5204 proferrent;

2326 5241 2419 5293 sed
2471 5247 2724 5306 egentem
2777 5234 3173 5293 additamento,
3223 5229 3386 5296 idque
3426 5228 3538 5295 ipse
3571 5224 3890 5294 adjiciebat,

2329 5342 2385 5383 ut
2413 5329 2558 5397 quod
2587 5328 2826 5388 deesset,
2854 5322 3149 5390 suppleret.
3180 5319 3282 5374 Pro
3311 5316 3590 5371 monachis
3615 5313 3893 5383 respondit

2329 5422 2601 5481 Palatnas,
2657 5427 2708 5470 ct
2755 5422 3098 5470 sanctorum.
3142 5419 3195 5465 et
3249 5410 3535 5476 tltcologize
3585 5407 3888 5476 peritorum

2328 5513 2608 5568 hominum
2637 5508 2818 5561 elTntls
2846 5505 3181 5559 contrarium
3210 5502 3512 5556 astruebat.
3547 5496 3893 5564 Docebatque

2328 5605 2508 5658 lumen
2547 5603 2598 5654 in
2629 5599 2868 5656 Thabor.
2895 5612 3003 5665 quo
3027 5595 3277 5663 discipuli
3310 5591 3564 5646 illustrati
3593 5596 3741 5646 sunt,
3769 5602 3890 5641 esse

2331 5696 2556 5764 gloriam
2592 5692 2680 5744 Dei
2713 5690 2976 5759 principio
3001 5696 3278 5741 carentem
3307 5692 3359 5736 et
3388 5681 3725 5746 majestatem
3752 5679 3893 5741 ejus,

2334 5797 2384 5842 et
2420 5788 2601 5840 lumen
2629 5784 2933 5838 Dirinitatis
2971 5790 3021 5834 ct
3053 5779 3338 5837 Deitatem,
3375 5783 3425 5827 et
3458 5769 3706 5824 naturale
3736 5779 3888 5823 πιεῖ-
