4148 6334
179 419 277 480 313

1655 427 1984 489 ΝΟΤΙΤΙΑ.

3319 433 3430 500 3η

178 544 422 599 numque
453 528 548 582 Dei
581 529 789 597 lumen,
815 538 866 586 et
897 544 1240 602 quaecunque
1271 534 1372 589 alia
1419 551 1448 590 a
1481 537 1749 608 theologis
1779 545 1822 598 Α
1852 554 1972 595 esse
2003 539 2069 596 de
2101 537 2367 610 dogmate
2388 537 2459 594 ob
2493 539 2842 611 praesentiam
2874 539 3140 611 imperitae
3177 543 3426 600 multitu-

180 619 245 675 de
272 620 365 674 illo
400 620 693 687 dicuntur;
725 620 986 693 deinceps
1018 625 1378 681 concludebat.
1406 637 1669 684 aeternum
1699 641 1753 685 et

181 712 432 766 naturale
467 711 562 765 Dei
592 727 701 767 non
728 729 853 770 esse
883 715 1190 782 conditum,
1236 734 1337 774 nec
1371 719 1488 788 ejus
1523 721 1749 790 gloriam

180 812 233 859 et
275 804 643 872 maiestatem,
691 823 792 862 nec
830 798 1103 881 quidquid
1148 812 1282 866 illud
1321 814 1502 868 lumen
1535 829 1566 868 a
1601 816 1755 878 theo-

181 895 322 963 lo’gis
354 911 481 951 esse
519 899 876 966 praedicatur;
919 910 1031 957 tum
1063 903 1289 960 Tomam
1383 908 1671 964 monachis
1698 910 1752 964 in

179 986 324 1040 Atho
368 987 755 1048 habitantibus
801 999 1166 1067 compositum
1209 1016 1487 1068 promens,
1530 1019 1588 1058 se
1627 1019 1752 1058 cum

185 1075 392 1132 sanctis
439 1082 780 1151 consentire,
817 1085 963 1142 dicta
1005 1104 1133 1144 vero
1181 1091 1448 1147 Barlaami
1498 1111 1752 1164 perversa

185 1164 445 1233 dogmata
485 1184 609 1225 esse
642 1176 1002 1231 monstrabat.
1043 1179 1177 1235 Cum
1214 1193 1338 1251 post
1371 1185 1585 1254 longam
1633 1187 1751 1242 dis-

185 1257 525 1320 putationem
572 1264 804 1321 victoria
858 1269 924 1323 ad
979 1271 1303 1342 Gregorium
1352 1286 1403 1330 et
1452 1281 1750 1334 monachos

186 1345 502 1413 inclinaret,
536 1351 854 1413 Barlaamus
888 1360 1098 1426 videns,
1139 1379 1247 1418 non
1281 1354 1633 1435 etlugiturum
1669 1385 1747 1435 se,

187 1436 315 1528 quin
349 1439 782 1501 maledicentiam
820 1465 972 1504 suam
1020 1461 1073 1507 et
1115 1457 1502 1512 scurrilitatem
1551 1461 1745 1528 lueret,

184 1525 247 1580 ad
289 1543 561 1622 magnum
605 1535 964 1594 domesticum
1016 1545 1230 1598 accedit
1273 1548 1342 1599 ab
1389 1564 1452 1604 eo
1499 1525 1749 1622 ﬂagitans

179 1618 443 1675 auxilium
484 1632 538 1678 et
575 1627 887 1694 consilium,
933 1648 1043 1701 quo
1095 1635 1472 1695 imminentem
1532 1618 1746 1714 poenam

182 1713 458 1806 evaderet.
495 1713 721 1787 Magnus
755 1720 1095 1782 domesticus
1138 1728 1310 1784 officia
1345 1750 1440 1786 sua
1473 1713 1746 1806 promisit,

181 1801 544 1874 hortaturque
583 1825 652 1864 ne
693 1824 1041 1882 exspectaret
1088 1829 1265 1875 atrqu
1307 1801 1602 1892 calettiuttt,
1652 1801 1745 1885 sed

179 1894 360 1961 potius
387 1899 625 1965 priorem
655 1902 773 1972 ipse
798 1906 1097 1975 inscitiam,
1122 1922 1176 1966 et.
1201 1917 1440 1984 agnitam
1464 1921 1743 1976 veritatem

178 1987 354 2054 palam
390 1988 676 2058 fateretur,
722 1999 1085 2056 assentirctur
1125 2019 1251 2059 cum
1289 2010 1519 2074 sanctis,
1556 2019 1608 2065 et
1647 2013 1751 2064 ini-

180 2079 421 2136 micitias
445 2099 569 2138 cum
602 2091 888 2146 monachis
909 2105 1156 2162 poneret,
1182 2099 1258 2151 sic
1285 2099 1556 2158 innocuus
1584 2106 1745 2158 vitam

178 2183 389 2240 ageret,
425 2179 714 2235 monachis
757 2183 990 2254 amicus,
1024 2189 1116 2256 qui
1164 2205 1270 2244 non
1311 2195 1576 2249 conviciis
1609 2197 1663 2249 in
1694 2214 1750 2252 se

175 2260 387 2328 effusis,
430 2267 524 2320 sed
569 2275 913 2336 perversitati
948 2277 1213 2335 doctrinae
1243 2285 1637 2341 ecclesiasticae
1671 2305 1751 2342 re-

176 2355 456 2413 sisterent.
507 2359 826 2419 Allirmabat
866 2368 1188 2427 Bai-luamus
1232 2377 1501 2444 optimum
1546 2380 1651 2434 sibi
1695 2383 1748 2436 id

175 2446 344 2503 videri
370 2455 662 2510 consilium
695 2477 708 2510 :
745 2460 936 2517 timere
962 2473 1162 2531 tamen,
1197 2485 1262 2523 ne
1289 2479 1408 2538 post
1444 2473 1748 2528 confessio-

177 2556 298 2594 nem
338 2545 521 2615 aliqua
561 2551 890 2607 multaretur
920 2558 1244 2625 ignominia,
1273 2577 1395 2614 cum
1427 2563 1669 2631 probatis
1693 2574 1746 2620 et

175 2637 411 2701 receptis
437 2638 786 2708 dogmatibus
813 2663 874 2701 se
897 2651 1215 2717 opposuerit
1241 2671 1251 2714 ;
1284 2655 1514 2723 proinde
1540 2658 1582 2711 si
1615 2658 1744 2711 talia

173 2731 440 2791 passurus
471 2742 640 2796 esset,
673 2737 870 2792 melius
903 2740 1123 2796 silentio
1159 2743 1348 2798 tulisse
1372 2746 1658 2814 judicium,
1687 2762 1744 2801 ut

173 2824 227 2866 et
269 2817 324 2892 ip
374 2830 650 2888 posterum
695 2827 797 2880 sibi
845 2827 1044 2884 factam
1089 2832 1344 2900 iniurium
1389 2845 1443 2890 et
1479 2816 1743 2905 judicium

173 2908 346 2973 possit
392 2925 671 2969 revocare.
709 2917 844 2972 Cum
878 2936 1124 2991 magnus
1172 2924 1513 2982 domesticus
1555 2944 1744 2984 mone-

176 3004 281 3060 ret,
325 3015 394 3054 ne
428 3002 558 3070 quid
595 3005 868 3073 ejusmodi
918 3027 976 3065 se
1020 3024 1292 3081 praesente
1329 3023 1616 3082 metueret,
1659 3020 1747 3074 ille

177 3087 390 3167 medius
439 3103 595 3149 stans
638 3101 967 3165 praeteritam
1018 3103 1384 3171 ignorantiam
1437 3110 1746 3172 conﬁtetur,

1853 631 2018 696 tlinis,
2067 638 2180 685 tum
2224 648 2290 686 ne
2339 632 2629 704 theologia:
2673 633 2930 703 mysteria
2980 633 3227 702 profanis
3274 635 3420 706 vulgi

1855 722 2075 776 auribus
2107 724 2505 792 ingererentur,
2546 736 2661 779 tum
2691 739 2762 778 ne
2793 722 3047 780 Paiantas
3071 733 3268 779 contra
3308 725 3423 779 dis-

1856 821 2077 880 putante
2113 813 2395 869 Bariaamo
2437 815 2776 886 blasphemiae
2810 815 3076 870 doctrinae
3114 814 3421 872 convince-

1854 907 2006 954 retur
2032 947 2040 953 .
2077 915 2129 955 et
2156 901 2500 958 Barlaamum
2533 906 2960 960 condemnatum
2989 920 3102 960 non
3129 905 3276 974 quod
3307 919 3418 958 non

1855 993 2084 1046 sentiret
2105 1008 2167 1045 ea
2192 1009 2311 1059 qua
2333 993 2603 1062 Palamas,
2633 997 2726 1052 sed
2751 1013 2816 1053 ex
2843 997 2966 1052 aliis
2994 997 3169 1066 ipsius
3195 994 3422 1065 scriptis

1856 1084 2248 1137 malevolentiae
2299 1094 2351 1139 et
2401 1087 2740 1154 pertinaciae,
2788 1096 2842 1143 et
2889 1088 2943 1142 in
2987 1087 3182 1159 primis
3230 1084 3422 1156 gloria:

1853 1175 2193 1244 cupiditatis,
2223 1176 2530 1230 convictus.
2562 1177 2879 1234 Audiatur:
2955 1178 3130 1233 Τοῦτο
3193 1178 3252 1230 δὲ
3323 1177 3419 1230 καὶ

1855 1264 1941 1318 ἵνα
1970 1271 2041 1336 (si,
2064 1266 2212 1325 δίκας
2233 1265 2431 1316 ἀτόπου
2453 1263 2694 1334 γλώττης
2715 1267 2806 1319 καὶ
2823 1267 3042 1337 γνώμης
3061 1267 3294 1328 διδόντος
3323 1263 3419 1319 τοῦ

1852 1356 2140 1426 Βαρὶαὰμ,
2176 1356 2329 1419 δίκας
2381 1356 2700 1425 βλασφήμου
2741 1374 2796 1409 τε
2831 1360 2924 1414 καὶ
2962 1360 3191 1428 ἀκαίρου
3235 1358 3416 1412 θεολο-

1851 1452 1977 1518 γίας
2008 1451 2185 1518 ὄφλω
2233 1452 2373 1520 φανῇ
2406 1449 2502 1502 καὶ
2553 1448 2581 1500 ὁ
2614 1448 2902 1518 Παλαμᾰς,
2958 1449 3248 1504 κάντεῦθεν
3294 1450 3418 1504 ἀντὶ

1851 1541 1953 1609 τῆς
1991 1539 2372 1608 ἁρμοττούσης
2391 1539 2500 1601 τοῖς
2533 1537 2859 1606 πράγμασιν
2896 1537 3115 1607 εἰρήνης
3142 1537 3232 1590 mi.
3261 1539 3419 1592 εὐτα-

1854 1631 1989 1695 ξίας,
2033 1630 2258 1690 θόρυὸος
2314 1627 2540 1697 γένηται
2588 1627 2684 1682 καὶ
2735 1625 3084 1697 ἀτέκμαρτος
3121 1626 3420 1695 σύγχυσις·

1853 1721 1972 1774 ὅθεν
1997 1725 2064 1773 τά
2092 1721 2186 1789 τῆς
2219 1721 2381 1790 εὐχῆς
2413 1721 2492 1783 είς
2527 1719 2692 1789 μέσον
2723 1717 2934 1771 ἐτίθετο
2960 1732 2974 1746 ·
3006 1715 3075 1770 τὰ
3105 1716 3161 1769 δὲ
3193 1717 3289 1786 τῆς
3315 1715 3424 1768 τῶν

1852 1811 2246 1866 Messala-"subit
2282 1811 2548 1881 αἱρέσεως
2579 1811 2670 1862 ἐπὶ
2706 1811 2921 1870 τούτοις
2950 1807 3298 1878 ἐγκλήματα,
3327 1806 3425 1860 ὅσα

1855 1907 1994 1959 κατά
2016 1905 2104 1957 τοῦ
2134 1905 2370 1975 Παλαμᾶ
2386 1899 3053 1974 προύτεινετο,ύπέρθεσιν
3071 1900 3149 1960 εἰς
3168 1896 3426 1968 βραχείας

1853 1997 2005 2065 ἔσχον
2033 1997 2264 2065 ἡμέρας
2297 1995 2390 2048 καὶ
2415 1996 2461 2046 εί
2488 1994 2608 2064 μὴὸ
2633 1992 2729 2046 τοῦ
2759 1991 3023 2062 βασιλέως
3057 1989 3242 2042 εἵπετο
3259 1986 3432 2041 κατά-ι

1852 2103 1948 2141 πινλ
1976 2087 2236 2152 αἰφνίδιος
2267 2087 2513 2150 θάνατος,
2539 2085 2676 2154 ταχὺ
2703 2085 2764 2135 τὸ
2802 2083 2978 2152 πέρας
3015 2079 3321 2151 ἐλάμϐανον
3356 2079 3423 2156 ἂν

1852 2180 1909 2232 αἱ
1940 2181 2107 2232 αὐτοῦ
2135 2178 2358 2248 σφοδραὶ
2389 2178 2529 2230 κατὰ
2553 2176 2654 2244 τῆς
2682 2175 2945 2244 αἱρέσεως
2968 2173 3067 2240 τῆς
3097 2168 3426 2239 Παλαμικῆς

1851 2269 2200 2335 ἐπαγγεὶίαι.
2241 2267 2397 2344 ᾼέγω
2421 2265 2486 2336 δὴ
2515 2267 2611 2334 τὴν
2635 2264 2874 2331 ἐκτομὴν
2900 2262 3095 2328 αὐτῆς,
3127 2257 3425 2331 μελλούσης

1851 2361 1930 2413 ἔτι
1957 2358 2209 2428 φύεσθαι.
2257 2360 2365 2412 Καὶ
2417 2359 2508 2411 ἵνα
2539 2359 2638 2412 τάν
2671 2357 2820 2428 μέσῳ
2849 2354 3118 2422 συντέμω,
3160 2350 3236 2426 μὴ
3291 2366 3425 2417 συγ-

1849 2450 2120 2521 χωρηθεὶς
2151 2451 2179 2502 ὁ
2209 2449 2475 2519 Βαρλαὰμ
2532 2448 2811 2514 ἀποδεῖξαι
2860 2445 2929 2500 τὰ
2960 2441 3349 2512 προτεινόμενά
3378 2442 3451 2493 οἱ·

1848 2545 1957 2595 τῶν
2013 2543 2337 2609 θεολογικῶν
2392 2540 2774 2608 ἐγκλημάτων,
2830 2538 2897 2591 δι’
2940 2537 3120 2607 ἆσπὲρ
3182 2535 3430 2605 ἐφθημεν

1848 2635 2138 2704 εἰρηκότες
2173 2632 2374 2698 αἰτίας,
2417 2631 2474 2696 ἐξ
2510 2631 2713 2701 ἑτέρων
2769 2630 2932 2683 αὖτοῦ
2970 2616 3427 2698 συγγραμμάτων

1846 2727 2080 2797 ἡττήθη,
2114 2729 2207 2778 καί
2264 2718 3092 2793 ἀπηλέγχθηικακογνωμοσύνῃ
3130 2717 3224 2770 καὶ
3259 2714 3428 2768 αὐθα-

1848 2821 1934 2890 δίᾳ
1964 2819 2206 2879 σύνοικος
2245 2816 2340 2882 ὢν,
2374 2815 2468 2869 καὶ
2501 2814 2657 2881 δόξης
2687 2812 2973 2881 δημώδους
3010 2811 3065 2870 ἐς
3095 2809 3162 2862 τὰ
3194 2805 3427 2876 μάλιστα

1850 2912 2106 2980 ἐραστής·
2130 2906 2268 2960 Tum
2281 2921 2342 2959 ne
2358 2922 2473 2958 cum
2490 2905 2809 2958 Barlaamus
2829 2902 3014 2968 inepta:
3027 2897 3361 2967 loquacitatis
3377 2905 3426 2949 et

1850 3000 2037 3055 mentis
2054 3013 2231 3066 poenas
2251 2995 2434 3060 lueret,
2453 2994 2706 3048 Palamas
2727 2991 3035 3058 blaspheme
3051 3000 3099 3041 et
3118 2988 3432 3054 importuna

1853 3088 2267 3155 theologia'rcus
2295 3101 2405 3140 esse
2435 3084 2700 3137 uideretur
2729 3097 2746 3134 :
2781 3089 2934 3150 atque
2968 3077 3090 3131 inde
3113 3077 3224 3130 loco
3255 3076 3439 3145 pacis,

173 3179 244 3232 ob
273 3182 440 3238 stulte
471 3183 618 3240 dicta
659 3190 872 3244 veniam
912 3194 1068 3261 petit,
1109 3210 1190 3258 se,
1235 3211 1356 3251 cum
1395 3199 1531 3255 alios
1564 3215 1744 3257 errare

1853 3197 2010 3251 quam
2039 3195 2119 3233 res
2150 3178 2468 3248 ﬂagitabant
2498 3184 2654 3244 atque
2688 3173 2809 3226 boni
2842 3171 3067 3233 ordinis,
3097 3168 3352 3223 tumultus
3377 3176 3429 3223 st

172 3273 517 3340 opinaretur,
562 3280 626 3331 ad
663 3295 851 3336 eorum
893 3300 1136 3340 errorem
1174 3290 1574 3345 emendandum
1616 3293 1743 3347 dili-

170 3366 411 3432 gentiam
447 3369 768 3427 adhibuisse
812 3391 825 3425 :
880 3392 1026 3429 nunc
1069 3378 1200 3430 nihil
1245 3381 1410 3434 abiis
1450 3381 1742 3447 dissidere,

168 3464 222 3508 ct
259 3456 318 3509 in
351 3457 607 3513 Thabore
646 3463 828 3516 lumen
864 3467 1093 3532 gloriam
1137 3468 1229 3520 Dei
1268 3472 1520 3539 principii
1551 3487 1743 3540 exper-

166 3555 301 3607 tem,
330 3556 381 3602 et
412 3557 678 3624 aeternum
713 3567 837 3609 esse
868 3555 1050 3610 lumen
1077 3558 1302 3612 credere
1325 3574 1403 3622 se,
1429 3570 1592 3629 atque
1614 3575 1744 3614 con-

167 3635 332 3690 ﬁteri.
384 3636 541 3693 Nunc
575 3639 873 3710 Gregorius
917 3658 1040 3698 cum
1081 3657 1224 3700 cmtu
1271 3662 1372 3701 suo
1400 3647 1739 3702 Barlaamum

167 3729 440 3796 complexi
470 3731 681 3784 veniam
709 3735 1003 3800 prateritis
1030 3719 1321 3803 dederunt,
1347 3735 1564 3804 Deoque
1591 3739 1741 3808 pacis

166 3829 219 3873 et
249 3821 570 3897 concordia:
595 3826 801 3893 gratias
825 3837 1076 3896 egerunt.
1113 3829 1175 3881 Et
1210 3828 1311 3882 hac
1335 3830 1546 3885 ratione
1578 3846 1741 3901 syno-

164 3907 267 3968 dus
305 3913 539 3968 dimissa
575 3925 676 3970 est.
709 3915 1032 3972 Barlaamus
1061 3935 1166 3973 non
1199 3921 1291 3975 diu
1325 3914 1467 3991 post,
1502 3923 1738 3990 impera-

167 4013 287 4062 tore
344 4004 630 4071 defuncto,
688 4007 867 4064 denuo
910 4011 1074 4066 litem
1127 4015 1320 4078 movit,
1372 4022 1426 4068 et
1475 4014 1740 4083 judicium

167 4096 324 4152 valde
381 4096 729 4154 claudicasse
782 4099 1073 4155 clamitans
1128 4103 1182 4156 in
1235 4103 1445 4157 italiam
1505 4103 1738 4174 aufugit.

167 4185 474 4258 Gregorius
502 4200 688 4256 postea
716 4202 1080 4260 cognomento
1105 4193 1444 4263 Acindynus,
1469 4176 1739 4248 Barlaami

167 4281 332 4349 longo
366 4282 633 4348 temporis
672 4282 849 4350 spatio
884 4281 1214 4351 discipulus,
1253 4285 1440 4338 eadem
1484 4294 1738 4351 conatus,

167 4373 220 4425 in
245 4372 409 4439 plena
439 4373 652 4441 synodo
683 4373 736 4426 in
772 4374 962 4435 eodem
1004 4377 1202 4443 templo
1234 4385 1424 4429 coacta
1464 4377 1531 4430 ab
1558 4378 1743 4430 omni-

166 4463 265 4518 bus
307 4459 741 4529 condemnatur,
788 4474 842 4519 et
888 4475 1081 4519 contra
1132 4461 1476 4522 Barlaamum
1515 4467 1744 4537 ejusque

166 4564 501 4617 sectatores,
562 4563 622 4608 ut
671 4556 960 4613 luereticos
1017 4559 1122 4613 nisi
1176 4561 1588 4629 resipiscerent,
1635 4562 1742 4614 lata

161 4657 245 4701 est
301 4648 597 4712 sententia,
652 4657 705 4722 et
755 4650 822 4703 ab
868 4649 1298 4704 orthodoxorum
1354 4652 1743 4706 communione

168 4749 404 4807 uterque
435 4749 774 4809 segregatus,
805 4748 858 4795 et
892 4741 937 4795 si
968 4741 1091 4810 quis
1120 4742 1259 4796 alius
1293 4741 1358 4796 de
1388 4753 1586 4797 caetero
1614 4743 1743 4796 talia

168 4829 423 4890 auderet,
461 4837 513 4881 et
543 4827 803 4896 Palermo,
846 4831 1103 4901 aliisque,
1136 4833 1291 4901 quasi
1335 4832 1477 4886 male
1513 4833 1580 4886 de
1617 4831 1742 4885 reli-

169 4917 327 4983 gione
375 4919 739 4976 sentientibus
771 4923 976 4977 crimen
1019 4921 1269 4988 inferret,
1303 4930 1356 4976 et
1386 4921 1617 4977 Tomum
1646 4937 1742 4990 pro

168 5011 335 5064 veteri
383 5012 720 5080 synodorum
766 5029 914 5067 more
948 5017 1314 5082 compositum
1345 5013 1433 5066 cui
1467 5011 1745 5080 subscrip-

166 5107 312 5152 serat
338 5096 587 5154 Joannes
606 5102 915 5168 patriarcha
940 5113 992 5156 et
1017 5111 1451 5172 tumlprtesentes
1477 5101 1737 5171 episcopi,

166 5188 253 5242 alii
287 5195 481 5256 postea
517 5187 672 5240 multi
706 5189 982 5257 prioribus
1020 5190 1234 5245 assensi
1270 5189 1738 5257 subscripserunt,

166 5277 406 5332 Palamte
443 5283 498 5329 et
533 5279 887 5332 Consortibus
933 5279 1075 5348 ejus,
1123 5295 1234 5348 quo
1272 5295 1331 5335 se
1362 5277 1738 5338 defenderent,

167 5369 539 5424 tradiderunt.
591 5366 660 5420 Et
713 5371 830 5422 haec
878 5370 1096 5434 quidem
1151 5369 1564 5423 Cantacuzenus
1608 5380 1740 5434 pro-

168 5461 356 5526 lixius,
401 5474 526 5530 quas
573 5459 747 5528 magis
795 5463 1077 5515 succincte
1126 5462 1320 5530 repetit
1365 5461 1418 5513 in
1466 5457 1739 5512 Prommio

168 5556 313 5623 quod
375 5540 646 5621 praeponit
707 5551 822 5605 suis
884 5551 1416 5607 contradictionibus
1478 5550 1738 5605 adversus

173 5642 675 5699 Elicromonacbum
721 5640 1056 5695 Prochorum
1103 5643 1426 5713 Cydonium,
1478 5641 1735 5694 Demetrii

191 5748 412 5800 .atrent,
449 5734 516 5790 de
555 5734 762 5788 lumine
789 5733 1090 5788 Thaborio.

231 5826 534 5896 Grcgoras,
571 5824 664 5877 lib.
692 5839 752 5886 ll,
786 5823 948 5878 refert
977 5823 1028 5876 in
1061 5838 1123 5877 ea
1157 5823 1364 5895 synodo
1396 5826 1530 5880 nihil
1553 5832 1731 5880 actum

1854 3273 2037 3340 ingens
2092 3267 2332 3336 confusio
2383 3266 2633 3318 oriretur.
2689 3261 2930 3314 Primum
2979 3261 3156 3328 itaque
3203 3258 3429 3312 crimina

1852 3361 2175 3432 precationis
2208 3355 2655 3426 proponebantur.
2696 3353 2828 3418 Qua:
2873 3367 2989 3406 vero
3035 3351 3104 3402 ad
3135 3347 3428 3402 Massalio-

1851 3469 1974 3508 nam
2006 3450 2266 3514 Iucresim,
2285 3458 2334 3502 et
2361 3462 2474 3517 qua:
2497 3446 2610 3499 alia
2638 3453 2824 3498 contra
2841 3442 3120 3496 Palamam
3138 3438 3426 3508 offerebam

1850 3554 1956 3609 tur,
1988 3541 2335 3611 pertinebant,
2364 3541 2418 3591 in
2460 3553 2654 3605 paucos
2687 3537 2798 3591 dies
2827 3535 3003 3588 dilata
3039 3541 3204 3597 sunt;
3247 3539 3298 3585 et
3323 3531 3426 3586 nisi

1851 3650 1972 3688 mox
2018 3630 2350 3698 imperatoris
2409 3645 2552 3683 mors
2606 3635 2884 3682 consecuta
2929 3625 3140 3696 fuisset,
3187 3623 3425 3679 celeriter

1848 3728 2162 3780 vehementes
2187 3725 2242 3776 in
2272 3721 2608 3776 Palamicam
2641 3719 2888 3775 haeresim
2914 3716 3244 3771 vclitationcs
3269 3715 3426 3770 abso-

1849 3819 1974 3871 lutte
1998 3825 2213 3872 essent:
2246 3817 2341 3868 hoc
2367 3823 2464 3875 cst,
2511 3829 2573 3868 ca
2609 3827 2726 3881 quae
2758 3811 2997 3880 futurum
3028 3817 3141 3862 erat
3176 3816 3233 3860 ut
3263 3821 3424 3877 auge-

1851 3921 2011 3969 retur.
2043 3908 2338 3975 cxstirpata
2374 3915 2486 3958 tum
2515 3904 2723 3970 fuisset.
2762 3902 2826 3954 Et
2856 3910 2912 3954 ut
2938 3917 2999 3954 ea
3027 3914 3144 3968 qua:
3172 3899 3427 3952 interces-

1847 4009 2045 4063 serunt,
2078 4000 2341 4058 omittam,
2386 4013 2503 4050 cum
2548 3993 2850 4050 Barlaanto,
2878 4007 2983 4045 non
3031 3989 3421 4059 concederetur,

1849 4107 1977 4161 quas
2009 4091 2070 4144 ob
2102 4104 2289 4141 causas
2329 4087 2583 4149 diximus,
2620 4083 2913 4152 theologica
2949 4080 3176 4134 crimina
3201 4078 3424 4132 demon-

1834 4193 2041 4246 strare,
2085 4197 2149 4234 ea:
2188 4179 2310 4233 aliis
2341 4177 2454 4247 ejus
2483 4175 2698 4245 scriptis
2729 4180 3020 4241 compertus
3053 4178 3151 4236 est,
3184 4178 3233 4222 et
3260 4167 3428 4222 male:

1852 4273 2091 4327 uolentia
2117 4278 2165 4325 et
2191 4269 2519 4339 pertinacia,
2548 4276 2594 4321 et
2625 4266 2681 4320 in
2725 4265 2908 4334 primis
2939 4261 3210 4330 popularis
3241 4259 3420 4329 gloria

1853 4365 2140 4434 cupiditate
2171 4359 2483 4415 damnatus.
2517 4357 2696 4413 Causa
2713 4369 2851 4424 ergo
2877 4351 3154 4408 Barlaami
3186 4346 3287 4403 fuit
3317 4363 3421 4403 ma.

1854 4455 2168 4516 lcdicentia,
2197 4464 2251 4507 et
2295 4465 2496 4521 procax
2547 4449 2602 4503 in
2637 4445 2939 4502 monachos
2974 4443 3290 4514 aggressio;
3325 4439 3432 4494 Pa«

1779 4542 1819 4596 ι)
1852 4543 2031 4608 lamas,
2085 4528 2410 4610 blasphema
2462 4545 2516 4593 et
2565 4537 2878 4605 importuna
2932 4532 3225 4600 theologia.
3286 4528 3424 4585 Vera

1851 4634 2025 4704 porro“
2066 4646 2290 4686 narrare
2349 4629 2506 4684 nobis
2563 4628 2860 4696 Gregoram
2929 4623 3101 4678 habeo
3157 4637 3225 4675 ex
3255 4619 3422 4673 Tomo

1847 4726 2071 4781 Joannis
2104 4723 2447 4794 patriarchae,
2475 4721 2569 4790 qui
2602 4718 2811 4790 synodo
2851 4715 3098 4770 interfuit
3131 4721 3325 4784 agente
3356 4713 3432 4766 de.

1847 4819 1951 4873 alio
1994 4815 2190 4877 Tomo,
2227 4829 2389 4886 quem
2435 4807 2542 4867 nos
2574 4810 2760 4865 Graece
2791 4818 2845 4863 et
2895 4807 3086 4862 Latine
3124 4805 3428 4868 edidimus,

1846 4911 1922 4964 Dc
1945 4906 2293 4962 consensione
2321 4904 2578 4959 Ecclesia?
2611 4900 2969 4957 Occidentalis
2999 4909 3153 4965 atque
3184 4896 3433 4952 Orienta-~

1845 5004 1928 5067 lis,
1960 5001 2056 5054 lib.
2084 5014 2151 5062 lt,
2179 5012 2302 5067 cap.
2331 4996 2398 5049 Π
2427 5015 2439 5050 :
2470 4996 2628 5048 Ἔστι
2669 4992 2768 5063 μὲν
2796 4991 2906 5045 ἀπὸ
2933 4988 3027 5043 τοῦ
3057 4988 3238 5059 Τόμου
3260 5002 3426 5040 statue

1847 5070 2034 5161 φανὲς,
2065 5089 2143 5157 τῷ
2187 5088 2269 5159 μὴ
2316 5085 2790 5158 πρδςξὰπέχθειαν
2827 5082 3032 5154 κρίνειν
3063 5080 3326 5164 ἐθέλοντι,
3351 5079 3426 5142 ὡς

1845 5183 1935 5237 ἐπὶ
1967 5181 2149 5251 μόνοις
2170 5182 2284 5243 τοῖς
2309 5179 2431 5232 δυσὶ
2461 5177 2786 5246 κεφαλαίοις
2811 5176 3027 5244 ἐγένετο
3069 5174 3102 5244 ή
3127 5173 3307 5244 κρίσις
3333 5169 3429 5225 καὶ

1841 5276 1879 5346 ἡ
1902 5275 2199 5344 ἀπόφασις,
2224 5271 2301 5343 τῷ
2337 5271 2466 5342 περὶ
2493 5255 2586 5323 τοῦ
2619 5271 2678 5322 ιν
2706 5268 2782 5338 τῷ
2809 5266 3076 5337 Θασωρίῳ
3105 5264 3248 5331 λέγω
3275 5260 3428 5314 θείω

1843 5367 2059 5436 φωτὸς,
2117 5366 2213 5417 καὶ
2249 5363 2327 5434 τῷ
2380 5363 2509 5432 περὶ
2571 5360 2666 5429 τῆς
2725 5361 2930 5430 εὐχῆς,
2980 5358 3055 5419 ὡς
3107 5351 3429 5424 δηλώσομεν

1843 5459 2126 5526 προϊόντες
2148 5472 2161 5486 ·
2202 5457 2297 5509 καὶ
2326 5454 2411 5509 ἐπ’
2436 5455 2619 5514 αὐτοῖς
2667 5453 2776 5514 τοίς
2804 5451 2922 5504 δυσὶ
2945 5445 3258 5513 κεφαλαίοις
3285 5457 3428 5497 κατι

1841 5548 2124 5618 εδικάσθη,
2190 5549 2284 5602 καὶ
2312 5527 2654 5614 ἀπεπέμφθη
2684 5546 2712 5597 ὁ
2739 5540 3022 5612 Βαρλαὰμ,
3048 5535 3141 5594 καὶ
3165 5535 3227 5587 τὸ
3257 5534 3317 5588 ἐν
3341 5531 3425 5605 τῷ

1842 5640 2186 5712 Τόμῳιτεθὲν
2248 5637 2343 5690 τοῦ
2399 5637 2674 5705 ἐπιτιμίου
2729 5635 2893 5703 βάρος
2969 5629 3064 5682 ἐπὶ
3117 5624 3416 5694 δεφενδεύ-

1846 5751 1928 5786 σει
1959 5733 2068 5786 τῶν
2104 5733 2196 5786 δύο
2222 5731 2432 5784 τούτων
2482 5730 2641 5781 ἕνεκα
2677 5727 2852 5795 μόνων
2894 5716 3208 5790 κεφαλαίων
3235 5714 3419 5790 ludet}.

1845 5827 2032 5880 Palam
2086 5834 2164 5880 est
2199 5840 2261 5876 ex
2296 5823 2405 5885 ipso
2443 5818 2623 5883 Tomo,
2655 5816 2754 5870 nisi
2786 5815 2898 5875 quis
2942 5828 3007 5869 ea:
3036 5810 3234 5867 invidia
3264 5816 3423 5875 atque
