4148 6334
189 420 291 485 317

1222 431 1504 491 ‘JACOBI
1546 433 1874 496 PONTANI
1931 440 2322 501 PRZEFATIO

3312 443 3412 507 318

185 551 280 589 nos
305 534 443 600 apud
472 550 580 593 eos,
614 532 700 599 qui
745 532 1083 610 Hesychastae
1124 538 1452 607 dicebantur,
1505 543 1659 597 veluti
1692 547 1743 598 in

1917 553 2055 606 Hine
2102 553 2531 607 concludendum
2578 567 2774 609 censeo
2803 563 2962 609 caute
3006 556 3204 626 scripta
3259 556 3410 626 ejus-

185 625 394 677 arcanis
434 624 649 676 Itwresis
673 625 774 677 ista
809 626 1264 686 insusurrabatur.
1298 632 1453 696 Quod
1482 636 1660 701 palam
1685 637 1754 688 sit

181 727 246 768 ea;
304 714 386 767 his
432 729 549 782 qua:
586 713 810 783 Symeon
855 718 1072 784 quidam
1127 724 1440 778 monasterio
1475 723 1757 781 Xerocerci

180 811 485 879 praefectus,
539 829 688 882 quem
741 823 790 866 st
840 815 1137 888 theologum
1184 819 1451 888 iuniorem
1500 823 1753 877 similium

185 911 372 972 mysta:
412 914 462 957 et
494 905 786 975 mystagogi
820 906 1227 978 inscripserunt,
1279 917 1333 966 in
1380 914 1502 968 aliis
1543 917 1754 984 scriptis

180 993 291 1046 suis
315 993 485 1048 multa
527 993 831 1064 biasphema
879 997 1207 1068 profanaque
1244 1004 1485 1070 tradidit,
1541 1007 1632 1060 sed
1659 1021 1754 1074 po-

180 1083 453 1137 tissimum
499 1085 552 1137 in
584 1101 734 1153 opere
779 1086 855 1141 De
897 1089 1173 1143 sobrietate
1221 1101 1269 1146 et
1318 1094 1603 1150 attentione
1643 1097 1753 1152 hate

179 1173 335 1227 habet
363 1189 382 1227 :
419 1192 437 1226 ι
475 1172 608 1230 Sede
638 1177 694 1256 in
743 1192 846 1231 uno
876 1180 1087 1249 angulo,
1123 1201 1141 1232 ›
1191 1191 1297 1239 etc.
1329 1183 1468 1240 Hinc
1517 1184 1751 1258 Symeon

179 1265 285 1318 iste
325 1265 562 1335 singulis
596 1258 810 1337 paginis
848 1271 1046 1340 sapius
1078 1282 1132 1326 ct
1168 1274 1234 1328 ad
1287 1289 1542 1331 nauseam
1575 1278 1754 1332 incul-

179 1365 268 1412 cat
294 1357 726 1415 illuminationes
753 1360 988 1428 divinas,
1021 1365 1200 1419 lumen
1228 1366 1496 1434 divinum,
1521 1369 1751 1426 uniones

179 1446 422 1511 divinas,
455 1450 687 1504 uniones
712 1453 1036 1508 essentiales
1081 1470 1202 1510 cum
1238 1456 1367 1522 Deo,
1409 1465 1463 1513 et
1496 1469 1752 1515 sexcenta

180 1535 284 1589 alia
318 1537 544 1592 similia.
575 1537 679 1593 Sed
713 1542 835 1609 quis
863 1543 952 1595 illa
985 1558 1141 1613 sequo
1173 1546 1356 1601 animo
1389 1547 1547 1613 feret,
1578 1557 1634 1602 ut
1664 1565 1756 1605 re-

180 1629 328 1695 liqua
363 1629 586 1683 silentio
611 1630 908 1696 involvam,
935 1648 1056 1702 quze
1081 1635 1351 1691 habentur
1372 1649 1512 1694 orat.
1542 1639 1612 1692 2'1
1639 1656 1652 1692 :
1688 1642 1755 1692 Ὢ

178 1717 270 1769 τοῦ
305 1716 590 1787 Θαύματος
626 1721 637 1770 !
668 1721 751 1795 ὅτι
795 1723 1082 1793 ἄνθρωπος
1117 1728 1327 1782 ἑνοῦται
1371 1731 1755 1800 πνευματικῶς

178 1809 272 1859 καὶ
307 1808 660 1877 σωματικῶς,
685 1813 844 1883 εἴπερ
871 1814 931 1878 οὐ
960 1817 1253 1902 χωρίζεται
1281 1819 1374 1870 τοῦ
1400 1820 1489 1872 νοῦ
1519 1824 1549 1889 ἡ
1582 1820 1751 1892 ψυχὴ,

176 1898 298 1951 οὐδὲ
325 1900 639 1971 τῆς-ψυχῆς
663 1904 723 1954 τὸ
760 1904 938 1974 σῶμα,
982 1898 1114 1960 ἄλλά
1155 1911 1220 1978 τῇ
1252 1911 1530 1974 οὑσιωδῶς
1563 1913 1752 1966 ὲνώσει

179 1989 395 2054 γίνεται
431 1995 863 2061 τρισυπόστατος
904 2001 1043 2051 κατὰ
1086 2001 1245 2069 χάριν
1288 2004 1380 2055 καὶ
1416 2007 1442 2056 ὁ
1472 2004 1753 2072 ἄνθρωπος

175 2073 255 2141 si;
285 2079 443 2132 Θέσει
481 2082 632 2148 Θεὸς,
671 2086 735 2139 ἐκ
799 2086 1051 2159 σώματος
1098 2093 1190 2144 καὶ
1230 2092 1408 2162 ψυχῆς
1450 2095 1543 2147 καὶ
1587 2094 1752 2166 οὗπερ

181 2170 477 2242 μετείληφε
534 2173 680 2227 Θεὶου
717 2176 1054 2248 Πνεύματος,
1109 2181 1205 2234 καὶ
1237 2183 1560 2254 πληροῦται
1606 2202 1753 2254 τηνι-

179 2260 358 2346 ιιιαῦτα
389 2264 453 2315 τὺ
481 2267 773 2336 εἰρημένον
807 2270 912 2322 ὑπὸ
941 2272 1035 2324 τοῦ
1069 2276 1348 2343 προφήτου
1380 2277 1564 2339 Δαυϊδ,
1609 2277 1752 2346 Ἐγὼ

176 2343 302 2403 εἶπα
332 2350 463 2404 Θεοέ
493 2355 638 2417 ἐστε,
673 2357 767 2410 καὶ
803 2359 910 2412 υἱοὶ
964 2358 1224 2430 Ὑψίστου
1255 2364 1454 2427 πάντες
1476 2383 1489 2395 ο
1523 2369 1646 2419 κατ’
1677 2343 1753 2419 ἐι-

175 2441 306 2495 κύνα
325 2442 556 2514 δηλαδὴ,
585 2449 678 2499 καὶ
706 2448 829 2500 καθ’
855 2451 1121 2518 ὁμοίωσιν
1136 2451 1228 2504 τοῦ
1265 2453 1540 2523 Ὑψίστου,
1558 2453 1750 2527 γεννή-

177 2547 322 2597 ματα
360 2532 487 2588 θεῖα
535 2537 599 2588 ἐκ
648 2536 742 2589 τοῦ
778 2537 923 2591 θείου
977 2541 1297 2610 [Ii/stipato;
1327 2560 1340 2574 ·
1383 2545 1426 2600 0
1459 2547 1595 2598 mira
1634 2550 1754 2601 res!

174 2620 326 2677 homo
357 2623 476 2680 Deo
521 2628 893 2694 spiritualiter,
934 2634 1376 2705 corporaliterque
1417 2640 1595 2691 unitur
1629 2655 1646 2692 :
1680 2640 1752 2692 si-

174 2713 380 2782 quidem
420 2719 599 2772 anima
625 2736 729 2774 non
752 2738 784 2774 a
818 2735 1002 2789 mente,
1032 2742 1126 2779 nec
1158 2727 1222 2779 ab
1255 2729 1432 2781 animo
1467 2746 1652 2798 corpus
1674 2748 1752 2785 se-

176 2803 433 2874 iungitur,
461 2818 513 2862 et
543 2812 736 2867 unione
766 2815 1032 2869 essentiaii
1055 2819 1212 2871 etiam
1235 2818 1388 2872 homo
1411 2835 1502 2888 per
1522 2824 1750 2890 gratiam

176 2895 242 2946 sit
278 2898 445 2950 trium
477 2901 992 2978 hypostaseonmnus
1024 2921 1115 2975 per
1144 2909 1473 2976 adoptionem
1500 2909 1658 2978 Deus,
1689 2928 1753 2967 ea:

176 2999 392 3051 corpore
419 2989 661 3046 videlicet
683 3003 733 3047 et
757 2998 955 3062 anima,
991 3007 1061 3063 et,
1091 3001 1244 3069 cujus
1269 3003 1446 3069 factus
1486 3012 1560 3056 est
1583 3006 1754 3072 parti-

173 3087 309 3140 ceps,
334 3077 518 3133 divino
551 3080 757 3147 Spiritu
793 3098 1060 3154 constans,
1094 3091 1434 3162 impleturque
1475 3104 1580 3147 tum
1616 3096 1750 3149 illud

1863 642 2008 696 modi
2041 645 2301 699 versanda
2331 660 2474 712 esse,
2502 660 2570 700 ne
2595 660 2820 708 veneno,
2847 646 2993 715 quod
3025 649 3126 702 sub
3151 647 3257 702 illis
3283 649 3413 701 latet

1860 734 2251 789 nocentissimo
2280 732 2496 801 hausto,
2524 738 2626 792 sub
2656 738 2839 806 specie
2874 740 3090 806 pietatis
3121 741 3409 809 cultusque

1859 825 2052 888 divini,
2088 826 2142 879 in
2178 826 2442 894 pessimas
2490 829 2748 893 haereses,
2780 837 2834 883 et
2864 845 2984 898 quae
3028 832 3315 886 difﬁculter
3346 849 3410 886 ex

1858 917 2040 972 animo
2077 916 2236 972 avelli
2285 927 2529 986 possunt,
2573 921 2807 975 lectores
2865 922 3234 990 prolabantur,
3269 925 3409 991 quod

1857 1007 2190 1076 temporibus
2224 1007 2476 1075 Palamtc,
2508 1012 2743 1065 maximo
2779 1012 3057 1083 religionis
3092 1028 3202 1068 suae
3242 1016 3411 1068 detri-

1857 1107 2040 1154 mento
2063 1100 2312 1156 universa
2341 1099 2650 1156 Grmcorum
2671 1102 2911 1160 Ecclesia
2933 1116 3153 1176 experta
3175 1114 3278 1170 est,
3304 1122 3413 1160 non

1854 1196 2068 1243 tantum
2097 1191 2241 1259 quod
2274 1191 2480 1246 similes
2510 1193 2746 1249 hmreses
2773 1193 2915 1247 inter
2936 1209 3028 1248 eos
3051 1197 3411 1263 potissimum,

1855 1280 1950 1350 qui
1996 1280 2223 1335 aliorum
2279 1281 2538 1339 ductores
2589 1284 2847 1356 erantad
2903 1284 3182 1350 pietatem,
3226 1288 3412 1354 pedem

1859 1367 2112 1433 ﬁxerant,
2146 1371 2238 1425 sed
2272 1372 2412 1439 quod
2444 1373 2499 1426 in
2539 1381 2724 1442 partes
2759 1387 2824 1427 ac
2861 1374 3126 1428 factiones
3156 1375 3414 1428 distracta

1859 1459 1914 1513 in
1969 1459 2223 1516 inanibus
2279 1462 2746 1529 contentionibus,
2795 1463 3039 1532 etplane
3079 1464 3245 1520 nullis
3295 1472 3416 1537 astu

1857 1551 2144 1622 plusquam
2190 1551 2461 1609 diabolico
2501 1556 2678 1609 studia
2712 1569 2809 1610 sua
2865 1557 3049 1610 omnia
3107 1556 3415 1618 conferens,

1857 1660 2042 1700 veram
2071 1653 2181 1700 et'a
2206 1644 2457 1699 Patribus
2489 1653 2765 1714 acceptam
2799 1646 2866 1700 de
2897 1647 3058 1701 rebus
3097 1646 3296 1701 divinis
3322 1648 3413 1699 do-

1860 1737 2091 1790 ctrinam
2154 1735 2486 1805 perdiderat.
2546 1737 2609 1788 Et
2642 1736 2839 1789 mirum
2882 1751 3013 1790 sane
3066 1746 3149 1790 est
3182 1737 3320 1790 inter
3344 1725 3414 1789 tot

1857 1827 2108 1890 dissidia,
2138 1835 2190 1882 et
2219 1829 2478 1881 mentium
2511 1829 2808 1888 obsdnatas
2840 1828 3190 1896 agitationes,
3217 1828 3285 1880 ita
3323 1825 3415 1896 Sy-

1856 1919 2068 1974 meonis
2109 1919 2272 1986 hujus
2318 1917 2469 1971 fatum
2502 1919 2776 1988 provisum
2810 1917 2997 1981 fuisse,
3034 1929 3089 1971 ut
3138 1918 3413 1971 vidcantur

1855 2022 1968 2063 suae
1993 2008 2274 2062 sententia:
2307 2017 2580 2062 auctorem
2624 2010 2925 2078 ignorasse,
2958 2023 3116 2078 quem
3144 2024 3414 2076 nunquam

1857 2097 1924 2151 de
1955 2099 2176 2153 nomine
2198 2097 2311 2151 fere
2341 2104 2564 2150 no‘runt.
2597 2098 2662 2151 Et
2691 2115 2814 2154 cum
2845 2099 2990 2153 illius
3014 2100 3211 2152 mentio
3237 2114 3410 2151 neces-

1855 2192 2002 2244 sario
2053 2188 2373 2245 inculcanda
2429 2197 2532 2253 est,
2572 2189 2734 2257 tacito
2791 2191 3030 2256 nomine,
3085 2192 3253 2243 titulis
3302 2188 3416 2241 aliis

1855 2285 2031 2336 virum
2087 2281 2379 2345 indicasse,
2456 2281 2706 2351 καθάπερ
2776 2282 2860 2343 τίς
2912 2283 3021 2335 τῶν
3063 2267 3330 2350 μεγάλών,
3367 2297 3399 2332 u

1852 2373 2066 2442 quidam
2102 2388 2166 2426 ea:
2211 2373 2338 2426 viris
2396 2371 2622 2441 magnis,
2655 2372 2723 2426 de
2766 2386 2830 2425 eo
2867 2381 3172 2426 sermonem
3216 2369 3414 2424 habens

1853 2461 1985 2516 dicit
2012 2463 2232 2516 Palama
2254 2462 2310 2516 in
2333 2462 2368 2514 2
2394 2472 2530 2515 orat.
2555 2476 2688 2531 quas
2711 2463 2827 2531 ipse
2848 2462 3128 2530 inscripsit
3158 2461 3416 2528 Πατέρες.

1855 2549 2066 2607 Patres.
2097 2550 2337 2619 Epistola
2370 2553 2443 2605 ad
2470 2550 2704 2614 lienam,
2742 2551 2793 2605 oi
2825 2550 3171 2621 μεμυημένοι
3201 2549 3417 2604 initiati.

1852 2639 1979 2693 alibi
2010 2639 2282 2706 Θεολόγοι,
2321 2638 2570 2710 Theologi
2595 2639 3040 2701 Cantacuzenus,
3094 2649 3147 2692 et
3197 2638 3399 2690 similia

1851 2726 2078 2787 Factum
2112 2739 2290 2784 autem
2327 2729 2378 2783 id
2411 2731 2685 2795 existimo,
2735 2745 2804 2784 ne
2860 2730 3078 2784 nomine
3129 2728 3229 2781 viri
3284 2727 3413 2781 indi-

1851 2826 1996 2882 cato,
2038 2818 2240 2886 quibus
2293 2819 2577 2884 intererat,
2613 2819 2859 2873 homines
2891 2818 3060 2872 libros
3099 2817 3244 2870 illius
3283 2831 3415 2871 coo-

1851 2908 2134 2978 quirerent
2161 2918 2216 2962 et
2246 2907 2639 2972 examinarent,
2687 2915 2742 2961 et
2787 2904 2914 2960 cum
2948 2921 3056 2960 non
3104 2907 3306 2968 omnia,
3341 2905 3416 2957 uti

1851 3014 1951 3068 par
1999 3009 2138 3063 erat,
2189 2999 2437 3053 nuntiata
2473 2997 2539 3052 ad
2581 3013 2829 3051 normam
2866 3013 3010 3051 vera.-
3046 2996 3307 3050 doctrina:
3341 2996 3411 3050 di.

1852 3099 1998 3144 ctata
2053 3093 2380 3159 reperirent,
2413 3090 2858 3154 criminarentur,
2892 3098 3081 3143 coacta
3129 3089 3292 3142 etiam
3327 3102 3418 3155 sy-

175 3163 394 3256 Paridis
447 3169 772 3238 Propheta:
811 3195 830 3228 ‹
890 3177 1000 3246 Ego
1045 3181 1178 3246 dixi,
1236 3181 1314 3235 dii
1368 3184 1513 3249 estis,
1562 3195 1610 3238 et
1647 3186 1749 3253 ﬁlii
1773 3200 1816 3256 ε
1849 3182 2013 3244 nodo,
2044 3191 2106 3236 ut
2139 3191 2417 3241 sueverat.
2449 3181 2893 3238 condemnarent.
2923 3193 3030 3247 qua
3061 3188 3249 3247 postea
3285 3191 3416 3231 con-

177 3251 389 3311 Επειεί
411 3275 622 3328 omnes;
660 3283 676 3315 ι
711 3265 811 3334 ﬁlii
862 3269 1072 3334 Επειδὶ
1125 3273 1407 3325 secundum
1466 3276 1745 3342 imaginem

172 3346 412 3402 videlicet
439 3352 942 3427 similitudinemque
982 3358 1239 3416 Aitissimi
1270 3362 1445 3417 divina
1477 3366 1746 3435 progenies

171 3447 233 3488 ex
262 3437 440 3492 divino
472 3441 699 3510 Spiritu.

1849 3273 2198 3333 demnatione
2233 3273 2336 3340 ipsi
2381 3285 2596 3339 quoque
2652 3271 2705 3323 in
2743 3271 2950 3323 crimen
2996 3268 3415 3329 adducerentur,

1853 3374 2107 3432 tanquam
2148 3362 2240 3430 qui
2277 3361 2410 3414 alias
2440 3375 2536 3429 per
2567 3361 2844 3432 synodum‘
2873 3362 3231 3416 condemnata
3269 3354 3416 3415 tene-

1853 3467 1969 3508 rent
1999 3467 2062 3507 ac
2083 3453 2453 3507 defenderent.

180 3655 3360 3699 mw

921 3845 1326 3940 JACOBI
1385 3846 1914 3942 PONTANI
1993 3846 2668 3946 PlﬂfEFATIO.

1214 4057 1365 4122 [Opp.
1392 4059 1650 4120 Symeonis
1672 4061 1906 4125 Jurlioris,
1933 4064 2192 4127 lngolstad.
2222 4065 2387 4128 1603.]

1751 4243 1818 4256 -

231 4371 452 4426 Titulus
484 4366 800 4423 orationum
826 4377 905 4422 est
931 4367 1033 4422 istc
1057 4384 1070 4422 :
1096 4365 1203 4420 Τοῦ
1229 4367 1286 4421 ὲν
1306 4367 1483 4435 ἁγίοις
1521 4367 1740 4433 Πατρδς

169 4463 314 4534 ἡμῶν
332 4459 570 4531 Συμεὼν
589 4458 680 4510 τοῦ
699 4458 837 4511 Νέου
851 4458 1273 4526 Θεο).όγου,εἰνε,
1294 4465 1353 4510 ut
1371 4457 1739 4512 habetinscri-

1845 4368 2006 4433 positi
2038 4369 2348 4423 monasterii
2367 4367 2541 4422 sancti
2559 4377 2608 4419 et
2645 4365 2824 4434 magni
2860 4367 3114 4436 martyris
3157 4365 3405 4421 Manton-

1849 4458 1914 4511 tis
1945 4459 2000 4511 in
2027 4457 2081 4510 Χ
2082 4457 2342 4527 ytocerco.
2367 4454 2442 4513 De
2465 4465 2657 4514 sancto
2681 4455 2950 4521 Mamante
2974 4466 3217 4528 martyre
3240 4469 3405 4528 agunt

162 4555 272 4623 ptio
294 4553 436 4607 libro
457 4549 775 4604 divinorum
799 4550 1124 4618 hymnorum
1151 4547 1389 4616 praefixa,
1411 4546 1516 4600 Τοῦ
1534 4547 1658 4600 νέου
1681 4549 1739 4600 ὲν
1771 4556 1816 4611 1)
1843 4549 2041 4604 Latina
2093 4549 2472 4622 Martyrologia
2530 4550 2595 4603 17
2635 4550 2724 4605 die
2766 4549 3032 4619 Augusti,
3091 4549 3402 4604 Graecorum

164 4644 435 4711 θεολόγοις
458 4637 836 4710 πρεσϐυτέρου
864 4639 955 4690 καὶ
988 4637 1287 4708 ἡγουμένου
1311 4637 1414 4706 τῆς
1452 4636 1618 4707 μονῆς
1651 4636 1743 4689 τοῦ

162 4735 314 4804 ἁγίου
378 4730 869 4804 μεγαλομάρτυρος
919 4728 1214 4797 Μάμαντος
1248 4729 1347 4799 τῆς
1383 4724 1746 4800 Ξυλοκέρκου.Δ

164 4824 341 4882 Sancti
377 4823 566 4876 Patris
597 4822 787 4874 nostris
819 4819 1092 4889 Symeonis
1126 4821 1311 4890 (vulgo
1342 4820 1614 4876 Simeonis
1646 4835 1744 4890 per

166 4917 319 4980 ἰῶτα,
355 4930 474 4968 non
506 4925 607 4982 per
637 4911 849 4983 ὑψιλόν)
885 4910 1128 4964 Junioris
1163 4911 1426 4980 Theologi,
1450 4910 1744 4980 sicrappel-

163 5004 302 5061 latus
330 5004 578 5066 videtur,
620 5010 680 5055 ut
717 5010 1102 5056 secerneretur
1130 5016 1159 5054 a
1186 5000 1445 5070 Gregorio
1506 4998 1739 5053 Nazian-

166 5109 318 5161 zeno,
355 5094 454 5163 qui
489 5091 755 5161 Theologi
788 5094 987 5144 nomen
1017 5091 1174 5160 apud
1204 5090 1424 5146 Graecos
1465 5089 1738 5148 obtinuit;

165 5184 304 5254 quod
336 5185 468 5253 quia
499 5191 556 5237 et
587 5181 842 5236 Simeoni'
873 5191 1070 5235 nostro,
1096 5181 1284 5236 datum
1319 5189 1404 5237 est
1431 5221 1446 5245 ,
1474 5179 1598 5235 ideo
1633 5196 1737 5235 vox

164 5278 256 5345 τῆς
280 5277 404 5328 νέου
475 5273 684 5329 usitato
734 5271 1046 5328 Graecorum
1100 5284 1252 5327 more
1317 5274 1607 5343 adjicitur,
1670 5289 1739 5327 ne

168 5367 305 5433 quis,
348 5365 552 5420 audito
588 5365 706 5417 sine
739 5361 844 5418 ulla
878 5363 1179 5434 adiectione
1201 5362 1696 5434 Theologi‘nomiue
1722 5402 1736 5428 ,

167 5453 487 5527 Gregorium
559 5452 970 5509 Naz‘ianzenum
1019 5456 1199 5511 animo
1249 5442 1602 5523 conciperet;
1660 5457 1737 5510 sic

168 5543 479 5616 Stephanus
511 5549 542 5598 ὁ
574 5544 715 5607 νέος,
745 5543 959 5610 Iunior,
997 5559 1207 5618 martyr
1243 5550 1345 5602 sub
1370 5548 1730 5616 Cepi-onymo,

167 5635 226 5687 ad
261 5637 677 5692 distinctionem
699 5641 1104 5709 protomartyris
1127 5641 1386 5710 Stephani
1411 5659 1424 5704 ;
1456 5646 1535 5697 sic
1562 5635 1736 5697 Theo-

167 5727 345 5780 dosius
375 5731 404 5780 ὁ
435 5729 562 5790 νέος
591 5769 605 5792 ,
652 5728 1065 5784 Valentinianus
1099 5734 1124 5784 ὁ
1170 5735 1286 5796 νέος
1313 5775 1326 5797 ,
1375 5745 1621 5802 respectu
1667 5736 1730 5789 ad

165 5814 402 5882 ejusdem
449 5816 695 5872 nominis
731 5829 1108 5875 antecessores
1141 5838 1150 5873 :
1189 5820 1483 5890 Presbyteri
1514 5833 1558 5877 et
1588 5841 1731 5890 pra--

1848 4641 2148 4712 Menologia
2186 4643 2220 4695 2
2250 4640 2603 4711 Septembris.
2655 4641 3054 4695 Celeberrimus
3104 4640 3208 4694 fuit
3260 4640 3402 4709 apud

1846 4733 2085 4797 Graecos,
2145 4743 2204 4786 ut
2228 4729 2408 4800 liquet
2437 4744 2558 4788 cunt
2583 4732 2835 4795 aliunde,
2867 4741 2979 4785 tum
3034 4741 3099 4786 ex
3160 4733 3401 4784 oratione

1846 4839 1950 4894 qua
1975 4833 2270 4894 martyrem
2303 4824 2447 4878 hunc
2477 4831 2701 4878 sanctus
2732 4822 2962 4877 Basilius
2984 4822 3292 4877 exornavit.
3326 4819 3400 4873 De

1844 4915 2033 4971 eodem
2069 4917 2179 4969 non
2210 4929 2379 4984 pauca
2416 4921 2638 4970 sanctus
2674 4913 2965 4983 Gregorius
3000 4911 3398 4976 Nazianzenus,

1844 5012 1983 5060 orat.
2027 5004 2081 5058 in
2118 4999 2322 5060 Novam
2374 5003 2730 5058 Dominicam.
2770 5002 3011 5058 Meminit
3057 5012 3110 5058 et
3159 5004 3395 5058 Miscella

1845 5095 2068 5152 historia
2094 5097 2382 5165 aliquoties
2412 5095 2663 5165 martyris
2708 5095 2893 5149 Hamae
2921 5135 2935 5160 ,
2970 5095 3022 5147 in
3078 5096 3223 5148 hunc
3252 5094 3395 5148 enim

1841 5187 2061 5241 modum
2098 5187 2327 5243 inﬂectit
2355 5195 2548 5243 auctor
2575 5186 2662 5241 ille
2697 5201 2892 5241 nomen
2926 5185 3088 5253 hujus
3115 5185 3392 5255 martyris.

1841 5279 1901 5332 in
1932 5277 2089 5348 cujus
2119 5279 2379 5334 honorem
2411 5278 2672 5348 templum
2696 5287 2750 5332 et
2792 5279 3185 5332 menesterium
3247 5277 3394 5331 Con-

1838 5371 2189 5436 stantinopoli
2222 5369 2467 5424 condidit
2503 5369 2899 5423 Pharasmanes
2929 5368 3060 5436 (qui
3086 5364 3393 5422 sub‘JuSIi-

1841 5463 2006 5516 nlano
2031 5461 2329 5530 imperialis
2365 5461 2600 5516 cubiculi
2640 5459 2924 5529 praefectus
2953 5458 3050 5511 l’uit
3075 5497 3090 5521 ,
3141 5466 3201 5510 ut
3253 5458 3393 5510 scri-

1837 5555 1916 5609 bit
1937 5553 2296 5622 Nicephorus,
2319 5552 2410 5607 lib.
2447 5567 2599 5616 mu,
2635 5565 2758 5619 cap.
2782 5550 2878 5603 Mi
2908 5559 3113 5618 ,_prope
3135 5564 3342 5601 murum
3373 5587 3387 5611 ,

1837 5643 2272 5714 cuiXylocercus
2299 5658 2481 5696 nomen
2502 5651 2599 5693 est.
2632 5641 2699 5693 Et
2733 5642 2889 5706 hujus
2938 5640 3255 5693 monasterii
3291 5638 3389 5690 fuit

1840 5736 1924 5788 hic
1954 5746 2140 5789 noster
2169 5732 2412 5801 ‘Symeon
2442 5730 2667 5784 antistes
2699 5739 2750 5782 et
2801 5728 3106 5798 presbyter.
3135 5729 3246 5782 Nec
3273 5743 3388 5780 mu.
3488 5744 3501 5764 ι

1840 5840 1931 5880 rus
1960 5832 2171 5878 tantum
2204 5821 2540 5890 Ξυλὸκερκος
2573 5820 2870 5890 appellatus
2901 5827 2983 5875 est
3012 5834 3025 5885 ;
3055 5819 3150 5890 scd
3186 5827 3236 5874 et
3270 5819 3386 5887 ejus
