4148 6334
708 363 817 427 illi)

1951 376 2341 438 SYMEONIS'
2374 373 2737 440 JUNlORIS

3843 385 3950 448 320

710 475 815 528 loci
854 484 1030 543 poi-tn,
1061 490 1122 529 ea
1157 475 1226 530 de
1266 491 1450 541 causa,
1489 490 1553 535 ιιι·
1592 490 1748 537 notat
1779 493 1967 541 auctor
2018 486 2271 540 Pandect.
2307 490 2347 544 Α
2379 486 2782 556 Cilicia,.cujus
2808 488 3054 544 meminit
3081 490 3303 544 Pratum
3363 494 3669 561 spirituale,
3701 511 3820 566 cap.
3853 499 3939 552 57-

715 565 872 621 Turc.
905 570 1046 620 Hist.
1081 587 1096 622 :
1132 569 1283 634 Quod
1307 573 1537 640 artiﬁces
1577 585 1784 642 portam
1816 577 1965 631 illam
1991 588 2270 639 struentes,

713 672 904 726 magna
935 658 988 710 in
1040 659 1383 726 fundamento
1443 681 1593 732 aquce
1637 678 1839 734 reperta
1885 671 2063 735 copia,
2119 671 2272 736 tignis

708 747 954 812 plurimis
979 765 1040 801 ac
1063 750 1196 816 palis
1232 752 1281 803 in
1309 769 1448 821 aqua
1480 756 1669 823 deﬁxis
1723 759 1922 825 lapides
1949 762 2238 829 _injecerint
2258 804 2272 828 ,

710 850 862 906 atque
889 841 963 893 ita
998 842 1204 893 demunt
1250 845 1464 912 (artiﬁcii
1489 848 1892 915 fundamentum
1939 853 2150 918 ﬁrmum
2197 855 2278 922 ef-

710 931 952 995 fecerint.
988 930 1159 987 Hodie
1190 936 1507 992 nominatur
1561 940 1920 1009 Ilagiabazari
1965 953 2115 1010 porta
2139 985 2152 1006 ,
2187 962 2278 1014 per

710 1034 864 1084 quam
880 1020 1080 1072 scilicet
1103 1025 1471 1092 ingrediuntur
1490 1032 1666 1083 urbem
1689 1032 2110 1102 Hagiobazaritce
2129 1045 2276 1088 trans

711 1111 882 1163 sinum
912 1111 1209 1168 habitantes
1238 1133 1265 1167 e
1296 1118 1505 1184 regione
1533 1119 1686 1180 huius
1711 1115 2136 1185 portastomen
2171 1126 2281 1177 lia-

710 1203 985 1284 {jiobazari
1005 1207 1269 1274 signiﬁcat
1297 1211 1372 1261 uel
1401 1214 1576 1264 sancti
1601 1214 1676 1265 vel
1695 1227 1932 1268 sanctum
1967 1219 2279 1284 emporium.

714 1291 1037 1362 EtEmporii
1062 1314 1182 1350 uoce
1206 1299 1435 1367 Symeon
1477 1319 1675 1371 quoque
1726 1304 1979 1374 Magister
2017 1325 2132 1361 cum
2162 1310 2280 1363 aliis

714 1383 908 1436 Cra'cis
936 1388 1107 1443 utitur
1137 1405 1230 1456 pro
1258 1392 1419 1444 nullis
1478 1394 1660 1448 clauso
1715 1399 1881 1463 portis
1907 1444 1918 1457 ,
1968 1409 2059 1452 aut
2124 1403 2280 1454 nullis

713 1474 882 1527 cincto
931 1479 1096 1531 muris
1121 1483 1392 1548 oppidulo.
1422 1485 1612 1538 Sancti
1653 1491 1826 1556 potius
1869 1492 2160 1545 existiment
2194 1493 2280 1546 di-

714 1566 933 1619 cendum
955 1572 1267 1637 emporium,
1297 1585 1352 1627 ut
1391 1577 1724 1648 intelligatur
1760 1597 2050 1647 emporium
2098 1583 2282 1648 Sancti

715 1656 1031 1737 Mamantis,
1058 1665 1197 1730 quod
1223 1666 1347 1718 olim
1391 1673 1768 1724 monasterium
1788 1674 2282 1742 insigne,palatinm

714 1749 1011 1820 Augusta‘le
1041 1756 1437 1812 celeberrimum
1470 1763 1522 1813 in
1553 1762 1813 1825 historiis,
1837 1776 2043 1830 pontem
2065 1768 2284 1835 denique

717 1857 818 1892 non
867 1844 1038 1897 minus
1084 1847 1308 1900 nobilem
1357 1847 1543 1904 Sancti
1592 1826 1880 1909 Mantatttis
1920 1826 2281 1926 appellatum,
2313 1826 2360 1883 Β

715 1931 920 1988 habuit.
959 1935 1060 1990 Hic
1081 1940 1217 1991 enim
1243 1942 1595 2009 e/j‘unduntse
1645 1947 1699 1998 in
1746 1951 2034 2001 extremum
2080 1949 2285 2004 Ceroti-

717 2039 842 2076 num
881 2027 1055 2081 sinum
1081 2032 1305 2085 celebres
1333 2035 1415 2087 illi
1470 2039 1660 2104 priscis
1713 2039 1918 2107 ﬂuviali
1968 2041 2197 2111 Cydaris
2239 2054 2287 2099 et

717 2111 1000 2204 Liarbyses,
1030 2136 1166 2173 nunc
1204 2121 1484 2180 Machlena
1519 2139 1567 2180 et
1608 2128 1962 2185 Chartaricon
1990 2174 2004 2197 ,
2037 2137 2126 2203 qui
2167 2138 2288 2204 qui-

718 2201 835 2256 dem
868 2205 937 2258 ad
966 2205 1219 2264 Sanctum
1246 2213 1571 2270 Mamantem
1618 2228 1771 2285 ponte
1804 2201 2125 2291 junguntur.
2178 2201 2292 2278 lla-

721 2295 1196 2361 giobazariotarum
1222 2321 1317 2358 vox
1340 2308 1554 2362 denotat
1579 2311 1782 2366 incolas
1841 2316 2063 2383 emporii
2095 2315 2287 2372 Sancti

721 2388 1024 2445 Mamantis.
1055 2393 1179 2449 Haec
1215 2397 1330 2452 ille.

790 2475 915 2532 Fuit
949 2482 1172 2552 insuper
1200 2489 1340 2556 apud
1373 2489 1636 2552 Sanctum
1689 2494 2020 2552 Mamantem
2051 2499 2289 2557 celebris

721 2564 1142 2659 llippodromus,
1187 2575 1252 2628 in
1279 2592 1396 2645 quo
1419 2579 1798 2654 Copronymns
1825 2586 2094 2644 Andream
2127 2589 2289 2659 Caly-

723 2656 872 2720 biten
905 2664 1236 2718 monachum
1295 2670 1520 2732 occidit,
1571 2681 1629 2724 ut
1674 2674 1814 2729 libro
1872 2692 1985 2730 χχιι
2038 2656 2293 2734 Miseellae

725 2748 971 2804 traditur.
1017 2754 1086 2806 De
1140 2764 1303 2822 ponte
1360 2760 1426 2811 ad
1475 2759 1733 2815 Sanctum
1801 2765 2122 2820 Mamantem
2171 2771 2294 2823 vide

728 2837 948 2893 Suidam
982 2844 1147 2898 verbo
1183 2847 1396 2915 μάμας,
1429 2859 1481 2904 et
1511 2851 1752 2920 Origines
1802 2853 2294 2927 Constantinopoli—

729 2939 879 2983 tanas
911 2932 1044 2987 Cod.
1081 2936 1150 2987 M.
1181 2935 1391 3006 Scripta
1423 2941 1542 3009 ejus
1571 2959 1715 2998 nunc
1753 2947 1986 3013 primum
2028 2950 2083 3002 in
2117 2952 2293 3004 lucem

726 3022 1116 3086 proferuntur.
1169 3043 1402 3095 quorum
1451 3033 1697 3086 meminit
1745 3037 1908 3088 etiam
1941 3039 2181 3106 epitome
2213 3042 2295 3093 bi-

2376 579 2508 631 Nam
2549 589 2735 633 noster
2765 580 2866 633 iste
2898 595 3006 633 non
3062 580 3165 634 fuit
3200 581 3457 652 Stylites;
3491 595 3543 640 et
3580 595 3688 642 tres
3720 587 3808 640 isti
3855 587 3940 640 Si-

2378 688 2599 726 meones
2634 674 2889 727 vixerunt
2916 679 3039 724 ante
3074 682 3314 740 tempora
3346 673 3699 730 lconomacha
3720 695 3735 742 ;
3759 685 3943 731 noster

2377 766 2460 818 vel
2495 766 2548 819 in
2580 766 2736 833 ipsis,
2764 766 2848 818 vel
2879 774 3029 819 certe
3060 772 3181 833 post
3215 765 3349 833 ipsa.
3380 767 3511 819 Nam
3551 765 3810 834 Stephani
3847 768 3945 823 Ju-

2380 857 2551 910 nioris
2603 870 2634 908 a
2676 857 3022 926 Gopronymo
3077 857 3146 909 ob
3202 856 3572 911 defensionem
3629 869 3943 913 sanctarum

2381 948 2682 1017 imaginum
2719 948 3011 1008 interiecti,
3034 948 3306 1002 meminit.
3333 948 3463 1012 Quae
3485 964 3612 1019 ergo
3637 949 3754 1018 ejus
3779 952 3949 1005 aetas?

2382 1039 2648 1107 Equidem
2705 1040 2805 1094 sub
2863 1039 3218 1093 leonoclastis
3268 1038 3688 1107 imperatoribus
3749 1042 3949 1097 vixisse

2384 1143 2507 1182 eum
2537 1129 2792 1183 arbitrari
2838 1130 2962 1198 quis
2997 1137 3218 1198 posset;
3270 1131 3372 1184 sub
3421 1129 3636 1192 Leone.
3685 1131 3950 1200 inquam,

2385 1215 2625 1271 Isaurico
2657 1230 2709 1273 et
2740 1218 3085 1290 Copronymo
3115 1235 3129 1284 ;
3163 1219 3249 1274 vel
3276 1229 3422 1274 certe
3485 1221 3586 1274 sub
3604 1220 3793 1275 Leone
3843 1223 3948 1273 Ar-

2386 1323 2568 1370 meno,
2601 1307 2860 1362 Micltaele
2889 1307 3054 1361 Balbo
3106 1316 3160 1361 et
3213 1306 3512 1375 TheOphilo
3548 1345 3562 1370 ,
3615 1308 3708 1375 qui
3757 1319 3954 1361 omnes

2387 1415 2510 1454 cum
2544 1399 2881 1470 imaginibus
2911 1399 3048 1454 bella
3105 1411 3413 1468 gesserunt.
3470 1397 3582 1453 lloc
3626 1400 3954 1453 conﬁrmare

2387 1490 2509 1542 licet
2543 1489 2714 1556 ipsius
2757 1489 3041 1558 Symeonis
3071 1490 3411 1552 testimonio,
3447 1489 3538 1558 qui
3571 1488 3818 1542 oratione
3849 1503 3952 1541 xm

2388 1581 2464 1636 ait
2494 1599 2506 1634 :
2537 1580 2821 1634 Diabolum
2859 1599 2968 1637 esse
2992 1591 3230 1636 nostrum
3261 1582 3463 1636 hostem
3512 1581 3666 1634 annis
3691 1581 3810 1647 jam
3837 1580 3954 1646 plus

2386 1673 2553 1726 sexies
2598 1672 2739 1726 mille
2772 1672 3026 1736 ducentis,
3060 1673 3444 1742 supputatione
3466 1670 3954 1726 videlicetGrasco-

2389 1779 2534 1827 rum,
2572 1763 2640 1816 ab
2670 1763 2802 1817 orbe
2832 1764 3071 1817 condito.
3111 1763 3176 1815 Et
3209 1779 3276 1817 ne
3323 1763 3445 1831 quis
3479 1760 3736 1816 mendum
3771 1761 3824 1814 in
3856 1776 3961 1815 nu-

2390 1870 2570 1910 meros
2595 1858 2886 1926 irrepsisse
2907 1855 3207 1917 existimet,
3243 1855 3385 1908 scire
3409 1861 3642 1922 oportet,
3670 1865 3959 1905 numerum

2391 1947 2535 2002 hunc
2563 1947 2616 2000 in
2652 1946 2840 2001 Graeco
2868 1947 3057 2001 codice
3111 1962 3218 2000 non
3261 1945 3438 1999 notari
3477 1944 3621 1997 notis
3659 1942 3962 1996 numerali-

2391 2039 2512 2107 bus,
2546 2039 2641 2093 sed
2673 2040 2899 2107 integris
2930 2040 3114 2092 verbis
3141 2040 3341 2092 diserte
3373 2035 3660 2102 perscribi.

2463 2129 2586 2182 lniit
2625 2140 2804 2185 autem
2850 2129 2960 2184 Leo
2989 2129 3266 2183 lsauricus
3296 2129 3580 2196 imperium
3604 2141 3748 2179 anno
3775 2124 3964 2180 mundi

2391 2222 2597 2275 conditi
2630 2223 2810 2276 sexies
2839 2223 3126 2274 millesimo
3177 2217 3556 2273 ducentesimo
3598 2232 3740 2270 nono
3770 2257 3783 2279 ,
3825 2224 3966 2270 testo

2391 2311 2662 2365 Cedreno.
2700 2310 2904 2370 Deinde
2931 2313 2985 2363 in
3037 2309 3352 2377 Menologiis
3397 2307 3711 2361 Graecorum
3758 2308 3845 2360 die
3893 2303 3967 2360 20

2390 2400 2715 2455 Novembris
2795 2401 3035 2454 refertur
3068 2439 3082 2463 ,
3135 2398 3456 2465 Gregorium
3520 2394 3965 2462 Decapolitanum

2393 2494 2562 2545 multa
2594 2493 2660 2543 ab
2685 2490 3039 2543 lconoclastis
3071 2501 3413 2556 perpessum,
3445 2487 3659 2537 venisse
3687 2483 3965 2537 Constan-

2395 2587 2681 2654 tinopolin.
2709 2585 2819 2637 Καὶ
2843 2583 3110 2652 Συμεῶνα
3155 2582 3246 2634 τὸν
3279 2579 3621 2650 ὀμολογητὴν
3645 2579 3738 2630 καὶ
3779 2576 3974 2644 θεοφό-ο

2398 2691 2489 2744 ρον
2521 2674 2661 2740 ὑπὲρ
2699 2673 2805 2722 τῶν
2859 2670 3028 2738 ἁγίων
3075 2669 3299 2721 εἰκόνων
3356 2669 3537 2736 εὑρεῖν
3577 2665 3973 2736 ὲγκεκλεισμέα

2396 2775 2483 2809 νον
2507 2774 2520 2788 ·
2560 2758 2625 2808 Et
2653 2757 2963 2824 Symeonem
2995 2755 3339 2823 confessorem
3389 2757 3639 2822 reperisse
3689 2754 3957 2807 inclusum

2397 2849 2452 2901 in
2480 2864 2687 2901 carcere
2707 2857 2918 2916 propter
2945 2863 3129 2900 sacras
3163 2847 3437 2915 imagines.
3464 2845 3603 2910 Quid
3648 2854 3828 2898 autem
3868 2860 3972 2898 ve-

2402 2949 2481 2994 tat
2513 2939 2838 3009 Symeonem
2877 2938 3040 2992 istum
3073 2952 3101 2990 a
3135 2935 3396 3006 Gregorio
3427 2937 3631 2991 aditum
3683 2952 3804 2995 esse
3845 2952 3976 2990 eum

2399 3032 2597 3098 ipsum,
2632 3045 2790 3098 quem
2822 3030 3142 3096 qumrimus,
3172 3042 3293 3080 eum
3327 3029 3442 3096 ipse
3493 3028 3546 3081 in
3604 3028 3857 3082 exsilium
3912 3043 3978 3082 se

730 3111 1012 3169 bliothecm
1037 3114 1400 3174 Gesnerianae.
1436 3122 1540 3176 Sed
1584 3126 1724 3178 male
1759 3141 1826 3180 ex
1879 3143 1986 3183 uno
2023 3129 2296 3200 Symeone

2404 3123 2708 3190 projectum
2735 3136 2859 3175 esse
2886 3120 3100 3174 duobus
3125 3119 3259 3176 locis
3283 3127 3511 3174 testetur
3539 3159 3553 3182 ,
3587 3133 3697 3173 uno
3751 3121 3814 3172 in.
3850 3130 3978 3172 ora-

728 3213 840 3258 tres
863 3207 1020 3261 nobis
1048 3210 1216 3263 cudit.
1236 3209 1368 3265 Nam
1391 3213 1623 3282 Symeon
1645 3218 1953 3284 presbyter,
1984 3228 2039 3273 et
2066 3220 2302 3291 Symeon

728 3292 937 3356 limior,
962 3311 1080 3358 seu.
1113 3307 1170 3351 ut
1200 3299 1444 3370 Epitome
1470 3305 1732 3374 loquitur,
1763 3306 1945 3364 Novus
1966 3309 2302 3381 Theologus,

729 3393 783 3439 et
813 3386 1046 3454 Symeon
1072 3387 1361 3446 Xerocerci
1398 3395 1670 3465 princeps,
1707 3409 1836 3453 sunt
1892 3416 2035 3454 unus
2067 3411 2120 3455 et
2159 3402 2300 3458 idem

733 3479 989 3547 Symeon,
1015 3482 1117 3535 nisi
1141 3485 1283 3551 quod
1306 3486 1483 3554 inepte
1502 3497 1660 3542 vocat
1683 3489 1961 3544 Xerocerci
1982 3494 2302 3564 principem,

732 3570 822 3628 qui
854 3573 1130 3626 vocandus
1155 3591 1272 3627 erat
1302 3574 1534 3634 antistes
1566 3595 1661 3634 seu
1689 3583 1885 3650 praesul
1918 3582 1974 3637 S.
2013 3584 2305 3640 Mamantis

735 3662 799 3712 ad
831 3659 1207 3729 Xylocercum.
1261 3666 1370 3722 Etsi
1403 3670 1548 3723 enim
1582 3682 1771 3727 noster
1805 3675 1968 3728 etiam
1996 3676 2166 3732 codex
2211 3678 2310 3732 lia-

739 3753 824 3803 bet
847 3751 946 3817 τῆς
975 3751 1346 3823 Ξηροκέρκου,
1391 3774 1498 3812 non
1539 3770 1720 3816 tamen
1749 3762 1943 3818 dubito
1969 3805 1983 3826 ,
2040 3767 2169 3830 quin
2228 3768 2306 3820 le-

737 3839 969 3904 gendum
1005 3842 1074 3895 sit
1100 3844 1464 3916 Ξυλοκέρκου.

817 3928 990 3986 Porro
1033 3944 1226 4001 praeter
1273 3952 1624 3995 monumenta
1676 3946 1765 3998 illa
1822 3946 2131 4014 Symeonis,
2187 3966 2307 4020 quae

744 4038 886 4076 nunc
947 4024 1001 4078 in
1071 4027 1245 4109 lucem
1304 4043 1546 4096 exeunt,
1613 4047 2006 4091 commemorat
2061 4040 2309 4109 Epitome

739 4113 905 4170 Gesn.
933 4117 1131 4172 librum
1161 4105 1235 4174 De
1285 4125 1523 4179 oratione
1560 4166 1576 4191 ,
1639 4129 1745 4181 sive
1802 4129 1864 4183 de
1913 4132 2078 4185 tribus
2109 4105 2308 4188 imodis

741 4208 952 4272 orandi,
978 4224 1138 4277 quem
1165 4212 1217 4264 in
1243 4212 1519 4271 Bavarieis
1542 4218 1824 4274 codicibus
1848 4236 1955 4273 non
1985 4223 2310 4290 reperimus.

740 4293 819 4350 Ex
845 4300 1118 4368 capitibus
1165 4304 1428 4370 praeticis
1461 4314 1515 4359 et
1549 4308 1867 4377 tlieologicis
1895 4313 2048 4380 ponit
2074 4320 2312 4367 tantum-

745 4392 908 4446 modo
938 4404 1179 4456 centum,
1213 4405 1267 4448 et
1297 4399 1364 4450 ad
1394 4410 1531 4465 haec,
1567 4402 1674 4455 alia
1699 4401 1893 4470 viginti
1914 4403 2176 4473 quinque.
2205 4405 2309 4461 Sed

2405 3213 2689 3278 tionibus;
2737 3212 2907 3265 altero
2934 3251 2948 3275 ,
2991 3212 3047 3264 in
3100 3211 3704 3264 commentationibus:
3755 3210 3979 3265 tametsi

2407 3319 2628 3358 causam
2678 3312 2842 3357 tacet.
2894 3304 2966 3357 De
3016 3301 3280 3372 martyrio
3325 3316 3540 3370 quoque
3590 3301 3849 3370 Stephani
3887 3300 3979 3371 ju-

2411 3395 2583 3448 nioris
2608 3395 2755 3454 loqui
2782 3393 3019 3458 videtur,
3055 3402 3310 3462 tanquam
3344 3392 3410 3446 de
3439 3405 3498 3446 re
3525 3406 3626 3447 suo
3655 3407 3770 3446 aevo
3818 3392 3984 3461 plano

2409 3495 2636 3537 recenti.

2480 3573 2604 3628 Haec
2627 3581 2680 3627 et
2719 3572 2770 3626 id
2803 3587 2973 3639 genus
3010 3573 3114 3626 alia
3154 3569 3634 3631 verisimilitudine
3660 3583 3768 3621 non
3823 3582 3980 3625 care-

2411 3677 2569 3728 rent;
2602 3664 2728 3717 siin
2763 3663 2951 3717 Graeco
2978 3663 3168 3717 codice
3198 3661 3494 3720 διακοσίοις
3528 3675 3633 3713 non
3671 3658 3982 3722 ἑξακοσίοις

2411 3767 2669 3818 expresse
2703 3753 2966 3818 scriptum
2998 3757 3163 3813 esset,
3201 3748 3361 3812 αὐτὸς
3388 3749 3443 3801 δὲ
3468 3746 3855 3816 ἑξακισχιλίοις
3885 3747 3983 3799 καὶ

2411 3842 2717 3909 ἑξακοσίοις
2750 3843 2841 3896 καὶ
2870 3841 3131 3895 ἐπέκεινα
3161 3839 3368 3892 τούτων
3400 3838 3547 3890 ἔτεσι
3573 3837 3862 3906 διαμείνας
3893 3836 3983 3890 ἀεὶ

2417 3935 2678 4003 πολέμιος
2715 3933 2824 3985 τῶν
2865 3931 3171 4000 ἀνθρώπων
3200 3928 3394 3997 ἄδηλος
3425 3928 3518 3980 καὶ
3577 3926 3838 3995 κρύφιος,
3872 3937 3981 3984 etc.

2413 4025 2593 4080 Sexies
2626 4024 2769 4076 mille
2822 4023 3100 4085 sexcentis,
3133 4031 3181 4073 et
3227 4036 3285 4073 eo
3312 4019 3536 4086 amplius
3589 4018 3766 4071 annis.
3798 4016 3985 4088 Longe

2414 4115 2746 4184 ergojunior
2775 4123 2859 4169 est
2891 4114 2994 4167 iste
3025 4109 3293 4182 Symeon;
3329 4118 3569 4177 aetasque
3598 4108 3748 4161 illius
3781 4107 3835 4160 in
3871 4107 3979 4160 im-

2413 4208 2625 4277 perium
2675 4205 2902 4260 Joannis
2952 4210 3046 4256 aut
3108 4201 3376 4255 Manuelis
3436 4198 3700 4252 Comneni
3752 4197 3983 4264 incidit;

2417 4298 2583 4366 cujus
2615 4303 2833 4352 exstant
2867 4296 3075 4363 aliquot
3105 4291 3350 4353 novellae,
3380 4303 3610 4359 quarum
3645 4303 3752 4342 una
3783 4286 3859 4340 De
3903 4303 3983 4341 ιιο-

2418 4393 2664 4448 luntariis
2689 4392 2992 4455 homicidis,
3028 4389 3172 4443 edita
3223 4397 3274 4441 et
3302 4387 3574 4456 publicata
3615 4393 3699 4439 est
3744 4385 3813 4438 ab
3852 4385 3989 4439 orbo

744 4482 1168 4542 instructissima
1211 4489 1471 4545 Boiorum
1501 4457 2123 4563 principiszibliotheca
2151 4498 2300 4570 longe

2417 4486 2635 4547 condito
2662 4484 2839 4539 sexies
2901 4481 3191 4536 millesimo
3263 4477 3663 4538 sexcentesimo
3702 4485 3989 4545 septuage-

748 4575 925 4641 plura,
955 4585 1014 4629 ut
1037 4578 1206 4643 vides,
1235 4581 1394 4636 nobis
1426 4585 1790 4650 suppeditavit
1826 4603 1841 4640 :
1896 4601 2015 4653 quae
2046 4587 2097 4639 in
2124 4588 2313 4644 codice

749 4663 850 4719 101
872 4668 1047 4722 tribus
1069 4670 1240 4723 titulis
1262 4671 1693 4742 distinguuntur.
1716 4674 1766 4726 1.
1799 4673 1901 4725 Τοῦ
1927 4675 2075 4728 ὁσίου
2102 4677 2316 4745 nam;

749 4758 905 4826 ἡμῶν
929 4760 1155 4826 Συμεὼν
1185 4761 1278 4813 τοῦ
1305 4762 1444 4814 Νέου
1479 4762 1742 4830 Θεολόγου
1777 4767 2083 4833 ἡγουμένου
2144 4770 2314 4838 μονῆς

750 4848 844 4902 τοῦ
914 4849 1096 4915 Ἀγίου
1151 4852 1450 4914 Μάμαντος
1494 4854 1595 4922 τῆς
1644 4852 1992 4923 Ξηροκέρκου
2047 4857 2318 4925 κεφάλαια

753 4942 1032 5009 πρακτικὰ
1061 4943 1156 4994 καὶ
1181 4943 1466 5012 θεολογικὰ
1502 4943 1604 5013 ρα’.
1628 4945 1681 4999 2.
1709 4947 1995 5014 Κεφάλαια
2022 4947 2116 5000 τοῦ
2149 4947 2313 5001 αὐτοῦ

756 5035 1031 5100 γνωστικὰ
1052 5036 1143 5086 καὶ
1170 5037 1296 5105 περὶ
1319 5035 1596 5103 θεολογίας
1617 5044 1715 5091 κε’.
1741 5039 1794 5092 5.
1819 5038 1925 5091 Τοῦ
1957 5038 2122 5091 αὐτοῦ
2149 5040 2319 5109 κεφά-

758 5127 885 5180 λαια
922 5124 1207 5192 Θεολογικὰ
1232 5129 1325 5181 καὶ
1350 5130 1629 5197 πρακτικὰ
1657 5128 1757 5199 ρβ’.

828 5215 904 5270 De
941 5223 1184 5286 tempore
1227 5233 1334 5288 quo
1359 5217 1593 5287 Symeon
1622 5221 1726 5276 iste
1752 5220 1957 5287 ﬂoruit,
1995 5235 2174 5276 oleam
2207 5236 2315 5276 non

757 5320 879 5376 quae
911 5316 1061 5361 certo
1089 5349 1104 5372 ,
1141 5307 1233 5362 sed
1275 5324 1395 5377 quae
1425 5309 1779 5377 probabiliter
1810 5320 2088 5380 comperta
2121 5310 2316 5376 habeo.

758 5402 838 5456 Ac
866 5400 917 5452 in
945 5400 1134 5468 primis
1169 5416 1237 5454 ne
1277 5401 1603 5456 monendum
1632 5403 1849 5471 quidem
1879 5404 2115 5458 arbitror
2141 5443 2156 5469 ,
2179 5403 2326 5458 hunc

765 5491 1087 5561 Symeonem
1118 5500 1368 5548 nostrum
1402 5494 1675 5548 diversum
1709 5509 1873 5549 essea
1894 5494 2162 5564 Symeone
2202 5494 2329 5563 Sty-

765 5586 859 5639 lita
884 5585 1099 5649 seniore
1125 5602 1141 5651 ;
1181 5587 1340 5654 cujus
1373 5586 1534 5640 vitam
1565 5587 1941 5643 Theodoretus
1967 5585 2160 5641 litteris
2180 5601 2330 5639 man-

771 5676 957 5740 davit;
988 5675 1112 5728 item
1147 5690 1174 5727 a
1215 5673 1484 5746 Symeone
1535 5677 1724 5745 Stylita
1759 5677 1975 5745 juniore
2007 5716 2021 5739 ,
2087 5677 2176 5744 qui
2229 5677 2331 5729 sub

775 5765 993 5828 Justan
1023 5767 1234 5826 minore
1267 5766 1482 5834 ﬂoruit;
1519 5766 1643 5824 item
1677 5782 1704 5820 ι
1738 5767 2001 5826 Svmcone
2053 5766 2247 5826 Stvlite
2279 5765 2333 5822 in

2420 4577 2560 4631 simo
2591 4582 2782 4644 quarto
2811 4614 2823 4635 ,
2857 4580 2916 4625 ut
2949 4579 3002 4626 et
3034 4571 3137 4624 alia
3165 4567 3411 4637 ejusdem
3459 4566 3810 4635 imperatoris
3846 4567 3989 4636 Περὶ

2420 4667 2691 4734 διαφόρων
2720 4664 3052 4725 ὑποθέσεων,
3083 4662 3158 4715 De
3188 4659 3405 4717 diversis
3436 4659 3611 4711 causis
3645 4675 3706 4710 ac
3744 4659 3992 4726 negotiis.

2426 4757 2551 4810 iniit
2587 4765 2769 4809 autem
2801 4753 3014 4807 Manuel
3048 4750 3332 4820 imperium
3363 4762 3505 4800 anno
3545 4746 3750 4800 Christi
3807 4745 3946 4800 1145
3978 4783 3992 4808 .

2427 4848 2470 4901 si
2515 4862 2624 4900 non
2659 4845 2796 4898 fallit
2835 4842 3150 4912 Onuphrius
3186 4841 3237 4893 in
3292 4837 3591 4901 Chronico;
3636 4834 3782 4904 quod
3816 4851 3994 4891 annos

2428 4943 2651 5012 triginta
2680 4947 2804 4993 octo
2837 4935 3271 5020 administravit,
3298 4933 3476 4986 tribus
3511 4929 3790 4986 mensibus
3836 4930 3994 4984 dem-

2426 5034 2557 5102 ptis,
2596 5038 2736 5085 teste
2762 5026 2973 5089 Nieeta,
3011 5025 3104 5080 lib.
3138 5018 3226 5078 vui
3253 5023 3326 5077 De
3369 5022 3520 5075 rebus
3548 5018 3814 5074 Manuelis
3839 5058 3855 5083 ,
3891 5018 3998 5074 sub

2427 5124 2612 5177 ﬁnem.
2665 5119 2806 5189 Ergo
2857 5116 3094 5188 Symeon
3148 5117 3255 5169 iste
3298 5113 3703 5171 Comnenorum
3760 5109 3998 5178 imperio

2427 5212 2656 5269 Joannis
2686 5217 2780 5264 aut
2809 5208 3073 5262 Manuelis
3098 5205 3301 5270 ﬂoruit,
3329 5204 3538 5271 hasque
3570 5200 3849 5255 orationes
3863 5213 3999 5279 eon-

2429 5303 2677 5372 scripsit.
2715 5301 2895 5366 Quare
2927 5297 3249 5367 corrigenda
3275 5301 3402 5348 sunt
3435 5307 3498 5348 ea
3533 5306 3654 5362 quae
3702 5290 3755 5344 in
3807 5290 3998 5344 Adno-

2427 5388 2639 5450 tatione
2671 5393 2737 5448 ad
2764 5391 3067 5447 orationem
3117 5387 3334 5442 tertiam
3383 5386 3450 5441 de
3490 5392 3648 5439 aetate
3704 5382 4009 5454 Symeonis.

2428 5489 2573 5542 dicta
2598 5493 2747 5550 sunt,
2790 5483 3182 5538 convenienter
3206 5479 3393 5548 primm
3436 5476 3679 5546 Opinioni
3704 5513 3718 5535 ,
3763 5489 3888 5541 qua:
3920 5484 3998 5526 ta-

2426 5594 2550 5636 men
2587 5577 2716 5642 ruit,
2749 5577 2793 5629 si
2842 5589 2949 5628 non
2991 5570 3289 5630 διακοσίοις
3318 5606 3331 5631 ,
3381 5567 3474 5622 sed
3525 5562 3831 5629 ἑξακοσίοις
3875 5577 3998 5616 cum

2428 5670 2618 5726 Graeco
2647 5668 2835 5723 codice
2881 5666 3166 5734 legamus,
3219 5670 3278 5714 ut
3331 5673 3462 5737 sane
3516 5657 3693 5724 legere
3740 5662 3998 5722 Oportet;

2432 5777 2554 5827 cum
2593 5759 2933 5826 Scripturam
2966 5755 3106 5810 hanc
3143 5752 3308 5809 codex
3358 5745 3646 5808 manifeste
3692 5757 3996 5812 repraesen-
