4164 6342
174 390 280 455 321

1628 386 1908 450 ORATIO
1946 392 1994 452 Ι.

3318 390 3423 453 322

172 515 281 559 tet.
316 505 383 559 Et
415 503 669 573 quamvis
693 504 803 572 jam
831 510 944 557 tum
976 502 1215 558 scnisma
1259 502 1631 559 Graecanicam
1658 521 1750 558 ex-
1779 560 1781 567 Α

1877 524 1979 564 'ere
2012 510 2158 565 volet
2187 524 2473 566 sermones
2502 510 2773 565 asce‘ticos
2804 504 2982 564 Esaiae
2999 506 3235 573 abbatis,
3264 506 3424 563 Joan-

176 596 449 657 stitisset,
482 593 667 647 omnia
696 601 875 648 tamen
892 592 1011 647 loca
1040 596 1239 664 quibus
1268 594 1505 665 Symeon
1540 608 1759 661 proces-

176 687 360 741 sionis
383 686 564 739 sancti
598 684 833 754 Spiritus
863 686 1146 753 meminit,
1183 702 1211 739 a
1243 687 1386 739 bono
1444 685 1649 739 lectore
1699 685 1754 738 in

180 778 401 833 bonum
429 792 654 833 sensum
688 777 859 845 accipi
889 785 1143 847 possunt,
1171 786 1230 831 ut
1260 787 1313 830 et
1345 777 1446 828 alia
1478 777 1762 843 pleraque,

179 866 251 921 ad
286 881 528 935 quorum
584 867 847 921 nonnulla
895 869 1374 922 adnotatiunculas
1426 866 1765 936 adjecimus;

181 956 298 1011 alia
333 958 541 1012 eruditi
593 958 819 1013 lectoris
859 960 1084 1014 candori
1138 960 1508 1029 permisimus.
1556 958 1765 1012 htenim

179 1064 301 1105 non
330 1050 499 1104 modo
536 1050 592 1105 in
619 1052 723 1105 hoc
744 1051 1015 1121 Symeone
1051 1062 1265 1117 nostro,
1291 1050 1385 1105 sed
1428 1060 1480 1105 et
1534 1049 1588 1103 iu
1633 1050 1757 1105 aliis

180 1154 301 1195 non
335 1143 532 1211 paucis
558 1144 886 1198 monasticis
915 1153 969 1198 et
997 1144 1248 1199 asceticis
1278 1140 1642 1211 scriptoribus
1675 1154 1768 1193 oc-

184 1243 429 1287 currunt
461 1234 712 1303 quaedam
737 1228 1059 1289 vduriuscule
1099 1233 1269 1297 dicta,
1296 1247 1419 1303 quae
1444 1232 1571 1286 lima
1625 1232 1769 1299 judi-

183 1322 270 1379 cis
303 1330 528 1394 egeant.
564 1324 704 1381 Vera
728 1341 815 1381 me
845 1325 995 1396 loqui
1050 1323 1309 1381 fatebitur
1332 1365 1349 1392 ,
1401 1323 1496 1393 qui
1536 1336 1763 1393 percur-

1865 598 2222 666 nisClimaci,
2256 600 2443 664 Marci,
2466 598 2567 656 Nili
2604 610 2661 656 et
2690 600 2942 655 aliorum.
2972 597 3207 653 Tantum
3239 598 3304 652 de
3327 598 3426 668 Sy-

1867 704 2058 744 meone
2117 692 2446 746 habuimus:
2502 694 2567 746 ad
2635 706 2797 765 quem
2848 694 3011 745 etiam
3065 690 3304 757 scriptus
3348 698 3431 741 est

1870 780 2185 834 scholastici
2218 781 2365 835 illius
2396 781 2676 852 Dialogus,
2715 797 2877 851 quem
2910 780 3151 850 reperies
3184 787 3309 848 post
3335 794 3429 834 Cu-

1869 869 1981 938 pita
2013 871 2262 936 moralia,
2292 886 2411 939 qua:
2444 872 2577 925 nihil
2603 873 2746 927 aliud
2770 881 2918 935 sunt,
2938 886 3100 941 quam
3130 870 3427 940 aphorismi

1872 959 2118 1027 quidam,
2153 960 2455 1029 brevesque
2486 964 2767 1017 sententiae
2812 963 2879 1017 ad
2929 963 3096 1017 vitam
3147 971 3293 1015 recte
3344 961 3431 1013 in-

1873 1049 2205 1104 stituendam
2244 1052 3035 1121 accommodatamcujusmodi
3089 1053 3267 1121 capita
3317 1050 3433 1105 edi-

1871 1142 2215 1195 deruntcum
2252 1141 2383 1205 alii,
2431 1150 2543 1195 tum
2586 1141 2799 1197 Marcus
2858 1145 3050 1197 Asceta
3096 1152 3154 1198 et
3201 1148 3429 1197 sanctus

1870 1230 2047 1296 Nilus,
2076 1246 2195 1301 quae
2215 1239 2450 1288 exstant.

217 1549 3432 1589 W

730 1762 1816 1939 SYMEONIS
1952 1756 2927 1935 JUNIOBIS

554 2082 988 2144 PREPOSITI
1049 2080 1531 2144 MUNASTERII
1606 2079 1880 2140 SANCTI
1949 2080 2349 2141 MAMANTIS
2427 2078 2528 2139 AD
2579 2076 3088 2140 XYLOCERCUM

1212 2265 1897 2358 OBATIONES
1972 2267 2441 2354 XXXIII.

720 2616 978 2674 ORATIO
1015 2617 1252 2671 PRIMA.

803 2745 1179 2787 IRGUHENTUM.

202 2850 672 2917 Quemadmodum
718 2849 871 2902 homo
896 2848 1148 2915 paradiso
1190 2842 1531 2917 exturbatus,
1574 2839 1776 2893 verita-

281 2930 406 2979 tem,
443 2936 561 2986 qua:
593 2928 672 2971 est
714 2908 922 2970 verbum
968 2917 1081 2973 Dei.
1114 2913 1426 2986 perdiderit.
1461 2908 1537 2986 De
1566 2917 1775 2986 peccato

274 2979 486 3041 diaboli
543 2998 588 3039 et
623 2988 839 3038 Adami.
869 2986 945 3038 Ab
996 2979 1120 3051 ipsa
1145 2984 1476 3047 conceptione
1520 2979 1779 3051 hominem

275 3059 563 3126 quemlibet
582 3072 695 3126 esse
717 3048 1035 3121 peccatoreui
1059 3070 1076 3105 .'
1098 3062 1145 3103 et
1176 3066 1277 3120 quo
1294 3059 1447 3116 pacto
1470 3063 1561 3126 per
1582 3048 1779 3111 baptis-

275 3115 425 3179 r'num
486 3127 541 3177 iu
593 3115 799 3188 Spiritu
858 3132 1041 3175 sancto
1102 3115 1779 3189 regenergtur.AQuwuam

280 3196 436 3247 multi
485 3186 649 3261 reges,
724 3205 771 3244 et
826 3194 1088 3257 prop/tela:
1145 3186 1265 3261 ante
1295 3186 1495 3261 Christi
1546 3195 1778 3261 tempe-ra

278 3252 697 3330 concupivErint.
734 3252 1072 3316 Christianos
1103 3260 1333 3330 nondum
1376 3254 1552 3307 initiat
1579 3268 1657 3313 os,
1688 3252 1781 3330 do-

268 3322 573 3400 lentes'que,
623 3341 670 3383 et
710 3341 931 3400 peccata
976 3344 1072 3400 sua
1135 3327 1476 3400 conﬁtentes,
1507 3322 1777 3400 canonicis

272 3392 529 3460 vinculis,
560 3416 623 3451 ac
649 3392 811 3463 prinis
863 3399 1078 3449 minime
1139 3394 1350 3461 subjici,
1378 3392 1476 3463 sed
1507 3392 1763 3463 ﬁdci_my-

278 3473 460 3523 steriis
516 3459 739 3529 erudiri,
793 3475 843 3517 et
906 3469 982 3517 ita
1036 3459 1243 3516 demunt
1311 3460 1518 3513 initiari
1570 3459 1772 3512 debere.

285 3539 721 3602 Unumquemquc
773 3533 1131 3587 Christianum
1194 3531 1371 3602 divina
1407 3529 1776 3579 inmutatione

273 3598 537 3673 indigere,
567 3598 758 3673 in'qua
793 3604 1042 3671 perfectio
1071 3598 1351 3653 consistat.

278 3718 527 3771 Adamus
586 3725 880 3785 postquam
930 3713 1151 3765 diabolo
1189 3709 1420 3763 mentito
1486 3706 1640 3759 fidem
1677 3704 1772 3757 ha-

216 3808 357 3870 buit,
393 3818 451 3861 et
490 3821 617 3860 cum
666 3820 729 3858 ea
763 3804 867 3857 title
921 3804 987 3857 de
1038 3802 1185 3871 ligno
1242 3798 1486 3852 scientite
1518 3795 1774 3855 comedit,

219 3900 507 3951 veritatem
555 3894 781 3960 amisit;
833 3908 995 3964 quam
1029 3890 1229 3946 deinde
1279 3897 1479 3941 natura
1539 3879 1773 3938 humana

213 3990 311 4042 diu
344 3988 692 4055 multumque
724 3985 1132 4054 iuvestigatam,
1169 3980 1412 4035 invenire
1439 3992 1545 4029 non
1582 3976 1774 4043 potuit.

214 4076 559 4133 Testimonio
614 4086 743 4131 sunt
791 4089 983 4130 omnes
1020 4071 1242 4126 Graeciae
1296 4068 1597 4137 sapientes,
1649 4065 1775 4118 dum

215 4177 431 4223 tantam
474 4167 839 4221 humanarum
891 4162 1212 4233 opinionum
1256 4160 1652 4216 diversitatem,
1682 4170 1781 4224 per

213 4258 402 4313 varias
454 4258 781 4328 disciplinas
811 4257 893 4309 via
954 4270 1016 4309 ac
1064 4254 1278 4307 ratione
1319 4251 1551 4303 traditas
1585 4247 1779 4316 praeci-

215 4364 441 4418 puequc
473 4362 570 4414 per
619 4345 823 4399 multas
854 4358 917 4398 ac
948 4344 1139 4411 longas
1190 4341 1258 4394 de
1297 4339 1506 4391 virtute
1559 4348 1611 4391 et
1656 4334 1787 4387 vitio

217 4424 653 4507 disputatiuncs,
685 4450 823 4506 quas
855 4435 1231 4502 reliquerunt,
1277 4429 1343 4482 ad
1378 4427 1782 4495 simplicitatem

219 4540 278 4585 et
316 4529 708 4584 rectitudincm
747 4526 1013 4596 redigere,
1038 4528 1517 4594 congruenterque
1541 4521 1784 4572 inunum

217 4632 606 4693 coagmentare
669 4630 722 4676 et
810 4620 1190 4687 constringere
1254 4614 1638 4684 nequiverunt.
1697 4611 1791 4664 Est

221 4725 410 4768 autem
462 4714 669 4767 veritas
709 4709 947 4767 Verbum
998 4708 1118 4773 Dei,
1156 4708 1269 4762 sive
1330 4704 1505 4774 gratia
1557 4700 1783 4763 Christi,

222 4820 349 4871 qua:
379 4804 696 4872 complures
734 4804 883 4867 illas,
911 4809 964 4856 et
996 4801 1136 4854 inter
1168 4813 1226 4853 se
1268 4803 1593 4865 pugnantes,
1626 4798 1789 4859 atque

224 4895 548 4962 implicitas,
598 4904 652 4949 et
705 4904 986 4949 tortuosas
1018 4907 1082 4945 ex
1118 4888 1401 4943 hominum
1448 4881 1790 4953 cogitationi-

226 4987 357 5048 bus,
378 4986 1008 5053 ratiocinationibusque
1046 4981 1318 5049 proiectas
1350 4976 1639 5030 verborum
1674 4971 1791 5025 dis-

228 5075 587 5136 sertationes,
629 5092 735 5129 una
777 5085 831 5129 et
854 5074 1062 5128 directa
1091 5068 1463 5138 simplicitate,
1495 5064 1645 5117 velut
1694 5076 1792 5113 na-

229 5165 420 5226 turali,
479 5164 707 5233 paciﬁca
773 5173 827 5218 et
886 5163 1179 5233 tranquilla
1248 5156 1661 5227 conjunctione,
1710 5153 1793 5204 in-

230 5258 628 5325 coinprcbensa
662 5256 907 5322 petentia
941 5269 1039 5307 sua
1082 5254 1411 5321 composuit,
1453 5248 1794 5315 reliquosque
1820 5242 1871 5300 D

232 5349 610 5402 doctrinarum
667 5359 949 5398 sermones
999 5346 1065 5397 ad
1116 5359 1282 5396 unum
1336 5355 1526 5395 omnes
1561 5338 1791 5396 otiosos,

232 5444 420 5496 irritos
478 5452 530 5493 et
552 5439 776 5492 inutiles
808 5436 1239 5499 demonstravit;
1272 5450 1395 5487 cum
1438 5445 1589 5485 more
1623 5442 1796 5482 caeco-

235 5549 361 5585 rum
398 5529 691 5600 palpantlo,
733 5526 1038 5588 veritatem,
1069 5527 1135 5577 ab
1165 5525 1340 5577 oculis
1368 5520 1575 5575 nostris
1603 5516 1799 5570 merito

235 5634 532 5687 remotam,
568 5618 928 5689 inquirentes,
954 5630 1061 5669 nou
1102 5616 1317 5667 valeant
1346 5610 1605 5680 reperire.
1627 5606 1799 5661 Simul

235 5731 302 5771 ac
335 5715 482 5769 enim
519 5715 683 5765 homo
716 5706 1059 5762 mendacium
1092 5713 1307 5771 sponte,
1338 5717 1401 5756 ac
1422 5700 1569 5753 nulla
1595 5694 1793 5765 impul-

344 5896 362 5926 ³
389 5892 410 5946 ι
439 5892 584 5947 Tim.
623 5904 708 5955 ut,
762 5886 841 5942 iG.
913 5884 935 5917 ‘
966 5883 1103 5939 ﬁcu.
1137 5896 1216 5944 ιιι,
1250 5880 1301 5931 6.

1802 2612 1843 2669 Β
1875 2621 1970 2661 sus
2009 2605 2341 2661 necessitate
2388 2601 2709 2674 complexus
2740 2614 2843 2670 est,
2877 2606 2929 2659 in
2958 2619 3075 2659 eam
3116 2616 3331 2674 pmnam
3357 2606 3442 2659 in—

1879 2699 2076 2761 currit,
2112 2705 2169 2750 ut
2227 2698 2509 2750 veritatem
2563 2706 2840 2751 scrutetur
2889 2697 2979 2750 ille
3047 2698 3289 2765 quidem,
3324 2700 3441 2766 ejus

1876 2793 2063 2837 tamen
2096 2800 2319 2852 compos
2347 2800 2453 2838 non
2500 2784 2716 2845 evadat,
2749 2796 3133 2853 persequatur,
3166 2801 3265 2839 nec
3298 2802 3446 2837 roni-

1881 2874 2204 2942 prehendat.
2253 2874 2467 2927 Etenim
2523 2888 2644 2940 qua:
2700 2872 2804 2925 ﬁde
2858 2872 3146 2925 mendacio
3202 2874 3445 2926 adhibita

1883 2963 2058 3015 oculis
2087 2963 2294 3015 nostris
2323 2969 2507 3029 erepta
2536 2961 2656 3022 fuit,
2694 2960 2799 3014 ﬁde
2823 2962 3039 3013 veritati
3072 2964 3442 3023 commodata,

1883 3068 2103 3107 rursum
2152 3053 2428 3111 invenitur
2502 3066 2562 3105 ac
2616 3052 2953 3105 restituitur.
3013 3051 3106 3105 llle
3164 3052 3449 3105 mendacio

1884 3152 2072 3209 aperto
2124 3144 2525 3209 manifestoque
2579 3142 2811 3195 credidit
2865 3160 2877 3194 :
2932 3155 3031 3195 nos
3090 3156 3343 3207 magnum
3385 3160 3447 3197 ac

1885 3237 2237 3288 manifestum
2284 3234 2602 3301 mysterium
2630 3232 2669 3293 ί,
2716 3231 2883 3284 Deum
2922 3231 3173 3285 videlicet
3208 3234 3446 3285 humano

1884 3342 2114 3394 corpore
2185 3325 2461 3388 indutum,
2524 3322 2824 3376 credimus.
2880 3320 3017 3376 illud
3077 3332 3294 3390 propter
3353 3323 3445 3376 Dei

1886 3417 2200 3471 mandatum
2259 3421 2378 3467 erat
2438 3411 2759 3466 incredibile
2801 3430 2813 3466 :
2862 3412 2964 3465 hoc
3010 3420 3231 3481 propter
3276 3412 3443 3465 Deum

1885 3525 1986 3561 nos
2021 3508 2383 3575 alloiptentem
2414 3504 2663 3557 redditur
2695 3503 2978 3558 credibile.
3014 3503 3151 3557 Illud
3176 3505 3442 3557 creditum

1884 3598 2283 3663 deprehensum
2339 3601 2422 3647 est
2476 3594 2676 3646 falsum
2727 3592 3065 3662 (credentem
3128 3594 3329 3660 quippe
3392 3592 3446 3644 in

1876 3684 2100 3735 exitium
2135 3698 2196 3737 ac
2244 3691 2469 3735 mortem
2528 3683 2980 3753 praecipitavit’);
3034 3683 3139 3735 hoc
3179 3684 3445 3736 creditum

1880 3775 2078 3827 veritas
2095 3773 2724 3842 comperitur,siquidem
2740 3788 2862 3827 eum
2883 3775 2972 3842 qui
2992 3775 3277 3828 mendacio
3292 3775 3448 3827 ﬁdent

1886 3866 2346 3927 commodat/crat,
2381 3866 2447 3918 ab
2480 3866 2645 3917 exitio
2678 3879 2740 3916 ac
2775 3874 2950 3917 morte
2992 3875 3226 3924 revocat.
3262 3880 3453 3931 pecca-

1888 3965 1998 4008 tum
2020 3957 2139 4023 ejus
2174 3956 2387 4018 tollens,
2404 3955 2562 4021 eique
2587 3963 2644 4007 ut
2662 3954 2797 4007 bene
2818 3967 2881 4006 ac
2901 3954 3055 4007 beate
3072 3953 3141 4006 sit
3164 3954 3403 4022 largiens
3431 3967 3445 4005 :

1884 4059 1934 4101 et
1970 4063 2032 4100 ex
2079 4046 2182 4100 [ine
2210 4054 2516 4113 utrumque,
2569 4044 2912 4099 mendacium
2946 4055 3070 4110 puta
3118 4045 3449 4111 veritasque,

1889 4137 2434 4208 perspicitur.Unum
2472 4136 2637 4204 igitur
2656 4145 2964 4203 peccatum,
3000 4143 3051 4188 et
3084 4151 3189 4187 una
3212 4133 3445 4200 justitia.

1964 4224 2093 4277 Vide
2122 4224 2253 4293 quid
2285 4222 2554 4285 diabolus,
2582 4221 2867 4274 censidera
2900 4221 3031 4289 qttid
3063 4219 3302 4272 Adamus
3330 4234 3453 4286 pec-

1889 4316 2115 4378 caverit,
2164 4327 2215 4368 et
2240 4331 2345 4367 nun
2370 4312 2537 4374 aliud,
2564 4327 2725 4379 quam
2753 4312 2977 4363 ‘suimet
3039 4309 3451 4361 admirationem

1895 4406 2318 4476 superbiamque
2346 4403 2614 4457 invenies.
2648 4399 2848 4454 Verum
2883 4398 2960 4452 illi
2992 4398 3063 4451 ob
3097 4398 3450 4450 excellentem

1894 4501 2078 4567 gloria:
2119 4495 2549 4565 magnitudinem
2599 4494 2670 4546 ita
2714 4508 2769 4546 se
2811 4498 3119 4560 gesserunt.
3158 4487 3267 4541 Nec
3306 4488 3448 4539 enim

1894 4606 1957 4644 ex
2006 4589 2314 4641 humilitate
2362 4586 2586 4651 gloriam
2618 4582 2798 4651 adepti
2846 4597 2905 4636 se
2941 4579 3257 4633 extulerunt
3301 4577 3439 4629 :sed

1895 4696 2017 4733 cum
2063 4668 2426 4732 humilitatem
2466 4673 2697 4726 necdum
2733 4678 3153 4736 cogrcscerent,
3201 4676 3450 4723 etsecu-

1893 4780 2068 4824 turam
2092 4784 2121 4822 e
2153 4781 2285 4819 casu
2315 4766 2559 4832 ipsorum
2588 4760 3020 4813 humiliatlanetn
3074 4754 3456 4824 ignominiam-

1893 4876 1997 4930 que
2026 4861 2360 4927 ignorarent,
2389 4855 2595 4907 idcirco
2627 4851 2761 4903 nihil
2790 4865 2908 4903 eam
2943 4856 3269 4911 metuentes,
3289 4860 3454 4899 eous-

1895 4971 2001 5023 que
2053 4951 2246 5004 ell‘crre
2290 4964 2349 5003 se
2382 4965 2485 5001 ιμιτι
2527 4946 2870 4999 dubitarunt.
2898 4941 3287 4993 Animadverte
3318 4951 3454 4989 con—

1897 5056 2001 5106 tra,
2037 5040 2313 5112 quomodo
2341 5037 2677 5108 jttsaEﬁcatus
2706 5033 2777 5087 sit
2811 5030 2992 5085 Jesus.
3030 5031 3163 5081 (tum
3198 5027 3337 5079 Deus
3370 5041 3457 5078 es-

1898 5143 2005 5197 set,
2064 5146 2239 5200 usque
2292 5129 2358 5181 ad
2406 5134 2630 5179 'orlcm
2696 5122 3081 5184 voluntariam,
3125 5129 3178 5172 et
3226 5125 3453 5170 mortem

1900 5225 2082 5280 crucis
2113 5222 2281 5294 (quod
2315 5231 2432 5274 et..t
2457 5218 2846 5273 sceleratorum
2879 5208 3227 5281 supplicium)
3263 5213 3456 5259 semet-

1898 5323 2078 5388 ipsum
2118 5313 2492 5371 humiliavit’.
2549 5311 2729 5365 Unum
2771 5323 2898 5377 ergo
2934 5313 3236 5380 pecratum,
3271 5294 3454 5349 inﬂata

1901 5386 1967 5464 de
1998 5425 2055 5462 se
2087 5409 2316 5476 ropinio,
2348 5414 2399 5457 et
2454 5418 2557 5455 una
2595 5400 2830 5469 justitia,
2867 5403 3103 5449 extrema
3157 5386 3453 5439 humilitas.

1902 5502 2062 5555 Nunc
2093 5475 2273 5551 autem
2316 5496 2438 5563 quis
2479 5493 2740 5560 seipsum,
2784 5486 2887 5539 nisi
2933 5478 3221 5533 admodum
3278 5475 3459 5524 fatuus

1906 5591 2146 5647 exaltet?
2178 5590 2344 5643 Nemo
2374 5586 2517 5639 enim
2556 5585 2605 5635 in
2646 5582 2745 5633 hac
2778 5576 2883 5630 vita
2914 5574 2963 5623 vi
2993 5570 3174 5621 divina
3202 5564 3462 5632 prmditus

1906 5695 2010 5749 est,
2050 5694 2106 5736 ut
2133 5694 2401 5736 summam
2444 5676 2549 5730 sxbi
2598 5670 2821 5740 gloriam
2856 5668 3131 5730 COItIp.~rct
3167 5674 3180 5710 :
3220 5667 3321 5708 uec
3351 5654 3462 5715 itte,

1382 5876 1401 5903 ³
1431 5872 1661 5941 Philipp.
1712 5882 1768 5927 tt,
1822 5866 1873 5931 '7,
1904 5866 1934 5919 S
