4164 6342
701 366 807 426 323

1953 364 2325 425 SYMEONJS
2352 365 2714 426 JUNIORIS

3837 369 3951 432 3-24

702 490 995 546 antequam
1053 491 1110 529 se
1140 475 1478 539 humiliaret,
1510 473 1738 545 gloriam
1787 484 2117 531 consecmus
2164 486 2266 540 est,
2302 485 2341 539 Α
2374 487 2512 543 erat,
2560 482 2653 550 qui
2693 482 2906 550 primus
2957 489 3041 537 est
3100 483 3373 547 conditus,
3431 486 3478 536 in
3531 476 3785 553 paradiso
3839 490 3950 541 sub

705 572 798 625 sed
859 570 1174 638 quicunque
1217 571 1267 622 in
1314 569 1454 621 hanc
1516 568 1692 621 lucem
1728 567 1927 634 editur,
1963 569 2147 624 statim
2187 578 2268 624 est

707 662 999 731 inglorius,
1037 672 1090 714 ct
1146 659 1414 730 gradatim
1464 657 1870 725 quodammodo
1922 659 1989 711 ad
2043 660 2271 728 gloriam

704 753 927 807 tandem
961 753 1329 821 progreditur.
1358 750 1462 816 Qui
1498 751 1666 820 igitur
1700 752 2271 820 pristinamvilitatetn

708 859 863 897 suam
899 845 1249 905 recordatus,
1278 858 1337 896 se
1370 843 1550 910 ipsum
1587 843 1812 906 exaltat,
1837 845 2112 911 quomodo
2137 845 2276 900 stul-

705 943 798 989 tus
826 948 890 988 ac
937 947 1114 986 caecus
1153 948 1260 988 non
1315 932 1427 985 sit?
1458 933 1588 988 Nam
1634 933 1776 1001 quod
1822 933 2045 999 dicitur,
2102 932 2275 988 Nemo

709 1028 826 1081 sine
856 1033 1093 1094 peccato,
1132 1024 1235 1077 nisi
1263 1025 1410 1076 solus
1436 1023 1597 1090 Deus,
1627 1039 1718 1077 nec
1749 1027 1948 1095 infans,
1981 1025 2134 1094 cujus
2170 1028 2274 1078 vita

708 1120 868 1173 unius
912 1117 1018 1171 diei
1072 1115 1226 1182 est";
1253 1131 1364 1169 non
1412 1115 1480 1169 de
1507 1117 1576 1171 iis
1613 1116 1841 1195 dicitur,
1883 1123 1976 1186 qui
2011 1132 2274 1186 peccave-

710 1217 839 1263 runt
883 1226 896 1261 :
927 1222 1035 1278 quo
1065 1209 1207 1262 enim
1260 1216 1417 1277 pacto
1442 1206 1625 1261 infans
1660 1208 1879 1262 unicum
1910 1208 2053 1262 dietn
2087 1217 2274 1271 natus,

705 1311 995 1373 peccatum
1038 1300 1384 1355 committat?
1410 1300 1504 1353 sed
1541 1300 1642 1352 hoc
1669 1300 1796 1353 latet
1822 1300 2085 1369 mysterii,
2116 1309 2277 1354 natu-

712 1411 826 1447 ram
864 1395 1162 1446 humanam
1195 1393 1262 1444 ab
1290 1391 1410 1460 ipso
1436 1399 1704 1458 conceptu
1736 1392 2095 1458 peccatricem
2131 1407 2276 1446 esse.

707 1490 787 1540 Ac
828 1487 969 1540 Deus
1005 1483 1228 1554 quidem
1273 1483 1551 1537 hominem
1602 1498 1710 1536 non
1775 1473 2142 1551 peccatorcm,
2183 1483 2276 1534 sed

705 1593 903 1648 purum
938 1587 994 1632 et
1041 1585 1293 1632 sanetum
1333 1575 1509 1631 ﬁnxit.
1538 1575 1902 1645 Posteaquam
1940 1590 2067 1628 vero
2099 1584 2281 1642 proto-

708 1667 1046 1737 plastusille,
1069 1665 1382 1720 sanctitatis
1406 1665 1547 1718 stola
1581 1665 1753 1719 solius
1780 1663 2050 1733 superbia:
2068 1663 2280 1732 piaculo

709 1763 1016 1828 spoliatus,
1071 1757 1454 1827 corruptioni,
1537 1757 1892 1825 interituique
1960 1756 2138 1809 factus
2195 1763 2279 1808 est

2376 571 2795 639 intelligentiam
2819 573 3046 627 eadente
3079 581 3357 642 operetur,
3381 585 3432 626 et
3457 575 3735 629 custodem
3765 588 3887 644 agat
3930 595 3945 626 :

2376 671 2637 730 operetur
2669 662 2887 732 quidem
2933 666 3186 718 mandata
3216 664 3347 720 Jesu
3387 664 3612 732 Christi,
3641 682 3669 719 a
3709 682 3819 736 quo
3854 683 3950 721 re-

2379 765 2619 810 novatus
2651 764 2760 821 est,
2795 759 3069 811 custodiat
3091 767 3295 823 autem,
3323 773 3485 827 quam
3522 760 3706 812 divino
3731 761 3950 813 tinctus

2376 848 2597 903 lavacro
2621 864 2648 901 a
2682 849 2892 919 Spiritu
2927 859 3122 905 sancto
3156 851 3390 921 gratiam
3418 853 3648 920 accepit,
3679 853 3949 908 conﬁtea-

2379 946 2575 1007 turque
2605 947 2661 993 et
2712 937 2882 1002 dicat,
2925 940 3102 996 virtus
3134 941 3254 1009 ejus
3290 942 3520 1010 (gratiae,
3551 941 3796 1011 inquam)
3819 957 3954 1010 qua:

2379 1029 2433 1083 in
2487 1045 2575 1085 me
2625 1040 2731 1096 est,
2782 1030 2987 1086 Christi
3026 1042 3296 1101 praecepta
3351 1048 3564 1087 mecum
3619 1037 3952 1101 operatur".

2379 1119 2503 1177 Haec
2527 1122 2672 1177 enim
2727 1131 2813 1179 est
2850 1123 3123 1178 custodia.
3161 1121 3316 1177 Sicut
3372 1139 3610 1192 namque
3650 1125 3951 1197 aedilicium

2379 1222 2551 1277 stare,
2586 1223 2681 1278 aut
2707 1215 2938 1270 excitari
2973 1214 3181 1284 absque
3217 1213 3576 1272 fundamento
3607 1213 3835 1282 nequit:
3872 1213 3952 1267 ita

2383 1306 2564 1357 anima
2602 1305 2822 1361 Christo
2852 1307 3108 1372 credens,
3133 1305 3238 1361 nisi
3274 1305 3464 1375 gratiae
3496 1302 3733 1372 Spiritus
3767 1306 3952 1360 sancti

2381 1394 2798 1450 fundamentum
2858 1397 3236 1463 collocaverit,
3273 1397 3444 1451 vitam
3495 1405 3550 1450 et
3615 1411 3795 1450 mores
3834 1397 3958 1450 Deo

2383 1488 2614 1555 placitos
2665 1490 2949 1560 suscipere
3001 1490 3320 1559 neutiquam
3368 1495 3576 1558 potest;
3611 1487 3960 1558 ejusquejc-

2378 1578 2557 1644 junia,
2616 1563 3087 1648 pervigi‘lationes,
3128 1579 3280 1632 humi
3323 1585 3559 1632 stratum
3595 1576 3796 1639 cub:le,
3831 1577 3958 1631 alie

2383 1673 2632 1741 corporis
2657 1672 3065 1737 afllictationes,
3091 1681 3410 1740 paupertas,
3440 1672 3707 1742 lacrymaa,
3756 1685 3960 1740 preca-

2383 1762 2564 1817 tiones
2593 1764 2801 1818 nullius
2833 1763 3097 1817 momenti
3131 1764 3406 1818 censenda
3449 1770 3596 1815 sunt.
3630 1761 3719 1815 Sic
3745 1761 3958 1816 etenim

705 1854 1004 1918 obnoxius,
1056 1868 1118 1906 ex
1158 1867 1223 1906 eo
1262 1852 1428 1905 etiam
1472 1848 1636 1912 satio,
1677 1849 1982 1915 conceptio,
2015 1855 2192 1907 ortus,
2227 1853 2276 1896 et

2385 1855 2676 1908 Christum
2712 1864 3075 1924 negaverunt,
3113 1855 3208 1925 qui
3262 1862 3383 1925 post
3427 1855 3626 1908 multos
3670 1853 3958 1906 cruciatus

709 1944 918 2011 reliqua
952 1943 1213 2009 deinceps
1236 1941 1416 1993 omnia
1447 1946 1672 2007 peccato
1696 1936 1911 1992 subdita
1942 1934 2184 1988 fuerunt.
2215 1931 2278 1987 Et

710 2036 958 2098 omnino,
995 2032 1251 2103 quisquis
1293 2031 1454 2084 homo
1503 2039 1848 2092 numeratur,
1881 2026 2130 2095 quamvis
2167 2039 2275 2078 non

713 2128 976 2194 peccarit,
1008 2124 1370 2177 nihilominus
1407 2127 1661 2190 peccator
1691 2127 1793 2173 est.
1825 2118 2094 2183 Quocirca
2133 2117 2278 2170 venit

713 2217 820 2268 alia
877 2215 1136 2267 nascendi
1199 2211 1479 2272 conditio,
1530 2217 1583 2263 et
1635 2212 1806 2262 altera
1860 2208 2138 2270 formatio,
2171 2222 2276 2275 qua

709 2306 933 2374 quidem
975 2305 1137 2358 homo
1168 2319 1197 2356 e
1237 2312 1592 2356 sacrosancto
1635 2300 1786 2354 fonte
1836 2300 2180 2368 baptismatis
2223 2299 2276 2352 in

715 2395 924 2464 Spiritu
970 2403 1163 2450 sancto
1218 2392 1401 2445 denuo
1450 2403 1763 2461 generatur,
1795 2392 2099 2459 iterumque
2155 2406 2278 2444 cum

708 2487 895 2541 divina
919 2494 1139 2549 natura,
1173 2485 1319 2538 sicut
1340 2491 1480 2546 erat,
1506 2482 1725 2552 quando
1759 2483 1909 2536 illum
1941 2483 2138 2536 divinae
2163 2497 2279 2535 ma-

713 2595 820 2633 nus
865 2577 1212 2646 efﬁngebant,
1261 2575 1423 2629 modo
1467 2574 1708 2644 quodam
1757 2576 2041 2638 miscetur,
2070 2584 2123 2629 et
2157 2587 2278 2629 tan-

709 2684 877 2739 quam
907 2683 936 2720 a
978 2668 1170 2736 primis
1221 2667 1532 2731 elementis,
1565 2666 1685 2736 ejus
1736 2666 1932 2720 animae
1982 2668 2129 2722 vires
2160 2669 2280 2720 uni-

711 2773 884 2812 versa:
917 2757 1308 2821 informantur,
1342 2765 1506 2825 atque
1556 2757 1612 2809 in
1663 2771 1786 2811 eum
1825 2765 2052 2821 statum,
2083 2758 2138 2811 in
2170 2773 2280 2827 quo

712 2857 878 2918 caput
909 2859 963 2902 et
986 2848 1245 2918 princeps
1268 2849 1488 2917 generis
1522 2847 1698 2900 nostri
1731 2854 1858 2902 ante
1884 2849 2282 2918 transgressio-

712 2954 837 2995 nem
872 2937 1222 3001 versabatur,
1273 2944 1553 2991 renovata:
1603 2937 2002 3004 restituuntur;
2057 2947 2115 2993 et
2177 2941 2280 2994 i510

719 3033 882 3087 modo
907 3031 980 3086 ad
1012 3045 1242 3098 regnum
1275 3030 1372 3083 Dei
1403 3028 1698 3083 instruitur
1731 3042 1794 3082 ac
1826 3038 2186 3098 praeparatur,
2226 3033 2278 3084 in

2389 1955 2726 2016 negaverunt
2769 1965 2781 2002 :
2822 1948 2929 2014 Qui
2969 1949 3024 2000 in
3055 1964 3133 2002 me
3193 1948 3464 2015 confessus
3496 1946 3717 2014 fuerit‘,
3748 1943 3960 2013 inquit.

2388 2043 2445 2094 ln
2477 2042 2597 2110 ipso
2627 2040 2977 2105 conﬁtemur,
3024 2040 3077 2092 in
3111 2042 3232 2108 ipso
3272 2039 3586 2102 adoramus,
3617 2038 3669 2090 in
3707 2038 3820 2105 ipso
3847 2034 3961 2090 sal-

2390 2148 2601 2186 vamur.
2648 2133 2885 2200 Spiritus
2935 2139 3162 2186 sanctus
3201 2131 3474 2200 siquidem
3512 2132 3754 2182 animam
3787 2144 3959 2183 reno-

2388 2229 2500 2284 vat,
2539 2222 3000 2290 quemadmodum
3039 2223 3132 2275 illa
3163 2236 3388 2289 corpus.

2459 2313 2707 2383 Magnum
2739 2314 3056 2382 mysterium
3079 2352 3094 2375 ,
3141 2312 3284 2381 quod
3318 2322 3461 2365 totus
3503 2322 3768 2366 terrarum
3804 2312 3962 2366 orbis

2383 2404 2506 2472 jure
2531 2415 2837 2458 veneretur.
2873 2402 2930 2455 In
2959 2403 3145 2456 eodem
3185 2402 3512 2456 sacriﬁcium
3555 2401 3731 2455 laudis
3766 2401 3911 2456 inest
3945 2437 3961 2462 ,

2389 2499 2646 2550 nimirum
2675 2510 2768 2550 cor
2800 2510 3017 2563 purum,
3042 2495 3185 2565 quod
3217 2504 3299 2548 est
3328 2509 3424 2547 cor
3450 2494 3742 2548 contritum
3767 2501 3821 2548 et
3851 2494 3962 2548 hu-

2389 2589 2657 2640 miliatum
2691 2587 2733 2639 ⁷.
2767 2585 2931 2641 Novit
2965 2587 3108 2640 enim
3152 2601 3211 2639 se
3243 2585 3520 2654 preprium
3563 2585 3697 2638 nihil
3749 2585 3962 2640 habere

2387 2687 2441 2732 et
2472 2677 2746 2746 quomodo
2770 2677 3096 2739 elevabitur?
3125 2676 3218 2731 Est
3250 2691 3412 2744 porro
3444 2681 3620 2745 ipsum
3646 2675 3747 2731 sibi
3773 2675 3962 2730 humi-

2390 2767 2555 2820 litatis
2581 2775 2958 2836 argumentum
2988 2775 3042 2821 et
3072 2766 3316 2820 materia.
3341 2765 3496 2831 Quod
3521 2768 3566 2820 si
3593 2766 3817 2830 veritas,
3844 2781 3959 2819 non

2388 2857 2613 2910 ambitio
2652 2856 2984 2910 sacrificium
3029 2857 3208 2911 laudis
3244 2866 3329 2912 est
3376 2856 3507 2921 Deo,
3539 2865 3592 2912 et
3619 2857 3761 2926 apud
3797 2858 3957 2911 illum

2390 2963 2496 3002 non
2527 2954 2781 3017 peccator
2806 2947 2951 3016 (quis
2973 2948 3116 3001 enim
3149 2957 3298 3002 caret
3324 2948 3615 3018 peccato?)
3649 2948 3744 3004 sed
3771 2951 3960 3003 omnis

2387 3039 2529 3094 elato
2553 3038 2719 3092 corde
2751 3037 3064 3092 immundus
3087 3039 3339 3103 habetur,
3367 3038 3592 3092 humilis
3610 3039 3771 3092 corde
3789 3039 3960 3109 justi-

712 3124 882 3194 quod,
919 3122 1012 3194 qui
1047 3122 1275 3178 salutari
1300 3136 1440 3190 aqua
1466 3127 1732 3190 purgatus
1783 3120 2024 3174 nondum
2047 3132 2150 3185 est,
2182 3137 2278 3175 nec
2319 3166 2358 3218 Β
2387 3127 2604 3192 ticatus,
2633 3127 2815 3192 justus
2847 3142 3072 3181 munere
3107 3141 3207 3181 suo
3239 3125 3475 3190 functus,
3509 3142 3626 3192 seu,
3653 3133 3714 3180 ut
3739 3126 3959 3188 debuit,

712 3216 945 3286 ingredi,
981 3229 1080 3270 nec
1105 3214 1280 3284 ipsum
1305 3211 1603 3286 speculari,
1632 3224 1733 3264 nec
1754 3211 2056 3281 intelligere
2077 3220 2280 3281 potest.

715 3309 786 3366 Ut
818 3311 893 3365 ita
924 3309 1159 3379 quilibet
1195 3307 1510 3376 baptizatus
1535 3307 1639 3375 (ι),
1668 3305 1794 3359 talis
1821 3304 1955 3372 jam,
1985 3303 2167 3373 qualis
2195 3304 2283 3356 ille

783 3453 807 3485 ⁵
833 3451 935 3507 Job
975 3468 1086 3516 xiv,
1130 3451 1184 3515 4,
1224 3450 1256 3504 5
1283 3463 1393 3504 sec.
1424 3447 1584 3500 LXX.
1663 3445 1681 3476 ⁸
1724 3443 1938 3498 Coloss.
1972 3460 2008 3509 ι,
2034 3445 2120 3500 29.

785 3614 863 3683 (l)
894 3612 1062 3667 Caute
1091 3610 1350 3683 legendus
1383 3618 1464 3683 est
1499 3607 1742 3683 Simeon,
1765 3608 2075 3683 quandoet
2116 3609 2205 3661 hic
2229 3620 2280 3683 et

714 3677 854 3738 alibi
879 3684 1079 3749 srpius
1113 3677 1429 3748 baptismati
1453 3678 1634 3749 nimis
1668 3679 1900 3749 multum
1929 3677 2167 3730 tribucre
2191 3678 2280 3749 ivi-

714 3755 896 3815 detur,
933 3746 1148 3818 nempe.
1183 3746 1326 3818 quod
1376 3746 1562 3799 reddat
1605 3747 1854 3818 homines
1876 3748 2276 3818 impeccabiles.

713 3822 858 3876 Idem
885 3814 1082 3874 asserit
1112 3820 1176 3872 de
1206 3814 1545 3885 professione
1578 3817 1702 3885 vitae
1733 3814 2003 3884 religiosae
2035 3832 2129 3868 seu
2165 3831 2281 3868 mo-

716 3891 957 3943 nasticae.
1014 3883 1435 3940 VcrbaVGraei-a
1491 3883 1810 3949 perioches,
1847 3883 1984 3952 qua:
2042 3886 2276 3938 orationi

715 3968 1124 4026 prarpounntnr,
1161 3966 1286 4008 sunt
1315 3956 1417 4007 ista
1457 3969 1469 4002 :
1500 3955 1571 4026 (re
1606 3954 1759 4026 ἅγιον
1793 3953 2133 4026 βάπτισμαῇ
2160 3955 2282 4004 ἀκι-

715 4022 906 4096 iam;
939 4027 970 4095 ἢ
1000 4025 1378 4096 δυσμκινὴξεους,
1428 4024 1564 4096 τερ-ὸς
1613 4025 1670 4072 τὸ
1736 4023 1904 4096 κακὸν
1930 4022 2275 4096 Δδιιιιτέθῃειιν,

713 4090 903 4166 ὥὰπερ
935 4090 1028 4147 κάὶ
1062 4094 1121 4145 τὸ
1161 4090 1410 4161 δὲύτερον
1455 4093 1739 4166 βέιπτισμα
1772 4092 1839 4166 ,τὸ
1866 4090 1953 4166 διὰ
1993 4091 2089 4140 τοῦ
2133 4091 2276 4166 Οελίου

714 4169 808 4220 καὶ
828 4160 1122 4231 ὰῨγελικοῦ
1156 4160 1462 4230 σχήματοςς
1482 4160 1736 4213 Sanctum
1767 4161 2027 4231 baptisma
2064 4171 2154 4231 aut
2184 4161 2280 4212 im-

715 4229 952 4294 mobiles,
989 4242 1078 4284 aut
1121 4231 1398 4298 difﬁculter
1428 4230 1640 4283 mobiles
1675 4231 1741 4281 ad
1772 4229 1969 4280 malum
1998 4229 2190 4286 reddit,
2223 4242 2276 4282 ut

707 4316 761 4356 et
824 4302 1050 4356 alterum
1098 4301 1379 4368 baptisma,
1409 4301 1545 4368 quod
1579 4300 1814 4352 consistit
1853 4299 2278 4368 inisttsceptione

708 4374 878 4424 divini
922 4381 970 4423 et
1001 4367 1224 4437 angelici
1265 4367 1502 4431 habitus,
1546 4369 1648 4419 hoc
1684 4376 1789 4437 est,
1833 4368 1886 4418 in
1927 4367 2176 4435 ingressu
2221 4371 2270 4430 in

714 4442 1031 4508 religiosum
1075 4435 1168 4491 seu
1203 4438 1565 4508 monasticum
1612 4435 1897 4508 ordinem;
1940 4437 2080 4508 hunc
2127 4438 2271 4489 enim

712 4504 943 4562 alterum
992 4509 1261 4573 baptisma
1315 4507 1579 4557 nominat.
1625 4504 1690 4563 ,ln
1741 4507 1854 4573 ipsa
1903 4507 2151 4558 oratione
2193 4508 2273 4559 sic

714 4590 911 4645 praeter
948 4587 1139 4630 caetera
1187 4575 1427 4645 loquitur
1469 4575 1688 4628 Sitneou
1725 4593 1738 4626 :
1775 4574 1848 4645 Τὸ
1873 4577 1978 4642 γὰρ
2019 4575 2159 4624 Θεῐον
2191 4574 2276 4642 βάς

715 4643 928 4713 ῖπτισμα
976 4645 1067 4696 τοῦ
1108 4643 1344 4713 Χριστοῦ
1377 4645 1504 4704 τοὺς
1547 4647 1676 4711 πρὶν
1727 4643 2131 4713 ἀδαπιὶστοιις,
2182 4649 2276 4696 καὶ

714 4711 863 4783 πρὸξ
893 4717 953 4765 τὸ
988 4715 1157 4766 κακὸν
1204 4712 1544 4783 εὐκινήτως,
1577 4713 1840 4780 κραταιὰν
1876 4712 1988 4780 ἔχει
2023 4711 2272 4780 δύναμιν,

716 4781 1145 4844 κὰτασκευὰζειν
1199 4781 1614 4848 βαπτισθέντας,
1679 4783 1973 4848 ἀκινήτους
2029 4783 2163 4847 πρὸς
2217 4786 2276 4833 τό

714 4856 906 4915 κακὸν,
929 4854 976 4903 sl
1019 4852 1062 4902 δ’
1092 4850 1175 4915 οὓ,
1202 4850 1336 4902 ἀλλὰ
1359 4851 1494 4912 τέως
1520 4852 1652 4918 πρὸς
1673 4851 1732 4901 τὸ
1763 4850 1935 4919 παρὸν
1961 4851 2272 4918 ἀκινήτους.

717 4925 847 4985 Qua:
881 4920 1061 4975 omnia
1098 4921 1231 4972 dura
1273 4920 1517 4987 profecto
1556 4927 1685 4971 sunt
1714 4931 1765 4973 et
1802 4920 2276 4974 animadversione

717 4993 909 5057 digna,
951 4999 1003 5041 et
1047 4986 1289 5042 errorem
1341 4986 1620 5041 Joviniani
1676 4989 2000 5052 redolentia,
2053 4988 2165 5057 qui,
2220 5000 2277 5040 ut

718 5055 908 5112 scribit
966 5067 1184 5111 sanctus
1218 5057 1596 5125 Hieronymus,
1631 5057 1724 5110 lib.
1762 5073 1798 5109 ιι
1833 5066 2015 5109 contra
2045 5055 2274 5109 Iovinia-

719 5144 865 5190 num,
904 5136 958 5180 et
1001 5142 1223 5180 saueius
1273 5129 1631 5196 Augustinus,
1680 5129 1770 5180 lib.
1820 5127 1895 5179 De
1948 5125 2272 5186 Han-esibus.

716 5212 840 5264 cap.
888 5196 976 5257 82,
1020 5196 1204 5250 docuit
1254 5198 1560 5262 hominem,
1608 5211 1740 5250 vere
1787 5197 2117 5263 baptizatum
2169 5213 2271 5248 non

719 5280 884 5332 posse
905 5265 1136 5332 amplius
1161 5279 1407 5332 peccare,
1433 5277 1484 5318 et
1508 5270 1548 5319 si
1577 5266 1712 5320 forte
1737 5275 1948 5334 peccat,
1976 5279 2079 5317 non
2109 5264 2275 5319 fuisse

717 5338 943 5389 tinctum
979 5336 1079 5386 nisi
1120 5350 1280 5399 aqua.
1314 5335 1394 5386 Ad
1426 5351 1584 5402 quem
1622 5350 1862 5388 errorem
1912 5334 2274 5402 loquendique

719 5407 937 5458 modum
968 5404 1160 5456 alludit
1192 5403 1408 5457 Sitneou
1437 5445 1451 5469 ,
1483 5421 1604 5456 eum
1641 5406 1715 5456 ait
1748 5405 1854 5456 illis
1898 5408 1988 5470 qui
2031 5417 2155 5471 post
2183 5406 2274 5456 ha-

721 5477 915 5542 ptisma
948 5472 1131 5526 faciles
1161 5488 1254 5526 seu
1282 5471 1544 5542 flexibiles
1568 5485 1698 5526 sunt
1721 5472 1786 5525 ad
1824 5479 2048 5537 malmn,
2076 5488 2269 5540 aquam

719 5540 1057 5612 superfusam
1101 5557 1222 5596 esse
1271 5541 1402 5592 ὡσεὶ
1446 5546 1681 5612 νεκροῖς,
1720 5553 1983 5609 tanquam
2028 5546 2269 5594 mortuis.

717 5611 872 5676 Quod
907 5610 1092 5662 itidem
1134 5612 1403 5680 dealtero
1449 5610 1739 5680 baptismo,
1781 5627 1875 5664 seu
1909 5615 1974 5665 de
2020 5613 2268 5680 iugresm

721 5683 772 5732 in
817 5680 1130 5747 religionem
1168 5679 1414 5733 aliirmat.
1454 5679 1613 5734 Forte
1659 5684 1784 5744 erit,
1823 5683 1913 5748 qui
1961 5679 2269 5734 Simeonem

718 5758 957 5803 excuset.
1008 5749 1059 5802 ld
1093 5763 1217 5803 vero
1263 5752 1417 5805 nobis
1463 5768 1566 5804 non
1607 5753 1764 5805 modo
1802 5767 1908 5804 ιιυιι
1946 5751 2267 5816 ιιιοιιᾜιιιιιι,

2199 3449 2218 3477 ⁸
2251 3449 2383 3500 Luc.
2418 3464 2513 3513 xu,
2549 3449 2601 3503 8.

2391 3228 2747 3272 conversatus
2773 3228 2876 3273 est.
2903 3216 3231 3272 Justificatio
3261 3219 3437 3272 Sancti
3479 3216 3956 3286 Spiritusdonum

2391 3317 2496 3361 est.
2530 3307 2630 3371 Qui
2672 3323 2700 3361 a
2736 3307 2938 3378 Spiritu
2970 3312 3159 3364 sancto
3190 3309 3545 3379 gubernatur,
3575 3308 3915 3378 gloriﬁcatus
3943 3324 3957 3372 ;

2679 3449 2698 3480 ⁷
2740 3448 2886 3502 Psal.
2919 3465 2972 3515 ι,
3001 3449 3088 3503 19.

2384 3609 2478 3679 sed
2512 3619 2564 3662 et
2601 3626 2860 3679 perquam
2886 3611 3189 3677 jucundum
3231 3611 3367 3674 erit;
3403 3611 3606 3664 utinam
3646 3623 3749 3679 non
3789 3617 3956 3664 modo

2386 3678 2614 3733 Simeon
2654 3690 2862 3743 uoster,
2897 3682 2992 3735 sed
3021 3689 3072 3735 et
3101 3681 3281 3748 quivis
3319 3681 3459 3732 alius
3486 3680 3554 3733 ab
3585 3678 3731 3731 omni
3762 3694 3955 3742 errore

2385 3754 2457 3802 sit
2499 3750 2776 3802 immunis.
2807 3750 3028 3803 Interim
3055 3751 3303 3802 veritatis
3332 3750 3410 3801 ha:
3433 3756 3561 3800 sunt
3584 3761 3740 3801 voces
3768 3762 3780 3797 :
3813 3751 3955 3804 Veto

2384 3827 2437 3870 et
2485 3817 2728 3886 legitime
2777 3819 3109 3886 baptizatum
3152 3819 3331 3872 denuo
3388 3831 3611 3884 peccare
3669 3831 3846 3884 posse,
3906 3822 3952 3872 si

2387 3887 2534 3940 velit.
2569 3886 2648 3955 Ad
2702 3887 3034 3955 baptizatum
3093 3889 3236 3940 enim
3293 3888 3467 3940 tendit
3499 3887 3588 3939 illa
3637 3887 3953 3940 cohortatio

2385 3955 2560 4010 sancti
2588 3954 2742 4009 Pauli
2779 3954 2942 4010 Rom.
2974 3972 3037 4020 ll,
3071 3956 3141 4008 20
3175 3975 3189 4012 :
3239 3957 3313 4008 Tu
3339 3957 3441 4023 ﬁde
3469 3965 3602 4018 stas,
3644 3955 3749 4006 noli
3781 3960 3951 4008 altum

2383 4040 2588 4092 sapere,
2616 4024 2705 4076 sed
2741 4026 2884 4079 time.
2937 4027 3002 4078 Et
3047 4027 3112 4079 ad
3167 4028 3330 4078 Hebr.
3367 4042 3413 4076 vi
3443 4066 3456 4088 ,
3491 4027 3523 4076 4
3559 4041 3571 4076 :
3613 4023 3952 4090 [inpossibile

2380 4097 2518 4146 enim
2551 4102 2629 4146 est
2667 4111 2751 4148 eos
2779 4097 2869 4162 qui
2897 4095 3052 4148 semel
3101 4104 3220 4148 sunt
3252 4095 3564 4155 illuminati,
3608 4105 3948 4162 gustat-erunt

2378 4166 2539 4216 etiam
2578 4163 2772 4216 donum
2793 4160 3038 4228 cce/este,
3066 4175 3114 4217 et
3154 4166 3434 4234 participes
3467 4160 3744 4234 faeti‘sunt
3770 4160 3951 4230 Spiri—

2383 4244 2465 4286 tus
2505 4237 2697 4294 sancti,
2726 4243 3066 4302 gustaverunt
3107 4231 3448 4287 nihilominus
3486 4232 3678 4284 bonum
3712 4231 3802 4302 Dei
3833 4249 3948 4286 uer-

2381 4303 2524 4363 bum,
2557 4300 2876 4370 virtutesque
2921 4304 3102 4358 steculi
3146 4305 3368 4363 venturi,
3415 4312 3462 4352 et
3499 4300 3733 4367 prolapsi
3778 4313 3904 4354 sunt
3933 4342 3948 4361 ,

2380 4387 2564 4423 rursus
2593 4374 2832 4423 renovari
2868 4373 2934 4424 ad
2963 4373 3340 4440 paenitentiam,
3377 4378 3482 4423 etc.
3523 4370 3621 4424 Ubi
3656 4370 3946 4425 manifeste

2310 4479 2349 4530 υ
2379 4440 2896 4530 indicjatapostolqs
2938 4457 3060 4494 eum
3091 4441 3188 4530 qui
3213 4456 3337 4494 vere
3379 4441 3682 4518 baptizatus
3729 4441 3946 4530 grati}:-

2379 4523 2486 4578 que
2515 4509 2712 4578 divina:
2752 4512 3024 4578 particeps
3056 4511 3283 4564 effectus
3313 4520 3432 4569 est,
3463 4510 3536 4578 in
3582 4518 3802 4578 peccata
3845 4510 3943 4562 de-

2378 4577 2489 4632 nuo
2515 4577 2623 4632 labi
2660 4593 2837 4646 posse,
2866 4577 3029 4647 atqbe
3057 4581 3190 4633 adeo
3221 4593 3313 4645 per
3330 4577 3658 4647 baptismum
3682 4577 3944 4647 inipccca-

2380 4649 2533 4699 bilem
2566 4645 2674 4717 non
2721 4648 2880 4709 efﬁci,
2933 4645 3078 4717 quod
3114 4650 3300 4717 multo
3345 4647 3518 4717 magis
3564 4645 3945 4717 ad_rcligiosze

2379 4717 2500 4769 vita:
2535 4715 2929 4783 professionem
2949 4713 3364 4771 accommodari
3397 4713 3576 4768 debet.
3620 4713 3853 4778 Quacum
3890 4725 3945 4769 et

2379 4786 2684 4854 baptismus
2712 4801 2811 4840 nec
2839 4787 3149 4853 ἀκινήτους,
3182 4799 3279 4837 nec
3316 4785 3674 4854 δυσκινήτους
3709 4784 3795 4854 ad,
3817 4800 3944 4852 pec-

2379 4853 2613 4908 candum
2649 4855 2841 4918 reddit,
2880 4865 2932 4907 et
2977 4856 3022 4906 si
3053 4853 3940 4923 baptizatus76ucxlvrjro;aliquo

2379 4939 2544 4976 sensu
2583 4924 2687 4976 dici
2720 4932 2918 4992 potest,
2955 4923 3082 4990 quia
3120 4926 3350 4989 gratiam
3379 4922 3467 4975 Dei
3491 4936 3584 4988 per
3603 4922 3936 4991 baptismum

2374 4993 2485 5059 jam
2520 4991 2872 5057 consecutus,
2908 4993 3077 5045 multo
3117 4993 3280 5044 habet
3341 4993 3549 5056 majora
3579 4998 3632 5044 et
3674 4991 3939 5045 validiora

2380 5063 2631 5130 praesidia
2663 5063 2916 5114 vitiorum
2942 5061 3229 5116 illecebras
3253 5059 3595 5128 repudiandi,
3622 5075 3784 5130 quam
3815 5076 3941 5115 ante

2381 5129 2636 5199 baptismi
2683 5131 3061 5193 initiationem,
3097 5131 3392 5182 dummodo
3429 5129 3813 5199 illisrlegitime
3859 5133 3937 5183 uti

2379 5198 2504 5252 velit
2548 5217 2560 5252 :
2601 5215 2724 5252 nam
2759 5202 2803 5251 si
2845 5201 2919 5252 uti
2949 5200 3108 5264 nolit,
3139 5206 3190 5252 et
3219 5213 3314 5266 per
3363 5198 3578 5251 arbitrii
3625 5199 3930 5252 libertatem

2379 5284 2571 5323 rursus
2602 5272 2666 5320 ad
2692 5271 2895 5335 peccati
2923 5271 3110 5323 sordes
3136 5269 3399 5329 declinet,
3424 5282 3576 5335 aeque
3608 5267 3658 5320 id
3680 5277 3858 5334 potest
3880 5283 3939 5321 ac

2377 5350 2535 5391 auten
2555 5356 2569 5390 τ
2589 5339 2949 5408 Comingitque
2963 5338 3030 5400 ei,
3052 5349 3108 5391 ut
3127 5346 3344 5408 sanctus
3371 5338 3560 5391 Petrus
3587 5339 3662 5389 ait
3686 5338 3752 5408 (ll
3785 5338 3932 5390 Pctr.

2379 5409 2568 5477 It,‘22).
2591 5409 2723 5460 illud
2757 5405 2871 5460 ueri
2895 5409 3185 5469 prouerbii:
3219 5405 3377 5477 Canis
3406 5423 3635 5477 reuersus
3675 5406 3741 5457 ad
3784 5421 3936 5458 Situm

2376 5475 2647 5538 vomit—um,
2666 5488 2712 5530 et
2743 5495 2829 5529 sus
2864 5478 2967 5529 lota
2988 5478 3039 5528 in
3059 5477 3325 5529 volutabra
3347 5476 3464 5528 luti.
3481 5475 3672 5528 Lector
3691 5484 3938 5528 t'oitstllat

2375 5549 2709 5601 cardinalein
2759 5547 3154 5599 Bellarminum
3199 5546 3336 5599 libro
3377 5544 3449 5597 De
3483 5545 3759 5611 baptismo,
3815 5567 3932 5610 cap.

2378 5618 2463 5680 14,
2494 5618 2580 5670 ubi
2610 5616 2832 5682 copiOse
2860 5619 3124 5668 adversus
3152 5616 3438 5668 haereticos
3466 5616 3727 5673 ostendit,
3762 5617 3934 5667 Ιι’)ιι.ι-

2377 5701 2470 5740 ncs
2503 5701 2596 5754 per
2634 5689 2961 5755 baptismum
2992 5700 3102 5739 non
3138 5686 3249 5737 fieri
3287 5686 3695 5753 impure-alubis.
