4128 6338
152 362 247 422 325

1570 350 1849 411 ORATIO
1878 348 1927 406 Ι.

3250 340 3352 401 3ἳό

151 475 233 546 qui
265 471 624 539 gloriﬁcatus,
669 467 1037 525 sanctiﬁcatus
1078 473 1199 530 est;
1245 465 1361 519 siue
1392 462 1700 517 sanetiﬁea-
1730 462 1781 519 Α
1806 457 2108 517 minabitur,
2143 467 2257 504 «non
2289 453 2424 504 enim
2456 451 2580 504 estis
2619 449 2711 503 sub
2746 450 2876 519 lege,
2926 451 3014 505 sed
3041 450 3135 504 sub
3176 456 3351 521 gratia

151 566 284 619 tione
319 562 485 614 Deum
537 575 700 614 nemo
734 559 959 614 videbit.
992 558 1232 612 Tollatur
1263 556 1483 628 impius,
1530 569 1590 606 ne
1622 553 1703 605 vi-

152 656 263 709 deat
296 652 527 722 gloriam
556 652 772 706 Domini
803 649 845 706 ⁸.
882 650 1016 717 Quis
1043 661 1127 705 est
1155 648 1393 713 impius?
1424 644 1704 715 Superbus

151 747 352 814 utique,
377 752 433 799 et
464 752 674 797 tantum
713 742 913 813 impius
941 750 1202 810 quantum
1231 736 1524 807 superbus.
1564 733 1703 799 Quis

154 835 366 891 humilis
395 834 597 890 corde?
629 849 737 889 non
768 834 1030 903 prudens,
1069 847 1175 885 non
1207 829 1447 899 sapiens,
1480 841 1584 881 non
1620 826 1705 878 in-

150 927 413 997 telligens,
443 941 550 980 non
571 924 896 994 versipellis,
916 938 1023 977 non
1048 936 1077 975 a
1104 921 1396 989 semetipso
1424 917 1613 972 doctus
1646 929 1706 967 ac

150 1019 354 1081 sciens;
395 1017 486 1071 sed
522 1031 645 1069 cum
686 1014 891 1085 Spiritu
939 1020 1129 1068 sancto
1171 1009 1607 1068 communicans,
1653 1006 1703 1057 in

150 1124 252 1178 quo
281 1108 577 1178 prudentia
612 1121 667 1162 et
696 1106 989 1176 sapientia,
1017 1114 1071 1159 et
1102 1100 1458 1171 intelligentia
1478 1141 1490 1163 ,
1524 1096 1705 1151 erudi-

151 1201 219 1254 tio
258 1214 322 1253 ac
351 1200 584 1254 scientia
617 1198 671 1252 in
718 1199 844 1265 ipso
874 1203 1134 1265 purgatae,
1166 1208 1229 1247 ac
1263 1192 1489 1245 viventis
1510 1227 1525 1251 ,
1570 1191 1706 1242 Dco-

151 1306 246 1360 que
275 1291 544 1360 placentis
576 1290 791 1343 animae.
820 1290 899 1343 0b
928 1289 979 1342 id
1009 1288 1154 1343 enim
1192 1283 1421 1339 Verbum
1452 1297 1515 1337 ac
1538 1279 1706 1334 Filius

150 1381 234 1435 Dei
266 1380 545 1434 hominem
598 1379 793 1444 induit,
846 1393 909 1432 ac
960 1386 1187 1430 mortem
1239 1372 1482 1441 pertulit,
1539 1381 1706 1436 seque

153 1473 323 1539 ipsum
358 1486 459 1539 pro
500 1479 614 1524 toto
657 1485 854 1541 genere
884 1470 1124 1522 humano
1157 1461 1442 1519 liberanda
1472 1461 1705 1531 pretium

152 1562 317 1617 dedit.
355 1560 559 1614 Verum
589 1564 868 1614 enimvero
892 1572 989 1628 pro
1028 1557 1152 1624 piis,
1183 1554 1279 1624 qui
1326 1562 1479 1606 antea
1506 1550 1709 1607 obdor-

150 1654 436 1716 miverant,
470 1665 721 1720 magnum
760 1660 813 1703 et
851 1656 1162 1717 augustum,
1200 1661 1263 1698 ac
1296 1652 1584 1715 propterea
1617 1656 1706 1695 re-

151 1744 313 1810 pulsa:
341 1742 594 1795 nescium
629 1739 951 1795 sacriﬁcium
985 1738 1164 1791 factus
1188 1745 1291 1799 est,
1331 1734 1548 1804 quando
1586 1739 1708 1801 post

151 1832 339 1885 Adami
398 1833 607 1901 lapsum
654 1832 926 1899 justorum
972 1828 1155 1882 nullus
1198 1826 1425 1895 adipisci
1473 1824 1703 1879 salutem

150 1924 340 1993 potuit,
378 1922 633 1979 omnibus
676 1928 899 1989 peccato
932 1920 1090 1987 primi
1135 1918 1395 1987 parentis,
1435 1915 1705 1981 mortique

151 2028 209 2067 ac
244 2014 535 2083 perditioni
567 2002 867 2080 subjectis:
897 2009 1042 2079 quod
1075 2022 1233 2062 nemo
1256 2012 1515 2067 exstaret,
1546 2016 1703 2071 quem

151 2104 393 2158 ﬂammea
414 2102 505 2156 illa
533 2102 803 2170 romphaea
824 2099 1059 2169 paradisi
1084 2106 1289 2160 custos,
1313 2103 1437 2164 post
1466 2093 1702 2163 ejectum

153 2192 271 2246 inde
300 2191 699 2260 protoplastum
732 2188 887 2243 facile
920 2186 1249 2248 admitteret,
1280 2197 1390 2253 quo
1427 2182 1479 2234 in
1514 2180 1703 2247 impol-

153 2284 283 2347 luta,
318 2288 371 2334 et
404 2280 473 2335 ab
502 2280 649 2333 omni
674 2278 871 2332 delicto
901 2276 1125 2337 munda,
1152 2286 1203 2329 et
1234 2285 1419 2329 sancta
1452 2272 1707 2324 taberna-

156 2372 269 2426 cuia
299 2371 514 2425 intrare
544 2378 599 2423 et
628 2370 684 2423 in
724 2368 944 2421 Sanctis
970 2374 1281 2421 sanctorum
1310 2364 1464 2417 atriis
1494 2375 1707 2428 perma-

155 2476 277 2516 nere
299 2468 487 2530 posset
514 2458 816 2528 (quoniam,
854 2467 912 2509 ut
941 2459 1101 2509 etiam
1128 2454 1422 2523 Apostolus
1453 2452 1546 2513 ait,
1588 2467 1709 2503 cor-

158 2550 327 2619 ruptio
353 2549 795 2612 incorruptionem
827 2562 927 2599 non
956 2544 1282 2600 ha’reditabit
1318 2540 1359 2609 ’)
1396 2541 1712 2609 oportebat-

158 2656 256 2709 que
286 2638 697 2707 incorruptibile
731 2637 823 2689 Dei
856 2634 1091 2690 Verbum
1128 2636 1180 2686 in
1229 2646 1391 2685 carne
1433 2646 1530 2684 sua
1566 2644 1712 2683 mor-

158 2732 246 2785 tali
280 2731 467 2786 oblato
504 2729 771 2785 sacriﬁcio
793 2729 974 2798 justos
999 2742 1026 2779 a
1055 2725 1410 2792 corruptione
1444 2724 1706 2776 eximere.

159 2820 306 2873 Haud
349 2821 495 2872 enim
538 2818 592 2871 in
642 2817 857 2871 illorum
898 2822 1162 2883 potestate
1212 2818 1367 2875 erat,
1405 2810 1469 2861 ad
1524 2812 1709 2862 incor-

158 2909 466 2979 ruptionem
500 2908 647 2961 illam
678 2905 994 2970 instaurari,
1028 2905 1079 2955 in
1114 2916 1221 2972 qua
1257 2901 1511 2970 princeps
1541 2900 1709 2953 homo

158 3000 361 3056 efﬁctus
388 2998 593 3062 fuerat,
619 3007 673 3052 et
694 3012 759 3052 ex
787 3011 892 3065 qua
921 2994 1195 3050 exciderat
1219 3007 1235 3047 :
1255 2993 1348 3047 sed
1374 2991 1437 3044 ad
1465 3004 1712 3059 magnam

1808 546 2004 601 Christi
2041 546 2103 599 “.
2135 542 2251 596 Nisi
2304 541 2447 597 enim
2496 541 2812 607 reiecissent
2850 544 3076 610 gratiam
3122 544 3352 605 Christi.

1807 650 1968 706 quam
2002 640 2391 704 cognoverant,
2430 647 2535 685 non
2569 646 2661 685 cos
2683 632 2771 683 illa
2808 647 3036 700 peccare
3066 630 3373 699 permisis?

1808 735 1911 783 set.
1953 728 2015 779 Et
2051 726 2158 794 ipsi
2190 732 2359 783 semet
2390 738 2513 776 reos
2549 722 2788 777 fecerunt
2814 724 3093 791 sanguinis
3121 722 3346 784 Christi,

1806 823 1895 891 qui
1952 818 2245 873 smundat-it
2292 818 2666 871 conscientiam
2727 815 2933 871 illorum
2984 817 3046 869 ab
3116 816 3353 882 operibus

1808 913 2052 974 mortuis,
2090 908 2156 961 ad
2184 909 2505 967 seruiendum
2532 906 2640 959 Deo
2672 907 2781 959 vivo
2806 914 2853 958 et
2882 922 3000 958 vero
3028 907 3070 937 ¹¹
3101 924 3114 960 :
3141 908 3347 960 denuo-

1808 1020 1913 1075 que
1960 1018 2057 1071 per
2097 1000 2310 1053 labores
2354 1013 2568 1066 nempe,
2599 997 2849 1058 sudores,
2884 996 3133 1066 gemitus,
3178 996 3355 1064 lacry-

1809 1110 1924 1150 mas
1952 1090 2235 1149 emundari
2272 1088 2491 1148 debent,
2526 1098 2583 1140 ut
2613 1089 2797 1144 dicant
2825 1086 2933 1141 Deo
2958 1084 3109 1138 :i’ide
3142 1086 3355 1145 humili-

1810 1194 1967 1239 tatem
2022 1193 2070 1237 et
2111 1180 2339 1235 laborem
2380 1195 2549 1232 meum
2572 1221 2588 1244 ,
2624 1188 2669 1230 et
2696 1178 2901 1232 dimitte
2935 1179 3109 1233 omnia
3148 1188 3358 1246 peccata

1810 1292 1921 1329 mea
1952 1276 2016 1328 ".
2064 1272 2335 1326 Remissio
2386 1277 2562 1322 autem
2608 1266 2843 1337 perfecta
2899 1282 3120 1321 rursum
3175 1266 3359 1336 gratias

1810 1363 2150 1434 participatio
2201 1372 2316 1425 est,
2365 1375 2471 1413 non
2502 1358 2647 1427 quod
2692 1358 2835 1412 Deus
2881 1356 3360 1425 defatigationibns

1809 1469 1873 1507 ac
1905 1452 2184 1506 laboribus
2217 1450 2532 1519 paenitentis
2565 1449 2803 1518 indigeat
2831 1464 2847 1502 :
2881 1447 3065 1501 sedne
3094 1448 3362 1516 paenitens

1816 1547 2009 1602 divinae
2045 1544 2230 1614 gratiae
2279 1542 2411 1594 citra
2460 1540 2699 1592 laborem
2750 1538 3160 1597 reconciliatus.
3199 1524 3359 1598 cani,

1816 1639 1893 1693 uti
1947 1637 2123 1707 prius,
2172 1640 2511 1696 contemnat,
2546 1631 2815 1699 tertiaque
2863 1630 3186 1699 purgatione
3224 1607 3363 1697 opus

1811 1732 2037 1793 habens,
2061 1729 2402 1797 reprohctur,
2430 1733 2481 1778 et
2516 1724 2567 1776 in
2600 1724 2777 1792 ignem
2811 1722 3198 1790 sempiternum
3236 1734 3364 1786 pur-

1814 1806 2025 1890 gandus
2052 1818 2399 1884 conjiciatur,
2436 1813 2528 1881 qui
2562 1826 2684 1865 cum
2718 1823 2932 1879 semper
2963 1819 3103 1875 urat,
3139 1821 3367 1877 purgare

1813 1928 1919 1966 non
1954 1917 2127 1979 potest
2157 1922 2318 1976 quem
2351 1908 2478 1957 urit.

1880 2018 1997 2073 Jam
2026 2032 2154 2072 vero
2184 2030 2378 2070 arcana
2404 2013 2726 2069 Christianae
2763 2012 3039 2082 religionis
3075 2010 3368 2079 ignoranti-

1812 2110 1913 2165 bus
1955 2108 2106 2177 (sunt
2143 2105 2310 2169 enim,
2368 2107 2516 2165 sunt,
2570 2101 2812 2169 inquam,
2870 2097 3048 2167 plures
3101 2096 3369 2163 baptismo

1813 2196 1989 2253 aﬁ'ecti
2027 2194 2271 2264 quidem,
2311 2200 2364 2246 et
2395 2196 2678 2259 propterea
2711 2185 2977 2255 indigitati
3007 2184 3300 2237 Christiani
3352 2196 3364 2232 :

1816 2288 1908 2345 sed
1940 2287 2151 2354 penitus
2193 2282 2333 2336 nulla
2370 2279 2639 2334 catechcsi
2666 2278 2855 2329 imbuti
2890 2283 2943 2329 et
2973 2274 3195 2337 indocti,
3226 2280 3278 2325 et
3308 2286 3366 2324 ut

1816 2377 2051 2433 breviter
2090 2374 2290 2437 dicam,
2338 2369 2573 2439 profani,
2620 2382 2681 2419 ac
2726 2363 3084 2430 rudes’hujus
3126 2362 3367 2432 przeclari

1818 2464 2081 2543 mysterii)
2118 2464 2333 2527 talibus,
2371 2462 2611 2526 inquam,
2642 2464 2862 2525 peccata
2915 2468 3013 2509 sua
3043 2491 3057 2514 .
3110 2459 3229 2521 post
3279 2465 3369 2503 sa-

1818 2575 1969 2613 crum
1998 2556 2326 2624 baptismum
2352 2558 2678 2621 perpetrata,
2705 2545 3105 2607 conﬁtentibus,
3128 2557 3297 2596 nexus
3320 2548 3373 2593 et

1819 2651 2017 2704 auxilia
2069 2647 2274 2701 medica
2336 2642 2537 2696 nullam
2590 2638 2869 2692 utilitatem
2925 2635 3174 2690 alierum.
3233 2632 3371 2699 Quia

1818 2742 1960 2796 enim
1987 2736 2300 2806 mysterium
2332 2732 2531 2788 Christi
2563 2729 2850 2791 nesciunt,
2883 2727 2974 2781 scd
3008 2724 3368 2795 spiritualiqu

1818 2826 2158 2881 vinculorum
2190 2818 2717 2885 medicaminumque
2749 2828 2967 2869 sensum
2994 2821 3046 2866 et
3074 2812 3374 2880 intelligen-

1821 2919 1949 2973 tiam
1984 2917 2182 2971 babere
2211 2927 2447 2982 unquam
2479 2917 2750 2980 poterunt.
2785 2908 2850 2959 Et
2882 2918 3006 2958 cum
3039 2917 3146 2956 non
3172 2901 3373 2955 intelli-

1822 3018 2007 3079 gentes
2032 3001 2535 3068 crediderint,‘sine
2561 2998 2834 3053 intellectu
2872 2999 3234 3065 peccaverunt
3269 3008 3282 3044 :
3320 2999 3374 3045 et

160 3093 315 3155 "anet
352 3100 408 3147 ⁸⁸
449 3092 504 3146 in
538 3089 745 3158 jUdiCio
804 3102 869 3140 ³⁸
895 3086 1447 3178 Ῑυδιίίίίξδυδοξβίθηῖ
1500 3093 1715 3178 οδθίξ¹¹⁰⁴
1740 3117 1786 3178 ρ
1819 3100 1942 3170 quia
1972 3098 2089 3153 sine
2122 3095 2327 3150 ratione
2360 3097 2744 3162 peccaverunt,
2773 3086 3127 3155 spiritualem,
3165 3092 3219 3138 et
3253 3098 3373 3152 qua:

159 3184 315 3237 miam
351 3181 658 3252 spectabat.
687 3178 757 3233 At
786 3192 916 3231 vero
952 3191 1050 3244 pro
1092 3176 1161 3229 iis
1210 3175 1299 3243 qui
1338 3182 1527 3243 postea
1566 3170 1709 3225 vixe-

158 3283 301 3337 runt,
334 3283 449 3327 tum
478 3270 829 3334 sacriﬁcium,
860 3277 972 3322 tum
1003 3268 1317 3321 communio
1368 3263 1713 3333 appellatur;

157 3365 278 3433 quia
303 3362 519 3418 scilicet
542 3375 637 3428 per
658 3357 1023 3426 sumptionem
1055 3370 1113 3410 se
1143 3370 1264 3408 cum
1300 3361 1547 3408 sumente
1569 3368 1717 3407 com-

160 3457 373 3518 miscet,
408 3462 465 3507 et
498 3452 587 3505 illa
615 3449 998 3504 commistione
1056 3446 1366 3513 unioueque
1404 3446 1470 3499 de
1504 3445 1717 3510 integro

158 3562 275 3600 eum
317 3545 541 3606 format,
566 3541 889 3607 unitumque
917 3536 1284 3604 inexplicabili
1311 3535 1511 3589 virtute
1542 3533 1717 3587 artiﬁ-

160 3637 237 3692 cis
270 3632 573 3688 divinitatis
602 3645 713 3683 sua:
753 3630 820 3683 ad
869 3628 1219 3696 semetipsum
1270 3625 1512 3687 adducit,
1544 3634 1600 3676 ut
1630 3639 1716 3678 sc-

163 3742 283 3780 cum
312 3736 578 3795 germane
609 3721 906 3775 coalescat.
946 3716 1413 3784 Quemadmodum
1457 3725 1510 3769 et
1555 3716 1717 3782 ignis,

161 3814 371 3869 tametsi
401 3827 431 3865 a
458 3809 783 3878 corporibus
814 3822 872 3862 se
898 3805 1214 3859 durioribus
1245 3810 1555 3869 susceptus,
1591 3815 1721 3853 con-

157 3906 440 3975 junctione
484 3903 601 3970 ipsa
649 3899 825 3968 ignem
874 3897 1023 3961 facit,
1079 3910 1176 3949 nec
1227 3908 1416 3948 eorum
1471 3900 1720 3944 naturam

159 3996 349 4052 evertit
385 4014 398 4047 :
446 3991 805 4047 nihilominus
843 3990 1084 4059 quandiu
1135 4002 1256 4041 cum
1307 3987 1429 4055 igne
1468 3983 1720 4051 copulata

161 4094 306 4152 sunt,
340 4086 511 4139 etiam
570 4081 687 4151 ipsa
738 4080 875 4149 ignis
910 4087 1051 4133 sunt.
1087 4078 1260 4145 Atque
1303 4075 1404 4126 hoc
1431 4083 1544 4133 est,
1579 4070 1719 4139 quod

158 4178 283 4233 olim
338 4173 497 4229 multi
537 4172 847 4241 prophetae,
892 4183 1046 4239 rcges
1090 4174 1143 4221 et
1164 4165 1295 4234 justi
1320 4164 1718 4223 desiderarunt,

160 4283 279 4323 cum
304 4279 401 4320 eos
430 4252 793 4332 praeviderent
844 4259 910 4323 ³⁵,
943 4259 1033 4328 qui
1064 4270 1192 4311 caro
1225 4255 1292 4308 de
1342 4267 1503 4307 carne
1561 4249 1720 4305 Verbi

160 4354 251 4409 Dei
280 4360 335 4409 et
362 4367 429 4406 os
463 4366 532 4405 ex
559 4344 775 4403 ossibus
806 4346 924 4413 ejus
976 4344 1140 4397 futuri
1202 4348 1410 4405 essent,
1476 4355 1643 4407 seque
1692 4353 1720 4389 a

162 4458 303 4504 tanto
343 4447 493 4500 bono
516 4441 791 4511 sejunetos
823 4436 1202 4503 intelligerent.

226 4560 577 4628 Quapropter
598 4551 904 4615 instructis,
926 4556 980 4603 et
1006 4546 1256 4608 eruditis,
1286 4544 1574 4612 magnique
1611 4556 1723 4610 my-

162 4650 310 4706 sterii
341 4641 779 4701 Christianitatis
822 4637 1194 4707 cognitionem
1242 4631 1580 4693 consecutis,
1616 4629 1723 4681 ini-

161 4740 412 4808 tiatisque
450 4734 723 4797 ﬁdelibus,
754 4730 796 4785 si
834 4741 1017 4798 postea
1049 4741 1146 4794 pro
1180 4725 1417 4777 humana
1458 4719 1706 4773 imbecil-

164 4807 337 4891 litate,
363 4836 419 4882 et
448 4825 579 4895 quia
611 4823 787 4876 adhuc
814 4819 1031 4888 pulvere
1061 4816 1496 4872 circumdantur,
1532 4813 1582 4863 in
1605 4807 1721 4861 cul-

165 4936 282 4994 pam
311 4916 651 4979 inciderint,
696 4913 834 4967 bona
866 4911 969 4964 erit
1011 4904 1277 4961 medicina
1314 4900 1634 4972 spiritualis,
1678 4897 1721 4951 si

165 4988 277 5067 eam
332 5003 726 5063 conﬁtentibus
776 4999 1090 5066 injiciuntur
1153 4994 1366 5047 vincula
1423 4988 1720 5047 canonica,

166 5100 360 5172 quibus
387 5094 604 5168 peccati
651 5091 882 5147 nexibus
912 5087 1287 5147 exsolvantur,
1328 5092 1380 5135 et
1418 5082 1709 5150 pharmaca

168 5170 424 5250 salutaria
482 5186 846 5257 applicentur,
891 5176 1329 5249 quandoquidem
1381 5172 1581 5241 quibus
1630 5170 1721 5221 de-

168 5284 291 5339 bent
314 5275 679 5336 initiamentis
710 5273 926 5338 exculti,
957 5270 1212 5323 virtutem
1244 5264 1444 5320 Christi
1476 5271 1727 5329 gustaveo

169 5382 325 5439 runt,
371 5369 466 5426 cui
517 5366 702 5429 fidere,
736 5358 805 5418 et'
833 5368 1113 5433 peccatum
1147 5370 1343 5411 cavere
1389 5351 1677 5419 oportebat
1708 5387 1722 5406 ,

168 5467 311 5536 juxta
340 5462 476 5519 illud
505 5458 746 5529 Apostoli
782 5473 799 5512 :
838 5458 1119 5507 Peccatum
1143 5449 1278 5501 enim
1312 5443 1451 5498 vobis
1493 5458 1595 5494 non
1627 5439 1725 5491 do-

236 5640 393 5693 'lsa.
446 5652 598 5699 xxvi,
648 5634 711 5685 10
768 5646 863 5684 ωε.
932 5627 1095 5682 LXX.
1205 5617 1675 5699 ’λοιπε-ιγ..

179 5708 387 5766 “Psal.
434 5694 594 5764 xxiv,
662 5704 745 5758 l8.
825 5702 866 5731 ”
931 5700 1180 5753 itom.u.
1240 5694 1324 5745 η.

1778 5613 1819 5642 ¹⁰
1848 5610 1979 5663 Luc.
2015 5625 2069 5671 x,
2098 5606 2187 5661 ει.

1402 5692 1444 5721 υ
1490 5687 1678 5740 Matth.
1723 5698 1868 5739 xxiv.
1908 5680 1991 5732 Η.

1820 3186 2001 3240 animo
2047 3183 2310 3243 cernitur,
2358 3178 2681 3233 medicinam
2734 3188 3029 3245 agnoscere
3081 3186 3190 3225 non
3246 3186 3371 3239 pos-

1820 3284 1966 3329 sunt.
1998 3269 2355 3337 Quamobrem
2381 3265 2657 3334 quomodo
2688 3263 2939 3331 mysteria
2963 3260 3365 3314 Christianismi

1820 3364 2136 3422 scientibus,
2184 3358 2555 3425 memoriaque
2594 3354 2925 3417 tenentibus,
2974 3366 3070 3421 pro
3116 3366 3371 3405 mensura

1818 3452 2167 3524 cognitionis,
2222 3460 2277 3504 et
2323 3449 2486 3503 errati
2512 3447 2769 3507 vinculis,
2807 3444 3090 3508 medicina,
3138 3442 3371 3503 ustione,

1819 3545 2125 3606 afﬂictione,
2169 3551 2223 3595 et
2267 3553 2463 3608 poena;
2498 3538 2578 3591 sic
2605 3550 2793 3590 eorum
2823 3534 3069 3597 rudibus,
3105 3534 3375 3587 nondum-

1820 3651 1924 3704 que
1952 3631 2238 3695 institutis,
2288 3628 2649 3688 institutione,
2688 3624 2810 3687 i‘tde,
2838 3632 2891 3676 et
2919 3621 3241 3684 initiatione,
3265 3636 3373 3673 non

1820 3725 2052 3779 vinculis
2103 3737 2238 3788 opus
2277 3726 2381 3773 est.
2420 3716 2639 3772 Vincire
2683 3713 2826 3767 enim
2882 3719 2936 3765 et
2982 3726 3177 3770 urere.
3229 3711 3372 3778 quod

1822 3828 1983 3870 sensu
2031 3816 2199 3871 caret,
2250 3803 2577 3864 absurdum;
2622 3809 2675 3853 et
2712 3802 3051 3851 'curationem
3111 3795 3368 3849 adhibere

1824 3901 2333 3966 mortuo,'ineptum
2379 3893 2651 3963 negotium
2690 3904 2753 3942 ac
2785 3888 2991 3941 fatuum
3028 3894 3133 3940 est.
3176 3884 3371 3939 Verum

1823 3992 2110 4061 quicunque
2144 3989 2199 4041 in
2235 3987 2341 4054 lege
2364 3986 2724 4053 peccaverunt,
2754 3979 2859 4033 hoc
2886 3985 2993 4042 est,
3033 3990 3155 4029 cum
3188 3975 3376 4043 cogni-

1825 4082 1985 4141 tione,
2025 4092 2115 4144 per
2147 4076 2304 4143 legem
2333 4069 2715 4137 judicabutttur
2746 4067 2810 4132 “,
2858 4067 2921 4117 ad
2969 4078 3246 4117 sacrorum
3284 4076 3375 4114 ca—

1825 4183 2028 4224 nonum
2072 4178 2318 4221 normam
2354 4176 2417 4215 ac
2450 4159 2825 4230 praescriptum
2861 4155 3132 4209 videlicet.
3168 4153 3237 4205 At
3280 4154 3371 4219 qui

1827 4262 1943 4315 sine
1964 4258 2081 4325 lege
2108 4259 2483 4323 peccaverunt,
2514 4250 2616 4303 hoc
2641 4253 2745 4310 est,
2770 4260 2831 4299 ea
2865 4257 2972 4297 non
2999 4242 3230 4310 cognita,
3259 4240 3383 4293 sine

1826 4351 1939 4417 lege
1975 4347 2131 4401 etiam
2162 4342 2436 4413 peribunt,
2466 4338 2667 4397 frustra
2705 4335 2959 4388 nimirum
2984 4329 3379 4400 ignorationem

1749 4421 1799 4481 Ῑ)
1827 4442 2167 4495 excusantes,
2202 4445 2325 4489 cum
2354 4444 2384 4482 a
2417 4427 2641 4485 Domino
2668 4425 2868 4480 dictum
2908 4421 3015 4474 sit:
3053 4418 3379 4472 Prtedicabi-

1827 4540 1914 4583 tur
1940 4522 2278 4593 Evangelium
2308 4521 2401 4577 hoc
2436 4520 2488 4571 in
2524 4524 2632 4571 toto
2670 4511 2863 4567 mundo
2887 4550 2901 4574 ,
2936 4510 2989 4563 in
3024 4508 3378 4561 testimonium

1824 4615 2074 4675 omnibus;
2092 4613 2325 4681 gentibus
2359 4609 2423 4661 η.
2467 4606 2726 4675 Sequitur
2764 4604 2910 4664 hinc,
2944 4599 2988 4652 si
3033 4608 3222 4667 gentes
3261 4610 3374 4647 ma-

1824 4716 1915 4762 net
1959 4701 2359 4760 condemnatio,
2409 4696 2579 4753 ntulto
2616 4692 2785 4759 magis
2818 4704 2911 4743 eos
2957 4685 3376 4741 condemnatum

1826 4797 1912 4858 iri,
1938 4795 2026 4864 qui
2060 4794 2113 4846 in
2142 4789 2319 4845 medio
2351 4782 2551 4841 Christi
2596 4780 2852 4835 Ecclesia:
2897 4776 3188 4844 primorum
3230 4770 3382 4840 rudi-

1827 4861 2128 4943 mentorum
2169 4878 2428 4949 imperiti,
2469 4882 2522 4929 et
2556 4869 2950 4949 ingrationibus
2983 4864 3175 4918 divinae
3211 4861 3381 4931 pieta-

1818 4980 1888 5034 tis
1927 4974 2165 5044 hospitcs
2188 4987 2248 5027 ac
2281 4966 2549 5039 peregrini
2583 4959 2879 5019 Christiani
2910 4962 3221 5016 versantur,
3245 4967 3377 5005 con-

1820 5041 2115 5139 temptores
2148 5059 2444 5117 admirandi
2480 5056 2642 5125 hujus
2680 5051 2858 5118 operis
2882 5046 3043 5102 Verbi
3073 5044 3187 5107 Dei,
3216 5041 3374 5109 cujus

1826 5130 1992 5216 causa
2031 5152 2285 5210 humanis
2322 5165 2379 5204 se
2409 5146 2633 5203 artubus
2668 5138 3021 5203 convestivit,
3071 5148 3194 5187 cum
3235 5130 3379 5182 Deus

1832 5256 1997 5313 esset,
2044 5241 2542 5305 contumelioseque
2593 5237 2908 5287 tractatum,
2961 5233 3014 5279 et
3063 5238 3169 5275 non
3220 5230 3375 5273 secus

1830 5308 1993 5411 quam
2022 5352 2118 5406 pro
2154 5331 2450 5389 sceleribus
2486 5326 2597 5382 suis
2644 5323 2765 5377 neci
2800 5319 3045 5376 deditum
3075 5321 3177 5367 est.
3219 5308 3379 5374 Quod

1832 5440 2008 5485 autem
2043 5425 2285 5481 nonnulli
2319 5424 2384 5477 de
2420 5416 2659 5488 profanis
2695 5412 2815 5468 istis
2857 5412 2909 5465 in
2953 5408 3151 5461 throno
3197 5400 3381 5470 gloria:

2294 5603 2331 5632 ”
2361 5599 2514 5655 Rom.
2553 5613 2629 5661 vt,
2685 5593 2770 5648 ii.
2886 5590 2925 5620 ¹¹
2959 5585 3118 5641 ilebr.
3150 5598 3223 5647 ix,
3290 5579 3373 5633 ιι.
