4128 6338
685 376 791 442 327

685 578 822 633 alios
882 578 1102 641 docent,
1152 592 1250 647 pro
1298 576 1560 646 patientia
1610 575 1729 639 iit-ﬁ,
1782 577 1891 630 imo
1937 593 2065 632 vero
2116 580 2249 631 iram

684 684 940 740 magnam
961 678 1017 725 et
1040 668 1481 733 derelictionem;
1507 667 1769 735 quantiam
1796 666 2047 723 illusores
2074 669 2252 723 domi-

683 769 907 829 nantur,
947 770 1002 815 et
1041 761 1251 825 dolosi,
1296 771 1349 815 ct
1403 760 1772 828 impudentes,
1820 768 1876 814 et
1931 769 1992 816 ut
2054 762 2251 814 maiam

682 852 1084 906 conscientiam
1135 851 1421 914 habentes,
1445 851 1746 905 increduli.
1785 851 2016 906 Maxime
2055 852 2147 920 qui
2197 852 2249 904 in

685 942 845 998 idolis
881 943 994 997 suis
1028 942 1357 1013 gloriantur,
1394 943 1450 995 in
1494 942 1663 997 deeris
1708 943 1978 1009 videlicet,
2010 942 2254 997 humana

678 1036 955 1099 sapientia:
978 1034 1164 1097 verbis,
1194 1049 1425 1103 quorum
1456 1036 1629 1104 gratia
1654 1035 1720 1087 ab
1761 1033 2106 1088 auditoribus
2139 1036 2253 1087 suis

682 1123 838 1194 teque
876 1125 1122 1195 profanis
1150 1125 1311 1179 laude
1354 1133 1409 1179 et
1446 1125 1810 1180 admiratione
1854 1124 2161 1181 adiciuntur
2186 1128 2250 1178 ω.

754 1215 963 1270 Bonum
994 1224 1077 1272 est
1119 1218 1172 1269 in
1202 1216 1485 1272 Christum
1533 1219 1783 1282 credere,
1832 1218 2088 1287 quoniam
2138 1217 2259 1271 sine-

670 1306 791 1363 ‘ﬁde
815 1308 867 1361 in
898 1308 1073 1376 ipsum
1109 1322 1217 1361 non
1255 1316 1337 1362 est
1367 1312 1576 1378 ut.quis
1610 1311 1850 1364 salvetur
1875 1310 1940 1361 ¹⁷.
1965 1306 2254 1363 Verumta-

681 1412 805 1452 men
830 1399 994 1452 etiam
1016 1399 1269 1454 veritatis
1305 1399 1554 1453 notitiam
1582 1414 1872 1467 capessere
1893 1412 2123 1452 necesse
2144 1404 2247 1451 est.

670 1488 891 1542 Bonum
922 1498 1005 1543 est
1036 1492 1317 1545 veritatem
1352 1489 1559 1553 doceri,
1602 1489 1871 1558 siquidem
1904 1497 1957 1542 et
1994 1501 2249 1541 necessa-

675 1579 818 1633 rium
855 1598 867 1633 :
900 1580 1030 1649 quin
1063 1590 1117 1633 et
1145 1582 1474 1650 baptismate
1506 1582 1725 1635 lustrari
1762 1582 1815 1632 in
1857 1577 2078 1631 nomine
2111 1578 2251 1630 vivi-

669 1672 791 1725 tir'ae
825 1670 1133 1733 Trinitatis,
1162 1680 1221 1725 ut
1245 1672 1426 1725 anima
1452 1672 1615 1725 vitam
1640 1671 1998 1738 adipiscatur.
2037 1667 2245 1721 Bonum

669 1771 761 1816 est
788 1762 1057 1830 baptizari
1086 1777 1098 1811 :
1130 1761 1224 1815 sed
1254 1762 1499 1831 mystica:
1526 1760 1685 1826 hujus
1717 1763 1860 1822 vitae,
1886 1759 2001 1813 sive
2021 1756 2247 1813 luminis

666 1852 981 1922 ‘spiritualis
1010 1854 1172 1904 etiam
1200 1852 1384 1905 animo
1418 1866 1639 1904 sensum
1667 1864 1862 1917 capere
1887 1858 2119 1920 oportet.
2146 1852 2247 1905 Bo-

672 1957 801 1994 num
833 1947 917 1993 est
956 1953 1177 1993 sensum
1224 1939 1420 2003 illum‘,
1450 1939 1544 2007 qui
1580 1939 1632 1991 in
1665 1949 1903 1993 mentem
1930 1941 2096 2004 cadit,
2131 1943 2249 1997 sive

670 2028 1123 2082 illuminationem
1166 2042 1527 2099 cognoscere:
1555 2028 1648 2082 sed
1673 2044 1837 2096 opera
1862 2044 2077 2098 quoque
2110 2030 2249 2085 lucis

663 2121 1047 2189 requiruntur.
1084 2118 1188 2184 Qui
1216 2133 1455 2189 namque
1483 2134 1616 2189 pure
1651 2128 1705 2175 et
1743 2121 2104 2189 liquidissime
2127 2136 2246 2175 cer-

668 2210 770 2272 nit,
801 2226 941 2271 cum,
964 2212 1129 2265 etiam
1162 2224 1328 2280 opera
1378 2209 1470 2264 Dei
1525 2209 1703 2266 facere
1732 2213 2005 2265 convenit.
2039 2210 2244 2265 Bonum

657 2311 753 2356 est
781 2301 920 2355 lucis
950 2316 1115 2369 opera
1148 2300 1352 2364 facere,
1388 2299 1484 2355 sed
1511 2301 1876 2355 humilitatem
1909 2312 1966 2357 ct
1991 2317 2246 2356 mansuc-

668 2392 922 2444 tudinem
960 2390 1167 2446 Christi
1199 2390 1428 2444 induere
1459 2390 1683 2459 insuper
1713 2390 1868 2445 decet
1914 2408 1926 2443 :
1971 2402 2027 2443 ut
2063 2393 2154 2459 qui
2190 2393 2240 2444 in

666 2479 945 2535 Christum
993 2481 1186 2543 credit,
1222 2479 1423 2534 Christi
1474 2479 1847 2535 characterem
1902 2489 1953 2534 et
2009 2482 2243 2549 insignia

662 2570 828 2634 ferat,
854 2578 908 2625 et
931 2570 999 2624 ad
1031 2579 1283 2624 naturam
1316 2572 1502 2625 mitem
1539 2585 1708 2641 atque
1749 2572 2011 2626 humilem
2044 2573 2244 2627 immu—

664 2668 838 2725 tatus,
872 2662 924 2714 in
964 2677 1188 2730 regnum
1220 2662 1485 2716 caelorum
1534 2661 1601 2715 ad
1646 2662 1844 2731 gaudia
1896 2661 2103 2715 Domini
2156 2662 2240 2717 sui

667 2754 988 2820 recipiatur.
1016 2754 1287 2807 Cazterum
1321 2754 1413 2821 qui
1452 2754 1553 2806 hoc
1586 2754 1781 2806 ordine
1812 2754 1955 2806 viam
1991 2752 2083 2805 Dei
2125 2767 2241 2806 am-

669 2843 882 2905 bulant,
915 2846 959 2897 si
1006 2844 1056 2896 in
1091 2859 1150 2895 ea
1197 2858 1294 2911 pro
1327 2843 1563 2896 naturali
1618 2842 1931 2896 conditione
1975 2843 2239 2896 moriendi

665 2932 946 3002 praepediti
985 2932 1203 2994 fuerint,
1236 2947 1262 2984 a
1300 2932 1669 2986 misericordia
1700 2932 1970 2985 Altissimi
2010 2947 2119 2986 non
2156 2946 2239 2986 re-

666 3026 957 3093 pellentur,
996 3040 1091 3076 nec
1120 3025 1186 3077 ab
1238 3024 1465 3077 introitu
1502 3023 1651 3091 regni
1687 3024 1926 3077 caelestis
1969 3024 2239 3078 arcebun-

1936 380 2305 441 SYMEONIS
2334 380 2689 443 JUNIORIS
3816 390 3833 443 ἴ
3851 386 3923 447 23

684 488 837 560 regni
870 486 1069 542 Christi
1103 486 1378 549 sedentes,
1434 500 1553 555 qua:
1594 487 1691 551 ipsi
1744 500 1848 539 non
1903 485 2247 547 didicerunt,
2281 498 2325 551 Α
2361 487 2743 554 praescribere.
2777 484 2875 552 Qui
2913 487 3060 541 enim
3126 488 3237 544 ﬁeri
3288 478 3454 559 petes:
3512 502 3561 541 tl
3607 493 3765 541 :«tfus

3808 513 3930 561 Si”!

2358 582 2441 632 nis
2469 593 2532 632 ac
2562 579 2775 633 tribulis
2806 580 2959 647 plena
2996 597 3189 648 purum
3245 582 3504 636 frumenti
3547 600 3729 637 semen
3773 588 3922 639 acci-

2358 672 2492 739 piat,
2523 681 2575 725 ct
2602 671 2836 741 idipsum
2871 686 3056 726 semen
3095 688 3200 727 non
3233 674 3569 730 sulfocetur?
3600 676 3778 741 Quare.
3808 679 3923 731 fru-

2356 774 2502 815 ctum
2538 778 2809 831 nunquam
2837 764 3097 829 referent,
3128 765 3217 831 qui
3259 777 3443 821 contra
3481 778 3758 832 naturam,
3788 785 3923 826 con-

2359 859 2551 920 traque
2589 854 2858 915 ordinem,
2898 856 3339 909 commoditatem
3398 860 3626 914 rationis
3672 860 3921 918 inﬁrmos

2356 943 2538 999 adhuc
2557 944 2980 1014 aggrediuntur:
3009 946 3223 1001 ratione
3248 950 3391 1002 enim
3411 962 3461 1004 et
3477 953 3744 1020 producta
3767 960 3919 1014 sunt,

2354 1048 2407 1087 et
2453 1036 2820 1100 continentur,
2849 1044 2901 1090 et
2948 1036 3015 1089 ad
3069 1035 3228 1090 ﬁnem
3285 1040 3657 1107 perducuntur
3707 1042 3919 1096 omnia.

2359 1124 2497 1179 Nam
2545 1126 2793 1180 divinum
2828 1127 3031 1181 Christi
3079 1129 3350 1197 baptisma
3400 1132 3637 1185 nondum
3672 1134 3918 1198 ablutos,

2354 1226 2410 1271 et
2438 1232 2625 1272 cereos
2662 1218 2716 1272 in
2749 1218 2935 1273 vitium
2964 1218 3133 1282 ﬂecti,
3163 1207 3536 1276 eﬂicacitateni
3572 1224 3757 1286 habet,
3799 1226 3917 1290 jam

2353 1307 2495 1362 lotos
2521 1324 2549 1362 a
2580 1320 2801 1378 peccato
2826 1310 3056 1366 invictos
3095 1321 3374 1380 praestare.
3418 1314 3512 1367 Sin
3555 1316 3757 1380 minus,
3798 1318 3917 1371 sal-

2354 1404 2461 1448 tem
2488 1412 2610 1451 cum
2642 1415 2701 1454 se
2730 1401 2990 1453 obtulerit
3015 1402 3258 1466 occasio,
3289 1402 3356 1455 ad
3379 1402 3430 1455 id
3466 1404 3733 1469 dilliciles,
3766 1408 3918 1475 quod

2352 1486 2471 1554 ejus
2497 1489 2603 1541 vim
2638 1492 3050 1559 potentiamque
3092 1492 3355 1546 declarat.
3394 1494 3471 1546 Ad
3522 1494 3777 1549 virtutem
3815 1512 3919 1549 au-

2355 1589 2459 1631 tem
2519 1578 2971 1650 honestatemque
3031 1584 3332 1649 proclives,
3389 1592 3651 1666 tanquam
3703 1589 3921 1657 angelos

2350 1674 2583 1732 potentes
2623 1669 2834 1732 virtute,
2866 1670 3116 1736 facientes
3168 1672 3490 1726 voluntatem
3530 1674 3621 1727 Dei
3665 1676 3732 1729 ¹¹.
3790 1676 3921 1729 ideo

2350 1756 2609 1812 Christus
2640 1770 3053 1815 sacrosanctum
3086 1766 3405 1830 sanguinem
3444 1780 3603 1817 suum
3634 1768 3921 1820 credenti--

2353 1845 2455 1900 bus
2488 1847 2540 1899 in
2577 1848 2725 1901 illum
2773 1851 3001 1918 largitus
3034 1860 3140 1915 est,
3184 1862 3244 1905 ut
3272 1869 3367 1921 per
3393 1856 3512 1922 ejus
3545 1858 3917 1925 sumptionem

2351 1938 3015 2008 communicationemque
3057 1941 3245 1996 fideles
3293 1941 3488 1997 divina:
3517 1948 3666 2012 prius
3705 1956 3921 1999 natura:

2350 2030 2635 2078 consortes
2665 2023 2841 2079 etfecti
2873 2026 2994 2096 (Dei
3034 2029 3179 2082 enim
3213 2031 3435 2099 sanguis
3465 2030 3571 2102 est)
3606 2047 3702 2085 ceu
3738 2032 3917 2086 divini

2347 2114 2655 2183 divinaeque
2687 2117 2911 2171 virtutis
2954 2118 3064 2186 jam
3114 2123 3349 2174 assecuti
3385 2122 3578 2183 robur,
3616 2123 3781 2177 etiam
3825 2139 3925 2178 seu

2346 2207 2587 2259 cundum
2624 2205 2920 2274 perfectam
2951 2206 3154 2262 Christi
3191 2209 3361 2280 legem
3398 2212 3522 2265 vitae
3553 2213 3795 2270 rationes
3828 2218 3919 2270 in-

2348 2293 2582 2348 stituant
2618 2313 2631 2349 :
2670 2304 2730 2350 ut
2770 2305 3019 2367 potentes
3054 2298 3255 2354 virtute
3306 2301 3637 2357 voluntatem
3674 2303 3793 2372 ejus
3824 2321 3921 2359 ex—

2345 2395 2654 2452 sequentes.
2685 2387 2756 2439 De
2778 2396 2974 2442 caetero
2997 2389 3231 2457 quisque
3257 2387 3516 2455 fidelium,
3547 2403 3603 2446 et
3630 2392 3917 2450 Christum

2346 2473 2724 2527 conﬁtentium
2758 2476 2903 2551 apud
2939 2490 2998 2527 se
3023 2477 3246 2544 cogitet,
3283 2477 3329 2530 si
3353 2479 3457 2531 hoc
3482 2479 3678 2534 robore
3703 2491 3918 2549 septas,

2343 2563 2549 2618 Christi
2587 2565 2800 2634 legibus
2835 2581 3030 2634 parere
3080 2570 3374 2636 spreverit,
3426 2586 3550 2623 eum
3602 2571 3670 2625 iis
3719 2587 3918 2640 parere

2342 2663 2532 2723 queat,
2565 2669 2667 2707 nec
2696 2657 2888 2719 vitam,
2918 2668 2971 2711 et
3003 2672 3181 2712 mores
3225 2659 3290 2712 ad
3322 2659 3415 2713 Dei
3457 2670 3650 2713 nutum
3692 2678 3922 2733 compo-

2343 2746 2535 2809 suerit,
2574 2761 2633 2800 se
2663 2746 2943 2801 Christum
2970 2752 3285 2817 negavisse,
3316 2759 3370 2804 et
3400 2765 3467 2804 ex
3497 2753 3746 2819 Apostoli
3780 2769 3917 2809 sen-

2342 2838 2511 2891 tentia
2588 2840 2925 2893 conculcasse
2957 2841 3150 2894 Filium
3197 2842 3325 2905 Dei,
3378 2846 3787 2915 sanguinemque
3837 2858 3917 2899 te-

2342 2930 2586 2981 stamenti
2615 2929 2873 2993 pollutum
2900 2931 3113 2984 duxisse
3141 2933 3203 2986 “.

2412 3038 2561 3104 Quod
2596 3040 2664 3099 si,
2691 3040 2845 3108 aquis
2870 3042 3197 3097 salutaribus
3230 3045 3451 3113 expiati,
3481 3048 3760 3118 divinique
3792 3066 3919 3105 cor-

663 3124 777 3169 tur.
814 3116 925 3189 Hoc
965 3115 1163 3168 itinere
1190 3115 1284 3183 qui
1311 3129 1421 3167 non
1459 3114 1739 3179 incedunt,
1775 3129 1963 3168 80mm
2006 3122 2061 3169 ει
2102 3114 2233 3169 ﬁdes
2260 3121 2303 3183 C
2338 3128 2485 3196 poris
2506 3136 2559 3181 et
2586 3131 2868 3198 sanguinis
2895 3133 3189 3201 participes
3209 3133 3357 3198 facti,
3394 3137 3633 3190 nondum
3658 3114 3919 3207 potentes

662 3214 717 3260 et
748 3206 1062 3276 progressio
1093 3206 1272 3259 inanis
1299 3214 1404 3259 est.

1265 3336 1523 3392 ORATIO
1566 3337 1633 3392 ll.

1241 3450 1632 3502 Ancumenruu.

664 3560 937 3615 Hominem
971 3563 1121 3627 prius
1153 3576 1184 3611 a
1206 3557 1416 3614 Christo
1451 3573 1542 3626 per
1565 3563 1805 3627 sanctum
1835 3555 2096 3627 baptisma
2121 3574 2235 3610 ror-

736 3626 1012 3692 roltorari,
1057 3646 1117 3682 ac
1161 3640 1269 3680 tum
1304 3626 1509 3679 demum
1542 3626 1808 3677 mandatis
1855 3626 1967 3691 ejus
2000 3626 2233 3679 deditum

734 3716 845 3752 esse
870 3711 1127 3765 oportere.
1152 3695 1285 3749 Eam
1316 3697 1481 3748 inesse
1509 3697 1566 3746 in
1592 3693 2003 3765 sanctolavac’ro
2034 3696 2155 3756 vim,
2176 3705 2233 3746 ut

735 3778 823 3819 aut
868 3763 1181 3833 inﬂexibile;
1203 3804 1215 3825 ,
1250 3775 1340 3817 aut
1381 3781 1507 3829 pene
1536 3763 1848 3833 inﬂexibile:
1877 3763 1945 3833 ad
1979 3764 2233 3831 improbi-

743 3845 897 3889 tatem
928 3832 1117 3889 reddat
1142 3852 1159 3887 .’
1186 3833 1442 3903 quomodo
1466 3840 1512 3885 et
1536 3832 1757 3903 alterum
1784 3832 2067 3903 baptisma,
2094 3835 2233 3903 quod

738 3921 828 3971 per
863 3906 1091 3958 divinum
1116 3913 1163 3955 et
1194 3900 1485 3971 angelicum
1512 3900 1747 3971 habitum
1787 3900 2079 3971 confertur.
2105 3900 2235 3963 Qui-

734 3968 859 4026 nam
900 3990 1015 4026 vere
1048 3974 1100 4023 in
1148 3968 1413 4025 Christum
1439 3968 1722 4023 credidisse
1762 3969 1989 4021 dicendi.
2033 3969 2228 4033 Quales

734 4059 1005 4096 sacrorum
1048 4043 1309 4101 ministri,
1351 4041 1666 4102 sacerdotes,
1713 4039 1976 4105 episcopi,
2022 4041 2232 4092 anima-

735 4128 951 4180 rumque
980 4113 1213 4163 doctores
1252 4109 1606 4177 requiruntur.

736 4226 837 4289 Qui
874 4222 1111 4291 cuipiam
1146 4220 1299 4283 dicit,
1341 4220 1444 4273 hoc
1474 4218 1580 4283 fac,
1617 4227 1671 4273 et
1719 4219 1851 4272 illud
1905 4232 1973 4273 ne
2017 4219 2232 4283 feceris,

665 4318 823 4386 plane
855 4316 937 4368 sic
975 4313 1127 4375 dicit,
1157 4327 1219 4364 ac
1251 4311 1295 4364 si
1330 4311 1442 4373 ille,
1473 4310 1559 4362 cui
1597 4309 1863 4378 praecipit,
1898 4308 2075 4362 facere
2105 4324 2230 4377 pos-

2338 3225 2466 3270 sunt
2491 3219 2690 3272 virtute
2719 3220 2785 3271 ad
2815 3220 3203 3287 perﬁciendam
3255 3222 3347 3277 Dei
3390 3227 3763 3294 voluntatem;
3812 3242 3913 3285 situ

2337 3305 2404 3357 ad
2434 3307 2563 3358 vitia
2599 3316 2651 3359 ct
2685 3318 2905 3375 peccata
2941 3309 3121 3363 adhuc
3154 3310 3312 3365 facile
3339 3326 3651 3379 moventur,
3684 3320 3916 3386 perinde

2339 3412 2402 3451 ac
2444 3398 2676 3452 mortuis
2738 3413 2876 3463 aqua
2938 3400 3048 3454 illis
3101 3403 3392 3469 superfusa
3438 3413 3559 3459 est:
3603 3412 3909 3462 etinunum

2334 3486 2533 3555 quippe
2568 3487 2620 3539 in
2657 3486 2933 3541 Christum
2983 3503 3093 3543 non
3131 3491 3503 3545 crediderunt.
3537 3496 3715 3562 Atque
3772 3512 3912 3559 opus

2334 3587 2420 3630 est
2452 3578 2828 3645 hujuscemodi
2881 3579 3132 3635 homines
3169 3586 3235 3633 ad
3275 3582 3562 3651 episcopos
3613 3596 3665 3637 et
3719 3600 3903 3641 sacer-

2335 3666 2489 3721 dotes
2514 3666 2682 3731 adire,
2718 3668 2841 3722 ﬁdei
2892 3668 3185 3724 formulam
3233 3674 3475 3739 edoceri,
3529 3675 3581 3727 in
3621 3675 3909 3733 Christum

2334 3741 2579 3821 credere,
2614 3766 2731 3810 tuto
2754 3768 2914 3813 antea
2950 3759 3308 3815 fundamento
3336 3762 3536 3830 posito,
3562 3765 3907 3831 pmnitentia,

2335 3847 2579 3916 inquam,
2620 3848 2785 3917 hujus
2819 3851 3091 3915 amentim,
3140 3861 3194 3905 et
3245 3852 3597 3920 impositione
3619 3869 3907 3923 manuum,

2333 3941 2702 4006 unctioneque
2727 3940 2869 3994 sacri
2898 3942 3271 3997 charismatis.
3313 3941 3375 3994 Et
3414 3957 3535 3996 cum
3573 3942 3679 3996 illis
3724 3943 3906 3998 Evan-

2334 4029 2771 4099 geliumjustitia:
2795 4031 3093 4091 revelatum
3120 4030 3305 4094 fuerit,
3338 4046 3649 4101 novumque
3679 4038 3905 4089 sensum

2334 4122 2695 4189 intelligibilis
2733 4122 2936 4177 Christi
2978 4123 3165 4191 gratiae
3205 4123 3504 4186 hauserint,
3538 4138 3658 4190 qua:
3689 4124 3905 4179 animus

2333 4226 2518 4266 eorum
2543 4213 2801 4281 tetigerit,
2840 4222 2895 4267 et
2924 4214 2977 4266 in
3012 4213 3145 4281 ipsis
3174 4228 3269 4267 cor
3307 4215 3604 4267 contritum
3638 4228 3701 4269 ac
3726 4215 3904 4268 humi-

2333 4302 2525 4354 liatum
2579 4314 2767 4365 creat,
2824 4313 3145 4371 castumque
3203 4302 3297 4357 Dei
3354 4304 3603 4358 timorem
3669 4306 3905 4360 aediﬁcat

663 4407 734 4460 sit
766 4411 858 4457 aut
885 4404 1156 4456 omittere.
1192 4400 1294 4463 Qui
1331 4414 1456 4451 vero
1491 4400 1568 4453 sic
1601 4397 1735 4452 dicit
1762 4399 1831 4463 ei,
1856 4399 1946 4465 qui
1982 4413 2087 4451 non
2129 4413 2226 4465 po-
2258 4427 2313 4489 Β
2337 4388 2481 4457 (haec
2507 4405 2739 4459 namque
2778 4390 3101 4447 Christianis
3136 4393 3234 4446 vite
3303 4394 3459 4447 bona:
3510 4394 3573 4447 ad
3621 4398 3787 4449 vitam
3835 4413 3903 4451 ex

667 4505 796 4556 test,
834 4506 1017 4546 nonne
1060 4489 1263 4543 frustra
1307 4486 1479 4541 dicit?
1522 4485 1783 4541 Dominus
1825 4488 1901 4537 ait
1945 4486 2230 4554 discipulis

663 4585 825 4642 suis:
864 4582 1063 4636 Euntes
1104 4581 1284 4632 docete
1317 4594 1496 4631 omnes
1541 4585 1739 4647 gentes,
1783 4577 2105 4642 baptizantes
2148 4592 2231 4629 eos

662 4678 716 4730 in
750 4676 953 4729 nomine
974 4673 1171 4737 Patris,
1198 4684 1246 4726 et
1271 4670 1423 4734 Filii,
1447 4680 1495 4724 et
1526 4668 1755 4735 Spiritus
1777 4669 1948 4722 sancti
1974 4666 2113 4719 ηδ’.
2152 4665 2231 4721 Eu

663 4768 982 4836 expurgatio
1012 4773 1065 4818 et
1104 4765 1277 4818 virtus
1313 4761 1455 4817 sacri
1506 4760 1851 4830 baptismatis
1884 4757 2061 4829 primo
2109 4759 2227 4813 loco

664 4859 1039 4915 constituitur.
1104 4854 1246 4919 Quid
1299 4853 1521 4923 postea?
1582 4852 1828 4905 nocentes
1882 4866 1967 4904 eos
2025 4865 2230 4903 servare

663 4951 840 5003 omnia
908 4963 1023 5018 quat
1081 4944 1331 4997 mandari
1379 4943 1615 4995 vobis".
1675 4944 2001 5010 Quicunque
2060 4942 2226 5010 igitur

667 5042 771 5095 hoc
810 5041 1006 5093 robore
1047 5047 1173 5090 ante
1205 5033 1556 5088 confirmatus
1584 5048 1690 5085 non
1724 5040 1826 5096 est,
1866 5032 1920 5085 in
1958 5033 2228 5086 mandatis

665 5132 760 5185 Dci
794 5126 1153 5183 observandis
1186 5128 1458 5179 incassum
1502 5122 1747 5187 laborat;
1787 5122 2097 5189 quicunque
2128 5122 2217 5175 illa

666 5219 872 5275 homini
908 5224 1171 5287 praecepta
1203 5215 1317 5279 dat,
1352 5229 1450 5283 pro
1473 5226 1614 5267 caeco
1646 5221 1698 5264 et
1731 5213 1932 5266 stolido
1957 5213 2220 5266 habeatur

664 5311 791 5363 licet
830 5307 1097 5376 :.quando
1141 5308 1292 5375 prius
1341 5304 1570 5373 gratiam
1604 5301 1843 5364 Christi,
1877 5316 1996 5371 quae
2034 5311 2217 5357 mente

667 5398 981 5467 percipitur,
1026 5406 1081 5450 et
1111 5404 1331 5466 purgat,
1368 5394 1605 5446 animam
1642 5392 1941 5459 suscipere,
1982 5391 2221 5462 indeque

664 5505 781 5542 cant
803 5488 1113 5543 conﬁrmari
1139 5503 1224 5541 res
1259 5485 1514 5555 postulat,
1538 5492 1703 5553 atque
1729 5482 1803 5536 ita
1830 5483 2045 5537 demum
2080 5483 2222 5551 leges

732 5688 775 5716 ¹⁶
806 5686 820 5737 l
854 5687 976 5739 Cor.
1005 5702 1061 5749 Il,
1094 5687 1177 5738 t3.
1260 5687 1298 5717 "
1326 5684 1493 5740 llcbr.
1527 5698 1601 5747 χι,
1640 5680 1692 5735 6.

664 5754 709 5786 ⁸³
745 5755 787 5807 Il
820 5755 960 5810 Pctr.
999 5771 1035 5821 I,
1072 5756 1122 5809 4.

1770 5680 1885 5713 ιε’-’θ
1911 5677 2308 5745 Matth.xxvm,
2330 5680 2414 5735 l9.
2450 5682 2492 5711 ὀ
2515 5678 2651 5735 Ibid.
2679 5680 2767 5735 9-0-

2337 4480 2538 4535 Christi
2572 4483 2889 4551 praescripto
2910 4482 3218 4552 agitandum
3250 4485 3546 4552 primordia
3579 4489 3751 4553 sunt),
3782 4496 3897 4542 tum

2335 4585 2549 4640 quoque
2575 4573 2924 4627 immaculato
2958 4573 3079 4641 ejus
3105 4588 3353 4642 corpore,
3392 4586 3443 4629 et
3474 4577 3743 4644 sanguine
3773 4594 3899 4647 per-

2334 4662 2605 4731 cipiendo,
2639 4664 2836 4718 merito
2873 4664 3020 4734 digni
3055 4673 3383 4719 censeantur
3419 4684 3431 4718 :
3466 4675 3523 4721 ut
3552 4683 3671 4721 cum
3699 4668 3900 4725 divina:

2335 4761 2543 4807 naturae
2581 4755 2950 4817 consortes”,
2987 4762 3039 4809 et
3093 4757 3420 4811 sanetilicati
3458 4760 3751 4822 evaserint,
3788 4776 3897 4814 non

2333 4842 2413 4897 eis
2450 4854 2754 4912 peccatum,
2812 4846 3090 4913 quomodo
3138 4847 3398 4910 antehac,
3452 4848 3779 4902 dominetur.
3837 4850 3897 4903 In

2334 4933 2436 4987 hoc
2474 4934 2617 4988 enim
2646 4934 3004 4991 sanctificatio
3051 4936 3153 4990 sita
3184 4947 3288 5002 εει,
3336 4947 3398 4992 ut
3451 4938 3776 4994 Christianis
3826 4940 3895 4995 ad

2334 5024 2632 5079 faciendam
2665 5027 2997 5081 voluntatem
3043 5028 3137 5081 Dei
3169 5038 3361 5098 potens
3404 5030 3605 5083 virtute
3640 5031 3751 5093 ﬁat,
3784 5046 3895 5100 quo

2330 5117 2715 5171 corroboratus
2742 5125 2792 5171 et
2841 5118 3014 5173 ﬁdelis
3057 5120 3404 5175 Christianus
3431 5122 3763 5187 nominetur,
3793 5121 3889 5190 qui

2330 5207 2533 5261 Christi
2560 5208 2788 5278 gratiam
2818 5210 3142 5279 susceperit,
3201 5219 3255 5265 et
3302 5212 3391 5265 cui
3425 5213 3556 5267 fides
3602 5212 3887 5275 habeatur,

2330 5302 2534 5370 quique
2558 5302 2611 5354 in
2648 5300 2850 5370 Spiritu
2882 5311 3072 5356 sancto
3110 5307 3439 5358 curriculum
3485 5305 3606 5358 vitae
3631 5320 3740 5359 sua:
3769 5318 3884 5356 mo-

2329 5394 2568 5446 deretur.
2603 5393 2679 5445 Ita
2712 5393 2855 5446 enim
2881 5408 2985 5447 non
3019 5393 3176 5448 aliter
3192 5395 3497 5464 quempiam
3520 5395 3887 5449 Christianum

2332 5480 2469 5547 ﬁeri,
2505 5492 2556 5536 et
2584 5496 2703 5535 esse
2740 5482 2921 5537 datur.
2958 5481 3113 5538 Prior
3153 5498 3279 5538 vero
3319 5484 3407 5540 ille
3436 5484 3689 5554 gravibus
3710 5481 3887 5550 poenis

2878 5685 2917 5714 ²¹
2949 5681 3099 5738 Psal.
3128 5683 3347 5757 01,20.
3442 5683 3482 5712 "
3515 5679 3676 5730 “chr.
3712 5696 3762 5741 ι.
3798 5679 3892 5735 ἓξ).
