4128 6338
137 387 242 452 329

1569 394 1848 454 ORATIO
1887 395 2004 457 Ili.

3274 407 3378 470 330

139 511 192 555 ct
228 500 808 556 animadversionibns
842 511 1064 571 peccata
1092 504 1326 558 admissa
1350 519 1708 574 compensare.
1739 509 1786 564 Λ
1815 507 2034 574 quidam
2069 517 2159 562 aut
2197 508 2431 563 ministri
2470 511 2855 577 ecclesiastici,
2891 523 2983 568 aut
3047 520 3376 580 sacerdotes,

139 595 324 654 debet,
367 600 424 646 et
466 594 738 663 lacrymas
774 595 837 646 ad
882 594 1132 662 baptismi
1182 595 1381 650 fontem
1419 611 1714 663 exaequan-

138 683 268 737 dum
311 684 567 749 fundere,
603 699 666 737 ae
704 684 867 739 Deum
901 703 1056 740 orare
1111 697 1390 756 prmterea,
1440 698 1498 740 ut
1542 703 1713 753 usque

136 777 201 826 ad
238 775 397 827 ﬁnem
424 778 726 830 curationis
757 788 966 832 etatem
992 780 1187 851 degere
1221 780 1325 832 sibi
1360 781 1714 842 concedatur,

140 885 200 920 ne
240 877 365 920 ante
395 870 735 924 sanationem
774 873 1034 940 abreptus
1085 882 1139 927 et
1186 876 1476 925 damnatus
1511 871 1562 922 in
1627 886 1716 939 ge-

139 960 345 1021 h--nna,
401 974 499 1027 pro
551 975 615 1012 eo
650 975 712 1014 ac
771 965 989 1023 meruit,
1045 949 1338 1016 torreatur.
1400 962 1530 1025 Quis
1569 964 1713 1014 enim

138 1051 444 1119 pt'.t!stabit,
488 1054 674 1107 tandiu
711 1056 834 1106 dum
882 1067 1128 1120 curetur,
1167 1056 1283 1109 fore
1332 1045 1716 1122 superstitem?

209 1137 308 1192 llic
345 1142 560 1194 vincula
593 1157 731 1211 opus
760 1153 908 1208 sunt,
961 1145 1049 1197 hic
1093 1143 1715 1206 excommunicationes,

137 1231 226 1286 hic
258 1234 536 1287 diuturna:
561 1236 1003 1305 Iaerymationes,
1053 1236 1140 1290 hic
1172 1233 1594 1303 genuﬂexiones,
1632 1248 1718 1286 ra-

145 1339 377 1391 tusque,
407 1334 460 1378 et
496 1329 584 1380 vix
641 1329 838 1395 aliquis
884 1344 1006 1380 cum
1063 1326 1311 1380 fidelibus
1365 1340 1712 1394 congressus.

133 1418 209 1468 Ac
240 1417 352 1469 tale
378 1419 598 1485 quidem
649 1418 918 1485 judicium
957 1419 1099 1471 haud
1153 1419 1414 1485 injustum
1452 1428 1552 1470 est.
1607 1416 1715 1470 Cur

132 1507 278 1559 enim
313 1511 405 1574 qui
439 1510 681 1562 divinum
716 1511 1034 1578 mysterium
1064 1512 1336 1577 cognovit,
1388 1518 1441 1562 et
1481 1509 1711 1576 accepit,

134 1617 242 1653 non
293 1603 485 1654 cavit?
523 1602 758 1668 Larisam
819 1603 962 1657 hunc
1006 1603 1198 1656 Adami
1244 1604 1398 1672 lapsu
1449 1605 1711 1658 minorem

134 1691 324 1745 dicere
358 1708 466 1745 non
512 1703 708 1760 porest.
742 1694 835 1748 llle
860 1697 1082 1760 etenim,
1120 1696 1164 1750 si
1213 1696 1378 1751 Deum
1411 1713 1532 1752 esse
1563 1699 1616 1751 in
1652 1713 1711 1752 se

135 1783 413 1844 novissm,
446 1785 509 1837 de
538 1785 714 1838 fructu
761 1786 1228 1855 przevaricationis
1269 1805 1374 1842 non
1410 1797 1707 1858 gustasset.

136 1870 198 1922 Et
233 1872 560 1939 quanquam
598 1877 838 1942 seipstun
887 1891 993 1929 non
1036 1886 1193 1929 norat
1231 1877 1402 1946 prius,
1447 1893 1569 1930 eum
1601 1875 1711 1930 Deo

134 1960 474 2029 privaretur,
513 1972 689 2016 tamen
749 1973 933 2031 postea
971 1965 1037 2030 ‘iu
1077 1965 1264 2019 habitu
1304 1965 1576 2034 cognovit.
1613 1967 1711 2018 Ast

133 2051 220 2104 hic
254 2069 353 2121 per
387 2063 633 2106 sanctum
667 2056 935 2124 baptisma
968 2055 1246 2110 Christum
1284 2073 1312 2109 a
1350 2073 1406 2110 se
1433 2058 1708 2126 cognitum

133 2149 318 2200 nudus
380 2147 652 2207 induerat.
699 2157 756 2200 ut
814 2151 1078 2217 scriptum
1130 2159 1211 2202 est
1272 2151 1340 2203 ab
1394 2149 1705 2218 Apostolo:

133 2237 450 2303 Quicunque
495 2241 546 2290 in
591 2237 800 2291 Christo
859 2240 1113 2306 bnptisati
1143 2242 1290 2302 estis,
1331 2240 1597 2294 Christum
1631 2243 1712 2294 in-

130 2328 327 2381 duistis
354 2330 421 2382 ".
457 2328 646 2382 Omnis
685 2331 827 2382 enim
863 2331 1059 2384 mentis
1107 2341 1157 2383 ct
1189 2333 1403 2384 consilii
1439 2333 1709 2400 particeps

132 2421 340 2481 anima,
377 2436 443 2473 ex
477 2423 592 2490 ipso
625 2422 895 2490 baptismo
927 2424 1127 2476 Christi
1182 2428 1410 2491 gratiam
1445 2425 1703 2490 consequi

132 2515 499 2583 intelligitur:
536 2517 715 2568 statim
750 2515 950 2584 quippe
970 2515 1222 2568 Christus
1251 2516 1384 2569 inea
1417 2515 1702 2568 formatur.

133 2602 304 2655 l’orro
345 2605 414 2656 ab
450 2605 744 2658 infantibus
799 2605 1104 2673 baptizatis,
1159 2607 1411 2672 baptismi
1459 2606 1704 2672 sanctifi-

132 2691 280 2742 catio
319 2700 542 2758 pr0pter
573 2695 933 2758 ignorantiam
966 2710 1072 2746 non
1099 2696 1367 2758 sentitur;
1419 2705 1502 2748 est
1532 2697 1702 2764 siqni-

130 2782 249 2835 tlem
297 2784 690 2836 itth‘llCCiuuliS
721 2800 937 2837 sensus.
970 2783 1087 2838 Jam
1120 2799 1248 2838 vero
1284 2787 1536 2852 paulatim
1572 2797 1705 2838 tem-

136 2890 265 2943 pore
301 2875 655 2942 procedente,
698 2877 754 2927 ﬁt
781 2880 946 2928 etiam
987 2877 1320 2929 immutatio.
1373 2875 1433 2927 Et
1483 2879 1536 2929 in
1583 2879 1705 2931 aliis

131 2966 356 3035 quidem
388 2982 613 3033 prorsus
637 2967 1002 3036 exstinguitur
1034 2985 1044 3019 :
1077 2967 1127 3020 in
1167 2968 1287 3021 aliis
1313 2968 1529 3035 quidam
1567 2969 1706 3035 igni-

130 3057 238 3110 culi
281 3066 524 3117 maneut,
557 3060 862 3125 iterumque
894 3075 985 3126 per
1014 3058 1194 3120 (idem,
1225 3059 1622 3111 institutionem
1653 3067 1705 3112 et

1820 607 1911 648 aut
1943 599 2208 668 episcopi,
2242 611 2293 655 et
2318 601 2620 656 animarum
2657 605 2898 674 magistri
2933 607 3064 672 sint,
3100 617 3156 662 et
3201 612 3380 662 veniat

1818 687 1903 753 [ex
1938 690 2032 742 ira:
2072 690 2166 744 Dei
2193 691 2238 724 "
2267 709 2427 762 super
2477 710 2596 758 nos,
2642 698 2685 749 si
2722 713 2826 750 non
2863 699 2932 752 sit
2961 700 3050 768 qui
3101 700 3381 768 imperitus

1819 781 2069 833 mStituat
2099 791 2151 835 et
2189 785 2419 846 erudiat,
2458 787 2930 858 divinissimaque,
2984 802 3038 846 ct
3080 794 3378 846 humanum

1818 879 2035 936 captum
2071 875 2352 939 superanti
2385 875 2601 932 fictione
2626 881 2872 949 refingat.
2908 881 3054 936 lianc
3084 887 3228 938 enim
3264 887 3380 939 ειιὶ-

1819 974 1980 1024 quam
2012 959 2113 1023 fas,
2151 962 2252 1015 nisi
2281 967 2428 1031 prius
2467 976 2671 1023 naturae
2712 972 2906 1026 divitue
2949 979 3207 1040 consorti,
3257 979 3377 1048 Spi-

1820 1051 1957 1102 ritus
1990 1052 2162 1103 sancti
2196 1057 2530 1120 cathedram,
2563 1068 2620 1111 ut
2654 1060 2725 1113 ita
2771 1064 2969 1128 dicam,
3007 1070 3372 1135 magistratum

1822 1141 2194 1196 conscendere
2223 1158 2237 1196 :
2268 1145 2465 1213 alioqui
2500 1147 2593 1202 Dei
2627 1152 2889 1207 adversus
2939 1172 2995 1210 se
3027 1157 3158 1211 iram
3191 1161 3377 1212 conci-

1818 1231 1971 1284 tabit.
2005 1231 2115 1285 Ilac
2145 1249 2334 1303 nempe
2358 1242 2422 1290 de
2443 1253 2604 1291 causa
2635 1243 2790 1295 multi
2817 1246 2868 1295 in
2891 1248 3051 1300 verbo
3076 1249 3370 1316 sapientes,

1819 1322 1906 1373 alii
1963 1322 2185 1377 hrcresis
2235 1335 2488 1382 auctores
2537 1344 2599 1382 ac
2647 1332 2810 1386 duces
2866 1337 3224 1403 exstiterunt;
3283 1342 3371 1393 alii

1820 1412 2195 1466 haereticorum
2260 1419 2604 1472 sermonibus
2663 1425 2809 1490 capti
2891 1438 3035 1479 sunt.
3106 1430 3373 1486 Craterum

1817 1491 2092 1572 quoniam
2131 1506 2592 1572 quemadmodum
2667 1527 2694 1564 ιι
2758 1512 2941 1567 divino
3013 1518 3371 1590 baptismate.

1819 1595 1964 1647 velut
2018 1608 2046 1646 a
2079 1596 2368 1666 principiis
2422 1599 2698 1654 informati
2761 1613 2969 1671 essent,
3021 1623 3124 1661 non
3173 1613 3376 1667 intelle-

1816 1695 2032 1750 xerunt,
2085 1685 2316 1756 ingressi
2353 1689 2506 1757 prius
2541 1707 2637 1760 per
2667 1697 3040 1761 paenitentiam
3099 1709 3152 1752 et
3199 1704 3378 1771 cogni-

1817 1777 2038 1841 tionem,
2063 1787 2121 1830 ut
2149 1793 2311 1849 supra
2352 1779 2614 1861 diximus,
2648 1785 3012 1842 intercedente
3038 1790 3379 1858 impositiene

1818 1883 2076 1922 manuum
2107 1886 2216 1939 per
2268 1873 2503 1929 arbitros
2527 1884 2579 1928 ct
2619 1893 2935 1935 meonomos
2993 1883 3170 1952 magni
3221 1885 3380 1953 hujus

1816 1962 2079 2028 mystcrii,
2114 1972 2167 2016 et
2203 1979 2373 2019 sacrae
2404 1967 2646 2022 scicntia:
2679 1971 2903 2038 peritos,
2939 1973 3377 2030 informationem

1815 2050 1881 2103 ab
1926 2051 2103 2113 initio,
2135 2056 2480 2124 Specicmque
2511 2073 2576 2111 ae
2609 2061 2834 2114 formam
2879 2065 3273 2134 Spiritualium,
3326 2080 3378 2122 et

1815 2143 2166 2208 ﬂl)SliC0l'lllll
2222 2145 2504 2201 habiluum
2543 2164 2764 2204 suorum
2830 2166 3269 2224 consequantur;
3321 2172 3377 2211 ut

1813 2233 2142 2296 continuati.
2175 2238 2224 2289 in
2252 2239 2403 2293 vinea
2438 2239 2529 2293 Dei
2557 2243 2816 2308 laborent,
2844 2263 2907 2299 ne
2939 2248 3070 2301 lides
3111 2252 3367 2318 ipsorum.

1812 2335 1861 2374 et
1901 2325 2246 2380 confessione
2286 2329 2438 2383 irrita
2485 2333 2573 2394 sit,
2620 2344 2670 2388 et
2717 2335 2962 2393 Christus
3012 2344 3373 2412 nequidquam

1813 2417 2057 2471 creditus
2089 2425 2140 2470 et
2190 2420 2470 2488 adoratus,
2516 2426 2648 2478 nihil
2682 2428 2760 2480 eis
2815 2431 3005 2498 prosit.
3053 2433 3158 2487 Nec
3203 2437 3372 2497 enim,

1811 2516 1868 2557 ut
1899 2509 2164 2576 quiSpiam
2193 2511 2422 2566 fortasse
2448 2516 2665 2579 dixerit,
2702 2518 2838 2573 Deus
2867 2521 3029 2576 homo
3063 2535 3222 2579 natus
3260 2537 3367 2588 est,

1810 2607 1868 2648 ut
1904 2598 1976 2652 ita
2029 2601 2353 2665 simpliciter
2405 2604 2543 2659 Deus
2591 2607 2749 2663 homo
2802 2613 3135 2678 crederetur,
3187 2619 3371 2688 illique

1805 2690 2051 2744 ador-aiio
2082 2694 2479 2750 adhiberetur:
2520 2714 2702 2752 verum
2761 2711 2822 2753 ut
2875 2719 2975 2758 nos
3025 2705 3219 2759 divinas
3267 2725 3371 2762 na-

1810 2791 1945 2833 turae
1976 2798 2108 2837 cons
2133 2795 2257 2838 irtcs
2283 2787 2555 2852 heremus,
2581 2790 2722 2843 sicut
2743 2794 2860 2860 ipse
2891 2805 3095 2850 natura:
3125 2800 3370 2853 hmnanm

1809 2885 2111 2925 cnnsortem
2145 2890 2201 2928 se
2235 2875 2473 2940 fecisset,
2515 2895 3012 2954 eognoscerentque
3048 2891 3228 2955 adepti
3267 2893 3370 2943 hoe

1808 2963 2146 3015 consortium
2195 2967 2440 3034 mysterii
2474 2969 2599 3030 vim,
2642 2982 2695 3024 et
2750 2974 2952 3041 gratias
3015 2991 3254 3044 agerent.
3309 2981 3374 3033 Et

1809 3062 2078 3122 quotquot
2109 3057 2267 3123 hujus
2291 3061 2556 3112 consortii
2591 3064 2740 3129 gnari
2775 3073 2922 3129 sunt,
2947 3081 3008 3120 ac
3039 3071 3101 3120 de
3121 3085 3182 3122 co
3208 3072 3370 3138 probe

133 3164 287 3217 spem
324 3163 520 3219 magna
555 3149 1091 3204 ha-cuuisericordia
1146 3150 1482 3202 accenditur.
1525 3150 1584 3202 lu
1625 3148 1778 3213 hisC
1808 3145 2076 3213 iudicant,
2116 3148 2166 3200 hi
2197 3160 2322 3202 sunt
2363 3153 2522 3205 amici
2571 3152 2796 3218 Christi,
2848 3157 2930 3211 his
2965 3162 3231 3214 creditum
3290 3175 3372 3218 est

136 3233 378 3310 namque
427 3242 521 3310 qui
580 3251 940 3310 spcraverunt
979 3247 1032 3294 et
1077 3241 1458 3301 crediderunt,
1499 3243 1704 3296 sensim

131 3336 312 3403 ignem
349 3333 503 3386 illum
531 3335 1171 3400 exsuscitat,eorumquc
1204 3332 1567 3400 intelligentia:
1596 3347 1708 3384 ma-

132 3425 388 3481 nifestat.
431 3425 634 3480 Deinde
663 3440 784 3478 cum
817 3424 1016 3493 gaudio
1065 3423 1348 3476 titionibus
1384 3425 1706 3478 humilitatis

127 3534 192 3572 ac
231 3518 632 3572 misericordia:
692 3516 981 3582 subjectis,
1033 3513 1248 3567 ﬂamma
1297 3516 1516 3575 emicat,
1573 3516 1706 3568 vici-

131 3625 350 3679 nosque
385 3610 622 3662 illustrat
662 3625 674 3660 :
712 3609 875 3669 illius,
913 3607 1036 3675 quia
1072 3621 1177 3658 non
1209 3621 1270 3657 ex
1305 3605 1482 3667 nobis,
1511 3607 1603 3661 sed
1640 3623 1705 3660 ex

132 3703 244 3755 Deo
282 3711 371 3755 est.
405 3699 813 3762 misericordia;
849 3698 1034 3762 hujus,
1093 3698 1221 3765 quia
1274 3697 1702 3750 misericordiam

128 3801 525 3853 consecutum,
555 3791 709 3859 plane
744 3789 1151 3845 misericordem
1181 3806 1302 3843 esse
1349 3791 1522 3843 deret.
1550 3788 1703 3853 Quod

130 3887 173 3938 si
203 3886 297 3952 qui
336 3885 468 3936 item
498 3884 667 3935 altero
700 3884 965 3951 baptismo
999 3898 1094 3949 per
1122 3882 1424 3949 angelicum
1459 3882 1701 3933 habitum

129 3989 385 4043 accrpto,
422 3974 552 4042 quid
587 3974 918 4040 acciperent,
957 3987 1063 4023 non
1114 3971 1517 4029 intellexerunt,
1563 3971 1703 4022 divi-

130 4087 254 4123 nam
289 4079 346 4122 et
376 4067 799 4135 omnipotentem
839 4066 1013 4118 sancti
1052 4061 1288 4131 Spiritus
1319 4064 1568 4115 virtutem
1597 4078 1700 4114 non

134 4163 492 4229 participant,
527 4158 697 4225 gratia
742 4170 803 4207 ea
863 4154 1116 4207 similiter
1161 4153 1430 4216 avolante,
1483 4161 1538 4203 ut
1584 4168 1703 4222 qua:

132 4271 227 4322 per
260 4267 424 4320 aquas
457 4250 788 4316 baptismum
834 4246 1031 4297 collata
1081 4254 1163 4296 est
1203 4262 1214 4295 :
1249 4252 1300 4295 et
1339 4253 1554 4311 propter
1585 4255 1703 4296 stu-

132 4359 317 4411 porem
363 4342 544 4392 adhuc
582 4341 646 4389 ad
685 4337 884 4389 malum
926 4336 1078 4413 proni
1113 4341 1238 4387 sunt
1272 4343 1327 4386 ut
1369 4336 1551 4401 prius;
1586 4335 1702 4386 ina-

132 4440 215 4487 nis
244 4445 332 4487 cst
375 4447 566 4486 eorum
609 4431 762 4489 lidcs,
805 4444 1112 4495 vanumque
1155 4430 1454 4480 secundum
1488 4442 1699 4496 quoque

130 4529 428 4594 baptisma,
476 4539 597 4575 cum
637 4537 830 4573 sensus
859 4522 1199 4584 expertibus,
1242 4528 1295 4570 et
1340 4521 1568 4571 mortuis
1619 4521 1701 4570 in-

129 4618 395 4670 dumenta
425 4629 578 4665 sacra
605 4614 712 4666 sint
755 4613 1030 4680 imposita.
1068 4611 1183 4664 Una
1215 4621 1298 4665 est
1329 4614 1472 4665 enim
1508 4614 1697 4666 salutis

131 4709 350 4771 notitia,
383 4707 512 4772 quia
560 4714 613 4756 et
649 4704 848 4755 veritas
899 4718 1063 4755 unum
1118 4713 1220 4765 est,
1285 4703 1449 4755 menti
1501 4702 1702 4755 intelli-

133 4801 299 4866 genti,
339 4809 394 4849 et
445 4795 763 4864 intelligenti
799 4798 992 4847 animae
1016 4794 1230 4845 donat-.1:
1272 4808 1366 4861 per
1411 4793 1569 4846 [idem
1608 4810 1699 4847 su-

135 4906 314 4956 perna:
376 4888 567 4955 gratiae
627 4887 960 4940 sanctissimi
1015 4885 1249 4954 Spiritus
1315 4886 1701 4940 intellectualis

135 4982 400 5048 cognitio.
433 4980 737 5046 [lignantur
764 4979 908 5029 enim
957 4979 1046 5029 tali
1085 4978 1278 5046 gratia,
1313 4978 1403 5046 qui
1446 4977 1498 5030 in
1548 4978 1707 5032 Chri-

137 5081 301 5131 stum,
330 5085 462 5122 cum
499 5069 931 5138 baptizarentur,
965 5070 1338 5133 crediderunt,
1370 5068 1458 5120 alii
1488 5069 1704 5138 quidem

141 5174 274 5218 utet
302 5165 468 5230 signa
503 5161 741 5226 faciant;
777 5161 993 5229 plurimi
1033 5168 1091 5212 ut
1146 5158 1213 5212 ad
1266 5161 1468 5212 malum
1515 5161 1709 5215 inuno.

142 5258 294 5318 bites,
335 5255 406 5305 ad
443 5255 643 5304 bonum
677 5264 868 5305 contra
931 5252 1220 5320 perfat-iles
1256 5265 1623 5320 perseverent,
1656 5261 1708 5307 et

140 5348 402 5417 quidquid
450 5343 559 5396 Deo
597 5346 791 5408 placet,
823 5344 870 5394 id
920 5344 971 5395 itt
1007 5353 1111 5394 Vita
1163 5346 1389 5413 impigre
1421 5355 1471 5398 et
1521 5344 1701 5398 exsul-

142 5439 366 5491 tabundi
407 5443 820 5492 censet-tentet.
856 5435 952 5493 liic
996 5457 1185 5494 eorum
1231 5440 1363 5494 ordo
1393 5447 1497 5501 est,
1526 5441 1616 5501 qui
1649 5439 1701 5491 in

144 5532 420 5585 Christum
449 5535 824 5585 trmltileruttt.

216 5629 319 5683 Sed
353 5632 666 5687 videndum,
699 5642 761 5675 ne
795 5625 1009 5689 quando
1043 5634 1236 5692 prmter
1281 5640 1425 5677 nunc
1457 5627 1701 5677 ordinem

215 5809 256 5837 ⁸⁸
285 5806 466 5859 Calat.
502 5819 587 5858 ιιι,
619 5801 706 5852 ΞΤ.
785 5799 827 5828 ¹¹¹
861 5799 998 5847 Psal.
1030 5813 1217 5858 Limn,
1243 5798 1335 5851 95.

473 5897 742 5956 Ρλτιιῡι..
779 5894 871 5951 ΠΧ
893 5895 968 5951 Χ.

1413 5801 1454 5828 ¹⁴
1489 5799 1644 5851 Rom.
1685 5814 1806 5856 vttl.

1814 3239 1913 3290 hoc
1947 3240 2288 3307 mysterium,
2349 3251 2403 3294 et
2452 3243 2502 3294 hi
2533 3244 2695 3296 vitam
2729 3245 2932 3300 Christi
2989 3248 3367 3305 imitabuntur.

1811 3329 1910 3394 Qui
1951 3341 2130 3385 autem
2162 3332 2280 3397 ejus
2314 3343 2518 3388 natnrtc
2569 3337 2879 3406 participes,
2907 3339 3041 3394 'sive
3089 3354 3370 3396 consortes

1812 3423 1936 3477 facti
1979 3419 2131 3488 sunt;
2170 3436 2262 3478 aut
2288 3441 2409 3479 cum
2461 3428 2584 3482 facti
2634 3441 2838 3492 essent,
2879 3448 2990 3485 rem
3029 3434 3368 3500 ignorarunt,

1810 3512 1847 3564 ii
1877 3513 2059 3566 hostes
2093 3514 2212 3581 ejus
2241 3526 2369 3567 sunt
2405 3535 2416 3568 :
2444 3527 2722 3585 propterea
2753 3519 2896 3587 quod
2930 3522 3106 3576 omnis
3130 3527 3218 3588 qui
3247 3539 3368 3576 cum

1808 3615 1998 3658 natura
2042 3607 2226 3659 divina
2259 3608 2390 3660 nihil
2425 3623 2717 3662 commune
2764 3612 2942 3675 habet,
2975 3614 3212 3667 carnalis
3265 3630 3367 3676 est.

1805 3707 1857 3748 et
1902 3696 2008 3748 Deo
2034 3698 2251 3764 placere
2279 3713 2383 3750 non
2420 3709 2600 3766 potest
2632 3717 2645 3752 :
2683 3700 2976 3754 Prudentia
3009 3705 3146 3756 enim
3191 3707 3368 3758 carnis

1805 3787 2022 3838 inimica
2050 3798 2127 3840 est
2163 3789 2269 3841 Deo
2292 3791 2356 3850 ",
2391 3800 2438 3841 et
2467 3807 2612 3856 caro,
2675 3802 2720 3844 et
2757 3797 2975 3863 sanguis
3017 3814 3230 3863 regnum
3272 3799 3361 3852 Dei

1806 3895 1908 3930 non
1936 3879 2292 3944 possidebunt.
2325 3879 2443 3931 Non
2461 3884 2598 3934 enim
2639 3885 2901 3950 corruptio
2925 3887 3364 3954 incorruptionem

1805 3970 2180 4032 po«sidebit";
2244 3970 2336 4022 δι’ίί
2392 3973 2572 4024 audiet
2624 3973 2912 4041 aliquando
2949 3995 2962 4029 :
2994 3976 3170 4029 Etiam
3227 3983 3363 4048 quod

1805 4061 2005 4112 videtur
2042 4061 2249 4123 habere,
2279 4061 2550 4129 auferetur
2588 4066 2652 4115 ab
2696 4081 2774 4118 eo.
2808 4066 3038 4120 Habenti
3079 4073 3214 4122 enim
3267 4074 3364 4124 da-

1807 4151 1967 4211 bitur,
1997 4161 2046 4203 et
2071 4154 2356 4205 abundabit
2379 4155 2443 4214 ⁸⁸,
2490 4167 2708 4223 propter
2735 4158 2964 4225 gratiam
3018 4160 3361 4225 illllllt‘ttSHltl,

1805 4243 2205 4306 inexhaustam,
2261 4245 2819 4312 snperahundantem,
2856 4259 2906 4300 et
2939 4264 3057 4316 qua:
3115 4254 3360 4306 imminui

1806 4343 1967 4400 atque
2004 4336 2252 4388 consumi
2303 4352 2405 4386 non
2445 4344 2642 4403 potest.
2687 4337 2815 4390 Nam
2864 4355 3126 4407 ponamus
3172 4359 3361 4410 quem-

1806 4425 1946 4492 piam
1973 4426 2118 4478 mille
2152 4439 2323 4480 annos
2349 4427 2544 4491 vivere,
2583 4443 2645 4482 ac
2693 4445 2788 4495 per
2837 4429 3063 4483 totidem
3092 4450 3262 4487 annos
3308 4437 3362 4487 in

1805 4519 1917 4572 dies
1948 4518 2196 4586 singulos
2227 4519 2406 4572 divina
2441 4521 2612 4586 gratia
2639 4523 2911 4590 perfundi,
2946 4539 3071 4576 eum
3104 4541 3232 4579 sane
3273 4528 3364 4580 illa

1804 4625 1962 4676 supra
1996 4611 2272 4662 Christum
2321 4612 2725 4677 quodammodo
2763 4613 2980 4674 locabit,
3013 4632 3137 4668 cum
3189 4625 3362 4669 totum

1805 4701 2022 4769 impleat
2058 4701 2348 4768 (siquidem
2384 4703 2499 4769 ipse
2529 4713 2690 4755 (etate
2715 4711 2768 4756 et
2805 4706 2974 4772 gratia
2999 4705 3365 4773 proﬁciebat),

1805 4793 1919 4858 ipsa
1970 4800 2148 4843 tamen
2218 4793 2387 4854 salva,
2453 4793 2696 4861 nihilque
2761 4796 3043 4848 imminuta
3104 4797 3364 4851 tuanehit.

1811 4883 2192 4936 Verumtamen
2217 4901 2319 4939 non
2344 4895 2420 4937 est
2446 4901 2669 4954 prorsus
2699 4887 3087 4949 necessarium,
3111 4888 3366 4957 paulatim

1810 4992 1928 5030 eam
1961 4979 2359 5039 inundare,aut
2400 4977 2592 5042 minui,
2635 4986 2692 5032 et
2724 4980 2985 5046 paulatim
3027 4979 3366 5034 deiicientem

1811 5082 2041 5120 Vacuum
2070 5067 2291 5121 0|||||ll|0
2348 5072 2604 5124 deserere
2655 5086 2778 5122 eum
2807 5070 2898 5137 qui
2930 5071 3020 5123 illa
3067 5074 3365 5140 spoliatur.

1810 5167 1863 5211 et
1891 5174 2012 5212 cum
2045 5160 2202 5227 quasi
2232 5160 2370 5211 clam
2403 5163 2709 5224 recesserit,
2755 5163 2854 5230 ipsi
2920 5164 3082 5231 hujus
3121 5177 3363 5215 recessus

1816 5266 2038 5303 sensum
2077 5267 2183 5303 non
2217 5254 2529 5319 relinquere

2320 5363 2648 5417 ORATIO
2729 5365 2839 5418 111.

2406 5472 2780 5518 Ληαγκεκτυῃ.

1820 5551 1969 5614 QtttP,
2003 5562 2048 5602 ct
2085 5561 2203 5616 quot
2230 5552 2333 5601 sint
2363 5552 2551 5602 tlirma'
2585 5548 2891 5612 ((qntttmnis
2920 5562 3131 5609 genera.
3162 5545 3354 5610 Cogno-

1887 5624 2133 5671 scentiuiu
2178 5631 2310 5687 quoii
2366 5622 2500 5671 Deus
2554 5634 2655 5679 sit;
2702 5620 2823 5679 (μακά
2886 5626 3055 5666 aute-it
3113 5632 3200 5675 si,
3266 5634 3355 5666 nov.

2551 5792 2593 5820 ’ί
2619 5790 2812 5843 Matth.
2846 5805 2963 5843 aut.
2985 5789 3075 5839 Ἢ.

2984 5880 3050 5944 li

1852 5798 1903 5848 τ.
1980 5798 2020 5827 ²⁷
2050 5795 2065 5846 l
2101 5798 2222 5853 Cur.
2256 5813 2342 5858 xv,
2383 5795 2472 5849 50.
