4164 6342
713 423 827 484 339

2000 427 2379 490 SYMEONIS
2418 427 2806 489 JUNlORlS.

3866 421 3982 488 340

717 539 846 593 dote
891 553 1245 608 congressus,
1303 541 1568 596 rationem
1639 545 1888 599 veritatis
1955 541 2526 614 edocebitur,Alpse
2578 546 2722 601 enim
2781 547 2959 601 adhuc
3024 549 3163 601 inter
3225 555 3472 601 mortuos
3533 554 3817 610 versatur,
3877 559 3985 602 nec

716 638 983 699 quatenus
1013 631 1062 684 ei
1118 629 1470 702 Evangelium
1500 633 1729 703 justitite
1763 638 2061 692 revelatum
2134 633 2294 689 fuerit

714 729 768 774 et
822 729 954 776 tunc
1001 731 1188 792 aptum
1238 734 1292 778 et
1340 711 1670 782 conveniens
1719 729 2035 785 Christiano
2083 729 2293 784 homini

717 812 842 866 vitae
871 813 1185 870 institutum
1222 828 1485 886 capesset.

792 903 1121 960 Discendum
1197 917 1278 961 est
1331 925 1462 981 ergo
1526 912 1707 981 prius,
1763 917 1894 987 quld
1942 918 2012 974 sit
2061 938 2074 973 :
2116 919 2298 977 Storia

719 1007 774 1057 in
813 998 1092 1054 altissimis
1123 999 1253 1065 Deo,
1283 1011 1331 1054 et
1377 1005 1430 1057 in
1480 1014 1630 1062 terra
1669 1023 1776 1077 pax
1813 1009 2105 1081 hominibus
2149 1014 2299 1069 bona

717 1094 1004 1148 voluntatis
1050 1095 1114 1148 ".
1150 1094 1280 1162 Quae
1322 1099 1392 1153 sit
1443 1099 1585 1155 bona
1633 1102 1903 1158 voluntas.
1933 1103 2073 1170 Quid
2117 1105 2294 1166 illud:

716 1183 858 1238 Deus
894 1183 1143 1241 Dominus
1166 1227 1180 1251 ,
1211 1199 1259 1243 et
1285 1191 1465 1244 illuxit
1497 1192 1643 1246 nobis
1676 1193 1743 1247 ".
1789 1192 1930 1260 Quid
1966 1196 2098 1250 illud
2127 1214 2140 1251 :
2172 1198 2297 1252 illu-

716 1290 850 1329 sere.
903 1276 1254 1334 Christianus
1305 1282 1450 1335 enim
1508 1283 1767 1352 quilibet,
1817 1287 1908 1354 qui
1967 1288 2130 1341 Deum
2177 1289 2300 1358 ejus

714 1365 885 1433 jussis
925 1367 1273 1436 factitaiidis,
1327 1371 1707 1444 mandatisque
1764 1378 2139 1434 custodiendis
2191 1396 2296 1435 non

718 1455 1010 1524 gloriﬂeat,
1049 1460 1182 1514 nihil
1251 1463 1318 1517 ab
1370 1465 1435 1518 iis
1485 1464 1686 1530 distat,
1720 1469 1812 1537 qui
1860 1469 1913 1524 in
1965 1469 2132 1525 Deum
2191 1488 2298 1526 non

718 1543 970 1610 credunt,
1014 1550 1117 1602 nisi
1163 1552 1325 1604 etiam
1377 1551 1568 1608 iisdem
1627 1553 1865 1611 deterior
1919 1566 2006 1612 est
2045 1575 2056 1612 :
2099 1557 2156 1612 Si
2183 1575 2300 1630 ‘ego

719 1629 887 1686 Pater
912 1651 1025 1689 sum
1046 1677 1061 1705 ,
1094 1638 1293 1708 inquit,
1322 1641 1409 1694 ubi
1433 1653 1509 1696 est
1537 1646 1704 1699 honor
1743 1649 1929 1701 meus?
1960 1657 2008 1700 et
2035 1650 2080 1700 si
2118 1649 2299 1702 Domi-

719 1740 816 1777 nus
869 1742 985 1778 sum
1012 1767 1026 1790 ,
1061 1729 1148 1780 ubi
1203 1740 1280 1782 est
1322 1732 1479 1784 timor
1522 1750 1665 1787 meus
1699 1736 1744 1768 "
1786 1737 1808 1788 l
1859 1734 2066 1792 Placuit
2108 1749 2315 1793 autetir

721 1813 831 1869 Deo
859 1827 911 1871 et
937 1816 1082 1872 Patri
1115 1821 1407 1875 humanam
1443 1832 1717 1891 naturam,
1753 1843 1873 1896 qua!
1910 1843 1939 1882 a
1974 1828 2081 1882 vita
2119 1830 2298 1882 divina

2410 636 2592 690 hausit
2619 653 2647 690 a
2683 636 2790 692 Deo
2821 653 2999 692 rorem
3029 676 3044 702 ,
3090 639 3184 707 qui
3219 638 3578 706 intelligentia
3628 638 3985 707 perspicitur,

2409 738 2463 784 et
2504 731 2738 786 mortuis
2790 733 3083 785 sanitatem
3118 729 3378 800 impertit.
3419 727 3624 782 Christi
3661 729 3860 798 quippe
3900 743 3991 782 re-

2409 824 2678 880 surrectio
2706 832 2759 878 et
2794 808 3225 894 glortafnostra
3249 862 3262 886 ,
3297 821 3388 889 qui
3430 819 3621 888 sepulti
3660 819 3797 872 intra
3823 819 3986 886 jace-

2411 932 2530 973 Inus
2553 958 2567 980 ,
2593 918 2924 972 resurrectio
2945 925 3028 970 est
3055 953 3070 977 ,
3102 928 3223 982 quae
3247 929 3340 982 per
3377 913 3828 966 resurrectionem
3860 910 3988 978 ejus

2409 1005 2464 1059 in
2521 1005 2681 1059 nobis
2750 1004 2847 1069 tit,
2897 999 3225 1065 ostenditur,
3277 1009 3329 1053 et
3381 1007 3644 1068 apparet,
3682 1009 3740 1051 ut
3796 1005 3878 1052 est
3927 998 3986 1051 in

2409 1097 2756 1153 sanctissimo
2786 1093 3156 1164 responsorio,
3201 1090 3344 1161 quod
3388 1104 3483 1145 ore
3509 1097 3702 1144 nostro
3741 1087 3988 1156 quatidie

2407 1189 2776 1258 deprominms
2837 1205 2852 1241 :
2910 1185 3112 1241 Christi
3178 1183 3612 1238 resurrectionem
3645 1195 3652 1235 ‘,
3680 1179 3939 1250 speculati
3969 1222 3986 1243 ,

2410 1283 2690 1336 adoremus
2745 1291 2989 1332 sanctum
3030 1277 3311 1331 Dominum
3337 1274 3518 1329 Iesum
3560 1273 3828 1327 Christum
3857 1307 3868 1329 .
3896 1272 3992 1340 qui

2410 1377 2552 1431 solus
2583 1377 2724 1429 omni
2764 1384 2973 1443 peccato
3007 1383 3178 1427 vncut.
3238 1371 3332 1424 lle
3368 1370 3512 1424 enim
3543 1384 3664 1421 cum
3704 1381 3989 1436 rumquam

2410 1477 2689 1539 peccatum
2744 1468 2910 1522 ullum
2960 1466 3242 1520 admiSerit
3273 1503 3287 1526 ,
3324 1473 3382 1515 ut
3428 1461 3690 1529 scriptum
3730 1468 3810 1512 est
3839 1497 3854 1521 ,
3889 1471 3996 1510 nec

2411 1562 2573 1616 ullam
2649 1559 2836 1630 gloriae
2912 1573 3023 1612 sua:
3085 1556 3517 1610 lmmutationem
3593 1548 3993 1620 quoqnomodo

2411 1669 2605 1724 passus
2626 1693 2640 1717 ,
2687 1652 2777 1723 qui
2830 1657 3075 1719 resurget
3125 1648 3418 1715 aliquando
3446 1684 3463 1709 ,
3494 1652 3546 1699 et
3574 1641 3993 1713 glorificabitur,

2411 1743 2501 1814 qui
2530 1758 2695 1812 supra
2723 1741 2940 1795 modum
2971 1779 2984 1804 ,
3042 1747 3094 1793 et
3135 1754 3311 1806 supra
3329 1751 3542 1789 omnem
3581 1731 3944 1802 principatum
3979 1769 3995 1793 ,

2411 1842 2463 1887 ct
2495 1841 2814 1903 potestatem
2849 1831 3187 1901 glorificatns
3219 1835 3303 1882 est
3331 1867 3344 1890 ,
3378 1837 3431 1880 et
3464 1832 3647 1879 manet
3675 1825 3697 1875 ‘t
3750 1821 3850 1875 Sed
3898 1835 3996 1873 re-

719 1922 814 1975 μετ’
880 1915 1160 1976 peccaturo
1229 1912 1534 1968 desciverat
1564 1955 1576 1978 .
1625 1932 1922 1988 secumque
1989 1921 2301 1978 inimicitias
2330 1896 2376 1954 Β
2406 1896 2694 1988 ευιίτθριίο,
2727 1933 2781 1978 et
2822 1896 2993 1991 gloria
3033 1921 3277 1977 Christi.
3315 1928 3498 1972 nostra
3540 1925 3625 1970 est
3679 1915 3850 1984 gloria
3880 1949 3894 1972 .
3934 1918 3998 1963 ut

721 2010 1080 2067 susceperat,
1113 2015 1207 2070 per
1259 2003 1696 2061 incarnationem
1756 2008 1873 2062 Filii
1902 2011 2006 2065 sibi
2055 2014 2304 2067 reconci-

722 2089 894 2152 tiare,
932 2105 1167 2160 eamque
1211 2109 1334 2147 cum
1379 2096 1559 2151 divina
1615 2100 1722 2153 vita
1773 2100 1949 2156 denuo
2006 2105 2302 2174 copulare,

726 2183 936 2237 utilem
971 2186 1264 2254 Apostolus
1305 2190 1494 2244 scribit
1529 2187 1857 2261 :Justiﬁcati
1883 2212 1974 2263 per
2006 2197 2160 2265 ﬁdem
2201 2197 2306 2250 Do-

729 2275 856 2328 mini
893 2279 1060 2329 nostri
1104 2277 1229 2331 Iesu
1269 2279 1500 2344 Christi,
1534 2299 1712 2350 pacem
1757 2286 2006 2340 habemus
2036 2288 2103 2339 ad
2145 2287 2306 2341 Deum

724 2381 816 2430 ter
840 2369 1286 2420 conversationem
1315 2367 1365 2420 in
1399 2367 1607 2422 Christo
1643 2370 1687 2402 '°
1713 2413 1727 2425 .
1768 2370 1889 2439 Ipse
1921 2375 2057 2425 enim
2091 2385 2167 2428 est
2207 2389 2309 2441 pato

728 2467 908 2512 nostra
931 2497 944 2518 ,
979 2462 1068 2528 qui
1098 2459 1213 2528 fecit
1246 2469 1468 2528 utraque
1497 2477 1694 2528 unum,
1728 2475 1772 2515 et
1805 2465 2030 2517 medium
2061 2468 2309 2534 parietem

731 2552 974 2603 maceria-
1007 2552 1184 2614 solvit,
1208 2553 1518 2605 inimicitias
1557 2555 1609 2605 in
1643 2571 1805 2608 carne
1826 2573 1923 2608 sua
1954 2557 1994 2585 δ’
2036 2598 2051 2619 ,
2085 2571 2134 2611 et
2167 2558 2310 2625 paci-

729 2640 905 2708 ﬁcavit
963 2659 1052 2709 per
1097 2642 1409 2711 sanguinem
1457 2644 1626 2696 crucis
1667 2662 1777 2697 sua’
1811 2661 1901 2712 per
1938 2648 2267 2713 semetipsum
2298 2691 2310 2714 ,

733 2734 837 2788 sive
886 2750 1000 2802 qua:
1043 2735 1096 2787 in
1123 2735 1310 2796 terris,
1356 2736 1462 2789 sive
1500 2753 1617 2805 qua:
1647 2739 1699 2789 in
1741 2740 1883 2791 ctelis
1912 2751 2055 2792 sunt.
2107 2737 2170 2792 Et
2220 2756 2312 2792 nos

733 2841 851 2878 cum
888 2841 1118 2880 essemus
1153 2824 1331 2893 aliqua
1360 2824 1512 2878 modo
1553 2825 1812 2891 alienati,
1836 2837 1882 2879 et
1920 2826 2118 2880 inimici
2165 2843 2317 2880 sensu

731 2916 786 2968 in
822 2916 1061 2981 operibus
1089 2918 1242 2967 malis
1268 2953 1281 2976 ,
1323 2931 1460 2968 nunc
1498 2915 1854 2969 reconciliavit
1882 2917 1932 2969 in
1958 2932 2170 2984 corpore
2196 2933 2316 2970 car-

734 3005 816 3058 nis
861 3020 971 3058 sua:
1027 3019 1118 3071 per
1162 3013 1378 3056 mortem
1407 3045 1421 3070 ,
1464 3016 1512 3058 et
1551 3005 1784 3059 exhibuit
1837 3021 1930 3060 nos
1979 3017 2227 3068 sanctos.
2269 3017 2318 3060 et

732 3097 1139 3160 immaculatos,
1183 3107 1229 3150 et
1285 3097 1762 3164 irreprehensibiles
1814 3117 1992 3152 coram
2055 3101 2168 3166 ipso
2207 3117 2225 3155 :
2273 3099 2319 3152 si

2405 2019 2643 2072 diximus
2668 2058 2682 2080 ,
2722 2032 2842 2086 qua:
2891 2029 2985 2084 per
3018 2011 3473 2068 resurrectionem
3520 2008 3728 2061 scilicet
3770 2002 3893 2070 ejus
3933 2000 3992 2052 in

2409 2108 2566 2162 nobis
2613 2107 2707 2171 lit,
2736 2116 2789 2161 et
2840 2108 2892 2159 in
2929 2105 3086 2160 nobis
3130 2103 3493 2173 conspicitur.
3538 2099 3674 2164 Quia
3713 2096 3851 2148 cnim
3890 2107 3999 2145 uo-

2409 2210 2518 2254 stra
2551 2197 2715 2252 semel
2756 2198 3094 2264 assumpsit,
3125 2210 3244 2262 qme
3296 2195 3347 2246 in
3400 2192 3558 2244 nobis
3587 2191 3700 2256 ipse
3736 2185 3860 2238 facit
3884 2223 3898 2245 ,
3930 2197 4000 2235 ea

2411 2291 2513 2345 sibi
2546 2290 2788 2344 ascribit.
2846 2286 2908 2338 Et
2962 2285 3424 2354 quemadmodum
3469 2284 3584 2350 ipse
3615 2277 3864 2332 Christus
3886 2314 3903 2338 ,
3937 2280 3999 2326 et

2412 2381 2553 2436 Deus
2605 2390 2791 2434 noster
2848 2380 2902 2432 in
2944 2392 3107 2431 cruce
3156 2389 3496 2445 suspensus,
3537 2388 3660 2425 cum
3703 2373 3756 2422 in
3811 2368 4004 2433 seipso

2412 2479 2633 2541 peccata
2684 2467 2868 2524 mundi
2915 2469 3067 2522 cruci
3104 2467 3363 2521 allixisset
3392 2505 3407 2531 ,
3435 2471 3774 2529 mortemque
3805 2465 4003 2525 gusta-

2413 2561 2613 2624 visset,
2669 2568 2723 2613 et
2776 2560 2829 2611 in
2878 2557 3065 2611 intima
3103 2555 3299 2608 interni
3332 2552 3746 2609 descendisset,
3797 2546 4004 2600 deinde

2416 2664 2631 2702 rursum
2665 2646 3010 2708 exstitisset,
3070 2645 3122 2698 iu
3165 2642 3573 2697 immaculatum
3604 2651 3803 2706 corpus
3831 2650 4003 2689 suum

2416 2738 2676 2798 revertit,
2709 2751 2736 2788 a
2784 2751 2929 2804 quo,
2968 2750 3090 2787 cum
3143 2749 3206 2787 eo
3255 2731 3609 2786 descenderet
3655 2740 4004 2796 nequaquam

2416 2829 2711 2883 dissociata
2742 2839 2823 2882 est
2851 2826 2970 2895 ejus
2997 2825 3253 2878 divinitas
3284 2865 3298 2890 ,
3346 2826 3643 2889 statimque
3678 2837 3704 2871 a
3757 2817 4005 2872 mortuis

2418 2920 2763 2981 resurrexit;
2795 2934 2857 2972 ac
2883 2917 3082 2973 deinde
3123 2931 3247 2970 cum
3284 2915 3481 2968 virtute
3526 2921 3578 2967 et
3620 2912 3788 2979 gloria
3828 2910 4006 2964 multa

2421 3011 2475 3066 in
2531 3011 2731 3065 coelum
2785 3010 3030 3063 ascendit
3086 3027 3098 3061 :
3144 3008 3222 3062 sic
3265 3021 3401 3078 sane
3448 3016 3501 3061 et
3561 3021 3707 3060 nunc
3747 3004 3902 3058 nobis
3935 3003 4009 3056 de

2424 3103 2629 3156 mundo
2661 3101 3069 3170 egredientibus
3101 3140 3116 3166 ,
3152 3108 3205 3154 et
3239 3102 3540 3154 imitatione
3594 3099 3824 3168 quadam
3875 3109 4009 3163 pas-

737 3199 912 3240 tanten
959 3188 1273 3252 permanetis
1314 3189 1369 3240 in
1427 3186 1529 3254 ﬁde
1555 3188 1785 3256 lfundnti
1814 3230 1828 3252 ,
1871 3199 1919 3243 et
1971 3192 2215 3253 stabiles,
2267 3197 2315 3242 et
2343 3219 2388 3278 ρ
2422 3193 2594 3247 siunis
2635 3191 2755 3260 ejus
2811 3190 3149 3259 pmnitentize
3178 3229 3192 3253 ,
3228 3202 3280 3244 et
3310 3187 3632 3243 humilitatis
3679 3201 4006 3248 ruentiruen-

735 3279 1026 3332 immobiles
1061 3295 1092 3328 α
1131 3294 1219 3342 spe
1252 3277 1518 3346 Evangelii
1544 3280 1679 3347 quod
1723 3281 1944 3333 audistis
1971 3321 1978 3340 ε
2008 3282 2146 3349 quod
2180 3297 2317 3346 prte-

735 3370 969 3422 dicatum
997 3378 1072 3421 est
1103 3367 1244 3421 omni
1279 3380 1535 3421 creatura!
1577 3384 1693 3436 qua:
1732 3371 1824 3421 sub
1862 3370 1986 3422 (celo
2027 3383 2143 3433 est,
2169 3370 2319 3437 cujus

738 3464 914 3529 tactus
967 3476 1081 3512 sum
1152 3476 1244 3528 ego
1295 3457 1499 3510 Paulus
1568 3461 1805 3510 minister
1834 3461 1901 3512 “.
1974 3458 2319 3514 Christianus

737 3557 907 3616 enim,
940 3555 1031 3622 qui
1075 3569 1167 3622 per
1196 3552 1690 3623 transgressionem
1723 3552 2099 3605 mandatorum
2133 3553 2316 3606 Evan-

740 3646 864 3714 gelii
912 3644 1128 3700 Christo
1165 3645 1371 3698 resistit
1398 3684 1410 3704 .
1448 3652 1501 3696 et
1557 3657 1679 3696 cum
1735 3641 1843 3696 Deo
1880 3643 2077 3696 bellum
2131 3645 2268 3710 gerit
2302 3685 2315 3708 ,

740 3737 995 3798 sibimet,
1045 3749 1108 3787 ac
1159 3732 1268 3786 Deo
1322 3733 1578 3785 inimicus
1627 3740 1796 3786 estet
1843 3747 1963 3785 cum
2013 3747 2078 3787 eo
2127 3748 2315 3801 pacem

741 3825 945 3879 habere
975 3824 1294 3900 neutiquam
1327 3831 1521 3890 potest.
1549 3821 1799 3890 Eousque
1817 3822 2081 3891 siquidem
2116 3824 2319 3879 inimici

744 3923 908 3982 atque
969 3913 1149 3967 hostes
1205 3913 1294 3966 Dei
1347 3926 1581 3974 sumus,
1641 3912 1854 3966 etiamsi
1918 3912 2156 3967 ﬁdelium
2217 3929 2319 3968 nos

747 4006 1112 4075 appellatione
1147 4005 1417 4068 veternus,
1459 4019 1745 4073 quousque
1789 4005 2137 4073 passionibus
2165 4005 2319 4074 igno-

748 4097 926 4150 minim
973 4097 1178 4150 servire
1223 4094 1665 4162 concupiscimus
1702 4115 1715 4149 :
1760 4094 2059 4163 Apparuit,
2104 4098 2317 4167 inquit,

751 4193 926 4261 gratia
959 4190 1053 4244 Dei
1087 4201 1135 4245 et
1177 4188 1468 4244 Saluatoris
1518 4193 1680 4245 nostri
1707 4194 1942 4244 omnibus
1984 4192 2279 4244 hominibus
2301 4232 2317 4257 ,

747 4284 985 4338 erudiens
1011 4298 1101 4335 nos
1122 4321 1135 4344 ,
1169 4293 1224 4334 ut
1259 4284 1566 4351 abnegantes
1596 4284 1920 4350 impietatem
1949 4294 1998 4338 et
2033 4283 2315 4337 sa'cularia

749 4375 1012 4427 desideria
1049 4375 1150 4438 pie,
1172 4373 1342 4425 sobrie
1364 4413 1376 4436 ,
1409 4383 1456 4425 et
1491 4373 1635 4440 juste
1664 4374 1897 4426 vivamus
1927 4374 1981 4425 in
2025 4376 2121 4426 hoc
2153 4389 2321 4426 siccu-

752 4472 803 4518 to
845 4467 906 4519 “.
937 4465 1107 4533 Igitur
1140 4468 1232 4533 qui
1278 4479 1383 4518 non
1425 4465 1508 4532 pie
1544 4465 1717 4528 vivit,
1749 4466 1946 4533 impius
1983 4475 2087 4520 est.
2121 4467 2184 4518 Et
2227 4467 2317 4533 qui

2430 3293 2544 3336 tum
2597 3281 2872 3350 quoddam
2920 3281 3317 3356 subeuntibus,
3353 3280 3468 3349 ipse
3499 3280 3564 3333 de
3605 3280 3741 3332 coelo
3775 3275 4008 3330 descen-

2431 3375 2565 3429 dens
2593 3413 2607 3437 ,
2646 3389 2846 3442 corpus
2895 3382 3140 3427 nostrum
3194 3388 3292 3424 ceu
3321 3373 3634 3440 sepulcrum
3678 3368 4004 3439 ingreditur,

2435 3468 2733 3535 nnitnsque
2793 3467 3084 3520 animabus
3135 3466 3336 3520 nostris
3363 3508 3377 3532 ,
3426 3465 3811 3520 convenienter
3848 3477 3944 3516 eas
3977 3475 4006 3515 a

2431 3567 2605 3613 morte
2641 3559 2895 3612 suscitat.

2504 3650 2853 3706 Resurrectio
2905 3657 3086 3703 autem
3133 3648 3362 3713 animae,
3406 3657 3486 3699 est
3546 3645 3690 3698 illius
3733 3657 3854 3697 cum
3891 3642 4005 3695 vita

2430 3744 2767 3812 conjunctio.
2847 3741 3001 3797 Sicut
3061 3741 3204 3793 enim
3269 3752 3468 3805 c0rpus
3525 3746 3837 3794 mertuum,
3891 3733 4006 3787 nisi

2434 3837 2668 3888 animam
2705 3833 2972 3886 viventem
3002 3831 3055 3884 in
3093 3845 3151 3884 se
3188 3831 3437 3897 recipiat,
3468 3837 3520 3881 et
3549 3842 3670 3881 cum
3707 3841 3765 3878 ea
3795 3827 4008 3892 absque

2435 3925 2686 3978 mistione
2739 3923 3050 3983 misceatur,
3085 3937 3193 3975 non
3246 3920 3480 3980 dicitur,
3518 3933 3618 3973 nec
3681 3917 3788 3970 diei
3825 3925 4006 3984 potest

2431 4013 2771 4069 vivere:sic
2827 4029 2927 4068 nec
2981 4014 3157 4067 anima
3210 4014 3326 4066 sola
3391 4026 3486 4081 per
3540 4011 3772 4077 seipsatn
3824 4011 4008 4060 vivere

2434 4114 2653 4177 potest,
2690 4105 2795 4159 nisi
2830 4104 2990 4158 modo
3035 4103 3268 4172 quodam
3313 4103 3713 4168 inexplicabili,
3755 4101 4007 4166 citraque

2433 4197 2810 4252 confusionem
2865 4210 2988 4248 cum
3035 4194 3166 4260 Deo,
3204 4193 3294 4261 qui
3327 4209 3452 4246 vere
3487 4193 3596 4245 vita
3631 4201 3831 4245 arterna
3872 4195 3958 4242 est
3989 4227 4007 4252 ,

2432 4289 2801 4348 consocietur,
2835 4297 2889 4340 et
2919 4286 3154 4339 uniatur.
3190 4284 3350 4348 Unita
3388 4291 3566 4337 autem
3601 4283 3726 4343 Deo,
3758 4296 3876 4334 mox
3920 4279 3968 4330 ei
3991 4319 4005 4343 ,

2431 4380 2522 4448 qui
2557 4380 2626 4432 ita
2676 4392 2799 4431 cum
2827 4374 3042 4430 Christo
3086 4377 3425 4437 resurrexit,
3475 4373 3715 4442 mystica:
3766 4384 4010 4423 resurre-

2431 4470 2630 4525 ctionis
2680 4482 2792 4521 sine
2833 4465 3057 4534 gloriam
3105 4467 3361 4519 cernendi
3411 4465 3720 4517 facultatem
3775 4459 4005 4526 prabet.

753 4571 860 4609 non
888 4556 1067 4610 sobrie
1104 4569 1166 4607 ac
1196 4557 1345 4624 juste
1391 4557 1554 4607 vitam
1609 4555 1864 4619 traducit,
1895 4557 2120 4610 multum
2167 4558 2320 4610 abest
2356 4567 2400 4623 ι)
2434 4561 2572 4615 Hinc
2630 4561 2862 4615 dicimus
2915 4576 2926 4612 :
2970 4559 3108 4610 Deus
3163 4555 3415 4610 Dominus
3443 4595 3457 4619 ,
3518 4563 3566 4606 et
3604 4552 3778 4606 illuxit
3833 4551 4006 4603 nobis.

759 4656 817 4698 ut
863 4647 908 4698 ei
957 4645 1131 4714 gratia
1181 4645 1276 4698 Dei
1323 4644 1582 4700 salutaris
1636 4653 1911 4715 appareat.
1951 4645 2014 4697 Et
2050 4647 2328 4714 quomodo

752 4737 842 4790 hic
869 4736 1300 4790 Christianorum
1332 4737 1521 4790 ordine
1550 4746 1601 4790 et
1635 4737 1750 4792 loco
1780 4749 2070 4792 censeatur
2097 4738 2118 4790 ?
2149 4737 2324 4807 Ingre-

755 4827 908 4881 diens
946 4842 1071 4881 vero
1122 4827 1378 4895 templum
1409 4826 1668 4892 Domini,
1717 4829 1848 4898 quid
1903 4831 2092 4884 dicet?
2123 4832 2326 4900 gratias

757 4927 881 4987 aget
903 4959 917 4983 ,
962 4933 1028 4971 an
1061 4920 1253 4985 petet?
1285 4919 1340 4972 Si
1378 4920 1505 4972 illud
1536 4961 1548 4984 ,
1582 4931 1751 4975 semet
1781 4921 1952 4985 fallit,
1991 4928 2175 4991 utpote
2221 4937 2328 4975 non

759 5014 968 5067 habens
1000 5053 1014 5076 ,
1048 5026 1169 5064 cum
1208 5026 1316 5065 non
1366 5014 1674 5082 acceperit,
1705 5022 1759 5067 ct
1795 5014 2159 5083 nequidquam
2203 5029 2327 5083 gra-

758 5107 865 5159 tias
895 5118 1079 5172 agens.
1134 5104 1190 5158 Si
1240 5105 1493 5175 hoe,qna
1533 5105 1838 5174 petitione?
1872 5121 2031 5174 quam
2076 5122 2185 5160 non
2236 5121 2331 5161 no-

762 5198 862 5262 vit,
893 5205 945 5250 et
973 5212 1133 5266 quam
1161 5198 1417 5266 ignorat?
1444 5196 1594 5252 Talis
1628 5198 1831 5254 nullius
1859 5199 2052 5268 pretii,
2085 5209 2137 5253 et
2166 5202 2332 5254 inuti-

763 5290 833 5343 lis
894 5301 1012 5354 est,
1077 5301 1338 5360 tanquam
1393 5291 1750 5355 incredulus,
1813 5304 1867 5346 et
1931 5301 2219 5357 mortuus,
2283 5302 2340 5347 et

765 5381 960 5436 atheus
993 5399 1006 5435 :
1047 5382 1385 5449 incredulus,
1421 5384 1680 5454 quoniam
1713 5383 1913 5438 Christi
1966 5384 2330 5438 resurrectio-

768 5487 896 5528 nem
922 5489 1028 5529 non
1055 5476 1297 5545 suscepit
1324 5515 1338 5539 .
1369 5489 1714 5545 summopere
1752 5475 2021 5529 mentiens
2047 5515 2060 5538 ,
2109 5489 2233 5528 cum
2277 5475 2329 5527 in

767 5564 982 5619 cantico
1020 5564 1152 5619 dicit
1189 5585 1202 5620 τ
1238 5565 1435 5621 Christi
1468 5569 1892 5621 resurrectionem
1919 5566 2190 5635 speculati,
2223 5576 2328 5618 etc.

840 5797 882 5826 ⁸⁷
915 5793 1045 5858 Luc.
1081 5811 1140 5858 ti,
1169 5795 1248 5847 li.
1331 5796 1372 5824 "
1405 5794 1543 5848 Psal.
1599 5811 1764 5856 cxvii,
1819 5797 1905 5846 Ξῖ.

768 5863 958 5924 10-25.
983 5857 1003 5865 ’
1039 5865 1080 5898 ⁸⁸
1107 5857 1212 5921 Tit.
1247 5879 1312 5932 ιι,
1347 5863 1433 5920 12.
1544 5865 1587 5904 ⁸⁸
1615 5863 1803 5922 Matth.
1846 5879 1956 5934 xxi,
1991 5865 2042 5920 9.

2019 5797 2060 5830 ’θ
2113 5797 2296 5841 Malae.
2337 5811 2373 5841 ι-
2408 5797 2437 5841 (ἲ

2041 5802 2060 5830 θ
2112 5796 2296 5847 Malae.
2336 5811 2373 5859 ι,
2408 5797 2456 5846 6.
2537 5797 2578 5825 ⁸⁸
2621 5796 2778 5846 lloln.
2812 5810 2862 5856 γ,
2901 5796 2942 5845 ι.
3060 5796 3098 5822 “
3140 5796 3154 5842 Ι

2041 5909 2042 5917 χ
2121 5863 2574 5947 °'lCor._xn,5.
2651 5860 2878 5919 "Joan.
2934 5878 3012 5931 tv,
3055 5861 3154 5916 2L.

2442 4655 2507 4708 Et
2543 4649 2842 4704 secundum
2877 4648 3247 4716 significantes
3282 4649 3568 4698 adventum
3590 4681 3604 4704 ,
3638 4639 3963 4706 subiicimus
3992 4660 4005 4692 ι

2436 4741 2747 4796 Benedictus
2797 4741 2884 4807 qui
2936 4741 3071 4793 venit
3125 4739 3177 4790 in
3225 4737 3430 4789 nomine
3479 4732 3688 4786 Domini
3733 4732 3815 4783 “.
3859 4728 4011 4783 Hanc

2438 4835 2895 4889 resurrectionem
2933 4831 3024 4898 qui
3056 4829 3262 4897 liquido
3292 4842 3396 4880 non
3433 4824 3563 4876 vidit
3594 4832 3804 4891 (utpote
3833 4822 4011 4873 incre-

2434 4926 2630 4989 dulus,
2688 4924 2888 4993 impius
2931 4936 2995 4976 ac
3039 4916 3331 4986 mortuus),
3370 4928 3467 4968 nec
3515 4912 3791 4966 Christum
3822 4907 4009 4963 Iesum

2441 5025 2500 5070 ut
2525 5023 2805 5079 sanctum,
2850 5027 2913 5066 ac
2945 5009 3230 5064 Dominum
3281 5006 3507 5059 adorare
3552 5009 3727 5071 potest
3771 5016 3785 5053 :
3840 4996 4011 5050 Nemo

2438 5110 2604 5171 enim,
2648 5109 2841 5176 inquit,
2870 5114 3035 5174 potest
3061 5103 3231 5155 dicere
3257 5117 3274 5154 :
3320 5097 3572 5150 Dominus
3603 5093 3788 5153 Jesus,
3815 5091 3915 5143 nisi
3957 5090 4010 5141 in

2446 5200 2648 5266 Spiritu
2689 5207 2871 5253 sancto
2908 5197 2951 5227 “
2988 5236 3002 5250 .
3036 5193 3100 5247 Et
3139 5192 3263 5245 alibi
3305 5206 3320 5243 :
3353 5187 3583 5255 Spiritus
3622 5193 3698 5238 est
3745 5183 3910 5243 Deus,
3963 5193 4008 5233 et

2441 5293 2529 5361 qui
2582 5295 2809 5346 adorant
2882 5304 3036 5351 eum,
3109 5288 3162 5338 in
3215 5284 3404 5351 spiritu
3463 5288 3511 5332 et
3554 5279 3766 5330 veritate
3813 5283 4010 5340 oportet

2447 5383 2670 5437 adorare
2697 5383 2740 5412 “
2776 5398 2790 5442 ;
2824 5382 2924 5434 hoc
2957 5389 3044 5432 est
3067 5416 3081 5441 ,
3123 5378 3176 5429 in
3211 5373 3414 5444 Spiritu
3445 5379 3657 5424 sancto.
3702 5376 3755 5420 et
3789 5367 3843 5419 iu
3882 5367 4008 5418 uui-

2442 5476 2626 5542 gonito
2678 5473 2795 5540 ejus
2846 5469 2999 5524 Filio.
3059 5467 3157 5522 Hic
3217 5474 3398 5519 autem
3452 5460 3681 5514 inﬁdelis
3739 5472 3861 5519 est,
3917 5457 4008 5525 qui

2445 5564 2600 5619 tidem
2639 5579 2730 5632 per
2759 5578 2921 5632 opera
2949 5577 3058 5616 non
3087 5556 3341 5619 ostendit,
3400 5553 3614 5622 quando
3652 5549 3782 5603 ﬁdes
3818 5562 3985 5603 seruo

2537 5797 2578 5825 °°
2621 5794 2778 5861 lloln.
2812 5810 2862 5856 γ,
2901 5795 2942 5845 ι.
3060 5793 3098 5822 ⁸¹
3140 5792 3261 5861 Ευιι-
3288 5807 3328 5845 5.
3396 5808 3452 5856 It,
3505 5792 3582 5844 ii.
3662 5792 3702 5821 “
3733 5785 4010 5848 Coloss.t,
