  <div class='ocr_page' id='page_1' title='image "/cluster/home/n/w/nwhite01/storage/ocr_20150623/120/pst.000005714353/179.png"; bbox 0 0 4128 6338; ppageno 0'>
   <div class='ocr_carea' id='block_1_1' title="bbox 699 356 809 423">
    <p class='ocr_par' dir='ltr' id='par_1_1' title="bbox 699 356 809 423">
     <span class='ocr_line' id='line_1_1' title="bbox 699 356 809 423; baseline 0.055 -6"><span class='ocrx_word' id='word_1_1' title='bbox 699 356 809 423; x_wconf 64' lang='grc'><strong>343</strong></span> 
     </span>
    </p>
   </div>
   <div class='ocr_carea' id='block_1_2' title="bbox 1928 382 2721 462">
    <p class='ocr_par' dir='ltr' id='par_1_2' title="bbox 1928 382 2721 462">
     <span class='ocr_line' id='line_1_2' title="bbox 1928 382 2721 462; baseline 0.009 -22"><span class='ocrx_word' id='word_1_2' title='bbox 1928 382 2309 444; x_wconf 65' lang='lat' dir='ltr'><strong>sinuosis</strong></span> <span class='ocrx_word' id='word_1_3' title='bbox 2352 383 2721 462; x_wconf 77' lang='lat' dir='ltr'><strong>JUNtoats</strong></span> 
     </span>
    </p>
   </div>
   <div class='ocr_carea' id='block_1_3' title="bbox 3864 391 3974 454">
    <p class='ocr_par' dir='ltr' id='par_1_3' title="bbox 3864 391 3974 454">
     <span class='ocr_line' id='line_1_3' title="bbox 3864 391 3974 454; baseline -0.009 -1"><span class='ocrx_word' id='word_1_4' title='bbox 3864 391 3974 454; x_wconf 68' lang='lat' dir='ltr'><strong>3M</strong></span> 
     </span>
    </p>
   </div>
   <div class='ocr_carea' id='block_1_4' title="bbox 699 472 3967 570">
    <p class='ocr_par' dir='ltr' id='par_1_4' title="bbox 699 472 3967 570">
     <span class='ocr_line' id='line_1_4' title="bbox 699 472 3967 570; baseline 0.009 -43"><span class='ocrx_word' id='word_1_5' title='bbox 699 488 831 570; x_wconf 73' lang='lat' dir='ltr'><strong>cunt</strong></span> <span class='ocrx_word' id='word_1_6' title='bbox 856 472 1085 531; x_wconf 77' lang='lat' dir='ltr'><strong>afﬁrmet</strong></span> <span class='ocrx_word' id='word_1_7' title='bbox 1113 520 1127 544; x_wconf 94' lang='lat'><strong>,</strong></span> <span class='ocrx_word' id='word_1_8' title='bbox 1160 478 1493 550; x_wconf 86' lang='lat' dir='ltr'><strong>improbitati</strong></span> <span class='ocrx_word' id='word_1_9' title='bbox 1544 503 1607 541; x_wconf 84' lang='lat' dir='ltr'><strong>ac</strong></span> <span class='ocrx_word' id='word_1_10' title='bbox 1656 493 1967 559; x_wconf 63' lang='lat' dir='ltr'><strong>petulantiae</strong></span> <span class='ocrx_word' id='word_1_11' title='bbox 2016 499 2267 553; x_wconf 89' lang='lat' dir='ltr'><strong>nuntium</strong></span> <span class='ocrx_word' id='word_1_12' title='bbox 2300 503 2346 564; x_wconf 73' lang='grc' dir='ltr'><strong>Α</strong></span> <span class='ocrx_word' id='word_1_13' title='bbox 2376 500 2583 555; x_wconf 79' lang='lat' dir='ltr'><strong>candus</strong></span> <span class='ocrx_word' id='word_1_14' title='bbox 2607 540 2623 564; x_wconf 87' lang='lat'><strong>,</strong></span> <span class='ocrx_word' id='word_1_15' title='bbox 2652 508 2710 554; x_wconf 89' lang='lat' dir='ltr'><strong>ut</strong></span> <span class='ocrx_word' id='word_1_16' title='bbox 2735 514 2829 555; x_wconf 81' lang='lat' dir='ltr'><strong>eos</strong></span> <span class='ocrx_word' id='word_1_17' title='bbox 2854 501 3069 557; x_wconf 80' lang='lat' dir='ltr'><strong>Satanae</strong></span> <span class='ocrx_word' id='word_1_18' title='bbox 3117 502 3296 559; x_wconf 83' lang='lat' dir='ltr'><strong>tradat</strong></span> <span class='ocrx_word' id='word_1_19' title='bbox 3330 505 3381 559; x_wconf 91' lang='lat' dir='ltr'><strong>in</strong></span> <span class='ocrx_word' id='word_1_20' title='bbox 3420 506 3702 559; x_wconf 77' lang='lat' dir='ltr'><strong>interitum</strong></span> <span class='ocrx_word' id='word_1_21' title='bbox 3755 507 3967 570; x_wconf 81' lang='lat' dir='ltr'><strong>carnis,</strong></span> 
     </span>
    </p>
   </div>
   <div class='ocr_carea' id='block_1_5' title="bbox 699 566 2277 646">
    <p class='ocr_par' dir='ltr' id='par_1_5' title="bbox 699 566 2277 646">
     <span class='ocr_line' id='line_1_5' title="bbox 699 566 2277 646; baseline 0.02 -31"><span class='ocrx_word' id='word_1_22' title='bbox 699 566 979 621; x_wconf 80' lang='lat' dir='ltr'><strong>remittere</strong></span> <span class='ocrx_word' id='word_1_23' title='bbox 1032 585 1092 624; x_wconf 80' lang='lat' dir='ltr'><strong>se</strong></span> <span class='ocrx_word' id='word_1_24' title='bbox 1154 572 1311 641; x_wconf 88' lang='lat' dir='ltr'><strong>plane</strong></span> <span class='ocrx_word' id='word_1_25' title='bbox 1365 592 1471 630; x_wconf 89' lang='lat' dir='ltr'><strong>non</strong></span> <span class='ocrx_word' id='word_1_26' title='bbox 1531 586 1816 646; x_wconf 66' lang='lat' dir='ltr'><strong>p&lt;»ssc,ni</strong></span> <span class='ocrx_word' id='word_1_27' title='bbox 1875 597 2001 641; x_wconf 77' lang='lat' dir='ltr'><strong>ante.</strong></span> <span class='ocrx_word' id='word_1_28' title='bbox 2048 605 2078 644; x_wconf 86' lang='lat' dir='ltr'><strong>c</strong></span> <span class='ocrx_word' id='word_1_29' title='bbox 2112 590 2277 646; x_wconf 73' lang='lat' dir='ltr'><strong>rebus</strong></span> 
     </span>
    </p>
   </div>
   <div class='ocr_carea' id='block_1_6' title="bbox 697 658 2272 745">
    <p class='ocr_par' dir='ltr' id='par_1_6' title="bbox 697 658 2272 745">
     <span class='ocr_line' id='line_1_6' title="bbox 697 658 2272 745; baseline 0.018 -38"><span class='ocrx_word' id='word_1_30' title='bbox 697 658 1077 723; x_wconf 78' lang='lat' dir='ltr'><strong>spurcissimis</strong></span> <span class='ocrx_word' id='word_1_31' title='bbox 1131 664 1441 720; x_wconf 85' lang='lat' dir='ltr'><strong>satietatem</strong></span> <span class='ocrx_word' id='word_1_32' title='bbox 1496 675 1703 739; x_wconf 70' lang='lat' dir='ltr'><strong>reperit</strong></span> <span class='ocrx_word' id='word_1_33' title='bbox 1761 696 1773 729; x_wconf 87' lang='lat'>:</span> <span class='ocrx_word' id='word_1_34' title='bbox 1826 679 2171 745; x_wconf 86' lang='lat' dir='ltr'><strong>potissimum</strong></span> <span class='ocrx_word' id='word_1_35' title='bbox 2228 684 2272 737; x_wconf 77' lang='lat' dir='ltr'><strong>si</strong></span> 
     </span>
    </p>
   </div>
   <div class='ocr_carea' id='block_1_7' title="bbox 696 750 2275 839">
    <p class='ocr_par' dir='ltr' id='par_1_7' title="bbox 696 750 2275 839">
     <span class='ocr_line' id='line_1_7' title="bbox 696 750 2275 839; baseline 0.02 -41"><span class='ocrx_word' id='word_1_36' title='bbox 696 750 1109 807; x_wconf 74' lang='lat' dir='ltr'><strong>ixnntatulatntu</strong></span> <span class='ocrx_word' id='word_1_37' title='bbox 1158 757 1359 811; x_wconf 81' lang='lat' dir='ltr'><strong>ChriSti</strong></span> <span class='ocrx_word' id='word_1_38' title='bbox 1398 776 1596 831; x_wconf 78' lang='lat' dir='ltr'><strong>corpus</strong></span> <span class='ocrx_word' id='word_1_39' title='bbox 1624 805 1637 828; x_wconf 93' lang='lat'><strong>,</strong></span> <span class='ocrx_word' id='word_1_40' title='bbox 1676 783 1739 820; x_wconf 89' lang='lat' dir='ltr'><strong>ac</strong></span> <span class='ocrx_word' id='word_1_41' title='bbox 1796 772 2093 839; x_wconf 80' lang='lat' dir='ltr'><strong>pretiosum</strong></span> <span class='ocrx_word' id='word_1_42' title='bbox 2147 790 2275 829; x_wconf 77' lang='lat' dir='ltr'><strong>san-</strong></span> 
     </span>
    </p>
   </div>
   <div class='ocr_carea' id='block_1_8' title="bbox 694 840 1703 912">
    <p class='ocr_par' dir='ltr' id='par_1_8' title="bbox 694 840 1703 912">
     <span class='ocr_line' id='line_1_8' title="bbox 694 840 1703 912; baseline 0.021 -22"><span class='ocrx_word' id='word_1_43' title='bbox 694 840 917 906; x_wconf 77' lang='lat' dir='ltr'><strong>guinem</strong></span> <span class='ocrx_word' id='word_1_44' title='bbox 952 860 1169 900; x_wconf 85' lang='lat' dir='ltr'><strong>sumere</strong></span> <span class='ocrx_word' id='word_1_45' title='bbox 1206 866 1311 903; x_wconf 73' lang='lat' dir='ltr'><strong>non</strong></span> <span class='ocrx_word' id='word_1_46' title='bbox 1349 852 1703 912; x_wconf 81' lang='lat' dir='ltr'><strong>dubitaverit.</strong></span> 
     </span>
    </p>
   </div>
   <div class='ocr_carea' id='block_1_9' title="bbox 772 930 2270 1025">
    <p class='ocr_par' dir='ltr' id='par_1_9' title="bbox 772 930 2270 1025">
     <span class='ocr_line' id='line_1_9' title="bbox 772 930 2270 1025; baseline 0.023 -46"><span class='ocrx_word' id='word_1_47' title='bbox 772 930 863 1025; x_wconf 45' lang='grc' dir='ltr'><strong>νίς</strong></span> <span class='ocrx_word' id='word_1_48' title='bbox 910 944 1021 989; x_wconf 86' lang='grc' dir='ltr'>ιιιιη</span> <span class='ocrx_word' id='word_1_49' title='bbox 1070 939 1117 990; x_wconf 87' lang='lat' dir='ltr'><strong>ei</strong></span> <span class='ocrx_word' id='word_1_50' title='bbox 1160 942 1249 1008; x_wconf 91' lang='lat' dir='ltr'><strong>qui</strong></span> <span class='ocrx_word' id='word_1_51' title='bbox 1291 952 1628 1012; x_wconf 73' lang='lat' dir='ltr'><strong>pu‘rexetit,</strong></span> <span class='ocrx_word' id='word_1_52' title='bbox 1658 959 1770 1005; x_wconf 90' lang='lat' dir='ltr'><strong>tum</strong></span> <span class='ocrx_word' id='word_1_53' title='bbox 1804 955 1851 1008; x_wconf 86' lang='lat' dir='ltr'><strong>ei</strong></span> <span class='ocrx_word' id='word_1_54' title='bbox 1884 960 1973 1025; x_wconf 86' lang='lat' dir='ltr'><strong>qui</strong></span> <span class='ocrx_word' id='word_1_55' title='bbox 2017 974 2270 1025; x_wconf 72' lang='lat' dir='ltr'><strong>sumpse-</strong></span> 
     </span>
    </p>
   </div>
   <div class='ocr_carea' id='block_1_10' title="bbox 698 1023 2270 1115">
    <p class='ocr_par' dir='ltr' id='par_1_10' title="bbox 698 1023 2270 1115">
     <span class='ocr_line' id='line_1_10' title="bbox 698 1023 2270 1115; baseline 0.02 -42"><span class='ocrx_word' id='word_1_56' title='bbox 698 1034 786 1077; x_wconf 75' lang='lat' dir='ltr'><strong>t:t.</strong></span> <span class='ocrx_word' id='word_1_57' title='bbox 827 1023 996 1091; x_wconf 81' lang='lat' dir='ltr'><strong>lluie,</strong></span> <span class='ocrx_word' id='word_1_58' title='bbox 1036 1029 1163 1097; x_wconf 87' lang='lat' dir='ltr'><strong>quia</strong></span> <span class='ocrx_word' id='word_1_59' title='bbox 1212 1049 1320 1101; x_wconf 83' lang='lat' dir='ltr'><strong>quo</strong></span> <span class='ocrx_word' id='word_1_60' title='bbox 1375 1038 1581 1105; x_wconf 77' lang='lat' dir='ltr'><strong>majore</strong></span> <span class='ocrx_word' id='word_1_61' title='bbox 1637 1056 1761 1097; x_wconf 88' lang='lat' dir='ltr'><strong>cum</strong></span> <span class='ocrx_word' id='word_1_62' title='bbox 1798 1023 2157 1115; x_wconf 83' lang='lat' dir='ltr'><strong>improbitate</strong></span> <span class='ocrx_word' id='word_1_63' title='bbox 2181 1065 2270 1103; x_wconf 84' lang='lat' dir='ltr'><strong>su-</strong></span> 
     </span>
    </p>
   </div>
   <div class='ocr_carea' id='block_1_11' title="bbox 693 1124 2267 1198">
    <p class='ocr_par' dir='ltr' id='par_1_11' title="bbox 693 1124 2267 1198">
     <span class='ocr_line' id='line_1_11' title="bbox 693 1124 2267 1198; baseline 0.018 -33"><span class='ocrx_word' id='word_1_64' title='bbox 693 1126 825 1179; x_wconf 80' lang='lat' dir='ltr'><strong>mit,</strong></span> <span class='ocrx_word' id='word_1_65' title='bbox 857 1132 921 1170; x_wconf 87' lang='lat' dir='ltr'><strong>eo</strong></span> <span class='ocrx_word' id='word_1_66' title='bbox 961 1124 1131 1191; x_wconf 74' lang='lat' dir='ltr'><strong>magis</strong></span> <span class='ocrx_word' id='word_1_67' title='bbox 1162 1136 1380 1195; x_wconf 83' lang='lat' dir='ltr'><strong>propter</strong></span> <span class='ocrx_word' id='word_1_68' title='bbox 1412 1130 1827 1197; x_wconf 72' lang='lat' dir='ltr'><strong>imprudmuiam</strong></span> <span class='ocrx_word' id='word_1_69' title='bbox 1853 1180 1865 1198; x_wconf 90' lang='lat'><strong>,</strong></span> <span class='ocrx_word' id='word_1_70' title='bbox 1898 1150 1949 1193; x_wconf 89' lang='lat' dir='ltr'><strong>et</strong></span> <span class='ocrx_word' id='word_1_71' title='bbox 1985 1140 2267 1195; x_wconf 77' lang='lat' dir='ltr'><strong>audaciam</strong></span> 
     </span>
    </p>
   </div>
   <div class='ocr_carea' id='block_1_12' title="bbox 692 1208 2265 1297">
    <p class='ocr_par' dir='ltr' id='par_1_12' title="bbox 692 1208 2265 1297">
     <span class='ocr_line' id='line_1_12' title="bbox 692 1208 2265 1297; baseline 0.02 -43"><span class='ocrx_word' id='word_1_72' title='bbox 692 1208 976 1263; x_wconf 58' lang='lat' dir='ltr'><strong>diabalicm</strong></span> <span class='ocrx_word' id='word_1_73' title='bbox 1040 1220 1294 1283; x_wconf 80' lang='lat' dir='ltr'><strong>potestati</strong></span> <span class='ocrx_word' id='word_1_74' title='bbox 1353 1221 1666 1290; x_wconf 78' lang='lat' dir='ltr'><strong>subjicitur,</strong></span> <span class='ocrx_word' id='word_1_75' title='bbox 1704 1228 1997 1285; x_wconf 88' lang='lat' dir='ltr'><strong>derelictus</strong></span> <span class='ocrx_word' id='word_1_76' title='bbox 2052 1250 2080 1285; x_wconf 84' lang='lat' dir='ltr'><strong>a</strong></span> <span class='ocrx_word' id='word_1_77' title='bbox 2140 1233 2265 1297; x_wconf 74' lang='lat' dir='ltr'><strong>Deo,</strong></span> 
     </span>
    </p>
   </div>
   <div class='ocr_carea' id='block_1_13' title="bbox 691 1304 2267 1391">
    <p class='ocr_par' dir='ltr' id='par_1_13' title="bbox 691 1304 2267 1391">
     <span class='ocr_line' id='line_1_13' title="bbox 691 1304 2267 1391; baseline 0.019 -42"><span class='ocrx_word' id='word_1_78' title='bbox 691 1304 831 1354; x_wconf 62' lang='lat' dir='ltr'><strong>sicut</strong></span> <span class='ocrx_word' id='word_1_79' title='bbox 859 1304 909 1355; x_wconf 93' lang='lat' dir='ltr'><strong>in</strong></span> <span class='ocrx_word' id='word_1_80' title='bbox 942 1319 1100 1360; x_wconf 83' lang='lat' dir='ltr'><strong>Sacro</strong></span> <span class='ocrx_word' id='word_1_81' title='bbox 1132 1307 1422 1381; x_wconf 79' lang='lat' dir='ltr'><strong>Evangelia</strong></span> <span class='ocrx_word' id='word_1_82' title='bbox 1455 1319 1718 1387; x_wconf 69' lang='lat' dir='ltr'><strong>scriptum</strong></span> <span class='ocrx_word' id='word_1_83' title='bbox 1750 1321 1976 1391; x_wconf 77' lang='lat' dir='ltr'><strong>legimus</strong></span> <span class='ocrx_word' id='word_1_84' title='bbox 2014 1324 2079 1378; x_wconf 87' lang='lat' dir='ltr'><strong>de</strong></span> <span class='ocrx_word' id='word_1_85' title='bbox 2107 1323 2267 1387; x_wconf 84' lang='lat' dir='ltr'><strong>Juda.</strong></span> 
     </span>
    </p>
   </div>
   <div class='ocr_carea' id='block_1_14' title="bbox 691 1393 2267 1470">
    <p class='ocr_par' dir='ltr' id='par_1_14' title="bbox 691 1393 2267 1470">
     <span class='ocr_line' id='line_1_14' title="bbox 691 1393 2267 1470; baseline 0.021 -33"><span class='ocrx_word' id='word_1_86' title='bbox 691 1407 814 1443; x_wconf 69' lang='lat' dir='ltr'><strong>rum</strong></span> <span class='ocrx_word' id='word_1_87' title='bbox 857 1393 1119 1452; x_wconf 85' lang='lat' dir='ltr'><strong>Dominus</strong></span> <span class='ocrx_word' id='word_1_88' title='bbox 1152 1400 1203 1454; x_wconf 91' lang='lat' dir='ltr'><strong>in</strong></span> <span class='ocrx_word' id='word_1_89' title='bbox 1239 1418 1394 1458; x_wconf 74' lang='lat' dir='ltr'><strong>cauta</strong></span> <span class='ocrx_word' id='word_1_90' title='bbox 1434 1408 1519 1460; x_wconf 85' lang='lat' dir='ltr'><strong>illa</strong></span> <span class='ocrx_word' id='word_1_91' title='bbox 1554 1408 1736 1465; x_wconf 84' lang='lat' dir='ltr'><strong>divina</strong></span> <span class='ocrx_word' id='word_1_92' title='bbox 1774 1414 2070 1469; x_wconf 84' lang='lat' dir='ltr'><strong>buecellam</strong></span> <span class='ocrx_word' id='word_1_93' title='bbox 2098 1417 2267 1470; x_wconf 88' lang='lat' dir='ltr'><strong>intin-</strong></span> 
     </span>
    </p>
   </div>
   <div class='ocr_carea' id='block_1_15' title="bbox 687 1486 2268 1575">
    <p class='ocr_par' dir='ltr' id='par_1_15' title="bbox 687 1486 2268 1575">
     <span class='ocr_line' id='line_1_15' title="bbox 687 1486 2268 1575; baseline 0.022 -45"><span class='ocrx_word' id='word_1_94' title='bbox 687 1490 828 1535; x_wconf 68' lang='lat' dir='ltr'><strong>i-tam</strong></span> <span class='ocrx_word' id='word_1_95' title='bbox 866 1486 913 1538; x_wconf 85' lang='lat' dir='ltr'><strong>ei</strong></span> <span class='ocrx_word' id='word_1_96' title='bbox 946 1492 1277 1554; x_wconf 78' lang='lat' dir='ltr'><strong>perrexisset</strong></span> <span class='ocrx_word' id='word_1_97' title='bbox 1303 1534 1317 1558; x_wconf 90' lang='lat'><strong>,</strong></span> <span class='ocrx_word' id='word_1_98' title='bbox 1355 1497 1550 1569; x_wconf 73' lang='lat' dir='ltr'><strong>iiit&#39;flllC</strong></span> <span class='ocrx_word' id='word_1_99' title='bbox 1586 1506 1909 1575; x_wconf 81' lang='lat' dir='ltr'><strong>aceepisset,</strong></span> <span class='ocrx_word' id='word_1_100' title='bbox 1944 1510 2128 1563; x_wconf 90' lang='lat' dir='ltr'><strong>statim</strong></span> <span class='ocrx_word' id='word_1_101' title='bbox 2172 1512 2268 1563; x_wconf 86' lang='lat' dir='ltr'><strong>Sa-</strong></span> 
     </span>
    </p>
   </div>
   <div class='ocr_carea' id='block_1_16' title="bbox 688 1580 2267 1671">
    <p class='ocr_par' dir='ltr' id='par_1_16' title="bbox 688 1580 2267 1671">
     <span class='ocr_line' id='line_1_16' title="bbox 688 1580 2267 1671; baseline 0.021 -48"><span class='ocrx_word' id='word_1_102' title='bbox 688 1584 870 1630; x_wconf 71' lang='lat' dir='ltr'><strong>tanam</strong></span> <span class='ocrx_word' id='word_1_103' title='bbox 939 1580 994 1633; x_wconf 90' lang='lat' dir='ltr'><strong>in</strong></span> <span class='ocrx_word' id='word_1_104' title='bbox 1056 1599 1177 1639; x_wconf 77' lang='lat' dir='ltr'><strong>eum</strong></span> <span class='ocrx_word' id='word_1_105' title='bbox 1237 1588 1550 1651; x_wconf 79' lang='lat' dir='ltr'><strong>intravisse.</strong></span> <span class='ocrx_word' id='word_1_106' title='bbox 1626 1598 1743 1657; x_wconf 77' lang='lat' dir='ltr'><strong>fili.</strong></span> <span class='ocrx_word' id='word_1_107' title='bbox 1797 1604 1923 1669; x_wconf 83' lang='lat' dir='ltr'><strong>quia</strong></span> <span class='ocrx_word' id='word_1_108' title='bbox 1974 1603 2267 1671; x_wconf 88' lang='lat' dir='ltr'><strong>purissimo</strong></span> 
     </span>
    </p>
   </div>
   <div class='ocr_carea' id='block_1_17' title="bbox 686 1682 2262 1766">
    <p class='ocr_par' dir='ltr' id='par_1_17' title="bbox 686 1682 2262 1766">
     <span class='ocr_line' id='line_1_17' title="bbox 686 1682 2262 1766; baseline 0.022 -47"><span class='ocrx_word' id='word_1_109' title='bbox 686 1685 940 1766; x_wconf 74' lang='lat' dir='ltr'><strong>corpore,</strong></span> <span class='ocrx_word' id='word_1_110' title='bbox 965 1682 1015 1726; x_wconf 80' lang='lat' dir='ltr'><strong>rt</strong></span> <span class='ocrx_word' id='word_1_111' title='bbox 1043 1682 1312 1747; x_wconf 76' lang='lat' dir='ltr'><strong>sanguine</strong></span> <span class='ocrx_word' id='word_1_112' title='bbox 1338 1683 1548 1741; x_wconf 84' lang='lat' dir='ltr'><strong>Dotnini</strong></span> <span class='ocrx_word' id='word_1_113' title='bbox 1577 1692 1826 1760; x_wconf 72' lang='lat' dir='ltr'><strong>dignatus</strong></span> <span class='ocrx_word' id='word_1_114' title='bbox 1856 1703 1937 1748; x_wconf 84' lang='lat' dir='ltr'><strong>est</strong></span> <span class='ocrx_word' id='word_1_115' title='bbox 1963 1698 2262 1766; x_wconf 81' lang='lat' dir='ltr'><strong>hominem,</strong></span> 
     </span>
    </p>
   </div>
   <div class='ocr_carea' id='block_1_18' title="bbox 688 1761 2261 1856">
    <p class='ocr_par' dir='ltr' id='par_1_18' title="bbox 688 1761 2261 1856">
     <span class='ocr_line' id='line_1_18' title="bbox 688 1761 2261 1856; baseline 0.022 -46"><span class='ocrx_word' id='word_1_116' title='bbox 688 1761 782 1826; x_wconf 75' lang='lat' dir='ltr'><strong>qui</strong></span> <span class='ocrx_word' id='word_1_117' title='bbox 820 1780 915 1816; x_wconf 84' lang='lat' dir='ltr'><strong>nec</strong></span> <span class='ocrx_word' id='word_1_118' title='bbox 946 1768 1134 1833; x_wconf 88' lang='lat' dir='ltr'><strong>pedem</strong></span> <span class='ocrx_word' id='word_1_119' title='bbox 1171 1770 1221 1823; x_wconf 90' lang='lat' dir='ltr'><strong>in</strong></span> <span class='ocrx_word' id='word_1_120' title='bbox 1262 1777 1461 1843; x_wconf 86' lang='lat' dir='ltr'><strong>templo</strong></span> <span class='ocrx_word' id='word_1_121' title='bbox 1496 1780 1615 1846; x_wconf 77' lang='lat' dir='ltr'><strong>ejus</strong></span> <span class='ocrx_word' id='word_1_122' title='bbox 1651 1797 1851 1849; x_wconf 82' lang='lat' dir='ltr'><strong>ponere</strong></span> <span class='ocrx_word' id='word_1_123' title='bbox 1879 1787 2075 1856; x_wconf 83' lang='lat' dir='ltr'><strong>dignus</strong></span> <span class='ocrx_word' id='word_1_124' title='bbox 2119 1790 2211 1843; x_wconf 83' lang='lat' dir='ltr'><strong>fuit</strong></span> 
     </span>
    </p>
   </div>
   <div class='ocr_carea' id='block_1_19' title="bbox 686 1850 2345 1937">
    <p class='ocr_par' dir='ltr' id='par_1_19' title="bbox 686 1850 2345 1937">
     <span class='ocr_line' id='line_1_19' title="bbox 686 1850 2345 1937; baseline 0.025 -41"><span class='ocrx_word' id='word_1_125' title='bbox 686 1852 907 1916; x_wconf 81' lang='lat' dir='ltr'><strong>quicum</strong></span> <span class='ocrx_word' id='word_1_126' title='bbox 966 1859 1129 1911; x_wconf 79' lang='lat' dir='ltr'><strong>etiam</strong></span> <span class='ocrx_word' id='word_1_127' title='bbox 1191 1863 1370 1917; x_wconf 84' lang='lat' dir='ltr'><strong>cibum</strong></span> <span class='ocrx_word' id='word_1_128' title='bbox 1420 1882 1618 1937; x_wconf 74' lang='lat' dir='ltr'><strong>capere</strong></span> <span class='ocrx_word' id='word_1_129' title='bbox 1681 1850 1998 1929; x_wconf 68' lang='lat' dir='ltr'><strong>Christiatio</strong></span> <span class='ocrx_word' id='word_1_130' title='bbox 2051 1880 2272 1935; x_wconf 81' lang='lat' dir='ltr'><strong>cuilibet</strong></span> <span class='ocrx_word' id='word_1_131' title='bbox 2308 1850 2345 1900; x_wconf 60' lang='grc' dir='ltr'>υ</span> 
     </span>
    </p>
   </div>
   <div class='ocr_carea' id='block_1_20' title="bbox 686 1944 2272 2039">
    <p class='ocr_par' dir='ltr' id='par_1_20' title="bbox 686 1944 2272 2039">
     <span class='ocr_line' id='line_1_20' title="bbox 686 1944 2272 2039; baseline 0.02 -45"><span class='ocrx_word' id='word_1_132' title='bbox 686 1944 1033 2001; x_wconf 83' lang='lat' dir='ltr'><strong>interdictum</strong></span> <span class='ocrx_word' id='word_1_133' title='bbox 1066 1960 1149 2005; x_wconf 79' lang='lat' dir='ltr'><strong>est</strong></span> <span class='ocrx_word' id='word_1_134' title='bbox 1186 1970 1197 2003; x_wconf 89' lang='lat'><strong>:</strong></span> <span class='ocrx_word' id='word_1_135' title='bbox 1240 1954 1297 2007; x_wconf 84' lang='lat' dir='ltr'><strong>Si</strong></span> <span class='ocrx_word' id='word_1_136' title='bbox 1326 1962 1439 2024; x_wconf 80' lang='lat' dir='ltr'><strong>quis</strong></span> <span class='ocrx_word' id='word_1_137' title='bbox 1471 1963 1725 2025; x_wconf 81' lang='lat' dir='ltr'><strong>euim,ait</strong></span> <span class='ocrx_word' id='word_1_138' title='bbox 1760 1966 2073 2035; x_wconf 72' lang='lat' dir='ltr'><strong>Apostolus,</strong></span> <span class='ocrx_word' id='word_1_139' title='bbox 2108 1972 2272 2039; x_wconf 79' lang='lat' dir='ltr'><strong>frater</strong></span> 
     </span>
    </p>
   </div>
   <div class='ocr_carea' id='block_1_21' title="bbox 686 2052 2269 2127">
    <p class='ocr_par' dir='ltr' id='par_1_21' title="bbox 686 2052 2269 2127">
     <span class='ocr_line' id='line_1_21' title="bbox 686 2052 2269 2127; baseline 0.021 -42"><span class='ocrx_word' id='word_1_140' title='bbox 686 2052 1013 2105; x_wconf 75' lang='lat' dir='ltr'><strong>nominatur,</strong></span> <span class='ocrx_word' id='word_1_141' title='bbox 1054 2057 1097 2094; x_wconf 81' lang='lat' dir='ltr'><strong>et</strong></span> <span class='ocrx_word' id='word_1_142' title='bbox 1150 2057 1225 2098; x_wconf 81' lang='lat' dir='ltr'><strong>est</strong></span> <span class='ocrx_word' id='word_1_143' title='bbox 1265 2058 1357 2101; x_wconf 81' lang='lat' dir='ltr'><strong>aut</strong></span> <span class='ocrx_word' id='word_1_144' title='bbox 1402 2052 1717 2119; x_wconf 78' lang='lat' dir='ltr'><strong>fornicator,</strong></span> <span class='ocrx_word' id='word_1_145' title='bbox 1772 2070 1863 2112; x_wconf 80' lang='lat' dir='ltr'><strong>aut</strong></span> <span class='ocrx_word' id='word_1_146' title='bbox 1908 2079 2130 2127; x_wconf 68' lang='lat' dir='ltr'><strong>avarus,</strong></span> <span class='ocrx_word' id='word_1_147' title='bbox 2179 2075 2269 2119; x_wconf 78' lang='lat' dir='ltr'><strong>aut</strong></span> 
     </span>
    </p>
   </div>
   <div class='ocr_carea' id='block_1_22' title="bbox 686 2128 2269 2223">
    <p class='ocr_par' dir='ltr' id='par_1_22' title="bbox 686 2128 2269 2223">
     <span class='ocr_line' id='line_1_22' title="bbox 686 2128 2269 2223; baseline 0.021 -47"><span class='ocrx_word' id='word_1_148' title='bbox 686 2128 971 2185; x_wconf 71' lang='lat' dir='ltr'><strong>untledirus</strong></span> <span class='ocrx_word' id='word_1_149' title='bbox 997 2174 1011 2195; x_wconf 93' lang='lat'><strong>,</strong></span> <span class='ocrx_word' id='word_1_150' title='bbox 1048 2148 1137 2188; x_wconf 83' lang='lat' dir='ltr'><strong>aut</strong></span> <span class='ocrx_word' id='word_1_151' title='bbox 1168 2138 1399 2193; x_wconf 57' lang='lat' dir='ltr'><strong>ebriosus</strong></span> <span class='ocrx_word' id='word_1_152' title='bbox 1423 2185 1436 2203; x_wconf 90' lang='lat'><strong>,</strong></span> <span class='ocrx_word' id='word_1_153' title='bbox 1467 2156 1556 2197; x_wconf 82' lang='lat' dir='ltr'><strong>aut</strong></span> <span class='ocrx_word' id='word_1_154' title='bbox 1584 2164 1751 2215; x_wconf 70' lang='lat' dir='ltr'><strong>rapax</strong></span> <span class='ocrx_word' id='word_1_155' title='bbox 1778 2196 1789 2213; x_wconf 87' lang='lat'><strong>,</strong></span> <span class='ocrx_word' id='word_1_156' title='bbox 1824 2168 1939 2206; x_wconf 79' lang='lat' dir='ltr'><strong>cum</strong></span> <span class='ocrx_word' id='word_1_157' title='bbox 1966 2154 2269 2223; x_wconf 71' lang='lat' dir='ltr'><strong>ltujusntotii</strong></span> 
     </span>
    </p>
   </div>
   <div class='ocr_carea' id='block_1_23' title="bbox 685 2222 2268 2307">
    <p class='ocr_par' dir='ltr' id='par_1_23' title="bbox 685 2222 2268 2307">
     <span class='ocr_line' id='line_1_23' title="bbox 685 2222 2268 2307; baseline 0.018 -36"><span class='ocrx_word' id='word_1_158' title='bbox 685 2236 777 2271; x_wconf 69' lang='lat' dir='ltr'><strong>nec</strong></span> <span class='ocrx_word' id='word_1_159' title='bbox 826 2222 997 2276; x_wconf 76' lang='lat' dir='ltr'><strong>cibum</strong></span> <span class='ocrx_word' id='word_1_160' title='bbox 1049 2243 1252 2283; x_wconf 58' lang='grc' dir='ltr'><strong>Μυκη»</strong></span> <span class='ocrx_word' id='word_1_161' title='bbox 1314 2234 1377 2284; x_wconf 72' lang='grc' dir='ltr'><strong>⁷ο.</strong></span> <span class='ocrx_word' id='word_1_162' title='bbox 1447 2233 1633 2291; x_wconf 77' lang='lat' dir='ltr'><strong>Videu&#39;</strong></span> <span class='ocrx_word' id='word_1_163' title='bbox 1668 2245 1941 2307; x_wconf 76' lang='lat' dir='ltr'><strong>quomodo</strong></span> <span class='ocrx_word' id='word_1_164' title='bbox 1972 2222 2073 2299; x_wconf 85' lang='lat' dir='ltr'><strong>nec</strong></span> <span class='ocrx_word' id='word_1_165' title='bbox 2106 2246 2268 2300; x_wconf 76' lang='lat' dir='ltr'><strong>frater</strong></span> 
     </span>
    </p>
   </div>
   <div class='ocr_carea' id='block_1_24' title="bbox 683 2313 2265 2407">
    <p class='ocr_par' dir='ltr' id='par_1_24' title="bbox 683 2313 2265 2407">
     <span class='ocr_line' id='line_1_24' title="bbox 683 2313 2265 2407; baseline 0.02 -45"><span class='ocrx_word' id='word_1_166' title='bbox 683 2320 803 2377; x_wconf 71' lang='lat' dir='ltr'><strong>est,</strong></span> <span class='ocrx_word' id='word_1_167' title='bbox 838 2313 942 2369; x_wconf 80' lang='lat' dir='ltr'><strong>nisi</strong></span> <span class='ocrx_word' id='word_1_168' title='bbox 976 2319 1092 2372; x_wconf 61' lang='lat' dir='ltr'><strong>aOiO</strong></span> <span class='ocrx_word' id='word_1_169' title='bbox 1146 2325 1413 2378; x_wconf 82' lang='lat' dir='ltr'><strong>nomine?</strong></span> <span class='ocrx_word' id='word_1_170' title='bbox 1451 2337 1502 2380; x_wconf 84' lang='lat' dir='ltr'><strong>et</strong></span> <span class='ocrx_word' id='word_1_171' title='bbox 1550 2330 1861 2387; x_wconf 86' lang='lat' dir='ltr'><strong>damnatum</strong></span> <span class='ocrx_word' id='word_1_172' title='bbox 1910 2353 2031 2392; x_wconf 82' lang='lat' dir='ltr'><strong>esse</strong></span> <span class='ocrx_word' id='word_1_173' title='bbox 2080 2340 2265 2407; x_wconf 88' lang='lat' dir='ltr'><strong>prodi-</strong></span> 
     </span>
    </p>
   </div>
   <div class='ocr_carea' id='block_1_25' title="bbox 685 2410 2263 2495">
    <p class='ocr_par' dir='ltr' id='par_1_25' title="bbox 685 2410 2263 2495">
     <span class='ocr_line' id='line_1_25' title="bbox 685 2410 2263 2495; baseline 0.02 -43"><span class='ocrx_word' id='word_1_174' title='bbox 685 2410 1167 2478; x_wconf 71' lang='lat' dir='ltr'><strong>torenv,siquident</strong></span> <span class='ocrx_word' id='word_1_175' title='bbox 1202 2415 1473 2471; x_wconf 78' lang='lat' dir='ltr'><strong>hominem</strong></span> <span class='ocrx_word' id='word_1_176' title='bbox 1510 2424 2081 2495; x_wconf 70' lang='lat' dir='ltr'><strong>p:&#39;-ccattdo.tanqu:ttn</strong></span> <span class='ocrx_word' id='word_1_177' title='bbox 2117 2448 2143 2483; x_wconf 83' lang='lat' dir='ltr'><strong>a</strong></span> <span class='ocrx_word' id='word_1_178' title='bbox 2182 2433 2263 2483; x_wconf 84' lang='lat' dir='ltr'><strong>via</strong></span> 
     </span>
    </p>
   </div>
   <div class='ocr_carea' id='block_1_26' title="bbox 684 2497 2265 2584">
    <p class='ocr_par' dir='ltr' id='par_1_26' title="bbox 684 2497 2265 2584">
     <span class='ocr_line' id='line_1_26' title="bbox 684 2497 2265 2584; baseline 0.02 -39"><span class='ocrx_word' id='word_1_179' title='bbox 684 2497 1059 2555; x_wconf 72' lang='lat' dir='ltr'><strong>deﬂet-tentem</strong></span> <span class='ocrx_word' id='word_1_180' title='bbox 1088 2546 1100 2568; x_wconf 91' lang='lat'><strong>,</strong></span> <span class='ocrx_word' id='word_1_181' title='bbox 1131 2518 1183 2583; x_wconf 83' lang='lat' dir='ltr'><strong>et</strong></span> <span class='ocrx_word' id='word_1_182' title='bbox 1223 2508 1567 2566; x_wconf 84' lang='lat' dir='ltr'><strong>aberrantem</strong></span> <span class='ocrx_word' id='word_1_183' title='bbox 1601 2555 1614 2575; x_wconf 84' lang='lat'><strong>,</strong></span> <span class='ocrx_word' id='word_1_184' title='bbox 1660 2516 1960 2584; x_wconf 81' lang='lat' dir='ltr'><strong>perfectum</strong></span> <span class='ocrx_word' id='word_1_185' title='bbox 2014 2521 2105 2575; x_wconf 85' lang='lat' dir='ltr'><strong>Dei</strong></span> <span class='ocrx_word' id='word_1_186' title='bbox 2160 2525 2265 2576; x_wconf 82' lang='lat' dir='ltr'><strong>ini-</strong></span> 
     </span>
    </p>
   </div>
   <div class='ocr_carea' id='block_1_27' title="bbox 689 2591 2263 2679">
    <p class='ocr_par' dir='ltr' id='par_1_27' title="bbox 689 2591 2263 2679">
     <span class='ocr_line' id='line_1_27' title="bbox 689 2591 2263 2679; baseline 0.02 -40"><span class='ocrx_word' id='word_1_187' title='bbox 689 2591 891 2644; x_wconf 78' lang='lat' dir='ltr'><strong>:uicum</strong></span> <span class='ocrx_word' id='word_1_188' title='bbox 932 2594 1181 2649; x_wconf 77' lang='lat' dir='ltr'><strong>reddidit.</strong></span> <span class='ocrx_word' id='word_1_189' title='bbox 1224 2598 1328 2652; x_wconf 81' lang='lat' dir='ltr'><strong>Sed</strong></span> <span class='ocrx_word' id='word_1_190' title='bbox 1367 2604 1490 2657; x_wconf 85' lang='lat' dir='ltr'><strong>talis</strong></span> <span class='ocrx_word' id='word_1_191' title='bbox 1530 2605 1740 2672; x_wconf 77' lang='lat' dir='ltr'><strong>placide</strong></span> <span class='ocrx_word' id='word_1_192' title='bbox 1766 2613 2076 2679; x_wconf 79' lang='lat' dir='ltr'><strong>rogandus,</strong></span> <span class='ocrx_word' id='word_1_193' title='bbox 2117 2615 2263 2669; x_wconf 82' lang='lat' dir='ltr'><strong>futu-</strong></span> 
     </span>
    </p>
   </div>
   <div class='ocr_carea' id='block_1_28' title="bbox 684 2687 2264 2768">
    <p class='ocr_par' dir='ltr' id='par_1_28' title="bbox 684 2687 2264 2768">
     <span class='ocr_line' id='line_1_28' title="bbox 684 2687 2264 2768; baseline 0.02 -39"><span class='ocrx_word' id='word_1_194' title='bbox 684 2696 977 2751; x_wconf 75' lang='lat' dir='ltr'><strong>rarumque</strong></span> <span class='ocrx_word' id='word_1_195' title='bbox 1047 2694 1099 2738; x_wconf 76' lang='lat' dir='ltr'><strong>et</strong></span> <span class='ocrx_word' id='word_1_196' title='bbox 1147 2687 1492 2747; x_wconf 88' lang='lat' dir='ltr'><strong>horribilium</strong></span> <span class='ocrx_word' id='word_1_197' title='bbox 1556 2710 1838 2763; x_wconf 72' lang='lat' dir='ltr'><strong>pmnarum</strong></span> <span class='ocrx_word' id='word_1_198' title='bbox 1886 2706 2264 2768; x_wconf 77' lang='lat' dir='ltr'><strong>pecratmihus</strong></span> 
     </span>
    </p>
   </div>
   <div class='ocr_carea' id='block_1_29' title="bbox 680 2773 2264 2852">
    <p class='ocr_par' dir='ltr' id='par_1_29' title="bbox 680 2773 2264 2852">
     <span class='ocr_line' id='line_1_29' title="bbox 680 2773 2264 2852; baseline 0.016 -27"><span class='ocrx_word' id='word_1_199' title='bbox 680 2773 1024 2836; x_wconf 70' lang='lat' dir='ltr'><strong>decreturum</strong></span> <span class='ocrx_word' id='word_1_200' title='bbox 1065 2781 1479 2851; x_wconf 75' lang='lat' dir='ltr'><strong>redintegranda</strong></span> <span class='ocrx_word' id='word_1_201' title='bbox 1517 2786 1588 2839; x_wconf 86' lang='lat' dir='ltr'><strong>illi</strong></span> <span class='ocrx_word' id='word_1_202' title='bbox 1626 2793 1907 2852; x_wconf 81' lang='lat' dir='ltr'><strong>memoria,</strong></span> <span class='ocrx_word' id='word_1_203' title='bbox 1936 2802 1988 2846; x_wconf 86' lang='lat' dir='ltr'><strong>et</strong></span> <span class='ocrx_word' id='word_1_204' title='bbox 2022 2810 2264 2850; x_wconf 79' lang='lat' dir='ltr'><strong>commo-</strong></span> 
     </span>
    </p>
   </div>
   <div class='ocr_carea' id='block_1_30' title="bbox 683 2866 2264 2942">
    <p class='ocr_par' dir='ltr' id='par_1_30' title="bbox 683 2866 2264 2942">
     <span class='ocr_line' id='line_1_30' title="bbox 683 2866 2264 2942; baseline 0.016 -25"><span class='ocrx_word' id='word_1_205' title='bbox 683 2866 1077 2933; x_wconf 72' lang='lat' dir='ltr'><strong>nefaeiendus,</strong></span> <span class='ocrx_word' id='word_1_206' title='bbox 1123 2883 1216 2926; x_wconf 90' lang='lat' dir='ltr'><strong>aut</strong></span> <span class='ocrx_word' id='word_1_207' title='bbox 1270 2874 1443 2930; x_wconf 85' lang='lat' dir='ltr'><strong>instar</strong></span> <span class='ocrx_word' id='word_1_208' title='bbox 1480 2879 1608 2931; x_wconf 80' lang='lat' dir='ltr'><strong>ca-ci</strong></span> <span class='ocrx_word' id='word_1_209' title='bbox 1660 2896 1822 2935; x_wconf 88' lang='lat' dir='ltr'><strong>manu</strong></span> <span class='ocrx_word' id='word_1_210' title='bbox 1870 2882 2152 2941; x_wconf 82' lang='lat' dir='ltr'><strong>ducendus</strong></span> <span class='ocrx_word' id='word_1_211' title='bbox 2184 2901 2264 2942; x_wconf 84' lang='lat' dir='ltr'><strong>est</strong></span> 
     </span>
    </p>
   </div>
   <div class='ocr_carea' id='block_1_31' title="bbox 682 2964 2265 3039">
    <p class='ocr_par' dir='ltr' id='par_1_31' title="bbox 682 2964 2265 3039">
     <span class='ocr_line' id='line_1_31' title="bbox 682 2964 2265 3039; baseline 0.016 -29"><span class='ocrx_word' id='word_1_212' title='bbox 682 2968 832 3021; x_wconf 74' lang='lat' dir='ltr'><strong>(nam</strong></span> <span class='ocrx_word' id='word_1_213' title='bbox 865 2965 1043 3017; x_wconf 85' lang='lat' dir='ltr'><strong>oculis</strong></span> <span class='ocrx_word' id='word_1_214' title='bbox 1070 2964 1290 3020; x_wconf 76' lang='lat' dir='ltr'><strong>orbatos</strong></span> <span class='ocrx_word' id='word_1_215' title='bbox 1323 2985 1426 3022; x_wconf 85' lang='lat' dir='ltr'><strong>non</strong></span> <span class='ocrx_word' id='word_1_216' title='bbox 1460 2972 1742 3039; x_wconf 89' lang='lat' dir='ltr'><strong>punimns,</strong></span> <span class='ocrx_word' id='word_1_217' title='bbox 1780 2974 1873 3029; x_wconf 88' lang='lat' dir='ltr'><strong>sed</strong></span> <span class='ocrx_word' id='word_1_218' title='bbox 1910 2992 2073 3032; x_wconf 84' lang='lat' dir='ltr'><strong>manu</strong></span> <span class='ocrx_word' id='word_1_219' title='bbox 2108 2980 2265 3035; x_wconf 59' lang='lat' dir='ltr'><strong>dttcio</strong></span> 
     </span>
    </p>
   </div>
   <div class='ocr_carea' id='block_1_32' title="bbox 682 3053 2262 3137">
    <p class='ocr_par' dir='ltr' id='par_1_32' title="bbox 682 3053 2262 3137">
     <span class='ocr_line' id='line_1_32' title="bbox 682 3053 2262 3137; baseline 0.016 -37"><span class='ocrx_word' id='word_1_220' title='bbox 682 3053 847 3117; x_wconf 86' lang='lat' dir='ltr'><strong>ntus),</strong></span> <span class='ocrx_word' id='word_1_221' title='bbox 893 3065 986 3108; x_wconf 90' lang='lat' dir='ltr'><strong>aut</strong></span> <span class='ocrx_word' id='word_1_222' title='bbox 1023 3065 1079 3110; x_wconf 91' lang='lat' dir='ltr'><strong>ut</strong></span> <span class='ocrx_word' id='word_1_223' title='bbox 1124 3058 1349 3113; x_wconf 79' lang='lat' dir='ltr'><strong>demens</strong></span> <span class='ocrx_word' id='word_1_224' title='bbox 1382 3063 1747 3130; x_wconf 73' lang='lat' dir='ltr'><strong>miseramius,</strong></span> <span class='ocrx_word' id='word_1_225' title='bbox 1775 3075 1833 3120; x_wconf 91' lang='lat' dir='ltr'><strong>ut</strong></span> <span class='ocrx_word' id='word_1_226' title='bbox 1863 3070 1953 3137; x_wconf 87' lang='lat' dir='ltr'><strong>qui</strong></span> <span class='ocrx_word' id='word_1_227' title='bbox 1984 3086 2013 3122; x_wconf 91' lang='lat' dir='ltr'><strong>a</strong></span> <span class='ocrx_word' id='word_1_228' title='bbox 2046 3072 2262 3126; x_wconf 76' lang='lat' dir='ltr'><strong>diabolo</strong></span> 
     </span>
    </p>
   </div>
   <div class='ocr_carea' id='block_1_33' title="bbox 2378 592 3969 667">
    <p class='ocr_par' dir='ltr' id='par_1_33' title="bbox 2378 592 3969 667">
     <span class='ocr_line' id='line_1_33' title="bbox 2378 592 3969 667; baseline 0.004 -22"><span class='ocrx_word' id='word_1_229' title='bbox 2378 608 2488 661; x_wconf 87' lang='lat' dir='ltr'><strong>quo</strong></span> <span class='ocrx_word' id='word_1_230' title='bbox 2541 593 2767 662; x_wconf 84' lang='lat' dir='ltr'><strong>spiritus</strong></span> <span class='ocrx_word' id='word_1_231' title='bbox 2823 592 3066 647; x_wconf 82' lang='lat' dir='ltr'><strong>salvetur</strong></span> <span class='ocrx_word' id='word_1_232' title='bbox 3096 594 3152 649; x_wconf 87' lang='lat' dir='ltr'><strong>in</strong></span> <span class='ocrx_word' id='word_1_233' title='bbox 3196 597 3282 650; x_wconf 85' lang='lat' dir='ltr'><strong>die</strong></span> <span class='ocrx_word' id='word_1_234' title='bbox 3338 595 3572 651; x_wconf 82' lang='lat' dir='ltr'><strong>Domini.</strong></span> <span class='ocrx_word' id='word_1_235' title='bbox 3604 595 3742 662; x_wconf 85' lang='lat' dir='ltr'><strong>Quid</strong></span> <span class='ocrx_word' id='word_1_236' title='bbox 3799 612 3969 667; x_wconf 84' lang='lat' dir='ltr'><strong>porro</strong></span> 
     </span>
    </p>
   </div>
   <div class='ocr_carea' id='block_1_34' title="bbox 2378 680 3956 752">
    <p class='ocr_par' dir='ltr' id='par_1_34' title="bbox 2378 680 3956 752">
     <span class='ocr_line' id='line_1_34' title="bbox 2378 680 3956 752; baseline 0.004 -19"><span class='ocrx_word' id='word_1_237' title='bbox 2378 682 2489 733; x_wconf 91' lang='lat' dir='ltr'><strong>vult</strong></span> <span class='ocrx_word' id='word_1_238' title='bbox 2518 683 2657 735; x_wconf 85' lang='lat' dir='ltr'><strong>tradi</strong></span> <span class='ocrx_word' id='word_1_239' title='bbox 2699 680 2912 735; x_wconf 76' lang='lat' dir='ltr'><strong>Satame</strong></span> <span class='ocrx_word' id='word_1_240' title='bbox 2950 683 3002 735; x_wconf 93' lang='lat' dir='ltr'><strong>in</strong></span> <span class='ocrx_word' id='word_1_241' title='bbox 3040 684 3318 737; x_wconf 83' lang='lat' dir='ltr'><strong>interitum</strong></span> <span class='ocrx_word' id='word_1_242' title='bbox 3350 686 3579 739; x_wconf 71' lang='lat' dir='ltr'><strong>carnis?</strong></span> <span class='ocrx_word' id='word_1_243' title='bbox 3627 695 3681 738; x_wconf 88' lang='lat' dir='ltr'><strong>ut</strong></span> <span class='ocrx_word' id='word_1_244' title='bbox 3724 688 3956 752; x_wconf 81' lang='lat' dir='ltr'><strong>morbis,</strong></span> 
     </span>
    </p>
   </div>
   <div class='ocr_carea' id='block_1_35' title="bbox 2375 776 3971 847">
    <p class='ocr_par' dir='ltr' id='par_1_35' title="bbox 2375 776 3971 847">
     <span class='ocr_line' id='line_1_35' title="bbox 2375 776 3971 847; baseline 0.003 -21"><span class='ocrx_word' id='word_1_245' title='bbox 2375 784 2425 827; x_wconf 84' lang='lat' dir='ltr'><strong>et</strong></span> <span class='ocrx_word' id='word_1_246' title='bbox 2463 776 2821 831; x_wconf 79' lang='lat' dir='ltr'><strong>incommodis</strong></span> <span class='ocrx_word' id='word_1_247' title='bbox 2841 817 2857 841; x_wconf 88' lang='lat'><strong>,</strong></span> <span class='ocrx_word' id='word_1_248' title='bbox 2884 784 2929 828; x_wconf 87' lang='lat' dir='ltr'><strong>et</strong></span> <span class='ocrx_word' id='word_1_249' title='bbox 2974 776 3255 831; x_wconf 81' lang='lat' dir='ltr'><strong>doloribus</strong></span> <span class='ocrx_word' id='word_1_250' title='bbox 3277 819 3291 843; x_wconf 92' lang='lat'><strong>,</strong></span> <span class='ocrx_word' id='word_1_251' title='bbox 3326 792 3375 832; x_wconf 89' lang='lat' dir='ltr'><strong>et</strong></span> <span class='ocrx_word' id='word_1_252' title='bbox 3406 780 3578 847; x_wconf 71' lang='lat' dir='ltr'><strong>plagis</strong></span> <span class='ocrx_word' id='word_1_253' title='bbox 3600 818 3614 842; x_wconf 90' lang='lat'><strong>,</strong></span> <span class='ocrx_word' id='word_1_254' title='bbox 3646 790 3698 832; x_wconf 74' lang='lat' dir='ltr'><strong>et</strong></span> <span class='ocrx_word' id='word_1_255' title='bbox 3728 780 3971 833; x_wconf 84' lang='lat' dir='ltr'><strong>vulneri-</strong></span> 
     </span>
    </p>
   </div>
   <div class='ocr_carea' id='block_1_36' title="bbox 2376 869 3959 942">
    <p class='ocr_par' dir='ltr' id='par_1_36' title="bbox 2376 869 3959 942">
     <span class='ocr_line' id='line_1_36' title="bbox 2376 869 3959 942; baseline 0.003 -22"><span class='ocrx_word' id='word_1_256' title='bbox 2376 869 2475 923; x_wconf 89' lang='lat' dir='ltr'><strong>bus</strong></span> <span class='ocrx_word' id='word_1_257' title='bbox 2518 886 2654 939; x_wconf 81' lang='lat' dir='ltr'><strong>pene</strong></span> <span class='ocrx_word' id='word_1_258' title='bbox 2709 870 3223 933; x_wconf 80' lang='lat' dir='ltr'><strong>itnmedieabilihus,</strong></span> <span class='ocrx_word' id='word_1_259' title='bbox 3260 881 3313 925; x_wconf 93' lang='lat' dir='ltr'><strong>et</strong></span> <span class='ocrx_word' id='word_1_260' title='bbox 3347 874 3532 934; x_wconf 88' lang='lat' dir='ltr'><strong>variis,</strong></span> <span class='ocrx_word' id='word_1_261' title='bbox 3575 882 3739 942; x_wconf 83' lang='lat' dir='ltr'><strong>atque</strong></span> <span class='ocrx_word' id='word_1_262' title='bbox 3775 874 3959 925; x_wconf 75' lang='lat' dir='ltr'><strong>omni-</strong></span> 
     </span>
    </p>
   </div>
   <div class='ocr_carea' id='block_1_37' title="bbox 2373 962 3953 1032">
    <p class='ocr_par' dir='ltr' id='par_1_37' title="bbox 2373 962 3953 1032">
     <span class='ocr_line' id='line_1_37' title="bbox 2373 962 3953 1032; baseline 0.004 -22"><span class='ocrx_word' id='word_1_263' title='bbox 2373 964 2525 1030; x_wconf 76' lang='lat' dir='ltr'><strong>genis</strong></span> <span class='ocrx_word' id='word_1_264' title='bbox 2580 962 3040 1017; x_wconf 78' lang='lat' dir='ltr'><strong>invaletudinihus</strong></span> <span class='ocrx_word' id='word_1_265' title='bbox 3079 980 3278 1032; x_wconf 82' lang='lat' dir='ltr'><strong>corpus</strong></span> <span class='ocrx_word' id='word_1_266' title='bbox 3326 965 3563 1031; x_wconf 69' lang='lat' dir='ltr'><strong>jattetur</strong></span> <span class='ocrx_word' id='word_1_267' title='bbox 3602 980 3664 1018; x_wconf 86' lang='lat' dir='ltr'><strong>ac</strong></span> <span class='ocrx_word' id='word_1_268' title='bbox 3706 967 3953 1018; x_wconf 83' lang='lat' dir='ltr'><strong>lancine-</strong></span> 
     </span>
    </p>
   </div>
   <div class='ocr_carea' id='block_1_38' title="bbox 2374 1053 3961 1124">
    <p class='ocr_par' dir='ltr' id='par_1_38' title="bbox 2374 1053 3961 1124">
     <span class='ocr_line' id='line_1_38' title="bbox 2374 1053 3961 1124; baseline 0.003 -20"><span class='ocrx_word' id='word_1_269' title='bbox 2374 1062 2481 1117; x_wconf 90' lang='lat' dir='ltr'><strong>tur,</strong></span> <span class='ocrx_word' id='word_1_270' title='bbox 2515 1053 2971 1121; x_wconf 84' lang='lat' dir='ltr'><strong>quemadmodum</strong></span> <span class='ocrx_word' id='word_1_271' title='bbox 3023 1054 3271 1107; x_wconf 80' lang='lat' dir='ltr'><strong>diabolus</strong></span> <span class='ocrx_word' id='word_1_272' title='bbox 3324 1053 3425 1107; x_wconf 84' lang='lat' dir='ltr'><strong>Joh</strong></span> <span class='ocrx_word' id='word_1_273' title='bbox 3466 1057 3741 1124; x_wconf 87' lang='lat' dir='ltr'><strong>percussit</strong></span> <span class='ocrx_word' id='word_1_274' title='bbox 3776 1056 3961 1109; x_wconf 77' lang='lat' dir='ltr'><strong>ulcera</strong></span> 
     </span>
    </p>
   </div>
   <div class='ocr_carea' id='block_1_39' title="bbox 2373 1146 3964 1218">
    <p class='ocr_par' dir='ltr' id='par_1_39' title="bbox 2373 1146 3964 1218">
     <span class='ocr_line' id='line_1_39' title="bbox 2373 1146 3964 1218; baseline 0.004 -23"><span class='ocrx_word' id='word_1_275' title='bbox 2373 1146 2629 1210; x_wconf 83' lang='lat' dir='ltr'><strong>pessimo,</strong></span> <span class='ocrx_word' id='word_1_276' title='bbox 2666 1162 2693 1198; x_wconf 92' lang='lat' dir='ltr'><strong>a</strong></span> <span class='ocrx_word' id='word_1_277' title='bbox 2755 1146 2981 1214; x_wconf 80' lang='lat' dir='ltr'><strong>pedibus</strong></span> <span class='ocrx_word' id='word_1_278' title='bbox 3029 1161 3201 1214; x_wconf 84' lang='lat' dir='ltr'><strong>usque</strong></span> <span class='ocrx_word' id='word_1_279' title='bbox 3251 1146 3316 1199; x_wconf 86' lang='lat' dir='ltr'><strong>ad</strong></span> <span class='ocrx_word' id='word_1_280' title='bbox 3356 1148 3613 1200; x_wconf 86' lang='lat' dir='ltr'><strong>verticem</strong></span> <span class='ocrx_word' id='word_1_281' title='bbox 3671 1166 3683 1201; x_wconf 90' lang='lat'><strong>:</strong></span> <span class='ocrx_word' id='word_1_282' title='bbox 3725 1158 3781 1201; x_wconf 88' lang='lat' dir='ltr'><strong>ut</strong></span> <span class='ocrx_word' id='word_1_283' title='bbox 3836 1164 3964 1218; x_wconf 84' lang='lat' dir='ltr'><strong>pro-</strong></span> 
     </span>
    </p>
   </div>
   <div class='ocr_carea' id='block_1_40' title="bbox 2372 1238 3962 1307">
    <p class='ocr_par' dir='ltr' id='par_1_40' title="bbox 2372 1238 3962 1307">
     <span class='ocr_line' id='line_1_40' title="bbox 2372 1238 3962 1307; baseline 0.003 -19"><span class='ocrx_word' id='word_1_284' title='bbox 2372 1246 2489 1303; x_wconf 87' lang='lat' dir='ltr'><strong>pter</strong></span> <span class='ocrx_word' id='word_1_285' title='bbox 2538 1238 2921 1293; x_wconf 90' lang='lat' dir='ltr'><strong>contritionem</strong></span> <span class='ocrx_word' id='word_1_286' title='bbox 2977 1238 3227 1307; x_wconf 84' lang='lat' dir='ltr'><strong>corporis</strong></span> <span class='ocrx_word' id='word_1_287' title='bbox 3281 1254 3592 1307; x_wconf 82' lang='lat' dir='ltr'><strong>quanquam</strong></span> <span class='ocrx_word' id='word_1_288' title='bbox 3650 1242 3803 1293; x_wconf 89' lang='lat' dir='ltr'><strong>inviti</strong></span> <span class='ocrx_word' id='word_1_289' title='bbox 3874 1258 3962 1295; x_wconf 86' lang='lat' dir='ltr'><strong>sa-</strong></span> 
     </span>
    </p>
   </div>
   <div class='ocr_carea' id='block_1_41' title="bbox 2373 1327 3957 1398">
    <p class='ocr_par' dir='ltr' id='par_1_41' title="bbox 2373 1327 3957 1398">
     <span class='ocr_line' id='line_1_41' title="bbox 2373 1327 3957 1398; baseline 0.003 -19"><span class='ocrx_word' id='word_1_290' title='bbox 2373 1327 2562 1395; x_wconf 83' lang='lat' dir='ltr'><strong>piant,</strong></span> <span class='ocrx_word' id='word_1_291' title='bbox 2596 1337 2651 1382; x_wconf 86' lang='lat' dir='ltr'><strong>et</strong></span> <span class='ocrx_word' id='word_1_292' title='bbox 2684 1330 2826 1397; x_wconf 88' lang='lat' dir='ltr'><strong>quod</strong></span> <span class='ocrx_word' id='word_1_293' title='bbox 2874 1331 2991 1383; x_wconf 87' lang='lat' dir='ltr'><strong>sani</strong></span> <span class='ocrx_word' id='word_1_294' title='bbox 3040 1328 3405 1397; x_wconf 80' lang='lat' dir='ltr'><strong>refugerunt,</strong></span> <span class='ocrx_word' id='word_1_295' title='bbox 3454 1344 3577 1381; x_wconf 74' lang='lat' dir='ltr'><strong>tum</strong></span> <span class='ocrx_word' id='word_1_296' title='bbox 3625 1331 3957 1398; x_wconf 76' lang='lat' dir='ltr'><strong>gemitibus,</strong></span> 
     </span>
    </p>
   </div>
   <div class='ocr_carea' id='block_1_42' title="bbox 2370 1420 3957 1491">
    <p class='ocr_par' dir='ltr' id='par_1_42' title="bbox 2370 1420 3957 1491">
     <span class='ocr_line' id='line_1_42' title="bbox 2370 1420 3957 1491; baseline 0.003 -20"><span class='ocrx_word' id='word_1_297' title='bbox 2370 1420 2727 1489; x_wconf 85' lang='lat' dir='ltr'><strong>crueiatuque</strong></span> <span class='ocrx_word' id='word_1_298' title='bbox 2752 1431 3028 1491; x_wconf 63' lang='lat' dir='ltr'><strong>prtestent.</strong></span> <span class='ocrx_word' id='word_1_299' title='bbox 3090 1420 3229 1476; x_wconf 84' lang='lat' dir='ltr'><strong>Deus</strong></span> <span class='ocrx_word' id='word_1_300' title='bbox 3280 1422 3425 1474; x_wconf 87' lang='lat' dir='ltr'><strong>enim</strong></span> <span class='ocrx_word' id='word_1_301' title='bbox 3458 1422 3638 1473; x_wconf 83' lang='lat' dir='ltr'><strong>anima</strong></span> <span class='ocrx_word' id='word_1_302' title='bbox 3672 1434 3957 1490; x_wconf 80' lang='lat' dir='ltr'><strong>peccante,</strong></span> 
     </span>
    </p>
   </div>
   <div class='ocr_carea' id='block_1_43' title="bbox 2370 1514 3963 1586">
    <p class='ocr_par' dir='ltr' id='par_1_43' title="bbox 2370 1514 3963 1586">
     <span class='ocr_line' id='line_1_43' title="bbox 2370 1514 3963 1586; baseline 0.001 -17"><span class='ocrx_word' id='word_1_303' title='bbox 2370 1529 2567 1584; x_wconf 85' lang='lat' dir='ltr'><strong>corpus</strong></span> <span class='ocrx_word' id='word_1_304' title='bbox 2597 1516 2663 1570; x_wconf 82' lang='lat' dir='ltr'><strong>ad</strong></span> <span class='ocrx_word' id='word_1_305' title='bbox 2700 1532 2915 1586; x_wconf 65' lang='lat' dir='ltr'><strong>poenam</strong></span> <span class='ocrx_word' id='word_1_306' title='bbox 2959 1525 3138 1570; x_wconf 86' lang='lat' dir='ltr'><strong>vocat.</strong></span> <span class='ocrx_word' id='word_1_307' title='bbox 3174 1515 3497 1571; x_wconf 83' lang='lat' dir='ltr'><strong>Sanctitudo</strong></span> <span class='ocrx_word' id='word_1_308' title='bbox 3532 1522 3711 1568; x_wconf 87' lang='lat' dir='ltr'><strong>autem</strong></span> <span class='ocrx_word' id='word_1_309' title='bbox 3760 1514 3963 1570; x_wconf 73' lang='lat' dir='ltr'><strong>diiinze</strong></span> 
     </span>
    </p>
   </div>
   <div class='ocr_carea' id='block_1_44' title="bbox 2372 1606 3961 1675">
    <p class='ocr_par' dir='ltr' id='par_1_44' title="bbox 2372 1606 3961 1675">
     <span class='ocr_line' id='line_1_44' title="bbox 2372 1606 3961 1675; baseline 0.001 -18"><span class='ocrx_word' id='word_1_310' title='bbox 2372 1606 2777 1661; x_wconf 86' lang='lat' dir='ltr'><strong>conuunnionis</strong></span> <span class='ocrx_word' id='word_1_311' title='bbox 2827 1617 3049 1675; x_wconf 85' lang='lat' dir='ltr'><strong>peccata</strong></span> <span class='ocrx_word' id='word_1_312' title='bbox 3108 1606 3471 1675; x_wconf 87' lang='lat' dir='ltr'><strong>dispellendi,</strong></span> <span class='ocrx_word' id='word_1_313' title='bbox 3522 1606 3828 1669; x_wconf 65' lang='lat' dir='ltr'><strong>animmque</strong></span> <span class='ocrx_word' id='word_1_314' title='bbox 3891 1608 3961 1659; x_wconf 83' lang='lat' dir='ltr'><strong>ab</strong></span> 
     </span>
    </p>
   </div>
   <div class='ocr_carea' id='block_1_45' title="bbox 2373 1696 3963 1769">
    <p class='ocr_par' dir='ltr' id='par_1_45' title="bbox 2373 1696 3963 1769">
     <span class='ocr_line' id='line_1_45' title="bbox 2373 1696 3963 1769; baseline 0.002 -21"><span class='ocrx_word' id='word_1_315' title='bbox 2373 1696 2702 1759; x_wconf 80' lang='lat' dir='ltr'><strong>affectione,</strong></span> <span class='ocrx_word' id='word_1_316' title='bbox 2736 1706 2807 1769; x_wconf 11' lang='lat' dir='ltr'><strong>[et</strong></span> <span class='ocrx_word' id='word_1_317' title='bbox 2858 1698 3094 1767; x_wconf 88' lang='lat' dir='ltr'><strong>impulsu</strong></span> <span class='ocrx_word' id='word_1_318' title='bbox 3154 1697 3217 1750; x_wconf 86' lang='lat' dir='ltr'><strong>ad</strong></span> <span class='ocrx_word' id='word_1_319' title='bbox 3267 1712 3329 1750; x_wconf 88' lang='lat' dir='ltr'><strong>ea</strong></span> <span class='ocrx_word' id='word_1_320' title='bbox 3383 1696 3675 1765; x_wconf 73' lang='lat' dir='ltr'><strong>purganda:</strong></span> <span class='ocrx_word' id='word_1_321' title='bbox 3733 1698 3840 1749; x_wconf 83' lang='lat' dir='ltr'><strong>vim</strong></span> <span class='ocrx_word' id='word_1_322' title='bbox 3896 1710 3963 1751; x_wconf 82' lang='lat' dir='ltr'><strong>ac</strong></span> 
     </span>
    </p>
   </div>
   <div class='ocr_carea' id='block_1_46' title="bbox 2377 1788 3954 1857">
    <p class='ocr_par' dir='ltr' id='par_1_46' title="bbox 2377 1788 3954 1857">
     <span class='ocr_line' id='line_1_46' title="bbox 2377 1788 3954 1857; baseline 0 -16"><span class='ocrx_word' id='word_1_323' title='bbox 2377 1798 2693 1857; x_wconf 70' lang='lat' dir='ltr'><strong>potestatem</strong></span> <span class='ocrx_word' id='word_1_324' title='bbox 2751 1788 2980 1841; x_wconf 83' lang='lat' dir='ltr'><strong>validam</strong></span> <span class='ocrx_word' id='word_1_325' title='bbox 3032 1788 3213 1842; x_wconf 81' lang='lat' dir='ltr'><strong>habet.</strong></span> <span class='ocrx_word' id='word_1_326' title='bbox 3271 1788 3337 1841; x_wconf 78' lang='lat' dir='ltr'><strong>Et</strong></span> <span class='ocrx_word' id='word_1_327' title='bbox 3390 1790 3531 1843; x_wconf 85' lang='lat' dir='ltr'><strong>sicut</strong></span> <span class='ocrx_word' id='word_1_328' title='bbox 3579 1790 3630 1842; x_wconf 87' lang='lat' dir='ltr'><strong>in</strong></span> <span class='ocrx_word' id='word_1_329' title='bbox 3679 1804 3787 1842; x_wconf 90' lang='lat' dir='ltr'><strong>uno</strong></span> <span class='ocrx_word' id='word_1_330' title='bbox 3824 1802 3954 1842; x_wconf 77' lang='lat' dir='ltr'><strong>vase</strong></span> 
     </span>
    </p>
   </div>
   <div class='ocr_carea' id='block_1_47' title="bbox 2378 1881 3960 1951">
    <p class='ocr_par' dir='ltr' id='par_1_47' title="bbox 2378 1881 3960 1951">
     <span class='ocr_line' id='line_1_47' title="bbox 2378 1881 3960 1951; baseline -0.001 -17"><span class='ocrx_word' id='word_1_331' title='bbox 2378 1884 2516 1949; x_wconf 69' lang='lat' dir='ltr'><strong>ignis</strong></span> <span class='ocrx_word' id='word_1_332' title='bbox 2543 1923 2555 1947; x_wconf 87' lang='lat'><strong>,</strong></span> <span class='ocrx_word' id='word_1_333' title='bbox 2589 1894 2639 1936; x_wconf 91' lang='lat' dir='ltr'><strong>et</strong></span> <span class='ocrx_word' id='word_1_334' title='bbox 2675 1898 2813 1950; x_wconf 78' lang='lat' dir='ltr'><strong>aqua</strong></span> <span class='ocrx_word' id='word_1_335' title='bbox 2847 1881 3009 1934; x_wconf 84' lang='lat' dir='ltr'><strong>simul</strong></span> <span class='ocrx_word' id='word_1_336' title='bbox 3042 1896 3162 1935; x_wconf 85' lang='lat' dir='ltr'><strong>esse</strong></span> <span class='ocrx_word' id='word_1_337' title='bbox 3198 1896 3473 1951; x_wconf 78' lang='lat' dir='ltr'><strong>nequeunt</strong></span> <span class='ocrx_word' id='word_1_338' title='bbox 3512 1900 3526 1935; x_wconf 93' lang='lat'><strong>:</strong></span> <span class='ocrx_word' id='word_1_339' title='bbox 3559 1895 3628 1934; x_wconf 86' lang='lat' dir='ltr'><strong>ita</strong></span> <span class='ocrx_word' id='word_1_340' title='bbox 3666 1896 3765 1935; x_wconf 87' lang='lat' dir='ltr'><strong>nec</strong></span> <span class='ocrx_word' id='word_1_341' title='bbox 3796 1896 3960 1934; x_wconf 82' lang='lat' dir='ltr'><strong>mun-</strong></span> 
     </span>
    </p>
   </div>
   <div class='ocr_carea' id='block_1_48' title="bbox 2375 1973 3955 2042">
    <p class='ocr_par' dir='ltr' id='par_1_48' title="bbox 2375 1973 3955 2042">
     <span class='ocr_line' id='line_1_48' title="bbox 2375 1973 3955 2042; baseline 0.001 -18"><span class='ocrx_word' id='word_1_342' title='bbox 2375 1974 2656 2029; x_wconf 75' lang='lat' dir='ltr'><strong>dissimum</strong></span> <span class='ocrx_word' id='word_1_343' title='bbox 2703 1973 2907 2027; x_wconf 74' lang='lat' dir='ltr'><strong>Christi</strong></span> <span class='ocrx_word' id='word_1_344' title='bbox 2941 1990 3142 2042; x_wconf 83' lang='lat' dir='ltr'><strong>corpus</strong></span> <span class='ocrx_word' id='word_1_345' title='bbox 3174 2017 3186 2037; x_wconf 88' lang='lat'><strong>,</strong></span> <span class='ocrx_word' id='word_1_346' title='bbox 3215 1982 3265 2025; x_wconf 82' lang='lat' dir='ltr'><strong>et</strong></span> <span class='ocrx_word' id='word_1_347' title='bbox 3296 1973 3622 2027; x_wconf 70' lang='lat' dir='ltr'><strong>detestabiie</strong></span> <span class='ocrx_word' id='word_1_348' title='bbox 3668 1983 3955 2041; x_wconf 80' lang='lat' dir='ltr'><strong>peccatum</strong></span> 
     </span>
    </p>
   </div>
   <div class='ocr_carea' id='block_1_49' title="bbox 2377 2065 3956 2136">
    <p class='ocr_par' dir='ltr' id='par_1_49' title="bbox 2377 2065 3956 2136">
     <span class='ocr_line' id='line_1_49' title="bbox 2377 2065 3956 2136; baseline 0.001 -18"><span class='ocrx_word' id='word_1_349' title='bbox 2377 2065 2428 2118; x_wconf 91' lang='lat' dir='ltr'><strong>in</strong></span> <span class='ocrx_word' id='word_1_350' title='bbox 2460 2082 2567 2119; x_wconf 89' lang='lat' dir='ltr'><strong>uno</strong></span> <span class='ocrx_word' id='word_1_351' title='bbox 2612 2068 2913 2133; x_wconf 84' lang='lat' dir='ltr'><strong>eodemque</strong></span> <span class='ocrx_word' id='word_1_352' title='bbox 2965 2066 3286 2119; x_wconf 75' lang='lat' dir='ltr'><strong>christiano.</strong></span> <span class='ocrx_word' id='word_1_353' title='bbox 3339 2066 3492 2131; x_wconf 86' lang='lat' dir='ltr'><strong>Quod</strong></span> <span class='ocrx_word' id='word_1_354' title='bbox 3527 2067 3570 2120; x_wconf 90' lang='lat' dir='ltr'><strong>si</strong></span> <span class='ocrx_word' id='word_1_355' title='bbox 3607 2082 3795 2121; x_wconf 84' lang='lat' dir='ltr'><strong>amore</strong></span> <span class='ocrx_word' id='word_1_356' title='bbox 3827 2082 3956 2136; x_wconf 81' lang='lat' dir='ltr'><strong>pce-</strong></span> 
     </span>
    </p>
   </div>
   <div class='ocr_carea' id='block_1_50' title="bbox 2374 2157 3957 2221">
    <p class='ocr_par' dir='ltr' id='par_1_50' title="bbox 2374 2157 3957 2221">
     <span class='ocr_line' id='line_1_50' title="bbox 2374 2157 3957 2221; baseline 0.001 -10"><span class='ocrx_word' id='word_1_357' title='bbox 2374 2157 2527 2211; x_wconf 84' lang='lat' dir='ltr'><strong>candi</strong></span> <span class='ocrx_word' id='word_1_358' title='bbox 2594 2158 2881 2221; x_wconf 74' lang='lat' dir='ltr'><strong>irretitus,</strong></span> <span class='ocrx_word' id='word_1_359' title='bbox 2937 2159 3062 2211; x_wconf 76' lang='lat' dir='ltr'><strong>dum</strong></span> <span class='ocrx_word' id='word_1_360' title='bbox 3129 2169 3371 2213; x_wconf 80' lang='lat' dir='ltr'><strong>sanetam</strong></span> <span class='ocrx_word' id='word_1_361' title='bbox 3422 2157 3626 2212; x_wconf 81' lang='lat' dir='ltr'><strong>Christi</strong></span> <span class='ocrx_word' id='word_1_362' title='bbox 3690 2173 3957 2219; x_wconf 86' lang='lat' dir='ltr'><strong>carnem,</strong></span> 
     </span>
    </p>
   </div>
   <div class='ocr_carea' id='block_1_51' title="bbox 2374 2250 3956 2319">
    <p class='ocr_par' dir='ltr' id='par_1_51' title="bbox 2374 2250 3956 2319">
     <span class='ocr_line' id='line_1_51' title="bbox 2374 2250 3956 2319; baseline 0.002 -18"><span class='ocrx_word' id='word_1_363' title='bbox 2374 2250 2825 2318; x_wconf 84' lang='lat' dir='ltr'><strong>impollutumque</strong></span> <span class='ocrx_word' id='word_1_364' title='bbox 2890 2251 3209 2317; x_wconf 70' lang='lat' dir='ltr'><strong>sanguinein</strong></span> <span class='ocrx_word' id='word_1_365' title='bbox 3264 2251 3591 2319; x_wconf 81' lang='lat' dir='ltr'><strong>participat,</strong></span> <span class='ocrx_word' id='word_1_366' title='bbox 3639 2252 3785 2304; x_wconf 88' lang='lat' dir='ltr'><strong>iliieo</strong></span> <span class='ocrx_word' id='word_1_367' title='bbox 3848 2266 3956 2305; x_wconf 91' lang='lat' dir='ltr'><strong>non</strong></span> 
     </span>
    </p>
   </div>
   <div class='ocr_carea' id='block_1_52' title="bbox 2373 2338 3945 2403">
    <p class='ocr_par' dir='ltr' id='par_1_52' title="bbox 2373 2338 3945 2403">
     <span class='ocr_line' id='line_1_52' title="bbox 2373 2338 3945 2403; baseline 0.003 -13"><span class='ocrx_word' id='word_1_368' title='bbox 2373 2338 2556 2392; x_wconf 82' lang='lat' dir='ltr'><strong>interit</strong></span> <span class='ocrx_word' id='word_1_369' title='bbox 2584 2380 2599 2403; x_wconf 91' lang='lat'><strong>,</strong></span> <span class='ocrx_word' id='word_1_370' title='bbox 2647 2340 2718 2391; x_wconf 75' lang='lat' dir='ltr'><strong>ibi</strong></span> <span class='ocrx_word' id='word_1_371' title='bbox 2752 2348 2929 2391; x_wconf 82' lang='lat' dir='ltr'><strong>tamen</strong></span> <span class='ocrx_word' id='word_1_372' title='bbox 2964 2341 3296 2401; x_wconf 70' lang='lat' dir='ltr'><strong>reconditur,</strong></span> <span class='ocrx_word' id='word_1_373' title='bbox 3345 2341 3432 2392; x_wconf 81' lang='lat' dir='ltr'><strong>ubi</strong></span> <span class='ocrx_word' id='word_1_374' title='bbox 3475 2346 3657 2395; x_wconf 77' lang='lat' dir='ltr'><strong>vermis</strong></span> <span class='ocrx_word' id='word_1_375' title='bbox 3690 2357 3794 2394; x_wconf 79' lang='lat' dir='ltr'><strong>non</strong></span> <span class='ocrx_word' id='word_1_376' title='bbox 3832 2358 3945 2394; x_wconf 87' lang='lat' dir='ltr'><strong>mo-</strong></span> 
     </span>
    </p>
   </div>
   <div class='ocr_carea' id='block_1_53' title="bbox 2372 2432 3951 2501">
    <p class='ocr_par' dir='ltr' id='par_1_53' title="bbox 2372 2432 3951 2501">
     <span class='ocr_line' id='line_1_53' title="bbox 2372 2432 3951 2501; baseline 0.001 -18"><span class='ocrx_word' id='word_1_377' title='bbox 2372 2432 2549 2495; x_wconf 85' lang='lat' dir='ltr'><strong>ritur,</strong></span> <span class='ocrx_word' id='word_1_378' title='bbox 2582 2441 2629 2483; x_wconf 83' lang='lat' dir='ltr'><strong>et</strong></span> <span class='ocrx_word' id='word_1_379' title='bbox 2682 2433 2815 2501; x_wconf 79' lang='lat' dir='ltr'><strong>ignis</strong></span> <span class='ocrx_word' id='word_1_380' title='bbox 2861 2449 2963 2483; x_wconf 83' lang='lat' dir='ltr'><strong>non</strong></span> <span class='ocrx_word' id='word_1_381' title='bbox 3015 2433 3365 2501; x_wconf 65' lang='lat' dir='ltr'><strong>exstinguitur</strong></span> <span class='ocrx_word' id='word_1_382' title='bbox 3416 2434 3461 2465; x_wconf 79' lang='lat'>”</span> <span class='ocrx_word' id='word_1_383' title='bbox 3518 2475 3530 2486; x_wconf 91' lang='lat'><strong>.</strong></span> <span class='ocrx_word' id='word_1_384' title='bbox 3585 2434 3951 2499; x_wconf 79' lang='lat' dir='ltr'><strong>Quamobrem</strong></span> 
     </span>
    </p>
   </div>
   <div class='ocr_carea' id='block_1_54' title="bbox 2370 2521 3945 2578">
    <p class='ocr_par' dir='ltr' id='par_1_54' title="bbox 2370 2521 3945 2578">
     <span class='ocr_line' id='line_1_54' title="bbox 2370 2521 3945 2578; baseline 0.001 -4"><span class='ocrx_word' id='word_1_385' title='bbox 2370 2523 2413 2574; x_wconf 83' lang='lat' dir='ltr'><strong>si</strong></span> <span class='ocrx_word' id='word_1_386' title='bbox 2482 2521 2607 2575; x_wconf 65' lang='lat' dir='ltr'><strong>tatis</strong></span> <span class='ocrx_word' id='word_1_387' title='bbox 2673 2522 2723 2571; x_wconf 91' lang='lat' dir='ltr'><strong>iu</strong></span> <span class='ocrx_word' id='word_1_388' title='bbox 2794 2538 3011 2575; x_wconf 77' lang='lat' dir='ltr'><strong>omnem</strong></span> <span class='ocrx_word' id='word_1_389' title='bbox 3094 2524 3449 2578; x_wconf 62' lang='lat' dir='ltr'><strong>ieternitatem</strong></span> <span class='ocrx_word' id='word_1_390' title='bbox 3524 2538 3647 2577; x_wconf 90' lang='lat' dir='ltr'><strong>eum</strong></span> <span class='ocrx_word' id='word_1_391' title='bbox 3726 2523 3945 2576; x_wconf 84' lang='lat' dir='ltr'><strong>diabolo</strong></span> 
     </span>
    </p>
   </div>
   <div class='ocr_carea' id='block_1_55' title="bbox 2370 2612 3948 2683">
    <p class='ocr_par' dir='ltr' id='par_1_55' title="bbox 2370 2612 3948 2683">
     <span class='ocr_line' id='line_1_55' title="bbox 2370 2612 3948 2683; baseline 0 -17"><span class='ocrx_word' id='word_1_392' title='bbox 2370 2614 2545 2683; x_wconf 66' lang='lat' dir='ltr'><strong>ignem</strong></span> <span class='ocrx_word' id='word_1_393' title='bbox 2602 2613 2840 2681; x_wconf 80' lang='lat' dir='ltr'><strong>perferre</strong></span> <span class='ocrx_word' id='word_1_394' title='bbox 2888 2621 3104 2683; x_wconf 75' lang='lat' dir='ltr'><strong>potest,</strong></span> <span class='ocrx_word' id='word_1_395' title='bbox 3160 2612 3425 2683; x_wconf 76' lang='lat' dir='ltr'><strong>intrepide</strong></span> <span class='ocrx_word' id='word_1_396' title='bbox 3475 2613 3787 2683; x_wconf 80' lang='lat' dir='ltr'><strong>participet.</strong></span> <span class='ocrx_word' id='word_1_397' title='bbox 3855 2614 3948 2668; x_wconf 87' lang='lat' dir='ltr'><strong>Sin</strong></span> 
     </span>
    </p>
   </div>
   <div class='ocr_carea' id='block_1_56' title="bbox 2368 2706 3955 2777">
    <p class='ocr_par' dir='ltr' id='par_1_56' title="bbox 2368 2706 3955 2777">
     <span class='ocr_line' id='line_1_56' title="bbox 2368 2706 3955 2777; baseline 0.001 -20"><span class='ocrx_word' id='word_1_398' title='bbox 2368 2718 2567 2777; x_wconf 71' lang='lat' dir='ltr'><strong>aptent,</strong></span> <span class='ocrx_word' id='word_1_399' title='bbox 2602 2708 2819 2773; x_wconf 69' lang='lat' dir='ltr'><strong>expetiit</strong></span> <span class='ocrx_word' id='word_1_400' title='bbox 2860 2706 2909 2759; x_wconf 86' lang='lat' dir='ltr'><strong>ei</strong></span> <span class='ocrx_word' id='word_1_401' title='bbox 2961 2706 3025 2758; x_wconf 82' lang='lat' dir='ltr'><strong>ad</strong></span> <span class='ocrx_word' id='word_1_402' title='bbox 3073 2717 3284 2773; x_wconf 80' lang='lat' dir='ltr'><strong>teittpus</strong></span> <span class='ocrx_word' id='word_1_403' title='bbox 3318 2722 3347 2759; x_wconf 79' lang='lat' dir='ltr'><strong>a</strong></span> <span class='ocrx_word' id='word_1_404' title='bbox 3386 2721 3541 2760; x_wconf 88' lang='lat' dir='ltr'><strong>sacra</strong></span> <span class='ocrx_word' id='word_1_405' title='bbox 3569 2709 3955 2761; x_wconf 80' lang='lat' dir='ltr'><strong>communione</strong></span> 
     </span>
    </p>
   </div>
   <div class='ocr_carea' id='block_1_57' title="bbox 2369 2795 3955 2867">
    <p class='ocr_par' dir='ltr' id='par_1_57' title="bbox 2369 2795 3955 2867">
     <span class='ocr_line' id='line_1_57' title="bbox 2369 2795 3955 2867; baseline 0 -18"><span class='ocrx_word' id='word_1_406' title='bbox 2369 2799 2543 2851; x_wconf 78' lang='lat' dir='ltr'><strong>arceti</strong></span> <span class='ocrx_word' id='word_1_407' title='bbox 2575 2838 2589 2862; x_wconf 91' lang='lat'><strong>,</strong></span> <span class='ocrx_word' id='word_1_408' title='bbox 2641 2808 2693 2850; x_wconf 88' lang='lat' dir='ltr'><strong>et</strong></span> <span class='ocrx_word' id='word_1_409' title='bbox 2748 2798 3057 2866; x_wconf 79' lang='lat' dir='ltr'><strong>pomitere,</strong></span> <span class='ocrx_word' id='word_1_410' title='bbox 3107 2797 3231 2851; x_wconf 84' lang='lat' dir='ltr'><strong>item</strong></span> <span class='ocrx_word' id='word_1_411' title='bbox 3292 2795 3612 2864; x_wconf 84' lang='lat' dir='ltr'><strong>aliquandiu</strong></span> <span class='ocrx_word' id='word_1_412' title='bbox 3671 2798 3955 2867; x_wconf 81' lang='lat' dir='ltr'><strong>indulgere</strong></span> 
     </span>
    </p>
   </div>
   <div class='ocr_carea' id='block_1_58' title="bbox 2369 2888 3953 2959">
    <p class='ocr_par' dir='ltr' id='par_1_58' title="bbox 2369 2888 3953 2959">
     <span class='ocr_line' id='line_1_58' title="bbox 2369 2888 3953 2959; baseline 0 -18"><span class='ocrx_word' id='word_1_413' title='bbox 2369 2888 2659 2959; x_wconf 83' lang='lat' dir='ltr'><strong>lacrytnis,</strong></span> <span class='ocrx_word' id='word_1_414' title='bbox 2698 2888 2951 2956; x_wconf 86' lang='lat' dir='ltr'><strong>quodque</strong></span> <span class='ocrx_word' id='word_1_415' title='bbox 3006 2888 3071 2940; x_wconf 84' lang='lat' dir='ltr'><strong>ad</strong></span> <span class='ocrx_word' id='word_1_416' title='bbox 3133 2903 3192 2941; x_wconf 87' lang='lat' dir='ltr'><strong>se</strong></span> <span class='ocrx_word' id='word_1_417' title='bbox 3244 2888 3437 2942; x_wconf 74' lang='lat' dir='ltr'><strong>attinet</strong></span> <span class='ocrx_word' id='word_1_418' title='bbox 3468 2930 3481 2949; x_wconf 85' lang='lat'><strong>,</strong></span> <span class='ocrx_word' id='word_1_419' title='bbox 3523 2889 3721 2942; x_wconf 83' lang='lat' dir='ltr'><strong>sudare</strong></span> <span class='ocrx_word' id='word_1_420' title='bbox 3755 2889 3953 2956; x_wconf 90' lang='lat' dir='ltr'><strong>paulu-</strong></span> 
     </span>
    </p>
   </div>
   <div class='ocr_carea' id='block_1_59' title="bbox 2366 2976 3949 3046">
    <p class='ocr_par' dir='ltr' id='par_1_59' title="bbox 2366 2976 3949 3046">
     <span class='ocr_line' id='line_1_59' title="bbox 2366 2976 3949 3046; baseline -0.001 -12"><span class='ocrx_word' id='word_1_421' title='bbox 2366 2981 2513 3044; x_wconf 87' lang='lat' dir='ltr'><strong>lum,</strong></span> <span class='ocrx_word' id='word_1_422' title='bbox 2551 2980 2763 3034; x_wconf 79' lang='lat' dir='ltr'><strong>frenare</strong></span> <span class='ocrx_word' id='word_1_423' title='bbox 2808 2980 3148 3046; x_wconf 62' lang='lat' dir='ltr'><strong>aliquantutn</strong></span> <span class='ocrx_word' id='word_1_424' title='bbox 3182 3020 3193 3041; x_wconf 91' lang='lat'><strong>,</strong></span> <span class='ocrx_word' id='word_1_425' title='bbox 3230 2994 3291 3032; x_wconf 80' lang='lat' dir='ltr'><strong>ac</strong></span> <span class='ocrx_word' id='word_1_426' title='bbox 3321 2979 3553 3033; x_wconf 83' lang='lat' dir='ltr'><strong>domitas</strong></span> <span class='ocrx_word' id='word_1_427' title='bbox 3577 2976 3789 3033; x_wconf 80' lang='lat' dir='ltr'><strong>habere</strong></span> <span class='ocrx_word' id='word_1_428' title='bbox 3824 2980 3949 3033; x_wconf 89' lang='lat' dir='ltr'><strong>libi-</strong></span> 
     </span>
    </p>
   </div>
   <div class='ocr_carea' id='block_1_60' title="bbox 2368 3071 3953 3141">
    <p class='ocr_par' dir='ltr' id='par_1_60' title="bbox 2368 3071 3953 3141">
     <span class='ocr_line' id='line_1_60' title="bbox 2368 3071 3953 3141; baseline -0.001 -15"><span class='ocrx_word' id='word_1_429' title='bbox 2368 3074 2547 3132; x_wconf 72' lang='lat' dir='ltr'><strong>dines,</strong></span> <span class='ocrx_word' id='word_1_430' title='bbox 2589 3088 2651 3125; x_wconf 86' lang='lat' dir='ltr'><strong>ac</strong></span> <span class='ocrx_word' id='word_1_431' title='bbox 2686 3083 2797 3126; x_wconf 89' lang='lat' dir='ltr'><strong>tum</strong></span> <span class='ocrx_word' id='word_1_432' title='bbox 2827 3073 3040 3125; x_wconf 87' lang='lat' dir='ltr'><strong>demum</strong></span> <span class='ocrx_word' id='word_1_433' title='bbox 3076 3072 3224 3125; x_wconf 88' lang='lat' dir='ltr'><strong>nullo</strong></span> <span class='ocrx_word' id='word_1_434' title='bbox 3263 3071 3492 3141; x_wconf 87' lang='lat' dir='ltr'><strong>periculi</strong></span> <span class='ocrx_word' id='word_1_435' title='bbox 3527 3083 3672 3126; x_wconf 87' lang='lat' dir='ltr'><strong>metu</strong></span> <span class='ocrx_word' id='word_1_436' title='bbox 3706 3086 3953 3127; x_wconf 83' lang='lat' dir='ltr'><strong>commu-</strong></span> 
     </span>
    </p>
   </div>
   <div class='ocr_carea' id='block_1_61' title="bbox 683 3151 3952 3243">
    <p class='ocr_par' dir='ltr' id='par_1_61' title="bbox 683 3151 3952 3243">
     <span class='ocr_line' id='line_1_61' title="bbox 683 3151 3952 3243; baseline 0.007 -51"><span class='ocrx_word' id='word_1_437' title='bbox 683 3156 908 3196; x_wconf 73' lang='lat' dir='ltr'><strong>vexetur</strong></span> <span class='ocrx_word' id='word_1_438' title='bbox 959 3161 1067 3215; x_wconf 90' lang='lat' dir='ltr'><strong>quo</strong></span> <span class='ocrx_word' id='word_1_439' title='bbox 1117 3151 1345 3203; x_wconf 79' lang='lat' dir='ltr'><strong>auribus</strong></span> <span class='ocrx_word' id='word_1_440' title='bbox 1373 3153 1476 3206; x_wconf 85' lang='lat' dir='ltr'><strong>sibi</strong></span> <span class='ocrx_word' id='word_1_441' title='bbox 1518 3169 1546 3207; x_wconf 87' lang='lat' dir='ltr'><strong>a</strong></span> <span class='ocrx_word' id='word_1_442' title='bbox 1603 3156 1832 3211; x_wconf 80' lang='lat' dir='ltr'><strong>Domino</strong></span> <span class='ocrx_word' id='word_1_443' title='bbox 1868 3160 1975 3215; x_wconf 88' lang='lat' dir='ltr'><strong>Deo</strong></span> <span class='ocrx_word' id='word_1_444' title='bbox 2019 3166 2257 3231; x_wconf 75' lang='lat' dir='ltr'><strong>apertis,</strong></span> <span class='ocrx_word' id='word_1_445' title='bbox 2290 3164 2586 3243; x_wconf 64' lang='lat' dir='ltr'><strong>Cilit‘tit‘o,</strong></span> <span class='ocrx_word' id='word_1_446' title='bbox 2627 3161 2690 3214; x_wconf 87' lang='lat' dir='ltr'><strong>ad</strong></span> <span class='ocrx_word' id='word_1_447' title='bbox 2728 3163 3109 3229; x_wconf 59' lang='lat' dir='ltr'><strong>cap-silendum</strong></span> <span class='ocrx_word' id='word_1_448' title='bbox 3157 3163 3549 3232; x_wconf 84' lang='lat' dir='ltr'><strong>introgressum</strong></span> <span class='ocrx_word' id='word_1_449' title='bbox 3579 3202 3591 3225; x_wconf 90' lang='lat'><strong>,</strong></span> <span class='ocrx_word' id='word_1_450' title='bbox 3644 3162 3952 3232; x_wconf 76' lang='lat' dir='ltr'><strong>tirannyce-</strong></span> 
     </span>
    </p>
   </div>
   <div class='ocr_carea' id='block_1_62' title="bbox 684 3238 2261 3325">
    <p class='ocr_par' dir='ltr' id='par_1_62' title="bbox 684 3238 2261 3325">
     <span class='ocr_line' id='line_1_62' title="bbox 684 3238 2261 3325; baseline 0.017 -40"><span class='ocrx_word' id='word_1_451' title='bbox 684 3238 1015 3303; x_wconf 68' lang='lat' dir='ltr'><strong>impietatem</strong></span> <span class='ocrx_word' id='word_1_452' title='bbox 1043 3255 1198 3294; x_wconf 79' lang='lat' dir='ltr'><strong>Sttatn</strong></span> <span class='ocrx_word' id='word_1_453' title='bbox 1236 3243 1531 3313; x_wconf 70' lang='lat' dir='ltr'><strong>aliquando</strong></span> <span class='ocrx_word' id='word_1_454' title='bbox 1580 3262 1907 3319; x_wconf 68' lang='lat' dir='ltr'><strong>cognoscat,</strong></span> <span class='ocrx_word' id='word_1_455' title='bbox 1954 3255 2261 3325; x_wconf 74' lang='lat' dir='ltr'><strong>iterumque</strong></span> 
     </span>
    </p>
   </div>
   <div class='ocr_carea' id='block_1_63' title="bbox 685 3331 2260 3418">
    <p class='ocr_par' dir='ltr' id='par_1_63' title="bbox 685 3331 2260 3418">
     <span class='ocr_line' id='line_1_63' title="bbox 685 3331 2260 3418; baseline 0.013 -45"><span class='ocrx_word' id='word_1_456' title='bbox 685 3345 775 3392; x_wconf 72' lang='lat' dir='ltr'><strong>per</strong></span> <span class='ocrx_word' id='word_1_457' title='bbox 827 3331 1207 3398; x_wconf 65' lang='lat' dir='ltr'><strong>pmnitontiam</strong></span> <span class='ocrx_word' id='word_1_458' title='bbox 1262 3339 1325 3390; x_wconf 82' lang='lat' dir='ltr'><strong>ad</strong></span> <span class='ocrx_word' id='word_1_459' title='bbox 1380 3337 1408 3390; x_wconf 81' lang='lat' dir='ltr'>ﬁ</span> <span class='ocrx_word' id='word_1_460' title='bbox 1438 3341 1615 3395; x_wconf 61' lang='lat' dir='ltr'><strong>Felittttt</strong></span> <span class='ocrx_word' id='word_1_461' title='bbox 1647 3344 1893 3398; x_wconf 71' lang='lat' dir='ltr'><strong>ordinem</strong></span> <span class='ocrx_word' id='word_1_462' title='bbox 1924 3361 2260 3418; x_wconf 44' lang='lat' dir='ltr'><strong>agiagi-tur,</strong></span> 
     </span>
    </p>
   </div>
   <div class='ocr_carea' id='block_1_64' title="bbox 683 3418 2260 3506">
    <p class='ocr_par' dir='ltr' id='par_1_64' title="bbox 683 3418 2260 3506">
     <span class='ocr_line' id='line_1_64' title="bbox 683 3418 2260 3506; baseline 0.014 -35"><span class='ocrx_word' id='word_1_463' title='bbox 683 3418 829 3476; x_wconf 80' lang='lat' dir='ltr'><strong>Talis</strong></span> <span class='ocrx_word' id='word_1_464' title='bbox 878 3428 1020 3477; x_wconf 82' lang='lat' dir='ltr'><strong>enim</strong></span> <span class='ocrx_word' id='word_1_465' title='bbox 1067 3426 1117 3479; x_wconf 90' lang='lat' dir='ltr'><strong>in</strong></span> <span class='ocrx_word' id='word_1_466' title='bbox 1168 3429 1500 3496; x_wconf 78' lang='lat' dir='ltr'><strong>impietatem</strong></span> <span class='ocrx_word' id='word_1_467' title='bbox 1556 3436 1695 3496; x_wconf 74' lang='lat' dir='ltr'><strong>iuit,</strong></span> <span class='ocrx_word' id='word_1_468' title='bbox 1749 3439 1838 3506; x_wconf 88' lang='lat' dir='ltr'><strong>qui</strong></span> <span class='ocrx_word' id='word_1_469' title='bbox 1894 3440 1938 3493; x_wconf 84' lang='lat' dir='ltr'><strong>si</strong></span> <span class='ocrx_word' id='word_1_470' title='bbox 1979 3441 2260 3496; x_wconf 77' lang='lat' dir='ltr'><strong>Christum</strong></span> 
     </span>
    </p>
   </div>
   <div class='ocr_carea' id='block_1_65' title="bbox 682 3518 2261 3603">
    <p class='ocr_par' dir='ltr' id='par_1_65' title="bbox 682 3518 2261 3603">
     <span class='ocr_line' id='line_1_65' title="bbox 682 3518 2261 3603; baseline 0.011 -35"><span class='ocrx_word' id='word_1_471' title='bbox 682 3528 869 3570; x_wconf 71' lang='lat' dir='ltr'><strong>sancte</strong></span> <span class='ocrx_word' id='word_1_472' title='bbox 915 3518 1219 3584; x_wconf 76' lang='lat' dir='ltr'><strong>coluisset,</strong></span> <span class='ocrx_word' id='word_1_473' title='bbox 1254 3531 1307 3574; x_wconf 81' lang='lat' dir='ltr'><strong>et</strong></span> <span class='ocrx_word' id='word_1_474' title='bbox 1353 3522 1518 3577; x_wconf 75' lang='lat' dir='ltr'><strong>[leum</strong></span> <span class='ocrx_word' id='word_1_475' title='bbox 1567 3543 1687 3581; x_wconf 80' lang='lat' dir='ltr'><strong>esse</strong></span> <span class='ocrx_word' id='word_1_476' title='bbox 1740 3531 2089 3598; x_wconf 56' lang='lat' dir='ltr'><strong>cognovissm</strong></span> <span class='ocrx_word' id='word_1_477' title='bbox 2120 3574 2134 3598; x_wconf 93' lang='lat'><strong>,</strong></span> <span class='ocrx_word' id='word_1_478' title='bbox 2170 3534 2261 3603; x_wconf 86' lang='lat' dir='ltr'><strong>qui</strong></span> 
     </span>
    </p>
   </div>
   <div class='ocr_carea' id='block_1_66' title="bbox 682 3612 2261 3683">
    <p class='ocr_par' dir='ltr' id='par_1_66' title="bbox 682 3612 2261 3683">
     <span class='ocr_line' id='line_1_66' title="bbox 682 3612 2261 3683; baseline 0.013 -24"><span class='ocrx_word' id='word_1_479' title='bbox 682 3626 787 3663; x_wconf 88' lang='lat' dir='ltr'><strong>non</strong></span> <span class='ocrx_word' id='word_1_480' title='bbox 835 3613 944 3663; x_wconf 83' lang='lat' dir='ltr'><strong>vult</strong></span> <span class='ocrx_word' id='word_1_481' title='bbox 998 3612 1342 3680; x_wconf 85' lang='lat' dir='ltr'><strong>iniquitatem</strong></span> <span class='ocrx_word' id='word_1_482' title='bbox 1372 3659 1384 3680; x_wconf 90' lang='lat'><strong>,</strong></span> <span class='ocrx_word' id='word_1_483' title='bbox 1422 3617 1574 3683; x_wconf 80' lang='lat' dir='ltr'><strong>juxta</strong></span> <span class='ocrx_word' id='word_1_484' title='bbox 1621 3621 1748 3673; x_wconf 81' lang='lat' dir='ltr'><strong>illud</strong></span> <span class='ocrx_word' id='word_1_485' title='bbox 1790 3639 1801 3674; x_wconf 89' lang='lat'>:</span> <span class='ocrx_word' id='word_1_486' title='bbox 1840 3620 1959 3675; x_wconf 73' lang='lat' dir='ltr'><strong>Non</strong></span> <span class='ocrx_word' id='word_1_487' title='bbox 2005 3625 2261 3679; x_wconf 60' lang='lat' dir='ltr'><strong>habitabit</strong></span> 
     </span>
    </p>
   </div>
   <div class='ocr_carea' id='block_1_67' title="bbox 674 3706 2265 3780">
    <p class='ocr_par' dir='ltr' id='par_1_67' title="bbox 674 3706 2265 3780">
     <span class='ocr_line' id='line_1_67' title="bbox 674 3706 2265 3780; baseline 0.008 -23"><span class='ocrx_word' id='word_1_488' title='bbox 674 3716 831 3770; x_wconf 72' lang='lat' dir='ltr'><strong>Juxta</strong></span> <span class='ocrx_word' id='word_1_489' title='bbox 892 3713 937 3757; x_wconf 84' lang='lat' dir='ltr'><strong>te</strong></span> <span class='ocrx_word' id='word_1_490' title='bbox 972 3706 1234 3775; x_wconf 77' lang='lat' dir='ltr'><strong>malignus</strong></span> <span class='ocrx_word' id='word_1_491' title='bbox 1259 3747 1273 3771; x_wconf 88' lang='lat'><strong>,</strong></span> <span class='ocrx_word' id='word_1_492' title='bbox 1310 3724 1472 3777; x_wconf 73' lang='lat' dir='ltr'><strong>neque</strong></span> <span class='ocrx_word' id='word_1_493' title='bbox 1508 3718 1883 3777; x_wconf 68' lang='lat' dir='ltr'><strong>prnunnebunt</strong></span> <span class='ocrx_word' id='word_1_494' title='bbox 1929 3716 2092 3780; x_wconf 78' lang='lat' dir='ltr'><strong>iniqui</strong></span> <span class='ocrx_word' id='word_1_495' title='bbox 2143 3729 2265 3771; x_wconf 81' lang='lat' dir='ltr'><strong>ante</strong></span> 
     </span>
    </p>
   </div>
   <div class='ocr_carea' id='block_1_68' title="bbox 681 3795 2265 3877">
    <p class='ocr_par' dir='ltr' id='par_1_68' title="bbox 681 3795 2265 3877">
     <span class='ocr_line' id='line_1_68' title="bbox 681 3795 2265 3877; baseline 0.011 -32"><span class='ocrx_word' id='word_1_496' title='bbox 681 3795 860 3849; x_wconf 76' lang='lat' dir='ltr'><strong>oculos</strong></span> <span class='ocrx_word' id='word_1_497' title='bbox 894 3808 1007 3851; x_wconf 71' lang='lat' dir='ltr'><strong>tuo:</strong></span> <span class='ocrx_word' id='word_1_498' title='bbox 1035 3797 1101 3851; x_wconf 76' lang='grc'><strong>⁷³.</strong></span> <span class='ocrx_word' id='word_1_499' title='bbox 1136 3797 1199 3851; x_wconf 85' lang='grc' dir='ltr'>Ει</span> <span class='ocrx_word' id='word_1_500' title='bbox 1228 3817 1239 3851; x_wconf 88' lang='lat'>:</span> <span class='ocrx_word' id='word_1_501' title='bbox 1271 3800 1394 3853; x_wconf 86' lang='lat' dir='ltr'><strong>Odit</strong></span> <span class='ocrx_word' id='word_1_502' title='bbox 1430 3800 1689 3857; x_wconf 74' lang='lat' dir='ltr'><strong>Dominus</strong></span> <span class='ocrx_word' id='word_1_503' title='bbox 1722 3822 1898 3860; x_wconf 77' lang='lat' dir='ltr'><strong>omnes</strong></span> <span class='ocrx_word' id='word_1_504' title='bbox 1928 3810 2015 3876; x_wconf 81' lang='lat' dir='ltr'><strong>qui</strong></span> <span class='ocrx_word' id='word_1_505' title='bbox 2046 3826 2265 3877; x_wconf 68' lang='lat' dir='ltr'><strong>operuit-</strong></span> 
     </span>
    </p>
   </div>
   <div class='ocr_carea' id='block_1_69' title="bbox 681 3888 2261 3965">
    <p class='ocr_par' dir='ltr' id='par_1_69' title="bbox 681 3888 2261 3965">
     <span class='ocr_line' id='line_1_69' title="bbox 681 3888 2261 3965; baseline 0.013 -28"><span class='ocrx_word' id='word_1_506' title='bbox 681 3900 767 3938; x_wconf 77' lang='lat' dir='ltr'><strong>tur</strong></span> <span class='ocrx_word' id='word_1_507' title='bbox 796 3890 1121 3957; x_wconf 59' lang='lat' dir='ltr'><strong>iniquitatem</strong></span> <span class='ocrx_word' id='word_1_508' title='bbox 1163 3888 1206 3920; x_wconf 79' lang='lat'>”</span> <span class='ocrx_word' id='word_1_509' title='bbox 1234 3931 1249 3954; x_wconf 92' lang='lat'><strong>,</strong></span> <span class='ocrx_word' id='word_1_510' title='bbox 1283 3905 1486 3961; x_wconf 79' lang='lat' dir='ltr'><strong>pavore</strong></span> <span class='ocrx_word' id='word_1_511' title='bbox 1530 3909 1592 3949; x_wconf 91' lang='lat' dir='ltr'><strong>ac</strong></span> <span class='ocrx_word' id='word_1_512' title='bbox 1626 3909 1768 3951; x_wconf 87' lang='lat' dir='ltr'><strong>metu</strong></span> <span class='ocrx_word' id='word_1_513' title='bbox 1802 3914 1859 3953; x_wconf 89' lang='lat' dir='ltr'><strong>se</strong></span> <span class='ocrx_word' id='word_1_514' title='bbox 1888 3903 2261 3965; x_wconf 80' lang='lat' dir='ltr'><strong>contrahens,</strong></span> 
     </span>
    </p>
   </div>
   <div class='ocr_carea' id='block_1_70' title="bbox 682 3982 2263 4061">
    <p class='ocr_par' dir='ltr' id='par_1_70' title="bbox 682 3982 2263 4061">
     <span class='ocr_line' id='line_1_70' title="bbox 682 3982 2263 4061; baseline 0.008 -29"><span class='ocrx_word' id='word_1_515' title='bbox 682 3994 881 4047; x_wconf 53' lang='lat' dir='ltr'><strong>corpus</strong></span> <span class='ocrx_word' id='word_1_516' title='bbox 952 3982 1070 4049; x_wconf 84' lang='lat' dir='ltr'><strong>ejus</strong></span> <span class='ocrx_word' id='word_1_517' title='bbox 1142 3984 1459 4050; x_wconf 84' lang='lat' dir='ltr'><strong>contingere</strong></span> <span class='ocrx_word' id='word_1_518' title='bbox 1522 3987 1835 4053; x_wconf 74' lang='lat' dir='ltr'><strong>noluisset,</strong></span> <span class='ocrx_word' id='word_1_519' title='bbox 1892 4007 1958 4045; x_wconf 86' lang='lat' dir='ltr'><strong>ne</strong></span> <span class='ocrx_word' id='word_1_520' title='bbox 2020 3994 2263 4061; x_wconf 81' lang='lat' dir='ltr'><strong>angelica</strong></span> 
     </span>
    </p>
   </div>
   <div class='ocr_carea' id='block_1_71' title="bbox 683 4071 1625 4141">
    <p class='ocr_par' dir='ltr' id='par_1_71' title="bbox 683 4071 1625 4141">
     <span class='ocr_line' id='line_1_71' title="bbox 683 4071 1625 4141; baseline 0.01 -19"><span class='ocrx_word' id='word_1_521' title='bbox 683 4071 993 4139; x_wconf 66' lang='lat' dir='ltr'><strong>rhompham</strong></span> <span class='ocrx_word' id='word_1_522' title='bbox 1030 4087 1324 4141; x_wconf 89' lang='lat' dir='ltr'><strong>percussus</strong></span> <span class='ocrx_word' id='word_1_523' title='bbox 1362 4075 1625 4131; x_wconf 80' lang='lat' dir='ltr'><strong>interiret.</strong></span> 
     </span>
    </p>
   </div>
   <div class='ocr_carea' id='block_1_72' title="bbox 756 4162 2263 4245">
    <p class='ocr_par' dir='ltr' id='par_1_72' title="bbox 756 4162 2263 4245">
     <span class='ocr_line' id='line_1_72' title="bbox 756 4162 2263 4245; baseline 0.009 -29"><span class='ocrx_word' id='word_1_524' title='bbox 756 4162 1241 4220; x_wconf 66' lang='lat' dir='ltr'><strong>Verumenitnvero</strong></span> <span class='ocrx_word' id='word_1_525' title='bbox 1284 4168 1410 4236; x_wconf 87' lang='lat' dir='ltr'><strong>quia</strong></span> <span class='ocrx_word' id='word_1_526' title='bbox 1480 4169 1646 4236; x_wconf 82' lang='lat' dir='ltr'><strong>hujus</strong></span> <span class='ocrx_word' id='word_1_527' title='bbox 1700 4174 1913 4240; x_wconf 75' lang='lat' dir='ltr'><strong>generis</strong></span> <span class='ocrx_word' id='word_1_528' title='bbox 1966 4192 2071 4228; x_wconf 88' lang='lat' dir='ltr'><strong>non</strong></span> <span class='ocrx_word' id='word_1_529' title='bbox 2112 4178 2263 4245; x_wconf 84' lang='lat' dir='ltr'><strong>pauci</strong></span> 
     </span>
    </p>
   </div>
   <div class='ocr_carea' id='block_1_73' title="bbox 684 4260 2265 4337">
    <p class='ocr_par' dir='ltr' id='par_1_73' title="bbox 684 4260 2265 4337">
     <span class='ocr_line' id='line_1_73' title="bbox 684 4260 2265 4337; baseline 0.007 -26"><span class='ocrx_word' id='word_1_530' title='bbox 684 4261 735 4311; x_wconf 66' lang='lat' dir='ltr'><strong>id</strong></span> <span class='ocrx_word' id='word_1_531' title='bbox 777 4260 998 4323; x_wconf 85' lang='lat' dir='ltr'><strong>mundo,</strong></span> <span class='ocrx_word' id='word_1_532' title='bbox 1040 4275 1223 4313; x_wconf 88' lang='lat' dir='ltr'><strong>coram</strong></span> <span class='ocrx_word' id='word_1_533' title='bbox 1282 4261 1593 4317; x_wconf 83' lang='lat' dir='ltr'><strong>hominibus</strong></span> <span class='ocrx_word' id='word_1_534' title='bbox 1642 4267 2029 4323; x_wconf 86' lang='lat' dir='ltr'><strong>erubescentes</strong></span> <span class='ocrx_word' id='word_1_535' title='bbox 2080 4270 2265 4337; x_wconf 80' lang='lat' dir='ltr'><strong>(nitui-</strong></span> 
     </span>
    </p>
   </div>
   <div class='ocr_carea' id='block_1_74' title="bbox 685 4352 2266 4427">
    <p class='ocr_par' dir='ltr' id='par_1_74' title="bbox 685 4352 2266 4427">
     <span class='ocr_line' id='line_1_74' title="bbox 685 4352 2266 4427; baseline 0.008 -24"><span class='ocrx_word' id='word_1_536' title='bbox 685 4370 802 4404; x_wconf 85' lang='grc' dir='ltr'>ιιιιιι</span> <span class='ocrx_word' id='word_1_537' title='bbox 855 4368 918 4406; x_wconf 90' lang='lat' dir='ltr'><strong>ne</strong></span> <span class='ocrx_word' id='word_1_538' title='bbox 967 4354 1173 4421; x_wconf 75' lang='lat' dir='ltr'><strong>indigni</strong></span> <span class='ocrx_word' id='word_1_539' title='bbox 1212 4352 1517 4421; x_wconf 82' lang='lat' dir='ltr'><strong>videantur)</strong></span> <span class='ocrx_word' id='word_1_540' title='bbox 1562 4358 1743 4411; x_wconf 79' lang='lat' dir='ltr'><strong>divina</strong></span> <span class='ocrx_word' id='word_1_541' title='bbox 1784 4360 2108 4427; x_wconf 72' lang='lat' dir='ltr'><strong>participare</strong></span> <span class='ocrx_word' id='word_1_542' title='bbox 2158 4376 2266 4415; x_wconf 78' lang='lat' dir='ltr'><strong>non</strong></span> 
     </span>
    </p>
   </div>
   <div class='ocr_carea' id='block_1_75' title="bbox 686 4443 2261 4512">
    <p class='ocr_par' dir='ltr' id='par_1_75' title="bbox 686 4443 2261 4512">
     <span class='ocr_line' id='line_1_75' title="bbox 686 4443 2261 4512; baseline 0.007 -21"><span class='ocrx_word' id='word_1_543' title='bbox 686 4444 1043 4496; x_wconf 66' lang='lat' dir='ltr'><strong>reformidant</strong></span> <span class='ocrx_word' id='word_1_544' title='bbox 1077 4460 1214 4512; x_wconf 87' lang='lat' dir='ltr'><strong>quos</strong></span> <span class='ocrx_word' id='word_1_545' title='bbox 1241 4443 1284 4498; x_wconf 89' lang='lat' dir='ltr'><strong>si</strong></span> <span class='ocrx_word' id='word_1_546' title='bbox 1318 4447 1439 4512; x_wconf 84' lang='lat' dir='ltr'><strong>quis</strong></span> <span class='ocrx_word' id='word_1_547' title='bbox 1481 4448 1547 4497; x_wconf 84' lang='lat' dir='ltr'><strong>ah</strong></span> <span class='ocrx_word' id='word_1_548' title='bbox 1589 4462 1647 4499; x_wconf 79' lang='lat' dir='ltr'><strong>ea</strong></span> <span class='ocrx_word' id='word_1_549' title='bbox 1684 4448 1911 4499; x_wconf 66' lang='lat' dir='ltr'><strong>audacia</strong></span> <span class='ocrx_word' id='word_1_550' title='bbox 1944 4448 2261 4511; x_wconf 85' lang='lat' dir='ltr'><strong>deterreat,</strong></span> 
     </span>
    </p>
   </div>
   <div class='ocr_carea' id='block_1_76' title="bbox 2366 3252 3952 3321">
    <p class='ocr_par' dir='ltr' id='par_1_76' title="bbox 2366 3252 3952 3321">
     <span class='ocr_line' id='line_1_76' title="bbox 2366 3252 3952 3321; baseline 0.004 -21"><span class='ocrx_word' id='word_1_551' title='bbox 2366 3270 2471 3319; x_wconf 76' lang='lat' dir='ltr'><strong>que</strong></span> <span class='ocrx_word' id='word_1_552' title='bbox 2503 3255 2566 3304; x_wconf 85' lang='lat' dir='ltr'><strong>ad</strong></span> <span class='ocrx_word' id='word_1_553' title='bbox 2605 3252 2916 3309; x_wconf 77' lang='lat' dir='ltr'><strong>lasciviam.</strong></span> <span class='ocrx_word' id='word_1_554' title='bbox 2966 3254 3211 3321; x_wconf 79' lang='lat' dir='ltr'><strong>aliasque</strong></span> <span class='ocrx_word' id='word_1_555' title='bbox 3268 3254 3611 3321; x_wconf 81' lang='lat' dir='ltr'><strong>itnpuritates</strong></span> <span class='ocrx_word' id='word_1_556' title='bbox 3652 3254 3952 3307; x_wconf 86' lang='lat' dir='ltr'><strong>sollicitan-</strong></span> 
     </span>
    </p>
   </div>
   <div class='ocr_carea' id='block_1_77' title="bbox 2368 3345 3948 3415">
    <p class='ocr_par' dir='ltr' id='par_1_77' title="bbox 2368 3345 3948 3415">
     <span class='ocr_line' id='line_1_77' title="bbox 2368 3345 3948 3415; baseline 0.003 -20"><span class='ocrx_word' id='word_1_557' title='bbox 2368 3354 2474 3397; x_wconf 81' lang='lat' dir='ltr'><strong>tetn</strong></span> <span class='ocrx_word' id='word_1_558' title='bbox 2508 3345 2789 3399; x_wconf 74' lang='lat' dir='ltr'><strong>Satanam.</strong></span> <span class='ocrx_word' id='word_1_559' title='bbox 2844 3345 3054 3396; x_wconf 73' lang='lat' dir='ltr'><strong>Etenim</strong></span> <span class='ocrx_word' id='word_1_560' title='bbox 3091 3345 3180 3412; x_wconf 89' lang='lat' dir='ltr'><strong>qui</strong></span> <span class='ocrx_word' id='word_1_561' title='bbox 3215 3345 3468 3412; x_wconf 85' lang='lat' dir='ltr'><strong>turpibus</strong></span> <span class='ocrx_word' id='word_1_562' title='bbox 3505 3345 3665 3398; x_wconf 86' lang='lat' dir='ltr'><strong>rebus</strong></span> <span class='ocrx_word' id='word_1_563' title='bbox 3704 3346 3948 3415; x_wconf 83' lang='lat' dir='ltr'><strong>impense</strong></span> 
     </span>
    </p>
   </div>
   <div class='ocr_carea' id='block_1_78' title="bbox 2366 3435 3950 3507">
    <p class='ocr_par' dir='ltr' id='par_1_78' title="bbox 2366 3435 3950 3507">
     <span class='ocr_line' id='line_1_78' title="bbox 2366 3435 3950 3507; baseline -0.001 -19"><span class='ocrx_word' id='word_1_564' title='bbox 2366 3436 2692 3499; x_wconf 66' lang='lat' dir='ltr'><strong>delectatur,</strong></span> <span class='ocrx_word' id='word_1_565' title='bbox 2757 3436 2899 3488; x_wconf 87' lang='lat' dir='ltr'><strong>haud</strong></span> <span class='ocrx_word' id='word_1_566' title='bbox 2970 3452 3062 3501; x_wconf 85' lang='lat' dir='ltr'><strong>per</strong></span> <span class='ocrx_word' id='word_1_567' title='bbox 3118 3452 3175 3489; x_wconf 87' lang='lat' dir='ltr'><strong>se</strong></span> <span class='ocrx_word' id='word_1_568' title='bbox 3231 3438 3279 3488; x_wconf 83' lang='lat' dir='ltr'><strong>id</strong></span> <span class='ocrx_word' id='word_1_569' title='bbox 3322 3435 3493 3493; x_wconf 80' lang='lat' dir='ltr'><strong>facit.</strong></span> <span class='ocrx_word' id='word_1_570' title='bbox 3555 3438 3647 3491; x_wconf 84' lang='lat' dir='ltr'><strong>sed</strong></span> <span class='ocrx_word' id='word_1_571' title='bbox 3700 3438 3770 3491; x_wconf 83' lang='lat' dir='ltr'><strong>ab</strong></span> <span class='ocrx_word' id='word_1_572' title='bbox 3836 3440 3950 3507; x_wconf 74' lang='lat' dir='ltr'><strong>ipso</strong></span> 
     </span>
    </p>
   </div>
   <div class='ocr_carea' id='block_1_79' title="bbox 2367 3526 3949 3595">
    <p class='ocr_par' dir='ltr' id='par_1_79' title="bbox 2367 3526 3949 3595">
     <span class='ocr_line' id='line_1_79' title="bbox 2367 3526 3949 3595; baseline -0.004 -12"><span class='ocrx_word' id='word_1_573' title='bbox 2367 3529 2586 3583; x_wconf 85' lang='lat' dir='ltr'><strong>diabolo</strong></span> <span class='ocrx_word' id='word_1_574' title='bbox 2626 3526 2897 3595; x_wconf 86' lang='lat' dir='ltr'><strong>impulsus</strong></span> <span class='ocrx_word' id='word_1_575' title='bbox 2929 3568 2941 3588; x_wconf 86' lang='lat'><strong>,</strong></span> <span class='ocrx_word' id='word_1_576' title='bbox 2976 3528 3063 3578; x_wconf 79' lang='lat' dir='ltr'><strong>cui</strong></span> <span class='ocrx_word' id='word_1_577' title='bbox 3112 3528 3181 3581; x_wconf 83' lang='lat' dir='ltr'><strong>ab</strong></span> <span class='ocrx_word' id='word_1_578' title='bbox 3224 3529 3341 3595; x_wconf 83' lang='lat' dir='ltr'><strong>ipso</strong></span> <span class='ocrx_word' id='word_1_579' title='bbox 3387 3528 3664 3582; x_wconf 70' lang='lat' dir='ltr'><strong>ithSC:iltlS</strong></span> <span class='ocrx_word' id='word_1_580' title='bbox 3690 3569 3703 3589; x_wconf 88' lang='lat'><strong>,</strong></span> <span class='ocrx_word' id='word_1_581' title='bbox 3745 3532 3949 3582; x_wconf 87' lang='lat' dir='ltr'><strong>ostium</strong></span> 
     </span>
    </p>
   </div>
   <div class='ocr_carea' id='block_1_80' title="bbox 2369 3620 3951 3692">
    <p class='ocr_par' dir='ltr' id='par_1_80' title="bbox 2369 3620 3951 3692">
     <span class='ocr_line' id='line_1_80' title="bbox 2369 3620 3951 3692; baseline -0.001 -17"><span class='ocrx_word' id='word_1_582' title='bbox 2369 3622 2641 3692; x_wconf 66' lang='lat' dir='ltr'><strong>appedtus</strong></span> <span class='ocrx_word' id='word_1_583' title='bbox 2694 3620 2776 3674; x_wconf 86' lang='lat' dir='ltr'><strong>sui</strong></span> <span class='ocrx_word' id='word_1_584' title='bbox 2826 3620 3111 3685; x_wconf 68' lang='lat' dir='ltr'><strong>voluptarii</strong></span> <span class='ocrx_word' id='word_1_585' title='bbox 3168 3623 3431 3678; x_wconf 65' lang='lat' dir='ltr'><strong>reserati!</strong></span> <span class='ocrx_word' id='word_1_586' title='bbox 3463 3664 3476 3683; x_wconf 92' lang='lat'><strong>,</strong></span> <span class='ocrx_word' id='word_1_587' title='bbox 3516 3630 3573 3674; x_wconf 89' lang='lat' dir='ltr'><strong>ut</strong></span> <span class='ocrx_word' id='word_1_588' title='bbox 3628 3623 3751 3674; x_wconf 83' lang='lat' dir='ltr'><strong>inde</strong></span> <span class='ocrx_word' id='word_1_589' title='bbox 3786 3629 3951 3689; x_wconf 86' lang='lat' dir='ltr'><strong>caput</strong></span> 
     </span>
    </p>
   </div>
   <div class='ocr_carea' id='block_1_81' title="bbox 2369 3710 3950 3782">
    <p class='ocr_par' dir='ltr' id='par_1_81' title="bbox 2369 3710 3950 3782">
     <span class='ocr_line' id='line_1_81' title="bbox 2369 3710 3950 3782; baseline -0.001 -15"><span class='ocrx_word' id='word_1_590' title='bbox 2369 3712 2528 3768; x_wconf 81' lang='lat' dir='ltr'><strong>stium</strong></span> <span class='ocrx_word' id='word_1_591' title='bbox 2575 3714 2863 3782; x_wconf 79' lang='lat' dir='ltr'><strong>proferret.</strong></span> <span class='ocrx_word' id='word_1_592' title='bbox 2926 3710 2987 3763; x_wconf 68' lang='lat' dir='ltr'><strong>Et</strong></span> <span class='ocrx_word' id='word_1_593' title='bbox 3025 3728 3167 3764; x_wconf 86' lang='lat' dir='ltr'><strong>nune</strong></span> <span class='ocrx_word' id='word_1_594' title='bbox 3206 3714 3406 3764; x_wconf 83' lang='lat' dir='ltr'><strong>sensim</strong></span> <span class='ocrx_word' id='word_1_595' title='bbox 3443 3712 3722 3781; x_wconf 77' lang='lat' dir='ltr'><strong>ingressus</strong></span> <span class='ocrx_word' id='word_1_596' title='bbox 3746 3752 3759 3770; x_wconf 88' lang='lat'><strong>,</strong></span> <span class='ocrx_word' id='word_1_597' title='bbox 3792 3715 3950 3780; x_wconf 74' lang='lat' dir='ltr'><strong>plane</strong></span> 
     </span>
    </p>
   </div>
   <div class='ocr_carea' id='block_1_82' title="bbox 2370 3803 3949 3873">
    <p class='ocr_par' dir='ltr' id='par_1_82' title="bbox 2370 3803 3949 3873">
     <span class='ocr_line' id='line_1_82' title="bbox 2370 3803 3949 3873; baseline -0.003 -13"><span class='ocrx_word' id='word_1_598' title='bbox 2370 3818 2427 3860; x_wconf 89' lang='lat' dir='ltr'><strong>ut</strong></span> <span class='ocrx_word' id='word_1_599' title='bbox 2473 3820 2635 3873; x_wconf 75' lang='lat' dir='ltr'><strong>super</strong></span> <span class='ocrx_word' id='word_1_600' title='bbox 2668 3804 2917 3856; x_wconf 76' lang='lat' dir='ltr'><strong>lectulum</strong></span> <span class='ocrx_word' id='word_1_601' title='bbox 2964 3804 3147 3855; x_wconf 84' lang='lat' dir='ltr'><strong>cordis</strong></span> <span class='ocrx_word' id='word_1_602' title='bbox 3198 3803 3422 3855; x_wconf 86' lang='lat' dir='ltr'><strong>recubat</strong></span> <span class='ocrx_word' id='word_1_603' title='bbox 3465 3818 3478 3854; x_wconf 75' lang='grc' dir='ltr'>ε</span> <span class='ocrx_word' id='word_1_604' title='bbox 3515 3803 3739 3871; x_wconf 82' lang='lat' dir='ltr'><strong>perinde</strong></span> <span class='ocrx_word' id='word_1_605' title='bbox 3773 3806 3949 3871; x_wconf 87' lang='lat' dir='ltr'><strong>utqui</strong></span> 
     </span>
    </p>
   </div>
   <div class='ocr_carea' id='block_1_83' title="bbox 2372 3892 3953 3959">
    <p class='ocr_par' dir='ltr' id='par_1_83' title="bbox 2372 3892 3953 3959">
     <span class='ocr_line' id='line_1_83' title="bbox 2372 3892 3953 3959; baseline 0 -15"><span class='ocrx_word' id='word_1_606' title='bbox 2372 3908 2397 3944; x_wconf 86' lang='lat' dir='ltr'><strong>a</strong></span> <span class='ocrx_word' id='word_1_607' title='bbox 2439 3892 2779 3944; x_wconf 57' lang='lat' dir='ltr'><strong>daemonibus</strong></span> <span class='ocrx_word' id='word_1_608' title='bbox 2819 3893 3115 3959; x_wconf 64' lang='lat' dir='ltr'><strong>agitantur,</strong></span> <span class='ocrx_word' id='word_1_609' title='bbox 3149 3905 3291 3958; x_wconf 57' lang='lat' dir='ltr'><strong>serpe</strong></span> <span class='ocrx_word' id='word_1_610' title='bbox 3326 3906 3446 3943; x_wconf 81' lang='lat' dir='ltr'><strong>cum</strong></span> <span class='ocrx_word' id='word_1_611' title='bbox 3499 3892 3773 3959; x_wconf 86' lang='lat' dir='ltr'><strong>voluptate</strong></span> <span class='ocrx_word' id='word_1_612' title='bbox 3811 3902 3953 3946; x_wconf 83' lang='lat' dir='ltr'><strong>ster-</strong></span> 
     </span>
    </p>
   </div>
   <div class='ocr_carea' id='block_1_84' title="bbox 2370 3982 3951 4052">
    <p class='ocr_par' dir='ltr' id='par_1_84' title="bbox 2370 3982 3951 4052">
     <span class='ocr_line' id='line_1_84' title="bbox 2370 3982 3951 4052; baseline 0.003 -19"><span class='ocrx_word' id='word_1_613' title='bbox 2370 4000 2468 4037; x_wconf 78' lang='lat' dir='ltr'><strong>eus</strong></span> <span class='ocrx_word' id='word_1_614' title='bbox 2499 3988 2786 4038; x_wconf 85' lang='lat' dir='ltr'><strong>devorant.</strong></span> <span class='ocrx_word' id='word_1_615' title='bbox 2843 3982 2997 4048; x_wconf 76' lang='lat' dir='ltr'><strong>Quod</strong></span> <span class='ocrx_word' id='word_1_616' title='bbox 3042 3984 3281 4049; x_wconf 60' lang='lat' dir='ltr'><strong>cogitare</strong></span> <span class='ocrx_word' id='word_1_617' title='bbox 3329 3997 3515 4036; x_wconf 81' lang='lat' dir='ltr'><strong>secum</strong></span> <span class='ocrx_word' id='word_1_618' title='bbox 3558 3984 3757 4047; x_wconf 81' lang='lat' dir='ltr'><strong>debet,</strong></span> <span class='ocrx_word' id='word_1_619' title='bbox 3790 3999 3951 4052; x_wconf 87' lang='lat' dir='ltr'><strong>quem</strong></span> 
     </span>
    </p>
   </div>
   <div class='ocr_carea' id='block_1_85' title="bbox 2372 4074 3947 4145">
    <p class='ocr_par' dir='ltr' id='par_1_85' title="bbox 2372 4074 3947 4145">
     <span class='ocr_line' id='line_1_85' title="bbox 2372 4074 3947 4145; baseline -0.001 -19"><span class='ocrx_word' id='word_1_620' title='bbox 2372 4086 2593 4145; x_wconf 76' lang='lat' dir='ltr'><strong>propter</strong></span> <span class='ocrx_word' id='word_1_621' title='bbox 2624 4076 2848 4128; x_wconf 77' lang='lat' dir='ltr'><strong>inuitant</strong></span> <span class='ocrx_word' id='word_1_622' title='bbox 2902 4074 2991 4125; x_wconf 79' lang='lat' dir='ltr'><strong>Dei</strong></span> <span class='ocrx_word' id='word_1_623' title='bbox 3034 4075 3466 4128; x_wconf 68' lang='lat' dir='ltr'><strong>mis-nicordiatu</strong></span> <span class='ocrx_word' id='word_1_624' title='bbox 3497 4115 3511 4134; x_wconf 86' lang='lat'><strong>,</strong></span> <span class='ocrx_word' id='word_1_625' title='bbox 3550 4074 3947 4127; x_wconf 74' lang='lat' dir='ltr'><strong>visitationem-</strong></span> 
     </span>
    </p>
   </div>
   <div class='ocr_carea' id='block_1_86' title="bbox 2370 4166 3950 4235">
    <p class='ocr_par' dir='ltr' id='par_1_86' title="bbox 2370 4166 3950 4235">
     <span class='ocr_line' id='line_1_86' title="bbox 2370 4166 3950 4235; baseline 0 -16"><span class='ocrx_word' id='word_1_626' title='bbox 2370 4183 2475 4234; x_wconf 70' lang='lat' dir='ltr'><strong>qzte</strong></span> <span class='ocrx_word' id='word_1_627' title='bbox 2523 4180 2751 4235; x_wconf 82' lang='lat' dir='ltr'><strong>serpens</strong></span> <span class='ocrx_word' id='word_1_628' title='bbox 2798 4167 3054 4234; x_wconf 74' lang='lat' dir='ltr'><strong>antiquus</strong></span> <span class='ocrx_word' id='word_1_629' title='bbox 3110 4167 3191 4218; x_wconf 66' lang='lat' dir='ltr'><strong>vel</strong></span> <span class='ocrx_word' id='word_1_630' title='bbox 3236 4166 3451 4234; x_wconf 89' lang='lat' dir='ltr'><strong>paulum</strong></span> <span class='ocrx_word' id='word_1_631' title='bbox 3494 4180 3679 4233; x_wconf 81' lang='lat' dir='ltr'><strong>sapere</strong></span> <span class='ocrx_word' id='word_1_632' title='bbox 3721 4168 3950 4233; x_wconf 83' lang='lat' dir='ltr'><strong>patitur.</strong></span> 
     </span>
    </p>
   </div>
   <div class='ocr_carea' id='block_1_87' title="bbox 2371 4256 3954 4326">
    <p class='ocr_par' dir='ltr' id='par_1_87' title="bbox 2371 4256 3954 4326">
     <span class='ocr_line' id='line_1_87' title="bbox 2371 4256 3954 4326; baseline -0.002 -13"><span class='ocrx_word' id='word_1_633' title='bbox 2371 4270 2423 4313; x_wconf 84' lang='lat' dir='ltr'><strong>et</strong></span> <span class='ocrx_word' id='word_1_634' title='bbox 2455 4261 2520 4315; x_wconf 81' lang='lat' dir='ltr'><strong>ad</strong></span> <span class='ocrx_word' id='word_1_635' title='bbox 2570 4259 2845 4313; x_wconf 78' lang='lat' dir='ltr'><strong>Christum</strong></span> <span class='ocrx_word' id='word_1_636' title='bbox 2881 4258 3179 4323; x_wconf 71' lang='lat' dir='ltr'><strong>confugere</strong></span> <span class='ocrx_word' id='word_1_637' title='bbox 3206 4297 3218 4317; x_wconf 90' lang='lat'><strong><em>.</em></strong></span> <span class='ocrx_word' id='word_1_638' title='bbox 3258 4259 3347 4326; x_wconf 83' lang='lat' dir='ltr'><strong>qui</strong></span> <span class='ocrx_word' id='word_1_639' title='bbox 3384 4258 3531 4311; x_wconf 80' lang='lat' dir='ltr'><strong>solus</strong></span> <span class='ocrx_word' id='word_1_640' title='bbox 3581 4265 3633 4308; x_wconf 85' lang='lat' dir='ltr'><strong>et</strong></span> <span class='ocrx_word' id='word_1_641' title='bbox 3672 4256 3954 4314; x_wconf 57' lang='lat' dir='ltr'><strong>daemones</strong></span> 
     </span>
    </p>
   </div>
   <div class='ocr_carea' id='block_1_88' title="bbox 2374 4351 3951 4421">
    <p class='ocr_par' dir='ltr' id='par_1_88' title="bbox 2374 4351 3951 4421">
     <span class='ocr_line' id='line_1_88' title="bbox 2374 4351 3951 4421; baseline 0 -16"><span class='ocrx_word' id='word_1_642' title='bbox 2374 4355 2626 4421; x_wconf 77' lang='lat' dir='ltr'><strong>abigere,</strong></span> <span class='ocrx_word' id='word_1_643' title='bbox 2693 4363 2745 4404; x_wconf 88' lang='lat' dir='ltr'><strong>et</strong></span> <span class='ocrx_word' id='word_1_644' title='bbox 2807 4359 2914 4402; x_wconf 89' lang='lat' dir='ltr'><strong>tam</strong></span> <span class='ocrx_word' id='word_1_645' title='bbox 2973 4351 3139 4403; x_wconf 86' lang='lat' dir='ltr'><strong>animi</strong></span> <span class='ocrx_word' id='word_1_646' title='bbox 3194 4365 3356 4419; x_wconf 89' lang='lat' dir='ltr'><strong>quam</strong></span> <span class='ocrx_word' id='word_1_647' title='bbox 3417 4351 3665 4418; x_wconf 89' lang='lat' dir='ltr'><strong>corporis</strong></span> <span class='ocrx_word' id='word_1_648' title='bbox 3727 4353 3951 4405; x_wconf 86' lang='lat' dir='ltr'><strong>morbos</strong></span> 
     </span>
    </p>
   </div>
   <div class='ocr_carea' id='block_1_89' title="bbox 2374 4441 2965 4511">
    <p class='ocr_par' dir='ltr' id='par_1_89' title="bbox 2374 4441 2965 4511">
     <span class='ocr_line' id='line_1_89' title="bbox 2374 4441 2965 4511; baseline -0.005 -16"><span class='ocrx_word' id='word_1_649' title='bbox 2374 4443 2644 4511; x_wconf 79' lang='lat' dir='ltr'><strong>depellere</strong></span> <span class='ocrx_word' id='word_1_650' title='bbox 2690 4441 2829 4510; x_wconf 84' lang='lat' dir='ltr'><strong>potis</strong></span> <span class='ocrx_word' id='word_1_651' title='bbox 2864 4450 2965 4495; x_wconf 82' lang='lat' dir='ltr'><strong>est.</strong></span> 
     </span>
    </p>
   </div>
   <div class='ocr_carea' id='block_1_90' title="bbox 684 4520 3941 4604">
    <p class='ocr_par' dir='ltr' id='par_1_90' title="bbox 684 4520 3941 4604">
     <span class='ocr_line' id='line_1_90' title="bbox 684 4520 3941 4604; baseline 0.001 -22"><span class='ocrx_word' id='word_1_652' title='bbox 684 4535 947 4585; x_wconf 70' lang='lat' dir='ltr'><strong>turi-stus</strong></span> <span class='ocrx_word' id='word_1_653' title='bbox 1002 4533 1237 4593; x_wconf 82' lang='lat' dir='ltr'><strong>videtur.</strong></span> <span class='ocrx_word' id='word_1_654' title='bbox 1278 4542 1329 4586; x_wconf 88' lang='lat' dir='ltr'><strong>et</strong></span> <span class='ocrx_word' id='word_1_655' title='bbox 1390 4536 1636 4587; x_wconf 81' lang='lat' dir='ltr'><strong>convicia</strong></span> <span class='ocrx_word' id='word_1_656' title='bbox 1689 4537 1880 4604; x_wconf 86' lang='lat' dir='ltr'><strong>recipit</strong></span> <span class='ocrx_word' id='word_1_657' title='bbox 1907 4574 1921 4596; x_wconf 88' lang='lat'><strong>,</strong></span> <span class='ocrx_word' id='word_1_658' title='bbox 1980 4551 2082 4589; x_wconf 89' lang='lat' dir='ltr'><strong>non</strong></span> <span class='ocrx_word' id='word_1_659' title='bbox 2116 4539 2260 4590; x_wconf 92' lang='lat' dir='ltr'><strong>cnim</strong></span> <span class='ocrx_word' id='word_1_660' title='bbox 2299 4520 2340 4572; x_wconf 77' lang='grc' dir='ltr'><strong>ί)</strong></span> <span class='ocrx_word' id='word_1_661' title='bbox 2443 4534 2611 4587; x_wconf 81' lang='lat' dir='ltr'><strong>Porro</strong></span> <span class='ocrx_word' id='word_1_662' title='bbox 2640 4534 2779 4586; x_wconf 84' lang='lat' dir='ltr'><strong>seire</strong></span> <span class='ocrx_word' id='word_1_663' title='bbox 2819 4534 2967 4595; x_wconf 88' lang='lat' dir='ltr'><strong>licet,</strong></span> <span class='ocrx_word' id='word_1_664' title='bbox 2997 4534 3235 4601; x_wconf 71' lang='lat' dir='ltr'><strong>quinque</strong></span> <span class='ocrx_word' id='word_1_665' title='bbox 3268 4532 3548 4585; x_wconf 83' lang='lat' dir='ltr'><strong>hominum</strong></span> <span class='ocrx_word' id='word_1_666' title='bbox 3596 4546 3798 4597; x_wconf 69' lang='lat' dir='ltr'><strong>genera</strong></span> <span class='ocrx_word' id='word_1_667' title='bbox 3843 4550 3941 4587; x_wconf 85' lang='lat' dir='ltr'><strong>sa-</strong></span> 
     </span>
    </p>
   </div>
   <div class='ocr_carea' id='block_1_91' title="bbox 684 4624 2260 4695">
    <p class='ocr_par' dir='ltr' id='par_1_91' title="bbox 684 4624 2260 4695">
     <span class='ocr_line' id='line_1_91' title="bbox 684 4624 2260 4695; baseline 0.004 -18"><span class='ocrx_word' id='word_1_668' title='bbox 684 4626 1011 4695; x_wconf 66' lang='grc' dir='ltr'>ιιιιρὶιὲειιιιῑ.</span> <span class='ocrx_word' id='word_1_669' title='bbox 1052 4640 1108 4681; x_wconf 88' lang='lat' dir='ltr'><strong>se</strong></span> <span class='ocrx_word' id='word_1_670' title='bbox 1140 4626 1189 4678; x_wconf 90' lang='lat' dir='ltr'><strong>id</strong></span> <span class='ocrx_word' id='word_1_671' title='bbox 1220 4624 1423 4690; x_wconf 84' lang='lat' dir='ltr'><strong>facere,</strong></span> <span class='ocrx_word' id='word_1_672' title='bbox 1452 4627 1595 4695; x_wconf 89' lang='lat' dir='ltr'><strong>quod</strong></span> <span class='ocrx_word' id='word_1_673' title='bbox 1627 4628 1975 4691; x_wconf 83' lang='lat' dir='ltr'><strong>erubescant,</strong></span> <span class='ocrx_word' id='word_1_674' title='bbox 2014 4630 2105 4682; x_wconf 86' lang='lat' dir='ltr'><strong>sed</strong></span> <span class='ocrx_word' id='word_1_675' title='bbox 2138 4645 2260 4684; x_wconf 88' lang='lat' dir='ltr'><strong>cum</strong></span> 
     </span>
    </p>
   </div>
   <div class='ocr_carea' id='block_1_92' title="bbox 682 4717 2265 4795">
    <p class='ocr_par' dir='ltr' id='par_1_92' title="bbox 682 4717 2265 4795">
     <span class='ocr_line' id='line_1_92' title="bbox 682 4717 2265 4795; baseline 0.003 -26"><span class='ocrx_word' id='word_1_676' title='bbox 682 4718 1028 4771; x_wconf 85' lang='lat' dir='ltr'><strong>immaculata</strong></span> <span class='ocrx_word' id='word_1_677' title='bbox 1083 4718 1472 4771; x_wconf 83' lang='lat' dir='ltr'><strong>communione</strong></span> <span class='ocrx_word' id='word_1_678' title='bbox 1533 4717 1912 4795; x_wconf 71' lang='lat' dir='ltr'><strong>ptzohibentur,</strong></span> <span class='ocrx_word' id='word_1_679' title='bbox 1965 4720 2265 4775; x_wconf 88' lang='lat' dir='ltr'><strong>incitantur</strong></span> 
     </span>
    </p>
   </div>
   <div class='ocr_carea' id='block_1_93' title="bbox 683 4810 2263 4878">
    <p class='ocr_par' dir='ltr' id='par_1_93' title="bbox 683 4810 2263 4878">
     <span class='ocr_line' id='line_1_93' title="bbox 683 4810 2263 4878; baseline 0.006 -21"><span class='ocrx_word' id='word_1_680' title='bbox 683 4811 917 4878; x_wconf 64' lang='lat' dir='ltr'><strong>:wnplius</strong></span> <span class='ocrx_word' id='word_1_681' title='bbox 954 4817 1010 4861; x_wconf 92' lang='lat' dir='ltr'><strong>ut</strong></span> <span class='ocrx_word' id='word_1_682' title='bbox 1049 4825 1165 4862; x_wconf 78' lang='lat' dir='ltr'><strong>sese</strong></span> <span class='ocrx_word' id='word_1_683' title='bbox 1222 4810 1272 4861; x_wconf 91' lang='lat' dir='ltr'><strong>in</strong></span> <span class='ocrx_word' id='word_1_684' title='bbox 1306 4810 1613 4863; x_wconf 80' lang='lat' dir='ltr'><strong>vecordiam</strong></span> <span class='ocrx_word' id='word_1_685' title='bbox 1644 4850 1657 4871; x_wconf 95' lang='lat'><strong>,</strong></span> <span class='ocrx_word' id='word_1_686' title='bbox 1692 4824 1962 4863; x_wconf 89' lang='lat' dir='ltr'><strong>summum</strong></span> <span class='ocrx_word' id='word_1_687' title='bbox 2017 4824 2263 4866; x_wconf 88' lang='lat' dir='ltr'><strong>contem-</strong></span> 
     </span>
    </p>
   </div>
   <div class='ocr_carea' id='block_1_94' title="bbox 685 4900 2262 4972">
    <p class='ocr_par' dir='ltr' id='par_1_94' title="bbox 685 4900 2262 4972">
     <span class='ocr_line' id='line_1_94' title="bbox 685 4900 2262 4972; baseline 0.005 -25"><span class='ocrx_word' id='word_1_688' title='bbox 685 4915 858 4968; x_wconf 73' lang='lat' dir='ltr'><strong>p-um,</strong></span> <span class='ocrx_word' id='word_1_689' title='bbox 897 4900 1357 4969; x_wconf 61' lang='lat' dir='ltr'><strong>desperationem,</strong></span> <span class='ocrx_word' id='word_1_690' title='bbox 1397 4901 2262 4972; x_wconf 70' lang='lat' dir='ltr'><strong>perditionemque&#39;prmcipiteut,</strong></span> 
     </span>
    </p>
   </div>
   <div class='ocr_carea' id='block_1_95' title="bbox 685 4990 2260 5059">
    <p class='ocr_par' dir='ltr' id='par_1_95' title="bbox 685 4990 2260 5059">
     <span class='ocr_line' id='line_1_95' title="bbox 685 4990 2260 5059; baseline 0.004 -18"><span class='ocrx_word' id='word_1_691' title='bbox 685 5006 784 5043; x_wconf 69' lang='lat' dir='ltr'><strong>nec</strong></span> <span class='ocrx_word' id='word_1_692' title='bbox 816 5006 842 5041; x_wconf 88' lang='lat' dir='ltr'><strong>a</strong></span> <span class='ocrx_word' id='word_1_693' title='bbox 898 4999 1049 5043; x_wconf 89' lang='lat' dir='ltr'><strong>tanto</strong></span> <span class='ocrx_word' id='word_1_694' title='bbox 1083 4990 1347 5059; x_wconf 87' lang='lat' dir='ltr'><strong>periculo,</strong></span> <span class='ocrx_word' id='word_1_695' title='bbox 1384 4997 1589 5057; x_wconf 87' lang='lat' dir='ltr'><strong>quanto</strong></span> <span class='ocrx_word' id='word_1_696' title='bbox 1638 4990 1815 5059; x_wconf 85' lang='lat' dir='ltr'><strong>majus</strong></span> <span class='ocrx_word' id='word_1_697' title='bbox 1870 5006 1969 5047; x_wconf 89' lang='lat' dir='ltr'><strong>nee</strong></span> <span class='ocrx_word' id='word_1_698' title='bbox 2000 5002 2081 5046; x_wconf 88' lang='lat' dir='ltr'><strong>est</strong></span> <span class='ocrx_word' id='word_1_699' title='bbox 2111 5031 2124 5056; x_wconf 89' lang='lat'><strong>,</strong></span> <span class='ocrx_word' id='word_1_700' title='bbox 2160 5008 2260 5047; x_wconf 89' lang='lat' dir='ltr'><strong>nec</strong></span> 
     </span>
    </p>
   </div>
   <div class='ocr_carea' id='block_1_96' title="bbox 686 5082 2262 5154">
    <p class='ocr_par' dir='ltr' id='par_1_96' title="bbox 686 5082 2262 5154">
     <span class='ocr_line' id='line_1_96' title="bbox 686 5082 2262 5154; baseline 0.004 -21"><span class='ocrx_word' id='word_1_701' title='bbox 686 5085 785 5134; x_wconf 80' lang='lat' dir='ltr'><strong>fuit</strong></span> <span class='ocrx_word' id='word_1_702' title='bbox 816 5085 931 5150; x_wconf 85' lang='lat' dir='ltr'><strong>(per</strong></span> <span class='ocrx_word' id='word_1_703' title='bbox 964 5082 1238 5150; x_wconf 85' lang='lat' dir='ltr'><strong>indignam</strong></span> <span class='ocrx_word' id='word_1_704' title='bbox 1277 5083 1479 5151; x_wconf 87' lang='lat' dir='ltr'><strong>quippe</strong></span> <span class='ocrx_word' id='word_1_705' title='bbox 1509 5097 1627 5135; x_wconf 88' lang='lat' dir='ltr'><strong>com</strong></span> <span class='ocrx_word' id='word_1_706' title='bbox 1642 5082 1978 5145; x_wconf 90' lang='lat' dir='ltr'><strong>munionem,</strong></span> <span class='ocrx_word' id='word_1_707' title='bbox 2010 5085 2262 5154; x_wconf 80' lang='lat' dir='ltr'><strong>corporis</strong></span> 
     </span>
    </p>
   </div>
   <div class='ocr_carea' id='block_1_97' title="bbox 684 5174 2263 5245">
    <p class='ocr_par' dir='ltr' id='par_1_97' title="bbox 684 5174 2263 5245">
     <span class='ocr_line' id='line_1_97' title="bbox 684 5174 2263 5245; baseline 0.001 -17"><span class='ocrx_word' id='word_1_708' title='bbox 684 5174 914 5236; x_wconf 68' lang='lat' dir='ltr'><strong>tito-isti,</strong></span> <span class='ocrx_word' id='word_1_709' title='bbox 945 5183 997 5226; x_wconf 85' lang='lat' dir='ltr'><strong>et</strong></span> <span class='ocrx_word' id='word_1_710' title='bbox 1026 5175 1306 5241; x_wconf 74' lang='lat' dir='ltr'><strong>sanguinis</strong></span> <span class='ocrx_word' id='word_1_711' title='bbox 1332 5176 1403 5228; x_wconf 87' lang='lat' dir='ltr'><strong>rei</strong></span> <span class='ocrx_word' id='word_1_712' title='bbox 1435 5176 1590 5243; x_wconf 82' lang='lat' dir='ltr'><strong>fiunt)</strong></span> <span class='ocrx_word' id='word_1_713' title='bbox 1618 5190 1715 5230; x_wconf 87' lang='lat' dir='ltr'><strong>eos</strong></span> <span class='ocrx_word' id='word_1_714' title='bbox 1749 5176 2026 5229; x_wconf 87' lang='lat' dir='ltr'><strong>revocanti</strong></span> <span class='ocrx_word' id='word_1_715' title='bbox 2057 5178 2263 5245; x_wconf 76' lang='lat' dir='ltr'><strong>gratias</strong></span> 
     </span>
    </p>
   </div>
   <div class='ocr_carea' id='block_1_98' title="bbox 684 5267 2262 5338">
    <p class='ocr_par' dir='ltr' id='par_1_98' title="bbox 684 5267 2262 5338">
     <span class='ocr_line' id='line_1_98' title="bbox 684 5267 2262 5338; baseline 0.003 -22"><span class='ocrx_word' id='word_1_716' title='bbox 684 5278 863 5338; x_wconf 60' lang='lat' dir='ltr'><strong>agent.</strong></span> <span class='ocrx_word' id='word_1_717' title='bbox 896 5267 1035 5332; x_wconf 80' lang='lat' dir='ltr'><strong>Quid</strong></span> <span class='ocrx_word' id='word_1_718' title='bbox 1072 5276 1250 5319; x_wconf 82' lang='lat' dir='ltr'><strong>autent</strong></span> <span class='ocrx_word' id='word_1_719' title='bbox 1281 5267 1699 5332; x_wconf 87' lang='lat' dir='ltr'><strong>intolerabilius,</strong></span> <span class='ocrx_word' id='word_1_720' title='bbox 1737 5284 1899 5337; x_wconf 88' lang='lat' dir='ltr'><strong>quam</strong></span> <span class='ocrx_word' id='word_1_721' title='bbox 1934 5268 2262 5337; x_wconf 82' lang='lat' dir='ltr'><strong>supplicium</strong></span> 
     </span>
    </p>
   </div>
   <div class='ocr_carea' id='block_1_99' title="bbox 685 5357 2259 5428">
    <p class='ocr_par' dir='ltr' id='par_1_99' title="bbox 685 5357 2259 5428">
     <span class='ocr_line' id='line_1_99' title="bbox 685 5357 2259 5428; baseline 0 -17"><span class='ocrx_word' id='word_1_722' title='bbox 685 5359 793 5413; x_wconf 78' lang='lat' dir='ltr'><strong>tate</strong></span> <span class='ocrx_word' id='word_1_723' title='bbox 840 5360 1122 5412; x_wconf 81' lang='lat' dir='ltr'><strong>iucorrerc</strong></span> <span class='ocrx_word' id='word_1_724' title='bbox 1148 5395 1164 5420; x_wconf 88' lang='lat'><strong>,</strong></span> <span class='ocrx_word' id='word_1_725' title='bbox 1197 5358 1356 5424; x_wconf 83' lang='lat' dir='ltr'><strong>quale</strong></span> <span class='ocrx_word' id='word_1_726' title='bbox 1417 5360 1809 5426; x_wconf 84' lang='lat' dir='ltr'><strong>perpetientur,</strong></span> <span class='ocrx_word' id='word_1_727' title='bbox 1838 5360 1931 5428; x_wconf 85' lang='lat' dir='ltr'><strong>qui</strong></span> <span class='ocrx_word' id='word_1_728' title='bbox 1979 5357 2259 5412; x_wconf 81' lang='lat' dir='ltr'><strong>Christum</strong></span> 
     </span>
    </p>
   </div>
   <div class='ocr_carea' id='block_1_100' title="bbox 686 5446 2259 5517">
    <p class='ocr_par' dir='ltr' id='par_1_100' title="bbox 686 5446 2259 5517">
     <span class='ocr_line' id='line_1_100' title="bbox 686 5446 2259 5517; baseline 0.001 -13"><span class='ocrx_word' id='word_1_729' title='bbox 686 5466 740 5504; x_wconf 70' lang='lat' dir='ltr'><strong>tu</strong></span> <span class='ocrx_word' id='word_1_730' title='bbox 776 5463 995 5504; x_wconf 72' lang='lat' dir='ltr'><strong>c&#39;ucem</strong></span> <span class='ocrx_word' id='word_1_731' title='bbox 1048 5446 1314 5517; x_wconf 71' lang='lat' dir='ltr'><strong>egerunt?</strong></span> <span class='ocrx_word' id='word_1_732' title='bbox 1365 5448 1501 5512; x_wconf 78' lang='lat' dir='ltr'><strong>Quia</strong></span> <span class='ocrx_word' id='word_1_733' title='bbox 1536 5487 1551 5511; x_wconf 91' lang='lat'><strong>,</strong></span> <span class='ocrx_word' id='word_1_734' title='bbox 1598 5450 1817 5517; x_wconf 85' lang='lat' dir='ltr'><strong>inquam</strong></span> <span class='ocrx_word' id='word_1_735' title='bbox 1850 5488 1863 5511; x_wconf 91' lang='lat'><strong>,</strong></span> <span class='ocrx_word' id='word_1_736' title='bbox 1919 5450 2075 5502; x_wconf 73' lang='lat' dir='ltr'><strong>inuiti</strong></span> <span class='ocrx_word' id='word_1_737' title='bbox 2126 5451 2259 5505; x_wconf 75' lang='lat' dir='ltr'><strong>tales</strong></span> 
     </span>
    </p>
   </div>
   <div class='ocr_carea' id='block_1_101' title="bbox 684 5540 2255 5610">
    <p class='ocr_par' dir='ltr' id='par_1_101' title="bbox 684 5540 2255 5610">
     <span class='ocr_line' id='line_1_101' title="bbox 684 5540 2255 5610; baseline -0.003 -13"><span class='ocrx_word' id='word_1_738' title='bbox 684 5554 808 5597; x_wconf 67' lang='lat' dir='ltr'><strong>sunt</strong></span> <span class='ocrx_word' id='word_1_739' title='bbox 839 5584 852 5605; x_wconf 89' lang='lat'><strong>,</strong></span> <span class='ocrx_word' id='word_1_740' title='bbox 896 5540 967 5595; x_wconf 85' lang='lat' dir='ltr'><strong>ita</strong></span> <span class='ocrx_word' id='word_1_741' title='bbox 1005 5556 1101 5597; x_wconf 78' lang='lat' dir='ltr'><strong>eos</strong></span> <span class='ocrx_word' id='word_1_742' title='bbox 1150 5550 1384 5595; x_wconf 85' lang='lat' dir='ltr'><strong>tractare</strong></span> <span class='ocrx_word' id='word_1_743' title='bbox 1424 5550 1659 5609; x_wconf 82' lang='lat' dir='ltr'><strong>Oportet.</strong></span> <span class='ocrx_word' id='word_1_744' title='bbox 1712 5540 1967 5610; x_wconf 85' lang='lat' dir='ltr'><strong>Cogeuda</strong></span> <span class='ocrx_word' id='word_1_745' title='bbox 2027 5540 2255 5594; x_wconf 79' lang='lat' dir='ltr'><strong>fratrum</strong></span> 
     </span>
    </p>
   </div>
   <div class='ocr_carea' id='block_1_102' title="bbox 689 5632 2254 5703">
    <p class='ocr_par' dir='ltr' id='par_1_102' title="bbox 689 5632 2254 5703">
     <span class='ocr_line' id='line_1_102' title="bbox 689 5632 2254 5703; baseline -0.004 -13"><span class='ocrx_word' id='word_1_746' title='bbox 689 5634 1001 5696; x_wconf 71' lang='lat' dir='ltr'><strong>multitudo,</strong></span> <span class='ocrx_word' id='word_1_747' title='bbox 1032 5643 1084 5687; x_wconf 79' lang='lat' dir='ltr'><strong>et</strong></span> <span class='ocrx_word' id='word_1_748' title='bbox 1134 5632 1278 5689; x_wconf 76' lang='lat' dir='ltr'><strong>Deus</strong></span> <span class='ocrx_word' id='word_1_749' title='bbox 1331 5648 1494 5703; x_wconf 46' lang='lat' dir='ltr'><strong>suptr</strong></span> <span class='ocrx_word' id='word_1_750' title='bbox 1544 5632 1609 5685; x_wconf 84' lang='lat' dir='ltr'><strong>iis</strong></span> <span class='ocrx_word' id='word_1_751' title='bbox 1653 5648 1773 5686; x_wconf 85' lang='lat' dir='ltr'><strong>cum</strong></span> <span class='ocrx_word' id='word_1_752' title='bbox 1814 5634 2069 5703; x_wconf 64' lang='lat' dir='ltr'><strong>laerymis</strong></span> <span class='ocrx_word' id='word_1_753' title='bbox 2098 5632 2254 5685; x_wconf 89' lang='lat' dir='ltr'><strong>invo-</strong></span> 
     </span>
    </p>
   </div>
   <div class='ocr_carea' id='block_1_103' title="bbox 2373 4622 3950 4679">
    <p class='ocr_par' dir='ltr' id='par_1_103' title="bbox 2373 4622 3950 4679">
     <span class='ocr_line' id='line_1_103' title="bbox 2373 4622 3950 4679; baseline -0.003 -1"><span class='ocrx_word' id='word_1_754' title='bbox 2373 4640 2461 4679; x_wconf 88' lang='lat' dir='ltr'><strong>cra</strong></span> <span class='ocrx_word' id='word_1_755' title='bbox 2496 4624 2886 4677; x_wconf 85' lang='lat' dir='ltr'><strong>communione</strong></span> <span class='ocrx_word' id='word_1_756' title='bbox 2920 4640 2945 4673; x_wconf 90' lang='lat' dir='ltr'><strong>a</strong></span> <span class='ocrx_word' id='word_1_757' title='bbox 2976 4623 3182 4677; x_wconf 77' lang='lat' dir='ltr'><strong>sanetis</strong></span> <span class='ocrx_word' id='word_1_758' title='bbox 3217 4622 3468 4675; x_wconf 83' lang='lat' dir='ltr'><strong>Patribns</strong></span> <span class='ocrx_word' id='word_1_759' title='bbox 3500 4622 3738 4675; x_wconf 76' lang='lat' dir='ltr'><strong>excludi.</strong></span> <span class='ocrx_word' id='word_1_760' title='bbox 3775 4622 3950 4675; x_wconf 82' lang='lat' dir='ltr'><strong>Primi</strong></span> 
     </span>
    </p>
   </div>
   <div class='ocr_carea' id='block_1_104' title="bbox 2372 4713 3951 4783">
    <p class='ocr_par' dir='ltr' id='par_1_104' title="bbox 2372 4713 3951 4783">
     <span class='ocr_line' id='line_1_104' title="bbox 2372 4713 3951 4783; baseline -0.002 -13"><span class='ocrx_word' id='word_1_761' title='bbox 2372 4726 2503 4770; x_wconf 83' lang='lat' dir='ltr'><strong>sunt</strong></span> <span class='ocrx_word' id='word_1_762' title='bbox 2549 4713 2950 4777; x_wconf 89' lang='lat' dir='ltr'><strong>catechumeni,</strong></span> <span class='ocrx_word' id='word_1_763' title='bbox 2998 4724 3180 4783; x_wconf 78' lang='lat' dir='ltr'><strong>utpote</strong></span> <span class='ocrx_word' id='word_1_764' title='bbox 3237 4714 3505 4781; x_wconf 87' lang='lat' dir='ltr'><strong>baptismo</strong></span> <span class='ocrx_word' id='word_1_765' title='bbox 3554 4713 3799 4767; x_wconf 90' lang='lat' dir='ltr'><strong>nondum</strong></span> <span class='ocrx_word' id='word_1_766' title='bbox 3852 4730 3951 4767; x_wconf 70' lang='lat' dir='ltr'><strong>ex-</strong></span> 
     </span>
    </p>
   </div>
   <div class='ocr_carea' id='block_1_105' title="bbox 2368 4804 3945 4875">
    <p class='ocr_par' dir='ltr' id='par_1_105' title="bbox 2368 4804 3945 4875">
     <span class='ocr_line' id='line_1_105' title="bbox 2368 4804 3945 4875; baseline 0 -17"><span class='ocrx_word' id='word_1_767' title='bbox 2368 4805 2522 4875; x_wconf 90' lang='lat' dir='ltr'><strong>piati.</strong></span> <span class='ocrx_word' id='word_1_768' title='bbox 2555 4804 2813 4867; x_wconf 85' lang='lat' dir='ltr'><strong>Secundi,</strong></span> <span class='ocrx_word' id='word_1_769' title='bbox 2862 4804 3121 4871; x_wconf 77' lang='lat' dir='ltr'><strong>baptizati</strong></span> <span class='ocrx_word' id='word_1_770' title='bbox 3168 4807 3411 4873; x_wconf 80' lang='lat' dir='ltr'><strong>quidem,</strong></span> <span class='ocrx_word' id='word_1_771' title='bbox 3452 4805 3542 4858; x_wconf 87' lang='lat' dir='ltr'><strong>sed</strong></span> <span class='ocrx_word' id='word_1_772' title='bbox 3586 4805 3678 4873; x_wconf 89' lang='lat' dir='ltr'><strong>qui</strong></span> <span class='ocrx_word' id='word_1_773' title='bbox 3745 4805 3945 4858; x_wconf 81' lang='lat' dir='ltr'><strong>sordes</strong></span> 
     </span>
    </p>
   </div>
   <div class='ocr_carea' id='block_1_106' title="bbox 2370 4898 3955 4972">
    <p class='ocr_par' dir='ltr' id='par_1_106' title="bbox 2370 4898 3955 4972">
     <span class='ocr_line' id='line_1_106' title="bbox 2370 4898 3955 4972; baseline -0.001 -19"><span class='ocrx_word' id='word_1_774' title='bbox 2370 4909 2418 4953; x_wconf 88' lang='lat' dir='ltr'><strong>et</strong></span> <span class='ocrx_word' id='word_1_775' title='bbox 2447 4909 2666 4968; x_wconf 77' lang='lat' dir='ltr'><strong>peccata</strong></span> <span class='ocrx_word' id='word_1_776' title='bbox 2707 4898 2934 4967; x_wconf 85' lang='lat' dir='ltr'><strong>diligere</strong></span> <span class='ocrx_word' id='word_1_777' title='bbox 2969 4909 3255 4965; x_wconf 77' lang='lat' dir='ltr'><strong>cceperuut</strong></span> <span class='ocrx_word' id='word_1_778' title='bbox 3287 4915 3300 4950; x_wconf 90' lang='lat'>:</span> <span class='ocrx_word' id='word_1_779' title='bbox 3332 4913 3453 4949; x_wconf 89' lang='lat' dir='ltr'><strong>nam</strong></span> <span class='ocrx_word' id='word_1_780' title='bbox 3489 4898 3541 4950; x_wconf 93' lang='lat' dir='ltr'><strong>hi</strong></span> <span class='ocrx_word' id='word_1_781' title='bbox 3578 4898 3703 4951; x_wconf 73' lang='lat' dir='ltr'><strong>vitae</strong></span> <span class='ocrx_word' id='word_1_782' title='bbox 3737 4909 3955 4972; x_wconf 58' lang='lat' dir='ltr'><strong>sancta;</strong></span> 
     </span>
    </p>
   </div>
   <div class='ocr_carea' id='block_1_107' title="bbox 2366 4988 3947 5059">
    <p class='ocr_par' dir='ltr' id='par_1_107' title="bbox 2366 4988 3947 5059">
     <span class='ocr_line' id='line_1_107' title="bbox 2366 4988 3947 5059; baseline -0.001 -15"><span class='ocrx_word' id='word_1_783' title='bbox 2366 4989 2695 5055; x_wconf 85' lang='lat' dir='ltr'><strong>desertOrcs,</strong></span> <span class='ocrx_word' id='word_1_784' title='bbox 2723 4998 2774 5042; x_wconf 87' lang='lat' dir='ltr'><strong>et</strong></span> <span class='ocrx_word' id='word_1_785' title='bbox 2814 4999 3073 5056; x_wconf 73' lang='lat' dir='ltr'><strong>apostatre</strong></span> <span class='ocrx_word' id='word_1_786' title='bbox 3126 4989 3501 5042; x_wconf 83' lang='lat' dir='ltr'><strong>nominantur.</strong></span> <span class='ocrx_word' id='word_1_787' title='bbox 3543 4988 3734 5053; x_wconf 87' lang='lat' dir='ltr'><strong>Tertii,</strong></span> <span class='ocrx_word' id='word_1_788' title='bbox 3769 4992 3862 5059; x_wconf 88' lang='lat' dir='ltr'><strong>qui</strong></span> <span class='ocrx_word' id='word_1_789' title='bbox 3917 5008 3947 5042; x_wconf 81' lang='lat'><strong>.:</strong></span> 
     </span>
    </p>
   </div>
   <div class='ocr_carea' id='block_1_108' title="bbox 2372 5081 3946 5149">
    <p class='ocr_par' dir='ltr' id='par_1_108' title="bbox 2372 5081 3946 5149">
     <span class='ocr_line' id='line_1_108' title="bbox 2372 5081 3946 5149; baseline 0.002 -15"><span class='ocrx_word' id='word_1_790' title='bbox 2372 5081 2528 5136; x_wconf 89' lang='lat' dir='ltr'><strong>tualis</strong></span> <span class='ocrx_word' id='word_1_791' title='bbox 2565 5081 2847 5149; x_wconf 78' lang='lat' dir='ltr'><strong>Spiritibns</strong></span> <span class='ocrx_word' id='word_1_792' title='bbox 2880 5081 3122 5133; x_wconf 84' lang='lat' dir='ltr'><strong>humano</strong></span> <span class='ocrx_word' id='word_1_793' title='bbox 3162 5083 3339 5147; x_wconf 82' lang='lat' dir='ltr'><strong>generi</strong></span> <span class='ocrx_word' id='word_1_794' title='bbox 3376 5081 3609 5147; x_wconf 83' lang='lat' dir='ltr'><strong>infestis,</strong></span> <span class='ocrx_word' id='word_1_795' title='bbox 3653 5090 3705 5137; x_wconf 88' lang='lat' dir='ltr'><strong>et</strong></span> <span class='ocrx_word' id='word_1_796' title='bbox 3744 5085 3946 5137; x_wconf 81' lang='lat' dir='ltr'><strong>adver-</strong></span> 
     </span>
    </p>
   </div>
   <div class='ocr_carea' id='block_1_109' title="bbox 2370 5173 3943 5246">
    <p class='ocr_par' dir='ltr' id='par_1_109' title="bbox 2370 5173 3943 5246">
     <span class='ocr_line' id='line_1_109' title="bbox 2370 5173 3943 5246; baseline 0 -19"><span class='ocrx_word' id='word_1_797' title='bbox 2370 5175 2529 5228; x_wconf 88' lang='lat' dir='ltr'><strong>sariis</strong></span> <span class='ocrx_word' id='word_1_798' title='bbox 2565 5173 2894 5237; x_wconf 82' lang='lat' dir='ltr'><strong>insidentur,</strong></span> <span class='ocrx_word' id='word_1_799' title='bbox 2920 5183 2972 5226; x_wconf 87' lang='lat' dir='ltr'><strong>et</strong></span> <span class='ocrx_word' id='word_1_800' title='bbox 3007 5183 3368 5242; x_wconf 78' lang='lat' dir='ltr'><strong>occupantur.</strong></span> <span class='ocrx_word' id='word_1_801' title='bbox 3402 5176 3613 5239; x_wconf 88' lang='lat' dir='ltr'><strong>Quarti,</strong></span> <span class='ocrx_word' id='word_1_802' title='bbox 3649 5177 3741 5246; x_wconf 90' lang='lat' dir='ltr'><strong>qui</strong></span> <span class='ocrx_word' id='word_1_803' title='bbox 3773 5192 3802 5228; x_wconf 87' lang='lat' dir='ltr'><strong>a</strong></span> <span class='ocrx_word' id='word_1_804' title='bbox 3838 5179 3943 5228; x_wconf 72' lang='lat' dir='ltr'><strong>vita</strong></span> 
     </span>
    </p>
   </div>
   <div class='ocr_carea' id='block_1_110' title="bbox 2368 5265 3944 5335">
    <p class='ocr_par' dir='ltr' id='par_1_110' title="bbox 2368 5265 3944 5335">
     <span class='ocr_line' id='line_1_110' title="bbox 2368 5265 3944 5335; baseline -0.001 -15"><span class='ocrx_word' id='word_1_805' title='bbox 2368 5265 2681 5320; x_wconf 83' lang='lat' dir='ltr'><strong>facinorosa</strong></span> <span class='ocrx_word' id='word_1_806' title='bbox 2724 5275 3078 5320; x_wconf 81' lang='lat' dir='ltr'><strong>recesserunt</strong></span> <span class='ocrx_word' id='word_1_807' title='bbox 3114 5267 3188 5319; x_wconf 89' lang='lat' dir='ltr'><strong>illi</strong></span> <span class='ocrx_word' id='word_1_808' title='bbox 3240 5268 3483 5335; x_wconf 91' lang='lat' dir='ltr'><strong>quidem,</strong></span> <span class='ocrx_word' id='word_1_809' title='bbox 3528 5283 3714 5321; x_wconf 87' lang='lat' dir='ltr'><strong>verum</strong></span> <span class='ocrx_word' id='word_1_810' title='bbox 3761 5268 3944 5321; x_wconf 83' lang='lat' dir='ltr'><strong>adhuc</strong></span> 
     </span>
    </p>
   </div>
   <div class='ocr_carea' id='block_1_111' title="bbox 2368 5357 3940 5427">
    <p class='ocr_par' dir='ltr' id='par_1_111' title="bbox 2368 5357 3940 5427">
     <span class='ocr_line' id='line_1_111' title="bbox 2368 5357 3940 5427; baseline -0.003 -16"><span class='ocrx_word' id='word_1_811' title='bbox 2368 5358 2744 5427; x_wconf 74' lang='lat' dir='ltr'><strong>ptenitentiam</strong></span> <span class='ocrx_word' id='word_1_812' title='bbox 2780 5368 2969 5426; x_wconf 78' lang='lat' dir='ltr'><strong>agunt.</strong></span> <span class='ocrx_word' id='word_1_813' title='bbox 3004 5357 3213 5422; x_wconf 84' lang='lat' dir='ltr'><strong>Quinti,</strong></span> <span class='ocrx_word' id='word_1_814' title='bbox 3266 5359 3359 5427; x_wconf 89' lang='lat' dir='ltr'><strong>qui</strong></span> <span class='ocrx_word' id='word_1_815' title='bbox 3406 5375 3511 5413; x_wconf 81' lang='lat' dir='ltr'><strong>non</strong></span> <span class='ocrx_word' id='word_1_816' title='bbox 3559 5367 3727 5414; x_wconf 85' lang='lat' dir='ltr'><strong>totam</strong></span> <span class='ocrx_word' id='word_1_817' title='bbox 3770 5360 3940 5411; x_wconf 86' lang='lat' dir='ltr'><strong>vitam</strong></span> 
     </span>
    </p>
   </div>
   <div class='ocr_carea' id='block_1_112' title="bbox 2370 5447 3942 5513">
    <p class='ocr_par' dir='ltr' id='par_1_112' title="bbox 2370 5447 3942 5513">
     <span class='ocr_line' id='line_1_112' title="bbox 2370 5447 3942 5513; baseline -0.001 -10"><span class='ocrx_word' id='word_1_818' title='bbox 2370 5464 2525 5503; x_wconf 86' lang='lat' dir='ltr'><strong>suam</strong></span> <span class='ocrx_word' id='word_1_819' title='bbox 2557 5447 2667 5503; x_wconf 90' lang='lat' dir='ltr'><strong>Deo</strong></span> <span class='ocrx_word' id='word_1_820' title='bbox 2695 5460 3111 5513; x_wconf 87' lang='lat' dir='ltr'><strong>consecrarunt,</strong></span> <span class='ocrx_word' id='word_1_821' title='bbox 3146 5464 3245 5503; x_wconf 90' lang='lat' dir='ltr'><strong>nec</strong></span> <span class='ocrx_word' id='word_1_822' title='bbox 3274 5450 3327 5502; x_wconf 94' lang='lat' dir='ltr'><strong>in</strong></span> <span class='ocrx_word' id='word_1_823' title='bbox 3358 5450 3575 5505; x_wconf 87' lang='lat' dir='ltr'><strong>Christo</strong></span> <span class='ocrx_word' id='word_1_824' title='bbox 3604 5448 3942 5503; x_wconf 68' lang='lat' dir='ltr'><strong>omnimodis</strong></span> 
     </span>
    </p>
   </div>
   <div class='ocr_carea' id='block_1_113' title="bbox 2369 5538 3941 5612">
    <p class='ocr_par' dir='ltr' id='par_1_113' title="bbox 2369 5538 3941 5612">
     <span class='ocr_line' id='line_1_113' title="bbox 2369 5538 3941 5612; baseline -0.001 -18"><span class='ocrx_word' id='word_1_825' title='bbox 2369 5542 2487 5594; x_wconf 86' lang='lat' dir='ltr'><strong>sine</strong></span> <span class='ocrx_word' id='word_1_826' title='bbox 2510 5541 2741 5595; x_wconf 85' lang='lat' dir='ltr'><strong>crimine</strong></span> <span class='ocrx_word' id='word_1_827' title='bbox 2775 5540 2981 5595; x_wconf 88' lang='lat' dir='ltr'><strong>vivunt.</strong></span> <span class='ocrx_word' id='word_1_828' title='bbox 3024 5542 3271 5607; x_wconf 80' lang='lat' dir='ltr'><strong>Quatuor</strong></span> <span class='ocrx_word' id='word_1_829' title='bbox 3315 5543 3516 5612; x_wconf 85' lang='lat' dir='ltr'><strong>quippe</strong></span> <span class='ocrx_word' id='word_1_830' title='bbox 3547 5548 3695 5604; x_wconf 89' lang='lat' dir='ltr'><strong>sunt,</strong></span> <span class='ocrx_word' id='word_1_831' title='bbox 3739 5538 3941 5607; x_wconf 78' lang='lat' dir='ltr'><strong>dignus</strong></span> 
     </span>
    </p>
   </div>
   <div class='ocr_carea' id='block_1_114' title="bbox 2368 5630 3941 5705">
    <p class='ocr_par' dir='ltr' id='par_1_114' title="bbox 2368 5630 3941 5705">
     <span class='ocr_line' id='line_1_114' title="bbox 2368 5630 3941 5705; baseline -0.001 -21"><span class='ocrx_word' id='word_1_832' title='bbox 2368 5632 2644 5699; x_wconf 74' lang='lat' dir='ltr'><strong>indignus,</strong></span> <span class='ocrx_word' id='word_1_833' title='bbox 2682 5633 2838 5705; x_wconf 79' lang='lat' dir='ltr'><strong>digne</strong></span> <span class='ocrx_word' id='word_1_834' title='bbox 2880 5635 2931 5689; x_wconf 87' lang='lat' dir='ltr'><strong>in</strong></span> <span class='ocrx_word' id='word_1_835' title='bbox 2959 5636 3113 5703; x_wconf 47' lang='lat' dir='ltr'><strong>igne.</strong></span> <span class='ocrx_word' id='word_1_836' title='bbox 3162 5634 3425 5705; x_wconf 63' lang='lat' dir='ltr'><strong>Indignus</strong></span> <span class='ocrx_word' id='word_1_837' title='bbox 3476 5634 3719 5694; x_wconf 77' lang='lat' dir='ltr'><strong>omnino,</strong></span> <span class='ocrx_word' id='word_1_838' title='bbox 3753 5646 3780 5682; x_wconf 67' lang='grc' dir='ltr'>α</span> <span class='ocrx_word' id='word_1_839' title='bbox 3811 5630 3941 5685; x_wconf 68' lang='lat' dir='ltr'><strong>cibo</strong></span> 
     </span>
    </p>
   </div>
   <div class='ocr_carea' id='block_1_115' title="bbox 763 5810 2594 5886">
    <p class='ocr_par' dir='ltr' id='par_1_115' title="bbox 763 5810 2594 5886">
     <span class='ocr_line' id='line_1_115' title="bbox 763 5810 2594 5886; baseline -0.004 -16"><span class='ocrx_word' id='word_1_840' title='bbox 763 5816 807 5848; x_wconf 68' lang='grc' dir='ltr'><strong>τ’</strong></span> <span class='ocrx_word' id='word_1_841' title='bbox 842 5812 1028 5886; x_wconf 73' lang='lat' dir='ltr'><strong>l_t,.&#39;or.</strong></span> <span class='ocrx_word' id='word_1_842' title='bbox 1061 5828 1111 5880; x_wconf 70' lang='grc' dir='ltr'>ι,</span> <span class='ocrx_word' id='word_1_843' title='bbox 1138 5813 1222 5866; x_wconf 79' lang='grc' dir='ltr'><strong>Η.</strong></span> <span class='ocrx_word' id='word_1_844' title='bbox 1303 5815 1341 5845; x_wconf 76' lang='grc'><strong>⁷³</strong></span> <span class='ocrx_word' id='word_1_845' title='bbox 1376 5812 1518 5868; x_wconf 49' lang='grc' dir='ltr'>ι’ξιιι.</span> <span class='ocrx_word' id='word_1_846' title='bbox 1568 5828 1615 5873; x_wconf 75' lang='lat' dir='ltr'><strong>v,</strong></span> <span class='ocrx_word' id='word_1_847' title='bbox 1652 5814 1701 5864; x_wconf 72' lang='lat' dir='ltr'><strong>t5.</strong></span> <span class='ocrx_word' id='word_1_848' title='bbox 1783 5812 1823 5842; x_wconf 76' lang='grc' dir='ltr'><strong>τ’</strong></span> <span class='ocrx_word' id='word_1_849' title='bbox 1848 5810 1980 5866; x_wconf 80' lang='lat' dir='ltr'><strong>llud.</strong></span> <span class='ocrx_word' id='word_1_850' title='bbox 2010 5811 2039 5863; x_wconf 82' lang='grc'>7</span> <span class='ocrx_word' id='word_1_851' title='bbox 2114 5812 2157 5841; x_wconf 75' lang='grc' dir='ltr'><strong>τ³</strong></span> <span class='ocrx_word' id='word_1_852' title='bbox 2192 5810 2297 5863; x_wconf 67' lang='lat' dir='ltr'><strong>La.</strong></span> <span class='ocrx_word' id='word_1_853' title='bbox 2325 5828 2469 5871; x_wconf 63' lang='grc' dir='ltr'>ιλιι,</span> <span class='ocrx_word' id='word_1_854' title='bbox 2508 5812 2594 5866; x_wconf 67' lang='lat' dir='ltr'><strong>Eli.</strong></span> 
     </span>
    </p>
   </div>
  </div>
