4164 6342
245 441 359 506 349

1582 437 1870 503 ORATIO
1909 438 2042 498 VII.

3383 441 3490 502 350

245 551 414 607 malis
463 550 743 616 remissio,
812 567 874 606 ac
925 552 1196 608 liberatio.
1250 552 1314 606 Et
1370 550 1629 619 quoniam
1690 549 1817 601 hinc
1847 554 1892 605 Α
1920 550 2087 608 latus,
2127 549 2315 611 alium,
2348 548 2470 600 mali
2503 548 2642 616 quod
2675 548 2778 602 sibi
2807 547 3197 612 adest-caecus,
3228 549 3488 619 insipieno

246 647 590 711 crnigrantes
628 645 840 698 animas
888 659 1112 708 regnum
1159 642 1420 698 cmlorum
1472 656 1634 693 sanas
1681 639 1824 692 dun-

247 741 408 789 taxat
437 733 700 797 admittit,
733 741 932 800 oportet
963 733 1100 786 enim
1128 715 1467 795 corruptibile
1493 730 1586 784 hoc
1611 731 1827 784 induere

246 827 724 891 incorruptionem,
759 832 806 876 et
834 824 1056 876 mortale
1079 823 1175 874 hoc
1203 823 1416 876 induere
1445 821 1823 874 immortalita-

249 930 356 971 tem
384 919 454 982 ",
508 914 723 969 ollicina
781 916 993 967 medica
1053 917 1340 977 morbosa‘,
1395 921 1450 967 et
1507 911 1823 967 necessitati

193 1033 200 1040 λ
249 1004 728 1079 rertitrhationnm
760 1007 1024 1077 exposita:
1057 1017 1264 1078 natura
1293 1007 1380 1059 hic
1405 1013 1512 1070 est,
1536 1016 1588 1057 et
1615 1004 1828 1058 radices

246 1100 412 1166 regni
459 1100 698 1154 emit-stis
752 1099 841 1152 hic
891 1098 1035 1152 infra
1086 1111 1479 1165 prepagantnr.
1517 1095 1632 1152 Nisi
1677 1097 1823 1150 enim

247 1190 511 1246 Christus
540 1190 630 1244 hic
667 1189 721 1243 in
750 1189 934 1255 anima
969 1200 1180 1257 regnet,
1205 1189 1385 1250 salute
1428 1175 1698 1252 nusquam
1731 1200 1824 1252 po-

249 1280 447 1335 tietur.
497 1281 599 1333 Hic
644 1282 794 1347 prius
843 1280 1024 1332 denuo
1054 1289 1348 1348 gent-ratur
1387 1277 1570 1341 heuro,
1609 1291 1669 1329 ac
1710 1285 1823 1328 tum

247 1370 480 1425 deuiam
513 1387 736 1437 regnum
771 1369 862 1424 Dei
912 1370 1095 1424 videre
1145 1378 1343 1438 potest.
1380 1369 1482 1434 Qui
1523 1378 1703 1423 autem
1740 1382 1826 1421 re-

248 1475 423 1528 gnum
467 1459 674 1514 Christi
725 1462 956 1514 necdum
996 1460 1064 1514 in
1118 1476 1177 1516 se
1229 1461 1532 1526 experitur,
1585 1459 1826 1513 nondum

252 1560 424 1605 natus
452 1562 535 1605 est
570 1552 771 1605 denuo.
815 1552 977 1618 Atqui
1033 1553 1257 1606 omnino
1308 1551 1456 1606 nasci
1497 1558 1733 1622 oportet,
1771 1560 1830 1605 ιιι

250 1638 347 1692 hic
381 1657 608 1710 regnum
645 1644 732 1694 Dei
774 1644 957 1697 videre
993 1643 1176 1697 liceat.

333 1730 454 1786 Jam
510 1734 638 1786 mihi
683 1735 979 1789 discrimen
1017 1750 1232 1803 (pioque
1285 1733 1512 1788 istarum
1552 1735 1710 1787 trium
1744 1743 1828 1804 ty-

253 1826 612 1878 rannicarum
644 1826 988 1880 alTectiouuiu
1023 1828 1335 1891 Considera,
1365 1843 1597 1894 quarum
1636 1841 1742 1879 una
1776 1828 1826 1878 in

253 1918 508 1985 pecunia:
537 1927 592 1969 et
633 1917 972 1984 divitiarum,
997 1919 1167 1971 altera
1204 1919 1257 1971 in
1289 1919 1514 1970 honoris
1540 1927 1593 1970 et
1621 1918 1827 1986 gloriae,

253 2007 419 2060 tertia
475 2009 530 2059 in
580 2010 924 2073 voluptatum
972 2010 1384 2062 consectatione
1432 2019 1699 2061 versatur.
1737 2007 1833 2061 Est

253 2097 402 2150 enim
431 2098 677 2152 invenire
710 2099 852 2153 inter
883 2101 1129 2155 homines
1166 2102 1308 2153 hunc
1338 2100 1556 2168 quidem
1597 2098 1826 2160 nummi,

256 2195 426 2247 iitum
467 2195 729 2253 nominis.
761 2195 925 2250 alium
956 2196 1206 2250 suavium
1236 2195 1485 2262 corporis
1526 2196 1828 2247 motionum

257 2295 562 2346 amantem,
600 2295 653 2337 et
689 2287 946 2354 culpidum
983 2306 995 2340 :
1032 2287 1127 2340 sed
1193 2303 1355 2340 unum
1389 2287 1752 2355 enmdemque
1778 2296 1832 2339 et

257 2378 515 2444 pecunizc
547 2379 700 2432 valde
729 2381 1024 2441 sitientem,
1059 2389 1114 2433 et
1147 2379 1332 2449 gloria:
1361 2380 1613 2441 multum,
1646 2389 1700 2429 et
1730 2394 1830 2431 vo-

255 2468 488 2536 luptatis
519 2485 746 2537 prorsus
777 2479 1121 2539 appetentem
1154 2472 1399 2525 invenire
1441 2486 1548 2523 non
1603 2472 1832 2539 poteris,

257 2574 388 2613 nam
443 2561 536 2613 nui
600 2563 948 2629 potissimum
1004 2563 1220 2616 deditus
1267 2572 1371 2626 est,
1405 2564 1458 2615 in
1508 2572 1829 2616 ceterorum

260 2651 650 2706 mediocritate
682 2654 1005 2720 acquiescit.
1040 2652 1141 2708 Cui
1180 2662 1357 2707 autem
1405 2655 1597 2707 horum
1631 2653 1833 2722 aliquid

259 2743 426 2813 plane
459 2743 709 2811 imperat,
742 2760 803 2797 ac
831 2744 1167 2809 dominatur,
1197 2747 1242 2799 is
1290 2746 1393 2798 alia
1439 2746 1544 2800 duo
1582 2756 1835 2800 eontem-

263 2836 373 2888 nit.
408 2833 660 2888 Pecuniae
695 2838 886 2889 avidus
913 2835 1031 2902 eius
1067 2851 1232 2890 causa
1263 2846 1319 2889 et
1347 2839 1600 2906 gloriam,
1640 2846 1692 2890 et
1734 2852 1832 2890 vo-

265 2924 532 2995 luptatein
605 2942 952 2995 aspernatur.
1026 2927 1198 2988 illam.
1268 2931 1420 2997 quia,
1489 2937 1547 2983 ut
1614 2930 1831 2984 obolum

266 3019 559 3081 lueretur,
626 3013 886 3087 pudorem
961 3029 1013 3074 et
1076 3019 1313 3076 dedecus
1383 3037 1487 3075 non
1552 3032 1832 3075 veretur:

265 3112 399 3180 quin
450 3114 616 3165 etiam
656 3128 684 3165 e
717 3115 880 3166 rebus
930 3112 1169 3180 injuslis,
1220 3112 1467 3180 abjectis,
1508 3113 1834 3175 inhonestis,

267 3203 569 3257 absurdum
621 3214 886 3271 quaestum
943 3204 1201 3269 colligere
1266 3205 1482 3270 gaudet,
1539 3218 1664 3256 cum
1721 3191 1913 3273 cjnsC

270 3298 489 3350 animus
531 3297 583 3349 in
617 3298 771 3349 lucro
815 3298 884 3352 sit
935 3305 1116 3359 totus,
1163 3297 1304 3349 hanc
1340 3310 1407 3348 ne
1457 3293 1756 3362 impendat,
1792 3304 1845 3348 et

268 3385 605 3448 exhauriat,
663 3401 826 3452 quam
888 3386 1062 3455 diligit
1134 3388 1443 3454 pecuniam.
1507 3386 1845 3439 Ambitiosus

267 3477 458 3545 gloriae
488 3476 784 3540 desiderio,
819 3486 872 3530 et
905 3492 1177 3540 nummos,
1215 3485 1267 3528 et
1305 3477 1645 3542 voluptatum
1689 3478 1844 3530 hian-

270 3567 518 3622 dimema
575 3568 804 3636 despicit
850 3583 865 3621 :
918 3569 1038 3622 illos
1091 3575 1295 3620 temere
1353 3566 1733 3633 profundens,
1788 3575 1848 3620 ιιι

271 3660 489 3718 laudent
521 3668 574 3712 et
608 3661 866 3713 honorem
897 3658 1234 3726 adipiscatur
1265 3675 1279 3712 :
1315 3660 1410 3712 has
1449 3659 1734 3726 repellens,
1766 3674 1832 3714 ne

274 3753 328 3802 in
382 3749 758 3816 ignominiam,
812 3755 867 3802 et
919 3749 1394 3817 reprehensionem
1431 3749 1701 3802 incurrat.
1739 3750 1847 3803 Vo-

274 3844 586 3912 luptuarins
611 3853 663 3896 et
688 3843 995 3912 pecuniam,
1016 3852 1069 3896 et
1093 3843 1316 3911 gloriam
1341 3843 1393 3897 in
1417 3842 1656 3898 minimis
1677 3842 1848 3908 ponit,

275 3938 405 3989 dum
443 3951 572 4004 opes
607 3951 735 3990 suas
763 3950 857 4004 per
889 3935 1156 3990 luxuriam
1188 3935 1472 4005 dilapidat,
1505 3947 1557 3989 et
1588 3936 1846 3989 honorem

277 4043 661 4096 quemcunque
696 4029 1046 4097 postlrabens,
1071 4038 1290 4096 propter
1328 4028 1542 4095 gaudia,
1589 4029 1852 4082 obccnas-

279 4135 386 4190 que
435 4120 737 4187 voluptates
782 4119 1158 4188 perfruendas,
1197 4121 1248 4173 in
1286 4135 1446 4174 omne
1473 4136 1646 4188 genus
1683 4120 1848 4174 dede-

280 4213 430 4267 coris
484 4226 722 4280 praeceps
783 4211 914 4265 abit.
964 4208 1029 4264 Et
1065 4212 1132 4265 ab
1183 4212 1268 4266 his
1323 4214 1701 4281 unusquisque
1755 4227 1852 4267 nec

281 4303 681 4372 supp‘iciormn
736 4310 965 4366 terrore,
1022 4318 1119 4357 nec
1175 4305 1326 4364 regni
1381 4305 1619 4358 ccclesiis
1668 4318 1855 4358 amore

282 4394 475 4462 pedem
509 4392 710 4445 referre
740 4394 890 4456 vult;
920 4392 1014 4446 sed
1044 4394 1130 4446 illa
1164 4394 1371 4455 irridet,
1401 4395 1500 4447 hoc
1551 4395 1849 4453 vilipendit.

1929 648 2009 692 ter
2047 639 2373 692 condemnat
2405 657 2417 692 :
2456 647 2512 691 ιιι
2546 639 2800 702 utrinque
2831 647 2941 691 tum
2969 639 3038 692 ob
3073 642 3340 695 morbum.
3376 652 3485 696 ttm

1925 733 1995 784 ob
2022 732 2526 786 cendeumationem
2577 740 2792 784 aeternae
2841 724 3205 786 damnationis
3239 732 3312 784 rei
3354 734 3487 785 sint.

1927 822 2194 891 Quocirca
2225 823 2391 874 solam
2417 837 2564 889 spem
2595 831 2831 874 nostram
2856 821 3132 875 Christum
3159 823 3428 889 cogitemu
3466 858 3487 888 ,

1934 924 1990 968 ιιι
2023 930 2122 967 nos
2153 914 2221 966 ab
2253 912 2604 965 hisce1ribus
2648 913 2876 965 vinculis
2928 913 3119 975 solvat,
3185 926 3491 977 sensusque

1927 1015 2147 1061 nostros
2194 1006 2533 1065 Sanctilicet;
2567 1011 2624 1054 nt
2663 1006 2843 1056 divina
2890 1004 3079 1056 audire
3121 1003 3339 1054 orat-uia
3374 1019 3390 1067 ;
3430 1011 3489 1054 ut

1929 1098 2110 1152 animo
2151 1095 2445 1160 tranquillo
2491 1095 2567 1148 uti
2613 1105 2832 1160 aspectu
2886 1095 3214 1162 posuimus:
3280 1103 3335 1144 nt
3394 1108 3492 1159 pro

1929 1189 2247 1250 maledictis,
2278 1196 2330 1239 et
2358 1186 2833 1243 condemnatinne,
2867 1185 3196 1250 pmuitentiae
3235 1191 3287 1235 et
3332 1183 3496 1235 bene-

1928 1278 2185 1333 dictionis
2217 1276 2377 1328 verba
2413 1275 2698 1341 loquamur
2727 1291 2741 1325 :
2774 1282 2829 1324 ut
2865 1272 3156 1326 salubriter
3180 1282 3492 1334 tangamus.

1929 1379 2467 1434 contrectemusqne.
2519 1366 2652 1420 Nam
2715 1367 2817 1418 nisi
2881 1365 3095 1418 animos
3147 1371 3361 1416 nostros
3425 1363 3495 1415 ab

1932 1463 2083 1516 hisce
2117 1459 2535 1527 mgritudiuihns
2581 1456 2974 1514 curaverimus,
3010 1453 3189 1507 inanis
3217 1463 3298 1505 est
3336 1453 3491 1513 iilcs,

1931 1555 2109 1607 inanis
2144 1553 2336 1619 pictas,
2390 1548 2567 1600 inanis
2605 1546 2694 1600 Dei
2745 1547 2947 1604 cultus.
2995 1548 3159 1599 inane
3202 1545 3492 1612 jejunium,

1932 1644 2108 1698 inanis
2166 1641 2424 1709 precatio,
2483 1638 2661 1689 inanis
2723 1638 3068 1706 clinemns‘yna
3115 1653 3129 1688 :
3183 1637 3294 1686 btec
3351 1634 3494 1685 enim

1933 1735 2111 1788 omnia
2160 1733 2224 1784 ad
2274 1746 2375 1784 nos
2425 1745 2452 1780 a
2501 1731 2648 1782 vitiis
2694 1728 3055 1791 revocandos,
3113 1720 3498 1790 sanandosqu'e

1934 1825 2313 1880 conferuntur.
2351 1820 2502 1885 Quod
2539 1821 2581 1872 si
2620 1819 2740 1872 sani
2780 1830 2834 1871 et
2879 1817 3074 1886 integri
3130 1832 3236 1868 non
3285 1827 3498 1874 sumus,

1934 1919 2050 1970 sine
2098 1915 2270 1968 fructu
2325 1913 2377 1963 in
2427 1911 2704 1964 Christum
2755 1900 3055 1962 creilimus.
3115 1906 3244 1958 Nam
3295 1906 3389 1972 qui
3444 1905 3498 1956 in

1932 2007 2205 2062 Christum
2265 2004 2452 2064 credit,
2514 2003 2671 2052 habet
2721 2001 2881 2051 vitam
2937 2009 3217 2058 tete-ruam,
3255 2013 3374 2064 quae
3415 1998 3502 2048 est

1933 2099 2105 2168 gratia
2145 2095 2356 2147 Domini
2405 2091 2572 2144 nostri
2631 2090 2757 2144 Jesu
2807 2089 3030 2142 Christi.
3087 2087 3186 2152 Qui
3247 2102 3408 2154 porro
3441 2087 3500 2138 in

1935 2190 2210 2243 Christum
2237 2185 2427 2243 credit,
2465 2198 2563 2236 nec
2599 2183 2758 2233 vitam
2793 2189 3048 2233 a’temam
3083 2179 3267 2240 habet,
3301 2178 3501 2229 I'rnstra

1935 2285 2143 2337 incum
2185 2279 2378 2332 credit.
2412 2279 2561 2330 Petat
2593 2277 2775 2343 igitur,
2814 2285 2866 2328 ct
2903 2274 3135 2336 accipiat
3159 2273 3319 2321 vitam
3344 2279 3504 2320 teter-

1936 2390 2086 2435 nam,
2119 2388 2260 2440 qum,
2308 2379 2365 2423 ιιι
2406 2371 2457 2420 in
2504 2367 2783 2421 Christum
2845 2365 3067 2416 credere
3119 2368 3500 2429 cognoscatur.

1936 2466 2206 2531 Quoniam
2251 2463 2342 2530 qui
2385 2461 2588 2512 Christi
2650 2457 2844 2524 Spiritu
2897 2463 3070 2511 caret.
3127 2454 3277 2505 illum
3315 2449 3505 2511 utique

1937 2556 2183 2610 diabolus
2237 2561 2292 2606 ul.
2332 2551 2601 2605 inﬁdelem
2657 2547 2760 2602 sibi
2796 2547 3068 2608 vindieat;
3117 2543 3250 2597 nihil
3306 2542 3506 2609 quippe

1936 2658 2019 2702 est
2056 2647 2312 2699 medium.
2367 2642 2431 2695 Et
2464 2650 2521 2693 ιιι
2550 2641 2656 2694 vita
2690 2651 2889 2692 interna
2933 2654 2994 2691 ex
3034 2636 3134 2687 lide
3165 2643 3269 2689 est.
3324 2634 3401 2685 sic
3440 2630 3506 2683 ιι-

1939 2738 2035 2790 des
2067 2751 2094 2786 a
2125 2736 2232 2786 vita
2287 2743 2486 2785 :ctcrna
2524 2730 2896 2797 Cognoscitur,
2932 2741 3092 2792 quam
3146 2725 3352 2776 utinam
3409 2735 3504 2788 per

1938 2827 2368 2881 misericordiam
2443 2823 2668 2880 Christi,
2719 2821 2772 2873 in
2824 2833 2985 2886 quem
3035 2815 3332 2878 credunus,
3385 2813 3497 2881 jam

1939 2920 2066 2973 hinc
2095 2932 2266 2985 usque
2291 2919 2344 2970 in
2377 2916 2710 2982 sempiterna
2750 2911 2945 2965 saecula
2975 2908 3396 2977 consequamur!

2497 3025 2749 3080 ORATIO
2834 3024 2942 3084 VII,

2529 3153 2914 3194 ΑιιςυιιιῐΝτιικ.

1950 3280 2026 3334 De
2053 3281 2229 3332 labore
2255 3277 2627 3348 spirituali,_et
2679 3275 2730 3326 in
2767 3271 2952 3348 quiens
2985 3275 3370 3348 «inclaruere:
3392 3267 3510 3348 fria-

2021 3338 2292 3402 borarint.’
2326 3346 2597 3410 Quomodo
2640 3362 2731 3395 nos
2764 3343 2944 3395 iisdem
2980 3350 3113 3391 recte
3148 3339 3316 3410 fungi,
3352 3347 3398 3388 ει
3427 3338 3512 3386 in-

2019 3429 2133 3471 star
2171 3409 2382 3470 illorum
2420 3415 2738 3468 sanctissimi
2784 3411 3014 3472 Spiritus
3066 3409 3346 3473 participes
3390 3421 3512 3456 era-

2017 3490 2140 3541 dere
2167 3490 2442 3547 pmsimus.
2475 3485 2547 3537 De
2569 3484 2796 3548 perfecta
2827 3480 3226 3548 commo'immnr
3257 3494 3288 3548 ῃ
3311 3475 3512 3548 ratione

2021 3544 2318 3609 eversor-um
2351 3544 2635 3608 vacatione.
2663 3544 2718 3605 et
2759 3550 3128 3600 sanrtitndine.
3165 3545 3292 3608 Quis
3325 3546 3392 3594 sit
3425 3544 3515 3592 n‘h-

2021 3630 2224 3679 solutus
2259 3644 2284 3678 ε
2317 3629 2507 3676 mundo
2538 3639 2768 3674 secessus
2823 3618 3056 3691 Gloriam
3094 3617 3354 3691 norninant
3388 3612 3514 3691 dili-

2021 3707 2213 3765 gentes.
2255 3710 2545 3761 qmmqumn
2591 3696 2640 3739 in
2690 3687 3210 3765 (πιπτει-ιιι.ιιίιιιιιίιιιις
3255 3685 3514 3735 uniuersi;

2028 3757 2128 3818 rite
2152 3757 2514 3831 processerint.
2545 3762 2772 3828 fructum
2802 3757 2999 3808 nultum
3028 3757 3308 3822 percipere.

2027 3856 2473 3924 Quandoquidem
2522 3851 2790 3908 nonnulli,
2824 3857 3012 3902 contra
3043 3861 3204 3913 quam
3238 3843 3515 3902 deberent,

1956 3965 2023 4005 (te
2077 3965 2135 4005 se
2202 3945 2484 4012 magniﬁce
2537 3941 2855 3996 sentientes.
2899 3941 3134 3997 actione,
3187 3931 3520 3994 contempla-

1953 4045 2101 4096 tione
2147 4049 2195 4095 et
2229 4038 2561 4107 perfectione.
2597 4034 2946 4098 antiquormn
2985 4035 3319 4082 santtorum,
3356 4033 3521 4079 atque

1955 4151 1983 4190 a
2041 4136 2151 4188 Deo
2183 4132 2485 4185 alllatorum
2523 4127 2742 4179 Patrum
2805 4132 3113 4176 nostrorum
3152 4117 3360 4170 similvs
3395 4126 3515 4165 sese

1956 4226 2312 4286 arbitrantur,
2350 4228 2401 4274 et
2433 4219 2620 4272 eodem
2657 4216 2850 4284 spiritu
2885 4212 3161 4279 praeditos,
3196 4203 3406 4272 quo‘ilii
3438 4204 3521 4252 vi-

1956 4322 2186 4379 vebant,
2234 4330 2296 4368 ac
2355 4314 2746 4367 movebantur,
2790 4322 2852 4359 ex
2907 4303 3089 4355 verbis
3145 4306 3353 4350 tantmn
3402 4295 3527 4346 sine

1958 4411 2217 4480 Operihus
2253 4401 2779 4461 commendationem
2816 4400 3176 4460 aucupantes,
3208 4402 3329 4440 cmn
3365 4397 3522 4435 arro-

280 4484 423 4550 Quid
449 4494 704 4553 praetcrea
728 4485 975 4548 ?,Avarns
1004 4487 1852 4556 voluptuarium,etambitiosum
1889 4517 1930 4569 ι)
1965 4501 2161 4571 gamma,
2191 4499 2386 4566 spiritu
2424 4489 2491 4547 εἰ)
2529 4506 2717 4546 eorum
2769 4487 2959 4539 semita
2997 4483 3385 4539 aberraw'rint,
3424 4487 3524 4541 ego

288 4577 450 4630 indos
492 4576 618 4630 lacit
651 4593 665 4630 :
707 4576 872 4636 hunc,
907 4578 1163 4645 quoniam
1194 4593 1300 4630 non
1335 4580 1522 4642 etiam,
1554 4588 1606 4629 ut
1636 4579 1770 4645 ipse,
1804 4585 1857 4632 et

284 4669 493 4721 vilibus
522 4680 576 4720 et
606 4667 1032 4734 despicabilibus
1072 4671 1234 4723 rebus
1272 4669 1466 4723 lucella
1503 4678 1724 4737 captare
1774 4668 1855 4722 di-

291 4773 459 4825 gnum
502 4767 657 4824 putat
693 4778 704 4811 :
741 4759 914 4824 illum,
948 4759 1075 4830 quia
1111 4768 1330 4829 propter
1360 4762 1644 4829 quaesitam
1679 4777 1708 4812 e
1743 4767 1861 4812 tur-

294 4848 966 4918 pitudinejucunditatem
999 4867 1108 4905 rem
1146 4852 1490 4917 l'arniliarem,
1536 4852 1860 4920 divitiasque

289 4954 424 4994 suas
458 4940 716 4993 absumit.
748 4940 1081 4996 Ambiticsus
1111 4941 1348 4996 similite.
1389 4957 1635 5008 avarum,
1667 4949 1722 4995 et
1753 4956 1862 4993 vo-

296 5031 634 5099 lnptuarium
663 5031 869 5085 deridet
901 5047 914 5085 :
949 5033 1120 5096 illum,
1150 5033 1273 5102 quia
1305 5047 1335 5087 e
1360 5031 1595 5087 sordidis
1622 5039 1866 5086 contem-

303 5126 521 5197 ptisque
578 5126 742 5181 rebus
818 5128 1136 5196 compendia
1188 5131 1382 5194 quatit
1429 5143 1443 5179 :
1496 5127 1636 5182 hunc
1667 5169 1682 5193 ,
1737 5125 1863 5196 quia

296 5218 571 5272 dedecore
603 5225 656 5270 et
690 5216 905 5270 infamia
933 5218 1550 5286 laborat.Voluptuarius
1575 5227 1865 5287 utrumque

299 5324 441 5363 uaso
484 5309 765 5378 suspendit
799 5325 812 5361 :
849 5310 1101 5371 alterum,
1139 5310 1284 5378 quod
1323 5319 1543 5378 propter
1579 5311 1860 5363 existima-

299 5403 533 5464 tionem,
582 5414 651 5453 ne
705 5414 734 5453 a
783 5414 1053 5468 quoquam
1108 5401 1467 5470 vituperetur,
1514 5401 1756 5469 seipsmu
1800 5398 1868 5453 ad

300 5491 617 5546 castitatem
663 5497 919 5558 tanquam
950 5490 1105 5545 freno
1136 5493 1278 5561 cogit
1309 5507 1325 5545 :
1355 5493 1607 5555 alterum,
1629 5491 1772 5561 quod
1806 5505 1871 5545 ne

305 5589 596 5652 sumptum
635 5568 849 5649 toleret,
887 5582 1198 5649 continens,
1242 5593 1294 5638 et
1340 5583 1528 5654 pallt'iS
1580 5593 1869 5639 contentus

304 5681 415 5729 est.
452 5675 624 5743 Atque
654 5674 846 5728 horum
883 5675 1115 5747 quisque
1142 5691 1169 5729 a
1202 5690 1301 5733 suo
1328 5677 1569 5732 daemone
1604 5677 1868 5744 exstimu-

395 5851 441 5881 ⁸³
476 5847 518 5903 ιι
546 5849 670 5905 Cor.
703 5865 796 5918 xv,
836 5851 927 5905 53.

1963 4596 2026 4646 de
2059 4586 2373 4657 huiusmodi
2427 4583 2738 4638 hominibus
2774 4579 2979 4631 sanctis
3013 4574 3281 4626 disserere
3330 4581 3524 4636 aggre-

1962 4682 2197 4741 diamur,
2225 4685 2274 4729 et
2307 4691 2336 4726 a
2383 4674 2542 4727 rebus
2575 4675 2787 4724 testatis
2820 4668 2974 4736 plena
3021 4665 3120 4716 fide
3151 4670 3390 4727 accepta.
3429 4670 3524 4725 per

1962 4785 2146 4824 eorum
2189 4765 2409 4832 vestigia
2438 4763 2694 4815 incedere
2730 4757 3068 4814 studeaums,
3103 4754 3146 4805 si
3182 4763 3275 4802 eos
3308 4747 3520 4800 interim

1964 4868 2302 4918 antevertere
2365 4870 2470 4908 non
2529 4851 2821 4920 possimus.
2895 4844 3071 4897 Altius
3128 4851 3306 4894 autem
3361 4838 3526 4888 ducto

1966 4950 2257 5023 principio,
2289 4947 2353 5001 ad
2387 4960 2486 4999 nos
2517 4957 2691 5008 usque
2719 4939 2917 4994 sensim
2949 4934 3284 4989 delabamur.

2037 5017 2178 5111 Ergo
2211 5053 2436 5107 magnus
2487 5035 2754 5087 Antonius
2801 5030 2852 5082 in
2907 5031 3256 5079 monumento
3304 5017 3524 5078 sedens,

1967 5134 2095 5204 quid
2119 5109 2342 5200 agebat,
2398 5126 2608 5180 tametsi
2662 5120 2975 5191 spirituales
3011 5116 3254 5169 actiones
3288 5109 3524 5210 nondum

1969 5229 2129 5297 plane
2185 5219 2453 5275 noverat?
2515 5217 2707 5269 Annon
2753 5211 2897 5264 velut
2938 5219 3209 5260 mortuum
3259 5216 3317 5255 se
3372 5215 3424 5297 ιη
3462 5211 3528 5250 eo

1973 5288 2216 5374 inclusit,
2261 5309 2393 5364 nihil
2444 5304 2774 5360 mundanum
2809 5299 3068 5359 inferens,
3098 5309 3194 5347 nec
3224 5293 3330 5343 ulla
3365 5288 3433 5340 de
3470 5302 3529 5339 re

1975 5401 2286 5459 sollicitus?
2334 5397 2525 5450 Annon
2590 5401 2738 5446 totus
2797 5385 3000 5441 mundo
3049 5392 3314 5439 mortuus,
3365 5383 3420 5429 et
3472 5374 3525 5426 in

1977 5497 2329 5549 monumento
2360 5486 2703 5546 delitescens,
2740 5479 2906 5532 Deum
2954 5473 3046 5544 qui
3083 5468 3423 5526 reviviscere,
3476 5473 3530 5514 ct
3565 5549 3570 5554 δ

1976 5596 2267 5652 exsurgere
2306 5577 2437 5632 facit
2465 5569 2823 5642 exquirebat?
2873 5569 3062 5619 Annon
3101 5573 3238 5652 pane
3268 5557 3381 5609 solo
3399 5594 3431 5652 τ.
3471 5560 3524 5604 et.

1978 5691 2114 5747 aqua
2144 5644 2434 5730 contentus
2484 5665 2641 5724 erat?
2667 5664 2856 5717 Annon
2891 5655 3054 5713 multa
3103 5669 3130 5708 a
3187 5644 3523 5707 damonibua
