4164 6342
644 384 751 446 355

1839 375 2220 438 SYMEON-IS
2261 376 2626 437 JUNlORIS

3775 371 3888 433 356

642 513 759 550 rimi
795 493 1004 547 invecta
1060 506 1160 545 nos
1197 490 1296 542 ista
1333 488 1536 558 perpeti
1575 489 1834 552 nolimus,
1869 502 1920 545 et
1968 492 2222 543 voluntas
2253 500 2295 554 Α
2325 507 2507 560 opere,
2537 489 2634 569 sed
2671 489 2834 555 verbo
2882 497 3088 542 tantum
3123 485 3308 542 ﬁdeles
3361 500 3553 542 sumus
3586 501 3600 539 :
3634 485 3906 553 Operibus

643 586 746 638 ista
778 584 994 635 minime
1042 581 1303 636 tolerandi
1353 584 1406 632 iu
1461 581 1615 633 nobis
1648 583 1811 646 vivat,
1847 598 1964 650 qua:
1993 591 2075 636 est
2105 591 2221 634 ter-

643 690 771 726 retia
821 675 1001 726 (aruis
1039 673 1344 740 prudentia,
1399 673 1487 739 qui
1545 689 1726 739 quirso
1785 676 1980 726 mortui
2015 673 2218 727 eVade~

647 765 812 816 nius?
839 765 984 815 nullo
1013 763 1169 814 tnodo
1197 763 1506 815 evademus.
1539 762 1688 825 Quod
1724 764 1767 814 si
1801 767 2024 823 mundo.
2057 775 2110 816 et
2139 766 2222 817 his

643 858 853 922 quasi"
901 854 1101 904 uiundo
1138 864 1266 904 sunt
1324 867 1429 901 non
1486 853 1802 911 tii0iiatnur.
1847 856 1934 920 qui
1981 856 2219 915 tandem,

645 959 696 996 ut
725 947 814 1010 qui
851 947 939 996 Uei
968 961 1129 996 causa
1164 944 1314 1006 facti,
1339 955 1465 997 sunt
1491 949 1714 1008 mortui,
1740 946 1901 996 vitain
1927 947 1977 997 iti
2003 946 2222 998 Christo

645 1037 1019 1089 abscondidi"
1056 1037 1335 1090 \‘tVeiuus?

719 1129 1004 1182 Cui-istum
1047 1127 1212 1179 Οι-ιιιιι
1251 1133 1563 1184 imitemur:
1600 1139 1818 1196 propter
1860 1129 2087 1182 salutent
2123 1141 2223 1178 no-

645 1228 816 1272 etram
857 1228 910 1270 et
946 1219 1043 1284 ipsi
1086 1228 1378 1285 patiamur,
1408 1229 1464 1270 ut
1497 1221 1581 1270 ille.
1614 1232 1830 1288 prepter
1887 1237 1983 1270 nos
2029 1233 2223 1286 passus

647 1320 753 1370 est,
790 1327 947 1375 quem
988 1311 1245 1361 \‘oeabant
1284 1312 1697 1372 dil‘ll-OllittSlllll,
1738 1315 2101 1370 seductorem,
2134 1325 2225 1358 vo-

652 1416 856 1459 raceui,
890 1410 1195 1468 potatorriit
1246 1403 1375 1453 viiii.
1409 1404 1496 1453 hic
1529 1405 1672 1453 enini
1711 1405 2029 1454 dictitabant
2061 1416 2072 1450 :
2106 1401 2226 1452 Dn:-

649 1493 885 1543 munium
922 1493 1080 1544 habes
1121 1493 1185 1545 ".
1223 1495 1286 1546 lit
1324 1510 1560 1556 rursum,
1603 1494 1730 1545 Ecce
1773 1495 1924 1544 homo
1958 1507 2137 1552 corax,
2176 1500 2225 1544 et

647 1595 860 1653 potator
890 1587 1016 1648 vini,
1054 1587 1176 1637 aniii
1199 1603 1255 1637 us
1283 1586 1709 1652 publicanorum,
1735 1594 1782 1638 et
1805 1596 2135 1651 peccatorum
2155 1585 2222 1637 ’⁷.

651 1680 915 1730 Audimus
949 1681 1075 1729 item
1107 1690 1162 1730 ut
1191 1680 1538 1740 homicidam,
1563 1689 1616 1729 et
1648 1679 1948 1731 maleficum
1982 1678 2224 1744 lgalum,

652 1779 909 1831 tractum,
946 1781 996 1820 et
1030 1781 1084 1822 ut
1125 1771 1280 1822 vilem
1323 1771 1742 1822 homuncionem
1795 1771 1968 1823 Pilato
2014 1771 2229 1822 exhilii-

2322 593 2500 636 anteui
2539 597 2644 634 non
2677 579 3005 648 conjunctis,
3042 578 3175 632 fides
3206 585 3420 631 mortua
3457 587 3560 632 est.
3592 574 3648 631 Si
3688 577 3905 646 absque

2323 676 2578 744 Operilnts
2620 675 2748 726 lides
2781 685 2992 724 mortua
3025 679 3111 722 est
3137 709 3152 734 ,
3197 686 3319 723 eum
3365 671 3520 746 malis
3547 672 3799 739 operibus
3825 684 3905 723 ne

2325 769 2457 821 fides
2509 766 2725 835 quidem
2783 772 2886 817 est.
2928 762 3196 815 Mortuuni
3245 762 3414 824 enim,
3455 765 3498 816 si
3556 779 3744 816 recens
3783 774 3901 829 est,
3937 801 3944 814 .

2326 862 2463 910 velut
2502 859 2661 925 modo
2691 855 3084 914 exaniiiiatunt,
3111 852 3309 905 dicitur
3341 863 3630 906 mortuum.
3663 853 3815 918 Quod
3847 853 3900 906 si

2326 932 2621 1003 multorum
2665 948 2774 1015 jani
2813 948 3023 1000 dierum
3062 954 3166 1007 est,
3204 958 3308 996 non
3345 952 3637 1006 mortuum,
3671 946 3759 997 sed
3791 960 3901 1012 pu-

2327 1043 2522 1104 tidum,
2557 1049 2874 1108 corruptum
2915 1047 2967 1091 et
3020 1036 3267 1091 fastidiim
3327 1046 3573 1086 rocatur.
3623 1034 3897 1098 Quoniam

2324 1149 2454 1202 ergo
2487 1133 2595 1186 duo
2631 1143 2757 1185 smit
2808 1145 3004 1197 genera
3038 1142 3283 1192 aperitin,
3335 1124 3444 1177 Dco
3498 1125 3785 1192 plaeentia,
3820 1128 3901 1179 ἐι

2325 1240 2516 1283 exosa.
2558 1223 2600 1276 si
2641 1224 2772 1274 liilcs
2825 1225 2943 1273 sine
2980 1221 3238 1288 operibus
3273 1225 3482 1269 moitna
3516 1227 3619 1279 cSt,
3651 1224 3707 1268 ut
3754 1231 3828 1269 sci
3848 1217 3891 1268 i-

2327 1325 2474 1384 ptum
2504 1317 2732 1381 legimus
2756 1313 2774 1342 ⁸
2804 1313 2942 1382 (sint:
2972 1312 3227 1378 Opet-‘ibns
3262 1308 3512 1360 videlicet
3541 1305 3647 1357 Deo
3674 1306 3900 1373 placen-

2329 1406 2496 1466 tibus,
2534 1405 2665 1456 fides
2700 1405 2812 1465 illa,
2865 1419 2984 1470 qua:
3016 1417 3121 1454 non
3164 1401 3337 1453 solum
3369 1398 3626 1466 Operilim
3657 1397 3763 1448 Deo
3801 1409 3904 1449 ac-

2329 1501 2502 1566 οίἹν-ίε
2555 1506 2727 1556 Caret.
2766 1494 2856 1548 sed
2901 1502 2952 1547 et
3005 1509 3165 1561 opera
3205 1492 3315 1545 Deo
3350 1491 3524 1544 inrisa
3562 1487 3742 1549 habet,
3790 1500 3904 1553 quo

2328 1591 2547 1644 nomine
2579 1587 2884 1640 allii-letor?
2931 1584 3178 1637 mortua?
3237 1584 3343 1634 imo
3378 1580 3544 1648 magis
3601 1578 3810 1647 putrida
3843 1584 3905 1629 et

2328 1691 2585 1747 corrupta
2621 1677 2891 1730 nominari
2928 1677 3120 1738 debet;
3155 1683 3248 1726 aut
3275 1684 3331 1725 ιιι
3381 1677 3561 1724 verius
3599 1672 3787 1739 loquar
3817 1669 3905 1719 iti-

2330 1769 2645 1829 eredulitas,
2686 1777 2736 1818 et
2781 1767 3051 1834 impietas.
3098 1765 3170 1817 De
3207 1779 3311 1832 qua
3344 1773 3397 1816 et
3433 1763 3598 1815 Isaias
3639 1759 3907 1827 propheta

655 1872 791 1922 tum,
827 1868 977 1928 alapa
1028 1881 1054 1912 a
1090 1877 1246 1914 servo
1299 1879 1638 1929 percussum,
1691 1864 1742 1915 in
1785 1879 2060 1916 carcerein
2094 1878 2224 1914 con-
2261 1830 2300 1881 Β
2333 1864 2550 1915 loruttts
2585 1859 2794 1911 videtur
2829 1875 2841 1912 :
2878 1857 3074 1919 Impius
3120 1873 3220 1908 non
3267 1854 3452 1908 ridebit
3481 1853 3700 1922 gloriam
3735 1851 3828 1904 Dei
3857 1851 3904 1904 ⁸.

652 1962 936 2017 tru~ntn,e
965 1970 1182 2005 carcere
1209 1954 1486 2017 editi-tutu,
1515 1969 1542 2005 a
1574 1955 1854 2006 lictoribus
1884 1956 2227 2020 perductum,

653 2050 853 2115 popqu
916 2061 942 2095 a
1004 2045 1176 2097 l’i'ato
1219 2047 1480 2107 trditum;
1530 2061 1651 2096 cum
1707 2045 1911 2096 diceret
1957 2043 2231 2107 :Acupite

652 2152 768 2188 eum
795 2151 899 2190 vos.
928 2144 975 2186 et
1002 2135 1292 2202 crum/igne
1315 2134 1380 2184 ".
1410 2135 1723 2200 Cogitemus
1748 2134 1933 2198 igitur,
1959 2133 2230 2198 quomodo

655 2229 907 2279 Venditus
961 2227 1139 2279 stabat
1177 2228 1227 2278 iu
1267 2225 1444 2276 ini-dio
1474 2241 1685 2284 eorum,
1722 2224 1812 2287 qtti
1847 2237 2007 2288 super
2041 2235 2232 2272 omnes

657 2325 827 2375 cenios
857 2331 958 2380 e>l,
991 2331 1039 2372 et
1069 2336 1227 2370 manu
1266 2336 1360 2370 sua
1390 2318 1768 2383 Ctttttplt'CIllUt‘
1802 2317 2074 2369 universa.
2110 2313 2233 2379 pul-

657 2427 775 2472 siis,
803 2416 1074 2476 repulsus,
1110 2426 1328 2478 pugnis,
1367 2409 1540 2473 alapis
1573 2422 1881 2474 pereossus,
1920 2405 2135 2460 irrisus.
2178 2405 2231 2457 in

659 2510 971 2574 pia-torium
1006 2503 1372 2561 introductus,
1402 2517 1560 2567 qttettt
1614 2501 1757 2549 titi.|a
1788 2509 1969 2549 creata
2014 2508 2230 2560 natura,

662 2610 762 2647 nec
797 2595 894 2661 ipsi
929 2591 1214 2660 Si-rapliiin
1257 2602 1482 2658 po~snut
1532 2590 1752 2647 intueri,
1788 2590 2028 2643 vestibus
2063 2588 2237 2639 ntida-

661 2696 774 2743 lus.
829 2687 1096 2739 columna:
1147 2700 1174 2736 a
1205 2685 1446 2756 ligatus“
1482 2683 1602 2747 plus
1642 2680 1999 2747 quadraginta
2062 2681 2234 2748 plagis

660 2775 804 2844 (qua:
843 2789 991 2827 tenui
1050 2772 1114 2824 ad
1176 2783 1400 2822 Illlll'l"ti|
1452 2771 1555 2820 lata
1611 2771 2232 2822 sententiadamnatum

662 2865 1002 2927 iudicabant)
1044 2861 1338 2926 acet-peril.
1383 2859 1522 2924 Quid
1564 2859 1802 2910 deinde?
1841 2874 2075 2926 purpura
2112 2873 2236 2911 coc-

659 2955 813 3005 cinea
850 2967 942 3017 per
974 2949 1268 3001 liidihiinui
1301 2958 1638 3014 coopertum,
1672 2951 1723 2998 itt
1781 2956 1941 3014 caput
1973 2948 2235 2999 arundine

662 3044 1026 3101 Verberatum,
1057 3041 1558 3107 interrogatunique
1592 3057 1605 3092 :
1642 3038 1770 3102 Quis
1804 3049 1901 3099 est,
1932 3039 2091 3102 quite
2118 3054 2238 3101 per-

2398 1947 2577 2010 Quai-e.
2610 1945 2848 2005 alIirmo.
2904 1953 2955 2000 et
3025 1954 3277 2012 repetens
3343 1943 3540 1997 iterum
3594 1943 3907 2010 iterumque

2329 2039 2628 2101 allirniaho,
2684 2041 2776 2103 qui
2812 2038 3020 2093 Christi
3050 2037 3337 2106 passiones
3365 2050 3460 2103 per
3499 2034 3910 2104 penitentiam,

2330 2140 2379 2182 et
2417 2129 2786 2180 obedientiam
2853 2142 2958 2180 non
3034 2127 3234 2179 fuerint
3286 2126 3510 2188 imitati,
3593 2131 3646 2178 et
3706 2123 3907 2177 mortis

2330 2221 2449 2286 ejus
2486 2221 2784 2289 participes
2821 2221 3020 2283 effecti,
3069 2231 3129 2273 tit
3192 2233 3356 2288 supra
3408 2218 3684 2272 subtiliter
3715 2217 3914 2269 docui-

2335 2328 2453 2365 nius
2496 2329 2592 2365 eos
2645 2294 2753 2365 ιιριέ
2804 2312 3106 2380 spiritualis
3154 2310 3275 2378 ejus
3333 2308 3756 2364 resurrectionis
3781 2321 3914 2374 par-

2336 2406 2529 2470 ticipes
2564 2404 2703 2464 tieri,
2747 2418 2847 2455 nec
2901 2403 3162 2471 Spiritum
3200 2411 3451 2456 sanetum
3504 2402 3751 2470 adipisci,
3806 2412 3915 2467 per

2333 2509 2491 2560 quem
2547 2473 2789 2545 omnium
2850 2495 3185 2546 resurrectio
3255 2493 3364 2546 fieri
3425 2495 3728 2546 eonsuevit.
3783 2490 3911 2544 Non

2335 2585 2482 2634 illam
2549 2583 2604 2634 in
2670 2582 3151 2635 consummatione
3213 2581 3394 2633 saeiili
3446 2583 3912 2634 resurrecrionem

2333 2687 2652 2740 corporum,
2723 2680 2875 2724 canet
2901 2671 3039 2722 enim
3118 2670 3330 2738 angelus
3376 2671 3520 2732 tuba,
3554 2680 3602 2722 et
3659 2670 3911 2738 defuncta

2334 2780 2555 2830 corpora
2595 2775 2866 2832 resurgent
2892 2764 2911 2793 ⁷
2944 2779 2958 2828 ;
3017 2764 3112 2816 sed
3153 2779 3271 2816 cani
3298 2779 3416 2829 qua:
3448 2763 3697 2831 quotidze
3735 2763 3910 2830 spiri-

2337 2859 2468 2910 tuali
2525 2856 2683 2908 modo
2741 2856 2821 2915 lii,
2882 2863 3219 2908 mortuarum
3273 2856 3583 2906 animarum
3645 2853 3914 2922 spiritua-

2337 2950 2441 3003 lem
2485 2949 2978 3018 regenerationem,
3033 2947 3608 3015 resurrectionemque
3639 2946 3913 3013 intelligo,

2338 3055 2524 3108 quam,
2567 3039 2658 3105 qui
2711 3037 2877 3091 semel
2925 3049 3172 3090 mortuus
3226 3045 3330 3098 est,
3376 3050 3427 3089 et
3457 3037 3776 3100 resurrexit,
3811 3051 3914 3104 per

669 3135 828 3186 cuuit
860 3133 946 3185 "?
1010 3135 1184 3200 spinis
1218 3145 1558 3192 coronatum,
1589 3133 1871 3183 adoratum
1905 3141 1954 3182 et
1993 3133 2230 3194 illusum,
2264 3167 2305 3221 Ο
2341 3143 2552 3189 omnes,
2596 3138 2648 3179 et
2705 3129 2756 3180 in
2791 3127 3065 3190 omnibus,
3121 3134 3179 3176 ut
3228 3124 3405 3187 decet,
3453 3127 3761 3180 viventibus
3815 3140 3917 3180 re-

661 3238 1011 3294 cens-putum,
1055 3235 1107 3277 et
1137 3241 1258 3276 cum
1289 3225 1540 3276 irrisione
1582 3226 1891 3275 audientem
1930 3241 1943 3276 ε
1987 3223 2116 3274 Ecce
2144 3238 2234 3274 rea:

659 3320 991 3375 Judworum.
1035 3318 1220 3369 Denuo
1245 3331 1341 3369 Sua
1372 3318 1687 3368 vistiuienta
1724 3314 1997 3378 indutum,
2031 3315 2230 3366 eollum

665 3413 792 3464 fune
821 3411 1150 3467 devinetum,
1185 3419 1236 3458 et
1266 3409 1329 3458 ad
1359 3422 1542 3458 necent
1568 3408 1848 3458 cductnni.
1879 3405 2231 3458 Postmodum

663 3503 735 3556 ita
770 3518 882 3554 cru:
905 3518 934 3554 e
966 3517 1062 3552 sua
1111 3509 1419 3558 Ottct'alttttt,
1454 3507 1506 3550 et
1540 3499 1592 3550 iii
1631 3499 1806 3548 locum
1854 3496 2111 3550 Calvaria:
2141 3498 2234 3548 ad-

662 3588 912 3647 ductum,
949 3598 1001 3639 et
1034 3602 1152 3638 eain
1210 3586 1440 3654 depangi
1499 3585 1788 3643 ridentem.
1842 3595 1895 3637 et
1936 3587 2110 3638 solum
2165 3586 2234 3639 ab

665 3681 860 3732 amicis
894 3695 954 3731 ac
1014 3679 1298 3745 discipulis
1335 3678 1604 3729 relictum.
1645 3675 1843 3731 lterum
1893 3687 2136 3738 exutum,
2178 3679 2232 3730 in

663 3769 892 3824 sublime
922 3760 1269 3836 snspensinn,
1298 3768 1542 3819 inanibus
1575 3777 1627 3818 et
1659 3769 1887 3835 pedibus
1919 3785 2011 3836 per
2035 3772 2234 3825 milites

665 3860 835 3913 claris
867 3858 1104 3919 allixuin,
1138 3866 1190 3910 et
1223 3857 1455 3924 pendere
1518 3857 1870 3923 permissum,
1913 3857 2034 3910 felle
2083 3872 2236 3926 pota-

667 3961 803 4010 tutn,
835 3951 1018 4000 lancea
1055 3949 1420 4007 vulnct'alttltt,
1463 3961 1490 3996 a
1537 3948 1746 3998 latrone
1782 3949 1981 4014 probro
2022 3949 2236 4001 lacera-

667 4048 809 4098 tum,
861 4040 1284 4098 subsannatutii,
1324 4045 1378 4088 ct
1427 4037 1613 4088 audire
1659 4052 1903 4090 coaetum
1937 4056 1950 4091 :
1989 4038 2111 4096 Valt.
2149 4045 2238 4108 qui

664 4131 890 4183 destruit;
927 4130 1169 4192 templum
1225 4127 1338 4188 Dei,
1371 4137 1419 4178 et
1462 4129 1512 4178 in
1545 4129 1720 4178 triduo
1759 4131 2050 4195 reu'diﬁcus
2082 4131 2235 4198 illud,

667 4223 812 4275 salva
842 4222 1192 4287 temetipsum,
1225 4232 1270 4272 et
1295 4221 1542 4272 descende
1573 4220 1634 4272 de.
1667 4237 1815 4273 cruce
1842 4221 1880 4271 ⁸.
1907 4220 1968 4274 Et
2003 4238 2194 4275 rursus
2221 4241 2234 4276 :

670 4315 729 4367 Si
765 4313 939 4364 Filius
977 4313 1064 4362 Dei
1096 4323 1194 4371 est,
1219 4314 1492 4363 descendat
1520 4329 1654 4364 nunc
1685 4313 1748 4364 de
1777 4329 1946 4368 cruce.
1977 4326 2024 4366 et
2058 4315 2240 4366 crede-

671 4424 782 4458 mus
822 4407 873 4456 in
908 4422 1024 4456 eum
1051 4406 1090 4455 '.
1129 4404 1188 4455 lit
1226 4405 1318 4463 ita,
1355 4415 1636 4471 postquam
1677 4406 1787 4455 li.ec
1825 4407 2005 4456 omnia
2041 4421 2236 4473 passus

2340 3234 2594 3287 surgens,
2660 3229 2709 3270 et
2771 3225 3140 3270 continui-tuas
3205 3217 3309 3270 sibi
3360 3217 3632 3270 voluntate
3685 3232 3745 3269 ac
3800 3215 3914 3271 ηαδ

2337 3313 2551 3364 animus
2615 3324 2718 3362 una
2750 3309 2991 3361 excitans
3023 3324 3118 3375 per
3176 3309 3582 3361 sanctissimum
3642 3308 3913 3376 Spiritum

2340 3404 2587 3470 largitur,
2642 3417 2706 3454 ex
2742 3403 2842 3454 hoc
2891 3400 3002 3452 illis
3039 3415 3266 3467 regnum
3336 3401 3603 3452 cmloruui
3674 3399 3913 3454 doiiatts.

2338 3493 2702 3558 Quamobrem
2762 3508 2828 3544 ne
2871 3492 3000 3544 Iitilti
3043 3493 3154 3544 ltmc
3211 3491 3414 3544 dii-enti
3456 3490 3609 3544 fidem
3672 3491 3913 3560 denega-

2339 3594 2470 3647 tote,
2507 3587 2724 3638 fratres.
2768 3582 2881 3636 Hoc
2929 3593 3107 3636 autem
3168 3584 3383 3644 scitote,
3443 3582 3487 3635 si
3523 3583 3574 3633 iii
3621 3581 3765 3634 omni
3808 3597 3914 3650 ge-

2340 3691 2467 3729 nere
2497 3675 2709 3727 virtutis
2754 3691 2851 3727 nos
2910 3676 3332 3737 exercebimus;
3390 3675 3436 3727 si
3493 3676 3752 3727 miracula
3807 3689 3911 3743 pa-

2338 3771 2646 3832 trabimns;
2685 3768 2729 3822 si
2766 3785 2863 3821 nec
2893 3769 3190 3829 modicum,
3248 3783 3344 3820 nec
3373 3784 3626 3836 magnum
3664 3768 3910 3821 mandati

2341 3859 2837 3926 pra-termittenius,
2903 3856 3072 3910 solani
3130 3870 3260 3908 vero
3311 3859 3602 3908 humanatn
3681 3855 3912 3924 gloriam

2340 3948 2786 4017 appetiverimus,
2856 3963 3086 4015 eamque
3145 3949 3531 4016 quoquomodo
3601 3948 3652 4000 in
3708 3947 3912 4002 studiis

2340 4041 2546 4094 noStris
2618 4043 3068 4109 Spectaverimus,
3133 4051 3184 4094 et
3252 4039 3316 4092 ad
3404 4055 3522 4092 eam
3590 4040 3910 4109 capiendam

2343 4133 2803 4195 festinaveriuius,
2862 4133 2972 4200 jam
3033 4131 3274 4184 omnium
3319 4131 3548 4183 aliarum
3603 4131 3912 4185 mercedem

2341 4227 2672 4293 perdidiums
2709 4245 2720 4277 :
2757 4235 2811 4277 ct
2839 4224 3117 4275 hominum
3152 4222 3376 4289 gloriam
3409 4223 3778 4287 admittentes,
3806 4237 3914 4278 nec

2342 4318 2434 4369 Dei
2475 4317 2742 4384 potiorem
2771 4317 3102 4384 judicantes,
3168 4329 3264 4382 pro
3311 4313 3644 4378 intidelibus,
3678 4325 3731 4368 et
3789 4315 3912 4368 ido-

2341 4406 2549 4458 lolatris
2567 4408 3015 4467 condemnamur,
3051 4413 3316 4456 creaturte
3349 4407 3714 4472 tiiagis,quatn
3742 4403 3911 4456 Cica-

668 4507 750 4549 est
779 4535 791 4555 ,
863 4496 1066 4564 gratias
1127 4503 1369 4559 agi-nterii
1401 4532 1414 4554 ,
1474 4507 1568 4559 pro
1623 4493 2066 4545 interfectoribus
2126 4494 2238 4547 suis
2270 4498 2318 4555 Β
2347 4498 2448 4548 tori
2482 4497 2802 4560 servientes,
2830 4496 3032 4550 sict.tet
3059 4497 3170 4564 ipse
3191 4495 3514 4550 llottiintisid
3550 4499 3743 4550 talibus
3767 4499 3916 4566 obji-

671 4597 940 4648 orantem,
969 4594 1024 4637 et
1058 4587 1291 4635 animum
1329 4584 1378 4634 iu
1412 4598 1601 4634 manus
1635 4583 1811 4636 Patris
1842 4583 1925 4636 sui
1959 4597 2239 4635 commen-

672 4678 911 4732 dantem.
947 4675 1085 4729 Nunt
1121 4681 1230 4728 haec
1259 4678 1462 4735 omnia,
1496 4675 1690 4727 fratres
1727 4676 1854 4738 mei,
1880 4675 1942 4726 ad
1978 4675 2242 4726 imitatio-

673 4785 794 4822 nem
836 4772 992 4821 nobis
1034 4784 1141 4819 non
1196 4767 1510 4820 sutlieiunt?
1541 4767 1642 4819 Sed
1682 4766 1794 4819 haec
1848 4767 2054 4835 perpeti
2108 4781 2237 4819 eru-

673 4859 970 4911 bescimus.
1008 4857 1106 4907 Per
1135 4872 1254 4923 qua:
1284 4858 1445 4923 igitur
1473 4857 1573 4908 alia
1607 4873 1791 4924 opera,
1822 4866 1915 4910 aut
1947 4873 2055 4926 quo
2081 4866 2238 4926 pacto

674 4949 751 5002 illi
791 4947 1360 5016 coiigtorilicaliiniur?
1401 4949 1702 5010 Quicunque
1733 4949 1870 5000 enim
1901 4965 2000 5010 me,
2037 4949 2235 5015 inquit,

675 5051 722 5094 et
763 5055 1026 5092 sermones
1055 5053 1191 5088 meos
1239 5036 1525 5101 erubuerit,
1559 5037 1860 5090 erubescam
1888 5048 1935 5091 et
1965 5056 2056 5109 ego
2084 5040 2237 5092 illum

675 5146 850 5182 corum
882 5127 1042 5179 ναιιέ
1070 5144 1197 5187 meo,
1226 5129 1311 5190 qui
1343 5127 1392 5177 in
1426 5143 1497 5178 ca:
1521 5130 1560 5178 is
1585 5139 1659 5178 est
1699 5129 1738 5178 ³.
1772 5129 1954 5195 Itaque
2009 5139 2061 5182 et
2088 5131 2236 5184 Pauli

679 5237 777 5271 rox
807 5230 887 5272 est
917 5237 927 5269 :
965 5219 1025 5271 Si
1055 5220 1426 5283 computimur,
1455 5231 1496 5268 et
1523 5220 2035 5287 congloriﬁcabimur
2065 5222 2104 5276 ⁸,
2139 5222 2235 5276 Sin

673 5328 793 5380 qua!
843 5326 938 5376 pro
970 5310 1124 5361 nobis
1172 5325 1364 5376 passus
1406 5319 1487 5362 cst
1529 5310 1726 5361 imitari
1789 5319 1840 5363 ct
1896 5313 2022 5379 pati,
2067 5322 2121 5364 ut
2150 5315 2234 5366 ille

677 5417 873 5469 passus
909 5410 1012 5462 est,
1050 5417 1155 5466 prae
1201 5404 1402 5466 piidOre
1432 5401 1704 5462 uolumus,
1744 5418 1837 5454 nec
1883 5405 2062 5471 gloria:
2113 5404 2230 5471 ejus

682 5492 860 5543 socius
901 5493 1012 5543 fore
1045 5505 1142 5542 nos
1175 5492 1514 5542 manifestum
1547 5503 1624 5543 est
1677 5510 1688 5543 :
1723 5494 1973 5556 quoniam
2006 5499 2082 5547 sic
2125 5511 2230 5548 nun

741 5635 785 5663 ³⁸⁵
833 5630 988 5687 .Ionn.
1034 5648 1125 5686 νιι,
1164 5630 1252 5682 ‘20.
1361 5633 1401 5660 ⁹⁷
1456 5631 1639 5685 Matth.
1680 5649 1749 5690 ιι,
1789 5633 1871 5684 19.
1982 5633 2024 5661 ⁸⁸

679 5703 697 5730 ⁸
727 5701 857 5822 ΠΗ.
893 5703 979 5754 Η.
1093 5701 1111 5730 ⁸
1144 5697 1273 5753 Luc.
1309 5716 1381 5765 ix,
1416 5701 1506 5753 2‘5.
1611 5704 1627 5729 δ
1669 5700 1818 5754 liotii.
1854 5717 1965 5766 LIII,
2001 5702 2080 5754 l7.

677 5784 730 5822 ν.
841 5812 850 5821 .

713 5809 730 5836 ,
766 5809 850 5822 π.

2085 5633 2237 5685 Joan.

2300 5651 2406 5695 six,
2466 5637 2518 5688 6.

2157 5706 2175 5734 ⁵
2209 5701 2321 5757 Jac.
2368 5719 2426 5769 tt,
2459 5705 2547 5759 20.

2342 4589 2418 4639 cit
2453 4605 2464 4638 :
2507 4586 2776 4650 Quomodo
2802 4589 3016 4653 potestis
3060 4604 3146 4640 vos
3185 4586 3409 4644 credere.
3462 4591 3551 4656 qui
3593 4589 3911 4656 gloriamab

2340 4676 2555 4728 invicem
2590 4676 2840 4742 accipitis,
2886 4686 2933 4728 et
2989 4677 3213 4744 gloriam
3255 4693 3370 4745 quae
3405 4695 3436 4730 a
3473 4679 3586 4730 solo
3652 4679 3755 4732 Deo
3804 4690 3909 4737 est.

2342 4782 2443 4819 non
2474 4765 2710 4834 queritis
2746 4767 2765 4793 "
2795 4766 2816 4816 ?
2859 4765 2996 4830 Quin
3039 4767 3225 4829 etiam,
3259 4769 3346 4835 qui
3399 4767 3762 4836 obtingentetn
3797 4769 3911 4821 siti

2340 4868 2607 4912 terrenam
2641 4859 2865 4928 gloriam
2907 4875 3030 4912 cum
3079 4860 3299 4930 gaudio,
3352 4871 3404 4915 et
3450 4862 3722 4930 voluptate
3755 4876 3913 4915 coni-

2339 4951 2615 5020 plectiiur,
2656 4967 2826 5019 eaque
2870 4966 2928 5005 se
2952 4942 3139 5018 iactat,
3172 4961 3225 5006 et
3274 4951 3325 5005 in
3387 4955 3632 5009 medullis
3671 4955 3918 5008 delecta-

2341 5049 2448 5104 tur,
2477 5051 2534 5094 ut
2570 5041 2869 5095 fornicator
2906 5042 3274 5096 damnabitur.
3341 5043 3434 5099 Est
3473 5047 3672 5114 quippe
3707 5043 3908 5099 similis

2341 5131 2566 5192 homini,
2611 5133 2702 5200 qui
2753 5133 3122 5201 virginitatem
3178 5135 3359 5188 colere
3418 5137 3725 5199 constituit,
3778 5126 3910 5187 inui-

2338 5227 2642 5293 liernmqiie
2672 5227 3076 5281 consuetudine
3128 5236 3182 5281 et
3230 5244 3527 5296 congressu
3585 5229 3686 5281 sibi
3736 5227 3878 5278 inter

2337 5314 2494 5379 dixit,
2535 5328 2585 5369 ct
2639 5332 2813 5383 neque
2848 5318 2911 5369 ad
2968 5332 3059 5370 eas
3122 5321 3366 5382 ventilat,
3429 5334 3603 5386 neque
3656 5331 3775 5368 cum
3833 5313 3909 5368 iis

2339 5407 2519 5458 vivere
2549 5407 2718 5474 ettpit.
2760 5408 2890 5460 Cum
2934 5419 3114 5461 autem
3165 5410 3361 5462 femina
3390 5409 3652 5478 quaepiam
3682 5408 3904 5458 adeunt

2341 5503 2671 5562 accesserit,
2708 5517 2828 5554 mox
2874 5503 3026 5556 hctus
3062 5519 3121 5556 ac
3181 5507 3351 5558 libens
3408 5518 3522 5557 eam
3582 5500 3788 5566 recipit,
3845 5509 3912 5553 et

2632 5639 2676 5668 ’³
2707 5637 2891 5690 Matth.
2930 5655 3073 5704 “ri,
3112 5642 3198 5695 68.
3323 5638 3548 5691 'Matth.
3586 5653 3751 5690 urit.
3807 5637 3903 5693 ω.

2625 5707 2643 5736 ⁸
2675 5707 2778 5762 lsa.
2818 5723 2960 5771 χχι-ι,
3005 5711 3087 5763 10.
3169 5711 3184 5737 ⁷
3220 5708 3384 5763 lCor.
3416 5725 3498 5770 \r,
3528 5707 3613 5760 5'2.
3692 5708 3710 5736 ‘
3745 5706 3910 5762 lo.iii.
