4164 6342
195 375 297 444 3Ε1

1619 365 1912 436 ORATIO
1948 367 2026 438 X.

3344 387 3451 452 3‘32

193 515 282 552 res
314 503 441 550 sunt
482 500 874 556 communiter,
917 491 1294 562 unusquisque
1345 503 1523 548 autem
1574 493 1772 546 horum
1805 495 1850 551 A
1879 505 2232 562 cognoscere.
2269 490 2475 549 Deinde
2521 510 2639 550 eum
2690 492 2953 552 Joannem
3011 494 3310 570 Baptistam
3363 505 3448 558 di-

193 586 455 656 quiddam
515 583 794 652 peculiare
853 581 1038 637 habet.
1097 581 1289 644 Exlex,
1339 584 1431 650 qui
1480 591 1564 638 est
1621 592 1775 636 extra

193 677 386 748 leges;
447 676 680 730 violator
733 673 891 745 legis,
959 675 1052 744 qui
1110 685 1306 745 praeter
1360 677 1527 747 leges,
1578 674 1779 743 quibus

192 768 514 836 subjicitur,
535 766 701 832 facit;
729 768 1110 836 peccator,qui
1152 768 1509 822 frustratione
1542 771 1778 836 quadam

193 874 307 914 non
339 859 477 914 bene
541 858 695 927 agit;
748 858 971 928 impius,
1049 860 1142 927 qui
1219 859 1272 914 in
1337 860 1503 913 Deum
1570 867 1780 927 peccat,

197 961 390 1020 urpote
445 952 537 1021 qui
572 960 669 1005 aut
717 953 930 1006 nullum‘
981 951 1172 1014 Deum,
1229 960 1324 1006 aut
1358 953 1562 1005 multos
1624 953 1776 1006 colit.

191 1041 442 1098 Vocatur
483 1059 651 1113 porro
700 1045 925 1100 nomine
951 1045 1100 1117 impii
1144 1047 1197 1100 in
1243 1033 1444 1100 'sancta
1494 1043 1778 1113 Scriptura

191 1134 360 1186 etiam
416 1145 694 1203 peccator,
730 1145 783 1190 et
803 1137 1038 1202 adulter,
1087 1147 1140 1192 et
1180 1151 1402 1200 avarus,
1450 1141 1504 1190 et
1536 1135 1780 1204 pecuniae

188 1224 449 1292 cupidus,
507 1232 560 1279 et
596 1227 776 1281 inanis
825 1228 1013 1296 gloriae
1063 1237 1328 1298 captator,
1352 1235 1406 1281 et
1444 1227 1538 1295 qui
1584 1225 1782 1295 hujus-

183 1317 407 1371 cemodi
435 1318 585 1374 vitiis
615 1334 672 1374 se
703 1319 1051 1376 dediderunt.
1075 1321 1317 1386 Quicum
1353 1321 1554 1384 sciant,
1586 1319 1778 1384 Deum,

186 1406 283 1474 qui
330 1406 487 1460 finxit
521 1409 762 1472 oculum,
790 1410 974 1463 omnia
1028 1408 1381 1478 perspicere,
1409 1408 1584 1460 vitam
1619 1408 1777 1461 insti-

185 1505 385 1564 tuunt,
443 1514 509 1554 ac
539 1500 586 1554 si
642 1499 787 1555 Deus
819 1516 925 1555 non
974 1500 1180 1556 videat.
1213 1500 1350 1554 Nam
1387 1502 1432 1554 si
1465 1499 1656 1566 Deum,
1683 1499 1776 1569 qui

191 1589 402 1657 ubique
428 1604 675 1658 praesens
701 1597 805 1656 est,
834 1601 889 1645 et
924 1591 1172 1645 intuetur
1199 1591 1404 1656 omnia,
1448 1607 1779 1647 venerat-cn-

187 1690 247 1733 tu
261 1696 305 1743 r,
336 1682 483 1735 haud
517 1697 639 1736 eum
686 1684 843 1752 quasi
873 1699 978 1738 non
1003 1685 1303 1740 intuentem
1334 1694 1775 1742 contemnerent.

180 1772 296 1840 Qui
328 1775 475 1829 enim
531 1776 702 1845 magis
738 1776 1016 1831 hominum
1079 1778 1307 1848 gloriam
1339 1778 1776 1850 diligunt,qnam

189 1868 313 1931 Dei,
345 1877 401 1921 et
431 1867 525 1937 qui
560 1869 612 1922 in
642 1868 794 1922 omni
819 1885 1019 1939 genere
1047 1870 1416 1940 improbitatis
1437 1873 1773 1940 volutantur,

183 1960 626 2030 existimantque
685 1975 748 2014 ea
808 1961 998 2017 fallere
1047 1965 1271 2019 oculum
1324 1981 1605 2034 nunquam
1646 1965 1776 2020 dor-

183 2052 504 2116 mitantem,
543 2053 637 2122 qui
702 2053 920 2108 tandem
957 2055 1046 2109 isti
1096 2054 1264 2109 Deum
1292 2055 1502 2119 colunt,
1535 2072 1696 2125 quem
1727 2068 1780 2112 et

183 2144 434 2198 inanima
511 2156 772 2200 creatura
835 2148 1070 2201 tremit?
1117 2146 1302 2217 lnquit
1377 2164 1508 2217 ergo
1558 2147 1776 2202 David:

189 2233 255 2287 Ρε
273 2235 390 2290 rdes
420 2249 598 2292 omnes
621 2239 712 2308 qui
747 2239 1034 2304 loquuntur
1053 2239 1386 2294 mendacium
1418 2240 1483 2294 ”.
1519 2240 1582 2294 Et
1614 2241 1778 2310 paulo

183 2337 365 2397 post:
403 2329 703 2384 Secundum
773 2331 1168 2386 multitudinem
1218 2333 1547 2400 impietatum
1598 2350 1778 2387 eorum

178 2421 388 2488 expelle
417 2439 506 2475 eos
541 2425 609 2486 ι’.
651 2422 961 2492 impietate:
1006 2431 1227 2492 peccata
1279 2439 1506 2488 vocans,
1540 2440 1661 2492 quae
1681 2439 1778 2478 eos

183 2515 336 2567 circa
367 2515 627 2567 mandata
655 2513 771 2580 Dei,
803 2530 910 2567 non
944 2515 1090 2568 circa
1154 2513 1316 2569 fidem
1370 2515 1473 2568 labi
1509 2516 1774 2569 fecerunt.

179 2603 333 2658 ltlem
399 2621 594 2660 rursus
651 2607 720 2659 de
789 2606 1064 2659 adulterio
1125 2619 1250 2660 cum
1335 2605 1663 2670 Bcthsahea,
1725 2615 1778 2659 ct

182 2697 336 2751 caede
373 2694 517 2750 Uria:
543 2706 850 2766 perpetrata
901 2698 1016 2751 ait:
1047 2697 1196 2760 Dixi,
1252 2698 1542 2766 conﬁtebor
1592 2699 1779 2750 adver-

181 2805 302 2842 sum
338 2806 418 2841 me
450 2791 770 2857 iujttstifiam
802 2806 972 2843 meam
1018 2791 1265 2852 Omnino,
1312 2799 1359 2843 et
1425 2801 1479 2842 tu
1523 2790 1779 2844 remisisti

182 2881 511 2948 impietatem
544 2880 719 2932 cordis
768 2882 867 2933 mei
895 2882 960 2934 ⁸ο.

189 2973 525 3038 iniustitiam
568 2971 734 3040 impie
782 2972 895 3040 egit
939 2981 1032 3024 :et
1081 2970 1435 3024 Christianus
1497 2973 1631 3024 citra
1664 2986 1780 3025 me-

183 3074 302 3116 tum
368 3077 647 3131 peccans,
737 3070 792 3116 et
878 3062 1241 3131 opprobrium
1313 3062 1522 3116 Christi
1578 3063 1778 3126 factus,

1021 2879 1099 2933 En
1159 2895 1258 2933 cor
1293 2879 1512 2935 Davidis
1557 2893 1781 2951 propter

1883 591 2095 640 centem
2125 585 2281 640 audis
2319 605 2334 641 ε
2372 585 2505 640 Ecce
2537 606 2698 658 agnus
2732 589 2870 656 Dei,
2916 593 3007 661 qui
3053 592 3192 648 tollit
3228 611 3447 662 peccata

1882 679 2064 731 mundi
2097 679 2163 710 ’-‘
2189 717 2206 745 ,
2245 679 2312 734 de
2347 695 2454 749 quo
2507 690 2630 738 ante
2673 685 2842 739 multa
2897 687 3096 741 saecula
3142 690 3448 745 vaticinans

1883 772 2054 827 Isaias
2088 774 2156 837 ",
2187 759 2343 827 ovem
2371 782 2422 827 et
2455 787 2654 842 agnum
2687 777 2780 845 qui
2817 777 3115 834 duceretur
3162 781 3231 836 ad
3281 780 3448 837 vieti-

1887 876 2054 925 mam,
2083 863 2398 932 appellavit,
2425 864 2575 920 disce
2607 877 2824 936 prepter
2849 880 3278 939 peceatum‘esse
3303 891 3450 928 mor-

1885 962 2071 1019 tuum;
2118 964 2176 1008 ut
2201 954 2289 1031 qui
2325 955 2472 1010 hunc
2509 967 2682 1014 morte
2711 961 2999 1029 affectum,
3039 979 3092 1021 ct
3145 969 3232 1022 die
3287 971 3450 1024 tertio

1884 1048 2194 1100 redivivum
2232 1049 2600 1118 recepissent,
2632 1067 2725 1119 per
2769 1070 2886 1109 eam
2947 1061 3178 1127 amplius
3220 1077 3447 1130 peccare

1886 1154 1993 1193 non
2032 1150 2258 1207 possent
2285 1155 2299 1206 ;
2342 1156 2462 1194 nam
2499 1152 2787 1210 peccantes
2811 1163 2931 1200 cum
2962 1167 3070 1204 non
3103 1168 3444 1222 receperunt,

1883 1230 2134 1299 quamvis
2169 1232 2243 1284 ita
2287 1231 2390 1286 sibi
2418 1233 2804 1302 persuadeant.
2862 1237 3068 1295 Etenim
3115 1243 3160 1297 si
3188 1229 3449 1316 recepis-

1884 1333 2027 1386 sent,
2057 1322 2299 1378 dedisset
2323 1325 2403 1379 eis
2441 1334 2769 1395 potestatem
2799 1327 2938 1383 liiios
2998 1333 3085 1387 Dei
3139 1338 3250 1391 fieri
3279 1378 3294 1403 ,
3354 1341 3448 1408 qui

1884 1429 2114 1486 peccare
2164 1427 2443 1486 nequeunt
2486 1436 2498 1472 :
2533 1417 2752 1488 quando
2805 1422 3069 1490 Scriptum
3099 1437 3176 1482 est
3213 1446 3226 1482 :
3268 1434 3450 1485 omnis

1882 1508 1973 1577 qui
1999 1517 2202 1576 peccat,
2235 1525 2339 1561 non
2380 1509 2531 1575 vidit,
2569 1528 2660 1565 nec
2691 1517 2931 1583 cognovit
2956 1531 3074 1569 eum
3102 1518 3167 1572 ”.
3203 1521 3262 1573 Et
3287 1540 3306 1593 _:
3347 1524 3451 1588 Qui

1882 1600 2017 1669 facit
2044 1601 2398 1670 iniquitatem,
2430 1619 2496 1656 ea:
2536 1603 2749 1658 diabolo
2785 1615 2859 1660 est
2889 1607 2953 1664 ".
2985 1610 3087 1664 Et:
3113 1609 3177 1663 In
3218 1614 3310 1666 hoc
3344 1633 3456 1668 ma-

1884 1690 2066 1758 nifesti
2095 1700 2218 1745 sunt
2240 1691 2343 1758 ﬁlii
2382 1692 2496 1754 Dei,
2523 1704 2570 1747 et
2603 1695 2706 1762 ﬁlii
2753 1697 2955 1750 diaboli
2981 1700 3049 1754 ’⁸.
3109 1701 3213 1756 Et:
3271 1703 3453 1757 Omnis

1882 1784 1972 1852 qui
2000 1800 2104 1838 non
2140 1785 2266 1856 facit
2290 1785 2581 1853 justitiam,
2611 1806 2713 1843 non
2737 1801 2814 1844 est
2839 1808 2904 1844 ex
2946 1794 3051 1846 Deo
3075 1794 3141 1850 ’⁸.
3194 1795 3348 1861 Quod
3408 1799 3455 1852 si

1883 1874 1949 1938 is,
1993 1879 2090 1945 qui
2125 1892 2233 1931 non
2265 1877 2396 1932 facit
2422 1878 2694 1948 justitiam
2730 1925 2744 1949 ,
2781 1898 2888 1938 non
2917 1894 3001 1939 est
3034 1902 3096 1941 ex
3142 1890 3252 1945 Deo
3284 1933 3298 1955 ,
3361 1898 3453 1961 qui

1883 1967 2012 2022 facit
2058 1969 2418 2037 iniustitiam,
2449 1973 2717 2026 undenam
2769 1978 2894 2030 est?
2939 1977 3003 2032 lu
3046 1982 3180 2048 hoc,
3233 1985 3454 2054 inquit,

1857 2061 2254 2129 unanifestatus
2283 2071 2360 2114 est
2391 2059 2565 2115 Filius
2592 2063 2685 2117 Dei
2706 2105 2719 2126 ,
2751 2077 2805 2119 ut
2828 2067 3078 2124 dissolvat
3122 2091 3275 2141 opera
3336 2080 3460 2131 dia;

1884 2148 1994 2203 boli
2025 2152 2113 2217 ³³⁸,
2156 2153 2359 2222 quibus
2389 2168 2496 2207 non
2530 2155 2814 2212 dissolutis
2844 2200 2857 2222 ,
2894 2163 3038 2215 nulla
3073 2174 3153 2218 est
3181 2171 3456 2236 speranda

1883 2242 2113 2298 utilitas.
2179 2242 2332 2298 Multi
2403 2247 2591 2314 itaque
2635 2247 2701 2302 de
2756 2264 2953 2317 genere
3015 2255 3465 2314 Christianorum.

1882 2331 2148 2398 prodesse
2181 2333 2288 2399 sibi
2330 2335 2708 2404 arbitrantur,
2757 2340 3100 2398 Christianos
3151 2348 3304 2414 dici;
3357 2366 3455 2405 ne-

1883 2423 2124 2479 scientes
2158 2425 2210 2478 id
2242 2434 2533 2494 paternum
2574 2443 2636 2481 ac
2666 2438 2971 2486 maternum
3015 2452 3170 2499 esse,
3224 2447 3277 2493 rt
3329 2459 3452 2496 rum

1883 2517 2056 2583 patria
2113 2531 2175 2570 ac
2211 2517 2432 2585 regione
2464 2518 2709 2588 ipsorum
2757 2530 2863 2574 tota
2896 2538 3185 2582 commune
3215 2547 3226 2581 :
3279 2533 3372 2599 qui
3406 2535 3452 2586 si
3513 2548 3517 2552 ‘

1882 2607 2044 2659 vitam
2078 2623 2141 2660 ex
2180 2606 2396 2688 Christi
2418 2610 2635 2678 legibus
2671 2611 3031 2679 instituerint,
3059 2627 3169 2670 tum
3200 2621 3362 2675 simul
3398 2635 3454 2677 (at

1880 2691 2182 2752 Christiani
2217 2699 2670 2765 nominabuntur,
2705 2711 2758 2756 et
2791 2703 2844 2756 in
2892 2704 3172 2762 Christum
3228 2714 3453 2771 credere

1882 2789 2171 2853 dicentur;
2206 2789 2408 2859 alioqui
2442 2793 2740 2858 prmstabat
2790 2811 2892 2850 nec
2923 2799 3152 2852 credere
3201 2802 3254 2855 in
3293 2804 3449 2858 Chri-

1885 2890 2052 2942 stum,
2087 2880 2336 2947 quinimo
2367 2895 2467 2934 nec
2495 2891 2650 2937 natos
2673 2882 2866 2938 fuisse.
2887 2884 3005 2940 Non
3033 2889 3177 2943 enim
3203 2903 3452 2960 poterant

1886 2973 1938 3026 in
1973 2972 2254 3026 Christum
2289 2987 2397 3026 non
2453 2974 2677 3029 credere
2713 2993 2726 3029 :
2761 2980 3002 3034 atrocius
3048 2991 3228 3037 autem
3288 3004 3452 3055 quam

1885 3063 2135 3119 infideles
2163 3065 2486 3134 punientur.
2519 3067 2617 3122 Ast
2676 3069 3013 3140 alienigente,
3046 3076 3139 3145 qui
3177 3085 3235 3130 ut
3291 3080 3455 3134 Chri-

180 3156 393 3224 impius
433 3165 540 3208 est.
606 3157 782 3224 Atque
832 3155 981 3208 istud
1040 3155 1260 3224 quidam
1331 3169 1360 3206 a
1409 3155 1518 3208 Deo
1565 3154 1778 3208 afﬂatus
1809 3175 1851 3230 ρ
1887 3155 2051 3210 stiani
2085 3158 2637 3226 cognominarcntur,
2674 3175 2701 3213 a
2735 3163 3037 3232 majoribus
3090 3182 3197 3222 non
3229 3186 3454 3240 accepe-

179 3257 346 3316 pater
381 3247 662 3315 explanat,
713 3247 840 3300 dum
878 3247 1027 3300 illum
1087 3248 1166 3300 sic
1211 3247 1534 3316 alloquitur.
1575 3246 1776 3316 Impie-

181 3348 360 3391 tatem
419 3322 824 3394 commisimus.
882 3337 1142 3404 quoniam
1228 3335 1583 3404 opprobrium
1643 3338 1771 3392 farti

178 3446 383 3484 sumus
437 3430 638 3482 dilecto
671 3438 791 3481 tuo.
837 3427 900 3479 Et
937 3426 1076 3479 alius
1121 3427 1304 3479 divina
1342 3429 1608 3496 sapientia
1637 3445 1774 3496 prac-

179 3523 358 3584 ditus,
398 3522 528 3590 quid
566 3520 818 3589 prodest‘
859 3517 959 3572 fide
1005 3518 1125 3586 pios
1176 3533 1319 3585 esse,
1352 3521 1461 3572 vita
1524 3521 1774 3589 impios?

177 3616 466 3670 Ponamus
499 3615 644 3668 enim
698 3613 1013 3682 quempiam
1074 3627 1321 3676 avarum,
1403 3614 1766 3681 proditorem,

179 3718 511 3777 protervum
562 3722 708 3769 esse,
762 3714 817 3759 et
875 3705 1238 3760 nihilominus
1297 3715 1443 3760 recte
1497 3706 1764 3760 credere:

175 3802 318 3869 quid
362 3799 450 3852 hic
513 3799 692 3867 capiet
724 3796 1105 3861 emolumenti,
1151 3797 1196 3850 si
1239 3796 1372 3850 nihil
1404 3813 1615 3862 eorum,
1647 3814 1768 3868 qua:

175 3891 566 3948 Christianum
607 3888 824 3950 decent,
877 3886 1169 3940 habuerit?
1221 3887 1266 3940 si
1325 3886 1459 3939 nihil
1504 3887 1766 3956 cgeritex

178 3980 274 4041 iis,
330 3991 450 4045 quae
482 3976 740 4044 pietatem
784 3977 1072 4044 produnt;
1135 3975 1231 4030 scd
1291 3976 1543 4032 ethnicos
1597 3977 1760 4030 etiam

178 4071 338 4122 vitiis
399 4067 789 4136 superaverit?
845 4066 888 4120 si
966 4064 1329 4120 familiaribus
1384 4068 1681 4121 nocuerit?
1718 4068 1763 4122 si

180 4158 361 4210 Deum
440 4154 952 4224 blasphemaverit‘!
999 4153 1045 4207 si
1119 4153 1429 4208 veneranda
1485 4155 1762 4228 religionis

178 4251 443 4320 dogmata
481 4265 577 4318 per
620 4263 783 4317 opera
814 4245 1274 4301 dedecoraverit?
1330 4245 1463 4300 Nam
1492 4247 1610 4301 ideo
1649 4265 1764 4301 ma—

175 4342 466 4410 ufestatus
494 4349 571 4393 est
614 4337 786 4392 Filius
832 4339 945 4401 Dei,
1015 4338 1318 4393 secundum
1373 4340 1763 4408 evangelistam

174 4436 448 4490 JOannem
485 4432 847 4502 Thcologum,
884 4433 932 4485 vi
959 4431 1260 4486 dissolveret
1289 4447 1444 4502 opera
1475 4431 1673 4485 diaboli
1696 4433 1761 4486 ἰ.

1884 3251 2035 3305 runt,
2069 3244 2113 3296 si
2149 3244 2203 3299 in
2231 3243 2512 3314 Christum
2550 3246 2902 3313 crediderint,
2933 3267 3130 3321 magna
3158 3256 3284 3310 inde
3304 3273 3454 3314 com-

1883 3333 2040 3387 moda
2077 3333 2180 3388 sibi
2210 3335 2482 3402 parabunt
2511 3355 2521 3389 :
2551 3351 2672 3390 eum
2699 3337 2786 3390 ille
2809 3339 2874 3394 de
2891 3355 3086 3410 genere
3113 3343 3446 3412 Christiano,

1879 3442 1976 3495 per
2009 3427 2142 3495 legis
2173 3426 2374 3483 Christi
2413 3431 2913 3497 prazvaricationem
2951 3432 3228 3490 Christum
3283 3440 3449 3495 inho-

1877 3521 2091 3583 norem,
2133 3527 2182 3573 et
2212 3522 2412 3573 avitam
2447 3536 2509 3576 ac
2535 3537 2716 3576 veram
2745 3525 2998 3593 pietatem
3019 3533 3442 3588 commaculent.

2476 3633 2733 3690 ORATlO
2763 3635 2831 3691 Χ.

2465 3762 2859 3805 Αηοωιεδτωι.

1874 3830 1997 3885 Non
2033 3833 2219 3896 Deum,
2256 3837 2347 3888 sed
2378 3838 2648 3906 (trementis
2680 3843 2856 3904 potius
2887 3846 3134 3900 humanm
3174 3853 3439 3906 servitutis

1943 3913 2182 3983 auctores
2205 3921 2337 3984 esse.
2375 3904 2590 3984 Deira.
2614 3911 3007 3984 et_cupi_dilate,
3043 3917 3093 3966 in
3125 3921 3312 3984 quibus
3338 3904 3439 3974 non

1941 3981 2013 4024 est
2059 3975 2214 4024 ratio.
2257 3977 2321 4026 Et
2359 3975 2496 4027 unde
2626 3977 2706 4029 his
2734 3980 2940 4033 animus
2969 3975 3248 4051 a/ﬁcia'tur.
3283 3989 3434 4042 Sicut

1940 4055 2178 4123 (rapacius
2211 4059 2490 4123 corporeus
2521 4046 2689 4099 illatso
2722 4051 2978 4123 sentiendi
3002 4046 3222 4123 "organo
3246 4098 3257 4119 ,
3311 4061 3435 4111 item

1942 4123 2105 4192 motu,
2139 4114 2532 4192 intervallopro
2558 4125 2676 4192 rata
2702 4121 2960 4184 portione,
3006 4114 3124 4176 aerve
3155 4114 3308 4192 puro,
3346 4147 3437 4182 se-

1942 4183 2006 4235 lis
2031 4185 2142 4235 luce
2161 4185 2358 4253 indiget
2383 4201 2400 4236 :
2423 4186 2498 4237 ita
2521 4189 2678 4238 etiam
2705 4183 2973 4255 aspectum
3003 4183 3261 4249 animi/tis
3282 4183 3436 4253 modo

1941 4258 2192 4320 quodam,
2220 4257 2309 4321 qui
2333 4255 2682 4325 intelligentia
2705 4259 3012 4326 percipitur,
3034 4279 3199 4330 egere.

1941 4345 1999 4398 In
2038 4342 2290 4413 praeSenti
2331 4347 2567 4413 saaculo,
2611 4347 2664 4402 id
2711 4355 2796 4404 est
2825 4388 2839 4413 ,
2874 4350 2927 4403 in
2960 4351 3061 4407 hac
3099 4355 3205 4407 vita
3239 4401 3252 4424 ,
3287 4372 3437 4427 pater

1872 4442 1976 4499 est,
2014 4442 2068 4489 et
2097 4433 2239 4490 ﬁlius
2270 4452 2286 4490 :
2318 4450 2509 4490 servus
2533 4476 2548 4502 ,
2579 4445 2633 4492 et
2683 4441 3058 4497 mercenarius
3113 4460 3435 4514 procreatus

177 4529 285 4594 Qui
323 4542 456 4596 ergo
509 4525 924 4579 manifestatum
992 4523 1088 4578 Dei
1140 4521 1338 4577 Filium
1397 4524 1658 4591 suscepit,
1715 4522 1760 4577 si
1794 4525 1840 4578 D
1871 4542 1978 4581 non
2010 4533 2126 4592 est;
2171 4541 2349 4594 neque
2375 4527 2521 4583 enim
2557 4529 2770 4598 primus
2803 4546 3002 4601 parens
3033 4575 3047 4598 ,
3093 4551 3267 4605 neque
3319 4544 3432 4610 pri-

177 4622 368 4674 adhuc
402 4619 620 4672 vinetus
660 4616 925 4687 operibus
985 4616 1184 4670 diaboli
1233 4623 1470 4678 tenetur,
1514 4631 1635 4685 qua:
1672 4615 1760 4668 hic

176 4711 278 4765 Dei
308 4710 481 4766 Filius
550 4708 932 4763 manifestatur.
990 4706 1265 4771 dissolvit,
1330 4704 1571 4760 deterior
1625 4706 1760 4776 ipsis

177 4803 525 4864 infidelibus,
573 4810 628 4856 et
657 4801 831 4854 alhcis
863 4800 1034 4869 magis
1069 4799 1264 4865 impius
1293 4807 1399 4851 cst.

250 4893 436 4959 Quare
464 4909 588 4947 cum
632 4894 810 4956 audis,
853 4890 1017 4944 Deum
1051 4905 1173 4945 esse
1210 4891 1490 4944 hominem
1525 4889 1756 4956 laetum,

173 4990 266 5056 qui
312 4988 445 5040 fecit
495 4987 696 5041 cwlum
763 4994 814 5040 ct
857 4993 1057 5039 terram
1100 4994 1155 5038 et
1221 4998 1401 5045 mare,
1439 4997 1665 5053 quaeque
1698 4983 1753 5036 in

174 5080 359 5133 medio
392 5087 520 5132 sunt
554 5077 765 5140 omnia,
803 5089 854 5133 et
889 5093 1011 5148 quae
1032 5077 1209 5132 oculis
1246 5073 1488 5144 subjecta
1520 5085 1669 5139 sunt,
1696 5082 1752 5129 et

171 5184 300 5235 quae
335 5183 444 5222 non
485 5177 640 5233 sunt,
667 5176 721 5222 et
755 5169 933 5236 ipsum
966 5167 1196 5235 denique
1227 5166 1523 5228 hominem,
1555 5179 1662 5218 non
1681 5164 1750 5218 ob

171 5262 342 5312 aliam
372 5273 598 5312 causam
661 5258 864 5313 factum
899 5259 1176 5313 hominem
1231 5256 1472 5324 intelligo
1497 5297 1511 5319 ,
1549 5256 1652 5309 nisi
1696 5267 1752 5310 ut

173 5350 324 5403 Deus
355 5363 452 5417 per
487 5348 783 5402 humanam
817 5359 1070 5403 naturam
1095 5349 1232 5402 mori
1255 5359 1459 5418 posset.
1490 5347 1616 5401 Plus
1637 5347 1747 5401 noli

169 5456 426 5512 quarere
451 5458 465 5492 :
492 5437 589 5496 sed
616 5443 992 5497 tantummodo
1015 5457 1240 5497 causam
1267 5451 1320 5496 et
1368 5440 1746 5495 necessitatem

169 5534 541 5604 suscipienda:
590 5533 753 5603 hujus
796 5535 1152 5591 demissionis
1197 5543 1251 5590 et
1301 5533 1574 5603 patientia:
1622 5543 1749 5605 opta

242 5743 290 5775 "
326 5742 471 5798 Psal.
518 5758 570 5803 v,
607 5741 660 5796 7.
775 5739 814 5771 "
863 5738 1001 5792 Ibid.
1065 5741 1154 5793 11.

162 5828 329 5888 seqq.
405 5815 452 5843 ’³
483 5811 499 5864 1
531 5810 692 5865 Joau.
719 5824 800 5874 Ill,
824 5809 875 5872 6,
950 5813 995 5839 ⁸⁸
1025 5809 1159 5864 laid.
1180 5810 1238 5864 3.

386 5905 656 5964 ΡΑτειοι..
703 5903 823 5964 Gtt.
869 5903 1052 5963 CXX.

1349 5816 1392 5844 "
1424 5814 1558 5868 ibid.
1595 5815 1679 5869 10.

1266 5744 1312 5774 ³ο
1371 5744 1520 5798 Psal.
1555 5759 1704 5809 xm,
1733 5743 1785 5797 5.
1895 5744 1935 5776 ²¹

1349 5816 1392 5844 ’⁵
1424 5814 1558 5868 lbzd.
1595 5815 1679 5868 10.
1759 5813 1802 5844 ⁸⁸
1838 5813 1954 5868 Ibid

1864 4633 1990 4672 mus
2032 4617 2150 4685 cius
2182 4616 2328 4672 filius
2355 4620 2518 4684 servi,
2555 4630 2647 4675 aut
2673 4624 2998 4677 mercenarii
3048 4625 3291 4683 fuerunt.
3330 4633 3430 4686 Cui

1866 4708 2013 4762 enim
2050 4723 2149 4777 pro
2180 4709 2356 4763 servis
2418 4725 2479 4763 ac
2535 4713 2884 4768 mercenariis
2929 4714 3090 4769 subdi
3138 4725 3432 4786 poterant?

1865 4799 2115 4855 Servitus
2171 4808 2224 4854 et
2296 4815 2462 4870 opera
2513 4805 2852 4858 mercenaria
2901 4809 3207 4874 posteriora
3261 4825 3430 4869 sunt:

1864 4889 2100 4944 servitus
2129 4890 2349 4958 quidem
2384 4907 2450 4945 ex
2479 4905 2694 4958 eorum,
2727 4894 2821 4963 qui
2854 4907 3037 4951 essent
3074 4914 3274 4968 genere
3299 4918 3432 4958 con-

1867 4992 2051 5035 sortes
2080 4981 2431 5051 improbitate
2463 4994 2652 5038 mutua
2681 5003 2692 5038 :
2729 5001 2894 5057 Opera
2923 5005 3052 5044 vero
3101 5001 3429 5062 quaestuaria

1853 5087 1915 5127 ex
1952 5072 2276 5143 indigentia,
2308 5068 2532 5145 propter
2553 5092 2648 5134 eos
2680 5079 2772 5148 qui
2801 5096 2922 5134 cum
2943 5093 3125 5137 essent
3150 5085 3216 5139 de
3236 5088 3425 5142 eodem

1855 5182 2054 5234 genere
2075 5183 2193 5222 cum
2225 5169 2370 5233 aliis,
2403 5170 2526 5239 plus
2563 5169 2765 5226 habere
2797 5172 2955 5228 avide
2982 5175 3294 5244 cupiebant.
3318 5177 3419 5242 En,

1849 5268 1903 5315 et
1938 5277 2135 5317 servus
2158 5303 2174 5327 ,
2215 5269 2268 5316 et
2297 5263 2672 5318 mercenarius
2697 5280 2761 5321 ex
2791 5267 3089 5322 subsecuto
3131 5269 3409 5322 hominum

1854 5355 1986 5408 vitio
2011 5355 2339 5409 exstiterunt
2363 5370 2378 5411 :
2401 5354 2494 5424 qui
2528 5364 2585 5407 ut
2607 5356 2952 5420 exsisterent,
2973 5361 3082 5413 sola
3108 5359 3416 5426 indigentiae

1858 5445 2161 5499 necessitas
2199 5445 2254 5499 in
2299 5459 2468 5499 causa
2509 5443 2628 5500 fuit.
2656 5445 3188 5517 thuemadmodum
3223 5463 3414 5503 servus

1859 5549 1924 5589 ac
1957 5535 2331 5590 mercenarius
2361 5549 2470 5589 non
2502 5542 2667 5605 agunt
2695 5539 3003 5606 quodlibet,
3035 5539 3126 5592 sed
3157 5553 3276 5607 quae
3330 5541 3415 5611 ip-

2469 5748 2531 5779 ἰ’
2562 5746 2715 5800 Joan.
2753 5759 2789 5810 I,
2812 5741 2902 5797 29.
3013 5742 3058 5772 “
3089 5739 3193 5798 lsa.
3235 5759 3349 5810 Lm,
3383 5741 3410 5796 1

1895 5744 1935 5776 ¹¹
1963 5744 1980 5797 l
2008 5743 2171 5798 Joan.
2209 5762 2290 5808 ιιι,
2324 5746 2374 5797 8.

1895 5815 1975 5868 Μ.
2049 5817 2117 5845 ’⁸⁵⁸
2156 5815 2289 5868 Ibid.
2318 5815 2368 5868 8.

2077 5827 2117 5845 "'
2156 5827 2289 5869 Illltl.
2318 5827 2368 5868 ὅ.

3019 5902 3092 5964 12
