4128 6338
675 329 779 391 363

1915 331 2280 390 SIMEONIS
2320 329 2676 392 JUNIURIS

3823 343 3920 407 351

674 456 857 493 sorum
893 437 1125 491 dominis
1161 450 1236 504 et,
1271 439 1416 494 heris
1457 440 1675 509 placent
1707 458 1720 494 :
1749 439 1997 496 similiter
2047 443 2232 496 diabo-
2261 439 2310 496 A
2336 443 2605 510 cupiditas
2638 446 3070 513 perturbationes
3101 461 3246 515 sunt,
3284 453 3376 507 sed
3443 453 3677 522 privatio
3722 464 3916 510 sanita-

672 533 760 585 lus
821 532 1164 599 (inte‘ligens
1203 533 1393 593 illa,-et
1439 532 1675 600 maligna
1720 535 2010 603 potestas)
2065 536 2156 602 qui
2205 549 2233 586 a

674 625 785 678 Deo
813 625 1045 679 descivit
1081 665 1093 687 ,
1128 625 1220 692 qui
1255 625 1553 692 nequitiam
1591 625 1888 678 humanam
1937 626 2237 681 fabricatus

674 725 778 779 est,
802 724 855 768 et
872 715 988 784 eius
1009 729 1245 768 amorem
1271 715 1593 768 mortalibus
1618 717 1906 785 persuasit,
1931 733 2027 772 eos
2051 718 2101 771 in
2123 733 2238 772 ser-

677 807 900 858 vitutem
940 820 1092 858 suam
1121 804 1288 857 trahit
1327 823 1338 857 :
1373 806 1460 858 cui
1503 805 1692 874 (quod
1732 807 1915 861 animo
1950 815 2003 861 et
2029 807 2236 877 cogita-

675 897 822 949 tione
851 897 1114 962 videmus)
1144 896 1195 948 in
1227 897 1616 965 voluptatibus,
1641 898 1873 966 rapinis,
1904 900 2128 953 avaritia
2187 911 2238 953 et

671 989 928 1043 munibus
957 988 1256 1041 sceleribus
1285 989 1536 1042 servilem
1573 989 1624 1041 in
1673 990 1891 1043 modum
1930 1000 2140 1059 parent.
2173 989 2238 1044 Et

669 1081 809 1136 tales
840 1095 962 1133 cum
1033 1081 1293 1144 sint,ros,
1320 1081 1680 1148 impudentes,
1709 1091 1760 1135 et
1788 1083 2157 1151 superbiores.
2184 1091 2236 1136 et

669 1173 899 1229 stolidos
929 1171 1101 1225 reddit
1132 1191 1144 1235 ;
1179 1181 1236 1224 ut
1263 1187 1440 1238 neque
1468 1187 1525 1226 se
1548 1174 1646 1241 ipsi
1701 1174 1982 1228 vindicare
2003 1175 2232 1243 possint,

668 1283 839 1334 neque
869 1267 1088 1319 aliunde
1117 1265 1381 1318 vindicari
1413 1266 1468 1317 in
1493 1265 1797 1318 libertatem
1825 1266 2007 1318 velint.
2037 1266 2232 1317 Omnes

668 1362 831 1426 igitur
859 1358 1198 1426 hnjusmodi,
1226 1357 1340 1411 sive
1357 1357 1586 1423 ethnici,
1610 1367 1662 1412 et
1692 1357 1857 1412 Deum
1893 1359 2231 1426 ignorantes,

665 1468 776 1504 sive
813 1452 1078 1516 inﬁdeles,
1116 1449 1230 1503 sive
1261 1448 1442 1503 fideles
1482 1450 1779 1502 Christiani
1812 1457 1865 1502 et
1901 1448 2223 1511 orthodoxi,

663 1541 878 1595 diabolo
913 1542 1213 1593 servientes
1243 1578 1256 1600 ,
1293 1537 1359 1591 ad
1405 1538 1523 1606 ejus
1575 1547 1757 1608 partes
1790 1575 1805 1600 ,
1851 1538 1939 1605 qui
1988 1537 2229 1603 ipsorum

661 1634 1017 1698 dOmiuatur,
1049 1635 1365 1701 pertinent,
1413 1640 1578 1700 atque
1627 1646 1654 1682 a
1712 1629 1816 1682 Deo
1857 1629 2080 1697 projecti
2108 1667 2120 1690 ,
2176 1629 2229 1682 in

663 1726 823 1778 domo
863 1726 978 1793 ejus
1009 1728 1060 1777 in
1115 1734 1382 1778 retentum
1436 1737 1655 1775 manere
1716 1737 1825 1773 non
1884 1730 2114 1788 possunt
2164 1722 2226 1774 ’⁷.

663 1815 813 1869 L'nde
847 1834 1036 1884 magna
1073 1819 1179 1870 illis
1222 1819 1270 1868 vi
1308 1829 1449 1883 opus
1482 1823 1584 1873 cst,
1622 1822 1678 1864 ut
1709 1828 1738 1865 e
1775 1813 2027 1865 manibus
2075 1811 2190 1876 ejus
2217 1853 2230 1877 ,

659 1909 747 1975 qui
777 1909 1089 1960 servitutem
1127 1905 1258 1976 ipsis
1290 1906 1572 1973 imposuit,
1599 1911 1882 1955 eruantur.
1913 1902 2033 1955 Alia
2058 1912 2236 1956 autem

658 2012 756 2049 nec
789 1997 1008 2049 iuventa
1039 2008 1142 2060 est,
1179 2010 1282 2049 nec
1314 1993 1549 2048 inveniri
1585 1993 1764 2061 potuit
1794 2030 1806 2056 ,
1845 2007 1944 2046 nec
1975 2002 2056 2046 est
2083 2033 2095 2057 ,
2131 1992 2234 2046 nisi

656 2091 911 2143 Christus
949 2088 1042 2141 Dei
1079 2088 1274 2141 virtus.
1306 2086 1361 2140 Si
1389 2102 1519 2155 ergo
1549 2085 1599 2140 is
1633 2085 1947 2140 liberaverit
1979 2125 1993 2149 ,
2032 2085 2105 2138 ita
2142 2086 2234 2138 de-

659 2196 804 2231 mum
842 2181 975 2231 liber
1021 2181 1160 2240 erit,
1199 2177 1288 2244 qui
1356 2178 1622 2232 liberatus
1663 2184 1742 2229 est
1784 2175 1851 2228 ab
1897 2190 1962 2230 eo
2012 2176 2076 2230 ".
2121 2176 2233 2230 Erit

657 2275 799 2324 ι-ιιῑωι
838 2281 1047 2331 castus,
1083 2272 1302 2324 sobrius
1334 2309 1348 2333 _.
1401 2270 1577 2323 lienus
1603 2268 1827 2338 ,justus
1849 2307 1863 2331 ,
1895 2269 2183 2334 religiosus
2214 2308 2228 2332 ,

660 2366 955 2421 humanus,
1001 2362 1139 2426 pius,
1183 2361 1515 2423 misericors,
1543 2363 1779 2426 patiens,
1808 2358 2051 2422 humilis,
2079 2374 2229 2411 uian-

656 2463 867 2515 surtas,
901 2456 1094 2504 alienis
1129 2452 1285 2504 malis
1322 2451 1514 2503 dolens
1544 2492 1557 2512 ,
1609 2451 1901 2504 continens
1930 2491 1942 2514 ,
1973 2450 2073 2503 hoc
2107 2463 2188 2504 est
2211 2489 2226 2514 ,

655 2561 780 2599 vere
814 2547 998 2597 hou.0.
1039 2545 1140 2605 Qui
1174 2544 1256 2596 his
1291 2553 1516 2606 carent,
1554 2551 1648 2595 aut
1677 2541 1914 2610 pecudes
1942 2580 1956 2603 ,
1983 2552 2076 2594 aut
2121 2543 2229 2595 da:-

655 2653 844 2690 mones
870 2645 1016 2694 sunt.
1051 2636 1262 2688 etiamsi
1289 2633 1586 2688 Christiani
1613 2633 1975 2688 etorthodoxi
1996 2633 2221 2698 fuerint,

655 2737 707 2780 et
743 2730 792 2781 hi
821 2729 1051 2779 maxime
1083 2726 1134 2777 in
1166 2740 1393 2778 examen
1442 2725 1686 2778 severius
1719 2725 2062 2780 adducentur
2083 2765 2097 2788 ,
2123 2741 2224 2780 nec

658 2825 899 2890 ipsorum
929 2819 1145 2881 vindex,
1176 2826 1228 2871 et
1260 2825 1499 2871 assertor
1521 2814 1770 2878 Christus
1789 2816 2085 2884 quidquam
2120 2814 2225 2870 illis

655 2915 922 2985 proderit,
954 2912 1077 2978 quia
1113 2910 1366 2962 nimirum
1403 2908 1693 2960 noluerunt
1735 2908 1854 2974 ejus
1907 2906 2081 2961 solius
2135 2921 2223 2958 rc-

654 3005 1046 3072 demptioneni,
1081 3005 1218 3054 hanc
1243 3001 1414 3052 solam
1453 2999 1758 3050 libertatem
1787 3035 1801 3059 ,
1837 2998 1987 3050 omni
2019 2997 2219 3048 virtute

2343 534 2409 588 tis
2446 539 2635 597 animi.
2673 548 2895 607 prOpter
2932 558 3090 606 quam
3128 547 3203 598 ira
3233 563 3430 616 expers
3458 550 3532 602 sit
3569 551 3825 613 rationis,
3868 563 3918 602 et

2341 629 2616 697 cupiditas
2645 645 2852 691 amens,
2890 633 3001 698 illa,
3027 637 3271 705 inquam,
3307 640 3598 710 imaginem
3621 643 3881 711 perturba
3902 673 3917 683 -

2342 720 2549 773 tionum
2584 722 2648 775 iis
2681 723 2929 792 imponit.
2969 727 3164 783 Anima
3197 734 3342 785 enim
3380 750 3548 788 unum
3577 744 3662 790 est
3699 733 3722 789 :'
3750 733 3917 802 idque

2341 812 2608 880 simplex;
2637 830 2738 868 nec
2768 817 3119 883 partitionem
3186 823 3482 879 admittens
3511 867 3526 891 ,
3585 835 3645 881 ut
3701 828 3916 882 intelle-

2340 901 2522 954 ctuale
2559 901 2816 970 quiddam
2849 904 3082 971 scilicet,
3115 924 3212 962 nec
3242 921 3322 964 est
3353 912 3531 983 aliqua
3568 917 3917 985 compositio,

2341 1003 2434 1043 seu
2472 994 2918 1059 coagmentatio,
2975 998 3042 1049 ob
3091 1013 3252 1067 quam
3307 1003 3415 1068 pati
3469 1016 3701 1074 cogatur
3749 1009 3916 1063 sicuti

2339 1095 2541 1149 carpus
2568 1098 2627 1136 ex
2660 1095 2895 1151 quatuor
2919 1088 3202 1144 clementis
3230 1103 3573 1162 cencreturn,
3599 1101 3915 1154 necessario

2339 1173 2406 1225 ab
2440 1174 2623 1241 aliquo
2653 1177 2841 1230 horum
2881 1177 3132 1245 amcitur,
3164 1183 3209 1236 si
3252 1186 3334 1238 vel
3370 1187 3631 1254 abundet,
3658 1192 3742 1244 vel
3779 1191 3913 1246 defi-

2338 1261 2467 1318 ciat.
2508 1265 2682 1321 Omne
2712 1268 2855 1321 enim
2885 1270 3031 1338 quod
3055 1271 3303 1336 allicitur,
3340 1276 3406 1328 ab
3435 1275 3617 1346 aliquo
3641 1279 3916 1334 afﬁciatur

2340 1369 2564 1431 gecesse
2592 1369 2695 1412 est.
2728 1360 2994 1425 Quoniam
3031 1378 3158 1433 ergo
3193 1366 3326 1419 nihil
3399 1366 3562 1420 habet
3605 1370 3784 1423 anima
3813 1411 3827 1435 ,
3878 1388 3911 1426 a

2337 1461 2445 1514 quo
2480 1448 2736 1516 patiatur,
2780 1461 3104 1523 constatque
3137 1457 3306 1524 ipsam
3341 1458 3665 1528 simplicem,
3697 1464 3912 1517 incom-

2339 1539 2596 1605 positam,
2630 1542 2925 1603 divisionis
2955 1557 3249 1611 exsortem,
3284 1550 3671 1619 inteiligcntem
3700 1593 3715 1618 ,
3755 1569 3782 1606 a
3809 1570 3911 1607 cu-

2341 1629 2677 1698 piditatibus,
2721 1643 2774 1687 et
2815 1636 2894 1688 ira
2928 1638 3138 1690 ratione
3169 1640 3490 1697 vacantibus
3547 1645 3692 1712 pati,
3744 1645 3914 1698 unde.

2341 1732 2461 1770 nam
2497 1719 2598 1787 ipsi
2628 1721 2773 1775 istud
2816 1724 2959 1790 pati,
2988 1741 3111 1778 cum
3153 1742 3313 1782 omne
3356 1730 3499 1797 quod
3549 1733 3798 1799 patitur,
3841 1735 3914 1786 ab

2343 1814 2448 1865 alio
2478 1814 2756 1882 patiatur?
2792 1815 3078 1871 Invenitur
3110 1820 3276 1888 igitur
3315 1821 3419 1874 alia
3454 1823 3762 1893 intelligens
3805 1842 3910 1879 na-

2343 1910 2464 1957 tura
2501 1905 2830 1972 dmmonum,
2871 1907 2922 1960 in
2952 1908 3145 1975 ipsam,
3174 1912 3317 1980 quod
3357 1913 3657 1984 intelligere
3709 1932 3914 1984 possu-

2342 2010 2484 2058 mus,
2515 1993 2734 2049 irruens
2761 2038 2777 2061 ,
2831 2003 2882 2050 et
2917 1997 2970 2051 in
3017 2000 3356 2056 motionibus
3402 2003 3520 2072 ejus
3559 2007 3911 2062 naturalibus

2345 2084 2547 2151 quibus
2608 2101 2825 2157 semper
2857 2090 3052 2154 cietur,
3093 2097 3364 2161 negotium
3418 2110 3482 2149 ac
3523 2096 3828 2151 molestiam
3854 2099 3906 2152 ei

2340 2180 2617 2234 lacessens
2672 2195 2737 2233 ac
2792 2183 3032 2236 tenebris
3089 2185 3417 2252 quibusdam
3467 2188 3700 2254 oliusis,
3753 2190 3904 2244 illam

2338 2269 2501 2336 probe
2526 2284 2750 2324 cernere
2773 2288 2877 2325 non
2905 2273 3111 2339 sinens,
3138 2276 3534 2331 desiderantem
3562 2287 3729 2345 recta,
3747 2295 3908 2344 vera,

2334 2374 2564 2427 qureque
2596 2375 2796 2413 meram
2832 2362 3275 2430 imaginationem
3327 2377 3379 2421 et
3430 2369 3675 2423 umbram
3735 2382 3906 2440 atque

2331 2463 2572 2502 errorem
2613 2466 2716 2503 non
2775 2453 2999 2507 habent.
3055 2454 3265 2509 Etenim
3321 2461 3598 2515 naturales
3648 2462 3908 2518 humana:

2332 2549 2541 2594 natura:
2577 2541 2816 2604 habitus,
2857 2559 2883 2595 a
2931 2546 3083 2613 lapsu
3133 2547 3297 2615 primi
3359 2549 3593 2604 hominis
3643 2553 3708 2605 de
3757 2555 3903 2609 linea

2329 2628 2692 2697 deﬂexerunt,
2731 2649 2908 2699 mens,
2942 2637 3223 2707 cogitatio,
3257 2639 3461 2709 opinio,
3497 2641 3727 2697 facultas
3759 2645 3903 2698 ima-

2327 2722 2562 2790 ginatrix
2593 2763 2609 2788 ,
2661 2740 2858 2784 sensus
2893 2766 2908 2792 ,
2957 2737 3010 2783 et
3055 2728 3108 2782 in
3161 2730 3362 2799 quibus
3417 2734 3598 2787 anima
3627 2735 3899 2804 tripartita

2328 2816 2680 2882 perspicitur,
2719 2833 2912 2886 nempe
2947 2834 3073 2889 pars
3099 2823 3208 2886 illa,
3242 2823 3296 2877 in
3329 2841 3434 2893 qua
3471 2826 3613 2880 inest
3666 2830 3807 2882 ratio
3844 2839 3902 2883 et

2327 2905 2612 2959 consilium
2639 2917 2725 2967 ;et
2752 2909 2944 2974 altera,
2973 2911 3026 2963 in
3047 2929 3152 2980 qua
3179 2915 3496 2982 iracundia;
3523 2927 3575 2971 et
3597 2929 3896 2987 postrema,

2326 2993 2381 3046 in
2421 3011 2528 3063 qua
2569 2997 2920 3066 cupiditates,
2959 3001 3323 3072 libidinesque
3376 3018 3684 3061 versantur.
3716 3009 3900 3077 Atque

655 3100 892 3152 humana
924 3097 1202 3160 majorem.
1235 3102 1450 3159 propter
1497 3104 1657 3157 quam
1687 3101 1809 3141 cum
1845 3087 1986 3141 Deus
2028 3098 2176 3145 essm
2204 3126 2218 3151 ,
2252 3101 2294 3159 ο
2329 3083 2533 3140 idcirco
2568 3089 2886 3144 ratiocinari
2920 3093 3140 3160 quidem
3185 3094 3347 3147 homo
3406 3106 3626 3165 potest:
3675 3100 3770 3154 sed
3825 3102 3892 3154 ad

655 3189 817 3242 homo
849 3189 996 3238 nasci
1027 3186 1278 3254 dignatus
1304 3196 1405 3241 est.
1428 3188 1479 3233 et
1505 3180 1622 3246 ejus
1650 3180 1816 3233 solius
1839 3195 2000 3232 causa
2031 3192 2218 3232 necem

655 3286 799 3336 ultro
828 3280 1063 3347 pertulit.
1115 3277 1246 3328 Nam
1297 3273 1442 3343 quod
1490 3273 1713 3341 quidam
1758 3271 2112 3333 existimant,
2167 3271 2220 3322 in

655 3374 889 3424 humana
925 3377 1116 3419 natura
1149 3362 1610 3432 perturbationes,
1649 3368 1706 3412 ut
1732 3360 1889 3424 iram,
1927 3369 1981 3412 et
2011 3358 2223 3425 cupidi-

653 3473 817 3516 tatem
853 3460 1120 3527 ingenitas
1147 3472 1264 3508 esse
1293 3496 1306 3518 ,
1341 3468 1445 3506 non
1474 3453 1546 3504 ita
1586 3459 1668 3506 est
1700 3451 1966 3519 profecto.
2020 3451 2215 3503 Verum

652 3557 756 3617 ira,
778 3563 831 3606 et
856 3550 1122 3618 cupiditas
1147 3556 1251 3599 uta
1283 3546 1387 3598 Deo
1414 3553 1618 3598 tratum:
1643 3551 1845 3596 nostrae
1871 3549 1996 3596 sunt
2021 3542 2213 3604 insitae,

645 3662 758 3700 non
786 3641 1242 3712 perturbationes,
1271 3638 1361 3690 sed
1413 3638 1550 3689 bona
1602 3644 1767 3699 sunt,
1815 3644 1867 3687 et
1912 3650 2006 3687 eos
2055 3634 2217 3686 homo

652 3734 1006 3802 iutelligentis
1041 3741 1244 3783 uaturrc
1274 3742 1384 3780 sua:
1420 3725 1824 3794 quodammodo
1870 3726 2214 3778 characteres

651 3845 678 3880 u
710 3840 922 3880 summo
956 3824 1043 3875 illo
1072 3822 1214 3874 bono
1249 3821 1456 3885 accepit
1493 3835 1505 3869 :
1544 3833 1661 3885 qua:
1695 3831 2006 3885 quanquam
2039 3816 2214 3868 brutis

650 3934 867 3985 quoque
906 3912 1274 3966 animantibus
1306 3910 1493 3962 insunt
1526 3949 1538 3972 ,
1586 3918 1638 3960 at
1691 3923 1797 3961 non
1857 3908 1962 3962 isto
2005 3906 2210 3960 modo:

650 4008 918 4077 siquidem
962 4015 1015 4058 et
1046 4003 1289 4057 caroilla
1342 4000 1558 4068 quidem
1615 4008 1740 4065 est,
1798 4008 1976 4053 tamen
2026 3998 2212 4052 eadem

650 4117 775 4154 caro
810 4098 938 4152 Iei'is
991 4111 1054 4150 ac
1085 4093 1382 4165 pecudibus
1409 4094 1629 4146 minime
1661 4100 1764 4146 est.

720 4191 858 4244 Sunt
893 4206 1025 4243 sane
1062 4187 1243 4239 indit-.e
1273 4185 1479 4237 homini
1518 4186 1592 4235 ira
1621 4222 1636 4246 ,
1683 4191 1737 4236 et
1774 4184 2044 4251 cupiditas
2072 4223 2084 4242 ,
2120 4181 2216 4236 sed

649 4285 810 4335 etiam
844 4295 1018 4340 mens,
1049 4294 1167 4344 qua:
1198 4276 1439 4344 quandiu
1467 4276 1753 4327 sanitatem
1781 4263 1933 4326 suam
1969 4274 2212 4338 retinuit,

650 4380 730 4427 iize
775 4375 911 4424 intra
951 4380 1158 4422 naturae
1205 4383 1316 4420 sua:
1362 4365 1624 4418 terminos
1662 4379 1724 4417 ac
1756 4365 1955 4418 limites
1997 4380 2213 4418 mansu-

648 4475 806 4526 runt;
843 4462 1114 4530 cupiditas
1147 4460 1209 4510 ad
1243 4473 1303 4511 ea
1339 4472 1457 4526 qua:
1513 4455 1891 4523 intelliguntur
1938 4453 2026 4508 Dei
2071 4455 2210 4508 bona

650 4554 946 4621 rcSpiciens
974 4593 988 4615 ,
1021 4560 1073 4603 et
1099 4550 1324 4602 incitata
1356 4550 1431 4600 ira
1462 4586 1476 4610 ,
1525 4549 1694 4615 ipsam
1746 4547 2096 4613 cupiditatem
2144 4550 2208 4602 ad

649 4649 740 4700 illa
804 4643 1121 4712 generosius
1187 4639 1483 4708 captanda,
1544 4649 1598 4690 et
1648 4639 1710 4690 ad
1760 4640 2207 4702 ascendendum,

651 4739 866 4803 Deoque
896 4734 1066 4801 magis
1092 4747 1154 4784 ac
1181 4731 1354 4798 magis
1391 4728 1936 4798 appropinquandum
1977 4730 2210 4781 extimu-

651 4828 794 4880 Iaus.
829 4826 896 4876 At
931 4831 1219 4889 postquam
1266 4835 1416 4872 tuens
1451 4820 1753 4882 debilitata,
1787 4830 1838 4871 et
1875 4835 1978 4887 qua
2015 4830 2209 4874 custo—

651 4916 898 4969 diebatur
931 4911 1162 4963 sanitate
1194 4911 1423 4978 spoliata
1457 4919 1570 4969 est,
1630 4910 1694 4962 ad
1747 4908 2005 4963 inferiora
2045 4911 2161 4963 sola
2191 4952 2205 4974 ,

651 5017 712 5060 ut
741 5007 927 5058 vitiata
963 5000 1200 5062 deﬂexit,
1235 5009 1396 5068 atque
1435 5000 1642 5053 idcirco
1687 5015 1808 5067 quae
1860 5002 2005 5056 illius
2064 5003 2208 5055 haud

652 5103 950 5159 intersunt,
977 5096 1299 5161 insipienter
1329 5093 1707 5160 concupiscit,
1750 5101 1802 5145 et
1847 5093 1965 5147 sine
2002 5094 2211 5147 ratione

651 5201 912 5254 tanquam
962 5185 1090 5240 fera:
1121 5225 1136 5248 ,
1185 5198 1244 5235 ac
1299 5183 1483 5237 bestia:
1532 5183 1804 5236 irascitur.
1865 5185 2213 5242 Christianus

649 5282 812 5350 igitur
863 5294 929 5331 ex
981 5275 1183 5329 Christi
1228 5274 1506 5327 consortio
1565 5287 1882 5342 recuperata
1936 5276 2209 5341 sanitate,

648 5386 868 5426 rursum
907 5370 994 5422 illa
1028 5369 1314 5420 duntaxat.
1350 5380 1578 5433 quorum
1615 5365 1786 5430 gratia
1824 5368 1923 5426 ira.
1974 5375 2025 5421 et
2056 5369 2211 5438 cupi-

650 5465 790 5517 ditas
817 5473 1024 5516 uatura:
1057 5459 1239 5513 indita:
1271 5467 1436 5520 sunt,
1486 5457 1843 5524 concupiscit.
1896 5458 2013 5524 Qui,
2053 5475 2211 5516 secus

654 5556 808 5620 facit,
846 5555 1082 5608 nondum
1119 5560 1204 5606 est
1234 5551 1602 5605 Christianus.
1637 5547 1751 5604 Non
1792 5551 1973 5620 itaque
2027 5551 2104 5605 ira
2158 5562 2210 5607 et

1312 5733 1354 5765 "
1386 5731 1520 5786 Ibid.
1551 5730 1637 5786 56.
1714 5730 1757 5760 ¹⁹
1792 5728 1948 5786 Ioan.
1974 5745 2082 5798 xw,
2122 5729 2215 5788 ‘22.

751 5736 793 5766 "
831 5734 977 5789 ioa".
1010 5745 1119 5797 vui,

2332 3188 2474 3233 recte
2500 3179 2939 3234 ratiocinandum
2980 3184 3271 3240 imbecillis
3325 3195 3426 3240 est.
3489 3187 3897 3258 Concupiscere

2327 3268 2546 3336 quidem
2578 3278 2772 3336 potest,
2807 3271 2900 3323 sed
2936 3272 3123 3325 stulte.
3173 3271 3342 3327 Irasci
3384 3275 3603 3342 quidem
3655 3272 3837 3344 potest
3875 3321 3892 3344 ,

2326 3358 2418 3410 scd
2445 3370 2644 3412 temere
2674 3359 2928 3413 irascitur
2969 3377 2982 3411 :
3020 3360 3247 3431 ideoque
3293 3379 3451 3419 sensa
3479 3406 3492 3428 ,
3544 3378 3892 3422 commenta-

2325 3449 2522 3513 tiones,
2559 3449 2867 3516 opiuiones,
2902 3451 3359 3520 imaginationes,
3387 3459 3669 3512 sensiones
3722 3462 3894 3527 perti-

2324 3539 2500 3602 nacia,
2538 3538 2791 3605 distorta,
2826 3541 3104 3596 instabilia
3156 3555 3208 3598 et
3269 3546 3476 3600 lubrica
3507 3559 3650 3602 sunt.
3683 3550 3894 3612 Quam-

2323 3631 2509 3683 obrem
2563 3641 2771 3695 sancta,
2857 3622 3177 3687 ihtaminata
3242 3643 3295 3688 et
3339 3638 3680 3706 omnipotens
3733 3649 3894 3693 nata-

2321 3721 2458 3774 toria
2498 3721 2627 3775 Jesu
2660 3721 2752 3775 Dei
2806 3722 2970 3776 hosce
3017 3723 3316 3777 secundum
3366 3735 3616 3780 naturam
3669 3706 3892 3784 habitris

2321 3813 2582 3881 corrigit,
2619 3813 2948 3880 conﬁrmat,
3005 3823 3058 3868 et
3106 3816 3468 3881 corroborat,
3523 3826 3574 3870 et
3627 3819 3697 3872 ob
3744 3820 3890 3874 hanc

2320 3918 2544 3959 causam
2577 3904 2661 3960 lex
2699 3912 2753 3958 et
2788 3906 2987 3972 regulae
3021 3906 3284 3960 divinitus
3333 3906 3471 3961 datae
3505 3915 3673 3971 sunt,
3703 3917 3762 3961 ut
3799 3912 3890 3962 in-

2320 3995 2628 4065 telligentiae
2664 3996 2959 4063 particeps,
2994 4011 3318 4065 semperque
3354 3997 3572 4051 mobilis
3606 3998 3787 4051 anima
3829 4001 3884 4055 in

2317 4086 2654 4140 motionibus
2711 4086 2826 4140 suis
2883 4087 3179 4155 legitimis,
3229 4088 3537 4155 divinisque
3584 4091 3888 4144 cauonibus

2319 4187 2651 4247 temperetur
2690 4195 2704 4231 :
2737 4194 2845 4246 quo
2879 4179 2934 4231 in
2967 4179 3035 4232 iis
3075 4180 3277 4248 jugiter
3311 4180 3597 4232 ambulans
3629 4219 3644 4243 ,
3694 4194 3889 4236 cernat

2318 4286 2436 4339 qua:
2465 4280 2611 4324 recta
2640 4279 2790 4333 sunt,
2827 4285 3055 4339 eamque
3086 4270 3282 4323 decent
3316 4287 3328 4322 :
3385 4278 3439 4322 et
3491 4271 3545 4322 in
3599 4269 3698 4323 hac
3751 4287 3888 4325 con-

2319 4361 2672 4428 templatione
2724 4362 3066 4423 exercitata,
3133 4371 3444 4415 vexatorem
3497 4376 3525 4413 a
3595 4378 3653 4416 se
3694 4362 3886 4433 fugere

2320 4452 2650 4520 compellat,
2691 4459 2742 4504 et
2773 4467 2895 4504 cum
2949 4451 3003 4504 in
3039 4455 3217 4506 omnis
3250 4453 3491 4506 veritatis
3521 4455 3884 4521 comprehen-

2320 4544 2472 4596 sione
2539 4541 2829 4609 pcrfectior
2886 4543 3163 4602 evaserit.
3214 4543 3267 4595 in
3322 4545 3465 4596 veris
3507 4549 3882 4600 tantummodo

2319 4635 2557 4688 studium
2603 4643 2767 4701 atque
2811 4648 3034 4701 operam
3089 4648 3241 4686 suam
3298 4635 3576 4688 collocet:
3641 4651 3751 4704 quo
3803 4638 3884 4690 sic

2317 4728 2492 4794 ipsum
2523 4726 2673 4777 illum
2705 4724 3065 4792 legislatorcm
3102 4725 3168 4778 ad
3207 4726 3660 4794 requiescendum
3713 4743 3882 4795 super

2317 4835 2374 4873 se
2413 4819 2672 4883 attrahat,
2707 4819 3102 4886 irnpleaturque
3128 4818 3181 4870 in
3219 4818 3352 4886 ipsa,
3375 4818 3516 4886 quod
3549 4818 3755 4872 dictum
3789 4827 3876 4873 est

2315 4923 2342 4960 a
2378 4908 2604 4961 Domino
2643 4926 2655 4960 :
2689 4907 2792 4972 Qui
2821 4907 2994 4977 diligit
3024 4924 3122 4970 me,
3156 4924 3418 4960 sermones
3443 4924 3579 4960 meos
3603 4908 3834 4961 servabit
3863 4948 3882 4972 ,

2315 5009 2360 5052 et
2408 5015 2498 5066 ego
2554 4998 2774 5068 diligam
2818 5016 2977 5062 eum,
3021 5009 3068 5052 et
3120 5000 3466 5067 manifestabo
3508 5002 3555 5054 ei
3599 5003 3885 5067 meipsum.

2317 5091 2384 5143 Et
2410 5107 2499 5158 rgo
2522 5101 2569 5142 et
2606 5091 2762 5142 l’ater
2802 5092 3060 5143 veniemus
3089 5131 3103 5155 ,
3136 5099 3183 5144 et
3225 5092 3544 5146 mansionem
3586 5093 3728 5160 apud
3760 5110 3889 5148 eum

2320 5182 2574 5249 facientes
2617 5183 2680 5235 '9.

2391 5276 2503 5328 IIoc
2532 5275 2727 5327 anima:
2759 5273 3074 5344 mysterium
3112 5278 3290 5328 omnis
3333 5273 3518 5328 saeculi
3575 5273 3739 5342 hujus
3791 5289 3890 5328 sa-

2315 5369 2518 5440 pientia
2552 5365 2821 5435 ignoravit
2865 5385 2877 5419 :
2917 5381 3036 5434 qua:
3073 5365 3338 5434 sapientia
3373 5367 3443 5420 ob
3474 5367 3524 5419 id
3582 5368 3747 5420 etiam
3781 5382 3888 5436 pa-

2312 5469 2427 5513 stus
2458 5458 2683 5511 rationis
2713 5471 2906 5526 expers
2930 5457 3164 5512 dicitur:
3194 5473 3316 5511 nam
3337 5459 3439 5512 hoc
3464 5459 3642 5512 solum
3675 5459 3884 5514 anima

2315 5565 2568 5604 arcanum
2602 5559 2786 5617 pastus
2802 5564 2924 5604 cum
2955 5549 3162 5604 ratione
3178 5549 3505 5619 conjunctus
3522 5557 3625 5606 est.
3660 5549 3884 5604 Unum-
