4128 6338
250 325 357 388 365

1659 330 1940 394 ORATIO
1974 332 2080 394 XI.

3396 341 3497 404 336

252 449 523 512 quemque
550 441 691 496 enim
727 441 915 505 Deum,
947 440 1184 511 seipsum
1218 481 1230 505 ,
1263 450 1317 497 et
1349 441 1622 499 dmmones
1654 461 1815 501 nosse
1852 450 1889 503 Α
1921 448 2032 511 dat,
2064 458 2120 502 ut
2149 458 2491 518 corporatam
2527 457 2834 511 creaturam
2895 452 3161 521 aspir-iant
3202 473 3214 508 :
3259 453 3492 509 alterum

253 543 488 602 oportet.
526 533 703 595 Illum,
742 541 798 584 ιιι
826 520 1140 596 Dominum,
1176 533 1378 602 quique
1411 534 1563 588 solus
1601 536 1821 589 salvare

253 626 444 693 possit.
478 623 679 684 Semet,
702 633 757 677 ut
790 623 1063 676 imbellem
1091 624 1353 680 adversus
1383 625 1620 687 hostem,
1647 639 1808 692 quem

253 719 438 766 animo
467 716 736 768 videmus.
757 713 1063 778 Dremonas,
1083 726 1142 768 ut
1160 715 1344 770 hostes
1369 715 1807 783 iaaspectabiles,

251 805 367 873 qui,
402 805 547 872 quod
584 804 905 860 admirabile
962 814 1088 870 est,
1139 818 1400 876 perpetuo
1448 822 1546 860 nos
1583 821 1680 876 per
1727 820 1824 860 nos

251 894 405 962 ipsos
435 905 768 965 oppugnant.
816 896 882 950 Ut
910 898 1054 952 enim
1087 898 1327 952 exterior
1348 905 1599 966 aspectus
1629 905 1823 964 praeter

250 989 387 1039 solis
418 987 593 1041 iurem
624 989 689 1042 ad
723 991 1012 1060 perspicue
1051 989 1437 1061 evidenterque
1491 989 1821 1059 dignoscen-

248 1078 378 1131 dum
423 1093 509 1132 res
544 1089 781 1148 quatuor
823 1082 1072 1151 requirit,
1107 1083 1333 1138 illzesum
1379 1083 1634 1147 oculum,
1673 1097 1820 1136 com-

249 1186 494 1225 Inensam
523 1174 836 1239 motionem,
861 1189 1231 1232 commensam
1251 1176 1594 1237 distantiam,
1617 1190 1815 1244 purum

247 1277 432 1318 aerem
472 1283 485 1318 :
518 1267 598 1320 sic
628 1281 759 1320 sane
789 1276 844 1322 et
883 1268 1114 1323 interior
1162 1276 1414 1338 aspectus
1468 1277 1590 1338 eget
1636 1277 1817 1321 mente

243 1355 508 1424 perfecta,
530 1359 768 1415 motione
789 1375 1103 1416 commensa
1128 1360 1627 1428 contemplationis,
1650 1375 1812 1429 quam

245 1446 339 1502 Dei
368 1449 534 1502 timor
564 1465 662 1504 ceu
703 1450 855 1506 freno
889 1451 1224 1515 moderetur,
1258 1458 1306 1505 et
1337 1451 1572 1519 quadam
1611 1450 1814 1504 intelli-

242 1538 394 1609 gibili
431 1543 576 1596 aeris
605 1545 860 1608 puritate,
888 1542 1177 1596 illuminati
1213 1558 1338 1596 vero
1384 1543 1620 1605 lumine,
1669 1541 1812 1611 quod

241 1643 462 1682 onmem
499 1631 778 1684 hominem
804 1631 860 1684 in
903 1631 1162 1686 mundum
1197 1634 1458 1685 virtutum
1496 1631 1801 1685 venientem

240 1721 536 1776 illuminat.
567 1724 678 1777 Etsi
709 1739 837 1778 vero
856 1724 958 1778 hoc
979 1725 1157 1779 lumen
1186 1724 1445 1778 abscondi
1471 1723 1810 1793 impossibile

1928 538 2068 606 quod
2107 536 2418 597 intellectile
2446 543 2624 598 lumen
2659 542 2885 610 dicitur,
2911 542 3171 600 Christus
3209 545 3374 610 Deus,
3399 546 3497 613 qui

1931 631 2234 696 aspectibus
2263 623 2686 704 intelligihilibus
2721 637 2885 690 donat
2909 676 2924 700 ,
2963 645 3021 691 ut
3060 645 3371 691 creaturam
3405 637 3493 688 in-

1931 722 2244 785 corpOream
2271 722 2681 791 intelligibiliter
2702 733 3091 784 contueantur.
3118 725 3233 781 Nisi
3259 734 3488 780 exortus

1931 802 2095 858 fuerit
2126 809 2204 862 sol
2233 847 2248 871 ,
2283 825 2442 876 quem
2472 827 2668 866 sensus
2715 815 2933 882 attingit
2969 853 2984 877 ,
3034 815 3153 868 loca
3194 814 3354 881 plana
3382 853 3398 877 ,
3435 821 3492 866 et

1930 897 2160 962 directa,
2195 900 2308 952 vias
2341 916 2529 970 puras,
2561 911 2615 957 et
2639 905 2797 959 sorde
2827 908 3085 961 vacantes
3111 915 3272 960 nemo
3295 906 3442 960 videt
3470 922 3484 956 :

1929 993 2003 1046 ita
2034 991 2140 1045 nisi
2163 991 2246 1046 soi
2306 1007 2464 1060 quem
2517 1003 2698 1048 mente
2751 999 3151 1064 cognoscimus,
3185 1013 3304 1054 sese
3325 1007 3486 1053 extu-

1928 1085 2052 1138 lerit
2085 1125 2099 1147 ,
2132 1083 2387 1136 vitiorum
2434 1085 2730 1152 praecipitia
2767 1124 2783 1148 ,
2833 1099 2887 1141 et
2933 1087 3199 1143 directum
3254 1089 3484 1158 iustitiae

1926 1172 2141 1238 callem,
2167 1173 2586 1243 divinorumque
2612 1176 2988 1229 mandatorum
3014 1179 3480 1243 pulchritudinem

1925 1267 2109 1320 nullus
2143 1266 2424 1333 perspicit.
2462 1264 2518 1320 Si
2564 1279 2696 1335 ergo
2748 1265 3090 1322 Christianus
3139 1271 3437 1338 reperiatur
3465 1304 3480 1332 .

1923 1357 2018 1426 qui
2052 1371 2148 1426 per
2184 1357 2324 1410 viam
2379 1355 2748 1425 improbitatis
2795 1364 2963 1410 tetam
2993 1395 3008 1420 ,
3072 1367 3166 1411 aut
3209 1374 3279 1414 ex
3330 1373 3485 1426 parte

1923 1449 2260 1518 ingrediatur
2287 1490 2300 1514 ,
2335 1449 2565 1503 necdum
2615 1458 2700 1503 eat
2734 1447 3097 1503 Christianus.
3150 1449 3283 1504 Nam
3319 1452 3483 1505 Chri-

1921 1541 2131 1596 stianus
2164 1541 2231 1594 ab
2261 1541 2377 1607 ipsa
2427 1553 2630 1594 arcana
2685 1539 2778 1594 Dei
2829 1540 3184 1610 cognitione,
3232 1555 3339 1609 qua
3387 1558 3485 1609 per

1920 1639 2136 1685 sacrum
2162 1631 2428 1698 baptisma
2457 1629 2742 1695 imbuitur,
2769 1631 2953 1684 divino
2977 1631 3482 1700 impletur‘luminc,

1918 1732 1970 1775 et
2003 1722 2343 1778 illuminatus
2373 1731 2478 1788 est,
2508 1736 2573 1776 ac
2603 1723 2831 1778 dicitur.
2857 1724 3022 1792 Atqui
3077 1724 3259 1778 omnis
3294 1725 3386 1792 qui
3427 1726 3480 1779 in

237 1817 347 1877 est,
377 1812 524 1880 quod
555 1812 706 1867 nullo
728 1814 1056 1882 sepimento,
1089 1821 1185 1868 aut
1212 1815 1354 1867 nube
1424 1814 1771 1883 intercipitur
1793 1852 1805 1874 ,
1843 1796 1882 1850 Β
1911 1813 2119 1868 lumine
2148 1814 2414 1880 ambulat,
2481 1814 2666 1870 foveas
2720 1822 2774 1869 et
2825 1815 3154 1870 offendicula
3204 1818 3370 1870 videt.
3423 1815 3478 1870 Si

238 1911 334 1956 aut
365 1902 691 1972 prohibetur
721 1945 736 1970 ,
775 1912 953 1958 tamen
982 1903 1124 1958 haud
1163 1905 1232 1956 ab
1262 1903 1571 1958 inﬁdelibus
1601 1904 1810 1956 anima-

235 1991 475 2056 bus,sed
501 1995 569 2050 ab
595 1996 660 2050 iis
688 1995 888 2060 solum,
913 2010 1033 2065 qua:
1059 1991 1406 2050 inChristum
1434 1995 1807 2054 crediderunt.

235 2085 479 2140 videtur.
515 2085 726 2142 Fideles
761 2102 927 2158 porro
960 2088 1157 2143 animae
1187 2087 1240 2140 in
1262 2085 1492 2140 veritate
1517 2094 1663 2148 sunt,
1690 2100 1812 2154 qua:

235 2185 364 2246 post
395 2181 866 2249 regenerationem
901 2180 1072 2235 divini
1134 2189 1187 2234 et
1215 2179 1358 2234 sacri
1385 2178 1730 2248 baptismatis
1756 2175 1808 2229 in

236 2271 390 2323 nullo
422 2272 639 2338 penitus
667 2273 845 2342 magni
876 2272 994 2336 Dei,
1029 2283 1081 2326 et
1111 2271 1414 2325 Salvatoris
1443 2270 1617 2324 nostri
1677 2268 1805 2323 Jesu

236 2361 447 2415 Christi
510 2364 830 2417 mandatum
893 2362 1374 2432 transgrediuntur
1424 2378 1437 2412 :
1523 2359 1616 2412 sed
1684 2374 1804 2413 cum

234 2464 430 2506 sancto
467 2453 669 2508 Davide
699 2461 889 2522 optant
913 2453 1094 2507 dicere
1130 2469 1143 2505 :
1194 2453 1274 2505 Ad
1331 2451 1507 2504 omnia
1550 2448 1804 2502 mandata

234 2558 327 2594 tua
363 2543 647 2609 dirigebar.
687 2542 907 2597 Omnem
950 2545 1086 2597 uiam
1121 2543 1418 2610 iniquitatis
1470 2540 1589 2594 odio
1621 2537 1802 2605 habui,

231 2636 484 2701 quoniam
510 2635 686 2686 omnia
711 2637 960 2687 mandata
997 2635 1316 2701 tuajustitia
1354 2633 1415 2687 ³ο.
1448 2631 1632 2687 Ontnis
1657 2630 1797 2683 enim

230 2726 319 2792 qui
345 2726 477 2793 facit
541 2725 834 2792 justitiam,
861 2725 1049 2777 scribit
1081 2725 1307 2777 dilectus
1340 2723 1429 2776 ille
1450 2721 1684 2775 Joannes
1704 2758 1717 2782 ,
1736 2735 1802 2771 ex

230 2813 340 2866 Deo
375 2824 534 2866 natus
565 2823 638 2866 est
674 2830 690 2866 :
726 2814 812 2885 qui
840 2823 1012 2865 autem
1039 2813 1164 2883 facit
1196 2824 1487 2878 peccatum,
1509 2823 1576 2862 ea:
1591 2809 1800 2860 diabolo

227 2915 304 2957 est
338 2906 408 2958 ".
441 2903 680 2958 Fidelem
740 2906 920 2972 itaque
968 2912 1021 2958 et
1075 2903 1347 2957 infidelem
1404 2907 1660 2955 mandata
1683 2901 1798 2954 dis-

233 2996 518 3066 tinguunt.
600 2995 734 3050 Nam
795 3005 854 3050 ut
902 2997 956 3050 in
1003 2994 1242 3065 quolibet
1292 2994 1496 3048 Christi
1546 2993 1800 3046 mandato

225 3089 580 3157 exsequendo
614 3081 744 3141 iides
791 3098 844 3140 et
895 3085 1172 3140 confessio
1211 3083 1414 3138 Christi
1459 3092 1745 3138 exercetur
1779 3099 1872 3183 το

224 3183 304 3235 sic
330 3182 387 3235 in
410 3193 736 3249 unaquaque
758 3178 879 3248 ejus
899 3179 1136 3231 mandati
1164 3177 1457 3231 violatione
1509 3175 1798 3230 inﬁdelitas

221 3282 275 3326 et
307 3272 526 3341 negatio
546 3272 837 3325 invenitur.
864 3269 1228 3322 Credentibus
1251 3268 1419 3337 igitur
1444 3266 1498 3319 in
1517 3266 1794 3320 Christum

222 3365 553 3426 animabus,
587 3368 641 3414 et
689 3361 806 3428 ejus
854 3360 1007 3426 jussa
1053 3359 1305 3426 legesque
1357 3356 1638 3410 custodire
1682 3364 1796 3410 sta-

222 3453 528 3513 tuentibus,
566 3463 661 3516 pro
691 3462 944 3502 mensura
991 3446 1112 3499 lidei
1161 3456 1213 3500 et
1254 3444 1593 3506 obedientiae,
1627 3459 1791 3512 quam

219 3540 445 3594 Christo
477 3546 754 3607 praestant,
788 3538 951 3591 etiam
1008 3535 1116 3589 illis
1151 3542 1210 3587 ut
1253 3533 1475 3587 videant
1516 3533 1790 3602 largitur;

220 3633 366 3702 quod
404 3630 623 3699 quidem
646 3629 852 3692 videre,
881 3635 965 3681 est
997 3625 1189 3678 notitia
1215 3639 1403 3678 eorum
1429 3639 1549 3691 quae
1575 3625 1792 3692 proprie

219 3725 363 3777 bona
398 3730 526 3776 sunt
557 3728 609 3775 et
637 3736 757 3780 quae
788 3735 894 3772 non
925 3725 1084 3779 sunt,
1122 3732 1350 3786 quaeque
1384 3716 1435 3769 in
1483 3716 1643 3770 malis
1695 3716 1791 3770 ha-

218 3811 421 3874 benda,
456 3819 509 3862 et
541 3824 660 3876 qua:
692 3821 799 3861 non
829 3807 1099 3871 habenda,
1134 3820 1199 3858 ne
1225 3805 1450 3860 exitium
1471 3819 1569 3874 pro
1591 3805 1788 3872 salute.

219 3917 356 3956 neve
386 3900 616 3953 salutem
677 3913 774 3967 pro
827 3896 994 3950 exitio
1052 3897 1365 3949 intueamur
1409 3910 1422 3947 :
1476 3895 1572 3950 sed
1623 3895 1789 3950 veluti

217 4007 340 4045 cum
379 4004 573 4042 aurum
613 3987 911 4056 projectum
946 3986 1212 4048 videmus,
1245 3985 1310 4038 ad
1334 3985 1385 4038 id
1413 3985 1786 4054 colligendum

217 4081 608 4136 accurrimus:
662 4090 713 4132 et
761 4076 1120 4146 prmcipitium
1177 4077 1620 4144 conspicientes,
1676 4091 1784 4130 non

217 4172 342 4224 inde
397 4185 500 4224 nos
534 4170 932 4238 praecipitamus
963 4185 976 4220 :
1017 4169 1096 4221 sic
1132 4179 1422 4222 cernentes
1460 4166 1550 4222 Dei
1581 4167 1780 4221 volun-

217 4273 407 4326 tatem,
438 4272 688 4330 prompte
718 4260 782 4313 ad
818 4259 962 4312 illam
993 4258 1254 4320 ferimur;
1293 4265 1344 4311 et
1384 4257 1630 4311 videntes
1667 4272 1790 4326 pec.

214 4369 446 4418 catum,
501 4369 754 4408 cavemus
823 4367 892 4405 ne
941 4353 994 4404 in
1041 4351 1091 4403 id
1148 4349 1451 4418 praecipites
1529 4349 1789 4403 abeamus

1915 1919 2024 1958 non
2048 1904 2218 1967 videt,
2255 1920 2355 1959 nec
2386 1905 2569 1959 lumen
2605 1906 2786 1960 habet.
2828 1905 3116 1984 Quomodo
3141 1916 3271 1980 ergo
3322 1907 3480 1962 Chri-

1915 1995 2128 2046 stianus
2160 1992 2280 2046 est?
2315 1991 2370 2046 Si
2403 1999 2584 2046 autem
2615 2005 2673 2047 se
2695 1993 2877 2047 videre
2905 1993 3162 2060 aliirmat,
3194 2003 3245 2049 et
3280 1996 3475 2049 nihilo-

1913 2071 2096 2136 minus
2132 2083 2454 2137 deliciarum
2491 2083 2762 2138 illeCebris
2811 2085 3028 2153 capitur
3053 2125 3066 2148 ,
3129 2085 3476 2140 mendacium

1913 2172 2063 2225 dicit.
2095 2171 2248 2227 Videt
2267 2173 2411 2228 enim
2430 2173 2886 2243 quemadmodum
2912 2175 3004 2244 qui
3031 2175 3236 2229 lumine
3260 2185 3473 2238 carent,

1910 2264 1962 2317 id
1991 2272 2092 2325 est,
2127 2263 2373 2317 infideles
2405 2279 2420 2320 :
2455 2273 2508 2319 et
2541 2265 2616 2318 illi
2649 2266 2852 2336 quippe
2898 2266 3042 2321 bona
3095 2277 3150 2320 ct
3203 2267 3345 2320 mala
3396 2268 3480 2320 in-

1909 2360 2226 2407 ternoscunt
2263 2355 2506 2421 quidem,
2550 2365 2924 2410 verumtamen
2957 2371 2987 2410 a
3036 2356 3180 2410 malo
3234 2372 3344 2410 non
3376 2358 3474 2411 de-

1907 2445 2113 2498 clinant
2147 2463 2159 2498 :
2203 2453 2486 2514 propterea
2515 2447 2660 2514 quod
2696 2460 2805 2500 non
2846 2458 2982 2515 pure
3014 2458 3077 2501 ae
3130 2446 3335 2515 liquido
3387 2448 3461 2500 vi-

1906 2535 2055 2600 dent,
2087 2534 2213 2606 quid
2251 2535 2468 2606 preprie
2496 2535 2702 2590 bonum
2731 2547 2824 2590 aut
2861 2539 3065 2590 malum
3091 2539 3183 2590 sit.
3217 2539 3284 2590 At
3311 2537 3468 2593 Chri—

1907 2627 2115 2681 stianus
2151 2627 2391 2696 quandiu
2425 2642 2535 2681 non
2566 2629 2874 2697 perspicue.
2917 2643 2979 2682 ac
3012 2627 3235 2697 limpide
3258 2630 3461 2683 malum

1905 2720 2123 2780 cernit,
2169 2717 2410 2771 nondum
2459 2716 2568 2771 fuit
2620 2717 2990 2772 Christianus.
3039 2719 3284 2772 Certabit
3337 2735 3470 2774 vero

1905 2815 2184 2862 certamen
2217 2808 2271 2861 in
2311 2807 2622 2876 gemitibus,
2647 2815 2700 2862 et
2724 2807 2980 2878 lacrymis
3019 2815 3073 2862 et
3121 2808 3383 2878 jejuniis,
3411 2819 3470 2862 ut

1903 2897 2008 2953 sibi
2037 2913 2224 2953 verum
2261 2897 2674 2966 perfectumque
2727 2900 2911 2953 lumen
2963 2899 3248 2954 illucescat
3272 2941 3288 2966 ,
3321 2901 3469 2970 quod

1903 3001 2118 3042 omnem
2147 2987 2421 3041 hominem
2449 2988 2505 3042 in
2540 2987 2687 3041 hunc
2739 2988 3000 3042 mundum
3042 2988 3346 3044 venientem
3401 2991 3468 3073 ιιι.

1903 3080 2134 3134 luminat
2159 3079 2225 3143 ”,
2256 3087 2309 3133 et
2337 3078 2558 3133 habitus
2590 3078 2786 3132 animas
2837 3079 3113 3135 naturales
3161 3080 3413 3135 emendet
3442 3118 3459 3144 .

1901 3179 2065 3240 atque
2095 3170 2348 3233 iilustret,
2380 3169 2674 3237 ﬁrmesque
2700 3182 2765 3223 ac
2813 3163 3027 3225 validos
3061 3170 3252 3224 reddat
3280 3209 3294 3237 ,
3349 3187 3460 3240 quo

1899 3262 2234 3316 voluntatem
2265 3260 2359 3315 Dei
2384 3261 2604 3325 bonam,
2635 3260 3080 3330 beneplacentem
3110 3303 3124 3326 ,
3175 3270 3229 3316 et
3281 3263 3466 3330 perte-

1898 3362 2039 3410 ctam
2077 3354 2275 3419 videat,
2305 3361 2359 3410 et
2397 3354 2643 3410 eamdem
2677 3355 2873 3424 cupide
2916 3356 3282 3426 ardenterque
3305 3371 3459 3410 com-

1897 3446 2185 3514 plectatur.
2216 3445 2315 3510 Qui
2348 3446 2494 3500 enim
2523 3446 2632 3499 vim
2658 3447 2936 3501 coalestem
2971 3460 2999 3498 a
3031 3454 3220 3500 sancta
3284 3446 3463 3516 bapti-

1898 3536 2087 3590 smatis
2113 3537 2380 3592 natatoria
2406 3552 2513 3592 non
2533 3546 2842 3604 senserunt,
2862 3553 2981 3606 quae
3004 3539 3082 3593 vis
3122 3539 3461 3605 regeneratio

1893 3634 1947 3678 et
1976 3625 2276 3688 renovatio,
2310 3639 2387 3692 ει,
2424 3637 2482 3680 ιιι
2512 3641 2641 3682 vere
2669 3635 2772 3691 est,
2806 3627 3119 3682 reformatio
3151 3629 3322 3682 totius
3361 3628 3460 3682 ho-

1894 3716 2057 3770 minis
2078 3724 2335 3779 vocatur,
2364 3718 2429 3770 iis
2462 3725 2585 3785 post
2622 3718 2737 3771 haec
2786 3727 2840 3772 et
2885 3716 3227 3773 institutione
3263 3727 3316 3773 et
3355 3719 3461 3771 im-

1894 3804 2162 3874 positione
2192 3805 2624 3859 venerandarum
2659 3820 2919 3859 manuum
2949 3822 2978 3860 a
3015 3809 3220 3863 sanctis
3247 3808 3454 3863 illumid

1893 3900 2142 3967 natisque
2188 3912 2325 3966 opus
2353 3906 2455 3952 est.
2507 3897 2621 3952 Nisi
2687 3900 2834 3952 enim
2887 3900 3086 3968 cuique
3135 3901 3455 3954 Christiano

1893 3988 2109 4042 habitus
2144 4002 2175 4040 a
2203 3995 2400 4041 natura
2443 3988 2744 4058 ingenerati
2776 3998 2938 4043 antea
2968 3992 3203 4045 correcti
3229 4032 3244 4057 ,
3274 4001 3459 4049 trans.

1890 4079 2106 4143 mutati,
2137 4087 2191 4133 et
2217 4093 2246 4131 a
2275 4078 2616 4147 turpitudine
2638 4093 2733 4133 eos
2754 4078 3092 4134 obscurante
3115 4085 3452 4154 perpurgati,

1892 4167 2171 4236 solideque
2210 4167 2438 4221 stabiliti
2479 4167 2703 4231 fuerint,
2733 4167 3072 4236 perdiﬂicile,
3107 4172 3216 4224 imo
3246 4173 3455 4240 impos-

1894 4258 2049 4312 sibile
2075 4266 2158 4311 est
2176 4259 2400 4311 omnino
2423 4258 2598 4312 cuivis
2615 4257 2832 4318 animae.
2861 4259 3060 4314 divinis
3083 4261 3455 4317 voluntatibus

1892 4349 2139 4417 obsequi.
2168 4347 2300 4402 Nam
2352 4348 2504 4418 prius
2552 4349 2696 4418 quod
2745 4349 2922 4406 debile
2956 4359 3009 4404 et
3050 4359 3313 4420 aegrotum
3370 4364 3454 4409 est

214 4447 745 4515 confringanturque
776 4459 899 4498 ossa
937 4451 1144 4505 nostra,
1181 4449 1233 4494 et
1261 4455 1438 4508 neque
1469 4441 1533 4493 ad
1576 4447 1784 4506 tempe-
1811 4443 1864 4502 D
1891 4448 2083 4495 sanato
2110 4441 2563 4508 contirmatoque,
2595 4440 2667 4494 ita
2699 4440 2914 4495 demum
2964 4440 3028 4494 ad
3086 4443 3450 4496 ministerium

215 4541 476 4600 rantiam,
512 4553 686 4606 neque
709 4537 773 4590 ad
793 4536 1060 4604 justitiam
1083 4543 1232 4589 stare
1260 4533 1538 4600 possimus
1564 4546 1784 4584 :verum

212 4645 321 4683 non
360 4644 547 4692 secns,
580 4643 743 4696 quam
771 4627 861 4696 qni
890 4627 942 4678 in
967 4623 1454 4678 lectodecumbunt
1477 4622 1784 4692 paralytici,

209 4717 397 4786 jacere
433 4718 668 4770 velimus
700 4720 752 4770 in
785 4712 1172 4777 immunditiis,
1199 4720 1253 4765 et
1290 4712 1541 4777 avaritia,
1573 4719 1625 4764 et
1657 4726 1788 4780 gau-

211 4810 443 4862 deamus
464 4808 640 4875 potius
669 4809 839 4860 instar
861 4807 1206 4868 delictorum,
1234 4803 1616 4872 quorumdam,
1642 4801 1786 4854 nulla

211 4901 420 4954 idcirco
453 4899 705 4952 molestia
755 4901 1050 4967 doloreque
1075 4897 1278 4951 affecti.
1325 4895 1394 4950 Ut
1430 4897 1574 4950 enim
1605 4893 1782 4949 oculis

209 4993 456 5061 subjecta
488 4999 741 5044 creatura
773 4991 951 5043 omnis
988 4991 1339 5043 continenter
1381 4987 1605 5051 lumine,
1629 4986 1778 5056 quod

211 5081 470 5139 sentitur,
511 5077 736 5146 indiget,
777 5086 834 5130 ut
859 5079 1114 5131 videatur
1150 5095 1164 5132 :
1198 5080 1313 5148 pari
1336 5080 1498 5133 modo
1533 5077 1784 5146 quaelibet

210 5171 311 5222 sub
340 5165 758 5234 intelligentiam
795 5169 1020 5220 veniens
1053 5176 1248 5221 natura
1275 5207 1290 5233 ,
1343 5183 1558 5238 semper
1616 5167 1781 5233 intel-

209 5260 430 5313 tcctuali
460 5257 694 5326 quodam
731 5257 935 5309 lumine
970 5273 1108 5327 opus
1141 5260 1322 5325 habet,
1351 5269 1408 5313 ut
1428 5268 1605 5314 mente
1629 5272 1780 5312 com-

209 5352 606 5422 prehendatur.

277 5445 394 5499 Duo
421 5445 624 5514 quippe
661 5449 790 5496 sunt
842 5442 1091 5506 lumina.
1142 5461 1306 5498 unum
1361 5447 1448 5501 hic
1504 5445 1631 5510 sol,
1684 5444 1775 5512 qui

208 5551 428 5592 sensum
462 5543 682 5600 movet,
723 5541 776 5588 et
828 5534 945 5588 visu
1004 5536 1322 5605 percipitur,
1351 5539 1553 5607 quique
1603 5537 1777 5592 oculis

277 5717 318 5749 '°
359 5715 506 5772 Psal.
530 5730 722 5772 cxvtu.
752 5713 1011 5780 128,t72.
1087 5715 1124 5746 "
1148 5716 1167 5768 ι
1190 5713 1343 5769 Joan.
1389 5731 1467 5778 ιιι,
1497 5716 1550 5780 7,
1582 5717 1633 5770 8.

1712 5715 1754 5746 ¹¹
1785 5711 1939 5769 Joan.
2008 5727 2047 5780 ι,
2098 5713 2151 5769 9.

1884 4533 2144 4588 accedere
2179 4532 2260 4587 fas
2289 4541 2394 4597 est,
2425 4531 2572 4602 quod
2614 4533 2760 4585 omni
2792 4534 2882 4586 cui
2921 4533 3268 4586 ministratur
3313 4550 3450 4588 con-

1883 4625 2051 4680 ducit.
2086 4624 2240 4688 Quod
2281 4624 2426 4678 enim
2489 4622 2669 4676 adhuc
2712 4621 3014 4676 morbidum
3067 4632 3190 4687 est,
3231 4626 3450 4680 cuilibet

1885 4718 2016 4772 hero
2060 4715 2254 4774 inutile
2278 4723 2382 4768 est.
2418 4713 2492 4766 Ex
2522 4714 2620 4767 hac
2658 4713 2963 4783 ignorantia
2994 4715 3216 4783 plurimi
3254 4729 3449 4771 ascetat

1889 4808 2192 4863 imbecilles
2238 4815 2291 4860 et
2331 4805 2573 4869 invalidi,
2622 4805 2822 4858 frustra
2872 4806 3123 4860 laborant
3153 4849 3168 4874 ,
3218 4816 3270 4861 et
3320 4808 3450 4862 dor-

1841 4911 1843 4914 ‘
1893 4901 2064 4954 miunt
2095 4897 2250 4951 multi
2283 4897 2349 4956 ⁸³,
2383 4912 2521 4966 quos
2552 4897 2780 4968 proinde
2806 4905 3068 4952 aeternum
3095 4899 3228 4954 illud
3251 4901 3449 4954 incen-

1893 4992 2040 5046 dium
2069 4990 2356 5044 cremabit.

2473 5099 2730 5156 ORATIU
2769 5100 2861 5155 XI.

2481 5226 2864 5270 LBGUIENTUH.

1888 5324 1992 5390 Qui
2017 5327 2082 5380 de
2127 5329 2413 5395 prteteritis
2445 5330 2674 5396 peccatis
2725 5327 2883 5391 delet,
2927 5341 3047 5380 eum
3094 5321 3441 5396 nequidquam

1957 5392 2155 5457 dolere,
2183 5399 2285 5451 nisi
2333 5392 2666 5471 medicinam
2689 5413 2897 5471 quoque
2941 5392 3262 5471 inﬁrmitatis
3288 5406 3436 5471 ἐιξιτ,

1963 5483 2062 5540 per
2101 5483 2257 5534 quam
2305 5477 2561 5540 ρει-(αμα
2605 5466 2815 5540 Christo
2859 5465 3150 5540 ﬂagitatam
3188 5465 3439 5540 accipiat.

1961 5530 2576 5606 Quwcunque'liomincs
2642 5537 2694 5588 in
2742 5535 2838 5586 hac
2891 5535 2993 5586 vita
3054 5536 3241 5599 agunt,
3283 5530 3328 5584 si
3371 5530 3438 5582 ad

2231 5708 2275 5744 ⁸³
2313 5712 2483 5767 lCor.
2545 5725 2605 5769 ιι,
2654 5707 2740 5762 50.
