4128 6338
573 346 665 407 3ῦι

1821 316 2184 388 SIMEONIS
2222 327 2581 390 JUNIORIS

3725 328 3828 391 308

643 473 944 512 ιιιιιιλιιίνίςηι
1000 455 1286 506 sanitatem
1335 465 1395 501 ea
1453 463 1554 500 non
1611 441 1930 502 contini-aut,
1962 440 2147 492 inania
2182 446 2221 499 Α
2254 451 2424 505 tuum,
2467 442 2570 496 hoc
2609 448 2715 504 est,
2749 441 2941 511 gratis,
2967 452 3024 494 ut
3071 443 3266 498 habens
3294 459 3481 497 nomen
3513 440 3828 511 gloriosum,

641 547 772 585 csse.
806 527 1023 594 utroque
1069 523 1276 575 morbos
1320 518 1627 588 spirituulcs
1657 528 1846 594 tau-rare
1879 523 2143 577 oportere.

647 584 948 664 Quomodo.
987 607 1208 661 sponte,
1267 601 1315 644 ει
1348 584 1570 658 ’ρι’ωιει*
1642 584 1972 640 voluntatem
2026 596 2148 648 pec-

647 685 814 724 citur.

646 813 706 865 In
742 807 1022 878 lacrytnis,
1056 814 1109 860 ct
1138 819 1376 859 thI‘OI‘C
1404 800 1636 861 versari,
1665 805 1717 853 et
1742 794 2011 866 precaria
2040 793 2152 847 Deo

578 904 1012 962 tiiiscricordiam
1053 901 1122 954 ob
1180 898 1380 952 delicta
1421 911 1543 957 sua,
1605 889 2152 961 prmccdentibusque

577 997 981 1055 offensionibus
1008 1002 1061 1048 ct
1097 992 1298 1046 erratis
1323 989 1536 1042 veniam
1574 998 1828 1056 poscere,
1852 983 2057 1037 bonum
2090 994 2154 1032 ac

579 1092 852 1147 laudabile
875 1098 998 1143 est:
1039 1086 1135 1138 sed
1192 1081 1336 1136 istud
1386 1079 1799 1148 nihilcuiquam
1841 1071 2157 1127 commoda-

581 1187 680 1246 bit,
711 1183 812 1236 nisi
851 1179 1110 1234 Christus
1156 1173 1636 1231 itnbccillitatibus
1668 1171 1786 1238 cjus
1821 1165 2152 1222 medicinam

580 1277 770 1331 fecerit
814 1295 823 1328 :
860 1272 1060 1342 quibus
1115 1268 1316 1323 ascribi
1356 1265 1538 1327 debet,
1565 1263 1705 1332 quod
1739 1261 1900 1315 ctiam
1928 1271 2156 1327 peccare

580 1376 839 1438 nequeat.
876 1363 1150 1430 Quocirca
1182 1359 1456 1430 pozttilcns
1488 1357 1800 1424 quibusque
1836 1349 2153 1410 contendet,

583 1475 642 1515 ut
679 1477 706 1514 a
741 1459 959 1514 Christo
990 1457 1162 1518 vires,
1190 1453 1257 1506 ad
1293 1450 1617 1504 atiectioncs
1651 1445 1900 1498 turbidas
1939 1443 2157 1511 penitus

583 1554 914 1624 penituSquc
948 1547 1316 1620 proﬁigandas
1350 1545 1623 1612 impetret,
1662 1554 1771 1607 quo
1801 1537 1914 1604 jam
1942 1533 2155 1588 sancti-

583 1647 802 1707 ﬁcatus,
830 1645 892 1696 ad
929 1638 1336 1707 chvquendam
1375 1634 1466 1686 I‘»ci
1495 1633 1854 1689 voluntatem,
1879 1635 1927 1679 cl
1954 1622 2156 1678 Christi

584 1739 736 1807 iussa
799 1731 1123 1790 l’accssenda
1178 1736 1360 1798 aptus,
1395 1733 1447 1778 et
1499 1723 1730 1776 idoneus
1782 1721 1894 1773 ﬁat.
1946 1718 2156 1770 Etenim

585 1839 713 1883 aute
736 1824 1253 1884 sanctiﬁcationcm,
1288 1820 1339 1873 id
1373 1829 1476 1881 cst,
1509 1824 1634 1869 ante
1669 1814 1916 1882 adeptam
1948 1820 2162 1879 perlutu-

589 1923 871 1976 batiouum
933 1916 1309 1981 vacuitatem,
1375 1912 1467 1980 qui
1523 1911 1823 1978 aliquando
1878 1921 1943 1959 cx
1997 1905 2163 1958 insita

588 2014 912 2087 inﬁrmitate
944 2023 1002 2064 se
1043 2008 1206 2076 culpa
1259 1990 1634 2061 contaminat;
1671 1999 1966 2070 aliquando
1998 1996 2167 2052 semel

590 2108 658 2162 ad
684 2104 893 2160 Christi
925 2108 1197 2171 praecepta
1240 2095 1508 2153 servanda
1541 2095 1707 2163 cogit,
1743 2107 1903 2162 quem
1944 2089 2166 2144 tandem

593 2202 830 2255 fructum
875 2192 1301 2265 colligil?Certe
1344 2190 1661 2252 aediﬁcanti,
1698 2196 1752 2242 ct
1777 2199 1997 2239 rursum
2034 2181 2165 2236 mdi-

594 2295 752 2346 licata
819 2287 1127 2344 destrucnli
1157 2284 1350 2337 similis
1391 2293 1496 2335 est.
1541 2279 1726 2346 Itaque
1759 2286 1965 2328 natura:
1994 2272 2167 2337 imbel-

600 2385 883 2438 tillitatem
925 2386 956 2432 ‘a
989 2377 1214 2432 Christo
1251 2373 1434 2427 sanari
1470 2386 1700 2424 necesse
1747 2375 1853 2430 est,
1887 2365 1982 2434 qui
2018 2363 2172 2418 solus

603 2480 828 2537 advenit
860 2477 1107 2530 medicus
1139 2471 1204 2525 ad
1233 2467 1501 2523 tollendas
1533 2463 1881 2518 inﬁrmitates
1919 2466 2167 2523 nostras,

595 2594 625 2628 e
681 2571 885 2642 quibus
934 2576 1018 2620 cst
1071 2565 1188 2627 illa,
1230 2560 1373 2615 unde
1419 2561 1473 2613 in
1517 2562 1747 2625 peccata
1780 2551 1990 2622 prolabi
2041 2564 2172 2604 con~

597 2640 901 2720 suevimus.
938 2655 1036 2710 IIic
1066 2664 1147 2709 est
1175 2652 1321 2706 enim
1361 2650 1550 2718 Agnus
1583 2646 1698 2708 Dei,
1731 2643 1822 2712 qui
1873 2640 2016 2718 tollit
2047 2653 2174 2707 pce—

599 2767 720 2812 cata
757 2750 983 2814 mundi,
1030 2761 1151 2816 quae
1208 2756 1292 2798 cst
1341 2752 1616 2809 corruptae
1695 2746 1908 2790 natura:
1973 2743 2176 2787 nostra:

601 2850 914 2906 inﬁrmitas.
967 2844 1096 2897 Post
1155 2839 1426 2892 Adamum
1486 2833 1686 2902 quippe
1733 2838 1952 2898 propter
1983 2826 2175 2880 inobc-

601 2944 819 2998 dientian
851 2937 1030 2993 scelus
1079 2951 1108 2986 c
1141 2931 1395 3002 paradiso
1455 2927 1714 2995 ejectum,
1745 2923 1909 2975 homo
1949 2918 2180 2989 quilibet

603 3051 771 3107 inger,
804 3033 1024 3092 debilis,
1065 3026 1317 3079 inﬁrmus
1375 3029 1461 3074 est
1512 3017 1786 3071 redditus.
1831 3013 2178 3066 Inﬁrmitales

605 3143 768 3198 porro
835 3126 916 3178 Inc

607 3189 938 3270 voluntatem
1009 3205 1411 3262 intercedentes
1471 3220 1484 3254 :
1552 3207 1610 3252 ut
1667 3207 2056 3262 nonnunquam
2112 3189 2177 3243 ad

607 3321 881 3370 naturam,
918 3314 1306 3369 nonnunquam
1380 3295 1443 3348 ad
1485 3292 1770 3346 arbitrium
1830 3296 1884 3342 ct
1927 3286 2180 3338 \‘01Utttu-

611 3422 717 3462 tem
756 3399 1055 3458 rel'ercndae
1097 3397 1408 3449 vidcantur.
1446 3388 1588 3442 Sunt
1621 3393 1804 3439 autem
1835 3381 1976 3437 ista).
2007 3377 2180 3432 IIomo

611 3500 792 3569 quivis
849 3493 971 3564 plus
1015 3489 1199 3543 minus
1238 3485 1343 3538 alio
1388 3479 1636 3535 inﬁrmus
1691 3483 1774 3529 est
1809 3472 1874 3526 ad
1906 3471 2178 3526 sinceram

612 3589 966 3648 cbaritatem.
994 3582 1254 3636 Inﬁrmus
1291 3576 1357 3630 ad
1395 3589 1502 3626 non
1535 3567 1905 3623 invidendum.
1931 3562 2182 3614 Inﬁrmus

612 3685 677 3738 ad
710 3698 815 3736 non
854 3677 1296 3733 com-iciandum.
1357 3669 1612 3722 lnﬁituus
1644 3663 1707 3717 ad
1731 3676 1841 3716 non
1889 3656 2182 3729 reprehen-

612 3776 875 3829 tlcu'dum.
904 3769 1160 3822 Inﬁrmus
1188 3764 1253 3816 ad
1290 3777 1397 3816 non
1434 3756 1792 3812 irridendum.
1834 3753 2088 3805 Inﬁrmus
2116 3746 2182 3799 ad

615 3884 723 3920 non
763 3859 1163 3918 mentiendum.
1216 3853 1472 3908 Inﬁrmus
1519 3849 1583 3902 ad
1646 3861 1753 3900 non
1811 3839 2180 3896 irascendum.

616 3959 871 4012 Inﬁrmus
931 3950 998 4004 ad
1047 3964 1154 4002 non
1211 3940 1718 4012 concupiscendum
1766 3931 2012 4004 jucunda
2065 3946 2184 3998 qua:

614 4046 788 4100 videt.
839 4041 1093 4097 Inﬁrmus
1163 4036 1230 4090 ad
1299 4031 1746 4102 temperantiam.
1803 4025 2057 4078 Inﬁrmus
2117 4020 2182 4072 ad

619 4136 892 4191 vitandam
925 4145 1121 4184 vanam
1172 4127 1422 4196 gloriam.
1462 4123 1717 4175 Inﬁrmus
1754 4117 1818 4170 ad
1873 4111 2184 4183 fugiendam

621 4227 930 4281 avaritiam.
966 4219 1224 4274 Inﬁrmus
1251 4224 1310 4268 ut
1341 4214 1476 4266 nolit
1501 4212 1643 4270 aliis,
1675 4220 1726 4259 ct
1756 4205 2063 4272 :equalibus
2097 4208 2187 4251 aut

621 4318 943 4387 sapientior,
974 4321 1069 4364 aut
1130 4305 1476 4374 prudentior,
1515 4308 1609 4352 aut
1643 4295 1940 4356 robustior,
1980 4301 2072 4344 aut
2102 4305 2190 4342 ce-

624 4409 844 4469 lt-brior,
889 4415 981 4457 aut
1011 4404 1218 4455 honore
1247 4395 1462 4462 dignior
1493 4408 1633 4445 csse.
1668 4389 1920 4441 Inﬁrums
1943 4384 2007 4436 ad
2037 4399 2188 4435 cotu-

625 4500 1058 4558 tniserationem,
1109 4493 1173 4545 ad
1221 4486 1685 4545 tniscricordiam,
1721 4483 1782 4533 ad
1818 4479 2186 4532 conminuica-

627 4599 880 4655 tionem,
951 4590 1015 4642 ad
1074 4585 1271 4654 gratias
1331 4581 1441 4633 Deo
1495 4576 1716 4629 assidue
1784 4569 2065 4638 agendas,
2131 4564 2196 4616 ad

627 4683 1016 4742 abstinendum
1064 4679 1131 4730 ab
1192 4674 1339 4728 omni
1396 4671 1539 4722 malo
1572 4709 1584 4731 ,
1649 4669 1716 4718 ad
1766 4659 2195 4716 consectandum

627 4793 787 4831 otnuc
851 4775 1054 4827 bonum
1101 4787 1112 4820 :
1155 4774 1212 4820 ιιι
1255 4759 1739 4832 quemadmodum,
1770 4767 1934 4823 supra
1990 4750 2196 4803 dictum

627 4878 733 4926 cst,
760 4879 906 4918 nunc
953 4861 1168 4930 quidem
1198 4873 1291 4924 per
1335 4857 1441 4906 viai
1479 4851 1666 4904 liberte
1704 4842 2024 4904 voluntatis,
2053 4852 2199 4892 nunc

631 4972 726 5025 per
762 4929 983 5004 naturar
1018 4946 1363 4999 tvrannidcm
1418 4941 1672 4995 inﬁrmus
1709 4946 1871 5004 atquc
1914 4929 2200 4984 imbecillis

631 5052 912 5114 appareat.

701 5154 858 5222 Quod
892 5168 1014 5206 cum
1052 5150 1122 5202 ita
1159 5148 1249 5208 sit,
1289 5147 1453 5199 hasce
1485 5143 1829 5197 inﬁrmitates
1882 5147 1934 5190 ct
1978 5137 2203 5202 languo-

635 5266 722 5303 rcs
749 5250 883 5300 istos
921 5242 1101 5297 curari
1144 5246 1389 5310 oportet;
1435 5250 1678 5306 quaerere
1704 5243 1884 5286 autem
1926 5228 2199 5282 medicum

635 5359 658 5392 ιι
695 5356 802 5407 quo
839 5346 1122 5400 curentur,
1155 5333 1325 5402 inagis
1385 5337 1624 5398 oportet.
1669 5325 1797 5378 Ideo
1837 5321 1996 5374 nobis
2032 5319 2193 5372 Chri-

637 5433 832 5485 stianis
866 5440 1080 5496 precem
1112 5427 1412 5494 supplicem
1449 5420 1686 5489 majores
1719 5416 2198 5486 prmscripserunt,

641 5536 695 5577 ut
729 5526 977 5576 dicamus
1035 5533 1248 5586 semper
1313 5513 1448 5576 Deo,
1493 5513 1554 5576 in,
1585 5509 1917 5564 contritione
1972 5504 2194 5558 cordis:

650 5615 842 5679 I'tsitu,
876 5625 923 5667 et
971 5630 1101 5665 sonu
1139 5609 1474 5676 inﬁrmitates
1532 5611 1741 5655 nostras
1769 5608 1982 5668 propter
2015 5612 2200 5650 nomen

713 5803 754 5833 ιε
793 5801 833 5853 ιι
874 5801 1014 5854 I’ctr.
1059 5815 1096 5863 ι,
1145 5799 1198 5852 ι.
1275 5796 1317 5827 ³⁸
1359 5795 1466 5849 Isa.
1511 5807 1627 5859 un.
1675 5790 1726 5843 4-

1806 5789 1851 5820 ’“
1879 5786 2046 5841 Ilcbr.
2113 5776 2200 5848 ιι,’
2230 5782 2312 5836 14.

2254 545 2307 586 ut
2337 534 2664 594 misericors,
2698 541 2746 584 et
2775 532 3164 600 benefactor,et
3191 535 3339 588 solus
3379 533 3635 588 medicus.
3664 530 3834 596 Quis-

2255 629 2380 699 quis
2455 627 2626 696 igitur
2688 627 3032 683 curationem
3078 639 3160 682 est
3238 642 3589 692 consecutus,
3650 624 3830 681 evasit

2256 722 2422 776 etiam
2459 719 2863 778 Christianus;
2889 734 2991 773 nec
3017 718 3069 772 in
3107 720 3290 790 seipso
3331 721 3620 790 gloriatur,
3651 718 3742 774 sed
3772 718 3830 772 in

2257 816 2490 879 medico,
2516 818 2602 869 cui
2623 814 2740 869 dies
2764 822 3064 883 noctesque
3096 814 3297 882 gratias
3325 815 3460 885 agit,
3487 823 3620 868 etcx
3647 813 3832 868 animo

2256 923 2315 962 se
2358 906 2627 960 ltuntiliat.
2669 906 2780 959 Nisi
2812 907 2959 960 enim
2985 914 3217 961 sanatus
3251 905 3549 971 invenitur,
3583 904 3828 958 nondum

2258 1005 2488 1053 sanatus
2529 1007 2634 1062 est,
2666 997 2734 1051 ab
2790 996 3103 1067 ignorantia
3152 996 3430 1062 videlicet,
3461 995 3579 1049 sive
3621 993 3837 1059 incogi-

2260 1091 2454 1153 tantia,
2479 1099 2538 1142 ut
2568 1089 2661 1158 qui
2721 1089 2954 1152 nesciat,
2991 1088 3120 1158 quid
3157 1087 3265 1141 Deo
3299 1087 3466 1153 dicat,
3495 1096 3548 1140 et
3580 1101 3718 1156 quas
3748 1086 3838 1138 iu-

2260 1183 2549 1238 ﬁrmitatcs
2596 1183 2780 1247 sanari
2821 1181 3124 1237 desideret.
3151 1179 3307 1247 Quod
3344 1180 3390 1234 si
3439 1195 3549 1234 non
3580 1185 3836 1241 curatus,

2260 1285 2641 1346 purgatusque
2673 1276 2970 1337 moriatur,
3012 1275 3276 1344 gelictina:
3308 1273 3547 1328 ﬂammis
3581 1273 3633 1325 in
3673 1283 3841 1326 omne

2262 1384 2434 1423 urvum
2469 1370 2669 1423 ardens
2710 1367 3055 1437 purgabitur.
3089 1366 3187 1419 Est
3224 1382 3355 1422 vero
3379 1379 3640 1436 perquam
3671 1366 3841 1417 misc-

2263 1462 2434 1514 rabilc
2469 1461 2865 1530 spectaculum,
2922 1475 3046 1513 cum
3114 1459 3365 1514 homines
3398 1458 3695 1513 Christiani
3744 1456 3842 1508 diu

2262 1564 2542 1620 noctuque
2617 1555 2900 1608 clamant:
2949 1553 3141 1616 I’isita,
3207 1563 3255 1605 et
3311 1569 3445 1606 sana
3502 1551 3845 1618 inﬁrmitates

2264 1659 2502 1710 nostras,
2555 1648 2820 1709 Domine;
2875 1657 2925 1699 et
2994 1646 3256 1698 Dominus
3327 1645 3413 1698 his
3486 1643 3687 1697 mederi
3734 1655 3842 1694 non

2263 1747 2462 1808 potest,
2522 1739 2670 1799 cum,
2728 1754 2847 1806 qum
2900 1739 3010 1790 sint
3043 1737 3287 1805 ipsorum
3321 1734 3668 1788 inﬁrmitates
3699 1732 3847 1799 (quae

2265 1837 2594 1893 tantm,tam
2653 1830 2859 1892 multm,
2924 1839 3034 1880 tam
3114 1825 3282 1880 varia:
3351 1824 3500 1892 sunt)
3570 1821 3843 1876 nesciant.

2266 1922 2393 1977 Haec
2424 1936 2588 1975 causa
2628 1929 2731 1984 est,
2787 1935 2882 1973 cur
2929 1917 3230 1972 Christiani
3304 1924 3548 1985 pereant,
3599 1914 3848 1967 demenv

2269 2015 2407 2069 dicis
2444 2019 2495 2068 ct
2529 2012 2888 2080 pauperibus,
2947 2010 3014 2065 de
3064 2009 3274 2063 civibus
3327 2015 3381 2062 et
3438 2005 3728 2068 militibus,
3782 2006 3851 2056 de

2270 2105 2580 2161 monachis.
2644 2104 2880 2167 clericis,
2943 2101 3214 2165 diaconis,
3278 2098 3675 2158 sacerdotibus,
3733 2095 3852 2164 epi-

2272 2200 2479 2268 scopis,
2514 2197 2858 2266 principibus
2881 2203 2935 2249 ct
2985 2193 3228 2265 regibus.
3265 2191 3474 2245 Horum
3501 2188 3850 2243 inﬁrmitates

2270 2290 2640 2360 ροιιιιιιιιιιὶῐρι·
2695 2302 2757 2340 ac
2798 2287 2962 2341 simul
2998 2299 3106 2339 uno
3170 2284 3405 2352 quodam
3466 2276 3850 2340 medicamine,

2270 2381 2470 2436 divina:
2493 2389 2700 2432 natura:
2747 2377 3138 2431 communione
3171 2375 3383 2427 scilicet
3412 2381 3697 2426 curantur.
3718 2367 3850 2422 'Nisi

2272 2475 2416 2530 enim
2452 2469 2836 2539 unusquisque
2880 2466 3231 2521 Christianus
3296 2461 3601 2518 secundum
3631 2469 3851 2528 captum

2275 2565 2509 2638 propriae
2543 2562 2668 2617 ﬁdei
2720 2562 2916 2614 divinae
2971 2568 3176 2611 natura:
3208 2570 3439 2609 consors
3473 2553 3636 2607 fuerit
3659 2551 3721 2615 ³⁵,
3756 2565 3852 2604 seu

2277 2659 2592 2732 pervigilet,
2623 2671 2720 2709 sett
2759 2652 2908 2707 Iunii
2943 2653 3128 2713 cubet,
3182 2666 3278 2704 seu
3363 2647 3480 2703 dics
3555 2653 3856 2712 noctesque

2280 2753 2501 2822 psallat,
2542 2758 2595 2802 et
2622 2747 2855 2816 ji-junet,
2895 2753 2948 2796 et
2998 2757 3192 2811 preces
3229 2744 3566 2808 frequentet,
3600 2740 3646 2790 si
3703 2737 3858 2789 incu-

2282 2856 2434 2900 ratus
2487 2839 2772 2898 manserit,
2843 2846 2995 2891 extra
3050 2845 3255 2904 partem
3309 2832 3536 2896 Christi,
3597 2830 3741 2884 sicut
3802 2835 3856 2881 ct

2285 2936 2556 2998 inﬁdeles,
2612 2941 2818 2985 manet.
2873 2928 3142 2992 Quoniam
3216 2925 3395 2977 omnis
3427 2923 3611 2985 homo,
3639 2919 3858 2986 sapiens

2283 3027 2572 3096 insipiens,
2601 3021 2910 3090 intelligens
2956 3019 3209 3078 obtusus,
3243 3013 3484 3084 prudens
3517 3012 3859 3076 imprudens,

991 3116 1339 3172 admirabiles
1397 3119 1578 3172 suut,.
1613 3109 1754 3162 inter
1818 3113 2066 3158 naturam
2127 3110 2176 3155 et

2288 3121 2537 3175 eruditus
2588 3114 2862 3171 lltdOtlllS,
2912 3110 3153 3163 urbanus
3216 3109 3480 3168 rusticus,
3516 3103 3669 3158 dives
3705 3117 3857 3157 men-

2286 3213 2462 3275 dicus,
2490 3210 2578 3263 cui
2610 3207 2755 3274 quod
2788 3206 2943 3258 adest
2971 3201 3185 3261 subicit,
3220 3208 3276 3253 et
3307 3198 3401 3267 qui
3436 3196 3622 3250 labore
3654 3194 3858 3246 victum

2287 3303 2502 3365 tolerat,
2557 3310 2897 3366 quzccunquc
2937 3294 2988 3346 in
3040 3293 3139 3344 hac
3170 3290 3276 3340 vita
3318 3303 3439 3340 cum
3472 3285 3677 3346 labore,
3705 3282 3863 3336 lassi-

2286 3393 2476 3447 tudine
2527 3398 2581 3442 et
2613 3400 2854 3441 :crumna
2907 3382 3168 3443 olfecerit,
3220 3380 3325 3432 nisi
3388 3378 3498 3431 huc
3561 3376 3739 3430 solum
3797 3388 3860 3427 ea

2285 3486 2558 3549 conferat,
2619 3488 2680 3536 ut
2720 3479 2840 3548 ejus
2879 3479 3063 3531 anima
3106 3471 3517 3529 inﬁrmitatibus
3580 3468 3778 3530 soluta,
3807 3474 3862 3521 et

2287 3577 2578 3634 incolumis
2613 3575 2707 3634 sit,
2757 3586 2895 3624 vana
2951 3579 3004 3624 et
3064 3579 3398 3634 supervacua
3464 3569 3592 3618 sunt
3653 3561 3858 3624 omnia,

2288 3672 2627 3736 faciuntque,
2691 3677 2747 3719 ut
2778 3673 2932 3717 extra
2975 3676 3202 3729 regnum
3235 3657 3524 3718 caelorum,
3556 3653 3702 3722 quod
3739 3662 3861 3706 tan-

2289 3760 2568 3820 tummodo
2609 3759 2830 3815 illa-sas,
2865 3771 2926 3806 ac
2962 3751 3196 3819 sospites
3248 3750 3460 3802 animas
3488 3744 3747 3804 admittit,
3781 3757 3867 3796 re-

2288 3856 2589 3920 linquatur.
2628 3849 2900 3902 (ἷωιριιιιιι
2957 3844 3137 3898 cumis
3186 3843 3389 3901 anima,
3436 3853 3556 3907 qua:
3586 3835 3864 3906 pra'dictis

2289 3943 2495 4000 morbis
2529 3953 2743 3995 tem-tur
2794 3938 3084 4007 implicita,
3139 3946 3187 3988 cl
3219 3948 3396 3986 rerum
3459 3945 3582 3984 cum
3635 3943 3864 3996 corpore

2288 4035 2715 4103 coniunctorum
2775 4027 3189 4098 cupiditatibus,
3246 4035 3299 4077 ct
3336 4032 3865 4074 terrenorumnutu-

2291 4129 2665 4189 danorumquc
2725 4117 3172 4188 appetitionilms,
3229 4124 3280 4168 ct
3336 4112 3521 4182 gloria:
3552 4108 3862 4167 desideriis.

2291 4233 2388 4271 nec
2418 4231 2445 4267 a
2483 4214 2800 4280 semetipsa,
2854 4225 2953 4264 nec
2989 4209 3058 4262 ab
3091 4206 3405 4260 hominibus
3439 4202 3620 4256 curari
3650 4200 3866 4256 sanari-

2292 4325 2399 4379 que
2436 4321 2675 4372 unquam
2716 4311 2893 4369 potest
2927 4318 2938 4353 :
2977 4300 3068 4353 sed
3111 4316 3137 4351 a
3177 4299 3293 4352 solo
3341 4296 3588 4356 Domino,
3646 4309 3710 4347 ac
3759 4293 3866 4344 Deo

2298 4409 2489 4453 uestro
2521 4396 2649 4450 Jcsu
2687 4383 2930 4456 Christo,
2962 4391 3029 4444 de
3074 4406 3181 4460 quo
3215 4391 3478 4457 scriptum
3502 4394 3701 4447 exstat,
3728 4384 3864 4447 Quia

2298 4498 2408 4564 ipse
2439 4501 2648 4561 pet‘Cttltt
2687 4499 2872 4541 nostra
2924 4488 3087 4549 tulit,
3126 4484 3464 4550 inﬁrmitates
3517 4488 3727 4531 nostras
3762 4477 3868 4534 igse

2297 4587 2526 4656 portarit
2549 4586 2610 4636 ³⁵.
2647 4582 2701 4634 Si
2738 4579 3186 4647 namqueaninue
3213 4575 3643 4631 hominum,non
3679 4570 3869 4622 albeo-

2301 4694 2416 4730 rttttt
2465 4684 2518 4728 et
2565 4673 2913 4728 ethnicorum
2975 4668 3160 4730 modo,
3231 4665 3323 4719 sed
3396 4664 3560 4716 ctiam
3625 4663 3867 4730 ipsorum

2300 4768 2649 4824 Hebraeorum
2697 4764 3058 4825 credentium,
3112 4759 3268 4811 fat-ile
3328 4755 3632 4809 mundanas
3661 4752 3869 4820 cupidi-

2300 4870 2461 4925 tates,
2509 4869 2562 4913 et
2594 4857 2847 4911 carnales
2900 4853 3172 4922 appetitus
3209 4851 3391 4903 odisse
3428 4846 3761 4916 potuissent,
3817 4849 3871 4893 et

2302 4955 2373 5007 ita
2433 4949 2618 5003 mumli
2683 4946 2981 5016 principem
3035 4940 3333 5003 dialvolum,
3366 4939 3457 5004 qui
3516 4949 3610 5004 per
3641 4934 3731 4986 illa
3767 4931 3870 4983 im-

2304 5043 2514 5114 perium
2552 5041 2743 5093 mortis
2779 5036 2940 5089 habet
2965 5035 3029 5099 δεῖ,
3088 5032 3343 5101 eﬂ‘ugcrc,
3385 5031 3586 5094 bonus,
3659 5022 3870 5078 n.iseri-

2303 5149 2426 5189 cors
2466 5141 2519 5186 ct
2562 5129 2829 5198 benignus
2884 5127 3023 5180 Deus
3078 5125 3240 5178 homo
3274 5123 3413 5186 ﬁeri,
3447 5117 3796 5176 contumeliis
3821 5122 3873 5170 et

2306 5222 2589 5280 tormentis
2623 5220 2780 5285 allici,
2811 5235 2874 5272 ac
2899 5233 2994 5288 per
3033 5226 3260 5272 mortem
3309 5217 3361 5268 iu
3399 5213 3673 5283 mferiorcs
3701 5217 3872 5279 partes

2310 5331 2466 5372 terrw
2490 5315 2797 5368 descendere
2825 5314 2866 5344 ³⁷
2905 5311 3130 5364 ontnino
3161 5308 3296 5362 nihil
3320 5319 3556 5375 necesse,
3571 5300 3869 5356 habuisset.

2311 5409 2442 5463 Nam
2473 5407 2658 5460 odisse
2683 5405 2968 5468 mundum,
3022 5411 3075 5455 et
3110 5417 3171 5455 ea
3200 5415 3321 5470 qua:
3351 5399 3404 5453 in
3476 5393 3680 5449 mundo
3726 5396 3874 5454 sunt,

2311 5516 2539 5570 qumque
2574 5499 2640 5550 ad
2689 5513 2907 5551 carnem
2962 5503 3231 5564 spectant,
3265 5493 3378 5548 sola
3401 5489 3600 5544 divinas
3656 5481 3875 5541 virtutis

2309 5592 2438 5649 Jcsu
2462 5589 2878 5662 participatione
2907 5586 3195 5658 contingit.

2393 5782 2437 5815 ³τ
2476 5778 2646 5836 Eccli.
2676 5793 2834 5832 ιιιιύ
2862 5774 2953 5829 45.
