4164 6342
274 439 378 500 369

1663 448 1944 511 ORATIO
1982 453 2120 512 XII.

3417 453 3520 516 37D

350 550 488 619 Ergo
523 550 841 620 quicunque
873 550 928 604 in
981 550 1257 606 Christum
1309 556 1558 621 credunt,
1590 559 1695 616 nisi
1730 569 1857 616 ante
1886 561 1933 617 A
1960 573 2179 631 propter
2231 563 2396 617 Deum
2431 564 2764 634 jejuuemus,
2812 568 2906 617 aut
2976 562 3352 632 eleemosynas
3421 567 3523 619 im-

281 642 508 695 virtutis
538 642 664 710 ejus,
697 643 903 697 auxilio
931 644 1231 705 mundana.
1282 655 1334 703 et
1369 652 1608 705 carnalia
1643 654 1857 707 medul-

277 728 408 784 litus
432 729 652 784 oderint
694 746 999 802 nunquam,
1026 736 1120 790 ulli
1169 736 1549 792 mandatorum
1607 739 1854 808 ejusdem

272 834 466 889 gerere
491 833 702 874 morem
751 833 1030 893 poterunt,
1065 827 1210 882 sicut
1263 827 1490 898 legimus
1525 846 1538 882 :
1569 827 1786 883 Declina
1827 847 1857 882 a

275 912 441 973 malo,
477 922 528 965 et
555 912 642 981 fac
673 913 865 970 bonum
892 917 957 971 ³⁸.
996 918 1073 974 Ex
1110 921 1311 990 quibus
1331 923 1603 993 sequitur,
1636 922 1859 978 creden-

276 1013 386 1055 tem
416 1003 470 1056 in
527 1004 808 1060 Christum
877 1017 1002 1064 ante
1050 1004 1234 1068 omnia
1297 1014 1500 1070 Christi
1575 1016 1856 1079 virtutem,

275 1094 535 1163 gratiam,
598 1107 651 1152 et
731 1101 1162 1158 misericordiam
1220 1105 1467 1175 ﬁagitane
1524 1109 1740 1170 debere.
1800 1119 1858 1165 ut

275 1184 572 1250 mundum,
608 1196 661 1242 et
694 1191 968 1246 mundana
994 1196 1350 1266 earnalesque
1379 1200 1855 1267 concupiscentias

273 1273 605 1343 detestetur,
637 1290 686 1333 et
716 1281 767 1334 in
799 1282 853 1336 id
908 1298 1126 1354 operam
1181 1287 1312 1343 dare
1344 1305 1467 1344 eum
1523 1291 1649 1357 ﬁde,
1685 1301 1744 1346 ut
1793 1307 1854 1348 ea

277 1364 610 1434 detestatus,
645 1373 808 1426 etiam
829 1390 1016 1430 eorum
1045 1380 1521 1437 mortilicationem
1552 1399 1857 1456 consequa-

281 1466 394 1523 tur,
442 1478 563 1530 qnae
605 1465 777 1523 solius
830 1468 925 1524 Dei
988 1480 1091 1535 est,
1123 1472 1279 1541 juxta
1347 1475 1663 1546 Apostolum
1697 1495 1709 1532 :
1745 1475 1854 1546 Ego

273 1553 438 1617 enim,
476 1556 673 1626 inquit,
729 1563 1191 1632 mortiﬁcationem
1244 1565 1373 1622 Jesu
1420 1571 1718 1639 incorpore
1743 1587 1853 1625 meo

271 1656 429 1712 porto
463 1649 533 1703 ”.
595 1650 688 1705 lla).
728 1664 858 1707 sunt
883 1657 993 1710 Deo
1023 1666 1190 1726 gratae
1217 1657 1528 1728 petitiones,
1561 1663 1626 1716 de
1656 1665 1854 1731 quibus

269 1736 300 1790 J
342 1753 516 1795 armes
559 1740 867 1814 Theologns
907 1763 927 1799 :t
949 1747 1306 1819 Quodcunque
1338 1753 1641 1820 petierimus
1665 1771 1854 1808 secun-

271 1831 401 1883 dum
453 1833 772 1889 voluntatem
836 1837 946 1901 Dei,
1004 1841 1164 1909 faciet
1233 1844 1381 1897 nobis
1414 1843 1482 1899 ⁸ο.
1537 1844 1642 1901 Ista
1704 1848 1848 1900 enim

278 1923 399 1976 sula
434 1923 687 1982 homines
743 1929 808 1982 ab
837 1947 895 1985 se
922 1946 1118 2002 rogare
1166 1936 1277 1988 vult
1313 1937 1450 1991 Deus
1484 1953 1499 1990 :
1536 1954 1657 2007 quae
1686 1939 1850 1992 nimi-

272 2028 398 2070 rum
434 2015 501 2069 ad
519 2027 776 2074 aeternam
801 2037 985 2077 eorum
1011 2027 1239 2083 salutem
1272 2031 1684 2083 accommodata
1703 2042 1860 2100 sunt._

279 2106 537 2169 Quandiu
577 2109 743 2180 igitur
790 2114 989 2184 cuique
1023 2118 1130 2170 vita
1177 2121 1512 2187 suppeditat,
1543 2137 1610 2174 ne
1651 2123 1755 2176 alia
1797 2123 1851 2176 in

277 2213 340 2253 re
373 2208 571 2269 prmter
607 2203 751 2256 hanc
781 2207 1050 2266 studium,
1107 2211 1638 2278 occupationemque
1696 2226 1850 2266 suam

278 2301 573 2347 consumat
605 2311 618 2348 :
653 2297 704 2349 in
737 2297 836 2351 hac
895 2301 1153 2356 erunibus
1206 2302 1400 2358 diebus
1442 2304 1565 2358 vitae
1597 2319 1709 2360 suae
1740 2305 1853 2359 ela-

276 2380 456 2445 boret,
495 2394 555 2439 ut
589 2387 768 2442 anima
805 2389 922 2459 ejus
985 2408 1244 2461 supremo
1307 2395 1397 2448 illo
1459 2395 1568 2455 die,
1634 2396 1853 2466 quando

280 2474 528 2531 el‘l‘undet
579 2489 883 2534 extremum
947 2484 1198 2549 halitum,
1268 2488 1405 2541 bene
1443 2489 1853 2556 ralens,omni-

275 2581 388 2633 que
431 2561 616 2625 carnis
657 2584 721 2648 ac
754 2573 943 2625 mundi
994 2572 1186 2628 affectu
1239 2578 1492 2644 expedita
1552 2593 1615 2632 ac
1681 2581 1850 2634 libera

275 2656 615 2723 inveniatur,
684 2665 1053 2718 necessarium
1087 2676 1169 2720 est
1236 2668 1422 2735 itaque
1487 2685 1605 2724 eam
1659 2687 1846 2726 sanam

272 2766 420 2814 esse,
470 2767 533 2805 ac
559 2761 858 2822 potentem,
889 2767 947 2810 ut
978 2773 1074 2827 pro
1118 2774 1248 2813 sana
1319 2762 1536 2817 Christo
1567 2764 1848 2831 inserviat,

275 2851 710 2912 sanctorumque
766 2859 829 2899 ac
900 2846 1210 2904 divinorum
1273 2851 1391 2918 ejus
1453 2865 1847 2923 praeceptorum

274 2933 555 2999 operatrix
593 2935 704 2988 sit:
740 2945 796 3006 ut
853 2953 977 2991 cum
1031 2941 1098 2994 ad
1143 2940 1293 2995 illius
1336 2944 1574 2998 tribunal
1616 2949 1846 3014 steterit,

276 3039 379 3075 nec
409 3026 719 3081 erubescat.
773 3029 828 3082 ld
879 3031 920 3083 si
954 3029 1156 3084 factum
1191 3048 1296 3086 non
1332 3035 1513 3101 luxerit,
1567 3045 1623 3091 at
1655 3041 1846 3094 saltem

272 3119 541 3184 εοδρίῑειη
589 3135 708 3173 eam
755 3123 986 3178 inveniri
1038 3141 1263 3180 necesse
1331 3139 1433 3192 est,
1494 3145 1562 3185 ne
1629 3134 1850 3188 morbos

1958 653 2279 720 pertiamus,
2312 664 2405 710 aut
2434 657 2577 710 aliud
2609 655 2891 726 quippiam
2973 655 3240 708 bonorum
3300 669 3523 719 operum

1959 751 2302 812 praestemus,
2346 745 2594 801 existima
2623 761 2715 800 eos
2751 746 2815 799 ad
2846 751 3089 799 nostram
3128 757 3249 797 sese
3280 741 3526 795 imbecil-

1959 836 2167 892 litatem
2200 839 2667 896 accommodantes
2710 842 2785 895 ita
2816 839 2960 908 loqui
2993 858 3004 892 :
3039 837 3182 914 Deus
3223 834 3367 889 enim
3437 833 3526 904 qui

1961 930 2108 984 nulla
2137 943 2195 984 re
2217 936 2354 999 eget,
2378 930 2576 985 nullius
2614 931 2809 986 horum
2840 932 3061 1000 indiget.
3091 928 3285 984 Omnia
3320 933 3522 988 autem,

1961 1035 2082 1090 quae
2107 1021 2158 1074 in
2190 1018 2314 1074 vitae
2342 1020 2504 1086 hujus
2539 1023 2812 1078 curriculo
2843 1039 2964 1077 cum
2999 1023 3199 1077 virtute
3225 1020 3524 1088 egerimus.

1961 1114 2029 1168 ad
2064 1122 2307 1169 nostram
2345 1115 2634 1170 utilitatem
2693 1117 3000 1170 redundant
3053 1116 3166 1178 Dei,
3223 1111 3317 1180 qui
3377 1109 3526 1162 nulla

1961 1219 2022 1260 re
2058 1219 2198 1275 Opus
2246 1205 2426 1268 habet,
2463 1205 2592 1260 nihil
2645 1207 2938 1262 intersunt.
2972 1208 3107 1260 Nam
3144 1206 3233 1276 qui
3283 1203 3520 1272 jejuni”.

1959 1308 2012 1353 et
2042 1299 2134 1367 qui
2187 1311 2308 1353 sese
2350 1297 2588 1364 aﬁlictat,
2636 1306 2689 1352 et
2724 1299 2817 1366 qui
2842 1298 3217 1367 eleemosynas
3245 1293 3520 1363 dispertit,

1959 1394 2018 1440 ut
2044 1386 2449 1440 miserationem
2509 1394 2563 1439 et
2610 1386 3036 1440 misericordiam
3094 1386 3185 1439 Dei
3212 1398 3522 1452 consequa-

1963 1488 2070 1545 tur,
2123 1479 2235 1532 haec
2272 1478 2454 1544 faciet,
2483 1486 2535 1532 et
2575 1477 2665 1531 hic
2701 1475 2794 1532 Dei
2855 1476 3075 1542 benigni
3124 1477 3302 1530 cultus
3359 1487 3524 1543 atque

1959 1569 2280 1639 obsequium
2314 1576 2432 1637 est.;
2469 1566 2600 1620 Nam
2641 1568 2688 1623 si
2735 1567 2788 1621 in
2815 1567 2934 1621 loco
2982 1568 3104 1620 vitze
3147 1565 3307 1634 hujus
3333 1563 3524 1633 caligi-

1956 1675 2124 1725 nosae,
2156 1676 2219 1715 ac
2255 1661 2427 1730 plena!
2453 1659 2797 1714 oﬁ'endiculis
2847 1673 2955 1712 non
2983 1656 3209 1710 libenter
3241 1649 3520 1723 angustia-

1955 1768 2100 1818 mur,
2158 1767 2259 1808 nec
2294 1761 2504 1806 naturae
2557 1759 2760 1806 nostra:
2793 1749 2970 1804 socios
3000 1747 3353 1801 misereamur
3380 1742 3520 1796 Deus

1955 1845 2196 1900 vicissim
2220 1845 2596 1899 misericordia
2631 1852 2684 1898 et
2732 1841 3208 1897 commiseratione
3249 1851 3346 1890 nos
3377 1832 3520 1888 haud

1957 1936 2230 2004 dignatur.
2267 1935 2370 2001 Qui
2427 1934 2573 1989 enim
2619 1935 2780 1988 homo
2809 1930 3049 1986 hominis
3076 1943 3181 1983 non
3213 1927 3521 1986 miseretur,

1958 2042 2056 2081 nec
2094 2031 2280 2095 justus
2340 2025 2481 2081 Deus
2510 2025 2877 2081 miserebitur.
2944 2022 3046 2088 Qui
3110 2027 3291 2074 autem
3357 2017 3525 2071 libere

1958 2126 2167 2186 peccat,
2202 2131 2303 2170 nec
2346 2117 2586 2170 dolorem
2629 2115 2698 2169 ob
2744 2115 2794 2168 id
2856 2113 3113 2180 concipit,
3171 2111 3289 2179 ejus
3347 2107 3520 2161 vicem

1958 2207 2273 2262 misericors
2329 2208 2494 2274 judex
2545 2207 2768 2259 minime
2812 2205 3035 2259 dolebit.
3102 2201 3270 2257 Nemo
3337 2205 3524 2266 itaque

1957 2314 2079 2354 Cum
2132 2298 2411 2368 quidpiam
2443 2313 2506 2352 ex
2537 2297 2737 2351 virtute
2775 2296 2926 2360 facit,
2960 2302 3178 2364 propter
3204 2293 3392 2351 Deum,
3424 2290 3519 2343 sed

1955 2399 2176 2458 propter
2221 2405 2376 2444 suam
2441 2389 2614 2458 ipsius
2673 2387 2905 2442 salutem
2938 2402 2998 2441 se
3044 2385 3095 2438 id
3152 2384 3328 2437 facere
3377 2381 3524 2434 arbi-

1956 2490 2149 2538 tretur.
2186 2482 2299 2539 Hoc
2329 2483 2598 2552 siquidem
2644 2482 2845 2543 sciens,
2910 2489 2962 2532 ct
3005 2477 3266 2539 sentiens,
3327 2483 3379 2526 et
3419 2487 3521 2525 non

1953 2578 2152 2644 poterit
2205 2577 2481 2646 quidpiam
2557 2574 2681 2629 boui
2716 2579 3031 2642 perpetrare
3073 2579 3132 2622 ut
3162 2567 3228 2620 ah
3290 2559 3524 2618 homini-

1952 2666 2079 2730 bus,
2115 2665 2209 2721 sed
2245 2674 2452 2720 tantum
2483 2674 2540 2718 ut
2573 2665 2640 2718 ab
2695 2664 2866 2717 oculis
2897 2672 3176 2728 nunquam
3207 2655 3524 2710 dormienti-

1955 2761 2058 2815 bus
2089 2758 2304 2814 occulta
2345 2756 2729 2828 cognoscentis
2774 2755 2861 2808 Dei
2898 2753 3165 2806 videatur.
3206 2749 3340 2803 Nam
3365 2745 3526 2799 Chri-

1954 2852 2188 2916 stianus,
2240 2845 2696 2918 potissimumque
2748 2846 2840 2915 qui
2894 2845 2946 2897 in
2979 2840 3268 2910 disciplina
3295 2837 3523 2908 justitiae

1952 2944 2220 3013 procedit,
2254 2942 2361 2996 nisi
2406 2939 2719 3003 crediderit,
2777 2939 3042 3005 planeque
3074 2946 3393 3002 persuasum
3420 2931 3522 2983 ha-

1953 3035 2152 3098 buerit,
2203 3033 2660 3103 quemadmodum
2697 3039 2884 3084 noster
2937 3028 3023 3081 hic
3048 3027 3150 3089 sol,
3181 3026 3331 3079 nullo
3364 3035 3522 3088 paetu

1954 3126 2193 3182 hominis
2236 3125 2469 3195 alicujus
2501 3132 2622 3193 eget
2675 3124 2981 3193 (propterea
3044 3119 3188 3188 quod
3239 3117 3520 3171 servitute.

273 3211 398 3276 ejus
424 3211 687 3279 gehennae
750 3215 891 3283 ignis
946 3229 1252 3289 corruptos,
1307 3223 1518 3277 camino
1582 3239 1703 3291 suo,
1755 3228 1844 3294 qui
1876 3227 1917 3283 C
1956 3226 2048 3274 aut
2081 3218 2384 3273 ministerio
2428 3216 2680 3286 quapiam
2717 3215 2956 3268 humano
3012 3211 3327 3278 neutiquam
3385 3220 3523 3274 opus

277 3318 562 3371 nunquam
597 3305 985 3376 exstinguitur,
1050 3311 1320 3378 cohibeat,
1374 3321 1427 3366 et
1458 3315 1575 3368 sine
1611 3316 1720 3368 ullo
1747 3317 1852 3371 ﬁne

274 3405 499 3450 vnn-at.
563 3397 848 3454 Sententia
924 3403 1194 3471 siquidem
1233 3405 1496 3474 gehennae
1532 3416 1725 3461 natura
1753 3421 1851 3461 sua

274 3504 375 3544 eos
409 3500 620 3545 tantum
662 3503 842 3561 potest
893 3496 1180 3565 attingere,
1247 3511 1479 3564 quorum
1533 3500 1724 3553 animm
1784 3500 1850 3554 ad

277 3581 524 3658 futurum
563 3583 696 3637 illud
723 3585 983 3639 smeulum
1011 3587 1265 3641 sanitatis
1301 3596 1553 3656 expertes
1579 3591 1849 3646 abierunt.

274 3672 411 3726 Nam
446 3685 729 3744 peceatum
758 3693 822 3731 ex
864 3678 1194 3742 voluntario,
1261 3685 1316 3733 et
1379 3695 1485 3732 non
1542 3682 1852 3736 voluntario

276 3764 670 3834 proﬁciscitur,
699 3779 764 3822 ex
795 3777 1050 3839 utroque,
1113 3773 1356 3838 inquam.
1394 3769 1621 3825 Videtur
1671 3774 1852 3841 itaque

276 3866 570 3925 peccatum
606 3861 764 3927 quasi
796 3875 915 3914 esca
951 3861 1218 3929 quendam,
1254 3863 1315 3915 ad
1341 3877 1502 3930 quam
1537 3878 1659 3916 cum
1697 3879 1850 3918 mens

276 3948 444 4001 tundo
473 3949 708 4016 quodam
738 3949 1061 4022 intelligibili
1102 3967 1162 4008 se
1214 3953 1510 4015 inclinarit.
1544 3953 1849 4007 animarum

274 4048 571 4106 tyrannus,
606 4055 764 4107 quem
798 4042 1004 4106 animo,
1036 4059 1145 4096 non
1167 4045 1338 4097 oculis
1358 4047 1655 4108 cernimus,
1681 4046 1848 4114 ipsam

273 4150 303 4188 a
341 4143 493 4203 tergo
521 4133 734 4199 incitat,
785 4143 845 4189 ut
908 4150 966 4190 se
1021 4136 1110 4190 illa
1160 4151 1284 4190 esca
1333 4137 1546 4200 farciat,
1576 4155 1684 4207 quo
1726 4152 1852 4208 pec-

277 4236 462 4282 catum
493 4243 557 4282 ex
592 4227 904 4282 voluntario
958 4243 1052 4298 per
1111 4228 1535 4283 involuntarium
1597 4245 1853 4285 consum-

275 4330 485 4375 matum
521 4321 849 4375 inveniatur.
875 4323 1216 4391 Quapmptcr
1243 4322 1507 4390 sapientia
1545 4322 1637 4376 Dei
1661 4322 1852 4380 Chris-

277 4424 373 4470 tus
438 4417 706 4485 principia
751 4422 1094 4484 peccatorum
1167 4414 1340 4480 elidit,
1381 4418 1636 4485 utnequc
1663 4417 1850 4484 cupia-

277 4523 428 4574 mus,
466 4524 646 4576 neque
679 4508 1009 4563 intueamur.
1045 4508 1258 4561 Etenim
1285 4523 1407 4561 cum
1443 4495 1496 4560 in
1533 4508 1850 4578 cupiditate,

1956 3314 2139 3374 habet,
2172 3325 2294 3364 cum
2325 3310 2442 3379 ipso
2463 3309 2641 3378 potius
2669 3305 2922 3358 omnibus
2940 3302 3264 3356 mortalibus
3295 3298 3522 3360 serviat,

1954 3406 2228 3464 exoriens,
2277 3411 2559 3471 totumque
2617 3408 2885 3451 terrarum
2953 3395 3141 3449 orbem
3189 3390 3353 3444 radiis
3404 3389 3548 3441 suis

1957 3499 2264 3560 illustrans,
2313 3494 2528 3550 fructus
2567 3507 2758 3546 omnes
2804 3490 2985 3544 calore
3029 3487 3242 3548 fovens,
3305 3483 3372 3536 ad
3405 3498 3520 3534 ma-

1956 3590 2342 3656 turitatemque
2383 3585 2710 3654 perducens,
2759 3589 2811 3633 et
2863 3577 2931 3632 ad
2993 3570 3518 3644 coagmentatiouem

1954 3694 2245 3750 corporum
2299 3677 2690 3737 humanorum,
2751 3672 3241 3734 universorumque
3302 3679 3330 3717 c
3377 3669 3520 3715 terra

1953 3773 2300 3828 nascentium
2379 3770 2675 3838 plurimum
2741 3761 3039 3832 adjumenti
3107 3753 3359 3822 allercns)
3423 3766 3522 3803 nec

1955 3873 2151 3936 potest,
2183 3872 2277 3918 aut
2316 3861 2513 3930 poterit
2565 3859 2850 3929 quisquam
2925 3856 3108 3908 dicere
3155 3865 3212 3903 se
3264 3847 3520 3902 servisse.

1953 3967 2046 4014 aut
2071 3957 2275 4012 servire
2298 3955 2400 4010 soli
2432 3969 2450 4008 :
2485 3954 2562 4008 sic
2593 3966 2768 4017 neque
2800 3948 2967 4001 Deum
3017 3943 3247 4011 alicujus
3298 3951 3518 4007 operam

1953 4049 2245 4119 requirere,
2279 4054 2371 4099 aut
2412 4051 2470 4097 ut
2502 4043 2549 4094 ei
2593 4057 2622 4094 a
2668 4052 2938 4107 quoquam
2984 4033 3342 4092 ministretur,
3385 4041 3521 4119 Opus

1954 4117 2175 4196 habere.
2208 4136 2308 4202 Qui
2328 4135 2400 4188 ita
2421 4148 2528 4186 non
2549 4129 2733 4193 sentit,
2762 4129 2994 4197 primum
3017 4125 3241 4194 gradum
3265 4117 3520 4190 principii

1953 4230 2213 4289 salutaris
2241 4229 2342 4282 viae
2374 4225 2518 4279 haud
2550 4231 2728 4293 potest
2763 4234 3000 4289 unquam
3035 4215 3390 4283 contingere:
3423 4211 3520 4266 sed

1953 4323 2202 4395 quamvis
2235 4317 2550 4389 jejunando,
2585 4314 2876 4384 vigilando,
2897 4308 3213 4369 laborando,
3235 4299 3516 4374 psallendo

1953 4418 2321 4483 eleemosynas
2344 4425 2406 4464 ac
2425 4408 2665 4479 justitias
2681 4405 2928 4459 faciendo
2958 4411 3010 4458 et
3027 4400 3347 4462 docendo,et
3365 4413 3516 4451 cum-

1957 4505 2367 4561 mouelaciendo
2395 4503 2531 4556 alios
2569 4516 2628 4555 se
2668 4499 2773 4552 Deo
2795 4497 2998 4550 servire
3013 4491 3433 4556 existimet,cum
3455 4504 3519 4542 eo

275 4611 332 4656 et
364 4611 589 4670 aspectu
636 4601 847 4669 peccati
879 4600 1059 4653 anima
1095 4600 1277 4664 luerit,
1325 4599 1542 4653 diﬁieile
1565 4616 1624 4655 se
1672 4611 1847 4668 potest
1883 4583 1923 4634 ι)
1956 4609 2134 4653 tamen
2156 4605 2362 4666 partem
2378 4587 2997 4660 haberenequibit.Nam
3014 4586 3105 4655 qui
3127 4585 3235 4638 haec
3252 4581 3523 4653 agit,ideo

272 4699 550 4753 avertere,
584 4691 730 4761 quod
792 4707 823 4745 e
873 4691 1101 4759 vestigio
1164 4691 1460 4754 daemones,
1517 4691 1680 4744 citius
1743 4691 1854 4743 ictu

278 4782 427 4836 oeuli
461 4797 582 4836 eam
616 4781 921 4852 impellant.
984 4782 1062 4834 Ac
1123 4782 1434 4835 necessario
1469 4781 1647 4835 omnis
1672 4780 1852 4834 anima

275 4889 564 4931 accessum
614 4876 681 4928 ad
721 4875 833 4929 haec
893 4873 1078 4943 fugere
1107 4875 1283 4927 debet.
1317 4875 1460 4944 Fuga
1511 4884 1685 4926 autem
1746 4888 1851 4924 non

275 4968 387 5022 alia
420 4976 526 5035 est,
557 4968 663 5022 nisi
690 4975 748 5023 ut
794 4983 902 5022 non
941 4967 1323 5036 concupiscas.

854 5080 1112 5137 ORATIO
1159 5081 1276 5137 XII.

862 5174 1259 5230 Anconexruu.

270 5265 335 5321 Si
370 5263 499 5334 quid
535 5265 658 5334 boui
691 5264 880 5318 actitat
919 5266 1096 5330 homo,
1128 5265 1182 5318 id
1216 5273 1382 5318 totum
1409 5273 1620 5331 propter
1640 5279 1693 5316 se
1721 5265 1855 5315 acli-

353 5333 488 5387 tare.
527 5333 678 5387 Unde
711 5347 1080 5399 cognoscatur,
1107 5336 1389 5402 jejunium,
1453 5333 1851 5404 eleemosyttam,

351 5406 638 5457 orationem
657 5404 862 5469 placere
891 5406 1014 5457 Deo.
1037 5405 1309 5467 Quomodo
1339 5402 1688 5468 psallendum.
1717 5402 1855 5456 San-

355 5475 747 5541 ctiﬁcationem.
769 5482 818 5524 et
843 5474 1133 5526 libertatem
1159 5477 1414 5542 perﬁde»:
1443 5475 1666 5543 acquiri.
1699 5473 1854 5525 Psal-

355 5544 584 5598 modiam
603 5543 814 5610 proprie
845 5543 1195 5598 humilitatem
1213 5561 1343 5599 esse.
1365 5545 1496 5611 Qua:
1523 5561 1600 5596 res
1628 5544 1854 5613 gratiam.

351 5615 709 5682 exetiuguaut.

355 5706 585 5774 Quoties
626 5701 867 5757 audieris
905 5713 1124 5758 sanctus
1164 5703 1353 5760 Patres
1384 5707 1540 5760 nobis
1587 5707 1854 5766 dicentes,

369 5887 414 5919 ³³
439 5885 480 5941 ll
513 5887 636 5943 Cer.
672 5899 746 5950 tr,
795 5880 875 5934 l0.

951 5881 994 5909 ³⁸
1029 5882 1172 5948 Ρδίιῐτ.
1222 5899 1403 5948 sunt,
1433 5885 1521 5934 ‘37.

1603 5887 1642 5916 ⁵ο
1688 5885 1701 5937 ι
1741 5883 1894 5937 Joau.
1935 5898 1985 5947 ν,
2031 5881 2111 5935 Η.

1955 4697 2175 4760 aget,ut
2223 4683 2654 4741 misericordiam
2695 4681 2835 4748 apud
2874 4681 3041 4732 Deum
3083 4676 3316 4729 inveniat
3345 4693 3357 4726 :
3383 4673 3522 4737 Quia

1953 4785 2317 4848 omnescgent
2351 4775 2521 4846 gloria
2585 4772 2751 4834 Dei,et
2799 4770 3166 4838 justiﬁcantur
3225 4767 3389 4836 gratis
3431 4780 3522 4830 per

1952 4871 2177 4939 gratiam
2203 4868 2454 4936 ipsius“,
2481 4873 2806 4934 quterentes,
2841 4870 2892 4914 et
2924 4861 3224 4930 pulsantes,
3255 4867 3308 4913 et
3335 4866 3523 4925 peten-

1945 4975 2060 5034 .tes,
2102 4969 2158 5013 ut
2198 4957 2624 5012 misericordiam
2663 4959 3086 5031 consequantur,
3139 4957 3192 5003 et
3223 4949 3391 5016 janua
3423 4947 3528 4999 mi-

1956 5054 2266 5111 sericordiae
2314 5053 2448 5120 ipsis
2471 5051 2766 5119 aperiatur,
2813 5055 2865 5101 et
2913 5045 3053 5113 apud
3082 5043 3373 5098 Dominum
3417 5043 3523 5094 mi-

1955 5148 2306 5204 sericordiam
2325 5146 2627 5199 inveniant.
2645 5141 2746 5206 Qui
2765 5153 2870 5193 non
2895 5145 3138 5208 quaerunt
3155 5150 3259 5189 non
3282 5135 3524 5204 pulsant,

1954 5258 2062 5297 noa
2101 5248 2310 5312 petunt,
2336 5237 2611 5295 sententia
2655 5237 2845 5304 etlege
2872 5232 3072 5286 Christi
3096 5231 3241 5300 regis
3278 5229 3526 5295 omnipo-

1956 5335 2121 5391 tentis
2168 5331 2495 5387 immutabili
2531 5335 2797 5384 statutum
2847 5336 2950 5390 est,
2988 5332 3046 5378 ut
3101 5338 3201 5379 nec
3225 5321 3521 5382 inveniant,

1963 5443 2064 5482 nec
2085 5426 2196 5480 illis
2219 5426 2419 5480 ostium
2447 5419 2839 5477 misericordiae
2860 5415 3171 5473 recludatur
3200 5433 3210 5468 :
3243 5412 3347 5476 Qui
3369 5409 3524 5462 liabet

1965 5537 2119 5574 aures
2158 5517 2410 5572 audiendi
2431 5516 2614 5580 audiat
2646 5517 2711 5567 ".

2037 5609 2143 5675 Qui
2190 5607 2355 5676 igitur
2387 5605 2632 5676 jejuniis.
2678 5601 3098 5674 precatiOuibus,
3159 5598 3522 5666 eleemosynis

1969 5704 2060 5757 dat
2102 5715 2322 5771 cperant
2370 5700 2488 5768 (per
2547 5713 2665 5767 quae
2723 5697 2822 5748 tria
2884 5688 3173 5746 Christiani
3218 5702 3408 5741 omnes
3456 5688 3523 5738 πυ

2191 5884 2228 5912 δι
2269 5881 2425 5934 R0,“.
2460 5895 2536 5945 ut,
2572 5877 2661 5929 ['35.
2742 5874 2778 5905 ³³
2811 5871 2988 5924 λῖἐιιιίῖ.
3040 5885 3112 5937 \l,
3168 5868 3244 5922 I3.
