4128 6338
585 447 687 511 371

1837 446 2203 513 SIMEONIS
2243 448 2610 512 JUNIORIS

3733 445 3839 506 3'2

585 570 779 627 exsilio
812 571 878 626 ad
920 571 1153 627 salutem
1227 579 1576 640 revocantur,
1659 587 1722 630 ac
1766 573 2155 643 restituuntur)
2183 572 2233 630 Δ
2261 581 2348 626 tus
2379 581 2485 636 est,
2523 570 2949 627 sanetiﬂcatoris
2981 569 3065 625 sui
3103 568 3480 634 obliviscitur;
3519 564 3641 636 quis
3674 580 3837 616 netu-

585 684 656 724 ne
686 668 1011 738 diesjejunii
1037 675 1308 735 numeret,
1350 684 1415 723 ne
1440 669 1505 722 ad
1527 669 1884 743 eleemosynaa
1914 671 2156 732 modum,

583 775 688 815 nec
724 761 789 814 ad
813 760 1056 817 laborem
1084 760 1391 831 vigiliarum
1437 771 1601 832 atque
1621 777 1843 832 precum
1878 763 2158 832 respiciat,

587 867 751 922 quam
781 853 1014 908 multum
1048 852 1398 922 jejunaverit,
1447 871 1611 924 quam
1644 856 1911 924 benignus
1943 859 1994 910 in
2024 872 2163 926 pau-

586 960 770 1013 peres,
802 961 967 1014 quam
1036 947 1244 1001 multus
1273 946 1328 1000 in
1385 947 1642 1018 precibus
1701 948 1863 1003 fuerit
1893 966 1907 1002 :
1943 950 2034 1003 sed
2090 963 2158 1001 an

589 1034 848 1090 Dominus
897 1036 1209 1092 attenderit.
1272 1038 1330 1092 Si
1403 1039 1656 1103 attendit,
1727 1040 1893 1094 missa
1940 1049 2021 1092 est
2059 1039 2160 1108 ipsi

586 1125 759 1195 gratia
800 1127 864 1180 de
901 1129 1061 1192 coelo,
1102 1145 1263 1197 quam
1325 1131 1369 1186 si
1403 1129 1666 1201 suscepit,
1696 1147 1754 1187 se
1784 1132 2075 1187 contritum
2110 1141 2164 1184 et

589 1219 960 1286 humiliatum,
996 1224 1351 1291 poeuitentem
1401 1232 1452 1280 et
1501 1237 1912 1295 compunctum.
1990 1232 2040 1278 et
2071 1239 2164 1292 per

587 1307 735 1362 hunc
768 1319 967 1364 statum
1020 1312 1389 1368 inﬁrmitatem
1427 1329 1607 1379 suam,
1671 1324 1891 1384 peccata
1955 1332 2050 1369 sua
2111 1325 2166 1366 ιιι

587 1397 878 1464 deformia,
934 1410 990 1456 ul
1038 1403 1238 1473 turpia,
1277 1413 1336 1459 ut
1367 1405 1629 1471 belluina,
1683 1419 1743 1462 ιιι
1772 1410 1954 1461 anima
1996 1409 2163 1460 ratio-

587 1490 672 1590 nis
702 1492 972 1562 participe
1036 1494 1291 1565 indigna,
1327 1505 1382 1551 et
1439 1497 1506 1552 ab
1555 1499 1777 1553 homine
1821 1508 2000 1553 mente
2028 1514 2166 1566 pric-

585 1580 718 1680 dlito'
745 1591 949 1636 remota
1008 1596 1324 1644 cernentem
1374 1589 1630 1644 inveniet.
1672 1590 1817 1644 Talis
1869 1591 2014 1644 enim
2043 1605 2169 1644 con-

584 1675 748 1739 tingit
797 1675 996 1728 animae
1063 1677 1236 1745 prima
1292 1693 1320 1732 a
1371 1679 1481 1733 Deo
1559 1680 1903 1733 illuminatio.
1939 1680 2170 1733 Proinde

587 1761 704 1816 haec
737 1765 851 1820 visa
903 1775 961 1820 ut
990 1769 1114 1822 odio
1144 1768 1306 1839 digna
1362 1771 1496 1830 odit,
1544 1779 1596 1824 et
1627 1779 1961 1824 exsecratur.
1994 1771 2048 1823 Si
2092 1786 2171 1824 se-

2264 683 2326 735 pe
2354 667 2531 735 ipsum
2569 663 2930 720 sanctiticarit
2985 662 3591 728 sanctiﬁcationemque
3627 658 3680 709 in
3717 657 3837 722 ipso

2262 761 2561 824 contineat,
2593 765 2646 813 et
2688 771 2784 826 per
2825 755 3125 826 gratiarum
3167 754 3437 807 actionem
3491 750 3840 808 εοιιιίιιιιειιιι,

2263 854 2637 921 humilemque
2687 847 2937 917 Spiritum
2968 845 3262 902 custodiat.
3308 845 3413 908 Qui
3458 841 3602 895 enim
3635 855 3664 893 a
3704 855 3840 905 quo.

2265 949 2407 1018 piam
2440 965 2470 1001 e
2514 941 2786 1015 profundo
2855 939 3024 994 maris
3078 941 3402 1004 iextractus,
3459 950 3520 988 ac
3578 933 3740 986 veluti
3809 945 3836 979 a

2264 1041 2499 1096 mortuis
2527 1039 2798 1092 excitatus
2850 1043 2956 1095 est,
3010 1031 3246 1100 qualem,
3286 1038 3340 1084 et
3369 1021 3839 1096 quantumhuu-i-

2265 1133 2436 1187 litatis
2460 1142 2681 1185 sensum
2711 1124 2932 1180 habebit
2959 1122 2982 1174 ?
3009 1121 3076 1176 In
3126 1120 3426 1174 humilitate
3463 1121 3598 1172 enim
3631 1127 3837 1167 τηρεῖν-ιι

2266 1241 2464 1279 memor
2493 1222 2591 1290 fuit
2616 1218 2784 1273 nostri
2805 1216 3058 1270 Dominus
3074 1213 3119 1247 "
3152 1230 3166 1278 ;
3207 1211 3426 1282 prOprie
3459 1210 3601 1264 enim
3639 1204 3840 1260 demis-

2267 1320 2350 1375 sio
2376 1315 2540 1370 animi
2577 1310 2894 1381 psalmodia,
2925 1317 2978 1363 et
3012 1306 3194 1360 omnia
3247 1318 3367 1374 qua:
3431 1301 3680 1359 facimus.
3722 1297 3829 1348 huc

2267 1417 2532 1481 spectant.

2340 1504 2480 1568 Quid
2519 1514 2681 1568 porro
2711 1504 2795 1550 est
2839 1493 3129 1549 demittere
3173 1487 3439 1548 animum,
3486 1497 3584 1537 seu
3630 1477 3837 1532 sentire

2271 1600 2337 1653 de
2367 1614 2425 1652 se
2451 1593 2722 1650 submisse
2753 1604 2818 1644 ac
2850 1582 3172 1641 humiliter?
3205 1579 3510 1633 llumanam
3548 1567 3840 1625 imbecilli-

2271 1697 2439 1744 tatem
2467 1696 2821 1754 cognoscere,
2845 1693 2963 1747 quae
2989 1672 3252 1743 cognitio,
3277 1681 3360 1723 est
3384 1682 3409 1719 a
3434 1665 3542 1720 Deo
3567 1657 3845 1716 credenti-

2273 1780 2376 1834 bus
2411 1779 2462 1829 in
2498 1778 2675 1844 ipsum
2712 1772 2931 1826 cmlitus
2965 1766 3201 1820 demissa
3239 1757 3566 1815 illuminatio
3592 1771 3606 1807 :
3637 1747 3841 1817 alioqui

586 1861 663 1905 ita
702 1855 1058 1910 constitutum
1087 1873 1193 1953 non
1228 1861 1566 1927 cognoverit,
1622 1871 1675 1912 ct
1703 1860 1934 1928 jejunia,
1967 1868 2020 1914 et
2073 1862 2154 1915 elo
2199 1900 2239 1953 Β
2275 1871 2441 1924 homo
2477 1865 2704 1935 quilibet
2743 1861 2985 1928 seipsum
3023 1867 3250 1909 noscere
3286 1848 3495 1917 nequit.
3524 1845 3704 1909 Quare
3747 1853 3844 1892 su-

1908 1952 1914 1953 ,
2060 1951 2079 1953 ,ν
2807 1952 2812 1953 ,
2974 1948 2985 1953 -
3299 1948 3309 1953 -
3407 1937 3500 1953 ,η
3548 1942 3600 1953 _.
3634 1933 3818 1953 n-._-_.

588 1961 898 2015 emosynas,
930 1957 982 2002 et
1016 1949 1580 2018 orationesperdidit.
1615 1950 1794 2004 Unum
1825 1952 2026 2021 quippe
2056 1951 2166 2006 Deo

589 2036 951 2099 sacrificium,
990 2052 1018 2090 a
1047 2039 1244 2107 quovis
1291 2039 1530 2103 homine,
1571 2041 1796 2110 spiritus
1830 2041 2166 2095 contribula-

589 2138 679 2181 tus
707 2128 752 2159 ”
783 2144 796 2180 :
828 2144 890 2183 ac
913 2139 1134 2199 propter
1188 2132 1292 2187 tale
1331 2132 1686 2195 sacrificium,
1708 2142 1955 2203 peccata,
1976 2133 2164 2187 remit-

591 2229 815 2285 tuntur;
849 2224 1306 2290 quemadmodum
1362 2237 1578 2296 prepter
1609 2228 1784 2297 ipsum
1825 2229 1928 2282 hoc
1957 2230 2166 2283 sacriﬁ-

591 2311 740 2364 eium
781 2321 834 2366 et
858 2312 1152 2380 jejunium,
1188 2324 1240 2369 et
1271 2316 1642 2387 eleemosyna,
1695 2326 1747 2370 ct
1779 2321 1955 2372 oratio
2014 2322 2168 2373 iusti-

591 2403 786 2457 tuitur.
841 2403 955 2459 lloc
985 2406 1128 2459 enim
1162 2416 1245 2462 est
1300 2410 1616 2477 mysterium
1654 2410 1968 2473 (31ιιί›ιῑ;ιιιί,
1997 2422 2044 2465 et
2094 2413 2164 2463 ita

592 2509 756 2564 agere
808 2511 908 2566 par
939 2505 1044 2566 est.
1099 2498 1230 2551 Nam
1259 2500 1493 2567 jejunia,
1525 2502 1740 2569 vigilite,
1790 2505 1938 2554 humi
1996 2513 2164 2556 strata

589 2586 817 2651 cubilia,
867 2587 1247 2659 eleemosynm,
1303 2607 1516 2660 preces,
1559 2594 1889 2660 psalmodiae,
1925 2596 2169 2649 volunta-

591 2682 683 2735 ria
707 2678 1050 2743 mendicitas,
1082 2689 1135 2734 et
1183 2695 1303 2748 qua:
1376 2683 1538 2737 homo
1605 2683 1795 2737 fecerit
1842 2686 2048 2743 omnia.
2102 2687 2166 2738 ad

591 2769 764 2823 Deum
798 2771 907 2827 sibi
966 2772 1292 2840 placandum
1363 2773 1510 2828 facit.
1561 2776 1713 2840 Quod
1754 2777 1798 2829 si
1843 2776 1934 2832 ille
1983 2793 2166 2831 secum

591 2862 647 2915 in
671 2863 912 2931 gratiam
964 2879 1069 2917 non
1130 2864 1379 2928 redierit,
1456 2865 1601 2934 quod
1668 2867 1884 2921 tandem
1953 2868 2005 2920 in
2083 2868 2169 2922 his

594 2954 1072 3009 emolumentum?
1103 2955 1297 3008 Anima
1346 2956 1490 3010 enim
1540 2955 1651 3010 Deo
1685 2958 2038 3011 reconciliato
2071 2958 2171 3010 hu-

595 3045 768 3108 milis,
811 3053 864 3098 et
911 3053 1198 3099 mansueta
1253 3045 1332 3108 ﬁt,
1399 3045 1618 3115 Deoque
1677 3056 1886 3110 astans,
1942 3057 2001 3100 ttt
2060 3046 2173 3100 Deo

593 3143 762 3199 astat,
814 3148 916 3187 nec
967 3149 1026 3188 se
1062 3133 1167 3188 huc
1200 3142 1253 3189 ct
1297 3134 1424 3189 illuc
1461 3145 1663 3192 versat.
1697 3137 1885 3207 Itaque
1951 3139 1995 3192 si
2046 3138 2170 3198 talis

2269 1961 2472 2031 perbus
2496 1933 2636 2009 nihil
2671 1952 2868 2012 cernit,
2895 1948 2986 2002 sed
3024 1959 3200 1999 czecus
3232 1948 3336 2005 est,
3369 1948 3424 1991 ιιι
3453 1937 3607 1989 aiunt
3633 1933 3841 1983 Patres.

2269 2028 2369 2121 Qui
2407 2050 2678 2118 baptismo
2713 2047 2918 2099 tinctus
2962 2054 3068 2092 non
3101 2045 3204 2096 est,
3235 2046 3334 2087 nec
3362 2028 3702 2084 illuminatus
3735 2031 3839 2076 est.

2271 2120 2340 2201 Ut
2375 2154 2554 2199 autem
2586 2142 2794 2205 absque
2825 2132 3032 2187 lumine
3064 2127 3236 2181 oculis
3270 2123 3458 2176 videre
3486 2133 3591 2172 non
3621 2120 3840 2186 potest:

2270 2237 2351 2292 sic
2384 2236 2562 2287 anima
2600 2247 2630 2284 a
2661 2227 2880 2282 Christo
2919 2222 3148 2293 mystice
3173 2234 3280 2272 non
3315 2213 3645 2270 illuminata,
3684 2220 3842 2260 suam

2271 2329 2443 2396 ipsius
2497 2320 2920 2376 imbecillitatem
2977 2312 3299 2380 conspicere
3355 2303 3565 2373 nequit.
3615 2299 3722 2353 Sed
3775 2296 3843 2349 ad

2274 2423 2412 2472 hanc
2435 2414 2886 2468 illuminatiouem
2915 2420 3160 2476 quaenam
3195 2397 3502 2468 pertinent?
3528 2391 3846 2448 inﬁdelibus

2272 2511 2489 2578 quidem
2530 2504 2660 2557 ﬁdes
2695 2503 2747 2554 in
2778 2499 3080 2557 Christum,
3106 2501 3157 2547 et
3195 2491 3438 2544 divinum
3464 2485 3754 2553 baptisma,
3787 2489 3844 2530 ut

2271 2575 2512 2653 diximus
2541 2612 2552 2647 ε
2584 2603 2668 2646 ast
2708 2594 2794 2652 iis,
2828 2589 2917 2658 qui
2971 2597 3088 2655 post
3118 2582 3447 2650 baptismum
3503 2575 3802 2629 caectttiunt
3828 2610 3840 2630 ,

2272 2699 2434 2756 atque
2472 2685 2592 2736 ideo
2616 2681 2961 2747 superbiuul,
2988 2686 3041 2728 et
3081 2673 3132 2726 itt
3166 2673 3311 2740 leges
3341 2669 3692 2723 committunt
3717 2661 3843 2728 (Su-

2270 2752 2417 2849 perbi
2446 2777 2612 2838 enim,
2647 2773 2840 2841 inquit,
2867 2772 3090 2839 agebant
3115 2776 3475 2833 usquequaque
3503 2759 3566 2810 ⁸⁸.
3597 2757 3662 2810 Ει
3693 2763 3708 2804 ξ
3742 2752 3846 2804 Do—

2271 2875 2444 2925 minus
2503 2865 2735 2934 superbis
2786 2862 2982 2914 resistit
3029 2860 3096 2911 ‘7.
3142 2856 3227 2919 Et,
3285 2850 3616 2915 Principium
3668 2844 3842 2898 omnis

2270 2962 2466 3028 peccati
2501 2958 2741 3027 superbia
2778 2955 2843 3007 “‘.
2889 2953 2952 3005 Et
2980 2967 2993 3004 :
3025 2949 3349 3014 Principium
3387 2941 3607 3012 peccati,
3643 2937 3842 2990 nescire

2272 3057 2553 3109 Dominum
2585 3055 2674 3116 u’),
2712 3051 2929 3112 talibus,
2968 3050 3225 3113 inquam,
3257 3050 3380 3096 ante
3410 3039 3512 3093 alia
3548 3033 3844 3104 mysterio-

2276 3166 2393 3201 rum
2419 3146 2743 3200 (Ζιιιὶιιὶιιιιαξ
2774 3141 2892 3195 ﬁdei
2926 3137 3220 3199 institutio,
3245 3147 3304 3188 ιιι
3328 3149 3448 3187 cum
3479 3127 3842 3188 crediderint,

595 3226 837 3280 nondum
872 3235 975 3289 est,
1011 3227 1179 3280 Deum
1241 3229 1482 3281 nondum
1551 3230 1786 3282 amicum
1839 3230 2000 3284 habet
2034 3247 2047 3284 :
2076 3232 2166 3285 sed

2279 3240 2676 3294 illtttniuentttr.
2723 3234 2778 3286 Si
2821 3232 2966 3286 enim
3017 3230 3244 3297 primam
3284 3225 3441 3279 ﬁdem
3494 3219 3843 3277 tenuissent,

595 3319 713 3372 sive
749 3318 967 3387 psallat,
1017 3318 1133 3372 sive
1164 3327 1299 3379 oret,
1336 3317 1513 3372 adhuc
1565 3321 1668 3373 sub
1703 3327 1967 3386 potestate
2019 3323 2173 3374 mali-

594 3409 688 3477 gni
738 3419 841 3469 est,
869 3417 920 3462 et
946 3409 1450 3465 reconciliationem
1495 3411 1653 3463 istam
1687 3425 1810 3466 ante
1848 3412 2090 3481 psalmos
2122 3424 2173 3466 et

595 3501 871 3556 orationes
902 3510 1085 3570 petere
1122 3510 1366 3570 oportet;
1406 3503 1612 3572 alioqui
1642 3519 1766 3572 spes
1796 3505 1989 3559 salutis
2026 3505 2171 3560 nulla

595 3599 867 3660 superest.
893 3590 1111 3654 Errant,
1131 3592 1223 3662 qui
1250 3601 1541 3663 antequam
1572 3609 1628 3648 se
1654 3594 1762 3648 Deo
1791 3597 2169 3660 reconcilient,

594 3691 826 3751 canunt,
882 3698 945 3738 ac
979 3683 1241 3752 psallunt,
1291 3691 1346 3738 et
1400 3698 1563 3739 voces
1622 3685 1674 3738 in
1729 3699 1906 3739 aerem
1967 3686 2169 3741 t‘rustra

590 3775 821 3843 jactant,
878 3772 1158 3845 Deumque
1185 3775 1252 3829 ad
1279 3775 1412 3830 iram
1447 3787 1763 3845 provocant.
1787 3779 1984 3835 Avertit
2019 3779 2161 3833 enim

597 3868 666 3920 ab
694 3867 825 3936 ipsis
855 3866 1046 3922 faciem
1095 3882 1274 3925 suam.
1335 3869 1400 3922 Et
1439 3883 1531 3922 ore
1581 3870 1798 3938 quidem
1850 3873 2166 3940 psallentes,

595 3963 782 4009 mente
810 3962 865 4009 et
902 3956 1236 4025 cogitatione
1263 3956 1318 4010 in
1355 3957 1518 4010 rebus
1548 3959 1834 4014 diabolieis
1859 3971 2166 4017 versantur.

594 4048 718 4106 Non
758 4049 918 4118 igitur
966 4049 1080 4102 sola
1131 4047 1364 4118 jejunia,
1423 4064 1631 4117 preces,
1683 4061 1736 4104 ct
1811 4052 2169 4124 eleemosyntc

596 4139 939 4195 sanctitatem
993 4139 1409 4207 libertatemque
1470 4139 1682 4205 pariunt
1727 4157 1738 4192 :
1775 4141 1868 4196 sed
1898 4150 2023 4195 ante
2055 4141 2169 4193 hate

594 4232 753 4294 ﬁdes,
795 4239 848 4286 et
875 4231 1118 4300 cognitio
1167 4229 1308 4298 ejus.
1368 4232 1458 4298 qui
1517 4232 1748 4286 liberare
1789 4242 1987 4301 potest,
2031 4233 2169 4287 divi-

596 4338 792 4377 norum
823 4323 1238 4393 mysteriorum,
1271 4336 1465 4390 nempe
1512 4324 1843 4377 imm'aculati
1900 4326 2166 4390 corporis,

593 4424 650 4468 et
683 4415 968 4481 sanguinis
1018 4412 1229 4466 Domini
1307 4413 1459 4475 .lcsu,
1515 4428 1577 4466 ac
1633 4412 1721 4464 lli-i
1779 4416 2168 4481 omnipotentis

594 4503 1020 4559 communicatio
1076 4520 1090 4555 :
1144 4502 1248 4566 Qui
1330 4504 1455 4555 dicit
1535 4504 1610 4554 Itis
1666 4504 1754 4571 qni
1808 4506 1965 4556 vincti
2024 4515 2169 4567 sunt,

594 4597 730 4651 exite
757 4612 769 4644 :
800 4605 846 4647 et
875 4595 954 4646 Itis
984 4593 1075 4662 qui
1123 4594 1177 4645 in
1215 4594 1466 4658 tenebris,
1519 4596 1822 4648 revelamini
1857 4595 1918 4654 3".

593 4687 685 4754 qui
742 4686 1136 4749 communit-at,
1163 4689 1344 4738 anima
1373 4694 1421 4738 et
1457 4701 1684 4753 corpore.
1719 4687 1790 4738 illi
1822 4687 2169 4758 ('onjttugitttr

595 4794 657 4837 ac
689 4779 970 4840 miscetur,
1033 4778 1196 4845 inque
1229 4775 1450 4829 divinan
1489 4784 1736 4829 naturam
1775 4786 2166 4830 commutatur.

595 4868 711 4927 Alia
751 4869 839 4922 via
898 4866 1108 4928 ﬁdelem
1146 4866 1366 4926 salvari.
1409 4876 1459 4920 et
1497 4867 1875 4921 remissionem
1919 4879 2168 4934 pret-ato-

595 4973 718 5012 tum
779 4957 1050 5024 accipere,
1093 4956 1422 5024 emlesteque
1477 4970 1701 5023 regnum
1762 4957 2011 5009 obtinere
2069 4959 2166 5010 im-

596 5051 858 5121 possibile
895 5059 999 5110 est,
1035 5049 1139 5104 nisi
1181 5062 1303 5104 cum
1355 5049 1548 5101 timore
1589 5061 1641 5101 ct
1681 5058 1918 5102 tremore
1961 5059 2166 5118 mystc-

597 5145 806 5198 riorum
842 5138 1119 5208 corporis,
1185 5146 1241 5191 ct
1304 5138 1587 5206 sanguinis
1639 5137 1839 5191 Chri.-.ti
1894 5140 2166 5205 partim-ps

600 5237 718 5290 tiat.
780 5231 924 5291 Deus
955 5237 1134 5284 autem
1164 5229 1439 5297 quomodo
1493 5238 1655 5295 queat
1688 5246 1808 5282 esse
1844 5246 2054 5292 servus,
2080 5241 2171 5283 aut

599 5330 868 5395 impurus,
901 5331 993 5378 aut
1026 5337 1148 5375 cum
1174 5319 1425 5375 facultate
1446 5319 1622 5387 aliqua
1655 5321 1908 5385 peccauzli
1938 5323 1957 5372 ?
1997 5322 2048 5372 lu
2087 5324 2169 5376 h's

601 5419 747 5470 enim
800 5414 1135 5478 relinquere,
1170 5407 1548 5465 sanctimoniae
1599 5408 1828 5461 amissio
1869 5423 1942 5463 t'S'
1985 5432 1995 5462 :
2034 5414 2168 5465 πως

601 5515 684 5564 sio
730 5517 910 5566 autem
932 5514 1010 5562 ἐι
1039 5503 1384 5575 arrogantia;
1424 5502 1734 5570 arrogantia
1761 5517 1823 5556 ex
1859 5506 2167 5569 oblivione;

602 5602 807 5658 oblivio
845 5617 910 5657 ex
938 5608 1295 5667 contemptu;
1328 5609 1472 5657 cum,
1525 5593 1617 5662 qui
1664 5594 1830 5647 semel
1865 5597 2169 5649 sanctitica»

678 5804 720 5833 "
758 5801 895 5855 Paal.
937 5819 988 5862 ι.
1027 5802 1114 5855 i9.

600 5875 697 5940 15.
778 5874 818 5904 δ’
854 5872 990 5934 Ibid.
1041 5873 1123 5926 14.

1195 5800 1237 5830 δ”
1271 5799 1372 5853 lsa.
1403 5813 1546 5859 thx,
1590 5796 1640 5848 9.

1203 5872 1247 5903 ⁵⁵
1289 5870 1430 5924 Psal.
1467 5865 1734 5932 “111,4.

1721 5794 1764 5824 ⁸⁸
1799 5793 1941 5852 Psal.
1976 5811 2169 5859 cum,
2215 5801 2300 5852 23.

2280 3347 2385 3385 non
2422 3329 2609 3396 utique
2654 3324 3081 3378 erectttivisscnt.
3136 3318 3201 3370 Et
3256 3325 3547 3385 postquam
3601 3307 3839 3366 instituti

2278 3421 2502 3484 fuerint,
2531 3413 2996 3480 crediderintque,
3023 3409 3291 3463 videbunt
3330 3403 3577 3465 omnino,
3617 3411 3845 3471 totoque

2275 3512 2471 3566 affectu
2532 3505 2892 3575 pcenitcbunt,
2955 3506 3263 3554 metuentes
3308 3494 3572 3564 judicium
3624 3491 3741 3552 Dei,
3791 3498 3847 3543 et

2277 3602 2606 3671 aspicientes
2642 3609 2763 3664 quae
2795 3600 2888 3646 aut
2921 3589 3122 3657 turpia,
3152 3594 3247 3641 aut
3288 3598 3542 3654 perversa
3589 3581 3847 3649 designa-

2276 3696 2386 3750 rittt
2421 3691 2635 3760 sibique
2667 3688 3076 3756 persuadentes,
3113 3678 3261 3734 mille
3295 3676 3562 3746 supplicia
3594 3689 3652 3728 se
3682 3686 3843 3726 com-

2275 3784 2563 3839 meruisse.
2600 3778 2826 3847 Turpia,
2864 3782 2922 3827 ttt
2949 3774 3256 3842 voluptates
3286 3783 3348 3822 ac
3383 3766 3672 3828 libidines;
3711 3768 3841 3830 per-

2274 3889 2452 3938 versa,
2487 3883 2547 3925 ut
2583 3870 2867 3922 avaritiam
2893 3906 2908 3931 ,
2960 3862 3312 3932 iniustitiam,
3343 3859 3550 3912 dolum.
3597 3857 3662 3908 Et
3701 3868 3850 3920 quo-

2273 3973 2418 4023 niam
2454 3965 2632 4019 omnis
2663 3962 2936 4032 pmnitens
2969 3953 3309 4016 humiliatur,
3341 3951 3468 4004 huic
3519 3949 3688 4012 Deus,
3722 3958 3850 3999 tan-

2273 4074 2434 4129 quam
2481 4056 2697 4116 humili,
2738 4053 2831 4106 dat
2865 4049 3119 4120 gratiam,
3173 4054 3233 4099 ttt
3283 4049 3336 4097 et
3388 4042 3720 4109 voluptates,
3790 4045 3851 4089 et

2274 4153 2569 4221 pravitates
2599 4144 2799 4208 oderit,
2833 4152 3154 4208 semperque
3198 4133 3633 4188 imbecillitatem
3681 4145 3843 4182 suam

2274 4251 2554 4313 agnoscat,
2603 4253 2711 4306 quo
2762 4251 2949 4290 eorum
2988 4234 3160 4286 vicem
3212 4229 3412 4292 doleat,
3456 4227 3545 4293 qui
3595 4223 3851 4277 similiter

2271 4335 2485 4389 vitiosis
2532 4329 2910 4384 atl'ectionibus
2941 4326 3214 4386 laborant,
3262 4330 3316 4373 et
3369 4320 3609 4371 animum
3661 4314 3842 4366 aliena

2276 4423 2624 4481 incommoda
2667 4419 2987 4473 sentientem
3028 4421 3199 4480 gerat,
3256 4410 3698 4473 oileudentesquc
3733 4419 3844 4456 non

2275 4518 2620 4575 condemnet,
2671 4521 2723 4567 et
2782 4511 2852 4563 sit
2905 4508 3050 4561 mitis
3101 4521 3160 4556 ac
3213 4505 3442 4571 patiens,
3493 4499 3850 4562 inveniatqtte

1967 4610 2088 4646 eum
2127 4596 2170 4650 is
2205 4589 2247 4640 Ῐ)
2278 4611 2472 4664 animm
2501 4621 2612 4660 sum.
2644 4603 2910 4671 requiem,
2940 4606 2992 4651 et
3023 4598 3099 4649 sic
3123 4595 3306 4649 Cantet
3331 4591 3552 4644 Domino
3576 4588 3850 4639 canticum

2280 4714 2486 4758 novum,
2524 4709 2732 4745 carmen
2767 4691 2870 4741 Deo
2912 4696 3090 4738 nostro
3128 4685 3194 4744 ⁸ο,
3223 4697 3341 4750 qua:
3376 4686 3454 4733 est
3489 4693 3552 4730 ex
3593 4689 3732 4742 puro
3789 4681 3848 4724 ct

2278 4788 2507 4841 eiuttrito
2533 4784 2692 4835 corde
2713 4781 3005 4850 gratiarum
3032 4777 3191 4827 actio.
3213 4774 3316 4827 Cor
3352 4771 3494 4823 enim
3541 4769 3845 4820 contritum

2275 4889 2328 4931 et
2393 4876 2762 4931 humiliatum,
2805 4879 2885 4924 est
2940 4883 3132 4936 pttrttnt
3175 4879 3266 4917 cor
3307 4880 3321 4916 :
3365 4860 3504 4929 quod
3561 4859 3605 4910 si
3661 4858 3850 4915 desit,

2277 4967 2453 5020 omnis
2485 4965 2587 5017 alia
2624 4962 2922 5032 psaltuoiiia
2955 4959 3090 5011 nihil
3126 4957 3286 5008 valet.
3319 4951 3447 5004 Nam
3477 4949 3566 5018 qui
3603 4948 3710 5000 Deo
3744 4949 3850 4999 hoc.

2278 5059 2436 5112 modo
2463 5072 2567 5110 non
2598 5055 2796 5123 psallit,
2829 5066 2935 5104 non
2979 5059 3154 5119 potest
3193 5048 3445 5114 psallere,
3478 5041 3576 5095 etsi
3613 5039 3845 5092 multum

2280 5150 2489 5204 sudarit
2525 5165 2535 5197 :
2570 5147 2659 5198 sezl
2716 5146 2894 5212 lingua
2958 5141 3220 5207 loquitur,
3264 5139 3446 5192 animo
3511 5140 3693 5185 autem
3752 5131 3848 5182 illa

2279 5240 2508 5300 volutat,
2537 5253 2653 5303 qua:
2690 5235 2855 5286 Deum
2911 5231 3143 5290 irritant,
3191 5228 3418 5295 ejusque
3471 5225 3603 5277 iram
3650 5229 3844 5275 contra

2282 5333 2457 5399 ipsum
2505 5328 2831 5381 accendunt.
2887 5326 3250 5389 Quapropter,
3300 5316 3576 5385 quomodo
3631 5316 3848 5381 (“tibiis

2281 5430 2527 5473 creatura
2579 5416 2929 5484 aspectabilis
2983 5428 3195 5480 semper
3238 5413 3410 5465 lucem
3462 5407 3738 5477 postulat,
3788 5417 3852 5456 ιιι

2282 5514 2548 5574 videatur,
2585 5512 2654 5563 ita
2686 5510 2864 5562 omnis
2895 5523 3015 5575 qua:
3055 5505 3353 5559 intellectui
3393 5510 3540 5571 patet
3567 5510 3851 5557 creatura,

2284 5616 2490 5666 semper
2527 5601 2697 5652 lucem
2745 5600 2844 5652 sub
2873 5612 3090 5650 scusutu
3122 5612 3227 5648 ttutt
3262 5595 3544 5646 cadentem
3591 5588 3849 5656 requirit,

2383 5800 2424 5828 ἰ*
2461 5799 2596 5856 Psal.
2637 5815 2818 5854 cxvttt.
2865 5799 2950 5851 51.
3032 5799 3069 5828 ⁵⁷
3100 5797 3214 5851 .lac.
3263 5812 3333 5860 tv,
3369 5794 3420 5848 6.
3502 5794 3543 5820 ‘“
3589 5788 3754 5842 lict'li.
3785 5804 3841 5854 κ,
