4128 6338
198 434 304 499 373

1561 441 1843 499 ORATIO
1884 444 2057 510 XIII.

3335 453 3445 519 37‘

201 557 258 598 ut
289 540 812 612 comprehendatur.
863 541 928 594 Et
975 541 1130 634 sicut
1160 543 1284 611 quis
1316 545 1382 599 de
1416 549 1601 603 multis
1640 565 1779 618 prae-
1811 557 1854 609 Δ
1887 565 1938 608 ct
1969 557 2022 610 in
2056 566 2306 612 naturam
2341 567 2584 617 nostram
2611 562 2961 634 depravatam
3001 563 3306 620 libertatem
3341 582 3444 622 na-

200 636 365 688 claris
406 632 764 693 facinoribus,
808 643 860 685 et
907 633 1223 688 actionibus
1269 635 1386 690 suis
1439 637 1621 694 dicere
1665 657 1773 695 non

202 734 404 794 potest,
449 733 637 788 noctu,
676 733 730 778 et
765 726 898 780 sine'
932 726 1140 781 lumine
1173 728 1273 781 feci
1306 746 1320 782 ε
1359 729 1441 784 sic
1471 745 1649 800 neque
1682 734 1774 800 qui

199 820 366 870 vitam
419 815 530 869 Deo
575 817 879 884 placentem
926 819 1119 886 egerit,
1165 819 1350 874 dicere
1389 821 1614 890 quibit,
1657 824 1774 878 sine

219 907 426 969 nmine,
461 909 605 974 quod
638 908 690 959 in
725 907 1140 975 intelligentiam
1171 910 1336 974 cadit,
1365 911 1489 966 feci.
1521 913 1573 966 Si
1605 929 1773 969 ausus

203 996 382 1056 fuerit,
423 996 659 1050 mendax
688 1005 794 1062 est,
829 999 1050 1053 etfilius
1087 999 1287 1054 diaboli
1333 1017 1346 1053 :
1396 1016 1496 1056 nec
1529 1004 1772 1070 seipsum

197 1089 493 1159 aliquando
518 1099 602 1143 est
628 1093 1052 1160 contemplatus,
1083 1107 1183 1148 nec
1220 1095 1362 1147 viam
1395 1094 1484 1149 Dei
1528 1095 1775 1150 ambula-

197 1180 277 1233 vit
307 1180 553 1236 omnino.
598 1180 752 1236 Unde
804 1184 1068 1254 scriptum
1101 1195 1182 1241 est
1214 1203 1226 1239 :
1260 1185 1362 1250 Qui
1391 1186 1674 1255 gloriatur,
1719 1190 1771 1243 in

197 1272 423 1325 Domino
453 1274 709 1343 glorietur
739 1277 806 1328 “.

267 1363 534 1421 Caeterum
569 1370 820 1426 attendas
853 1381 1089 1441 oportet,
1115 1390 1146 1428 o
1173 1373 1476 1430 illui‘niuate
1500 1392 1527 1430 a
1551 1375 1771 1431 Christo

195 1458 448 1526 desuper,
481 1476 546 1515 ne
575 1461 714 1518 forte
739 1463 864 1519 inde
890 1465 1115 1521 veniens
1149 1475 1201 1521 te
1227 1468 1391 1522 lateat
1419 1469 1768 1533 illuminatio,

194 1563 318 1599 cum
351 1550 420 1603 sit
451 1554 689 1617 occulta,
727 1555 935 1625 tibique
973 1572 1092 1611 eam
1123 1568 1181 1612 ut
1217 1560 1512 1627 propriam.
1549 1571 1600 1614 et
1627 1577 1690 1615 ex
1721 1571 1771 1616 te

193 1651 372 1694 ortam
401 1645 643 1701 ascribas
674 1685 693 1701 .
721 1647 948 1716 ‘deoque
978 1650 1044 1702 ah
1076 1651 1250 1707 oculis
1283 1653 1392 1708 tuis
1421 1653 1621 1714 ablata,
1649 1671 1770 1708 rur-

194 1748 316 1785 sum
359 1741 410 1785 te
454 1735 506 1788 in
542 1738 777 1792 tenebris
821 1739 1058 1797 deserat.
1114 1741 1254 1797 Deus
1311 1744 1457 1797 enim
1519 1746 1612 1813 qui
1664 1747 1768 1800 sub

197 1833 482 1895 aspectum
510 1844 613 1882 non
645 1831 814 1894 venit,
850 1832 1054 1886 lumine
1085 1833 1319 1901 quodam
1346 1835 1489 1888 haud
1519 1848 1767 1903 aspecta~

198 1919 294 1973 bili
339 1920 610 1976 illuminat
645 1940 656 1975 :
686 1933 741 1976 et
789 1938 851 1978 ea
907 1925 1237 1979 illuminatio
1282 1927 1580 1994 (quomodo
1640 1927 1766 1980 item

202 2009 365 2078 Deus)
401 2012 833 2080 inaspectabiIis,
863 2028 927 2067 ex
958 2014 1165 2068 effectis
1192 2015 1308 2068 suis
1339 2016 1687 2083 perspicitur.
1716 2015 1772 2068 Si

196 2114 247 2155 te
281 2104 541 2157 humilem
588 2113 640 2158 et
665 2106 956 2158 contritum
991 2107 1294 2175 experiere,
1329 2123 1491 2175 quam
1525 2110 1770 2172 humilis,

197 2205 304 2247 tam
351 2195 688 2250 illuminatus
721 2211 798 2249 es.
832 2195 1051 2250 Proﬁrit
1079 2197 1221 2252 enim
1256 2198 1456 2263 anima,
1493 2200 1537 2253 si
1580 2199 1632 2252 in
1668 2201 1772 2254 hu-

197 2287 432 2341 militate
485 2288 731 2352 proficit;
778 2289 1127 2358 cognitioque
1174 2289 1497 2344 humilitatis
1531 2301 1584 2346 et
1621 2306 1771 2344 man-

193 2384 524 2446 suetudinis,
569 2384 653 2437 sui
703 2383 897 2452 ipsius,
933 2393 984 2437 et
1024 2385 1116 2437 Dei
1152 2385 1390 2454 cognitio
1443 2394 1560 2449 est,
1596 2395 1652 2439 ut
1684 2388 1769 2440 di-

196 2476 332 2528 vinae
374 2474 654 2542 sapientiae
693 2474 966 2527 antistites
1003 2472 1354 2526 aliirmarunt.
1405 2473 1614 2527 Anima:
1649 2490 1768 2542 quae

199 2567 290 2620 Dei
326 2567 721 2632 visitationem,
759 2567 875 2621 sive
907 2566 1143 2618 divinam
1179 2566 1627 2621 illuminationem
1654 2610 1666 2632 ,
1706 2582 1768 2621 ac

197 2659 554 2713 serenitatem
597 2659 788 2727 adepta
821 2668 924 2721 est,
962 2667 1152 2727 pacata
1183 2667 1288 2721 est,
1317 2668 1371 2712 et
1401 2660 1562 2714 nullis
1594 2663 1766 2717 turbis

193 2749 452 2816 agitatur.
501 2747 821 2814 Ilujusmodi
849 2747 1266 2802 illustrationem
1297 2746 1654 2815 exstinguunt
1680 2751 1768 2803 in»

194 2841 529 2906 humanitas,
597 2841 845 2910 judicare
909 2841 1169 2906 fratrem,
1224 2852 1386 2896 tenax
1443 2843 1765 2910 iniuriarum

194 2934 477 2986 memoria.
513 2933 614 2998 Qui
642 2934 786 2988 enim
817 2950 880 2988 ex
918 2935 1299 2988 misericordia
1347 2943 1400 2988 et
1426 2936 1766 2988 humanitate

195 3025 286 3078 Dei
326 3035 577 3080 servatus
610 3035 710 3088 est,
751 3041 846 3094 per
880 3027 1315 3080 misericordiam
1373 3038 1424 3081 et
1459 3027 1769 3081 humanita-

195 3127 302 3170 tem
339 3120 569 3172 salutem
620 3118 722 3172 sibi
753 3118 1049 3183 custodiet,
1095 3121 1397 3174 secundum
1442 3119 1679 3172 divinam
1716 3133 1762 3176 et

1878 655 2018 708 ctus,
2058 651 2358 704 secundum
2395 667 2555 720 quam
2598 655 2652 709 in
2695 669 2814 710 eam
2862 656 3011 727 agit,
3059 670 3184 710 cum
3236 656 3327 720 qui
3376 657 3444 711 ab

1880 737 1999 803 ipso
2037 740 2156 795 sine
2195 742 2606 801 intermissione
2643 757 3054 817 oppugnantur,
3087 750 3306 806 saeculis
3335 749 3440 805 sibi

1879 831 2308 890 succedentibus
2345 849 2670 906 praetereant
2699 856 2763 895 ac
2790 841 3127 906 dilabantur,
3161 843 3278 913 ipse
3307 857 3439 898 vero
3468 905 3471 914 1

1877 936 2051 976 annos
2083 925 2314 993 amplius
2355 930 2535 984 sexies
2573 933 2720 987 mille
2755 944 3042 991 sexcentos
3080 952 3298 1006 semper
3337 935 3443 989 ho-

1878 1014 1979 1067 stis
2005 1015 2226 1068 humani
2251 1019 2485 1085 generis,
2508 1027 2560 1073 et
2588 1023 2798 1090 quidem
2826 1026 3072 1081 occultus
3097 1036 3260 1096 atque
3287 1027 3442 1080 clan-

1877 1106 2127 1163 destinus
2188 1113 2571 1179 permanserit,
2624 1116 2976 1187 hominesque
3031 1135 3126 1189 par
3175 1121 3440 1188 ipsosmct

1876 1206 2172 1264 oppugnet,
2202 1207 2261 1268 et.
2297 1214 2392 1253 eos
2430 1204 2730 1268 prmsertim
2759 1245 2774 1268 ,
2822 1207 2912 1272 qui
2965 1209 3121 1262 modo
3154 1220 3439 1264 nascentes

1876 1287 1927 1339 iu
1961 1286 2121 1339 vitam
2161 1289 2504 1357 introierunt,
2529 1292 2620 1359 qui
2651 1307 2757 1346 non
2781 1293 2953 1347 solum
2989 1299 3302 1353 certaminis
3337 1300 3439 1353 Itu-

1870 1375 1963 1444 jus
2003 1377 2158 1444 periti
2195 1393 2305 1433 non
2336 1387 2498 1444 sunt,
2536 1382 2629 1435 sed
2666 1381 2828 1435 etiam
2873 1389 3009 1438 vires
3057 1386 3175 1453 ejus
3215 1388 3439 1442 bellicas

1875 1465 2124 1523 funditus
2156 1469 2410 1539 ignorant
2453 1470 2555 1540 (sic
2587 1471 2731 1525 enim
2765 1470 3058 1538 jaculatur,
3090 1483 3146 1526 ut
3174 1475 3437 1540 videatur,

1875 1572 1974 1611 nec
2011 1569 2190 1613 tamen
2224 1561 2326 1629 ipsi
2359 1561 2541 1615 vident
2572 1579 2586 1616 :
2617 1572 2674 1616 ut
2703 1566 2930 1632 angelus
2964 1565 3100 1618 lucis
3126 1577 3361 1635 apparet,
3387 1579 3439 1619 et

1875 1658 1932 1700 ut
1964 1651 2202 1705 tenebras
2240 1653 2437 1706 bellum
2473 1655 2658 1725 gerit).
2703 1656 2964 1712 adversus
3003 1672 3441 1729 unumquemque

1875 1753 1980 1790 non
2021 1739 2346 1794 mediocrem
2377 1759 2555 1807 usum,
2587 1746 3088 1816 experientiamque
3127 1759 3210 1802 est
3236 1764 3434 1804 conse-

1874 1841 2050 1884 cutus.
2098 1833 2245 1887 Finis
2278 1845 2539 1889 autemet
2579 1852 2779 1906 scopns
2830 1839 2949 1906 ejus
3002 1842 3431 1909 oppugnationis

1877 1937 1984 1974 non
2026 1927 2460 1979 contemnendus
2487 1967 2502 1990 ,
2531 1937 2583 1981 et
2619 1930 2979 1985 formidabilis
3011 1943 3112 1987 est.
3147 1932 3278 1986 Nam
3308 1949 3441 1987 'cunt

1878 2027 1907 2064 a
1948 2013 2215 2081 principio
2244 2031 2414 2084 genus
2453 2019 2732 2073 hominum
2766 2037 2793 2074 a
2831 2021 2938 2077 Deo
2974 2025 3436 2082 exterminaverit,

1877 2107 2158 2160 contendit
2200 2109 2579 2178 nihilominus,
2606 2125 2663 2165 ut
2698 2114 2764 2168 ab
2788 2120 3292 2171 eoexterminatum
3330 2136 3442 2170 nia-

1849 2205 2001 2249 -neat
2035 2213 2049 2250 :
2085 2206 2176 2251 aut
2211 2210 2268 2254 ut
2294 2200 2360 2255 ab
2387 2202 2576 2256 exsilio
2618 2204 2682 2257 ad
2716 2203 2883 2258 Deum
2917 2206 3116 2260 Christi
3152 2224 3314 2276 opera
3359 2226 3442 2261 re-

1873 2296 2128 2342 vocatum
2182 2290 2346 2361 (sicut
2400 2300 2480 2347 est
2536 2295 2756 2363 sapiens
2805 2296 2870 2349 ad
2928 2299 3065 2351 male
3116 2298 3441 2367 faciendum)

1872 2396 2090 2436 rursum
2129 2385 2196 2437 ab
2237 2399 2304 2438 eo
2353 2401 2666 2456 segregetur
2712 2397 2764 2442 et
2809 2390 3040 2443 exsulet.
3093 2391 3227 2445 Ilinc
3281 2394 3444 2462 igitur

1873 2474 2058 2540 quivis
2113 2476 2360 2529 scientiis
2412 2479 2812 2535 scientissimus
2848 2483 3041 2546 evasit,
3080 2482 3392 2537 Ilellenisnii
3425 2527 3439 2545 ,

1869 2563 2158 2632 Judaismi,
2195 2567 2486 2632 hcercsum,
2515 2570 2639 2624 vita:
2665 2572 3118 2636 orthodoxorum,
3160 2585 3214 2628 et
3242 2579 3438 2628 asceti-

1871 2670 2057 2708 corum
2091 2657 2474 2712 certaminum.
2524 2658 2600 2712 Ac
2647 2675 2738 2727 per
2777 2660 3163 2717 IIcllenismum
3193 2665 3435 2733 quidem,

1873 2761 2074 2813 perque
2114 2755 2416 2811 externam,
2459 2761 2515 2802 ut
2542 2759 2760 2817 vocant,
2803 2753 3148 2821 sapientiam,
3183 2754 3433 2808 homines

1873 2837 1925 2888 in
1963 2836 2203 2890 fraudem
2240 2840 2466 2904 inducit,
2503 2857 2596 2908 per
2619 2841 2959 2896 Judaistuum
2983 2859 3129 2909 vero,
3153 2852 3205 2897 et
3229 2846 3434 2898 cultum

1874 2927 1965 2981 Dei
2009 2928 2074 2981 ab
2107 2930 2198 2982 illo
2229 2932 2642 2997 praescriptum,
2675 2933 3086 3001 judaizuntibus
3119 2937 3435 3005 persuadet,

1871 3034 1965 3072 eos
1999 3023 2137 3072 bono
2175 3020 2227 3074 in
2272 3030 2413 3074 statu
2462 3026 2688 3077 versari.
2742 3024 2908 3093 quue
2959 3026 3121 3079 etiam
3178 3029 3434 3096 Agarenis

1873 3109 2020 3165 fecit.
2059 3109 2160 3165 Per
2195 3113 2423 3167 haereses
2455 3113 2692 3167 cultores
2722 3115 2812 3167 Dei
2855 3116 3322 3187 circumscriptus.
3359 3121 3430 3174 ab

192 3223 220 3261 ι·
255 3209 396 3278 giam
433 3225 620 3265 vocem
659 3211 729 3263 ira
763 3219 1043 3264 εοητιηιεπι
1086 3227 1098 3261 ε
1135 3211 1200 3263 1η
1241 3227 1340 3280 quo
1383 3210 1590 3279 judicio
1617 3213 1768 3280 judi.
1798 3219 1838 3275 ο
1878 3217 1980 3254 una
2027 3202 2078 3254 in
2111 3201 2276 3256 Deum
2313 3203 2417 3258 title
2449 3204 2678 3260 divellit.
2707 3206 3054 3263 Orthodoxos
3086 3225 3302 3278 quoque
3337 3227 3432 3281 per

192 3300 404 3363 cubitis,
440 3301 664 3354 vicissim
691 3300 1067 3368 judicabimini
1099 3318 1114 3354 :
1151 3311 1201 3354 et
1242 3318 1343 3369 qua
1376 3319 1620 3355 mensura
1658 3319 1764 3356 me-

193 3393 421 3457 tiemini,
459 3391 756 3444 remetiatur
789 3391 930 3442 vobis
959 3390 1025 3442 ".
1061 3390 1266 3444 Idcirco
1299 3393 1569 3457 praecedat
1604 3392 1767 3446 mise-

193 3479 454 3540 ricordia,
484 3485 536 3531 et
567 3484 830 3543 sequatur
850 3476 1250 3529 misericordia.
1280 3476 1414 3529 Nam
1441 3478 1534 3545 qui
1563 3493 1588 3528 a
1618 3480 1764 3546 gravi

191 3581 245 3625 et
281 3568 570 3622 iucurabili
606 3567 800 3619 animae
833 3567 1020 3619 morbo
1046 3582 1141 3634 per
1169 3567 1338 3620 solam
1368 3566 1461 3620 Dei
1501 3568 1768 3622 visitatio-

193 3677 315 3716 ncm
348 3661 631 3720 liberatus,
675 3666 728 3713 et
770 3658 1020 3725 Sospitati
1057 3658 1340 3711 restitutus
1372 3667 1452 3712 est
1482 3659 1760 3727 gaudebit,

191 3767 237 3806 ei
269 3751 602 3816 exsultabit;
635 3759 689 3804 et
715 3749 806 3820 qui
841 3750 1016 3819 ipsius
1063 3751 1345 3815 misertus,
1395 3751 1676 3805 sanitatem
1713 3753 1762 3805 ei

193 3845 442 3908 donavit,
487 3843 597 3896 Deo
631 3841 911 3908 nimirum,
950 3851 1057 3896 tota
1102 3843 1305 3905 anima,
1343 3851 1394 3896 et
1424 3852 1533 3896 tota
1584 3852 1765 3896 mente

193 3937 398 4002 gratias
431 3945 572 4003 aget,
606 3935 818 4001 eritque
849 3942 1171 3988 mansuetus
1205 3950 1266 3987 ac
1302 3933 1435 3986 lenis
1460 3975 1473 3997 ,
1516 3933 1604 3986 Dei
1638 3949 1762 4003 erga

195 4042 251 4080 se
278 4025 732 4087 misericordiam,
752 4025 1159 4094 benignitatem,
1185 4025 1440 4093 pietatem
1465 4025 1761 4080 admirans:

195 4134 256 4171 ac
289 4126 440 4171 totus
492 4117 545 4170 in
592 4116 1006 4186 benignitatem,
1045 4126 1095 4169 et
1129 4118 1336 4170 viscera
1381 4117 1601 4186 pietatis
1631 4112 1764 4169 επ..-

193 4222 306 4269 sus,
339 4205 612 4260 similibus
649 4203 912 4259 obnoxios
949 4205 1328 4268 miserabitur,
1374 4207 1636 4258 adversus
1670 4221 1764 4256 ne-

193 4300 400 4352 minem
434 4296 629 4349 tollens
663 4294 1036 4363 supercilium,
1074 4294 1166 4347 sed
1198 4294 1454 4348 omnibus
1489 4308 1546 4347 se
1575 4293 1764 4346 hilari-

195 4403 278 4444 ter
307 4390 626 4457 subjiciens.
660 4387 748 4441 Sic
782 4402 914 4442 sane
959 4395 1212 4456 peccator
1259 4388 1458 4441 omnis.
1501 4402 1622 4440 cum
1672 4403 1764 4455 per

193 4482 472 4536 Christum
514 4497 542 4533 a
590 4479 917 4533 turbulentis
965 4478 1202 4532 motibus
1239 4479 1524 4546 expeditus
1566 4478 1762 4540 fuerit,

1872 3293 1946 3354 id,
1985 3293 2128 3361 quod
2168 3294 2506 3360 orthodoxae,
2539 3311 2634 3350 seu
2667 3313 2730 3351 ex
2763 3313 2888 3353 vera
2921 3309 2972 3353 et
3000 3312 3147 3354 recta
3177 3302 3433 3369 opinione

1869 3383 2130 3435 institutae
2164 3383 2284 3438 vita:
2314 3386 2656 3448 adversatur,
2689 3401 2784 3454 per
2831 3389 3164 3457 voluptatem
3203 3390 3432 3451 scilicet,

1870 3487 1967 3540 per
1997 3474 2307 3540 avaritiam,
2353 3483 2405 3529 et
2453 3491 2647 3529 vanam
2682 3477 2930 3546 gloriam,
2973 3494 3000 3531 a
3037 3481 3144 3533 Deo
3195 3480 3431 3535 abducit.

1869 3560 1970 3614 Per
2002 3564 2298 3618 asceticam
2354 3566 2610 3634 denique,
2643 3576 2697 3621 et
2751 3567 3181 3638 philosophicam
3219 3570 3432 3624 vivendi

1868 3669 2140 3720 normam,
2186 3656 2590 3724 multorumque
2622 3659 3093 3715 incommodorum
3126 3665 3434 3731 perpessio-

1867 3761 2011 3808 nem,
2046 3761 2167 3799 cuin
2201 3757 2402 3800 vectem
2437 3749 2753 3816 subiecerit,
2787 3751 3000 3804 initium
3037 3754 3428 3821 improbitatis,

1868 3851 2055 3903 nempe
2087 3837 2544 3891 existimationem
2579 3839 2684 3900 sui,
2718 3839 2833 3893 sive
2868 3842 3260 3909 arrogantiam,
3292 3845 3434 3897 desi-

1867 3927 2184 3994 deriumque
2212 3926 2434 3980 honoris
2459 3929 2524 3980 ab
2550 3929 2863 3983 hominibus
2890 3932 3428 3998 impotentissimum.

1867 4018 1970 4070 hoc
2003 4020 2243 4072 omnium
2279 4018 2536 4072 virtutqu
2574 4019 2910 4085 adversario,
2957 4031 3009 4074 ct
3058 4023 3281 4084 inimico
3315 4041 3430 4078 ma-

1866 4110 2234 4175 chinamento,
2268 4111 2478 4165 animas
2504 4111 2554 4163 in
2581 4113 2870 4165 sanctitate
2897 4126 2959 4166 ac
2983 4112 3194 4180 justilia
3239 4115 3428 4167 viven-

1866 4204 1997 4254 tium
2033 4203 2330 4269 prosternit
2375 4211 2535 4270 atque
2588 4203 2876 4257 subvertit.
2928 4204 3259 4269 Quibusdam
3292 4205 3428 4256 item

1869 4295 1984 4347 zelo
2021 4293 2111 4347 Dei
2145 4294 2369 4362 injecto,
2406 4295 2498 4348 sed
2535 4310 2636 4346 non
2668 4293 2965 4347 Secundum
3011 4295 3294 4348 scientiam
3327 4299 3431 4347 mi-

1871 4400 2025 4439 seros
2055 4385 2176 4440 illos
2229 4393 2493 4454 tyrannos
2529 4385 2738 4446 reddit,
2768 4385 2912 4453 quod
2959 4385 3201 4453 profecto
3248 4387 3431 4440 multis

1873 4476 2179 4530 dedendum
2217 4487 2299 4530 est
2330 4477 2584 4546 Iacrymis
2619 4494 2630 4528 :
2664 4477 2928 4544 siquidem
2961 4479 3318 4548 praesentibus
3346 4477 3433 4530 fu-

196 4573 461 4642 gaudebit
512 4579 568 4626 et
613 4571 909 4626 exsultabit
958 4569 1010 4622 in
1056 4569 1278 4622 salutari
1313 4545 1452 4636 ejus.
1497 4569 1552 4621 Si
1587 4583 1764 4624 autem
1801 4545 1842 4598 θ
1874 4569 2118 4636 turisque
2157 4568 2316 4622 bonis
2365 4569 2667 4637 privantur.
2723 4569 2861 4632 Quid
2902 4571 3043 4621 enim
3080 4579 3161 4621 est
3196 4570 3428 4624 aliorum

194 4673 323 4732 post
365 4667 655 4718 sanitatem
701 4661 982 4726 eITcratur,
1015 4677 1184 4730 prope
1225 4671 1307 4715 cst
1351 4678 1617 4730 tyrannus
1650 4662 1768 4715 dia-

193 4757 376 4817 bolus,
410 4764 461 4810 et
493 4756 632 4824 apud
669 4770 762 4808 eos
816 4755 1177 4806 instrumenta
1227 4758 1524 4805 motionum
1564 4753 1758 4805 rationi

195 4864 298 4902 non
358 4849 755 4903 obedientimn.
808 4844 993 4899 Gratia
1037 4845 1235 4899 Christi
1288 4859 1344 4896 se
1381 4845 1670 4908 subducet,
1709 4855 1761 4897 et

191 4942 406 4996 daemon
441 4940 661 5009 propior
705 4937 904 5001 factus,
942 4946 1118 4988 mente
1159 4948 1448 4996 concussa,
1489 4949 1583 5003 per
1632 4949 1759 4988 cor-

193 5047 294 5102 pus
330 5032 610 5087 deteriora
643 5031 921 5100 prioribus
953 5027 1168 5082 efﬁciet.

761 5141 1018 5196 ORATIO
1064 5141 1200 5193 XIII.

777 5255 1170 5309 ARCL'IIENTUN.

197 5372 440 5438 Quinque
472 5383 676 5436 magna!
707 5377 843 5420 artes
869 5367 1087 5420 diaboli.
1109 5367 1376 5434 Quidquid
1405 5366 1524 5438 boui
1546 5374 1755 5438 propter

264 5436 436 5500 Deum
476 5442 584 5506 agit
619 5439 770 5489 homo
813 5438 864 5488 id
901 5452 1050 5503 agere
1083 5438 1158 5487 υιΙ
1185 5440 1309 5502 quia
1358 5437 1506 5506 petit,
1533 5436 1610 5487 vel
1637 5437 1760 5506 quia

265 5509 470 5576 gratias
505 5504 628 5577 agit.
658 5506 1190 5577 Qunrmodro‘voluntas
1226 5507 1330 5558 reri
1366 5505 1616 5577 cupientis
1649 5504 1759 5555 sui-

266 5574 403 5640 nari,
445 5574 671 5630 salutem
702 5576 826 5627 relle
868 5575 1069 5625 debeat.
1105 5574 1336 5635 Quorum
1383 5590 1470 5624 rex
1510 5575 1598 5632 sit,
1632 5590 1759 5636 quo-

268 5668 384 5703 rum
417 5664 522 5699 non
547 5649 634 5706 sit,
670 5648 713 5697 is
741 5645 827 5712 qui
861 5654 934 5694 est
973 5643 1248 5703 Dominus,
1288 5653 1334 5693 et
1370 5657 1459 5694 rem
1503 5643 1752 5694 omnium.

268 5761 406 5826 Quia
441 5758 692 5814 diabolus
718 5765 799 5810 est
849 5753 1072 5823 spiritus
1111 5751 1477 5818 intelligentia:
1510 5766 1758 5818 euinpos,

269 5875 311 5908 "
357 5875 526 5930 ICor.
564 5889 601 5939 ι,
642 5873 726 5926 51.
804 5868 1033 5928 "Matth
1087 5883 1176 5932 vn,
1213 5865 1264 5922 2.

1343 5867 1386 5898 ’⁵³
1433 5865 1595 5920 Exod.
1636 5881 1737 5932 MV,
1777 5865 1856 5920 II.

1867 4663 2108 4717 omnium
2142 4662 2410 4724 interitus,
2439 4661 2482 4713 si
2516 4677 2636 4712 cum
2677 4661 2860 4712 talium
2901 4661 3177 4714 hominum
3210 4662 3426 4729 jactura

1871 4750 2250 4820 comparetur?
2277 4750 2403 4802 Haec
2434 4765 2665 4818 namque
2700 4750 2993 4816 singularis
3022 4761 3105 4805 est
3137 4764 3190 4805 et
3225 4755 3432 4806 inconi-

1871 4843 2129 4912 parabilis
2149 4842 2447 4895 calamitas.
2477 4841 2736 4909 Sequitur
2755 4858 2883 4912 ergo
2904 4851 2960 4894 ut
2991 4844 3427 4914 investigandum

1870 4937 1962 4991 sit,
2007 4947 2115 4999 quo
2155 4938 2313 4999 pacto
2357 4931 2476 4998 ejus
2529 4931 2757 4986 insidias
2792 4933 3119 4986 devitemus.
3172 4935 3226 4987 Id
3275 4936 3426 4989 aliter

1868 5023 2099 5077 inveniri
2134 5037 2240 5075 non
2272 5031 2467 5090 potest,
2506 5023 2610 5075 nisi
2643 5023 2706 5074 ad
2741 5033 3037 5076 extremam
3070 5025 3428 5078 humilitatem

1866 5114 2052 5177 animi,
2088 5123 2142 5166 et
2187 5128 2456 5166 summam
2503 5114 2890 5168 contritionem
2929 5117 3127 5170 cordis.
3163 5128 3323 5184 atque
3364 5120 3427 5170 ad

1866 5220 2031 5256 uninn
2070 5204 2263 5267 Deum,
2303 5206 2661 5276 eumdemqne
2696 5207 2992 5269 hominem,
3033 5218 3085 5260 et
3138 5207 3424 5261 Dominum

1863 5293 2047 5350 Jesnm
2094 5294 2372 5351 Christum
2422 5295 2804 5364 confugiamus
2836 5315 2848 5349 :
2885 5298 2987 5361 Qui
3014 5314 3108 5364 pro
3147 5299 3289 5349 nobis
3328 5315 3425 5365 ραι

1864 5387 2062 5453 guabit,
2092 5397 2137 5438 et
2171 5404 2261 5440 nos
2292 5388 2574 5440 tacebimus
2614 5387 2682 5451 5';
2720 5389 2772 5441 in
2807 5404 2913 5456 quo
2949 5390 3063 5440 solo
3101 5389 3258 5438 datur
3291 5403 3414 5439 cou-

1867 5484 1951 5530 tia
1995 5478 2205 5533 hostem
2241 5480 2382 5534 hunc
2424 5481 2592 5534 aciem
2646 5481 2931 5542 instruere,
2966 5488 3015 5532 et
3048 5479 3298 5532 resistere
3324 5519 3336 5541 ,
3372 5493 3427 5533 et

1866 5570 2086 5621 vincere
2120 5586 2131 5620 :
2168 5587 2262 5624 nec
2295 5580 2374 5623 est
2406 5572 2493 5625 hie
2525 5572 2627 5624 alia
2664 5575 2744 5623 via
2772 5612 2784 5634 ,
2826 5570 3066 5635 ratioque
3113 5570 3421 5637 sapientiae.

1936 5660 2276 5728 Quapropter
2333 5662 2378 5716 si
2437 5663 2489 5713 in
2531 5661 2733 5714 Christi
2788 5659 3014 5727 gratiam
3078 5659 3130 5710 in
3184 5672 3425 5728 egestate

1867 5748 2136 5817 quispiam
2175 5751 2399 5814 vixerit,
2451 5750 2683 5805 inediam
2718 5741 3034 5818 vigiliasque
3071 5750 3421 5816 toleraverit,
