4128 6338
663 370 781 434 375

1923 368 2286 434 SIMEONIS
2316 367 2679 430 JUNIORIS

3823 377 3938 442 376

667 497 725 544 et
764 502 861 559 per
889 486 1280 542 continentiam
1316 500 1518 557 corpus
1552 490 1869 552 maeerarit,
1901 489 2143 559 liberalis
2188 489 2245 543 in
2272 483 2324 543 Α
2345 485 2551 553 justus,
2580 484 2730 553 juste
2763 482 3003 552 postulat
3026 498 3150 539 eum
3181 484 3235 539 in
3267 500 3375 555 quo
3402 493 3486 542 est
3521 488 3661 542 ratio
3692 497 3747 542 et
3772 488 3903 542 inte]

665 595 962 651 pauperes,
992 581 1222 635 alienam
1265 579 1433 634 vicem
1466 580 1660 637 dolens
1695 596 1758 637 ac
1798 582 2068 652 benignus
2125 582 2242 634 lue-

668 671 763 735 rit,
806 672 946 727 bene
982 687 1138 737 sane,
1166 679 1294 726 sunt
1329 674 1471 726 enim
1507 674 1646 727 bona
1682 675 1817 729 haec.
1851 675 2243 730 Verumtamen

670 772 863 818 caveat
892 764 1202 833 diligenter,
1237 779 1304 818 ne
1354 763 1571 818 labores
1611 775 1665 819 et
1694 767 1997 821 mercedem
2035 764 2243 834 perdat.

670 850 786 908 Etsi
819 855 963 908 enim
999 853 1114 907 haec
1162 868 1327 922 opera
1362 854 1505 908 bona
1547 864 1714 920 sunt,
1757 866 1938 910 tamen
1988 865 2245 925 prreterea

673 946 819 997 aliud
853 944 1108 1013 quiddam
1151 945 1353 999 bonum
1384 954 1486 1012 est,
1526 962 1621 1015 per
1654 949 1798 1018 quod
1828 949 2126 1011 salvantur,
2154 947 2245 1015 qui

670 1052 769 1106 per
803 1038 907 1092 ista
953 1040 1181 1093 salutem
1235 1039 1615 1109 adipiscantur
1653 1058 1665 1094 :
1698 1044 1968 1113 siquidem
2014 1044 2243 1097 duarum

672 1146 999 1206 magnarum
1056 1148 1237 1187 rerum
1289 1134 1653 1190 instrumenta
1689 1144 1743 1191 et
1778 1135 2063 1191 ellicicutia
2096 1144 2245 1197 sunt,

674 1223 1083 1291 propitiationis
1124 1231 1250 1294 puta
1278 1265 1292 1285 ,
1333 1234 1386 1281 et
1428 1228 1728 1297 gratiarum
1783 1228 2039 1290 actionis,
2088 1237 2141 1281 et
2188 1242 2249 1281 ea

674 1325 988 1383 comparate
1022 1315 1133 1369 fieri
1167 1332 1387 1371 necesse
1415 1329 1521 1373 est.
1556 1320 1693 1375 Nam
1723 1321 1951 1374 dilectus
1978 1319 2065 1375 ille
2090 1317 2251 1372 Joan-

672 1418 771 1458 nes
805 1404 881 1457 ait
918 1421 930 1456 :
978 1404 1162 1460 Omnis
1201 1409 1288 1477 qui
1322 1418 1662 1475 peccat,',non
1703 1411 1831 1463 vidit
1863 1410 2052 1473 Deum,
2085 1424 2250 1476 neque

674 1497 815 1549 novit
866 1514 982 1551 eum
1032 1500 1101 1553 “.
1160 1500 1217 1554 Si
1250 1502 1413 1571 igitur
1442 1503 1565 1570 quis
1611 1504 1808 1572 agnitis
1848 1501 2085 1572 peccatis
2137 1501 2250 1557 suis

675 1591 1011 1655 poenitentia:
1039 1595 1222 1648 lumen
1270 1597 1559 1664 acceperit,
1604 1605 1657 1649 et
1695 1596 1959 1664 ptenitere
1987 1596 2250 1661 creperit,

677 1681 805 1735 talia
848 1698 1011 1752 opera
1068 1687 1353 1755 suscipiet,
1394 1694 1449 1738 ut
1499 1686 1763 1741 Dominus
1810 1684 1929 1755 ejus
1964 1687 2255 1739 contritio—

675 1787 823 1839 nem,
861 1774 1257 1838 humilitatem,
1298 1762 1537 1829 studium
1593 1777 1774 1833 alacre
1825 1778 2039 1841 videat,
2073 1788 2126 1832 et
2161 1778 2256 1832 tui-

674 1872 853 1916 sertus
884 1864 931 1916 ci
970 1864 1371 1919 reconcilietur.
1426 1866 1759 1933 Argumenta
1791 1877 1970 1921 autem
2004 1868 2247 1922 reconci-

674 1954 910 2008 liatiouis
942 1964 1089 2030 sunt,
1119 1954 1411 2009 affectuum
1446 1957 1783 2013 turbidorum
1817 1959 2038 2022 sedatio,
2064 1960 2248 2012 odium

674 2045 909 2112 peccati,
949 2056 1245 2115 perpetuus
1296 2048 1388 2101 Dei
1449 2048 1650 2118 ubique
1708 2052 1994 2117 prtcSentis
2050 2050 2248 2116 timor,

672 2137 1049 2199 compunctio.
1081 2124 1293 2205 religio,
1328 2138 1493 2190 animi
1529 2138 1581 2191 in
1628 2139 1803 2192 sacris
1848 2142 2121 2198 cantibus.
2177 2141 2253 2192 lc—

674 2226 969 2292 etionibus,
1024 2228 1401 2282 auditionibus
1451 2244 1480 2282 a
1522 2227 1629 2282 Deo
1671 2229 2062 2297 iuspiratarum
2106 2230 2253 2283 Scri-

673 2327 965 2384 pturarum
1018 2321 1268 2374 attentio.
1308 2320 1543 2374 Omnino
1573 2322 1713 2375 enim
1755 2338 1911 2377 nemo
1955 2321 2249 2389 quidquam

674 2409 868 2463 horum
896 2421 1019 2463 ante
1060 2420 1432 2479 recuperatam
1466 2414 1556 2464 Dei
1605 2414 1833 2482 gratiam
1868 2412 2247 2479 consequitur.

672 2502 925 2553 Animam
986 2501 1187 2570 quippe
1235 2504 1408 2571 gratia
1459 2502 1554 2556 Dei
1601 2502 2007 2571 quodammodo
2045 2502 2250 2571 tangit,

673 2593 1049 2662 inaspectabili
1108 2595 1338 2664 quadam
1394 2597 1604 2649 ratione
1657 2598 1705 2649 ei
1768 2596 2162 2662 reconciliata,
2201 2605 2253 2649 et

673 2701 795 2753 qua:
843 2700 908 2741 eo
959 2702 1132 2755 usque
1179 2687 1450 2742 instabilis
1485 2694 1539 2743 et
1584 2703 1715 2757 vaga
1771 2687 1905 2755 fuit,
1954 2688 2157 2742 firmari
2191 2704 2253 2741 ac

674 2778 902 2832 stabiliri
936 2778 1143 2847 incipit.
1177 2779 1253 2833 En
1294 2794 1453 2831 uuam
1489 2794 1599 2832 rem
1636 2794 1884 2847 magnam
1919 2764 1972 2832 ct
2018 2779 2254 2832 admira-

676 2870 864 2934 bilem,
901 2884 999 2937 pro
1054 2884 1160 2939 qua
1210 2871 1399 2938 gratia:
1451 2869 1719 2923 debentur
1749 2872 1877 2925 Deo.
1914 2872 2253 2925 Consecutus

676 2972 857 3016 autem
889 2956 1342 3022 miscricordiam,
1377 2964 1663 3016 sanitatem
1690 3003 1703 3026 ,
1739 2962 2129 3016 firmitudinem
2159 3003 2172 3026 ,
2208 2964 2251 3016 si

677 3056 789 3109 ltzec
819 3069 979 3124 opera
1010 3055 1160 3120 facit,
1198 3064 1253 3107 ut
1296 3069 1391 3119 pro
1429 3057 1640 3123 adeptis
1696 3056 1901 3123 gratias
1949 3065 2096 3124 agat,
2152 3070 2250 3124 pro

2349 579 2547 643 lectus,
2590 578 2665 631 ita
2698 593 2756 632 se
2782 591 2908 646 erga
2943 575 3111 631 Deum
3146 594 3353 647 gerere,
3396 582 3667 651 quomodo
3705 597 3769 635 se
3801 596 3934 651 erga

2349 674 2600 726 homines
2623 673 2760 741 gerit
2794 689 2805 723 :
2844 677 2898 723 et
2928 671 3119 726 timere
3147 672 3319 737 illum,
3355 683 3413 727 ut
3446 674 3695 729 homines
3728 674 3927 727 timere

2352 764 2619 819 solemus.
2655 764 2796 819 Sane
2830 762 2877 817 si
2913 778 3015 817 nos
3045 763 3367 833 dignitatem
3405 781 3467 819 ac
3511 768 3884 835 pra-stantiam
3920 806 3938 827 ,

2348 871 2513 925 quam
2550 856 2691 911 ratio
2723 856 2881 911 nobis
2913 856 3089 921 affert,
3123 856 3510 911 Iabefactamus
3544 868 3703 926 atque
3752 860 3939 911 immi-

2351 947 2591 1013 nuimus,
2625 949 2740 1017 ipse
2792 964 2910 1003 eam
2957 949 3290 1005 labefactare
3331 959 3382 1004 et
3438 952 3762 1004 imminuere
3826 967 3939 1003 non

2350 1049 2531 1109 potest
2565 1058 2578 1093 :
2616 1044 2710 1095 sed
2749 1042 3053 1095 secundum
3085 1052 3335 1095 naturatn
3371 1058 3399 1095 a
3428 1060 3484 1097 se
3516 1044 3716 1111 cuique
3759 1044 3942 1095 tribu-

2352 1141 2481 1193 tam,
2519 1132 2679 1185 etiam
2714 1134 2884 1203 legem
2925 1134 3098 1186 teneri
3134 1136 3248 1187 vult
3280 1136 3332 1187 in
3364 1136 3645 1189 omnibus.

2422 1224 2557 1290 Quis
2611 1240 2743 1295 ergo
2794 1227 2995 1280 salvari
3048 1228 3409 1296 concupiscit,
3463 1230 3711 1294 quamvis
3765 1228 3816 1281 id
3878 1244 3945 1280 se

2353 1318 2744 1385 concupiscere
2804 1333 2994 1373 omnes
3054 1318 3362 1372 fateantur?
3428 1318 3630 1373 Omnes
3701 1320 3943 1386 cupiant.

2355 1405 2708 1459 atlluentibus
2735 1420 2915 1459 rerum
2959 1405 3134 1475 cepiis
3178 1404 3365 1470 ditari,
3418 1421 3719 1475 aurumque
3752 1416 3805 1460 et
3844 1421 3943 1457 ar-

2354 1507 2597 1566 gcntum,
2631 1496 2840 1564 lapides
2872 1500 3167 1565 pretiosos,
3224 1500 3549 1566 margaritas
3599 1498 3739 1549 citra
3772 1497 3938 1550 labo-

2356 1604 2490 1653 rem,
2520 1589 2927 1651 lassitudinem,
2959 1604 3257 1642 aerumnam
3286 1628 3299 1653 ,
3339 1588 3760 1643 sollicitudinem
3803 1602 3939 1655 pos-

2356 1679 2561 1745 sidere,
2618 1679 2761 1748 quod
2799 1679 2914 1732 fieri
2946 1678 3086 1731 haud
3123 1687 3323 1747 potest.
3374 1678 3475 1743 Qui
3527 1677 3693 1746 igitur
3729 1678 3885 1729 aiunt
3924 1694 3939 1729 :

2362 1774 2561 1827 salvari
2595 1772 2852 1826 volumus
2882 1810 2895 1834 ,
2924 1780 2977 1824 et
3013 1786 3109 1839 pro
3153 1772 3326 1823 salute
3369 1770 3701 1839 aequirenda
3733 1768 3941 1822 delati-

2358 1866 2629 1937 gationem
2666 1863 2833 1917 animi
2867 1871 2919 1916 et
2947 1860 3193 1929 corporis
3226 1862 3428 1915 nullam
3460 1862 3739 1928 suscipere
3769 1859 3943 1912 iusti-

2355 1968 2536 2022 tuunt,
2573 1958 2667 2027 qui
2713 1958 2931 2011 tandem
2972 1956 3174 2011 salvari
3213 1955 3460 2024 queunt?
3495 1954 3715 2022 quando
3759 1954 3935 2005 ρῑὶιιιιι

2352 2052 2445 2122 qui
2475 2052 2665 2105 salutis
2696 2066 2860 2105 causa
2895 2049 2961 2104 ad
2992 2048 3351 2103 laborandum
3384 2048 3617 2116 prompti
3652 2054 3803 2107 sunt,
3838 2054 3937 2098 to-

2354 2157 2514 2211 teque
2545 2145 2749 2209 animo,
2780 2144 2946 2197 verbo
2972 2150 3025 2197 et
3054 2157 3216 2211 opere
3248 2156 3364 2194 eam
3385 2149 3669 2207 expetunt,
3694 2155 3795 2190 nec
3830 2136 3943 2205 ipsi

2354 2235 2571 2302 quidem
2623 2234 2822 2288 salvari
2876 2241 3125 2304 possunt.
3180 2232 3245 2287 Ut
3301 2232 3469 2296 enim,
3513 2232 3758 2299 quicum
3798 2227 3945 2279 nihil

2357 2328 2625 2386 laborent.
2659 2334 2841 2380 tamen
2875 2326 3075 2403 salvari
3108 2325 3445 2385 desiderant,
3473 2323 3671 2378 salvari
3717 2322 3944 2381 nolunt,

2356 2435 2481 2473 cum
2521 2421 2673 2471 salus
2716 2421 2834 2471 sine
2868 2418 3053 2473 labore
3084 2432 3193 2469 nou
3223 2423 3439 2470 constet
3470 2434 3481 2468 :
3526 2419 3603 2469 sic
3638 2414 3729 2482 qui
3764 2413 3950 2465 facul-

2360 2522 2489 2575 tate,
2528 2509 2928 2578 prudentiaque
2978 2508 3196 2577 propria
3246 2508 3313 2559 ad
3359 2507 3574 2561 labores
3620 2522 3719 2576 pro
3754 2504 3950 2560 salva-

2359 2606 2507 2658 tione
2542 2602 2837 2657 obtinenda
2886 2601 3314 2670 aggrediuntur,
3356 2599 3474 2652 ideo
3518 2613 3581 2651 ea
3618 2598 3780 2665 potiri
3841 2609 3950 2649 ne-

2356 2701 2589 2765 queunt,
2626 2692 2771 2761 quod
2805 2706 2914 2745 non
2955 2691 3007 2743 in
3041 2680 3247 2743 virtute
3285 2688 3483 2742 salvari
3511 2688 3807 2755 cupientis,
3841 2682 3946 2739 sed

2359 2787 2409 2838 in
2441 2782 2819 2837 misericordia
2850 2781 2942 2835 Dei
2980 2796 3076 2847 per
3110 2780 3294 2833 Jesum
3321 2778 3601 2832 Christum
3634 2778 3948 2830 constituta

2357 2886 2464 2927 est.
2501 2874 2655 2927 Alius
2684 2872 2828 2925 enim
2864 2883 2944 2923 est
2976 2872 3065 2938 qui
3114 2870 3379 2931 salvator,
3423 2879 3475 2922 et
3507 2869 3649 2923 alius
3681 2868 3774 2936 qui
3832 2868 3951 2920 sal—

2358 2976 2467 3018 vat.
2515 2963 2722 3030 Absque
2768 2979 2846 3014 me
2902 2977 3001 3013 non
3039 2970 3113 3012 est
3146 2961 3381 3013 salvator
3412 2960 3478 3021 ⁸⁵,
3528 2960 3603 3011 ait
3656 2959 3822 3013 Deus.
3876 2957 3946 3011 Et

2363 3059 2642 3125 ;:postolus
2683 3055 2887 3110 Paulus
2921 3076 2933 3109 :
2986 3051 3129 3106 Velle
3176 3052 3588 3120 bonumadjucct
3622 3051 3786 3113 mihi,
3819 3065 3947 3116 pero

676 3146 1143 3210 reconciliatione,
1176 3146 1418 3215 inquam,
1445 3160 1571 3198 cum
1602 3145 1727 3209 Deo,
1754 3146 1914 3199 etiam
1950 3148 2028 3200 sic
2055 3146 2249 3199 rationi
2281 3167 2319 3223 ρ
2360 3149 2511 3217 ﬁcere
2537 3156 2712 3199 mitem
2747 3163 2849 3199 non
2890 3145 3175 3198 invenio“.
3210 3142 3349 3207 Quid
3386 3143 3574 3212 igitur,
3602 3142 3807 3195 Paule?
3844 3141 3946 3193 Dic

674 3239 1068 3293 convenienter
1103 3239 1308 3301 faciet,
1363 3248 1419 3292 ttt
1467 3239 1762 3307 perfectam
1811 3239 2249 3308 redemptionem

674 3340 1062 3400 consequatur,
1104 3342 1158 3383 et
1219 3331 1489 3385 divitilme
1538 3332 1852 3400 regnitioue
1904 3334 2247 3386 oecultorum

672 3424 770 3476 Dei
821 3425 1081 3477 bonormn
1134 3422 1391 3491 (quorum
1441 3426 1787 3493 pulchritudo
1824 3426 1890 3478 ab
1935 3427 2109 3479 oculis
2143 3442 2247 3479 non

674 3514 1015 3582 peccantium
1048 3514 1230 3577 modo,
1274 3530 1459 3567 verum
1503 3517 1663 3570 etiam
1708 3519 2084 3585 pmnitetttium
2123 3520 2248 3574 διιε-

674 3606 893 3659 condita
933 3605 1037 3675 est)
1104 3607 1303 3675 dignus
1335 3607 1549 3660 evadat.
1583 3608 1905 3677 Quicunque
1949 3612 2114 3680 igitur
2150 3611 2251 3663 hu-

668 3698 912 3765 jusmodi
947 3700 1191 3753 attioaes
1241 3708 1539 3768 usurpant,
1589 3702 1913 3769 simpliciter
1960 3710 2017 3754 ttt
2055 3704 2243 3765 bonas,

674 3804 774 3842 nec
808 3789 879 3843 ob
910 3789 1007 3842 has
1037 3804 1253 3849 causas,
1288 3792 1447 3859 culpa
1484 3806 1589 3844 non
1641 3804 1828 3846 carent
1850 3832 1863 3853 .
1895 3796 2249 3863 viventesque

677 3882 728 3932 in
784 3887 1026 3949 egestate
1076 3880 1405 3947 voluntaria,
1460 3882 1799 3949 jejunantes,
1867 3883 2247 3954 eleemosynas

678 3973 1077 4038 lt'pCatlttlttt‘S,
1134 3974 1445 4027 moriuntur
1501 3986 1837 4043 peccatores.
1875 3977 2050 4046 Atque
2083 3978 2132 4031 id
2168 3980 2247 4031 la—

676 4062 972 4116 mentabile
1008 4071 1112 4124 est,
1150 4078 1244 4117 eos
1294 4066 1434 4132 .pud
1485 4074 1593 4118 tam
1632 4067 1949 4134 placabilem
1982 4067 2149 4123 Deum
2190 4086 2248 4124 se

675 4158 728 4203 in
761 4152 932 4219 gratia
972 4168 1078 4206 non
1114 4168 1445 4223 reposmsse,
1481 4172 1654 4224 neque
1700 4158 1997 4211 secundum
2074 4161 2245 4215 ratio-

674 4259 799 4297 nem
832 4245 1103 4308 videlicet,
1131 4263 1307 4313 neque
1342 4258 1708 4317 congruenter
1746 4254 2243 4307 reconciliationem

675 4345 954 4402 operatos.
995 4337 1370 4405 Congrucnter
1417 4340 1561 4401 dico,
1611 4343 1734 4408 quia
1771 4342 1813 4396 si
1854 4344 1962 4409 jam
2005 4347 2249 4397 reconci—

672 4430 835 4482 liatus
859 4430 1037 4482 adhuc
1072 4431 1261 4485 iisdem
1297 4447 1392 4498 pro
1422 4433 1867 4486 reconciliatione
1902 4436 2239 4501 impetranda

670 4522 889 4574 deditus
917 4522 1009 4586 sit,
1040 4522 1206 4576 Deum
1248 4539 1275 4574 a
1316 4540 1374 4577 se
1412 4526 1609 4577 avertit
1649 4542 1659 4575 :
1705 4526 2162 4593 qttetnadmtnlum
2197 4542 2247 4580 et

674 4623 796 4665 ante
826 4613 1349 4676 reconciliationem,
1377 4615 1418 4667 si
1451 4630 1545 4682 pro
1570 4616 1867 4683 gratiarum
1904 4619 2117 4669 actione
2148 4618 2245 4670 ista

672 4710 911 4771 priestet.
947 4703 1159 4759 Etenim
1205 4708 1388 4771 hmno,
1426 4719 1478 4761 ut
1534 4708 1913 4777 intelligentia:
1945 4721 2010 4761 ac
2049 4712 2247 4763 mentis

674 4797 946 4865 particeps
998 4799 1198 4850 animal
1252 4799 1560 4853 facultatem
1610 4803 1972 4869 (agnascentli
2038 4802 2199 4855 habet
2234 4842 2245 4862 ,

671 4888 963 4956 o‘nniaque
992 4906 1112 4942 cum
1160 4891 1372 4944 ratione
1418 4901 1469 4943 ct
1505 4895 1814 4961 cognitione
1866 4896 1941 4948 illi
1996 4894 2243 4949 facienda

671 4988 800 5031 sunt
833 4998 843 5030 :
881 4980 929 5032 id
958 4982 1099 5049 quod
1128 4999 1256 5051 erga
1285 4984 1530 5037 homines
1554 4987 1688 5037 alios
1719 4987 1897 5040 facere
1934 4986 2241 5039 consuevit.

671 5069 773 5133 Qui
811 5071 956 5123 enim
995 5088 1172 5141 regem
1204 5090 1301 5144 pro
1337 5076 1539 5128 ollcnsa
1574 5077 1677 5131 sibi
1706 5080 1999 5145 propitiare
2032 5080 2239 5143 studet,

671 5174 782 5213 non
816 5160 965 5227 prius
998 5162 1202 5229 gratias
1232 5163 1362 5233 agit,
1394 5179 1555 5241 quam
1592 5165 1643 5217 in
1679 5164 1795 5232 ejus
1829 5166 2120 5219 amicitiam
2160 5182 2244 5217 rc—

672 5254 899 5305 stitutus
940 5253 1049 5305 sit:
1084 5252 1177 5306 sed
1228 5266 1491 5318 conatur,
1536 5264 1591 5309 ut
1642 5256 1793 5325 prius
1830 5257 2097 5324 placatum
2147 5257 2243 5310 lia-

670 5344 814 5407 heat,
852 5360 915 5399 ac
952 5354 1061 5399 tum
1096 5346 1315 5399 demum
1359 5351 1663 5415 gratiarum
1716 5351 1931 5402 actione
1966 5348 2239 5419 fungitur.

670 5436 886 5503 Alioqui
923 5436 1012 5489 τὸν
1042 5435 1264 5503 λογικὸν
1306 5436 1527 5506 (mentis
1575 5442 1905 5507 compotem)
1942 5441 2031 5494 Dei
2067 5440 2242 5494 Patris

669 5526 821 5594 λόγος
854 5528 1054 5597 (mens)
1097 5538 1149 5582 et
1194 5527 1384 5589 Filius,
1435 5540 1480 5581 et
1531 5530 1678 5582 solus
1729 5530 1977 5583 Salvator
2034 5533 2244 5585 salvan:

669 5618 877 5685 ἀλ-ὖγως
916 5622 1058 5683 (sine
1104 5632 1281 5675 mente
1329 5637 1422 5674 seu
1460 5622 1685 5688 temere)
1719 5638 1827 5675 non
1861 5624 1995 5677 vult.
2037 5622 2139 5677 Sed
2186 5630 2243 5675 ttt

742 5796 787 5828 ⁸³
828 5798 890 5851 ,Ιιι
934 5821 982 5855 ιι.
1030 5820 1103 5869 tu,
1140 5806 1191 5859 6.
1271 5805 1419 5861 "lsa
1473 5819 1623 5873 sunt,
1665 5804 1741 5857 ll.

2358 3257 2475 3311 age,
2516 3256 2621 3307 quo
2649 3246 2809 3307 pacto
2846 3238 3044 3290 salvari
3072 3237 3241 3290 licet?
3268 3237 3483 3288 Gratias
3511 3250 3612 3309 ago
3640 3234 3745 3287 Deo
3782 3248 3934 3295 meo,

2358 3331 2678 3398 respondet,
2712 3344 2808 3396 per
2832 3326 3023 3379 Jesum
3052 3328 3351 3389 Christum,
3400 3326 3521 3393 quia
3576 3327 3659 3376 lea:
3706 3326 3942 3390 spiritus

2355 3424 2471 3474 vine
2502 3422 2553 3473 in
2587 3420 2821 3480 Christo,
2856 3417 3092 3470 liberavit
3139 3433 3216 3468 me
3245 3432 3276 3468 α
3312 3417 3420 3485 lege
3449 3417 3650 3482 peccati
3695 3426 3743 3468 et
3789 3432 3942 3468 mor-

2356 3518 2420 3565 tis
2453 3514 2519 3565 ⁵⁷.
2552 3511 2614 3562 Et
2640 3512 2811 3580 gratia
2854 3509 2925 3563 sit
2956 3508 3189 3576 benigno
3218 3507 3347 3572 Deo,
3395 3508 3484 3575 qui
3541 3521 3607 3559 ex
3658 3507 3943 3561 immensa

2354 3604 2619 3657 (haritate
2645 3618 2771 3669 erga
2800 3600 3051 3655 homines
3079 3602 3255 3668 ipsum
3292 3598 3430 3651 velle
3460 3613 3582 3651 cum
3615 3597 3944 3651 infirmitate

2352 3696 2647 3765 cepulavit,
2682 3703 2739 3746 ut
2773 3694 2936 3746 homo
2976 3692 3161 3743 volens
3214 3705 3320 3741 non
3358 3690 3530 3757 possit
3561 3689 3761 3740 bonum
3796 3702 3943 3755 cpe-

2353 3790 2482 3852 rari,
2528 3786 2739 3838 tametsi
2782 3799 2906 3836 cum
2937 3781 3355 3844 laboremulto;
3387 3788 3438 3831 et
3472 3779 3525 3832 in
3560 3779 3735 3847 ipsum
3780 3794 3947 3831 arro-

2353 3881 2548 3949 gantite
2576 3876 2865 3943 vestigium
2903 3875 3161 3939 declinet,
3191 3888 3311 3941 qure
3343 3872 3577 3937 primum
3612 3878 3931 3939 peccatum,

2352 3985 2405 4026 et
2434 3972 2554 4024 fons
2593 3969 2905 4031 criminum,
2944 3974 2997 4019 et
3044 3974 3254 4017 naturae
3304 3964 3464 4031 lapsa:
3518 3976 3582 4015 ac
3634 3962 3945 4017 debilitata:

2352 4078 2516 4115 causa
2570 4060 2689 4113 fuit.
2742 4058 2871 4111 Solo
2922 4073 3156 4125 namque
3214 4055 3319 4110 Deo
3382 4054 3527 4107 vires
3583 4052 3941 4115 sufﬁciente,

2352 4158 2511 4206 etiam
2550 4156 2661 4220 ipsa
2692 4151 2942 4203 voluntas
2976 4161 3162 4201 nostra
3206 4146 3272 4198 ad
3313 4148 3431 4211 ejus
3472 4145 3807 4198 voluntatem
3867 4146 3941 4197 ab

2352 4245 2499 4297 omni
2534 4242 2867 4309 arrogantiae
2902 4240 3111 4291 macula
3145 4245 3428 4304 purgatur.

2429 4337 2620 4389 Verum
2651 4334 2798 4385 dicat
2827 4331 3058 4384 fortasse
3096 4330 3316 4395 aliquis,
3344 4327 3471 4395 quid
3504 4342 3664 4395 porro
3694 4326 3934 4379 salutent

2358 4425 2716 4493 (“eilSCIIUOIlll
2758 4423 3036 4490 prOprittzn
3095 4419 3461 4487 relinquitur?
3515 4420 3568 4471 Si
3614 4418 3758 4471 enim
3812 4418 3936 4485 ipsa

2278 4497 2323 4553 Ῑ)
2356 4534 2574 4585 quoque
2620 4516 2871 4566 voluntas
2920 4511 3037 4579 ejus
3091 4511 3413 4563 sublimiore
3462 4508 3695 4577 quadam
3728 4514 3943 4561 virtute

2358 4611 2580 4674 indiget,
2617 4604 2885 4675 quomodo
2930 4603 3116 4655 volens
3168 4600 3444 4654 solvatur?
3492 4592 3605 4652 lloc
3651 4607 3735 4651 est
3786 4598 3938 4666 qttotl

2356 4720 2381 4754 δ
2409 4703 2531 4751 dum
2564 4700 2611 4750 ci
2652 4697 2997 4764 relinquitur,
3036 4703 3087 4745 nt
3124 4693 3310 4744 audiat
3351 4692 3417 4745 de
3455 4691 3650 4753 salute,
3675 4688 3797 4757 ejus
3833 4690 3935 4741 tle-

2354 4796 2555 4847 sideiio
2588 4792 2799 4859 ﬂagret,
2828 4799 2878 4843 et
2912 4789 3057 4841 norit
3106 4802 3254 4851 eum,
3303 4786 3395 4853 qui
3444 4785 3657 4837 salt-are
3689 4782 3871 4850 possit
3915 4799 3931 4836 :

2354 4899 2551 4943 cateia
2578 4896 2636 4939 ut
2662 4885 2765 4939 sibi
2792 4884 3065 4939 donentur
3099 4884 3166 4936 ab
3197 4898 3260 4936 eo
3293 4883 3382 4950 qui
3424 4881 3655 4945 salvare,
3690 4888 3744 4934 et
3784 4895 3932 4935 con-

2354 4995 2593 5038 scrvare,
2629 4988 2682 5031 ct
2713 4978 2997 5031 restituere
3048 4974 3101 5027 in
3144 4974 3438 5042 pristinum
3478 4981 3682 5028 statum
3720 4981 3935 5041 potest,

2353 5085 2419 5120 ex
2472 5068 2581 5119 imo
2622 5076 2864 5133 pectore,
2893 5065 3039 5117 omni
3101 5063 3444 5115 dubitatione
3492 5071 3696 5117 remota
3732 5069 3891 5131 roget
3920 5102 3936 5124 ,

2351 5163 2515 5213 ducto
2546 5160 2703 5211 initio
2733 5158 2800 5209 ab
2826 5154 3140 5223 accipienda
3176 5154 3454 5208 voluntate
3484 5169 3590 5223 qua
3619 5154 3771 5217 velit,
3802 5169 3935 5222 qua:

2354 5253 2467 5316 lui,
2510 5262 2564 5303 et
2604 5249 2796 5301 salutis
2842 5258 3006 5310 sunt,
3043 5262 3211 5314 usque
3243 5246 3372 5300 dum
3407 5262 3526 5300 eam
3562 5245 3935 5313 adipiscatur,

2352 5358 2406 5400 et
2458 5346 2794 5398 desiderium
2850 5341 3224 5408 conquiescat.
3281 5340 3524 5394 Primqu
3575 5339 3779 5407 quippe
3828 5336 3931 5392 Dei

2354 5454 2555 5491 munus
2586 5445 2686 5499 est,
2714 5436 2950 5501 aliquem
2980 5434 3047 5486 de
3076 5432 3251 5487 salute
3274 5431 3435 5485 verba
3467 5431 3754 5486 facientem
3785 5444 3933 5482 nan-

2352 5531 2516 5593 cisci;
2558 5540 2836 5596 praecones
2885 5524 3028 5578 enim
3079 5524 3461 5593 ignorantibus
3492 5522 3835 5575 mittuntur:
3874 5530 3935 5573 et

2355 5625 2458 5676 hoc
2488 5620 2691 5673 donmn
2724 5618 2883 5687 plane
2930 5617 3201 5673 mittentis
3238 5624 3345 5673 est.
3378 5613 3695 5671 Secundum
3740 5622 3933 5668 autem

1821 5807 1865 5837 ⁸⁸
1898 5804 2054 5859 Rom.
2093 5819 2185 5868 vn,
2222 5803 2303 5856 18.
2349 5803 2389 5834 ⁵⁷
2432 5803 2585 5857 Ιὶοῐιι.
2621 5818 2739 5867 vnt,
2769 5801 2821 5854 2.
