4128 6338
245 405 352 469 377

1612 404 1895 473 ORATIO
1935 418 2107 480 XIII.

3398 427 3506 494 378

248 531 478 580 munus,
505 513 650 583 quod
684 513 936 570 humanae
982 524 1193 573 naturae
1229 526 1387 574 antea
1439 519 1662 574 insitum
1692 529 1775 577 est
1803 563 1816 586 ,
1844 517 1898 577 Λ
1921 527 2052 581 Τιιιιι
2110 531 2200 587 ille
2248 533 2542 602 quaesivit,
2583 535 2714 607 quid
2749 542 2894 594 esset
2931 539 3154 597 veritas.
3184 543 3290 600 Sed
3327 551 3501 604 tacuit

247 625 407 665 aures
436 607 599 661 dictis
629 610 1000 665 commodare.
1031 610 1156 666 ldco
1187 615 1331 667 enim
1368 622 1422 667 et
1455 615 1563 668 illis
1589 617 1680 684 qui
1709 634 1816 673 non

246 699 502 759 audiunt,
548 697 634 751 his
681 699 862 752 verbis
911 700 1114 756 Christi
1184 704 1509 771 gravissime
1558 707 1818 760 minatur.

247 789 311 843 Si
339 807 437 841 non
479 794 783 857 rerrperint.
814 810 903 844 nec
941 796 1205 848 audierint
1236 815 1344 861 rus,
1375 799 1696 850 tolerabilius
1725 802 1821 852 erit

249 891 406 933 terra:
438 879 789 934 Sodomorum
825 895 872 936 rt
904 883 1361 940 Conturrlnrzornm
1399 893 1450 940 in
1483 891 1564 940 die
1582 890 1776 956 jitclirii
1805 931 1817 953 ,

244 993 402 1042 quam
437 977 542 1029 il'is
573 979 637 1031 ⁵⁸.
671 978 910 1033 Tertium
947 983 1095 1037 [leid
1122 1002 1268 1037 ιιιιιιιι
1325 986 1506 1037 lumen
1543 987 1812 1053 quoddam

244 1076 362 1125 est.
394 1070 533 1135 quod
570 1069 843 1124 intellectu
890 1076 1243 1142 pc-rspiritur‘,
1279 1079 1536 1147 qtzndque
1588 1080 1820 1133 Inarime

243 1175 440 1216 recens
489 1178 586 1230 per
620 1163 950 1229 baptismum
1001 1168 1326 1225 illuminatis
1383 1173 1660 1225 tribuitur.
1718 1174 1820 1238 Qui

245 1266 486 1317 namque
523 1254 588 1307 de
619 1256 798 1310 salute
831 1258 1061 1323 audivit,
1094 1265 1511 1330 sequedmenti
1552 1273 1818 1318 attentum

248 1345 500 1413 praebuzt,
533 1350 706 1416 ips:tm
741 1351 959 1416 quidem
987 1355 1338 1418 desideravit,
1370 1359 1694 1426 elegantiam
1724 1375 1822 1411 au-

245 1447 356 1491 tem
403 1448 454 1491 et
507 1443 971 1509 pulchritudinem
1027 1448 1145 1515 ejus
1187 1455 1424 1504 nondum
1481 1453 1717 1521 aspexit,
1768 1461 1821 1505 et

241 1531 431 1586 divino
460 1534 664 1588 lumine
693 1540 920 1608 mystice
952 1557 1090 1607 opus
1117 1543 1298 1606 habet,
1329 1543 1471 1611 quod
1504 1545 1550 1598 ei
1587 1545 1822 1612 desuper

241 1623 549 1680 obumbret.
587 1626 695 1679 Hoc
731 1631 928 1685 anitum
958 1635 1146 1685 oculos
1178 1635 1514 1697 illiirninans,
1551 1635 1661 1688 duo
1703 1637 1820 1690 haec.

242 1716 506 1779 ostendit,
542 1719 1005 1781 pulchritudinem
1041 1732 1088 1777 et
1137 1725 1436 1780 {militated
1472 1746 1485 1781 :
1516 1728 1820 1795 pulchritu-

1923 616 2201 688 Dominus,
2232 627 2374 694 quod
2414 626 2577 681 sciret
2612 628 2840 683 Pilatum
2879 630 2982 686 hoc
3026 635 3339 703 mysterium
3375 640 3501 694 abs-

1921 707 2195 760 conditum
2289 728 2393 766 non
2443 731 2603 784 posse
2644 733 2859 787 capere.
2913 720 3046 775 Nam
3095 740 3218 778 eum
3275 743 3505 796 regnare

1923 812 2085 861 super
2130 816 2342 886 omnem
2395 806 2670 862 hominem
2715 822 2929 878 oportet
2960 854 2974 877 ,
3020 832 3280 883 quoniam
3345 821 3504 875 aliter

1923 889 2261 945 characteres
2298 900 2582 954 rationales
2619 908 2866 960 humanae
2894 919 3102 962 natura:
3134 911 3274 977 apud
3305 929 3508 965 unum-

1926 997 2196 1050 "ll't‘mqlle
2230 987 2577 1053 resplendere
2597 1010 2937 1064 nequaquam
2968 1011 3197 1066 possunt
3233 1019 3247 1054 :
3285 1010 3338 1054 et
3367 1002 3501 1072 irra-

1929 1073 2345 1130 tioriatiilitatem
2381 1089 2574 1147 prmler
2609 1095 2853 1140 naturam
2889 1106 2950 1144 ex
2985 1101 3209 1160 peccato
3243 1096 3295 1147 in
3325 1110 3504 1164 genus

1927 1167 2223 1223 humanum
2254 1171 2576 1241 ingressam,
2603 1187 2765 1246 atque
2790 1182 2860 1234 ita
2887 1181 3265 1252 lirtnatamaut
3297 1202 3500 1241 srcun-

1922 1259 2047 1312 dum
2080 1273 2328 1314 naturam
2364 1265 2729 1334 existimetur,
2761 1272 3129 1339 obscurari‘ac
3151 1278 3348 1332 deleri.
3373 1277 3498 1332 Non.

1922 1353 2066 1404 enim
2110 1370 2426 1420 possumus,
2459 1374 2585 1421 non,
2617 1359 2861 1429 inquam,
2890 1380 3180 1430 possumus
3207 1370 3272 1424 ab
3301 1371 3502 1441 ἀλογίᾳ

1921 1443 2161 1509 liberari,
2201 1449 2298 1500 nisi
2333 1448 2606 1515 Christus,
2635 1453 2724 1520 qui
2763 1447 2847 1508 est
2877 1457 3066 1523 Λόγος,
3090 1475 3253 1528 super
3288 1478 3386 1515 nos
3411 1477 3500 1516 re-

1922 1541 2190 1605 gnaverit.
2223 1542 2400 1610 Atque
2424 1545 2538 1597 haec
2567 1553 2648 1598 est
2680 1547 2768 1599 illa
2801 1549 3020 1611 veritas,
3048 1551 3131 1602 cui
3168 1561 3224 1604 ut
3252 1554 3500 1604 testimo-

1924 1628 2074 1680 niu-t;
2116 1631 2461 1698 perhiberet,
2502 1635 2757 1691 Christus
2809 1639 2977 1690 venit.
3028 1629 3156 1692 Nisi.
3193 1639 3334 1692 enim
3384 1643 3504 1708 ipse

1925 1736 2018 1772 rex
2064 1725 2247 1774 noster
2279 1724 2463 1789 fuerit,
2500 1743 2780 1796 nunquam
2820 1729 2962 1797 quod
2993 1731 3260 1798 placitum
3287 1741 3370 1784 est
3405 1715 3502 1785 co-

249 1804 429 1856 dinem
463 1806 676 1874 quidem
705 1811 917 1878 salutis,
958 1813 1252 1869 fwditatein
1285 1832 1410 1868 vero
1443 1819 1561 1886 ejus
1593 1820 1686 1887 qui
1716 1818 1821 1871 sal-
1856 1858 1898 1915 Β
1926 1828 2041 1865 ram
2076 1830 2158 1866 eo.
2203 1826 2456 1882 priest-are
2491 1824 2794 1890 poterimus
2837 1840 2850 1874 ε
2891 1822 2982 1875 sed
3019 1824 3085 1875 ab
3121 1823 3500 1893 impostureet

244 1906 427 1950 Vitllll'.

317 1986 458 2051 Quid
516 1991 797 2058 amplius?
854 2002 1144 2064 postquam
1203 1997 1533 2050 desiderium
1593 1999 1824 2065 primam

244 2078 444 2135 animae
476 2081 773 2136 motionem
802 2098 1112 2152 assumens,
1148 2087 1479 2141 voluntatem
1508 2087 1684 2141 adhuc
1720 2089 1826 2141 im-

248 2173 526 2232 hccillem.
565 2187 617 2228 et
654 2178 1050 2232 cunctatioretn
1096 2188 1148 2233 et
1195 2181 1543 2245 impatentem
1575 2181 1636 2234 ad
1675 2181 1827 2235 salu-

242 2273 358 2318 tem
398 2267 676 2329 habuerit,
710 2271 1055 2338 senseritque
1103 2272 1284 2324 anima
1321 2271 1628 2324 voluntatis
1658 2271 1829 2324 mise-

244 2357 413 2422 riam,
447 2373 512 2412 ex
544 2359 655 2412 alto
689 2361 946 2415 virtutem
979 2362 1202 2431 ﬂagitat,
1237 2374 1294 2416 ut
1329 2369 1580 2419 voluntas
1613 2364 1822 2416 contir-

246 2461 450 2514 metur,
498 2460 551 2505 et
608 2461 718 2506 tota
762 2455 994 2508 salutem
1053 2458 1256 2524 cupiat.
1300 2455 1426 2509 Post
1479 2456 1592 2508 htec
1641 2455 1828 2523 incipit

241 2544 441 2602 Oratio,
475 2543 744 2599 laboriosa
779 2547 844 2598 ad
889 2549 1352 2614 cognoscendum,
1385 2557 1438 2601 et
1469 2564 1496 2600 a
1528 2548 1820 2615 spiritibus

243 2633 600 2695 adversariis.
635 2646 692 2690 ut
727 2639 938 2692 arundo
970 2640 1190 2708 agitata.
1235 2639 1332 2694 llic
1357 2641 1676 2694 confirmata
1711 2641 1825 2694 haec

241 2725 501 2779 voluntas
531 2728 821 2788 laborabit.
863 2739 914 2782 et
965 2730 1184 2783 sudabit
1218 2732 1472 2794 multum,
1517 2741 1707 2799 petens
1743 2730 1825 2782 di-

241 2818 436 2870 vinum
468 2821 658 2872 orandi
709 2821 912 2885 donum
964 2823 1181 2875 cmlitns
1217 2824 1484 2889 accipere,
1520 2830 1576 2873 ut
1612 2822 1663 2873 in
1706 2819 1830 2886 Spi-

247 2908 360 2960 ritu
394 2920 583 2960 sancto
619 2908 709 2961 fiat
735 2910 930 2963 oratio.
963 2909 1150 2965 Jesuin
1185 2912 1326 2964 enim
1365 2927 1472 2963 non
1504 2919 1680 2978 potest
1713 2909 1830 2962 ani-

244 3012 338 3051 ma
400 2996 689 3050 Dominum
749 3014 931 3062 suum,
997 2999 1098 3052 hoc
1152 3010 1256 3058 est.
1307 3000 1406 3052 sibi
1463 3000 1824 3068 imperantem

242 3089 456 3149 dicere,
479 3099 574 3140 aut.
596 3090 878 3158 explorate
898 3099 1078 3154 nosse,
1102 3093 1202 3144 nisi
1234 3094 1285 3144 in
1315 3092 1517 3159 Spiritu
1545 3103 1732 3148 sancto
1757 3097 1827 3156 δ’.

1933 1906 2150 1956 iniungo
2195 1907 2410 1961 humani
2460 1912 2676 1980 generis
2713 1927 2986 1980 regentur,
3035 1927 3134 1965 nec
3181 1913 3504 1966 sentiemus.

1935 1992 2032 2047 Ubi
2074 1997 2216 2048 enim
2268 2008 2459 2067 regnat
2500 2004 2662 2064 Deus,
2698 2018 2803 2055 non
2843 2003 2916 2057 ibi
2964 2003 3186 2055 diabolo
3241 2005 3499 2067 servitur,

1931 2085 2026 2138 scd
2067 2088 2428 2142 ministerium
2458 2108 2617 2144 omne
2648 2092 2701 2144 in
2735 2092 2903 2146 Deum
2931 2095 3234 2147 confertur.

2000 2175 2209 2233 Etenim
2254 2183 2377 2250 quis
2407 2181 2618 2251 ignorat
2658 2182 2827 2236 Deum
2853 2199 2971 2239 esse
2995 2187 3337 2239 conditorem
3367 2188 3497 2242 εωῑί

1931 2285 1994 2324 ac
2032 2281 2211 2338 terra),
2246 2283 2298 2326 et
2334 2275 2512 2326 omnis
2547 2284 2836 2338 creaturae,
2875 2286 2983 2328 tam
3018 2293 3135 2346 quae
3170 2278 3500 2345 cogitatione

1931 2365 2252 2432 percipitur,
2300 2379 2465 2432 quam
2513 2381 2636 2434 qua:
2691 2349 3123 2435 sub’aspectum
3175 2369 3505 2438 subjicitur?

1930 2454 2063 2511 Esse
2107 2457 2268 2508 etiam
2301 2443 2478 2525 regem
2518 2456 2732 2520 eorum,
2775 2475 2895 2528 quae
2930 2475 2993 2526 ex
3036 2461 3207 2514 nihilo
3236 2470 3292 2514 ιιι
3321 2475 3510 2516 exsta-

1930 2556 2073 2605 rent.
2108 2547 2376 2615 producta
2407 2556 2556 2610 sunt,
2597 2550 2801 2604 creatis
2825 2551 2990 2604 simul
3019 2553 3088 2604 ab
3114 2569 3178 2607 eo
3211 2555 3506 2610 omnibus?

1930 2636 2072 2689 Deus
2099 2639 2240 2690 enim
2270 2637 2430 2691 Pater
2465 2638 2624 2694 Verbi
2662 2641 2744 2693 sui
2796 2655 2857 2694 ac
2893 2640 3035 2707 Filii,
3063 2643 3155 2696 Dei
3189 2658 3250 2698 ac
3289 2644 3506 2700 Domini

1929 2731 2105 2782 nostri
2155 2729 2284 2783 Jesu
2326 2731 2551 2792 Christi,
2591 2746 2686 2799 per
2718 2748 2878 2800 quem
2923 2734 3054 2788 fecit
3087 2737 3295 2797 omnia,
3335 2740 3498 2791 etiam

1934 2827 1985 2878 in
2027 2825 2238 2892 Spiritu
2288 2835 2478 2879 sancto
2527 2842 2628 2879 suo
2678 2836 2869 2893 regnat
2915 2845 3079 2897 super
3123 2831 3329 2884 omnia.
3377 2831 3505 2886 llaec

1934 2916 2098 2984 igitur
2134 2932 2238 2968 una
2277 2916 2480 2978 Deitas,
2521 2917 2701 2980 Pater,
2742 2917 2914 2973 Filius
2944 2960 2959 2983 ,
2995 2929 3048 2973 et
3091 2921 3330 2990 Spiritus
3376 2937 3510 2978 san-

1934 3016 2073 3065 ctus.
2096 3022 2215 3075 quae
2239 3009 2291 3059 in
2321 3009 2494 3061 tribus
2519 3008 2915 3072 subsistentiis,
2937 3020 3231 3075 cozeterna,
3252 3014 3504 3082 principii

1937 3110 2218 3164 cocxpcrs,
2276 3099 2763 3151 conSiibstantialis
2825 3101 2964 3169 regit
3019 3103 3241 3167 caelum,
3303 3104 3502 3169 solem,

246 3191 308 3233 ut
353 3183 464 3244 ipse
498 3180 742 3247 Spiritus
773 3193 1004 3236 sanctus
1033 3199 1155 3236 cum
1194 3184 1514 3239 habitaverit
1542 3189 1592 3238 in
1621 3188 1824 3243 anima.
1865 3187 1907 3244 C
1944 3187 2150 3250 lunam,
2179 3189 2382 3252 stellas,
2409 3203 2609 3252 aerem,
2639 3201 2866 3253 terram,
2895 3206 3064 3255 mare,
3091 3199 3146 3246 et
3169 3195 3351 3246 omnia
3382 3211 3505 3262 quae

245 3271 493 3324 Postulat
517 3288 610 3336 pro
636 3273 781 3324 nobis
801 3273 1078 3342 gemitibus
1103 3274 1565 3333 inenarrabilibus,
1592 3277 1828 3332 clamans

249 3361 400 3415 Abba
436 3359 594 3415 Pater
628 3363 699 3424 '°,
737 3378 846 3431 quo
884 3363 1028 3415 illius
1069 3381 1170 3416 vox
1222 3366 1650 3432 glorilicatorum
1701 3385 1829 3438 proo

246 3455 368 3522 pria
402 3454 513 3516 fiat,
547 3465 599 3507 et
625 3471 722 3522 per
753 3457 1051 3508 orationem
1086 3457 1407 3523 gratiosam,
1439 3468 1833 3526 acceptamque

246 3549 436 3598 anima
472 3547 686 3599 fructus
730 3547 960 3614 spiritus
985 3548 1278 3615 germinet,
1318 3549 1668 3613 charitatem,
1693 3567 1831 3619 gau-

247 3639 427 3698 dium,
458 3651 676 3704 pacem,
710 3637 1198 3706 longanimitalcm,
1238 3639 1650 3707 benignitatem,
1682 3642 1833 3695 boni-

243 3735 436 3788 tatem,
495 3728 694 3784 lidum.
757 3728 1274 3792 mansuetudinem,
1319 3731 1715 3784 continentiam
1759 3735 1826 3788 ⁶¹.

245 3817 350 3871 Hic
379 3817 513 3869 ordo
544 3831 731 3869 eorum
768 3825 872 3876 est,
909 3818 1000 3886 qui
1041 3819 1346 3872 salvantur.
1381 3820 1474 3873 Sin
1520 3823 1701 3878 minus
1725 3863 1740 3886 ,
1774 3824 1828 3877 in

246 3907 554 3969 montibus,
587 3915 639 3960 et
673 3908 1068 3963 solitudinibus
1097 3951 1110 3974 ,
1142 3919 1195 3965 et
1231 3911 1361 3965 locis
1397 3929 1532 3981 quos
1568 3913 1830 3971 Dominus

247 4014 362 4051 non
397 3998 600 4059 visitat,
634 3993 937 4065 oberrabit,
968 4002 1056 4070 qui
1110 4002 1256 4055 hunc
1289 4004 1536 4058 ordinem
1590 4021 1697 4059 non
1747 4024 1836 4062 se-

245 4092 466 4156 quitur.
498 4089 632 4142 Nam
664 4091 870 4144 nullum
905 4108 1124 4145 servare
1159 4094 1406 4148 ordinem
1429 4137 1443 4160 ,
1497 4097 1732 4152 licentiae
1779 4105 1832 4152 et

243 4182 611 4236 contumacia:
643 4181 903 4235 indicium
942 4194 1045 4236 εει.
1075 4183 1244 4252 Cujus
1277 4197 1454 4238 autem
1494 4187 1828 4257 initiuntlu-

246 4275 494 4336 bricuin,
533 4274 696 4329 etiam
727 4274 848 4328 ﬁnis
879 4275 1104 4339 inutilis,
1139 4276 1546 4347 laboraudoquc
1583 4279 1835 4346 fatigabi-

240 4377 364 4433 tnr,
401 4377 456 4420 et
506 4365 687 4420 studio
742 4365 888 4419 inani
959 4367 1392 4436 lassescetpqui
1444 4369 1606 4424 saluti
1659 4379 1832 4424 vacat.

252 4464 455 4518 Fertne
486 4463 630 4517 enim
663 4462 811 4533 salus
843 4465 1022 4518 omnis
1077 4464 1128 4517 in
1179 4465 1399 4520 Christo
1443 4463 1569 4520 Jesu
1603 4466 1836 4520 Domino

245 4571 443 4612 nos:ri
472 4557 647 4624 posita
683 4564 785 4610 est.
830 4556 1042 4610 Idcirco
1075 4567 1128 4610 et
1177 4574 1292 4620 rev,
1345 4567 1398 4612 et
1451 4557 1712 4614 Dominus
1747 4577 1840 4630 ap-

248 4648 514 4716 pellatur,
546 4647 805 4715 quoniam
839 4663 1004 4716 super
1031 4641 1274 4707 Singulos
1297 4650 1352 4701 in
1380 4664 1502 4702 eum
1532 4650 1838 4716 credentes,

247 4755 352 4809 per
396 4739 662 4799 Spiritum
696 4749 947 4810 sinctum
976 4739 1187 4809 regnat,
1223 4750 1275 4793 et
1307 4751 1361 4793 ut
1398 4758 1513 4819 rex,
1551 4758 1613 4796 ac.
1644 4743 1828 4796 Domi-

250 4845 362 4883 nus
413 4830 941 4890 suorum-ﬁdelium,
1002 4832 1115 4898 ipse
1147 4834 1243 4898 per
1270 4847 1364 4885 eos
1401 4833 1541 4900 quod
1577 4834 1833 4899 placitum

245 4937 443 4976 coram
477 4939 535 4975 se
565 4933 670 4986 est,
703 4933 980 4992 aperatur.
1027 4922 1111 4975 Fit
1137 4923 1280 4976 enim
1317 4924 1404 4986 iis,
1436 4925 1487 4977 in
1516 4925 1713 4993 quibus
1753 4940 1837 4977 re-

250 5023 405 5083 gnat.
443 5014 539 5068 viae
587 5014 696 5067 dux
726 5053 740 5078 ,
776 5017 1135 5082 gubernator,
1179 5016 1459 5084 magister,
1493 5030 1836 5080 (economus,

250 5119 502 5174 praeses,
535 5105 877 5172 epitulator,
922 5107 990 5159 ab
1036 5107 1186 5159 omni
1234 5116 1455 5175 peccato
1503 5107 1835 5174 redemptor.

257 5198 444 5264 Atque
494 5196 639 5249 enim
676 5198 722 5250 si
750 5199 973 5264 quidam
1023 5199 1162 5252 citra
1205 5198 1484 5253 Christum
1521 5199 1648 5252 boni
1683 5199 1838 5266 quis-

251 5289 408 5360 piam
447 5302 607 5356 agere
640 5287 954 5352 videantur,
993 5278 1336 5344 mendacium
1374 5298 1522 5344 sunt.
1561 5289 1716 5343 Tunc
1736 5307 1842 5349 au-

253 5392 367 5437 tem
398 5381 600 5434 veritas
642 5379 798 5443 ﬁunt,
832 5396 958 5433 cum
988 5382 1243 5436 Christus
1269 5397 1432 5450 super
1467 5381 1613 5450 ipsos
1651 5397 1845 5450 regna-

260 5475 439 5536 verit,
501 5471 590 5525 cui
650 5471 869 5524 diccbat
931 5473 1138 5527 Pilatus
1190 5492 1204 5527 :
1248 5474 1389 5544 Ergo
1434 5489 1525 5526 rex
1564 5483 1612 5526 et
1647 5475 1752 5526 tu?
1790 5481 1841 5529 et

255 5565 535 5635 respondit
569 5563 619 5618 ei
650 5580 663 5616 :
695 5562 803 5632 Ego
839 5565 891 5616 iu
921 5564 1016 5617 hoc
1047 5576 1204 5620 natus
1233 5584 1350 5619 sum
1372 5608 1385 5629 ,
1413 5577 1460 5618 et
1489 5566 1558 5618 ad
1589 5567 1685 5618 hoc
1716 5567 1831 5619 veni

254 5662 317 5714 in
352 5657 630 5727 mundum,
675 5663 731 5708 ut
783 5639 1135 5709 testiinonium
1182 5657 1483 5724 pcrhibeam
1531 5656 1738 5710 veritati
1769 5657 1836 5710 ".

326 5798 371 5828 ⁸³
403 5794 602 5849 Matth.
631 5793 794 5849 3.15.
873 5793 915 5827 ⁸⁸
946 5792 1103 5848 lCor.
1126 5782 1224 5861 tm,
1259 5796 1312 5849 5.
1390 5797 1434 5828 ⁸ο
1459 5793 1613 5850 Rom.
1642 5811 1733 5849 vm
1787 5793 1879 5850 26.

253 5867 298 5903 ⁸⁸
323 5867 522 5924 Matth.
557 5879 632 5931 Vt,
661 5863 748 5919 55.

1941 3280 2005 3331 in-
2034 3279 2113 3332 eis
2161 3292 2309 3342 sunt,
2352 3291 2403 3334 et
2441 3281 2684 3349 angelos,
2731 3291 2779 3336 ct
2818 3283 3065 3338 homines
3096 3283 3263 3338 velint
3304 3288 3506 3350 nolint,

1937 3371 2062 3438 quia
2105 3371 2369 3428 Dominus
2416 3389 2558 3426 unus
2601 3376 2770 3427 est”.
2816 3373 3081 3440 Quoniam
3105 3383 3296 3438 autem
3340 3381 3506 3447 regiae

1921 3455 2223 3528 'pntestatis
2275 3466 2578 3530 proprietas
2631 3472 2715 3518 est
2773 3466 3058 3533 providere
3109 3469 3396 3530 omnibus,»
3450 3471 3501 3524 in

1939 3567 2075 3620 quos
2115 3568 2334 3620 regnum
2375 3561 2480 3615 est,
2516 3556 2678 3607 etiam
2714 3555 2853 3608 Deus
2889 3556 3038 3610 hisce
3077 3559 3335 3615 omnibus
3371 3575 3503 3628 pro-

1935 3645 2230 3698 videntiam
2260 3653 2312 3698 et
2342 3661 2528 3697 curam
2558 3662 2712 3699 suam
2746 3649 3010 3703 declarat.
3045 3649 3147 3704 Sed
3173 3651 3301 3720 quia
3325 3651 3504 3707 omnis

1936 3736 2157 3787 con‘dita
2196 3747 2410 3798 natura,
2463 3748 2659 3804 printer
2706 3739 2917 3792 ratione
2963 3741 3241 3808 pra-ditas.
3281 3743 3504 3810 angelos

1937 3827 2194 3878 nimirum
2230 3835 2394 3893 atque
2435 3827 2684 3881 homines
2729 3831 3102 3896 cognitionem
3149 3846 3211 3884 ac
3255 3833 3503 3897 notitiam

1937 3930 2131 3983 capere
2172 3918 2383 3979 nequit,
2423 3918 2526 3969 hoc
2572 3917 2690 3985 ipso
2727 3921 2868 3986 quod
2913 3923 3126 3973 ratione
3169 3932 3335 3984 caret,
3383 3923 3505 3975 ideo

1941 4006 2081 4060 Deus
2124 4022 2341 4074 quoque
2386 4015 2443 4058 ut
2475 4007 2762 4073 ignoranti,
2799 4011 3032 4078 simplici
3080 4013 3163 4063 via
3200 4011 3446 4078 providet
3486 4031 3502 4069 :

1937 4113 2059 4152 cum
2087 4100 2402 4166 angelorum
2431 4100 2839 4167 hominumque,
2868 4116 3101 4168 quorum
3131 4113 3213 4155 est
3238 4103 3500 4169 cognitio,

1938 4204 2124 4243 curam
2157 4196 2308 4259 gerat
2336 4189 2639 4241 assiduam.
2667 4187 2789 4241 Vult
2819 4197 3001 4242 autem
3036 4190 3156 4254 hos,
3187 4198 3245 4242 ut
3276 4200 3509 4244 naturas

1941 4285 2299 4353 intelligentia
2348 4291 2572 4335 ornatas
2620 4294 2784 4332 nosse
2818 4279 3090 4347 Opiﬁccm,
3140 4280 3502 4352 pqrovisorem.

1941 4388 1993 4432 et
2016 4377 2348 4430 Salvatorem
2379 4375 2566 4427 Deum.
2593 4372 2667 4444 Ea
2692 4381 2915 4439 propter
2938 4371 3204 4438 siquidem
3239 4372 3508 4439 procreati

1945 4477 2092 4530 siint,
2125 4476 2184 4519 ut
2227 4477 2484 4533 tanquam
2520 4472 2729 4515 naturae
2763 4462 3002 4526 consilii,
3038 4451 3347 4529 tuenti-sque
3379 4477 3508 4530 par-

1948 4559 2160 4626 ticipes,
2227 4565 2282 4609 et
2348 4554 2724 4621 ingeneratam
2795 4551 3156 4618 cognitionem
3226 4550 3510 4612 habentes,

1949 4646 2287 4704 conditorem
2329 4653 2591 4714 perpetuo
2639 4643 2999 4705 celebrarent,
3048 4643 3204 4706 eique
3253 4649 3365 4694 tum
3412 4656 3512 4710 pro

1948 4733 2165 4807 sci‘psis,
2215 4749 2324 4790 tum
2371 4751 2467 4804 pro
2515 4734 2778 4787 universis
2819 4734 3026 4803 gratias
3067 4742 3308 4800 agerent.
3353 4729 3512 4785 Unde

1947 4845 2257 4900 quanquam
2286 4827 2428 4881 Deus
2465 4843 2558 4879 rex
2594 4835 2675 4880 est
2710 4826 2978 4888 omnium,
3011 4831 3191 4876 tamen
3226 4823 3510 4876 hominum

1944 4923 2210 4974 duntaxat
2246 4926 2300 4971 et
2340 4916 2653 4984 angelorum
2700 4915 3001 4967 volentium
3050 4929 3146 4966 rex
3192 4928 3315 4966 esse
3356 4913 3510 4966 vult:

1944 5007 2241 5062 nolentium
2290 5019 2656 5072 nequaquam,
2721 5011 2778 5054 ut
2825 5016 2892 5055 ne
2940 5001 3152 5055 arbitrii
3202 5001 3508 5055 libertatem

1944 5101 2051 5155 illis
2084 5099 2251 5153 tollat.
2298 5098 2400 5162 Qui
2435 5098 2581 5150 enim
2620 5096 2834 5148 ratione
2881 5100 3041 5148 utens
3082 5101 3278 5146 natura
3323 5092 3416 5156 sit,
3466 5089 3512 5144 si

1945 5190 2226 5245 voluntate
2259 5191 2476 5242 careat?
2516 5185 2785 5251 Quocirca
2816 5184 2982 5238 etiam
3029 5183 3292 5236 Dominus
3325 5189 3513 5234 noster

1944 5282 2104 5338 Jcsus
2133 5281 2384 5336 Christus
2411 5288 2656 5335 nostrum
2685 5279 2884 5352 similis
2909 5277 3073 5331 homo
3101 5284 3282 5338 natus,
3311 5282 3361 5325 et
3393 5286 3509 5323 ma-

1943 5377 2138 5444 gister,
2183 5375 2332 5443 quod
2381 5374 2608 5436 latebat,
2652 5382 2706 5426 et
2746 5371 3120 5441 ignorabatur,
3161 5365 3509 5446 consortibus

1942 5468 2157 5537 generis
2197 5483 2260 5520 ac
2294 5465 2555 5520 fratribus
2582 5464 2795 5525 suadet,
2833 5462 2961 5515 dum
3003 5459 3076 5511 ita
3109 5457 3265 5509 docet
3305 5469 3368 5506 ac
3412 5453 3497 5505 di-

1947 5562 2067 5614 cit:
2117 5559 2349 5624 Quaerite
2396 5574 2608 5629 regnum
2651 5556 2768 5617 Dei,
2808 5563 2855 5607 et
2891 5550 3160 5620 justitiam
3190 5547 3302 5615 ejus
3334 5545 3398 5607 “.
3451 5553 3509 5597 ul

1947 5641 2261 5707 volentibus
2311 5651 2470 5705 nobis
2525 5651 2776 5718 imperet.
2831 5642 3003 5697 Simul
3054 5640 3198 5696 enim
3259 5648 3509 5693 naturam

1957 5753 2203 5848 "‘Galat.
2229 5790 2407 5857 v,‘23.-
2466 5792 2508 5824 "
2545 5789 2703 5843 Joan.
2740 5799 2890 5852 xvtu,
2920 5783 3010 5838 '57.
3089 5759 3313 5837 “Deut:
3358 5797 3426 5850 vi,
3454 5783 3521 5838 4.
