  <div class='ocr_page' id='page_1' title='image "/cluster/home/n/w/nwhite01/storage/ocr_20150623/120/pst.000005714353/197.png"; bbox 0 0 4128 6338; ppageno 0'>
   <div class='ocr_carea' id='block_1_1' title="bbox 624 432 730 502">
    <p class='ocr_par' dir='ltr' id='par_1_1' title="bbox 624 432 730 502">
     <span class='ocr_line' id='line_1_1' title="bbox 624 432 730 502; baseline -0.038 0"><span class='ocrx_word' id='word_1_1' title='bbox 624 432 730 502; x_wconf 76' lang='lat'><strong>379</strong></span> 
     </span>
    </p>
   </div>
   <div class='ocr_carea' id='block_1_2' title="bbox 1839 433 2592 498">
    <p class='ocr_par' dir='ltr' id='par_1_2' title="bbox 1839 433 2592 498">
     <span class='ocr_line' id='line_1_2' title="bbox 1839 433 2592 498; baseline -0.003 -2"><span class='ocrx_word' id='word_1_2' title='bbox 1839 438 2199 496; x_wconf 80' lang='lat' dir='ltr'><strong>SIMEONIS</strong></span> <span class='ocrx_word' id='word_1_3' title='bbox 2231 433 2592 498; x_wconf 74' lang='lat' dir='ltr'><strong>JUNIORIS</strong></span> 
     </span>
    </p>
   </div>
   <div class='ocr_carea' id='block_1_3' title="bbox 3759 435 3863 496">
    <p class='ocr_par' dir='ltr' id='par_1_3' title="bbox 3759 435 3863 496">
     <span class='ocr_line' id='line_1_3' title="bbox 3759 435 3863 496; baseline -0.019 0"><span class='ocrx_word' id='word_1_4' title='bbox 3759 435 3863 496; x_wconf 70' lang='lat'><strong>38‘!)</strong></span> 
     </span>
    </p>
   </div>
   <div class='ocr_carea' id='block_1_4' title="bbox 626 545 3858 620">
    <p class='ocr_par' dir='ltr' id='par_1_4' title="bbox 626 545 3858 620">
     <span class='ocr_line' id='line_1_4' title="bbox 626 545 3858 620; baseline -0.001 -18"><span class='ocrx_word' id='word_1_5' title='bbox 626 545 855 602; x_wconf 85' lang='lat' dir='ltr'><strong>rationis</strong></span> <span class='ocrx_word' id='word_1_6' title='bbox 901 559 1156 617; x_wconf 87' lang='lat' dir='ltr'><strong>capacem</strong></span> <span class='ocrx_word' id='word_1_7' title='bbox 1209 564 1432 620; x_wconf 88' lang='lat' dir='ltr'><strong>regnum</strong></span> <span class='ocrx_word' id='word_1_8' title='bbox 1482 546 1576 601; x_wconf 84' lang='lat' dir='ltr'><strong>Dei</strong></span> <span class='ocrx_word' id='word_1_9' title='bbox 1630 548 1869 618; x_wconf 87' lang='lat' dir='ltr'><strong>attingit,</strong></span> <span class='ocrx_word' id='word_1_10' title='bbox 1922 559 1976 602; x_wconf 89' lang='lat' dir='ltr'><strong>et</strong></span> <span class='ocrx_word' id='word_1_11' title='bbox 2021 550 2184 605; x_wconf 85' lang='lat' dir='ltr'><strong>simul</strong></span> <span class='ocrx_word' id='word_1_12' title='bbox 2213 552 2261 610; x_wconf 82' lang='grc' dir='ltr'>Α</span> <span class='ocrx_word' id='word_1_13' title='bbox 2290 551 2483 615; x_wconf 85' lang='lat' dir='ltr'><strong>partim</strong></span> <span class='ocrx_word' id='word_1_14' title='bbox 2517 563 2666 612; x_wconf 90' lang='lat' dir='ltr'><strong>vero,</strong></span> <span class='ocrx_word' id='word_1_15' title='bbox 2699 556 2754 600; x_wconf 91' lang='lat' dir='ltr'><strong>ut</strong></span> <span class='ocrx_word' id='word_1_16' title='bbox 2794 563 2914 602; x_wconf 92' lang='lat' dir='ltr'><strong>cum</strong></span> <span class='ocrx_word' id='word_1_17' title='bbox 2951 549 3256 604; x_wconf 88' lang='lat' dir='ltr'><strong>libertatem</strong></span> <span class='ocrx_word' id='word_1_18' title='bbox 3292 565 3318 602; x_wconf 90' lang='lat' dir='ltr'><strong>a</strong></span> <span class='ocrx_word' id='word_1_19' title='bbox 3363 547 3635 618; x_wconf 76' lang='lat' dir='ltr'><strong>peccando</strong></span> <span class='ocrx_word' id='word_1_20' title='bbox 3670 549 3858 617; x_wconf 76' lang='lat' dir='ltr'><strong>adepti</strong></span> 
     </span>
    </p>
   </div>
   <div class='ocr_carea' id='block_1_5' title="bbox 625 638 2185 707">
    <p class='ocr_par' dir='ltr' id='par_1_5' title="bbox 625 638 2185 707">
     <span class='ocr_line' id='line_1_5' title="bbox 625 638 2185 707; baseline 0.003 -15"><span class='ocrx_word' id='word_1_21' title='bbox 625 638 773 692; x_wconf 91' lang='lat' dir='ltr'><strong>omni</strong></span> <span class='ocrx_word' id='word_1_22' title='bbox 807 653 925 692; x_wconf 89' lang='lat' dir='ltr'><strong>eam</strong></span> <span class='ocrx_word' id='word_1_23' title='bbox 953 640 1163 707; x_wconf 74' lang='lat' dir='ltr'><strong>justitia</strong></span> <span class='ocrx_word' id='word_1_24' title='bbox 1196 639 1456 694; x_wconf 92' lang='lat' dir='ltr'><strong>cumulat.</strong></span> <span class='ocrx_word' id='word_1_25' title='bbox 1491 640 1628 693; x_wconf 87' lang='lat' dir='ltr'><strong>IIinc</strong></span> <span class='ocrx_word' id='word_1_26' title='bbox 1659 648 1710 694; x_wconf 92' lang='lat' dir='ltr'><strong>et</strong></span> <span class='ocrx_word' id='word_1_27' title='bbox 1741 641 1983 707; x_wconf 83' lang='lat' dir='ltr'><strong>quatidie</strong></span> <span class='ocrx_word' id='word_1_28' title='bbox 2020 641 2185 696; x_wconf 87' lang='lat' dir='ltr'><strong>Deum</strong></span> 
     </span>
    </p>
   </div>
   <div class='ocr_carea' id='block_1_6' title="bbox 628 731 2187 801">
    <p class='ocr_par' dir='ltr' id='par_1_6' title="bbox 628 731 2187 801">
     <span class='ocr_line' id='line_1_6' title="bbox 628 731 2187 801; baseline 0.002 -19"><span class='ocrx_word' id='word_1_29' title='bbox 628 736 699 782; x_wconf 85' lang='lat' dir='ltr'><strong>tta</strong></span> <span class='ocrx_word' id='word_1_30' title='bbox 732 737 1021 798; x_wconf 80' lang='lat' dir='ltr'><strong>precamur</strong></span> <span class='ocrx_word' id='word_1_31' title='bbox 1048 749 1062 785; x_wconf 89' lang='lat'><strong>:</strong></span> <span class='ocrx_word' id='word_1_32' title='bbox 1098 731 1352 784; x_wconf 74' lang='lat' dir='ltr'><strong>Adveniet</strong></span> <span class='ocrx_word' id='word_1_33' title='bbox 1381 747 1594 799; x_wconf 80' lang='lat' dir='ltr'><strong>regnum</strong></span> <span class='ocrx_word' id='word_1_34' title='bbox 1629 749 1795 796; x_wconf 77' lang='lat' dir='ltr'><strong>tuum,</strong></span> <span class='ocrx_word' id='word_1_35' title='bbox 1826 734 1922 801; x_wconf 81' lang='lat' dir='ltr'><strong>ﬁat</strong></span> <span class='ocrx_word' id='word_1_36' title='bbox 1948 733 2187 786; x_wconf 81' lang='lat' dir='ltr'><strong>voluntas</strong></span> 
     </span>
    </p>
   </div>
   <div class='ocr_carea' id='block_1_7' title="bbox 630 820 2194 895">
    <p class='ocr_par' dir='ltr' id='par_1_7' title="bbox 630 820 2194 895">
     <span class='ocr_line' id='line_1_7' title="bbox 630 820 2194 895; baseline 0.004 -24"><span class='ocrx_word' id='word_1_37' title='bbox 630 831 718 872; x_wconf 87' lang='lat' dir='ltr'><strong>tua</strong></span> <span class='ocrx_word' id='word_1_38' title='bbox 738 821 801 874; x_wconf 86' lang='grc'><strong>⁸⁵.</strong></span> <span class='ocrx_word' id='word_1_39' title='bbox 830 820 939 877; x_wconf 85' lang='lat' dir='ltr'><strong>Hoc</strong></span> <span class='ocrx_word' id='word_1_40' title='bbox 969 823 1111 876; x_wconf 91' lang='lat' dir='ltr'><strong>enim</strong></span> <span class='ocrx_word' id='word_1_41' title='bbox 1144 821 1278 882; x_wconf 86' lang='lat' dir='ltr'><strong>vult,</strong></span> <span class='ocrx_word' id='word_1_42' title='bbox 1315 830 1368 876; x_wconf 89' lang='lat' dir='ltr'><strong>et</strong></span> <span class='ocrx_word' id='word_1_43' title='bbox 1400 824 1468 876; x_wconf 90' lang='lat' dir='ltr'><strong>ob</strong></span> <span class='ocrx_word' id='word_1_44' title='bbox 1501 824 1603 875; x_wconf 90' lang='lat' dir='ltr'><strong>hoc</strong></span> <span class='ocrx_word' id='word_1_45' title='bbox 1639 824 1814 892; x_wconf 89' lang='lat' dir='ltr'><strong>ipsum</strong></span> <span class='ocrx_word' id='word_1_46' title='bbox 1846 838 2049 894; x_wconf 89' lang='lat' dir='ltr'><strong>corpus</strong></span> <span class='ocrx_word' id='word_1_47' title='bbox 2084 825 2194 895; x_wconf 86' lang='lat' dir='ltr'><strong>hu-</strong></span> 
     </span>
    </p>
   </div>
   <div class='ocr_carea' id='block_1_8' title="bbox 630 913 2193 983">
    <p class='ocr_par' dir='ltr' id='par_1_8' title="bbox 630 913 2193 983">
     <span class='ocr_line' id='line_1_8' title="bbox 630 913 2193 983; baseline 0.005 -22"><span class='ocrx_word' id='word_1_48' title='bbox 630 925 849 964; x_wconf 81' lang='lat' dir='ltr'><strong>manum</strong></span> <span class='ocrx_word' id='word_1_49' title='bbox 906 913 1097 974; x_wconf 90' lang='lat' dir='ltr'><strong>induit,</strong></span> <span class='ocrx_word' id='word_1_50' title='bbox 1150 921 1203 966; x_wconf 90' lang='lat' dir='ltr'><strong>ct</strong></span> <span class='ocrx_word' id='word_1_51' title='bbox 1257 913 1401 968; x_wconf 90' lang='lat' dir='ltr'><strong>istud</strong></span> <span class='ocrx_word' id='word_1_52' title='bbox 1451 916 1685 983; x_wconf 89' lang='lat' dir='ltr'><strong>primum</strong></span> <span class='ocrx_word' id='word_1_53' title='bbox 1743 916 1972 980; x_wconf 90' lang='lat' dir='ltr'><strong>editum,</strong></span> <span class='ocrx_word' id='word_1_54' title='bbox 2029 919 2193 972; x_wconf 88' lang='lat' dir='ltr'><strong>etiam</strong></span> 
     </span>
    </p>
   </div>
   <div class='ocr_carea' id='block_1_9' title="bbox 631 1001 2194 1078">
    <p class='ocr_par' dir='ltr' id='par_1_9' title="bbox 631 1001 2194 1078">
     <span class='ocr_line' id='line_1_9' title="bbox 631 1001 2194 1078; baseline 0.008 -28"><span class='ocrx_word' id='word_1_55' title='bbox 631 1001 962 1070; x_wconf 79' lang='lat' dir='ltr'><strong>principium</strong></span> <span class='ocrx_word' id='word_1_56' title='bbox 997 1003 1278 1071; x_wconf 75' lang='lat' dir='ltr'><strong>Evangelii</strong></span> <span class='ocrx_word' id='word_1_57' title='bbox 1311 1003 1432 1057; x_wconf 92' lang='lat' dir='ltr'><strong>fuit.</strong></span> <span class='ocrx_word' id='word_1_58' title='bbox 1471 1005 1603 1058; x_wconf 78' lang='lat' dir='ltr'><strong>Nam</strong></span> <span class='ocrx_word' id='word_1_59' title='bbox 1639 1007 1782 1075; x_wconf 89' lang='lat' dir='ltr'><strong>quod</strong></span> <span class='ocrx_word' id='word_1_60' title='bbox 1808 1007 2010 1061; x_wconf 90' lang='lat' dir='ltr'><strong>dicitur</strong></span> <span class='ocrx_word' id='word_1_61' title='bbox 2045 1010 2194 1078; x_wconf 79' lang='lat' dir='ltr'><strong>:Ap-</strong></span> 
     </span>
    </p>
   </div>
   <div class='ocr_carea' id='block_1_10' title="bbox 627 1093 2192 1164">
    <p class='ocr_par' dir='ltr' id='par_1_10' title="bbox 627 1093 2192 1164">
     <span class='ocr_line' id='line_1_10' title="bbox 627 1093 2192 1164; baseline 0.008 -22"><span class='ocrx_word' id='word_1_62' title='bbox 627 1093 990 1162; x_wconf 77' lang='lat' dir='ltr'><strong>propinquavit</strong></span> <span class='ocrx_word' id='word_1_63' title='bbox 1021 1110 1235 1164; x_wconf 83' lang='lat' dir='ltr'><strong>regnum</strong></span> <span class='ocrx_word' id='word_1_64' title='bbox 1265 1097 1514 1149; x_wconf 79' lang='lat' dir='ltr'><strong>caelorum</strong></span> <span class='ocrx_word' id='word_1_65' title='bbox 1539 1098 1602 1161; x_wconf 77' lang='grc'><strong>⁸⁸,</strong></span> <span class='ocrx_word' id='word_1_66' title='bbox 1633 1099 1734 1151; x_wconf 91' lang='lat' dir='ltr'><strong>hoc</strong></span> <span class='ocrx_word' id='word_1_67' title='bbox 1761 1108 1867 1156; x_wconf 90' lang='lat' dir='ltr'><strong>est.</strong></span> <span class='ocrx_word' id='word_1_68' title='bbox 1901 1099 2014 1154; x_wconf 82' lang='lat' dir='ltr'><strong>Nisi</strong></span> <span class='ocrx_word' id='word_1_69' title='bbox 2047 1102 2192 1154; x_wconf 91' lang='lat' dir='ltr'><strong>enim</strong></span> 
     </span>
    </p>
   </div>
   <div class='ocr_carea' id='block_1_11' title="bbox 632 1185 2195 1260">
    <p class='ocr_par' dir='ltr' id='par_1_11' title="bbox 632 1185 2195 1260">
     <span class='ocr_line' id='line_1_11' title="bbox 632 1185 2195 1260; baseline 0.006 -26"><span class='ocrx_word' id='word_1_70' title='bbox 632 1185 944 1254; x_wconf 77' lang='lat' dir='ltr'><strong>intelligens</strong></span> <span class='ocrx_word' id='word_1_71' title='bbox 988 1187 1167 1240; x_wconf 91' lang='lat' dir='ltr'><strong>anima</strong></span> <span class='ocrx_word' id='word_1_72' title='bbox 1205 1189 1366 1242; x_wconf 90' lang='lat' dir='ltr'><strong>modo</strong></span> <span class='ocrx_word' id='word_1_73' title='bbox 1407 1190 1734 1256; x_wconf 81' lang='lat' dir='ltr'><strong>intelligibili</strong></span> <span class='ocrx_word' id='word_1_74' title='bbox 1780 1206 1998 1247; x_wconf 89' lang='lat' dir='ltr'><strong>sensum</strong></span> <span class='ocrx_word' id='word_1_75' title='bbox 2045 1191 2195 1260; x_wconf 87' lang='lat' dir='ltr'><strong>regni</strong></span> 
     </span>
    </p>
   </div>
   <div class='ocr_carea' id='block_1_12' title="bbox 634 1274 2193 1352">
    <p class='ocr_par' dir='ltr' id='par_1_12' title="bbox 634 1274 2193 1352">
     <span class='ocr_line' id='line_1_12' title="bbox 634 1274 2193 1352; baseline 0.006 -26"><span class='ocrx_word' id='word_1_76' title='bbox 634 1274 724 1328; x_wconf 88' lang='lat' dir='ltr'><strong>Dei</strong></span> <span class='ocrx_word' id='word_1_77' title='bbox 763 1277 1061 1346; x_wconf 89' lang='lat' dir='ltr'><strong>acceperit,</strong></span> <span class='ocrx_word' id='word_1_78' title='bbox 1101 1279 1248 1346; x_wconf 85' lang='lat' dir='ltr'><strong>quod</strong></span> <span class='ocrx_word' id='word_1_79' title='bbox 1295 1281 1462 1347; x_wconf 84' lang='lat' dir='ltr'><strong>ipsam</strong></span> <span class='ocrx_word' id='word_1_80' title='bbox 1510 1283 1708 1350; x_wconf 82' lang='lat' dir='ltr'><strong>tetigit,</strong></span> <span class='ocrx_word' id='word_1_81' title='bbox 1747 1300 1869 1352; x_wconf 88' lang='lat' dir='ltr'><strong>spes</strong></span> <span class='ocrx_word' id='word_1_82' title='bbox 1907 1286 2101 1339; x_wconf 87' lang='lat' dir='ltr'><strong>salutis</strong></span> <span class='ocrx_word' id='word_1_83' title='bbox 2142 1286 2193 1337; x_wconf 93' lang='lat' dir='ltr'><strong>iu</strong></span> 
     </span>
    </p>
   </div>
   <div class='ocr_carea' id='block_1_13' title="bbox 632 1366 2195 1441">
    <p class='ocr_par' dir='ltr' id='par_1_13' title="bbox 632 1366 2195 1441">
     <span class='ocr_line' id='line_1_13' title="bbox 632 1366 2195 1441; baseline 0.006 -26"><span class='ocrx_word' id='word_1_84' title='bbox 632 1366 843 1418; x_wconf 85' lang='lat' dir='ltr'><strong>irritum</strong></span> <span class='ocrx_word' id='word_1_85' title='bbox 888 1366 1054 1420; x_wconf 84' lang='lat' dir='ltr'><strong>cadit.</strong></span> <span class='ocrx_word' id='word_1_86' title='bbox 1088 1368 1337 1422; x_wconf 81' lang='lat' dir='ltr'><strong>Animam</strong></span> <span class='ocrx_word' id='word_1_87' title='bbox 1373 1386 1532 1438; x_wconf 87' lang='lat' dir='ltr'><strong>porro</strong></span> <span class='ocrx_word' id='word_1_88' title='bbox 1569 1373 1621 1424; x_wconf 92' lang='lat' dir='ltr'><strong>in</strong></span> <span class='ocrx_word' id='word_1_89' title='bbox 1659 1389 1764 1440; x_wconf 89' lang='lat' dir='ltr'><strong>qua</strong></span> <span class='ocrx_word' id='word_1_90' title='bbox 1811 1373 1948 1427; x_wconf 91' lang='lat' dir='ltr'><strong>Deus</strong></span> <span class='ocrx_word' id='word_1_91' title='bbox 1983 1383 2195 1441; x_wconf 87' lang='lat' dir='ltr'><strong>regnat,</strong></span> 
     </span>
    </p>
   </div>
   <div class='ocr_carea' id='block_1_14' title="bbox 633 1457 2195 1534">
    <p class='ocr_par' dir='ltr' id='par_1_14' title="bbox 633 1457 2195 1534">
     <span class='ocr_line' id='line_1_14' title="bbox 633 1457 2195 1534; baseline 0.008 -29"><span class='ocrx_word' id='word_1_92' title='bbox 633 1457 913 1524; x_wconf 79' lang='lat' dir='ltr'><strong>regnantis</strong></span> <span class='ocrx_word' id='word_1_93' title='bbox 963 1458 1250 1523; x_wconf 89' lang='lat' dir='ltr'><strong>beneﬁcia,</strong></span> <span class='ocrx_word' id='word_1_94' title='bbox 1302 1471 1350 1514; x_wconf 87' lang='lat' dir='ltr'><strong>et</strong></span> <span class='ocrx_word' id='word_1_95' title='bbox 1394 1462 1713 1518; x_wconf 72' lang='lat' dir='ltr'><strong>elﬁcientias</strong></span> <span class='ocrx_word' id='word_1_96' title='bbox 1757 1480 1916 1520; x_wconf 86' lang='lat' dir='ltr'><strong>nosse</strong></span> <span class='ocrx_word' id='word_1_97' title='bbox 1960 1473 2195 1534; x_wconf 88' lang='lat' dir='ltr'><strong>oportet.</strong></span> 
     </span>
    </p>
   </div>
   <div class='ocr_carea' id='block_1_15' title="bbox 634 1541 2199 1624">
    <p class='ocr_par' dir='ltr' id='par_1_15' title="bbox 634 1541 2199 1624">
     <span class='ocr_line' id='line_1_15' title="bbox 634 1541 2199 1624; baseline 0.008 -29"><span class='ocrx_word' id='word_1_98' title='bbox 634 1541 735 1596; x_wconf 85' lang='lat' dir='ltr'><strong>Ubi</strong></span> <span class='ocrx_word' id='word_1_99' title='bbox 767 1545 909 1598; x_wconf 89' lang='lat' dir='ltr'><strong>enim</strong></span> <span class='ocrx_word' id='word_1_100' title='bbox 954 1561 1046 1600; x_wconf 83' lang='lat' dir='ltr'><strong>rex</strong></span> <span class='ocrx_word' id='word_1_101' title='bbox 1082 1564 1322 1617; x_wconf 86' lang='lat' dir='ltr'><strong>praesens</strong></span> <span class='ocrx_word' id='word_1_102' title='bbox 1355 1561 1457 1616; x_wconf 91' lang='lat' dir='ltr'><strong>est,</strong></span> <span class='ocrx_word' id='word_1_103' title='bbox 1495 1553 1567 1607; x_wconf 89' lang='lat' dir='ltr'><strong>ibi</strong></span> <span class='ocrx_word' id='word_1_104' title='bbox 1608 1553 1732 1606; x_wconf 86' lang='lat' dir='ltr'><strong>item</strong></span> <span class='ocrx_word' id='word_1_105' title='bbox 1780 1556 1930 1624; x_wconf 86' lang='lat' dir='ltr'><strong>regni</strong></span> <span class='ocrx_word' id='word_1_106' title='bbox 1976 1564 2116 1608; x_wconf 69' lang='lat' dir='ltr'><strong>noue</strong></span> <span class='ocrx_word' id='word_1_107' title='bbox 2146 1565 2199 1608; x_wconf 90' lang='lat' dir='ltr'><strong>et</strong></span> 
     </span>
    </p>
   </div>
   <div class='ocr_carea' id='block_1_16' title="bbox 633 1635 2194 1712">
    <p class='ocr_par' dir='ltr' id='par_1_16' title="bbox 633 1635 2194 1712">
     <span class='ocr_line' id='line_1_16' title="bbox 633 1635 2194 1712; baseline 0.012 -28"><span class='ocrx_word' id='word_1_108' title='bbox 633 1635 831 1690; x_wconf 88' lang='lat' dir='ltr'><strong>iudicia</strong></span> <span class='ocrx_word' id='word_1_109' title='bbox 868 1638 1026 1706; x_wconf 90' lang='lat' dir='ltr'><strong>plane</strong></span> <span class='ocrx_word' id='word_1_110' title='bbox 1063 1651 1213 1705; x_wconf 90' lang='lat' dir='ltr'><strong>sunt,</strong></span> <span class='ocrx_word' id='word_1_111' title='bbox 1256 1645 1507 1712; x_wconf 65' lang='lat' dir='ltr'><strong>mquitas,</strong></span> <span class='ocrx_word' id='word_1_112' title='bbox 1549 1648 1936 1711; x_wconf 84' lang='lat' dir='ltr'><strong>mansuetudo,</strong></span> <span class='ocrx_word' id='word_1_113' title='bbox 1968 1650 2194 1708; x_wconf 83' lang='lat' dir='ltr'><strong>veritas.</strong></span> 
     </span>
    </p>
   </div>
   <div class='ocr_carea' id='block_1_17' title="bbox 631 1725 2196 1806">
    <p class='ocr_par' dir='ltr' id='par_1_17' title="bbox 631 1725 2196 1806">
     <span class='ocr_line' id='line_1_17' title="bbox 631 1725 2196 1806; baseline 0.009 -28"><span class='ocrx_word' id='word_1_114' title='bbox 631 1725 937 1793; x_wconf 84' lang='lat' dir='ltr'><strong>humilitas,</strong></span> <span class='ocrx_word' id='word_1_115' title='bbox 991 1747 1112 1800; x_wconf 75' lang='lat' dir='ltr'><strong>qua:</strong></span> <span class='ocrx_word' id='word_1_116' title='bbox 1163 1734 1308 1787; x_wconf 88' lang='lat' dir='ltr'><strong>illam</strong></span> <span class='ocrx_word' id='word_1_117' title='bbox 1368 1740 1508 1806; x_wconf 90' lang='lat' dir='ltr'><strong>regis</strong></span> <span class='ocrx_word' id='word_1_118' title='bbox 1564 1739 1922 1790; x_wconf 65' lang='lat' dir='ltr'><strong>humilitatem</strong></span> <span class='ocrx_word' id='word_1_119' title='bbox 1975 1739 2196 1802; x_wconf 75' lang='lat' dir='ltr'><strong>referat,</strong></span> 
     </span>
    </p>
   </div>
   <div class='ocr_carea' id='block_1_18' title="bbox 633 1817 2198 1897">
    <p class='ocr_par' dir='ltr' id='par_1_18' title="bbox 633 1817 2198 1897">
     <span class='ocr_line' id='line_1_18' title="bbox 633 1817 2198 1897; baseline 0.008 -29"><span class='ocrx_word' id='word_1_120' title='bbox 633 1817 874 1882; x_wconf 89' lang='lat' dir='ltr'><strong>bonitas,</strong></span> <span class='ocrx_word' id='word_1_121' title='bbox 897 1819 1133 1890; x_wconf 88' lang='lat' dir='ltr'><strong>justitia,</strong></span> <span class='ocrx_word' id='word_1_122' title='bbox 1159 1835 1209 1878; x_wconf 91' lang='lat' dir='ltr'><strong>et</strong></span> <span class='ocrx_word' id='word_1_123' title='bbox 1234 1829 1410 1880; x_wconf 88' lang='lat' dir='ltr'><strong>onmis</strong></span> <span class='ocrx_word' id='word_1_124' title='bbox 1437 1831 1631 1894; x_wconf 81' lang='lat' dir='ltr'><strong>pietas.</strong></span> <span class='ocrx_word' id='word_1_125' title='bbox 1660 1830 1889 1896; x_wconf 88' lang='lat' dir='ltr'><strong>Insuper</strong></span> <span class='ocrx_word' id='word_1_126' title='bbox 1915 1830 2198 1897; x_wconf 87' lang='lat' dir='ltr'><strong>patientia,</strong></span> 
     </span>
    </p>
   </div>
   <div class='ocr_carea' id='block_1_19' title="bbox 2297 641 3858 710">
    <p class='ocr_par' dir='ltr' id='par_1_19' title="bbox 2297 641 3858 710">
     <span class='ocr_line' id='line_1_19' title="bbox 2297 641 3858 710; baseline -0.001 -16"><span class='ocrx_word' id='word_1_127' title='bbox 2297 642 2582 705; x_wconf 79' lang='lat' dir='ltr'><strong>fuerimus,</strong></span> <span class='ocrx_word' id='word_1_128' title='bbox 2640 641 2843 710; x_wconf 82' lang='lat' dir='ltr'><strong>gratias</strong></span> <span class='ocrx_word' id='word_1_129' title='bbox 2900 641 3180 695; x_wconf 86' lang='lat' dir='ltr'><strong>liberatori</strong></span> <span class='ocrx_word' id='word_1_130' title='bbox 3233 641 3552 708; x_wconf 87' lang='lat' dir='ltr'><strong>magniﬁcas</strong></span> <span class='ocrx_word' id='word_1_131' title='bbox 3605 656 3858 709; x_wconf 85' lang='lat' dir='ltr'><strong>agamus.</strong></span> 
     </span>
    </p>
   </div>
   <div class='ocr_carea' id='block_1_20' title="bbox 2299 731 3864 802">
    <p class='ocr_par' dir='ltr' id='par_1_20' title="bbox 2299 731 3864 802">
     <span class='ocr_line' id='line_1_20' title="bbox 2299 731 3864 802; baseline -0.003 -14"><span class='ocrx_word' id='word_1_132' title='bbox 2299 744 2552 802; x_wconf 87' lang='lat' dir='ltr'><strong>tanquam</strong></span> <span class='ocrx_word' id='word_1_133' title='bbox 2586 749 2682 802; x_wconf 92' lang='lat' dir='ltr'><strong>pro</strong></span> <span class='ocrx_word' id='word_1_134' title='bbox 2717 747 2774 786; x_wconf 89' lang='lat' dir='ltr'><strong>re</strong></span> <span class='ocrx_word' id='word_1_135' title='bbox 2807 731 3036 802; x_wconf 81' lang='lat' dir='ltr'><strong>ingenti,</strong></span> <span class='ocrx_word' id='word_1_136' title='bbox 3072 743 3124 787; x_wconf 91' lang='lat' dir='ltr'><strong>et</strong></span> <span class='ocrx_word' id='word_1_137' title='bbox 3155 733 3327 787; x_wconf 80' lang='lat' dir='ltr'><strong>cuivis</strong></span> <span class='ocrx_word' id='word_1_138' title='bbox 3357 734 3582 785; x_wconf 89' lang='lat' dir='ltr'><strong>omnino</strong></span> <span class='ocrx_word' id='word_1_139' title='bbox 3613 731 3864 798; x_wconf 85' lang='lat' dir='ltr'><strong>impossi-</strong></span> 
     </span>
    </p>
   </div>
   <div class='ocr_carea' id='block_1_21' title="bbox 2301 823 3864 894">
    <p class='ocr_par' dir='ltr' id='par_1_21' title="bbox 2301 823 3864 894">
     <span class='ocr_line' id='line_1_21' title="bbox 2301 823 3864 894; baseline -0.003 -16"><span class='ocrx_word' id='word_1_140' title='bbox 2301 827 2418 880; x_wconf 91' lang='lat' dir='ltr'><strong>bili.</strong></span> <span class='ocrx_word' id='word_1_141' title='bbox 2477 826 2704 894; x_wconf 87' lang='lat' dir='ltr'><strong>Propter</strong></span> <span class='ocrx_word' id='word_1_142' title='bbox 2751 824 2854 878; x_wconf 91' lang='lat' dir='ltr'><strong>hoc</strong></span> <span class='ocrx_word' id='word_1_143' title='bbox 2903 824 3384 878; x_wconf 82' lang='lat' dir='ltr'><strong>obsecrationibus</strong></span> <span class='ocrx_word' id='word_1_144' title='bbox 3424 833 3476 877; x_wconf 89' lang='lat' dir='ltr'><strong>ct</strong></span> <span class='ocrx_word' id='word_1_145' title='bbox 3516 823 3762 891; x_wconf 81' lang='lat' dir='ltr'><strong>jejuniis,</strong></span> <span class='ocrx_word' id='word_1_146' title='bbox 3810 832 3864 874; x_wconf 91' lang='lat' dir='ltr'><strong>et</strong></span> 
     </span>
    </p>
   </div>
   <div class='ocr_carea' id='block_1_22' title="bbox 2297 915 3862 988">
    <p class='ocr_par' dir='ltr' id='par_1_22' title="bbox 2297 915 3862 988">
     <span class='ocr_line' id='line_1_22' title="bbox 2297 915 3862 988; baseline -0.001 -17"><span class='ocrx_word' id='word_1_147' title='bbox 2297 917 2632 988; x_wconf 83' lang='lat' dir='ltr'><strong>erogatione,</strong></span> <span class='ocrx_word' id='word_1_148' title='bbox 2686 927 2737 971; x_wconf 89' lang='lat' dir='ltr'><strong>et</strong></span> <span class='ocrx_word' id='word_1_149' title='bbox 2793 915 3146 977; x_wconf 87' lang='lat' dir='ltr'><strong>contritione,</strong></span> <span class='ocrx_word' id='word_1_150' title='bbox 3195 925 3248 969; x_wconf 93' lang='lat' dir='ltr'><strong>et</strong></span> <span class='ocrx_word' id='word_1_151' title='bbox 3297 917 3420 972; x_wconf 84' lang='lat' dir='ltr'><strong>aliis</strong></span> <span class='ocrx_word' id='word_1_152' title='bbox 3472 916 3862 970; x_wconf 78' lang='lat' dir='ltr'><strong>afﬂictionibus</strong></span> 
     </span>
    </p>
   </div>
   <div class='ocr_carea' id='block_1_23' title="bbox 2298 1007 3857 1078">
    <p class='ocr_par' dir='ltr' id='par_1_23' title="bbox 2298 1007 3857 1078">
     <span class='ocr_line' id='line_1_23' title="bbox 2298 1007 3857 1078; baseline -0.003 -16"><span class='ocrx_word' id='word_1_153' title='bbox 2298 1026 2435 1078; x_wconf 89' lang='lat' dir='ltr'><strong>opus</strong></span> <span class='ocrx_word' id='word_1_154' title='bbox 2469 1019 2570 1064; x_wconf 87' lang='lat' dir='ltr'><strong>est.</strong></span> <span class='ocrx_word' id='word_1_155' title='bbox 2605 1008 2720 1062; x_wconf 79' lang='lat' dir='ltr'><strong>Non</strong></span> <span class='ocrx_word' id='word_1_156' title='bbox 2761 1009 2906 1062; x_wconf 89' lang='lat' dir='ltr'><strong>enim</strong></span> <span class='ocrx_word' id='word_1_157' title='bbox 2940 1007 3076 1060; x_wconf 88' lang='lat' dir='ltr'><strong>citra</strong></span> <span class='ocrx_word' id='word_1_158' title='bbox 3113 1008 3379 1070; x_wconf 85' lang='lat' dir='ltr'><strong>laborem,</strong></span> <span class='ocrx_word' id='word_1_159' title='bbox 3413 1017 3467 1060; x_wconf 91' lang='lat' dir='ltr'><strong>et</strong></span> <span class='ocrx_word' id='word_1_160' title='bbox 3498 1008 3689 1061; x_wconf 82' lang='lat' dir='ltr'><strong>otiosis</strong></span> <span class='ocrx_word' id='word_1_161' title='bbox 3730 1021 3857 1076; x_wconf 86' lang='lat' dir='ltr'><strong>gra-</strong></span> 
     </span>
    </p>
   </div>
   <div class='ocr_carea' id='block_1_24' title="bbox 2300 1097 3865 1166">
    <p class='ocr_par' dir='ltr' id='par_1_24' title="bbox 2300 1097 3865 1166">
     <span class='ocr_line' id='line_1_24' title="bbox 2300 1097 3865 1166; baseline -0.001 -17"><span class='ocrx_word' id='word_1_162' title='bbox 2300 1099 2441 1151; x_wconf 89' lang='lat' dir='ltr'><strong>tuito</strong></span> <span class='ocrx_word' id='word_1_163' title='bbox 2477 1100 2577 1151; x_wconf 92' lang='lat' dir='ltr'><strong>hoc</strong></span> <span class='ocrx_word' id='word_1_164' title='bbox 2612 1105 2869 1166; x_wconf 66' lang='lat' dir='ltr'><strong>praestare</strong></span> <span class='ocrx_word' id='word_1_165' title='bbox 2899 1097 3012 1150; x_wconf 89' lang='lat' dir='ltr'><strong>vult</strong></span> <span class='ocrx_word' id='word_1_166' title='bbox 3036 1097 3317 1158; x_wconf 87' lang='lat' dir='ltr'><strong>Christus;</strong></span> <span class='ocrx_word' id='word_1_167' title='bbox 3356 1098 3450 1152; x_wconf 89' lang='lat' dir='ltr'><strong>sed</strong></span> <span class='ocrx_word' id='word_1_168' title='bbox 3486 1108 3775 1166; x_wconf 66' lang='lat' dir='ltr'><strong>pestquam</strong></span> <span class='ocrx_word' id='word_1_169' title='bbox 3812 1097 3865 1148; x_wconf 83' lang='lat' dir='ltr'><strong>id</strong></span> 
     </span>
    </p>
   </div>
   <div class='ocr_carea' id='block_1_25' title="bbox 2302 1188 3865 1257">
    <p class='ocr_par' dir='ltr' id='par_1_25' title="bbox 2302 1188 3865 1257">
     <span class='ocr_line' id='line_1_25' title="bbox 2302 1188 3865 1257; baseline -0.001 -17"><span class='ocrx_word' id='word_1_170' title='bbox 2302 1188 2353 1240; x_wconf 89' lang='lat' dir='ltr'><strong>in</strong></span> <span class='ocrx_word' id='word_1_171' title='bbox 2395 1189 2748 1243; x_wconf 87' lang='lat' dir='ltr'><strong>immersione</strong></span> <span class='ocrx_word' id='word_1_172' title='bbox 2792 1188 3048 1256; x_wconf 84' lang='lat' dir='ltr'><strong>baptismi</strong></span> <span class='ocrx_word' id='word_1_173' title='bbox 3097 1189 3392 1257; x_wconf 83' lang='lat' dir='ltr'><strong>cujuslibet</strong></span> <span class='ocrx_word' id='word_1_174' title='bbox 3433 1188 3581 1252; x_wconf 89' lang='lat' dir='ltr'><strong>fecit,</strong></span> <span class='ocrx_word' id='word_1_175' title='bbox 3629 1190 3865 1241; x_wconf 83' lang='lat' dir='ltr'><strong>infantes</strong></span> 
     </span>
    </p>
   </div>
   <div class='ocr_carea' id='block_1_26' title="bbox 2303 1281 3865 1349">
    <p class='ocr_par' dir='ltr' id='par_1_26' title="bbox 2303 1281 3865 1349">
     <span class='ocr_line' id='line_1_26' title="bbox 2303 1281 3865 1349; baseline -0.001 -18"><span class='ocrx_word' id='word_1_176' title='bbox 2303 1295 2580 1348; x_wconf 86' lang='lat' dir='ltr'><strong>magnam,</strong></span> <span class='ocrx_word' id='word_1_177' title='bbox 2639 1281 3150 1348; x_wconf 82' lang='lat' dir='ltr'><strong>praecellentemque</strong></span> <span class='ocrx_word' id='word_1_178' title='bbox 3195 1281 3445 1349; x_wconf 78' lang='lat' dir='ltr'><strong>gratiam,</strong></span> <span class='ocrx_word' id='word_1_179' title='bbox 3509 1295 3614 1332; x_wconf 89' lang='lat' dir='ltr'><strong>non</strong></span> <span class='ocrx_word' id='word_1_180' title='bbox 3672 1288 3865 1347; x_wconf 83' lang='lat' dir='ltr'><strong>potue-</strong></span> 
     </span>
    </p>
   </div>
   <div class='ocr_carea' id='block_1_27' title="bbox 2302 1369 3870 1441">
    <p class='ocr_par' dir='ltr' id='par_1_27' title="bbox 2302 1369 3870 1441">
     <span class='ocr_line' id='line_1_27' title="bbox 2302 1369 3870 1441; baseline -0.001 -17"><span class='ocrx_word' id='word_1_181' title='bbox 2302 1381 2429 1425; x_wconf 88' lang='lat' dir='ltr'><strong>runt</strong></span> <span class='ocrx_word' id='word_1_182' title='bbox 2453 1387 2772 1441; x_wconf 83' lang='lat' dir='ltr'><strong>agnoscere,</strong></span> <span class='ocrx_word' id='word_1_183' title='bbox 2801 1387 3023 1427; x_wconf 81' lang='lat' dir='ltr'><strong>necesse</strong></span> <span class='ocrx_word' id='word_1_184' title='bbox 3055 1371 3157 1426; x_wconf 72' lang='lat' dir='ltr'><strong>fuit</strong></span> <span class='ocrx_word' id='word_1_185' title='bbox 3185 1372 3287 1426; x_wconf 88' lang='lat' dir='ltr'><strong>hoc</strong></span> <span class='ocrx_word' id='word_1_186' title='bbox 3319 1387 3537 1424; x_wconf 85' lang='lat' dir='ltr'><strong>rursum</strong></span> <span class='ocrx_word' id='word_1_187' title='bbox 3579 1387 3673 1439; x_wconf 90' lang='lat' dir='ltr'><strong>per</strong></span> <span class='ocrx_word' id='word_1_188' title='bbox 3710 1369 3870 1423; x_wconf 89' lang='lat' dir='ltr'><strong>labo-</strong></span> 
     </span>
    </p>
   </div>
   <div class='ocr_carea' id='block_1_28' title="bbox 2304 1459 3867 1532">
    <p class='ocr_par' dir='ltr' id='par_1_28' title="bbox 2304 1459 3867 1532">
     <span class='ocr_line' id='line_1_28' title="bbox 2304 1459 3867 1532; baseline -0.001 -18"><span class='ocrx_word' id='word_1_189' title='bbox 2304 1480 2415 1515; x_wconf 80' lang='lat' dir='ltr'><strong>rem</strong></span> <span class='ocrx_word' id='word_1_190' title='bbox 2447 1464 2680 1531; x_wconf 79' lang='lat' dir='ltr'><strong>acquiri,</strong></span> <span class='ocrx_word' id='word_1_191' title='bbox 2714 1464 2912 1517; x_wconf 89' lang='lat' dir='ltr'><strong>iterum</strong></span> <span class='ocrx_word' id='word_1_192' title='bbox 2941 1471 3161 1532; x_wconf 88' lang='lat' dir='ltr'><strong>accepta</strong></span> <span class='ocrx_word' id='word_1_193' title='bbox 3188 1461 3385 1532; x_wconf 88' lang='lat' dir='ltr'><strong>gratia,</strong></span> <span class='ocrx_word' id='word_1_194' title='bbox 3412 1475 3532 1530; x_wconf 62' lang='lat' dir='ltr'><strong>quae</strong></span> <span class='ocrx_word' id='word_1_195' title='bbox 3561 1459 3660 1513; x_wconf 91' lang='lat' dir='ltr'><strong>hoc</strong></span> <span class='ocrx_word' id='word_1_196' title='bbox 3684 1461 3867 1521; x_wconf 86' lang='lat' dir='ltr'><strong>habet,</strong></span> 
     </span>
    </p>
   </div>
   <div class='ocr_carea' id='block_1_29' title="bbox 2307 1551 3870 1625">
    <p class='ocr_par' dir='ltr' id='par_1_29' title="bbox 2307 1551 3870 1625">
     <span class='ocr_line' id='line_1_29' title="bbox 2307 1551 3870 1625; baseline -0.002 -19"><span class='ocrx_word' id='word_1_197' title='bbox 2307 1562 2364 1607; x_wconf 92' lang='lat' dir='ltr'><strong>ut</strong></span> <span class='ocrx_word' id='word_1_198' title='bbox 2399 1555 2538 1621; x_wconf 88' lang='lat' dir='ltr'><strong>apud</strong></span> <span class='ocrx_word' id='word_1_199' title='bbox 2578 1555 2848 1608; x_wconf 87' lang='lat' dir='ltr'><strong>neminem</strong></span> <span class='ocrx_word' id='word_1_200' title='bbox 2892 1569 2950 1609; x_wconf 89' lang='lat' dir='ltr'><strong>se</strong></span> <span class='ocrx_word' id='word_1_201' title='bbox 2994 1555 3332 1625; x_wconf 84' lang='lat' dir='ltr'><strong>ignorantem</strong></span> <span class='ocrx_word' id='word_1_202' title='bbox 3368 1560 3678 1620; x_wconf 81' lang='lat' dir='ltr'><strong>perseveret</strong></span> <span class='ocrx_word' id='word_1_203' title='bbox 3717 1569 3730 1604; x_wconf 88' lang='lat'><strong>:</strong></span> <span class='ocrx_word' id='word_1_204' title='bbox 3774 1551 3870 1604; x_wconf 87' lang='lat' dir='ltr'><strong>sed</strong></span> 
     </span>
    </p>
   </div>
   <div class='ocr_carea' id='block_1_30' title="bbox 2305 1642 3872 1712">
    <p class='ocr_par' dir='ltr' id='par_1_30' title="bbox 2305 1642 3872 1712">
     <span class='ocr_line' id='line_1_30' title="bbox 2305 1642 3872 1712; baseline -0.001 -17"><span class='ocrx_word' id='word_1_205' title='bbox 2305 1643 2770 1712; x_wconf 55' lang='lat' dir='ltr'><strong>ob‘ignorantiam</strong></span> <span class='ocrx_word' id='word_1_206' title='bbox 2811 1645 2954 1698; x_wconf 90' lang='lat' dir='ltr'><strong>illam</strong></span> <span class='ocrx_word' id='word_1_207' title='bbox 2987 1646 3189 1699; x_wconf 87' lang='lat' dir='ltr'><strong>avolet.</strong></span> <span class='ocrx_word' id='word_1_208' title='bbox 3232 1644 3490 1712; x_wconf 87' lang='lat' dir='ltr'><strong>Quisquis</strong></span> <span class='ocrx_word' id='word_1_209' title='bbox 3524 1659 3652 1712; x_wconf 86' lang='lat' dir='ltr'><strong>ergo</strong></span> <span class='ocrx_word' id='word_1_210' title='bbox 3707 1642 3872 1696; x_wconf 88' lang='lat' dir='ltr'><strong>Chri-</strong></span> 
     </span>
    </p>
   </div>
   <div class='ocr_carea' id='block_1_31' title="bbox 2307 1734 3874 1792">
    <p class='ocr_par' dir='ltr' id='par_1_31' title="bbox 2307 1734 3874 1792">
     <span class='ocr_line' id='line_1_31' title="bbox 2307 1734 3874 1792; baseline 0 -6"><span class='ocrx_word' id='word_1_211' title='bbox 2307 1735 2519 1790; x_wconf 81' lang='lat' dir='ltr'><strong>stianus</strong></span> <span class='ocrx_word' id='word_1_212' title='bbox 2560 1737 2801 1790; x_wconf 89' lang='lat' dir='ltr'><strong>nondum</strong></span> <span class='ocrx_word' id='word_1_213' title='bbox 2835 1755 2900 1791; x_wconf 82' lang='lat' dir='ltr'><strong>ex</strong></span> <span class='ocrx_word' id='word_1_214' title='bbox 2935 1739 3302 1792; x_wconf 72' lang='lat' dir='ltr'><strong>imbecillitate</strong></span> <span class='ocrx_word' id='word_1_215' title='bbox 3334 1737 3396 1790; x_wconf 91' lang='lat' dir='ltr'><strong>ad</strong></span> <span class='ocrx_word' id='word_1_216' title='bbox 3435 1736 3738 1790; x_wconf 79' lang='lat' dir='ltr'><strong>faciendam</strong></span> <span class='ocrx_word' id='word_1_217' title='bbox 3779 1734 3874 1788; x_wconf 86' lang='lat' dir='ltr'><strong>Dei</strong></span> 
     </span>
    </p>
   </div>
   <div class='ocr_carea' id='block_1_32' title="bbox 2309 1825 3879 1895">
    <p class='ocr_par' dir='ltr' id='par_1_32' title="bbox 2309 1825 3879 1895">
     <span class='ocr_line' id='line_1_32' title="bbox 2309 1825 3879 1895; baseline 0.003 -21"><span class='ocrx_word' id='word_1_218' title='bbox 2309 1827 2642 1880; x_wconf 82' lang='lat' dir='ltr'><strong>\oluntatem</strong></span> <span class='ocrx_word' id='word_1_219' title='bbox 2691 1843 2787 1895; x_wconf 89' lang='lat' dir='ltr'><strong>per</strong></span> <span class='ocrx_word' id='word_1_220' title='bbox 2838 1829 3076 1882; x_wconf 86' lang='lat' dir='ltr'><strong>divinam</strong></span> <span class='ocrx_word' id='word_1_221' title='bbox 3126 1828 3329 1881; x_wconf 87' lang='lat' dir='ltr'><strong>Christi</strong></span> <span class='ocrx_word' id='word_1_222' title='bbox 3373 1828 3630 1881; x_wconf 88' lang='lat' dir='ltr'><strong>virtutem</strong></span> <span class='ocrx_word' id='word_1_223' title='bbox 3672 1825 3879 1880; x_wconf 84' lang='lat' dir='ltr'><strong>conﬁr-</strong></span> 
     </span>
    </p>
   </div>
   <div class='ocr_carea' id='block_1_33' title="bbox 636 1902 2205 1988">
    <p class='ocr_par' dir='ltr' id='par_1_33' title="bbox 636 1908 2198 1986">
     <span class='ocr_line' id='line_1_33' title="bbox 636 1908 2198 1986; baseline 0.01 -27"><span class='ocrx_word' id='word_1_224' title='bbox 636 1908 971 1976; x_wconf 83' lang='lat' dir='ltr'><strong>huniauitas,</strong></span> <span class='ocrx_word' id='word_1_225' title='bbox 1021 1918 1353 1984; x_wconf 89' lang='lat' dir='ltr'><strong>compassio,</strong></span> <span class='ocrx_word' id='word_1_226' title='bbox 1397 1918 1620 1973; x_wconf 89' lang='lat' dir='ltr'><strong>dilectio</strong></span> <span class='ocrx_word' id='word_1_227' title='bbox 1663 1921 1780 1973; x_wconf 88' lang='lat' dir='ltr'><strong>sine</strong></span> <span class='ocrx_word' id='word_1_228' title='bbox 1830 1922 2198 1986; x_wconf 86' lang='lat' dir='ltr'><strong>simulatione,</strong></span> 
     </span>
    </p>
   </div>
   <div class='ocr_carea' id='block_1_34' title="bbox 2315 1902 3876 1988">
    <p class='ocr_par' dir='ltr' id='par_1_34' title="bbox 2315 1919 3876 1988">
     <span class='ocr_line' id='line_1_34' title="bbox 2315 1919 3876 1988; baseline 0 -19"><span class='ocrx_word' id='word_1_229' title='bbox 2315 1926 2486 1971; x_wconf 89' lang='lat' dir='ltr'><strong>matus</strong></span> <span class='ocrx_word' id='word_1_230' title='bbox 2511 1927 2614 1980; x_wconf 90' lang='lat' dir='ltr'><strong>est,</strong></span> <span class='ocrx_word' id='word_1_231' title='bbox 2649 1927 2758 1983; x_wconf 91' lang='lat' dir='ltr'><strong>eat,</strong></span> <span class='ocrx_word' id='word_1_232' title='bbox 2790 1934 2853 1972; x_wconf 91' lang='lat' dir='ltr'><strong>ac</strong></span> <span class='ocrx_word' id='word_1_233' title='bbox 2887 1935 2979 1988; x_wconf 89' lang='lat' dir='ltr'><strong>per</strong></span> <span class='ocrx_word' id='word_1_234' title='bbox 3014 1919 3196 1983; x_wconf 89' lang='lat' dir='ltr'><strong>ﬁdem,</strong></span> <span class='ocrx_word' id='word_1_235' title='bbox 3228 1929 3282 1974; x_wconf 89' lang='lat' dir='ltr'><strong>et</strong></span> <span class='ocrx_word' id='word_1_236' title='bbox 3317 1920 3723 1987; x_wconf 87' lang='lat' dir='ltr'><strong>impositionem</strong></span> <span class='ocrx_word' id='word_1_237' title='bbox 3758 1935 3876 1970; x_wconf 87' lang='lat' dir='ltr'><strong>ma-</strong></span> 
     </span>
    </p>
   </div>
   <div class='ocr_carea' id='block_1_35' title="bbox 635 1999 2194 2068">
    <p class='ocr_par' dir='ltr' id='par_1_35' title="bbox 635 1999 2194 2068">
     <span class='ocr_line' id='line_1_35' title="bbox 635 1999 2194 2068; baseline 0.011 -19"><span class='ocrx_word' id='word_1_238' title='bbox 635 1999 1047 2068; x_wconf 88' lang='lat' dir='ltr'><strong>tonganimitas,</strong></span> <span class='ocrx_word' id='word_1_239' title='bbox 1109 2006 1416 2068; x_wconf 87' lang='lat' dir='ltr'><strong>tolerantia,</strong></span> <span class='ocrx_word' id='word_1_240' title='bbox 1467 2011 1822 2066; x_wconf 87' lang='lat' dir='ltr'><strong>sustinentia.</strong></span> <span class='ocrx_word' id='word_1_241' title='bbox 1876 2013 1943 2066; x_wconf 89' lang='lat' dir='ltr'><strong>Et</strong></span> <span class='ocrx_word' id='word_1_242' title='bbox 2002 2013 2194 2067; x_wconf 90' lang='lat' dir='ltr'><strong>horum</strong></span> 
     </span>
    </p>
   </div>
   <div class='ocr_carea' id='block_1_36' title="bbox 634 2091 2204 2172">
    <p class='ocr_par' dir='ltr' id='par_1_36' title="bbox 634 2091 2204 2172">
     <span class='ocr_line' id='line_1_36' title="bbox 634 2091 2204 2172; baseline 0.011 -31"><span class='ocrx_word' id='word_1_243' title='bbox 634 2091 909 2146; x_wconf 88' lang='lat' dir='ltr'><strong>contraria</strong></span> <span class='ocrx_word' id='word_1_244' title='bbox 935 2093 986 2146; x_wconf 91' lang='lat' dir='ltr'><strong>in</strong></span> <span class='ocrx_word' id='word_1_245' title='bbox 1016 2095 1105 2158; x_wconf 93' lang='lat' dir='ltr'><strong>iis,</strong></span> <span class='ocrx_word' id='word_1_246' title='bbox 1137 2096 1190 2150; x_wconf 94' lang='lat' dir='ltr'><strong>in</strong></span> <span class='ocrx_word' id='word_1_247' title='bbox 1219 2098 1417 2166; x_wconf 83' lang='lat' dir='ltr'><strong>quibus</strong></span> <span class='ocrx_word' id='word_1_248' title='bbox 1445 2099 1582 2155; x_wconf 91' lang='lat' dir='ltr'><strong>Deus</strong></span> <span class='ocrx_word' id='word_1_249' title='bbox 1617 2118 1722 2155; x_wconf 91' lang='lat' dir='ltr'><strong>non</strong></span> <span class='ocrx_word' id='word_1_250' title='bbox 1752 2112 1968 2169; x_wconf 82' lang='lat' dir='ltr'><strong>regnat,</strong></span> <span class='ocrx_word' id='word_1_251' title='bbox 1996 2105 2204 2172; x_wconf 87' lang='lat' dir='ltr'><strong>perspi-</strong></span> 
     </span>
    </p>
   </div>
   <div class='ocr_carea' id='block_1_37' title="bbox 633 2181 2204 2262">
    <p class='ocr_par' dir='ltr' id='par_1_37' title="bbox 633 2181 2204 2262">
     <span class='ocr_line' id='line_1_37' title="bbox 633 2181 2204 2262; baseline 0.012 -33"><span class='ocrx_word' id='word_1_252' title='bbox 633 2181 876 2246; x_wconf 90' lang='lat' dir='ltr'><strong>ciuntur,</strong></span> <span class='ocrx_word' id='word_1_253' title='bbox 912 2191 965 2236; x_wconf 90' lang='lat' dir='ltr'><strong>et</strong></span> <span class='ocrx_word' id='word_1_254' title='bbox 1001 2184 1127 2238; x_wconf 89' lang='lat' dir='ltr'><strong>inde</strong></span> <span class='ocrx_word' id='word_1_255' title='bbox 1155 2198 1579 2256; x_wconf 88' lang='lat' dir='ltr'><strong>cognoscuntur,</strong></span> <span class='ocrx_word' id='word_1_256' title='bbox 1613 2193 1679 2245; x_wconf 91' lang='lat' dir='ltr'><strong>de</strong></span> <span class='ocrx_word' id='word_1_257' title='bbox 1714 2193 1912 2261; x_wconf 89' lang='lat' dir='ltr'><strong>quibus</strong></span> <span class='ocrx_word' id='word_1_258' title='bbox 1947 2196 2204 2262; x_wconf 60' lang='lat' dir='ltr'><strong>praecepit</strong></span> 
     </span>
    </p>
   </div>
   <div class='ocr_carea' id='block_1_38' title="bbox 639 2268 2202 2354">
    <p class='ocr_par' dir='ltr' id='par_1_38' title="bbox 639 2268 2202 2354">
     <span class='ocr_line' id='line_1_38' title="bbox 639 2268 2202 2354; baseline 0.01 -33"><span class='ocrx_word' id='word_1_259' title='bbox 639 2268 906 2326; x_wconf 89' lang='lat' dir='ltr'><strong>Dominus</strong></span> <span class='ocrx_word' id='word_1_260' title='bbox 939 2276 1270 2331; x_wconf 83' lang='lat' dir='ltr'><strong>exercitibus</strong></span> <span class='ocrx_word' id='word_1_261' title='bbox 1299 2280 1416 2333; x_wconf 86' lang='lat' dir='ltr'><strong>suis</strong></span> <span class='ocrx_word' id='word_1_262' title='bbox 1449 2298 1461 2332; x_wconf 88' lang='lat'><strong>:</strong></span> <span class='ocrx_word' id='word_1_263' title='bbox 1499 2281 1629 2335; x_wconf 83' lang='lat' dir='ltr'><strong>Illos</strong></span> <span class='ocrx_word' id='word_1_264' title='bbox 1662 2283 1902 2337; x_wconf 82' lang='lat' dir='ltr'><strong>inimicos</strong></span> <span class='ocrx_word' id='word_1_265' title='bbox 1932 2301 2091 2347; x_wconf 69' lang='lat' dir='ltr'><strong>nieos,</strong></span> <span class='ocrx_word' id='word_1_266' title='bbox 2116 2288 2202 2354; x_wconf 86' lang='lat' dir='ltr'><strong>qui</strong></span> 
     </span>
    </p>
   </div>
   <div class='ocr_carea' id='block_1_39' title="bbox 637 2366 2199 2441">
    <p class='ocr_par' dir='ltr' id='par_1_39' title="bbox 637 2366 2199 2441">
     <span class='ocr_line' id='line_1_39' title="bbox 637 2366 2199 2441; baseline 0.01 -28"><span class='ocrx_word' id='word_1_267' title='bbox 637 2366 916 2416; x_wconf 79' lang='lat' dir='ltr'><strong>notuerunt</strong></span> <span class='ocrx_word' id='word_1_268' title='bbox 951 2383 1028 2420; x_wconf 85' lang='lat' dir='ltr'><strong>me</strong></span> <span class='ocrx_word' id='word_1_269' title='bbox 1067 2385 1284 2437; x_wconf 80' lang='lat' dir='ltr'><strong>regnare</strong></span> <span class='ocrx_word' id='word_1_270' title='bbox 1318 2389 1471 2441; x_wconf 60' lang='lat' dir='ltr'><strong>super</strong></span> <span class='ocrx_word' id='word_1_271' title='bbox 1506 2390 1579 2439; x_wconf 86' lang='lat' dir='ltr'><strong>se,</strong></span> <span class='ocrx_word' id='word_1_272' title='bbox 1619 2375 1867 2429; x_wconf 77' lang='lat' dir='ltr'><strong>adducite</strong></span> <span class='ocrx_word' id='word_1_273' title='bbox 1899 2379 2018 2438; x_wconf 83' lang='lat' dir='ltr'><strong>huc,</strong></span> <span class='ocrx_word' id='word_1_274' title='bbox 2049 2388 2096 2429; x_wconf 79' lang='lat' dir='ltr'><strong>et</strong></span> <span class='ocrx_word' id='word_1_275' title='bbox 2126 2379 2199 2428; x_wconf 82' lang='lat' dir='ltr'><strong>in-</strong></span> 
     </span>
    </p>
   </div>
   <div class='ocr_carea' id='block_1_40' title="bbox 638 2457 2205 2532">
    <p class='ocr_par' dir='ltr' id='par_1_40' title="bbox 638 2457 2205 2532">
     <span class='ocr_line' id='line_1_40' title="bbox 638 2457 2205 2532; baseline 0.01 -26"><span class='ocrx_word' id='word_1_276' title='bbox 638 2457 860 2524; x_wconf 82' lang='lat' dir='ltr'><strong>terﬁcite</strong></span> <span class='ocrx_word' id='word_1_277' title='bbox 889 2475 1068 2513; x_wconf 87' lang='lat' dir='ltr'><strong>coram</strong></span> <span class='ocrx_word' id='word_1_278' title='bbox 1100 2479 1179 2515; x_wconf 88' lang='lat' dir='ltr'><strong>me</strong></span> <span class='ocrx_word' id='word_1_279' title='bbox 1203 2465 1270 2517; x_wconf 83' lang='grc'><strong>⁸⁷.</strong></span> <span class='ocrx_word' id='word_1_280' title='bbox 1295 2465 1395 2530; x_wconf 89' lang='lat' dir='ltr'><strong>Qui</strong></span> <span class='ocrx_word' id='word_1_281' title='bbox 1429 2467 1572 2520; x_wconf 82' lang='lat' dir='ltr'><strong>enim</strong></span> <span class='ocrx_word' id='word_1_282' title='bbox 1603 2470 1949 2532; x_wconf 87' lang='lat' dir='ltr'><strong>audiverunt,</strong></span> <span class='ocrx_word' id='word_1_283' title='bbox 1980 2481 2025 2522; x_wconf 86' lang='lat' dir='ltr'><strong>et</strong></span> <span class='ocrx_word' id='word_1_284' title='bbox 2065 2470 2205 2521; x_wconf 82' lang='lat' dir='ltr'><strong>didi-</strong></span> 
     </span>
    </p>
   </div>
   <div class='ocr_carea' id='block_1_41' title="bbox 638 2550 2202 2625">
    <p class='ocr_par' dir='ltr' id='par_1_41' title="bbox 638 2550 2202 2625">
     <span class='ocr_line' id='line_1_41' title="bbox 638 2550 2202 2625; baseline 0.008 -27"><span class='ocrx_word' id='word_1_285' title='bbox 638 2555 832 2600; x_wconf 82' lang='lat' dir='ltr'><strong>cerunt</strong></span> <span class='ocrx_word' id='word_1_286' title='bbox 871 2550 1248 2616; x_wconf 83' lang='lat' dir='ltr'><strong>multifariam,</strong></span> <span class='ocrx_word' id='word_1_287' title='bbox 1293 2568 1390 2621; x_wconf 84' lang='lat' dir='ltr'><strong>per</strong></span> <span class='ocrx_word' id='word_1_288' title='bbox 1429 2571 1547 2623; x_wconf 77' lang='lat' dir='ltr'><strong>qua:</strong></span> <span class='ocrx_word' id='word_1_289' title='bbox 1587 2573 1749 2625; x_wconf 86' lang='lat' dir='ltr'><strong>opera</strong></span> <span class='ocrx_word' id='word_1_290' title='bbox 1789 2568 1839 2612; x_wconf 89' lang='lat' dir='ltr'><strong>et</strong></span> <span class='ocrx_word' id='word_1_291' title='bbox 1884 2563 2133 2612; x_wconf 83' lang='lat' dir='ltr'><strong>mandata</strong></span> <span class='ocrx_word' id='word_1_292' title='bbox 2177 2575 2202 2610; x_wconf 89' lang='lat' dir='ltr'><strong>a</strong></span> 
     </span>
    </p>
   </div>
   <div class='ocr_carea' id='block_1_42' title="bbox 640 2633 2204 2714">
    <p class='ocr_par' dir='ltr' id='par_1_42' title="bbox 640 2633 2204 2714">
     <span class='ocr_line' id='line_1_42' title="bbox 640 2633 2204 2714; baseline 0.012 -28"><span class='ocrx_word' id='word_1_293' title='bbox 640 2633 857 2689; x_wconf 85' lang='lat' dir='ltr'><strong>Christo</strong></span> <span class='ocrx_word' id='word_1_294' title='bbox 881 2649 1107 2704; x_wconf 89' lang='lat' dir='ltr'><strong>regnum</strong></span> <span class='ocrx_word' id='word_1_295' title='bbox 1141 2641 1406 2695; x_wconf 59' lang='lat' dir='ltr'><strong>caelorum</strong></span> <span class='ocrx_word' id='word_1_296' title='bbox 1442 2645 1691 2713; x_wconf 88' lang='lat' dir='ltr'><strong>adepturi</strong></span> <span class='ocrx_word' id='word_1_297' title='bbox 1731 2651 1862 2714; x_wconf 89' lang='lat' dir='ltr'><strong>sint,</strong></span> <span class='ocrx_word' id='word_1_298' title='bbox 1899 2660 1949 2704; x_wconf 91' lang='lat' dir='ltr'><strong>et</strong></span> <span class='ocrx_word' id='word_1_299' title='bbox 1977 2668 2036 2705; x_wconf 90' lang='lat' dir='ltr'><strong>ea</strong></span> <span class='ocrx_word' id='word_1_300' title='bbox 2071 2667 2204 2704; x_wconf 76' lang='lat' dir='ltr'><strong>eon-</strong></span> 
     </span>
    </p>
   </div>
   <div class='ocr_carea' id='block_1_43' title="bbox 641 2731 2204 2811">
    <p class='ocr_par' dir='ltr' id='par_1_43' title="bbox 641 2731 2204 2811">
     <span class='ocr_line' id='line_1_43' title="bbox 641 2731 2204 2811; baseline 0.014 -38"><span class='ocrx_word' id='word_1_301' title='bbox 641 2731 1006 2793; x_wconf 87' lang='lat' dir='ltr'><strong>tempseruut,</strong></span> <span class='ocrx_word' id='word_1_302' title='bbox 1056 2737 1270 2784; x_wconf 87' lang='lat' dir='ltr'><strong>terrena</strong></span> <span class='ocrx_word' id='word_1_303' title='bbox 1302 2748 1364 2786; x_wconf 87' lang='lat' dir='ltr'><strong>ac</strong></span> <span class='ocrx_word' id='word_1_304' title='bbox 1395 2737 1703 2802; x_wconf 82' lang='lat' dir='ltr'><strong>pereuntia,</strong></span> <span class='ocrx_word' id='word_1_305' title='bbox 1741 2742 2204 2811; x_wconf 80' lang='lat' dir='ltr'><strong>temporalemqne</strong></span> 
     </span>
    </p>
   </div>
   <div class='ocr_carea' id='block_1_44' title="bbox 643 2815 2208 2896">
    <p class='ocr_par' dir='ltr' id='par_1_44' title="bbox 643 2815 2208 2896">
     <span class='ocr_line' id='line_1_44' title="bbox 643 2815 2208 2896; baseline 0.013 -32"><span class='ocrx_word' id='word_1_306' title='bbox 643 2815 869 2880; x_wconf 85' lang='lat' dir='ltr'><strong>gloriam</strong></span> <span class='ocrx_word' id='word_1_307' title='bbox 907 2818 1281 2885; x_wconf 71' lang='lat' dir='ltr'><strong>praeferentes,</strong></span> <span class='ocrx_word' id='word_1_308' title='bbox 1321 2839 1549 2892; x_wconf 89' lang='lat' dir='ltr'><strong>prorsus</strong></span> <span class='ocrx_word' id='word_1_309' title='bbox 1587 2845 1749 2896; x_wconf 90' lang='lat' dir='ltr'><strong>quam</strong></span> <span class='ocrx_word' id='word_1_310' title='bbox 1778 2831 2022 2886; x_wconf 88' lang='lat' dir='ltr'><strong>inﬁdeles</strong></span> <span class='ocrx_word' id='word_1_311' title='bbox 2051 2849 2208 2887; x_wconf 86' lang='lat' dir='ltr'><strong>acer-</strong></span> 
     </span>
    </p>
   </div>
   <div class='ocr_carea' id='block_1_45' title="bbox 641 2907 2205 2990">
    <p class='ocr_par' dir='ltr' id='par_1_45' title="bbox 641 2907 2205 2990">
     <span class='ocr_line' id='line_1_45' title="bbox 641 2907 2205 2990; baseline 0.01 -30"><span class='ocrx_word' id='word_1_312' title='bbox 641 2907 762 2962; x_wconf 90' lang='lat' dir='ltr'><strong>bius</strong></span> <span class='ocrx_word' id='word_1_313' title='bbox 795 2912 1112 2978; x_wconf 89' lang='lat' dir='ltr'><strong>punientur,</strong></span> <span class='ocrx_word' id='word_1_314' title='bbox 1147 2918 1405 2984; x_wconf 90' lang='lat' dir='ltr'><strong>quoniam</strong></span> <span class='ocrx_word' id='word_1_315' title='bbox 1443 2919 1724 2974; x_wconf 88' lang='lat' dir='ltr'><strong>Christum</strong></span> <span class='ocrx_word' id='word_1_316' title='bbox 1754 2924 2031 2990; x_wconf 82' lang='lat' dir='ltr'><strong>cognitum</strong></span> <span class='ocrx_word' id='word_1_317' title='bbox 2068 2925 2205 2977; x_wconf 86' lang='lat' dir='ltr'><strong>rcci-</strong></span> 
     </span>
    </p>
   </div>
   <div class='ocr_carea' id='block_1_46' title="bbox 642 3003 2205 3082">
    <p class='ocr_par' dir='ltr' id='par_1_46' title="bbox 642 3003 2205 3082">
     <span class='ocr_line' id='line_1_46' title="bbox 642 3003 2205 3082; baseline 0.01 -30"><span class='ocrx_word' id='word_1_318' title='bbox 642 3013 772 3066; x_wconf 89' lang='lat' dir='ltr'><strong>pere</strong></span> <span class='ocrx_word' id='word_1_319' title='bbox 823 3003 1137 3058; x_wconf 89' lang='lat' dir='ltr'><strong>noluerunt.</strong></span> <span class='ocrx_word' id='word_1_320' title='bbox 1196 3005 1329 3060; x_wconf 78' lang='lat' dir='ltr'><strong>Nam</strong></span> <span class='ocrx_word' id='word_1_321' title='bbox 1386 3010 1476 3077; x_wconf 90' lang='lat' dir='ltr'><strong>qui</strong></span> <span class='ocrx_word' id='word_1_322' title='bbox 1535 3013 1809 3066; x_wconf 86' lang='lat' dir='ltr'><strong>recusavit</strong></span> <span class='ocrx_word' id='word_1_323' title='bbox 1868 3013 1996 3066; x_wconf 90' lang='lat' dir='ltr'><strong>illud</strong></span> <span class='ocrx_word' id='word_1_324' title='bbox 2047 3029 2205 3082; x_wconf 84' lang='lat' dir='ltr'><strong>Opus,</strong></span> 
     </span>
    </p>
   </div>
   <div class='ocr_carea' id='block_1_47' title="bbox 644 3091 2207 3173">
    <p class='ocr_par' dir='ltr' id='par_1_47' title="bbox 644 3091 2207 3173">
     <span class='ocr_line' id='line_1_47' title="bbox 644 3091 2207 3173; baseline 0.009 -30"><span class='ocrx_word' id='word_1_325' title='bbox 644 3091 804 3158; x_wconf 82' lang='lat' dir='ltr'><strong>cujus</strong></span> <span class='ocrx_word' id='word_1_326' title='bbox 837 3107 1003 3148; x_wconf 91' lang='lat' dir='ltr'><strong>causa</strong></span> <span class='ocrx_word' id='word_1_327' title='bbox 1044 3094 1298 3152; x_wconf 90' lang='lat' dir='ltr'><strong>Christus</strong></span> <span class='ocrx_word' id='word_1_328' title='bbox 1339 3115 1404 3153; x_wconf 82' lang='lat' dir='ltr'><strong>ex</strong></span> <span class='ocrx_word' id='word_1_329' title='bbox 1455 3112 1643 3156; x_wconf 87' lang='lat' dir='ltr'><strong>sancta</strong></span> <span class='ocrx_word' id='word_1_330' title='bbox 1687 3102 1909 3173; x_wconf 84' lang='lat' dir='ltr'><strong>Virgine</strong></span> <span class='ocrx_word' id='word_1_331' title='bbox 1950 3117 2111 3159; x_wconf 90' lang='lat' dir='ltr'><strong>natus</strong></span> <span class='ocrx_word' id='word_1_332' title='bbox 2156 3107 2207 3158; x_wconf 92' lang='lat' dir='ltr'><strong>iu</strong></span> 
     </span>
    </p>
   </div>
   <div class='ocr_carea' id='block_1_48' title="bbox 647 3183 2210 3266">
    <p class='ocr_par' dir='ltr' id='par_1_48' title="bbox 647 3183 2210 3266">
     <span class='ocr_line' id='line_1_48' title="bbox 647 3183 2210 3266; baseline 0.013 -35"><span class='ocrx_word' id='word_1_333' title='bbox 647 3183 909 3236; x_wconf 83' lang='lat' dir='ltr'><strong>mundum</strong></span> <span class='ocrx_word' id='word_1_334' title='bbox 957 3187 1127 3251; x_wconf 90' lang='lat' dir='ltr'><strong>venit,</strong></span> <span class='ocrx_word' id='word_1_335' title='bbox 1160 3189 1512 3245; x_wconf 85' lang='lat' dir='ltr'><strong>manifestum</strong></span> <span class='ocrx_word' id='word_1_336' title='bbox 1542 3202 1626 3247; x_wconf 89' lang='lat' dir='ltr'><strong>est</strong></span> <span class='ocrx_word' id='word_1_337' title='bbox 1655 3195 1842 3264; x_wconf 84' lang='lat' dir='ltr'><strong>utique</strong></span> <span class='ocrx_word' id='word_1_338' title='bbox 1874 3213 1995 3250; x_wconf 88' lang='lat' dir='ltr'><strong>eum</strong></span> <span class='ocrx_word' id='word_1_339' title='bbox 2033 3214 2210 3266; x_wconf 88' lang='lat' dir='ltr'><strong>neque</strong></span> 
     </span>
    </p>
   </div>
   <div class='ocr_carea' id='block_1_49' title="bbox 644 3273 2208 3351">
    <p class='ocr_par' dir='ltr' id='par_1_49' title="bbox 644 3273 2208 3351">
     <span class='ocr_line' id='line_1_49' title="bbox 644 3273 2208 3351; baseline 0.012 -28"><span class='ocrx_word' id='word_1_340' title='bbox 644 3273 927 3328; x_wconf 89' lang='lat' dir='ltr'><strong>Christum</strong></span> <span class='ocrx_word' id='word_1_341' title='bbox 954 3278 1223 3347; x_wconf 88' lang='lat' dir='ltr'><strong>recipere,</strong></span> <span class='ocrx_word' id='word_1_342' title='bbox 1247 3280 1460 3334; x_wconf 88' lang='lat' dir='ltr'><strong>etiamsi</strong></span> <span class='ocrx_word' id='word_1_343' title='bbox 1486 3296 1609 3336; x_wconf 90' lang='lat' dir='ltr'><strong>eum</strong></span> <span class='ocrx_word' id='word_1_344' title='bbox 1638 3298 1910 3351; x_wconf 77' lang='lat' dir='ltr'><strong>recepisse</strong></span> <span class='ocrx_word' id='word_1_345' title='bbox 1935 3285 2208 3342; x_wconf 84' lang='lat' dir='ltr'><strong>videatur.</strong></span> 
     </span>
    </p>
   </div>
   <div class='ocr_carea' id='block_1_50' title="bbox 647 3359 2214 3442">
    <p class='ocr_par' dir='ltr' id='par_1_50' title="bbox 647 3359 2214 3442">
     <span class='ocr_line' id='line_1_50' title="bbox 647 3359 2214 3442; baseline 0.01 -30"><span class='ocrx_word' id='word_1_346' title='bbox 647 3359 749 3424; x_wconf 90' lang='lat' dir='ltr'><strong>Qui</strong></span> <span class='ocrx_word' id='word_1_347' title='bbox 784 3374 965 3418; x_wconf 90' lang='lat' dir='ltr'><strong>autem</strong></span> <span class='ocrx_word' id='word_1_348' title='bbox 1003 3382 1130 3421; x_wconf 92' lang='lat' dir='ltr'><strong>vere</strong></span> <span class='ocrx_word' id='word_1_349' title='bbox 1159 3368 1212 3421; x_wconf 87' lang='lat' dir='ltr'><strong>in</strong></span> <span class='ocrx_word' id='word_1_350' title='bbox 1247 3368 1524 3424; x_wconf 90' lang='lat' dir='ltr'><strong>Christum</strong></span> <span class='ocrx_word' id='word_1_351' title='bbox 1569 3371 1939 3438; x_wconf 86' lang='lat' dir='ltr'><strong>crediderunt,</strong></span> <span class='ocrx_word' id='word_1_352' title='bbox 1979 3389 2214 3442; x_wconf 90' lang='lat' dir='ltr'><strong>eumque</strong></span> 
     </span>
    </p>
   </div>
   <div class='ocr_carea' id='block_1_51' title="bbox 647 3445 2213 3533">
    <p class='ocr_par' dir='ltr' id='par_1_51' title="bbox 647 3445 2213 3533">
     <span class='ocr_line' id='line_1_51' title="bbox 647 3445 2213 3533; baseline 0.01 -30"><span class='ocrx_word' id='word_1_353' title='bbox 647 3467 969 3525; x_wconf 89' lang='lat' dir='ltr'><strong>receperunt</strong></span> <span class='ocrx_word' id='word_1_354' title='bbox 1003 3476 1018 3509; x_wconf 90' lang='lat'><strong><em>:</em></strong></span> <span class='ocrx_word' id='word_1_355' title='bbox 1059 3459 1216 3514; x_wconf 83' lang='lat' dir='ltr'><strong>Dedit</strong></span> <span class='ocrx_word' id='word_1_356' title='bbox 1259 3462 1332 3514; x_wconf 83' lang='lat' dir='ltr'><strong>eis</strong></span> <span class='ocrx_word' id='word_1_357' title='bbox 1371 3470 1678 3528; x_wconf 79' lang='lat' dir='ltr'><strong>potestatem</strong></span> <span class='ocrx_word' id='word_1_358' title='bbox 1707 3463 1844 3530; x_wconf 79' lang='lat' dir='ltr'><strong>ﬁlios</strong></span> <span class='ocrx_word' id='word_1_359' title='bbox 1880 3445 1973 3518; x_wconf 77' lang='lat' dir='ltr'><strong>Dei</strong></span> <span class='ocrx_word' id='word_1_360' title='bbox 2006 3467 2121 3533; x_wconf 80' lang='lat' dir='ltr'><strong>ﬁeri</strong></span> <span class='ocrx_word' id='word_1_361' title='bbox 2145 3469 2213 3523; x_wconf 79' lang='grc'><strong>⁸⁸.</strong></span> 
     </span>
    </p>
   </div>
   <div class='ocr_carea' id='block_1_52' title="bbox 651 3545 2215 3626">
    <p class='ocr_par' dir='ltr' id='par_1_52' title="bbox 651 3545 2215 3626">
     <span class='ocr_line' id='line_1_52' title="bbox 651 3545 2215 3626; baseline 0.012 -32"><span class='ocrx_word' id='word_1_362' title='bbox 651 3545 772 3597; x_wconf 77' lang='lat' dir='ltr'><strong>Mox</strong></span> <span class='ocrx_word' id='word_1_363' title='bbox 805 3550 949 3601; x_wconf 90' lang='lat' dir='ltr'><strong>enim</strong></span> <span class='ocrx_word' id='word_1_364' title='bbox 981 3559 1039 3604; x_wconf 92' lang='lat' dir='ltr'><strong>ut</strong></span> <span class='ocrx_word' id='word_1_365' title='bbox 1066 3553 1441 3617; x_wconf 89' lang='lat' dir='ltr'><strong>crediderunt,</strong></span> <span class='ocrx_word' id='word_1_366' title='bbox 1485 3553 1746 3608; x_wconf 89' lang='lat' dir='ltr'><strong>divinitas</strong></span> <span class='ocrx_word' id='word_1_367' title='bbox 1786 3556 1906 3624; x_wconf 87' lang='lat' dir='ltr'><strong>ejus</strong></span> <span class='ocrx_word' id='word_1_368' title='bbox 1937 3558 2070 3626; x_wconf 86' lang='lat' dir='ltr'><strong>ipsis</strong></span> <span class='ocrx_word' id='word_1_369' title='bbox 2097 3573 2215 3613; x_wconf 86' lang='lat' dir='ltr'><strong>cre-</strong></span> 
     </span>
    </p>
   </div>
   <div class='ocr_carea' id='block_1_53' title="bbox 650 3633 2216 3709">
    <p class='ocr_par' dir='ltr' id='par_1_53' title="bbox 650 3633 2216 3709">
     <span class='ocr_line' id='line_1_53' title="bbox 650 3633 2216 3709; baseline 0.012 -22"><span class='ocrx_word' id='word_1_370' title='bbox 650 3633 820 3701; x_wconf 89' lang='lat' dir='ltr'><strong>ditur,</strong></span> <span class='ocrx_word' id='word_1_371' title='bbox 867 3647 926 3692; x_wconf 90' lang='lat' dir='ltr'><strong>ut</strong></span> <span class='ocrx_word' id='word_1_372' title='bbox 969 3643 1429 3709; x_wconf 90' lang='lat' dir='ltr'><strong>quemadmodum</strong></span> <span class='ocrx_word' id='word_1_373' title='bbox 1473 3643 1561 3699; x_wconf 90' lang='lat' dir='ltr'><strong>ille</strong></span> <span class='ocrx_word' id='word_1_374' title='bbox 1605 3655 1687 3698; x_wconf 87' lang='lat' dir='ltr'><strong>est</strong></span> <span class='ocrx_word' id='word_1_375' title='bbox 1732 3645 1872 3704; x_wconf 86' lang='lat' dir='ltr'><strong>Deus</strong></span> <span class='ocrx_word' id='word_1_376' title='bbox 1906 3650 2069 3703; x_wconf 91' lang='lat' dir='ltr'><strong>homo</strong></span> <span class='ocrx_word' id='word_1_377' title='bbox 2167 3652 2216 3706; x_wconf 90' lang='lat' dir='ltr'><strong>ic</strong></span> 
     </span>
    </p>
   </div>
   <div class='ocr_carea' id='block_1_54' title="bbox 651 3729 1468 3796">
    <p class='ocr_par' dir='ltr' id='par_1_54' title="bbox 651 3729 1468 3796">
     <span class='ocr_line' id='line_1_54' title="bbox 651 3729 1468 3796; baseline 0.016 -18"><span class='ocrx_word' id='word_1_378' title='bbox 651 3729 743 3796; x_wconf 90' lang='lat' dir='ltr'><strong>qui</strong></span> <span class='ocrx_word' id='word_1_379' title='bbox 773 3730 944 3784; x_wconf 81' lang='lat' dir='ltr'><strong>credit</strong></span> <span class='ocrx_word' id='word_1_380' title='bbox 998 3735 1069 3787; x_wconf 86' lang='lat' dir='ltr'><strong>sit</strong></span> <span class='ocrx_word' id='word_1_381' title='bbox 1106 3735 1268 3788; x_wconf 91' lang='lat' dir='ltr'><strong>homo</strong></span> <span class='ocrx_word' id='word_1_382' title='bbox 1301 3735 1468 3790; x_wconf 88' lang='lat' dir='ltr'><strong>Deus.</strong></span> 
     </span>
    </p>
   </div>
   <div class='ocr_carea' id='block_1_55' title="bbox 1219 3851 1654 3911">
    <p class='ocr_par' dir='ltr' id='par_1_55' title="bbox 1219 3851 1654 3911">
     <span class='ocr_line' id='line_1_55' title="bbox 1219 3851 1654 3911; baseline 0.014 -7"><span class='ocrx_word' id='word_1_383' title='bbox 1219 3851 1476 3908; x_wconf 80' lang='lat' dir='ltr'><strong>ORATIO</strong></span> <span class='ocrx_word' id='word_1_384' title='bbox 1516 3856 1654 3911; x_wconf 82' lang='lat' dir='ltr'><strong>XIV.</strong></span> 
     </span>
    </p>
   </div>
   <div class='ocr_carea' id='block_1_56' title="bbox 1245 3982 1629 4025">
    <p class='ocr_par' dir='ltr' id='par_1_56' title="bbox 1245 3982 1629 4025">
     <span class='ocr_line' id='line_1_56' title="bbox 1245 3982 1629 4025; baseline 0.018 -7"><span class='ocrx_word' id='word_1_385' title='bbox 1245 3982 1629 4025; x_wconf 70' lang='grc' dir='ltr'><strong>Αειουκεκτωί.</strong></span> 
     </span>
    </p>
   </div>
   <div class='ocr_carea' id='block_1_57' title="bbox 657 4071 2218 4156">
    <p class='ocr_par' dir='ltr' id='par_1_57' title="bbox 657 4071 2218 4156">
     <span class='ocr_line' id='line_1_57' title="bbox 657 4071 2218 4156; baseline 0.01 -34"><span class='ocrx_word' id='word_1_386' title='bbox 657 4071 1456 4156; x_wconf 27' lang='lat' dir='ltr'><strong>QuamdpotestatenrChristus</strong></span> <span class='ocrx_word' id='word_1_387' title='bbox 1498 4084 1773 4156; x_wconf 71' lang='lat' dir='ltr'><strong>acceperit.</strong></span> <span class='ocrx_word' id='word_1_388' title='bbox 1819 4082 1978 4137; x_wconf 85' lang='lat' dir='ltr'><strong>Prius</strong></span> <span class='ocrx_word' id='word_1_389' title='bbox 2018 4084 2218 4138; x_wconf 79' lang='lat' dir='ltr'><strong>Christi</strong></span> 
     </span>
    </p>
   </div>
   <div class='ocr_carea' id='block_1_58' title="bbox 719 4151 2218 4219">
    <p class='ocr_par' dir='ltr' id='par_1_58' title="bbox 719 4151 2218 4219">
     <span class='ocr_line' id='line_1_58' title="bbox 719 4151 2218 4219; baseline 0.01 -27"><span class='ocrx_word' id='word_1_390' title='bbox 719 4151 950 4219; x_wconf 62' lang='lat' dir='ltr'><strong>gratiam</strong></span> <span class='ocrx_word' id='word_1_391' title='bbox 1001 4151 1343 4214; x_wconf 79' lang='lat' dir='ltr'><strong>participare,</strong></span> <span class='ocrx_word' id='word_1_392' title='bbox 1398 4161 1550 4219; x_wconf 85' lang='lat' dir='ltr'><strong>atque</strong></span> <span class='ocrx_word' id='word_1_393' title='bbox 1601 4157 1674 4205; x_wconf 87' lang='lat' dir='ltr'><strong>ita</strong></span> <span class='ocrx_word' id='word_1_394' title='bbox 1726 4154 1886 4205; x_wconf 71' lang='lat' dir='ltr'><strong>vitam</strong></span> <span class='ocrx_word' id='word_1_395' title='bbox 1933 4156 2218 4207; x_wconf 86' lang='lat' dir='ltr'><strong>secundum</strong></span> 
     </span>
    </p>
   </div>
   <div class='ocr_carea' id='block_1_59' title="bbox 725 4212 2215 4290">
    <p class='ocr_par' dir='ltr' id='par_1_59' title="bbox 725 4212 2215 4290">
     <span class='ocr_line' id='line_1_59' title="bbox 725 4212 2215 4290; baseline 0.011 -28"><span class='ocrx_word' id='word_1_396' title='bbox 725 4212 885 4290; x_wconf 43' lang='lat' dir='ltr'><strong>licunt</strong></span> <span class='ocrx_word' id='word_1_397' title='bbox 921 4212 1212 4290; x_wconf 71' lang='lat' dir='ltr'><strong>consectari</strong></span> <span class='ocrx_word' id='word_1_398' title='bbox 1242 4212 1500 4285; x_wconf 78' lang='lat' dir='ltr'><strong>oportere.</strong></span> <span class='ocrx_word' id='word_1_399' title='bbox 1534 4221 1605 4275; x_wconf 89' lang='lat' dir='ltr'><strong>De</strong></span> <span class='ocrx_word' id='word_1_400' title='bbox 1636 4235 1868 4285; x_wconf 86' lang='lat' dir='ltr'><strong>peccato,</strong></span> <span class='ocrx_word' id='word_1_401' title='bbox 1907 4236 1952 4276; x_wconf 85' lang='lat' dir='ltr'><strong>et</strong></span> <span class='ocrx_word' id='word_1_402' title='bbox 1977 4227 2215 4290; x_wconf 85' lang='lat' dir='ltr'><strong>justitia.</strong></span> 
     </span>
    </p>
   </div>
   <div class='ocr_carea' id='block_1_60' title="bbox 726 4279 2217 4402">
    <p class='ocr_par' dir='ltr' id='par_1_60' title="bbox 726 4279 2217 4402">
     <span class='ocr_line' id='line_1_60' title="bbox 726 4279 2217 4402; baseline 0.011 -72"><span class='ocrx_word' id='word_1_403' title='bbox 726 4279 1065 4402; x_wconf 49' lang='grc' dir='ltr'><strong>υῗιιῖινηαιὶ,</strong></span> <span class='ocrx_word' id='word_1_404' title='bbox 1113 4304 1158 4342; x_wconf 88' lang='lat' dir='ltr'><strong>et</strong></span> <span class='ocrx_word' id='word_1_405' title='bbox 1197 4279 1484 4357; x_wconf 79' lang='lat' dir='ltr'><strong>spirituali.</strong></span> <span class='ocrx_word' id='word_1_406' title='bbox 1536 4292 1611 4346; x_wconf 81' lang='lat' dir='ltr'><strong>De</strong></span> <span class='ocrx_word' id='word_1_407' title='bbox 1636 4279 1899 4345; x_wconf 40' lang='lat' dir='ltr'><strong>&#39;virtutunt</strong></span> <span class='ocrx_word' id='word_1_408' title='bbox 1939 4279 2130 4360; x_wconf 74' lang='lat' dir='ltr'><strong>capite,</strong></span> <span class='ocrx_word' id='word_1_409' title='bbox 2172 4305 2217 4347; x_wconf 87' lang='lat' dir='ltr'><strong>et</strong></span> 
     </span>
     <span class='ocr_line' id='line_1_61' title="bbox 726 4367 959 4402; baseline 0 0"><span class='ocrx_word' id='word_1_410' title='bbox 726 4367 784 4402; x_wconf 82' lang='lat' dir='ltr'><strong>ne</strong></span> <span class='ocrx_word' id='word_1_411' title='bbox 825 4370 837 4401; x_wconf 85' lang='grc' dir='ltr'><strong>ι</strong></span> <span class='ocrx_word' id='word_1_412' title='bbox 882 4369 959 4402; x_wconf 79' lang='grc' dir='ltr'><strong>ιη.</strong></span> 
     </span>
    </p>
   </div>
   <div class='ocr_carea' id='block_1_61' title="bbox 723 4367 959 4415">
    <p class='ocr_par' dir='ltr' id='par_1_61' title="bbox 723 4367 959 4415">
     <span class='ocr_line' id='line_1_62' title="bbox 723 4367 959 4415; baseline 0.008 -12"><span class='ocrx_word' id='word_1_413' title='bbox 723 4367 959 4415; x_wconf 79' lang='lat' dir='ltr'><strong>peatous.</strong></span> 
     </span>
    </p>
   </div>
   <div class='ocr_carea' id='block_1_62' title="bbox 724 4461 2218 4540">
    <p class='ocr_par' dir='ltr' id='par_1_62' title="bbox 724 4461 2218 4540">
     <span class='ocr_line' id='line_1_63' title="bbox 724 4461 2218 4540; baseline 0.009 -28"><span class='ocrx_word' id='word_1_414' title='bbox 724 4461 877 4530; x_wconf 83' lang='lat' dir='ltr'><strong>Apud</strong></span> <span class='ocrx_word' id='word_1_415' title='bbox 913 4464 1167 4519; x_wconf 89' lang='lat' dir='ltr'><strong>Davidem</strong></span> <span class='ocrx_word' id='word_1_416' title='bbox 1194 4467 1422 4536; x_wconf 80' lang='lat' dir='ltr'><strong>legimus</strong></span> <span class='ocrx_word' id='word_1_417' title='bbox 1454 4471 1636 4536; x_wconf 80' lang='lat' dir='ltr'><strong>:.Quis</strong></span> <span class='ocrx_word' id='word_1_418' title='bbox 1663 4484 1738 4525; x_wconf 86' lang='lat' dir='ltr'><strong>est</strong></span> <span class='ocrx_word' id='word_1_419' title='bbox 1765 4474 1915 4526; x_wconf 87' lang='lat' dir='ltr'><strong>homo</strong></span> <span class='ocrx_word' id='word_1_420' title='bbox 1947 4477 2037 4540; x_wconf 85' lang='lat' dir='ltr'><strong>qui</strong></span> <span class='ocrx_word' id='word_1_421' title='bbox 2067 4477 2218 4536; x_wconf 80' lang='lat' dir='ltr'><strong>vivet,</strong></span> 
     </span>
    </p>
   </div>
   <div class='ocr_carea' id='block_1_63' title="bbox 2311 2010 3874 2080">
    <p class='ocr_par' dir='ltr' id='par_1_63' title="bbox 2311 2010 3874 2080">
     <span class='ocr_line' id='line_1_64' title="bbox 2311 2010 3874 2080; baseline 0.001 -18"><span class='ocrx_word' id='word_1_422' title='bbox 2311 2025 2475 2062; x_wconf 87' lang='lat' dir='ltr'><strong>unum</strong></span> <span class='ocrx_word' id='word_1_423' title='bbox 2540 2010 2983 2079; x_wconf 86' lang='lat' dir='ltr'><strong>dispensatorum</strong></span> <span class='ocrx_word' id='word_1_424' title='bbox 3047 2012 3235 2080; x_wconf 74' lang='lat' dir='ltr'><strong>gratia:</strong></span> <span class='ocrx_word' id='word_1_425' title='bbox 3303 2013 3658 2066; x_wconf 84' lang='lat' dir='ltr'><strong>cenﬁrmelur</strong></span> <span class='ocrx_word' id='word_1_426' title='bbox 3725 2012 3874 2080; x_wconf 76' lang='lat' dir='ltr'><strong>prius</strong></span> 
     </span>
    </p>
   </div>
   <div class='ocr_carea' id='block_1_64' title="bbox 2313 2101 3879 2172">
    <p class='ocr_par' dir='ltr' id='par_1_64' title="bbox 2313 2101 3879 2172">
     <span class='ocr_line' id='line_1_65' title="bbox 2313 2101 3879 2172; baseline 0.003 -21"><span class='ocrx_word' id='word_1_427' title='bbox 2313 2102 2454 2168; x_wconf 61' lang='lat' dir='ltr'><strong>(quae</strong></span> <span class='ocrx_word' id='word_1_428' title='bbox 2489 2101 2661 2169; x_wconf 87' lang='lat' dir='ltr'><strong>gratia</strong></span> <span class='ocrx_word' id='word_1_429' title='bbox 2701 2116 2762 2154; x_wconf 81' lang='lat' dir='ltr'><strong>ex</strong></span> <span class='ocrx_word' id='word_1_430' title='bbox 2801 2101 2903 2154; x_wconf 91' lang='lat' dir='ltr'><strong>ﬁde</strong></span> <span class='ocrx_word' id='word_1_431' title='bbox 2943 2101 3203 2166; x_wconf 88' lang='lat' dir='ltr'><strong>donatur,</strong></span> <span class='ocrx_word' id='word_1_432' title='bbox 3248 2119 3354 2157; x_wconf 91' lang='lat' dir='ltr'><strong>non</strong></span> <span class='ocrx_word' id='word_1_433' title='bbox 3391 2119 3454 2158; x_wconf 82' lang='lat' dir='ltr'><strong>ex</strong></span> <span class='ocrx_word' id='word_1_434' title='bbox 3491 2105 3773 2172; x_wconf 88' lang='lat' dir='ltr'><strong>operibus)</strong></span> <span class='ocrx_word' id='word_1_435' title='bbox 3816 2113 3879 2156; x_wconf 91' lang='lat' dir='ltr'><strong>ut</strong></span> 
     </span>
    </p>
   </div>
   <div class='ocr_carea' id='block_1_65' title="bbox 2313 2195 3877 2263">
    <p class='ocr_par' dir='ltr' id='par_1_65' title="bbox 2313 2195 3877 2263">
     <span class='ocr_line' id='line_1_66' title="bbox 2313 2195 3877 2263; baseline 0.004 -21"><span class='ocrx_word' id='word_1_436' title='bbox 2313 2196 2511 2246; x_wconf 85' lang='lat' dir='ltr'><strong>virtute</strong></span> <span class='ocrx_word' id='word_1_437' title='bbox 2551 2209 2614 2247; x_wconf 86' lang='lat' dir='ltr'><strong>ex</strong></span> <span class='ocrx_word' id='word_1_438' title='bbox 2668 2195 2777 2247; x_wconf 90' lang='lat' dir='ltr'><strong>alto</strong></span> <span class='ocrx_word' id='word_1_439' title='bbox 2825 2197 2975 2263; x_wconf 89' lang='lat' dir='ltr'><strong>prius</strong></span> <span class='ocrx_word' id='word_1_440' title='bbox 3017 2197 3267 2261; x_wconf 90' lang='lat' dir='ltr'><strong>indutus,</strong></span> <span class='ocrx_word' id='word_1_441' title='bbox 3322 2197 3394 2249; x_wconf 85' lang='lat' dir='ltr'><strong>ita</strong></span> <span class='ocrx_word' id='word_1_442' title='bbox 3445 2196 3661 2249; x_wconf 89' lang='lat' dir='ltr'><strong>demum</strong></span> <span class='ocrx_word' id='word_1_443' title='bbox 3709 2198 3877 2248; x_wconf 89' lang='lat' dir='ltr'><strong>vitam</strong></span> 
     </span>
    </p>
   </div>
   <div class='ocr_carea' id='block_1_66' title="bbox 2312 2281 3879 2354">
    <p class='ocr_par' dir='ltr' id='par_1_66' title="bbox 2312 2281 3879 2354">
     <span class='ocr_line' id='line_1_67' title="bbox 2312 2281 3879 2354; baseline 0.004 -23"><span class='ocrx_word' id='word_1_444' title='bbox 2312 2281 2625 2335; x_wconf 75' lang='lat' dir='ltr'><strong>Christiano</strong></span> <span class='ocrx_word' id='word_1_445' title='bbox 2672 2282 2890 2351; x_wconf 89' lang='lat' dir='ltr'><strong>dignam</strong></span> <span class='ocrx_word' id='word_1_446' title='bbox 2932 2285 3232 2354; x_wconf 84' lang='lat' dir='ltr'><strong>transigere</strong></span> <span class='ocrx_word' id='word_1_447' title='bbox 3276 2286 3442 2352; x_wconf 77' lang='lat' dir='ltr'><strong>pOSsit</strong></span> <span class='ocrx_word' id='word_1_448' title='bbox 3484 2300 3497 2337; x_wconf 92' lang='lat'><strong>:</strong></span> <span class='ocrx_word' id='word_1_449' title='bbox 3532 2301 3597 2339; x_wconf 88' lang='lat' dir='ltr'><strong>ne</strong></span> <span class='ocrx_word' id='word_1_450' title='bbox 3642 2286 3822 2339; x_wconf 86' lang='lat' dir='ltr'><strong>nudus</strong></span> <span class='ocrx_word' id='word_1_451' title='bbox 3851 2300 3879 2337; x_wconf 86' lang='lat' dir='ltr'><strong>a</strong></span> 
     </span>
    </p>
   </div>
   <div class='ocr_carea' id='block_1_67' title="bbox 2313 2373 3882 2443">
    <p class='ocr_par' dir='ltr' id='par_1_67' title="bbox 2313 2373 3882 2443">
     <span class='ocr_line' id='line_1_68' title="bbox 2313 2373 3882 2443; baseline 0.001 -19"><span class='ocrx_word' id='word_1_452' title='bbox 2313 2374 2524 2427; x_wconf 70' lang='lat' dir='ltr'><strong>Christi</strong></span> <span class='ocrx_word' id='word_1_453' title='bbox 2570 2373 2744 2442; x_wconf 90' lang='lat' dir='ltr'><strong>gratia</strong></span> <span class='ocrx_word' id='word_1_454' title='bbox 2797 2373 3070 2438; x_wconf 86' lang='lat' dir='ltr'><strong>iuventus,</strong></span> <span class='ocrx_word' id='word_1_455' title='bbox 3111 2382 3263 2427; x_wconf 83' lang='lat' dir='ltr'><strong>extra</strong></span> <span class='ocrx_word' id='word_1_456' title='bbox 3296 2373 3496 2428; x_wconf 91' lang='lat' dir='ltr'><strong>Christi</strong></span> <span class='ocrx_word' id='word_1_457' title='bbox 3533 2387 3737 2443; x_wconf 85' lang='lat' dir='ltr'><strong>partem</strong></span> <span class='ocrx_word' id='word_1_458' title='bbox 3778 2375 3882 2440; x_wconf 75' lang='lat' dir='ltr'><strong>eji-</strong></span> 
     </span>
    </p>
   </div>
   <div class='ocr_carea' id='block_1_68' title="bbox 2314 2461 3870 2532">
    <p class='ocr_par' dir='ltr' id='par_1_68' title="bbox 2314 2461 3870 2532">
     <span class='ocr_line' id='line_1_69' title="bbox 2314 2461 3870 2532; baseline 0.004 -22"><span class='ocrx_word' id='word_1_459' title='bbox 2314 2461 2488 2512; x_wconf 88' lang='lat' dir='ltr'><strong>ciatur</strong></span> <span class='ocrx_word' id='word_1_460' title='bbox 2527 2478 2538 2513; x_wconf 93' lang='lat'>:</span> <span class='ocrx_word' id='word_1_461' title='bbox 2578 2474 2677 2512; x_wconf 89' lang='lat' dir='ltr'><strong>nec</strong></span> <span class='ocrx_word' id='word_1_462' title='bbox 2713 2462 2852 2512; x_wconf 84' lang='lat' dir='ltr'><strong>enim</strong></span> <span class='ocrx_word' id='word_1_463' title='bbox 2895 2477 3100 2514; x_wconf 88' lang='lat' dir='ltr'><strong>tantum</strong></span> <span class='ocrx_word' id='word_1_464' title='bbox 3140 2473 3356 2531; x_wconf 88' lang='lat' dir='ltr'><strong>propter</strong></span> <span class='ocrx_word' id='word_1_465' title='bbox 3395 2472 3672 2532; x_wconf 81' lang='lat' dir='ltr'><strong>peccatum</strong></span> <span class='ocrx_word' id='word_1_466' title='bbox 3712 2478 3870 2516; x_wconf 83' lang='lat' dir='ltr'><strong>rece-</strong></span> 
     </span>
    </p>
   </div>
   <div class='ocr_carea' id='block_1_69' title="bbox 2313 2552 3882 2624">
    <p class='ocr_par' dir='ltr' id='par_1_69' title="bbox 2313 2552 3882 2624">
     <span class='ocr_line' id='line_1_70' title="bbox 2313 2552 3882 2624; baseline 0.002 -22"><span class='ocrx_word' id='word_1_467' title='bbox 2313 2552 2411 2612; x_wconf 86' lang='lat' dir='ltr'><strong>dit,</strong></span> <span class='ocrx_word' id='word_1_468' title='bbox 2447 2552 2536 2620; x_wconf 90' lang='lat' dir='ltr'><strong>qui</strong></span> <span class='ocrx_word' id='word_1_469' title='bbox 2568 2552 2654 2603; x_wconf 91' lang='lat' dir='ltr'><strong>illa</strong></span> <span class='ocrx_word' id='word_1_470' title='bbox 2691 2554 2892 2619; x_wconf 87' lang='lat' dir='ltr'><strong>potitus</strong></span> <span class='ocrx_word' id='word_1_471' title='bbox 2918 2553 3038 2617; x_wconf 90' lang='lat' dir='ltr'><strong>fuit,</strong></span> <span class='ocrx_word' id='word_1_472' title='bbox 3076 2562 3338 2621; x_wconf 90' lang='lat' dir='ltr'><strong>quantum</strong></span> <span class='ocrx_word' id='word_1_473' title='bbox 3369 2564 3589 2624; x_wconf 82' lang='lat' dir='ltr'><strong>prepter</strong></span> <span class='ocrx_word' id='word_1_474' title='bbox 3621 2556 3882 2623; x_wconf 85' lang='lat' dir='ltr'><strong>ignoran-</strong></span> 
     </span>
    </p>
   </div>
   <div class='ocr_carea' id='block_1_70' title="bbox 2315 2643 3885 2712">
    <p class='ocr_par' dir='ltr' id='par_1_70' title="bbox 2315 2643 3885 2712">
     <span class='ocr_line' id='line_1_71' title="bbox 2315 2643 3885 2712; baseline 0.003 -21"><span class='ocrx_word' id='word_1_475' title='bbox 2315 2643 2467 2695; x_wconf 88' lang='lat' dir='ltr'><strong>tiam.</strong></span> <span class='ocrx_word' id='word_1_476' title='bbox 2499 2643 2630 2695; x_wconf 86' lang='lat' dir='ltr'><strong>Nam</strong></span> <span class='ocrx_word' id='word_1_477' title='bbox 2663 2644 2763 2697; x_wconf 87' lang='lat' dir='ltr'><strong>hoc</strong></span> <span class='ocrx_word' id='word_1_478' title='bbox 2787 2654 2868 2699; x_wconf 89' lang='lat' dir='ltr'><strong>est</strong></span> <span class='ocrx_word' id='word_1_479' title='bbox 2901 2660 3114 2699; x_wconf 88' lang='lat' dir='ltr'><strong>omnen-</strong></span> <span class='ocrx_word' id='word_1_480' title='bbox 3149 2647 3423 2699; x_wconf 86' lang='lat' dir='ltr'><strong>hominem</strong></span> <span class='ocrx_word' id='word_1_481' title='bbox 3459 2647 3595 2700; x_wconf 88' lang='lat' dir='ltr'><strong>velle</strong></span> <span class='ocrx_word' id='word_1_482' title='bbox 3628 2646 3692 2698; x_wconf 88' lang='lat' dir='ltr'><strong>ad</strong></span> <span class='ocrx_word' id='word_1_483' title='bbox 3729 2646 3885 2712; x_wconf 79' lang='lat' dir='ltr'><strong>agni-</strong></span> 
     </span>
    </p>
   </div>
   <div class='ocr_carea' id='block_1_71' title="bbox 2316 2734 3883 2805">
    <p class='ocr_par' dir='ltr' id='par_1_71' title="bbox 2316 2734 3883 2805">
     <span class='ocr_line' id='line_1_72' title="bbox 2316 2734 3883 2805; baseline 0.002 -20"><span class='ocrx_word' id='word_1_484' title='bbox 2316 2734 2515 2787; x_wconf 89' lang='lat' dir='ltr'><strong>tionem</strong></span> <span class='ocrx_word' id='word_1_485' title='bbox 2566 2735 2808 2788; x_wconf 89' lang='lat' dir='ltr'><strong>veritatis</strong></span> <span class='ocrx_word' id='word_1_486' title='bbox 2844 2736 3029 2789; x_wconf 87' lang='lat' dir='ltr'><strong>vcnire</strong></span> <span class='ocrx_word' id='word_1_487' title='bbox 3066 2737 3132 2768; x_wconf 79' lang='lat'><strong>&quot;&#39;</strong></span> <span class='ocrx_word' id='word_1_488' title='bbox 3167 2777 3180 2800; x_wconf 94' lang='lat'><strong>,</strong></span> <span class='ocrx_word' id='word_1_489' title='bbox 3240 2737 3500 2805; x_wconf 90' lang='lat' dir='ltr'><strong>quoniam</strong></span> <span class='ocrx_word' id='word_1_490' title='bbox 3568 2750 3672 2789; x_wconf 92' lang='lat' dir='ltr'><strong>non</strong></span> <span class='ocrx_word' id='word_1_491' title='bbox 3733 2736 3883 2788; x_wconf 86' lang='lat' dir='ltr'><strong>aliud</strong></span> 
     </span>
    </p>
   </div>
   <div class='ocr_carea' id='block_1_72' title="bbox 2316 2824 3885 2895">
    <p class='ocr_par' dir='ltr' id='par_1_72' title="bbox 2316 2824 3885 2895">
     <span class='ocr_line' id='line_1_73' title="bbox 2316 2824 3885 2895; baseline -0.001 -19"><span class='ocrx_word' id='word_1_492' title='bbox 2316 2824 2536 2890; x_wconf 91' lang='lat' dir='ltr'><strong>quidem</strong></span> <span class='ocrx_word' id='word_1_493' title='bbox 2581 2825 2803 2888; x_wconf 84' lang='lat' dir='ltr'><strong>veritas,</strong></span> <span class='ocrx_word' id='word_1_494' title='bbox 2849 2841 3007 2893; x_wconf 88' lang='lat' dir='ltr'><strong>quam</strong></span> <span class='ocrx_word' id='word_1_495' title='bbox 3057 2829 3227 2895; x_wconf 83' lang='lat' dir='ltr'><strong>gratia</strong></span> <span class='ocrx_word' id='word_1_496' title='bbox 3269 2827 3494 2890; x_wconf 86' lang='lat' dir='ltr'><strong>Christi,</strong></span> <span class='ocrx_word' id='word_1_497' title='bbox 3547 2842 3608 2880; x_wconf 89' lang='lat' dir='ltr'><strong>ac</strong></span> <span class='ocrx_word' id='word_1_498' title='bbox 3661 2836 3885 2894; x_wconf 83' lang='lat' dir='ltr'><strong>prepter</strong></span> 
     </span>
    </p>
   </div>
   <div class='ocr_carea' id='block_1_73' title="bbox 2317 2912 3882 2981">
    <p class='ocr_par' dir='ltr' id='par_1_73' title="bbox 2317 2912 3882 2981">
     <span class='ocr_line' id='line_1_74' title="bbox 2317 2912 3882 2981; baseline -0.003 -14"><span class='ocrx_word' id='word_1_499' title='bbox 2317 2930 2432 2967; x_wconf 90' lang='lat' dir='ltr'><strong>eam</strong></span> <span class='ocrx_word' id='word_1_500' title='bbox 2481 2915 2710 2981; x_wconf 85' lang='lat' dir='ltr'><strong>gratiam</strong></span> <span class='ocrx_word' id='word_1_501' title='bbox 2754 2916 2920 2976; x_wconf 78' lang='lat' dir='ltr'><strong>venit,</strong></span> <span class='ocrx_word' id='word_1_502' title='bbox 2973 2923 3024 2969; x_wconf 85' lang='lat' dir='ltr'><strong>et</strong></span> <span class='ocrx_word' id='word_1_503' title='bbox 3065 2915 3281 2969; x_wconf 84' lang='lat' dir='ltr'><strong>occisus</strong></span> <span class='ocrx_word' id='word_1_504' title='bbox 3324 2924 3407 2968; x_wconf 91' lang='lat' dir='ltr'><strong>est</strong></span> <span class='ocrx_word' id='word_1_505' title='bbox 3448 2913 3699 2966; x_wconf 80' lang='lat' dir='ltr'><strong>Christus</strong></span> <span class='ocrx_word' id='word_1_506' title='bbox 3741 2929 3752 2964; x_wconf 91' lang='lat'><strong>:</strong></span> <span class='ocrx_word' id='word_1_507' title='bbox 3791 2912 3882 2980; x_wconf 90' lang='lat' dir='ltr'><strong>qui</strong></span> 
     </span>
    </p>
   </div>
   <div class='ocr_carea' id='block_1_74' title="bbox 2317 3002 3886 3066">
    <p class='ocr_par' dir='ltr' id='par_1_74' title="bbox 2317 3002 3886 3066">
     <span class='ocr_line' id='line_1_75' title="bbox 2317 3002 3886 3066; baseline -0.001 -10"><span class='ocrx_word' id='word_1_508' title='bbox 2317 3019 2438 3056; x_wconf 89' lang='lat' dir='ltr'><strong>eum</strong></span> <span class='ocrx_word' id='word_1_509' title='bbox 2477 3003 2640 3066; x_wconf 90' lang='lat' dir='ltr'><strong>Deus,</strong></span> <span class='ocrx_word' id='word_1_510' title='bbox 2680 3002 2940 3056; x_wconf 91' lang='lat' dir='ltr'><strong>Dominus</strong></span> <span class='ocrx_word' id='word_1_511' title='bbox 2981 3017 3040 3057; x_wconf 90' lang='lat' dir='ltr'><strong>ac</strong></span> <span class='ocrx_word' id='word_1_512' title='bbox 3084 3004 3255 3057; x_wconf 62' lang='lat' dir='ltr'><strong>haeres</strong></span> <span class='ocrx_word' id='word_1_513' title='bbox 3299 3004 3371 3057; x_wconf 91' lang='lat' dir='ltr'><strong>sit</strong></span> <span class='ocrx_word' id='word_1_514' title='bbox 3406 3004 3582 3057; x_wconf 89' lang='lat' dir='ltr'><strong>omnis</strong></span> <span class='ocrx_word' id='word_1_515' title='bbox 3617 3011 3886 3055; x_wconf 78' lang='lat' dir='ltr'><strong>creaturae</strong></span> 
     </span>
    </p>
   </div>
   <div class='ocr_carea' id='block_1_75' title="bbox 2319 3094 3882 3165">
    <p class='ocr_par' dir='ltr' id='par_1_75' title="bbox 2319 3094 3882 3165">
     <span class='ocr_line' id='line_1_76' title="bbox 2319 3094 3882 3165; baseline -0.003 -17"><span class='ocrx_word' id='word_1_516' title='bbox 2319 3111 2413 3163; x_wconf 88' lang='lat' dir='ltr'><strong>per</strong></span> <span class='ocrx_word' id='word_1_517' title='bbox 2468 3096 2642 3165; x_wconf 89' lang='lat' dir='ltr'><strong>ipsum</strong></span> <span class='ocrx_word' id='word_1_518' title='bbox 2696 3098 2948 3159; x_wconf 63' lang='lat' dir='ltr'><strong>coudilm,</strong></span> <span class='ocrx_word' id='word_1_519' title='bbox 2994 3105 3425 3165; x_wconf 88' lang='lat' dir='ltr'><strong>potestatemque</strong></span> <span class='ocrx_word' id='word_1_520' title='bbox 3469 3094 3666 3148; x_wconf 90' lang='lat' dir='ltr'><strong>habeat</strong></span> <span class='ocrx_word' id='word_1_521' title='bbox 3712 3095 3767 3146; x_wconf 89' lang='lat' dir='ltr'><strong>in</strong></span> <span class='ocrx_word' id='word_1_522' title='bbox 3819 3107 3882 3147; x_wconf 86' lang='lat' dir='ltr'><strong>ea</strong></span> 
     </span>
    </p>
   </div>
   <div class='ocr_carea' id='block_1_76' title="bbox 2319 3183 3884 3255">
    <p class='ocr_par' dir='ltr' id='par_1_76' title="bbox 2319 3183 3884 3255">
     <span class='ocr_line' id='line_1_77' title="bbox 2319 3183 3884 3255; baseline -0.004 -15"><span class='ocrx_word' id='word_1_523' title='bbox 2319 3201 2437 3254; x_wconf 75' lang='lat' dir='ltr'><strong>quae</strong></span> <span class='ocrx_word' id='word_1_524' title='bbox 2483 3187 2746 3248; x_wconf 90' lang='lat' dir='ltr'><strong>condidit,</strong></span> <span class='ocrx_word' id='word_1_525' title='bbox 2799 3200 2902 3239; x_wconf 93' lang='lat' dir='ltr'><strong>non</strong></span> <span class='ocrx_word' id='word_1_526' title='bbox 2948 3195 3131 3239; x_wconf 90' lang='lat' dir='ltr'><strong>tamen</strong></span> <span class='ocrx_word' id='word_1_527' title='bbox 3162 3185 3322 3240; x_wconf 88' lang='lat' dir='ltr'><strong>habet</strong></span> <span class='ocrx_word' id='word_1_528' title='bbox 3359 3191 3679 3255; x_wconf 73' lang='lat' dir='ltr'><strong>potestatem</strong></span> <span class='ocrx_word' id='word_1_529' title='bbox 3711 3183 3884 3251; x_wconf 87' lang='lat' dir='ltr'><strong>gratis</strong></span> 
     </span>
    </p>
   </div>
   <div class='ocr_carea' id='block_1_77' title="bbox 2317 3274 3886 3343">
    <p class='ocr_par' dir='ltr' id='par_1_77' title="bbox 2317 3274 3886 3343">
     <span class='ocr_line' id='line_1_78' title="bbox 2317 3274 3886 3343; baseline -0.003 -14"><span class='ocrx_word' id='word_1_530' title='bbox 2317 3275 2477 3329; x_wconf 88' lang='lat' dir='ltr'><strong>dandi</strong></span> <span class='ocrx_word' id='word_1_531' title='bbox 2532 3275 2670 3328; x_wconf 89' lang='lat' dir='ltr'><strong>hanc</strong></span> <span class='ocrx_word' id='word_1_532' title='bbox 2706 3277 2934 3343; x_wconf 82' lang='lat' dir='ltr'><strong>gratiam</strong></span> <span class='ocrx_word' id='word_1_533' title='bbox 2979 3276 3294 3331; x_wconf 91' lang='lat' dir='ltr'><strong>hominibus</strong></span> <span class='ocrx_word' id='word_1_534' title='bbox 3343 3294 3354 3330; x_wconf 92' lang='lat'><strong>:</strong></span> <span class='ocrx_word' id='word_1_535' title='bbox 3405 3277 3666 3339; x_wconf 80' lang='lat' dir='ltr'><strong>Quoniam</strong></span> <span class='ocrx_word' id='word_1_536' title='bbox 3699 3274 3886 3342; x_wconf 80' lang='lat' dir='ltr'><strong>justus</strong></span> 
     </span>
    </p>
   </div>
   <div class='ocr_carea' id='block_1_78' title="bbox 2317 3366 3883 3436">
    <p class='ocr_par' dir='ltr' id='par_1_78' title="bbox 2317 3366 3883 3436">
     <span class='ocr_line' id='line_1_79' title="bbox 2317 3366 3883 3436; baseline -0.003 -16"><span class='ocrx_word' id='word_1_537' title='bbox 2317 3367 2594 3432; x_wconf 81' lang='lat' dir='ltr'><strong>Dominus,</strong></span> <span class='ocrx_word' id='word_1_538' title='bbox 2620 3378 2668 3421; x_wconf 87' lang='lat' dir='ltr'><strong>et</strong></span> <span class='ocrx_word' id='word_1_539' title='bbox 2698 3368 2942 3436; x_wconf 85' lang='lat' dir='ltr'><strong>justitias</strong></span> <span class='ocrx_word' id='word_1_540' title='bbox 2983 3369 3254 3433; x_wconf 70' lang='lat' dir='ltr'><strong>dilexit”,</strong></span> <span class='ocrx_word' id='word_1_541' title='bbox 3311 3368 3578 3435; x_wconf 85' lang='lat' dir='ltr'><strong>Injustum</strong></span> <span class='ocrx_word' id='word_1_542' title='bbox 3612 3366 3883 3436; x_wconf 85' lang='lat' dir='ltr'><strong>siquidem</strong></span> 
     </span>
    </p>
   </div>
   <div class='ocr_carea' id='block_1_79' title="bbox 2317 3460 3888 3528">
    <p class='ocr_par' dir='ltr' id='par_1_79' title="bbox 2317 3460 3888 3528">
     <span class='ocr_line' id='line_1_80' title="bbox 2317 3460 3888 3528; baseline -0.001 -17"><span class='ocrx_word' id='word_1_543' title='bbox 2317 3467 2453 3524; x_wconf 87' lang='lat' dir='ltr'><strong>erat,</strong></span> <span class='ocrx_word' id='word_1_544' title='bbox 2489 3461 2780 3524; x_wconf 87' lang='lat' dir='ltr'><strong>volentem,</strong></span> <span class='ocrx_word' id='word_1_545' title='bbox 2809 3467 2862 3514; x_wconf 92' lang='lat' dir='ltr'><strong>ct</strong></span> <span class='ocrx_word' id='word_1_546' title='bbox 2892 3460 3040 3514; x_wconf 91' lang='lat' dir='ltr'><strong>nulla</strong></span> <span class='ocrx_word' id='word_1_547' title='bbox 3073 3460 3418 3528; x_wconf 90' lang='lat' dir='ltr'><strong>compulsum</strong></span> <span class='ocrx_word' id='word_1_548' title='bbox 3440 3460 3800 3517; x_wconf 82' lang='lat' dir='ltr'><strong>necessitate,</strong></span> <span class='ocrx_word' id='word_1_549' title='bbox 3831 3466 3888 3510; x_wconf 79' lang='lat' dir='ltr'><strong>et</strong></span> 
     </span>
    </p>
   </div>
   <div class='ocr_carea' id='block_1_80' title="bbox 2318 3550 3885 3624">
    <p class='ocr_par' dir='ltr' id='par_1_80' title="bbox 2318 3550 3885 3624">
     <span class='ocr_line' id='line_1_81' title="bbox 2318 3550 3885 3624; baseline -0.005 -16"><span class='ocrx_word' id='word_1_550' title='bbox 2318 3570 2413 3624; x_wconf 86' lang='lat' dir='ltr'><strong>per</strong></span> <span class='ocrx_word' id='word_1_551' title='bbox 2451 3553 2697 3608; x_wconf 89' lang='lat' dir='ltr'><strong>dolosutn</strong></span> <span class='ocrx_word' id='word_1_552' title='bbox 2739 3553 3078 3607; x_wconf 88' lang='lat' dir='ltr'><strong>mendacium</strong></span> <span class='ocrx_word' id='word_1_553' title='bbox 3129 3559 3341 3605; x_wconf 89' lang='lat' dir='ltr'><strong>tantum</strong></span> <span class='ocrx_word' id='word_1_554' title='bbox 3387 3565 3448 3606; x_wconf 89' lang='lat' dir='ltr'><strong>ea</strong></span> <span class='ocrx_word' id='word_1_555' title='bbox 3481 3561 3671 3620; x_wconf 89' lang='lat' dir='ltr'><strong>sponte</strong></span> <span class='ocrx_word' id='word_1_556' title='bbox 3706 3550 3885 3602; x_wconf 83' lang='lat' dir='ltr'><strong>nuda-</strong></span> 
     </span>
    </p>
   </div>
   <div class='ocr_carea' id='block_1_81' title="bbox 2321 3637 3883 3713">
    <p class='ocr_par' dir='ltr' id='par_1_81' title="bbox 2321 3637 3883 3713">
     <span class='ocr_line' id='line_1_82' title="bbox 2321 3637 3883 3713; baseline -0.004 -15"><span class='ocrx_word' id='word_1_557' title='bbox 2321 3654 2455 3709; x_wconf 88' lang='lat' dir='ltr'><strong>tum,</strong></span> <span class='ocrx_word' id='word_1_558' title='bbox 2517 3655 2570 3699; x_wconf 89' lang='lat' dir='ltr'><strong>et</strong></span> <span class='ocrx_word' id='word_1_559' title='bbox 2621 3645 2825 3700; x_wconf 88' lang='lat' dir='ltr'><strong>scelere</strong></span> <span class='ocrx_word' id='word_1_560' title='bbox 2879 3644 3246 3713; x_wconf 91' lang='lat' dir='ltr'><strong>inquinatum,</strong></span> <span class='ocrx_word' id='word_1_561' title='bbox 3303 3643 3421 3696; x_wconf 86' lang='lat' dir='ltr'><strong>sine</strong></span> <span class='ocrx_word' id='word_1_562' title='bbox 3473 3656 3665 3710; x_wconf 86' lang='lat' dir='ltr'><strong>magna</strong></span> <span class='ocrx_word' id='word_1_563' title='bbox 3723 3637 3770 3693; x_wconf 81' lang='lat' dir='ltr'><strong>vi</strong></span> <span class='ocrx_word' id='word_1_564' title='bbox 3829 3641 3883 3692; x_wconf 88' lang='lat' dir='ltr'><strong>in</strong></span> 
     </span>
    </p>
   </div>
   <div class='ocr_carea' id='block_1_82' title="bbox 2319 3730 3882 3797">
    <p class='ocr_par' dir='ltr' id='par_1_82' title="bbox 2319 3730 3882 3797">
     <span class='ocr_line' id='line_1_83' title="bbox 2319 3730 3882 3797; baseline -0.004 -9"><span class='ocrx_word' id='word_1_565' title='bbox 2319 3735 2626 3789; x_wconf 87' lang='lat' dir='ltr'><strong>resistendo</strong></span> <span class='ocrx_word' id='word_1_566' title='bbox 2688 3734 2969 3797; x_wconf 87' lang='lat' dir='ltr'><strong>adhibita,</strong></span> <span class='ocrx_word' id='word_1_567' title='bbox 3026 3734 3212 3787; x_wconf 88' lang='lat' dir='ltr'><strong>eadem</strong></span> <span class='ocrx_word' id='word_1_568' title='bbox 3275 3747 3468 3786; x_wconf 82' lang='lat' dir='ltr'><strong>rursus</strong></span> <span class='ocrx_word' id='word_1_569' title='bbox 3526 3730 3882 3784; x_wconf 71' lang='lat' dir='ltr'><strong>circumdari.</strong></span> 
     </span>
    </p>
   </div>
   <div class='ocr_carea' id='block_1_83' title="bbox 2321 3819 3887 3888">
    <p class='ocr_par' dir='ltr' id='par_1_83' title="bbox 2321 3819 3887 3888">
     <span class='ocr_line' id='line_1_84' title="bbox 2321 3819 3887 3888; baseline -0.003 -13"><span class='ocrx_word' id='word_1_570' title='bbox 2321 3823 2526 3876; x_wconf 84' lang='lat' dir='ltr'><strong>idcirco</strong></span> <span class='ocrx_word' id='word_1_571' title='bbox 2557 3831 2608 3878; x_wconf 90' lang='lat' dir='ltr'><strong>et</strong></span> <span class='ocrx_word' id='word_1_572' title='bbox 2641 3823 2837 3876; x_wconf 89' lang='lat' dir='ltr'><strong>nobilis</strong></span> <span class='ocrx_word' id='word_1_573' title='bbox 2873 3821 3013 3875; x_wconf 88' lang='lat' dir='ltr'><strong>facta</strong></span> <span class='ocrx_word' id='word_1_574' title='bbox 3044 3829 3127 3876; x_wconf 85' lang='lat' dir='ltr'><strong>est</strong></span> <span class='ocrx_word' id='word_1_575' title='bbox 3159 3821 3557 3888; x_wconf 88' lang='lat' dir='ltr'><strong>compensatio,</strong></span> <span class='ocrx_word' id='word_1_576' title='bbox 3598 3820 3736 3872; x_wconf 88' lang='lat' dir='ltr'><strong>Deus</strong></span> <span class='ocrx_word' id='word_1_577' title='bbox 3767 3819 3887 3886; x_wconf 88' lang='lat' dir='ltr'><strong>ipse</strong></span> 
     </span>
    </p>
   </div>
   <div class='ocr_carea' id='block_1_84' title="bbox 2321 3907 3887 3980">
    <p class='ocr_par' dir='ltr' id='par_1_84' title="bbox 2321 3907 3887 3980">
     <span class='ocr_line' id='line_1_85' title="bbox 2321 3907 3887 3980; baseline -0.004 -14"><span class='ocrx_word' id='word_1_578' title='bbox 2321 3921 2479 3968; x_wconf 88' lang='lat' dir='ltr'><strong>natus</strong></span> <span class='ocrx_word' id='word_1_579' title='bbox 2511 3914 2695 3974; x_wconf 91' lang='lat' dir='ltr'><strong>homo,</strong></span> <span class='ocrx_word' id='word_1_580' title='bbox 2731 3914 2783 3966; x_wconf 90' lang='lat' dir='ltr'><strong>in</strong></span> <span class='ocrx_word' id='word_1_581' title='bbox 2816 3912 3142 3966; x_wconf 88' lang='lat' dir='ltr'><strong>sacriﬁcium</strong></span> <span class='ocrx_word' id='word_1_582' title='bbox 3179 3927 3276 3980; x_wconf 89' lang='lat' dir='ltr'><strong>pro</strong></span> <span class='ocrx_word' id='word_1_583' title='bbox 3303 3926 3365 3964; x_wconf 90' lang='lat' dir='ltr'><strong>ea</strong></span> <span class='ocrx_word' id='word_1_584' title='bbox 3400 3911 3560 3964; x_wconf 87' lang='lat' dir='ltr'><strong>datus</strong></span> <span class='ocrx_word' id='word_1_585' title='bbox 3596 3919 3701 3962; x_wconf 90' lang='lat' dir='ltr'><strong>est.</strong></span> <span class='ocrx_word' id='word_1_586' title='bbox 3729 3907 3887 3961; x_wconf 86' lang='lat' dir='ltr'><strong>Unde</strong></span> 
     </span>
    </p>
   </div>
   <div class='ocr_carea' id='block_1_85' title="bbox 2319 3999 3886 4072">
    <p class='ocr_par' dir='ltr' id='par_1_85' title="bbox 2319 3999 3886 4072">
     <span class='ocr_line' id='line_1_86' title="bbox 2319 3999 3886 4072; baseline -0.004 -14"><span class='ocrx_word' id='word_1_587' title='bbox 2319 4015 2370 4058; x_wconf 91' lang='lat' dir='ltr'><strong>et</strong></span> <span class='ocrx_word' id='word_1_588' title='bbox 2401 4003 2650 4059; x_wconf 89' lang='lat' dir='ltr'><strong>Christus</strong></span> <span class='ocrx_word' id='word_1_589' title='bbox 2676 4013 2797 4072; x_wconf 85' lang='lat' dir='ltr'><strong>post</strong></span> <span class='ocrx_word' id='word_1_590' title='bbox 2835 4004 3292 4058; x_wconf 88' lang='lat' dir='ltr'><strong>resurrectionem</strong></span> <span class='ocrx_word' id='word_1_591' title='bbox 3326 4003 3400 4054; x_wconf 87' lang='lat' dir='ltr'><strong>ait</strong></span> <span class='ocrx_word' id='word_1_592' title='bbox 3431 4018 3444 4055; x_wconf 91' lang='lat'><strong>:</strong></span> <span class='ocrx_word' id='word_1_593' title='bbox 3485 4001 3622 4052; x_wconf 83' lang='lat' dir='ltr'><strong>Data</strong></span> <span class='ocrx_word' id='word_1_594' title='bbox 3649 4009 3723 4052; x_wconf 87' lang='lat' dir='ltr'><strong>est</strong></span> <span class='ocrx_word' id='word_1_595' title='bbox 3755 3999 3886 4052; x_wconf 85' lang='lat' dir='ltr'><strong>mihi</strong></span> 
     </span>
    </p>
   </div>
   <div class='ocr_carea' id='block_1_86' title="bbox 2321 4089 3888 4163">
    <p class='ocr_par' dir='ltr' id='par_1_86' title="bbox 2321 4089 3888 4163">
     <span class='ocr_line' id='line_1_87' title="bbox 2321 4089 3888 4163; baseline -0.004 -16"><span class='ocrx_word' id='word_1_596' title='bbox 2321 4097 2488 4149; x_wconf 83' lang='lat' dir='ltr'><strong>omnis</strong></span> <span class='ocrx_word' id='word_1_597' title='bbox 2523 4104 2755 4163; x_wconf 82' lang='lat' dir='ltr'><strong>potestas</strong></span> <span class='ocrx_word' id='word_1_598' title='bbox 2794 4095 2846 4147; x_wconf 87' lang='lat' dir='ltr'><strong>in</strong></span> <span class='ocrx_word' id='word_1_599' title='bbox 2883 4095 3032 4160; x_wconf 63' lang='lat' dir='ltr'><strong>ca&#39;lo,</strong></span> <span class='ocrx_word' id='word_1_600' title='bbox 3075 4104 3122 4145; x_wconf 89' lang='lat' dir='ltr'><strong>et</strong></span> <span class='ocrx_word' id='word_1_601' title='bbox 3161 4094 3216 4145; x_wconf 87' lang='lat' dir='ltr'><strong>in</strong></span> <span class='ocrx_word' id='word_1_602' title='bbox 3258 4103 3422 4145; x_wconf 81' lang='lat' dir='ltr'><strong>terra.</strong></span> <span class='ocrx_word' id='word_1_603' title='bbox 3468 4089 3662 4144; x_wconf 85' lang='lat' dir='ltr'><strong>Euntes</strong></span> <span class='ocrx_word' id='word_1_604' title='bbox 3705 4091 3888 4142; x_wconf 82' lang='lat' dir='ltr'><strong>docete</strong></span> 
     </span>
    </p>
   </div>
   <div class='ocr_carea' id='block_1_87' title="bbox 2321 4183 3892 4257">
    <p class='ocr_par' dir='ltr' id='par_1_87' title="bbox 2321 4183 3892 4257">
     <span class='ocr_line' id='line_1_88' title="bbox 2321 4183 3892 4257; baseline -0.003 -16"><span class='ocrx_word' id='word_1_605' title='bbox 2321 4205 2494 4241; x_wconf 87' lang='lat' dir='ltr'><strong>onmes</strong></span> <span class='ocrx_word' id='word_1_606' title='bbox 2523 4197 2714 4257; x_wconf 81' lang='lat' dir='ltr'><strong>gentes,</strong></span> <span class='ocrx_word' id='word_1_607' title='bbox 2740 4196 2787 4241; x_wconf 87' lang='lat' dir='ltr'><strong>et</strong></span> <span class='ocrx_word' id='word_1_608' title='bbox 2818 4188 3081 4255; x_wconf 76' lang='lat' dir='ltr'><strong>baptizata</strong></span> <span class='ocrx_word' id='word_1_609' title='bbox 3113 4202 3198 4239; x_wconf 84' lang='lat' dir='ltr'><strong>eos</strong></span> <span class='ocrx_word' id='word_1_610' title='bbox 3243 4187 3298 4238; x_wconf 87' lang='lat' dir='ltr'><strong>in</strong></span> <span class='ocrx_word' id='word_1_611' title='bbox 3340 4187 3547 4238; x_wconf 83' lang='lat' dir='ltr'><strong>nomine</strong></span> <span class='ocrx_word' id='word_1_612' title='bbox 3590 4183 3793 4245; x_wconf 78' lang='lat' dir='ltr'><strong>Patris,</strong></span> <span class='ocrx_word' id='word_1_613' title='bbox 3835 4192 3892 4237; x_wconf 80' lang='lat' dir='ltr'><strong>et</strong></span> 
     </span>
    </p>
   </div>
   <div class='ocr_carea' id='block_1_88' title="bbox 2321 4278 3892 4348">
    <p class='ocr_par' dir='ltr' id='par_1_88' title="bbox 2321 4278 3892 4348">
     <span class='ocr_line' id='line_1_89' title="bbox 2321 4278 3892 4348; baseline -0.004 -15"><span class='ocrx_word' id='word_1_614' title='bbox 2321 4281 2464 4343; x_wconf 84' lang='lat' dir='ltr'><strong>Filii,</strong></span> <span class='ocrx_word' id='word_1_615' title='bbox 2507 4291 2554 4332; x_wconf 84' lang='lat' dir='ltr'><strong>et</strong></span> <span class='ocrx_word' id='word_1_616' title='bbox 2587 4279 2819 4348; x_wconf 80' lang='lat' dir='ltr'><strong>Spiritus</strong></span> <span class='ocrx_word' id='word_1_617' title='bbox 2850 4281 3043 4341; x_wconf 85' lang='lat' dir='ltr'><strong>sancti,</strong></span> <span class='ocrx_word' id='word_1_618' title='bbox 3072 4278 3314 4331; x_wconf 84' lang='lat' dir='ltr'><strong>docentes</strong></span> <span class='ocrx_word' id='word_1_619' title='bbox 3344 4293 3426 4328; x_wconf 82' lang='lat' dir='ltr'><strong>eos</strong></span> <span class='ocrx_word' id='word_1_620' title='bbox 3458 4292 3664 4329; x_wconf 77' lang='lat' dir='ltr'><strong>seruare</strong></span> <span class='ocrx_word' id='word_1_621' title='bbox 3707 4278 3892 4327; x_wconf 79' lang='lat' dir='ltr'><strong>omnia</strong></span> 
     </span>
    </p>
   </div>
   <div class='ocr_carea' id='block_1_89' title="bbox 2322 4367 3894 4440">
    <p class='ocr_par' dir='ltr' id='par_1_89' title="bbox 2322 4367 3894 4440">
     <span class='ocr_line' id='line_1_90' title="bbox 2322 4367 3894 4440; baseline -0.003 -16"><span class='ocrx_word' id='word_1_622' title='bbox 2322 4387 2640 4440; x_wconf 78' lang='lat' dir='ltr'><strong>qua’cunque</strong></span> <span class='ocrx_word' id='word_1_623' title='bbox 2683 4369 2934 4423; x_wconf 83' lang='lat' dir='ltr'><strong>mandavi</strong></span> <span class='ocrx_word' id='word_1_624' title='bbox 2975 4369 3118 4422; x_wconf 79' lang='lat' dir='ltr'><strong>vobis</strong></span> <span class='ocrx_word' id='word_1_625' title='bbox 3143 4369 3210 4419; x_wconf 70' lang='lat'><strong>7‘.</strong></span> <span class='ocrx_word' id='word_1_626' title='bbox 3253 4367 3389 4420; x_wconf 91' lang='lat' dir='ltr'><strong>IIinc</strong></span> <span class='ocrx_word' id='word_1_627' title='bbox 3435 4375 3490 4422; x_wconf 88' lang='lat' dir='ltr'><strong>et</strong></span> <span class='ocrx_word' id='word_1_628' title='bbox 3541 4381 3734 4421; x_wconf 89' lang='lat' dir='ltr'><strong>nomen</strong></span> <span class='ocrx_word' id='word_1_629' title='bbox 3765 4367 3894 4434; x_wconf 78' lang='lat' dir='ltr'><strong>ejus</strong></span> 
     </span>
    </p>
   </div>
   <div class='ocr_carea' id='block_1_90' title="bbox 2323 4457 3890 4530">
    <p class='ocr_par' dir='ltr' id='par_1_90' title="bbox 2323 4457 3890 4530">
     <span class='ocr_line' id='line_1_91' title="bbox 2323 4457 3890 4530; baseline -0.005 -14"><span class='ocrx_word' id='word_1_630' title='bbox 2323 4473 2408 4516; x_wconf 88' lang='lat' dir='ltr'><strong>est</strong></span> <span class='ocrx_word' id='word_1_631' title='bbox 2437 4461 2578 4530; x_wconf 90' lang='lat' dir='ltr'><strong>apud</strong></span> <span class='ocrx_word' id='word_1_632' title='bbox 2606 4461 2796 4514; x_wconf 85' lang='lat' dir='ltr'><strong>Isaiam</strong></span> <span class='ocrx_word' id='word_1_633' title='bbox 2824 4459 3260 4527; x_wconf 76' lang='grc' dir='ltr'><strong>⁷⁸ὲξουσιαστὴς,</strong></span> <span class='ocrx_word' id='word_1_634' title='bbox 3297 4467 3615 4525; x_wconf 84' lang='lat' dir='ltr'><strong>potestatem</strong></span> <span class='ocrx_word' id='word_1_635' title='bbox 3654 4457 3890 4520; x_wconf 89' lang='lat' dir='ltr'><strong>habens,</strong></span> 
     </span>
    </p>
   </div>
   <div class='ocr_carea' id='block_1_91' title="bbox 653 4549 2205 4624">
    <p class='ocr_par' dir='ltr' id='par_1_91' title="bbox 653 4557 2205 4624">
     <span class='ocr_line' id='line_1_92' title="bbox 653 4557 2205 4624; baseline 0.011 -20"><span class='ocrx_word' id='word_1_636' title='bbox 653 4562 834 4606; x_wconf 76' lang='lat' dir='ltr'><strong>etnon</strong></span> <span class='ocrx_word' id='word_1_637' title='bbox 881 4557 1075 4609; x_wconf 82' lang='lat' dir='ltr'><strong>videbit</strong></span> <span class='ocrx_word' id='word_1_638' title='bbox 1124 4570 1363 4624; x_wconf 88' lang='lat' dir='ltr'><strong>mortem,</strong></span> <span class='ocrx_word' id='word_1_639' title='bbox 1414 4572 1463 4615; x_wconf 82' lang='lat' dir='ltr'><strong>et</strong></span> <span class='ocrx_word' id='word_1_640' title='bbox 1507 4575 1649 4616; x_wconf 84' lang='lat' dir='ltr'><strong>eruet</strong></span> <span class='ocrx_word' id='word_1_641' title='bbox 1692 4569 1926 4618; x_wconf 87' lang='lat' dir='ltr'><strong>animam</strong></span> <span class='ocrx_word' id='word_1_642' title='bbox 1967 4585 2118 4621; x_wconf 86' lang='lat' dir='ltr'><strong>suam</strong></span> <span class='ocrx_word' id='word_1_643' title='bbox 2159 4570 2205 4621; x_wconf 78' lang='lat' dir='ltr'><strong>dt</strong></span> 
     </span>
    </p>
   </div>
   <div class='ocr_carea' id='block_1_92' title="bbox 2315 4549 3891 4624">
    <p class='ocr_par' dir='ltr' id='par_1_92' title="bbox 2327 4549 3891 4619">
     <span class='ocr_line' id='line_1_93' title="bbox 2327 4549 3891 4619; baseline -0.002 -13"><span class='ocrx_word' id='word_1_644' title='bbox 2327 4569 2430 4607; x_wconf 86' lang='lat' dir='ltr'><strong>non</strong></span> <span class='ocrx_word' id='word_1_645' title='bbox 2480 4563 2537 4605; x_wconf 91' lang='lat' dir='ltr'><strong>ut</strong></span> <span class='ocrx_word' id='word_1_646' title='bbox 2584 4552 2698 4614; x_wconf 91' lang='lat' dir='ltr'><strong>Dei,</strong></span> <span class='ocrx_word' id='word_1_647' title='bbox 2740 4552 2832 4605; x_wconf 91' lang='lat' dir='ltr'><strong>sed</strong></span> <span class='ocrx_word' id='word_1_648' title='bbox 2883 4559 2942 4605; x_wconf 91' lang='lat' dir='ltr'><strong>ut</strong></span> <span class='ocrx_word' id='word_1_649' title='bbox 2980 4550 3355 4619; x_wconf 79' lang='grc' dir='ltr'><strong>Θεανθρώπου,</strong></span> <span class='ocrx_word' id='word_1_650' title='bbox 3398 4549 3490 4603; x_wconf 85' lang='lat' dir='ltr'><strong>Dei</strong></span> <span class='ocrx_word' id='word_1_651' title='bbox 3529 4559 3580 4602; x_wconf 87' lang='lat' dir='ltr'><strong>et</strong></span> <span class='ocrx_word' id='word_1_652' title='bbox 3622 4549 3891 4603; x_wconf 81' lang='lat' dir='ltr'><strong>hominis.</strong></span> 
     </span>
    </p>
   </div>
   <div class='ocr_carea' id='block_1_93' title="bbox 656 4648 2218 4727">
    <p class='ocr_par' dir='ltr' id='par_1_93' title="bbox 656 4648 2218 4727">
     <span class='ocr_line' id='line_1_94' title="bbox 656 4648 2218 4727; baseline 0.009 -31"><span class='ocrx_word' id='word_1_653' title='bbox 656 4663 814 4697; x_wconf 86' lang='lat' dir='ltr'><strong>manu</strong></span> <span class='ocrx_word' id='word_1_654' title='bbox 853 4648 1010 4715; x_wconf 78' lang='lat' dir='ltr'><strong>inferi</strong></span> <span class='ocrx_word' id='word_1_655' title='bbox 1032 4650 1094 4703; x_wconf 82' lang='lat'><strong>&quot;.</strong></span> <span class='ocrx_word' id='word_1_656' title='bbox 1126 4651 1177 4704; x_wconf 90' lang='lat' dir='ltr'><strong>Si</strong></span> <span class='ocrx_word' id='word_1_657' title='bbox 1213 4653 1379 4720; x_wconf 86' lang='lat' dir='ltr'><strong>igitur</strong></span> <span class='ocrx_word' id='word_1_658' title='bbox 1414 4654 1554 4707; x_wconf 91' lang='lat' dir='ltr'><strong>istud</strong></span> <span class='ocrx_word' id='word_1_659' title='bbox 1588 4657 1760 4708; x_wconf 89' lang='lat' dir='ltr'><strong>cuivis</strong></span> <span class='ocrx_word' id='word_1_660' title='bbox 1792 4669 1844 4711; x_wconf 91' lang='lat' dir='ltr'><strong>et</strong></span> <span class='ocrx_word' id='word_1_661' title='bbox 1881 4659 2082 4727; x_wconf 88' lang='lat' dir='ltr'><strong>ubique</strong></span> <span class='ocrx_word' id='word_1_662' title='bbox 2117 4660 2218 4712; x_wconf 90' lang='lat' dir='ltr'><strong>im-</strong></span> 
     </span>
    </p>
   </div>
   <div class='ocr_carea' id='block_1_94' title="bbox 655 4739 2214 4819">
    <p class='ocr_par' dir='ltr' id='par_1_94' title="bbox 655 4739 2214 4819">
     <span class='ocr_line' id='line_1_95' title="bbox 655 4739 2214 4819; baseline 0.011 -33"><span class='ocrx_word' id='word_1_663' title='bbox 655 4739 934 4805; x_wconf 86' lang='lat' dir='ltr'><strong>possibile,</strong></span> <span class='ocrx_word' id='word_1_664' title='bbox 962 4742 1060 4794; x_wconf 89' lang='lat' dir='ltr'><strong>soli</strong></span> <span class='ocrx_word' id='word_1_665' title='bbox 1091 4752 1272 4796; x_wconf 87' lang='lat' dir='ltr'><strong>autem</strong></span> <span class='ocrx_word' id='word_1_666' title='bbox 1304 4745 1524 4800; x_wconf 88' lang='lat' dir='ltr'><strong>Christo</strong></span> <span class='ocrx_word' id='word_1_667' title='bbox 1552 4749 1814 4816; x_wconf 88' lang='lat' dir='ltr'><strong>possibile</strong></span> <span class='ocrx_word' id='word_1_668' title='bbox 1838 4758 1942 4808; x_wconf 90' lang='lat' dir='ltr'><strong>est.</strong></span> <span class='ocrx_word' id='word_1_669' title='bbox 1972 4751 2042 4804; x_wconf 93' lang='lat' dir='ltr'><strong>ob</strong></span> <span class='ocrx_word' id='word_1_670' title='bbox 2072 4751 2214 4819; x_wconf 91' lang='lat' dir='ltr'><strong>quod</strong></span> 
     </span>
    </p>
   </div>
   <div class='ocr_carea' id='block_1_95' title="bbox 654 4828 2216 4900">
    <p class='ocr_par' dir='ltr' id='par_1_95' title="bbox 654 4828 2216 4900">
     <span class='ocr_line' id='line_1_96' title="bbox 654 4828 2216 4900; baseline 0.01 -23"><span class='ocrx_word' id='word_1_671' title='bbox 654 4828 817 4880; x_wconf 87' lang='lat' dir='ltr'><strong>etiam</strong></span> <span class='ocrx_word' id='word_1_672' title='bbox 858 4830 909 4881; x_wconf 93' lang='lat' dir='ltr'><strong>in</strong></span> <span class='ocrx_word' id='word_1_673' title='bbox 961 4840 1135 4886; x_wconf 91' lang='lat' dir='ltr'><strong>terras</strong></span> <span class='ocrx_word' id='word_1_674' title='bbox 1184 4835 1353 4898; x_wconf 84' lang='lat' dir='ltr'><strong>venit,</strong></span> <span class='ocrx_word' id='word_1_675' title='bbox 1404 4836 1459 4890; x_wconf 87' lang='lat' dir='ltr'><strong>id</strong></span> <span class='ocrx_word' id='word_1_676' title='bbox 1503 4848 1605 4900; x_wconf 88' lang='lat' dir='ltr'><strong>est,</strong></span> <span class='ocrx_word' id='word_1_677' title='bbox 1651 4838 1791 4893; x_wconf 91' lang='lat' dir='ltr'><strong>Deus</strong></span> <span class='ocrx_word' id='word_1_678' title='bbox 1842 4839 2004 4892; x_wconf 89' lang='lat' dir='ltr'><strong>homo</strong></span> <span class='ocrx_word' id='word_1_679' title='bbox 2041 4839 2216 4894; x_wconf 82' lang='lat' dir='ltr'><strong>factus</strong></span> 
     </span>
    </p>
   </div>
   <div class='ocr_carea' id='block_1_96' title="bbox 655 4924 2219 4996">
    <p class='ocr_par' dir='ltr' id='par_1_96' title="bbox 655 4924 2219 4996">
     <span class='ocr_line' id='line_1_97' title="bbox 655 4924 2219 4996; baseline 0.008 -28"><span class='ocrx_word' id='word_1_680' title='bbox 655 4927 759 4978; x_wconf 87' lang='lat' dir='ltr'><strong>est,</strong></span> <span class='ocrx_word' id='word_1_681' title='bbox 813 4932 971 4970; x_wconf 90' lang='lat' dir='ltr'><strong>nemo</strong></span> <span class='ocrx_word' id='word_1_682' title='bbox 1021 4929 1242 4989; x_wconf 87' lang='lat' dir='ltr'><strong>propter</strong></span> <span class='ocrx_word' id='word_1_683' title='bbox 1291 4924 1436 4978; x_wconf 89' lang='lat' dir='ltr'><strong>aliud</strong></span> <span class='ocrx_word' id='word_1_684' title='bbox 1486 4928 1792 4996; x_wconf 89' lang='lat' dir='ltr'><strong>quippiam,</strong></span> <span class='ocrx_word' id='word_1_685' title='bbox 1844 4929 1945 4981; x_wconf 90' lang='lat' dir='ltr'><strong>nisi</strong></span> <span class='ocrx_word' id='word_1_686' title='bbox 2000 4937 2219 4996; x_wconf 89' lang='lat' dir='ltr'><strong>propter</strong></span> 
     </span>
    </p>
   </div>
   <div class='ocr_carea' id='block_1_97' title="bbox 657 5005 2220 5084">
    <p class='ocr_par' dir='ltr' id='par_1_97' title="bbox 657 5005 2220 5084">
     <span class='ocr_line' id='line_1_98' title="bbox 657 5005 2220 5084; baseline 0.01 -27"><span class='ocrx_word' id='word_1_687' title='bbox 657 5005 760 5058; x_wconf 92' lang='lat' dir='ltr'><strong>hoc</strong></span> <span class='ocrx_word' id='word_1_688' title='bbox 790 5009 964 5060; x_wconf 88' lang='lat' dir='ltr'><strong>solum</strong></span> <span class='ocrx_word' id='word_1_689' title='bbox 996 5013 1104 5063; x_wconf 89' lang='lat' dir='ltr'><strong>vim</strong></span> <span class='ocrx_word' id='word_1_690' title='bbox 1143 5014 1365 5080; x_wconf 83' lang='lat' dir='ltr'><strong>inferat,</strong></span> <span class='ocrx_word' id='word_1_691' title='bbox 1408 5017 1460 5071; x_wconf 92' lang='lat' dir='ltr'><strong>id</strong></span> <span class='ocrx_word' id='word_1_692' title='bbox 1487 5028 1589 5084; x_wconf 88' lang='lat' dir='ltr'><strong>est,</strong></span> <span class='ocrx_word' id='word_1_693' title='bbox 1627 5029 1685 5072; x_wconf 92' lang='lat' dir='ltr'><strong>ut</strong></span> <span class='ocrx_word' id='word_1_694' title='bbox 1718 5020 1987 5072; x_wconf 84' lang='lat' dir='ltr'><strong>volentem</strong></span> <span class='ocrx_word' id='word_1_695' title='bbox 2028 5035 2220 5073; x_wconf 86' lang='lat' dir='ltr'><strong>omnes</strong></span> 
     </span>
    </p>
   </div>
   <div class='ocr_carea' id='block_1_98' title="bbox 656 5099 2222 5178">
    <p class='ocr_par' dir='ltr' id='par_1_98' title="bbox 656 5099 2222 5178">
     <span class='ocr_line' id='line_1_99' title="bbox 656 5099 2222 5178; baseline 0.008 -26"><span class='ocrx_word' id='word_1_696' title='bbox 656 5099 919 5164; x_wconf 84' lang='lat' dir='ltr'><strong>liberare,</strong></span> <span class='ocrx_word' id='word_1_697' title='bbox 984 5113 1142 5168; x_wconf 86' lang='lat' dir='ltr'><strong>cogat</strong></span> <span class='ocrx_word' id='word_1_698' title='bbox 1199 5115 1250 5158; x_wconf 89' lang='lat' dir='ltr'><strong>et</strong></span> <span class='ocrx_word' id='word_1_699' title='bbox 1316 5120 1599 5177; x_wconf 87' lang='lat' dir='ltr'><strong>c0gentem</strong></span> <span class='ocrx_word' id='word_1_700' title='bbox 1668 5111 1922 5164; x_wconf 86' lang='lat' dir='ltr'><strong>liberare.</strong></span> <span class='ocrx_word' id='word_1_701' title='bbox 1992 5112 2222 5178; x_wconf 83' lang='lat' dir='ltr'><strong>COgitur</strong></span> 
     </span>
    </p>
   </div>
   <div class='ocr_carea' id='block_1_99' title="bbox 656 5191 2215 5270">
    <p class='ocr_par' dir='ltr' id='par_1_99' title="bbox 656 5191 2215 5270">
     <span class='ocr_line' id='line_1_100' title="bbox 656 5191 2215 5270; baseline 0.008 -29"><span class='ocrx_word' id='word_1_702' title='bbox 656 5191 856 5261; x_wconf 88' lang='lat' dir='ltr'><strong>quippe</strong></span> <span class='ocrx_word' id='word_1_703' title='bbox 890 5207 983 5246; x_wconf 84' lang='lat' dir='ltr'><strong>rex</strong></span> <span class='ocrx_word' id='word_1_704' title='bbox 1016 5192 1196 5260; x_wconf 71' lang='lat' dir='ltr'><strong>Iesus,</strong></span> <span class='ocrx_word' id='word_1_705' title='bbox 1234 5197 1420 5252; x_wconf 86' lang='lat' dir='ltr'><strong>volens</strong></span> <span class='ocrx_word' id='word_1_706' title='bbox 1455 5200 1554 5252; x_wconf 93' lang='lat' dir='ltr'><strong>hoc</strong></span> <span class='ocrx_word' id='word_1_707' title='bbox 1585 5215 1692 5251; x_wconf 91' lang='lat' dir='ltr'><strong>non</strong></span> <span class='ocrx_word' id='word_1_708' title='bbox 1731 5211 1954 5270; x_wconf 83' lang='lat' dir='ltr'><strong>propter</strong></span> <span class='ocrx_word' id='word_1_709' title='bbox 1983 5217 2040 5255; x_wconf 91' lang='lat' dir='ltr'><strong>se</strong></span> <span class='ocrx_word' id='word_1_710' title='bbox 2073 5220 2085 5254; x_wconf 92' lang='lat'><strong>:</strong></span> <span class='ocrx_word' id='word_1_711' title='bbox 2122 5203 2215 5255; x_wconf 91' lang='lat' dir='ltr'><strong>sed</strong></span> 
     </span>
    </p>
   </div>
   <div class='ocr_carea' id='block_1_100' title="bbox 656 5284 2218 5358">
    <p class='ocr_par' dir='ltr' id='par_1_100' title="bbox 656 5284 2218 5358">
     <span class='ocr_line' id='line_1_101' title="bbox 656 5284 2218 5358; baseline 0.009 -24"><span class='ocrx_word' id='word_1_712' title='bbox 656 5284 785 5350; x_wconf 85' lang='lat' dir='ltr'><strong>quia</strong></span> <span class='ocrx_word' id='word_1_713' title='bbox 827 5298 914 5337; x_wconf 91' lang='lat' dir='ltr'><strong>res</strong></span> <span class='ocrx_word' id='word_1_714' title='bbox 963 5286 1132 5339; x_wconf 89' lang='lat' dir='ltr'><strong>ardua</strong></span> <span class='ocrx_word' id='word_1_715' title='bbox 1172 5295 1277 5351; x_wconf 90' lang='lat' dir='ltr'><strong>est,</strong></span> <span class='ocrx_word' id='word_1_716' title='bbox 1319 5298 1372 5341; x_wconf 89' lang='lat' dir='ltr'><strong>et</strong></span> <span class='ocrx_word' id='word_1_717' title='bbox 1419 5303 1519 5342; x_wconf 87' lang='lat' dir='ltr'><strong>nos</strong></span> <span class='ocrx_word' id='word_1_718' title='bbox 1555 5289 1982 5358; x_wconf 88' lang='lat' dir='ltr'><strong>magnitudinem</strong></span> <span class='ocrx_word' id='word_1_719' title='bbox 2025 5293 2218 5348; x_wconf 89' lang='lat' dir='ltr'><strong>salutis</strong></span> 
     </span>
    </p>
   </div>
   <div class='ocr_carea' id='block_1_101' title="bbox 659 5374 2223 5452">
    <p class='ocr_par' dir='ltr' id='par_1_101' title="bbox 659 5374 2223 5452">
     <span class='ocr_line' id='line_1_102' title="bbox 659 5374 2223 5452; baseline 0.007 -28"><span class='ocrx_word' id='word_1_720' title='bbox 659 5374 996 5442; x_wconf 88' lang='lat' dir='ltr'><strong>ignoramus,</strong></span> <span class='ocrx_word' id='word_1_721' title='bbox 1043 5379 1157 5432; x_wconf 82' lang='lat' dir='ltr'><strong>vult</strong></span> <span class='ocrx_word' id='word_1_722' title='bbox 1196 5394 1224 5431; x_wconf 87' lang='lat' dir='ltr'><strong>a</strong></span> <span class='ocrx_word' id='word_1_723' title='bbox 1258 5379 1413 5433; x_wconf 89' lang='lat' dir='ltr'><strong>nobis</strong></span> <span class='ocrx_word' id='word_1_724' title='bbox 1444 5380 1586 5447; x_wconf 87' lang='lat' dir='ltr'><strong>cogi,</strong></span> <span class='ocrx_word' id='word_1_725' title='bbox 1627 5389 1679 5432; x_wconf 90' lang='lat' dir='ltr'><strong>et</strong></span> <span class='ocrx_word' id='word_1_726' title='bbox 1727 5383 1832 5432; x_wconf 90' lang='lat' dir='ltr'><strong>vim</strong></span> <span class='ocrx_word' id='word_1_727' title='bbox 1867 5396 2001 5448; x_wconf 92' lang='lat' dir='ltr'><strong>pene</strong></span> <span class='ocrx_word' id='word_1_728' title='bbox 2039 5392 2223 5452; x_wconf 83' lang='lat' dir='ltr'><strong>tyran-</strong></span> 
     </span>
    </p>
   </div>
   <div class='ocr_carea' id='block_1_102' title="bbox 660 5466 2226 5539">
    <p class='ocr_par' dir='ltr' id='par_1_102' title="bbox 660 5466 2226 5539">
     <span class='ocr_line' id='line_1_103' title="bbox 660 5466 2226 5539; baseline 0.004 -21"><span class='ocrx_word' id='word_1_729' title='bbox 660 5466 858 5518; x_wconf 82' lang='lat' dir='ltr'><strong>nicam-</strong></span> <span class='ocrx_word' id='word_1_730' title='bbox 885 5469 1178 5533; x_wconf 86' lang='lat' dir='ltr'><strong>sustinere,</strong></span> <span class='ocrx_word' id='word_1_731' title='bbox 1219 5480 1277 5523; x_wconf 91' lang='lat' dir='ltr'><strong>ut</strong></span> <span class='ocrx_word' id='word_1_732' title='bbox 1309 5471 1507 5538; x_wconf 88' lang='lat' dir='ltr'><strong>partim</strong></span> <span class='ocrx_word' id='word_1_733' title='bbox 1540 5471 1758 5538; x_wconf 91' lang='lat' dir='ltr'><strong>quidem</strong></span> <span class='ocrx_word' id='word_1_734' title='bbox 1793 5486 1855 5524; x_wconf 80' lang='lat' dir='ltr'><strong>ex</strong></span> <span class='ocrx_word' id='word_1_735' title='bbox 1891 5472 1954 5523; x_wconf 90' lang='lat' dir='ltr'><strong>iis</strong></span> <span class='ocrx_word' id='word_1_736' title='bbox 1985 5487 2104 5535; x_wconf 72' lang='lat' dir='ltr'><strong>qme</strong></span> <span class='ocrx_word' id='word_1_737' title='bbox 2135 5488 2226 5539; x_wconf 88' lang='lat' dir='ltr'><strong>pa-</strong></span> 
     </span>
    </p>
   </div>
   <div class='ocr_carea' id='block_1_103' title="bbox 661 5558 2219 5630">
    <p class='ocr_par' dir='ltr' id='par_1_103' title="bbox 661 5558 2219 5630">
     <span class='ocr_line' id='line_1_104' title="bbox 661 5558 2219 5630; baseline 0.006 -24"><span class='ocrx_word' id='word_1_738' title='bbox 661 5558 848 5623; x_wconf 88' lang='lat' dir='ltr'><strong>timur,</strong></span> <span class='ocrx_word' id='word_1_739' title='bbox 877 5573 906 5611; x_wconf 91' lang='lat' dir='ltr'><strong>a</strong></span> <span class='ocrx_word' id='word_1_740' title='bbox 933 5569 1156 5627; x_wconf 88' lang='lat' dir='ltr'><strong>peccato</strong></span> <span class='ocrx_word' id='word_1_741' title='bbox 1178 5563 1418 5628; x_wconf 89' lang='lat' dir='ltr'><strong>graviter</strong></span> <span class='ocrx_word' id='word_1_742' title='bbox 1441 5561 1820 5625; x_wconf 85' lang='lat' dir='ltr'><strong>circumsessi;</strong></span> <span class='ocrx_word' id='word_1_743' title='bbox 1850 5561 2219 5630; x_wconf 82' lang='lat' dir='ltr'><strong>intelligamus</strong></span> 
     </span>
    </p>
   </div>
   <div class='ocr_carea' id='block_1_104' title="bbox 660 5647 2218 5719">
    <p class='ocr_par' dir='ltr' id='par_1_104' title="bbox 660 5647 2218 5719">
     <span class='ocr_line' id='line_1_105' title="bbox 660 5647 2218 5719; baseline 0.002 -18"><span class='ocrx_word' id='word_1_744' title='bbox 660 5647 713 5702; x_wconf 66' lang='lat' dir='ltr'><strong>in</strong></span> <span class='ocrx_word' id='word_1_745' title='bbox 763 5651 979 5717; x_wconf 81' lang='lat' dir='ltr'><strong>qualem</strong></span> <span class='ocrx_word' id='word_1_746' title='bbox 1033 5655 1414 5707; x_wconf 86' lang='lat' dir='ltr'><strong>necessitatem</strong></span> <span class='ocrx_word' id='word_1_747' title='bbox 1460 5668 1567 5706; x_wconf 91' lang='lat' dir='ltr'><strong>non</strong></span> <span class='ocrx_word' id='word_1_748' title='bbox 1621 5661 1813 5719; x_wconf 88' lang='lat' dir='ltr'><strong>sponte</strong></span> <span class='ocrx_word' id='word_1_749' title='bbox 1859 5655 2163 5707; x_wconf 85' lang='lat' dir='ltr'><strong>venerimus</strong></span> <span class='ocrx_word' id='word_1_750' title='bbox 2207 5671 2218 5704; x_wconf 88' lang='lat'><strong>:</strong></span> 
     </span>
    </p>
   </div>
   <div class='ocr_carea' id='block_1_105' title="bbox 732 5785 1205 5852">
    <p class='ocr_par' dir='ltr' id='par_1_105' title="bbox 732 5785 1205 5852">
     <span class='ocr_line' id='line_1_106' title="bbox 732 5785 1205 5852; baseline 0.013 -16"><span class='ocrx_word' id='word_1_751' title='bbox 732 5788 774 5815; x_wconf 72' lang='grc' dir='ltr'><strong>ω</strong></span> <span class='ocrx_word' id='word_1_752' title='bbox 805 5785 988 5844; x_wconf 73' lang='lat' dir='ltr'><strong>Matth.</strong></span> <span class='ocrx_word' id='word_1_753' title='bbox 1019 5805 1090 5852; x_wconf 78' lang='lat' dir='ltr'><strong>VI,</strong></span> <span class='ocrx_word' id='word_1_754' title='bbox 1121 5790 1205 5842; x_wconf 76' lang='grc' dir='ltr'><strong>ιο.</strong></span> 
     </span>
    </p>
   </div>
   <div class='ocr_carea' id='block_1_106' title="bbox 669 5857 1250 5923">
    <p class='ocr_par' dir='ltr' id='par_1_106' title="bbox 669 5857 1250 5923">
     <span class='ocr_line' id='line_1_107' title="bbox 669 5857 1250 5923; baseline 0.01 -16"><span class='ocrx_word' id='word_1_755' title='bbox 669 5871 724 5916; x_wconf 89' lang='grc' dir='ltr'>ιι,</span> <span class='ocrx_word' id='word_1_756' title='bbox 769 5857 817 5910; x_wconf 74' lang='grc' dir='ltr'>ι.</span> <span class='ocrx_word' id='word_1_757' title='bbox 895 5859 939 5891; x_wconf 80' lang='grc'>⁷⁸</span> <span class='ocrx_word' id='word_1_758' title='bbox 973 5859 1113 5914; x_wconf 83' lang='lat' dir='ltr'><strong>Psal.</strong></span> <span class='ocrx_word' id='word_1_759' title='bbox 1141 5861 1250 5923; x_wconf 82' lang='lat' dir='ltr'><strong>x,8.</strong></span> 
     </span>
    </p>
   </div>
   <div class='ocr_carea' id='block_1_107' title="bbox 1319 5790 1754 5850">
    <p class='ocr_par' dir='ltr' id='par_1_107' title="bbox 1319 5790 1754 5850">
     <span class='ocr_line' id='line_1_108' title="bbox 1319 5790 1754 5850; baseline -0.002 -9"><span class='ocrx_word' id='word_1_760' title='bbox 1319 5791 1363 5821; x_wconf 89' lang='grc'><strong>⁶⁶</strong></span> <span class='ocrx_word' id='word_1_761' title='bbox 1398 5790 1586 5843; x_wconf 70' lang='lat' dir='ltr'><strong>Matth.</strong></span> <span class='ocrx_word' id='word_1_762' title='bbox 1619 5807 1670 5850; x_wconf 71' lang='grc' dir='ltr'><strong>χ,</strong></span> <span class='ocrx_word' id='word_1_763' title='bbox 1705 5792 1754 5841; x_wconf 90' lang='grc'><strong>7.</strong></span> 
     </span>
    </p>
   </div>
   <div class='ocr_carea' id='block_1_108' title="bbox 1331 5858 2038 5918">
    <p class='ocr_par' dir='ltr' id='par_1_108' title="bbox 1331 5858 2038 5918">
     <span class='ocr_line' id='line_1_109' title="bbox 1331 5858 2038 5918; baseline 0.001 -6"><span class='ocrx_word' id='word_1_764' title='bbox 1331 5861 1372 5893; x_wconf 85' lang='grc'><strong>⁷¹</strong></span> <span class='ocrx_word' id='word_1_765' title='bbox 1404 5859 1590 5916; x_wconf 81' lang='lat' dir='ltr'><strong>Matth.</strong></span> <span class='ocrx_word' id='word_1_766' title='bbox 1625 5875 1803 5918; x_wconf 68' lang='lat' dir='ltr'><strong>xxvttt,</strong></span> <span class='ocrx_word' id='word_1_767' title='bbox 1849 5860 1929 5918; x_wconf 77' lang='lat' dir='ltr'><strong>I8,</strong></span> <span class='ocrx_word' id='word_1_768' title='bbox 1959 5858 2038 5913; x_wconf 79' lang='grc'><strong>19.</strong></span> 
     </span>
    </p>
   </div>
   <div class='ocr_carea' id='block_1_109' title="bbox 1836 5787 2341 5839">
    <p class='ocr_par' dir='ltr' id='par_1_109' title="bbox 1836 5787 2341 5839">
     <span class='ocr_line' id='line_1_110' title="bbox 1836 5787 2341 5839; baseline 0 0"><span class='ocrx_word' id='word_1_769' title='bbox 1836 5790 1876 5818; x_wconf 80' lang='grc'><strong>⁸⁷</strong></span> <span class='ocrx_word' id='word_1_770' title='bbox 1915 5787 2041 5839; x_wconf 75' lang='lat' dir='ltr'><strong>Luc.</strong></span> <span class='ocrx_word' id='word_1_771' title='bbox 2099 5804 2209 5839; x_wconf 70' lang='lat' dir='ltr'><strong>xu.</strong></span> <span class='ocrx_word' id='word_1_772' title='bbox 2251 5788 2341 5839; x_wconf 70' lang='lat'><strong>27.</strong></span> 
     </span>
    </p>
   </div>
   <div class='ocr_carea' id='block_1_110' title="bbox 2115 5828 2967 5921">
    <p class='ocr_par' dir='ltr' id='par_1_110' title="bbox 2115 5828 2967 5921">
     <span class='ocr_line' id='line_1_111' title="bbox 2115 5828 2967 5921; baseline -0.009 -11"><span class='ocrx_word' id='word_1_773' title='bbox 2115 5859 2157 5886; x_wconf 85' lang='lat'><strong>&quot;</strong></span> <span class='ocrx_word' id='word_1_774' title='bbox 2188 5828 2288 5911; x_wconf 52' lang='lat' dir='ltr'><strong>I’sa.</strong></span> <span class='ocrx_word' id='word_1_775' title='bbox 2315 5858 2454 5921; x_wconf 78' lang='lat' dir='ltr'><strong>tx,6.</strong></span> <span class='ocrx_word' id='word_1_776' title='bbox 2491 5853 2727 5906; x_wconf 71' lang='lat' dir='ltr'><strong>“Galat.</strong></span> <span class='ocrx_word' id='word_1_777' title='bbox 2770 5866 2848 5915; x_wconf 80' lang='grc' dir='ltr'>ιιι,</span> <span class='ocrx_word' id='word_1_778' title='bbox 2882 5849 2967 5905; x_wconf 65' lang='lat' dir='ltr'><strong>“l7.</strong></span> 
     </span>
    </p>
   </div>
   <div class='ocr_carea' id='block_1_111' title="bbox 2328 4641 3893 4712">
    <p class='ocr_par' dir='ltr' id='par_1_111' title="bbox 2328 4641 3893 4712">
     <span class='ocr_line' id='line_1_112' title="bbox 2328 4641 3893 4712; baseline -0.003 -14"><span class='ocrx_word' id='word_1_779' title='bbox 2328 4646 2540 4700; x_wconf 87' lang='lat' dir='ltr'><strong>Etenim</strong></span> <span class='ocrx_word' id='word_1_780' title='bbox 2573 4652 2630 4696; x_wconf 92' lang='lat' dir='ltr'><strong>ut</strong></span> <span class='ocrx_word' id='word_1_781' title='bbox 2664 4644 2827 4709; x_wconf 89' lang='lat' dir='ltr'><strong>Deus,</strong></span> <span class='ocrx_word' id='word_1_782' title='bbox 2860 4643 3133 4712; x_wconf 84' lang='lat' dir='ltr'><strong>quomodo</strong></span> <span class='ocrx_word' id='word_1_783' title='bbox 3172 4657 3384 4704; x_wconf 89' lang='lat' dir='ltr'><strong>eorum,</strong></span> <span class='ocrx_word' id='word_1_784' title='bbox 3431 4657 3551 4712; x_wconf 70' lang='lat' dir='ltr'><strong>qua:</strong></span> <span class='ocrx_word' id='word_1_785' title='bbox 3590 4641 3893 4694; x_wconf 87' lang='lat' dir='ltr'><strong>fabricatus</strong></span> 
     </span>
    </p>
   </div>
   <div class='ocr_carea' id='block_1_112' title="bbox 2326 4732 3892 4804">
    <p class='ocr_par' dir='ltr' id='par_1_112' title="bbox 2326 4732 3892 4804">
     <span class='ocr_line' id='line_1_113' title="bbox 2326 4732 3892 4804; baseline -0.006 -11"><span class='ocrx_word' id='word_1_786' title='bbox 2326 4747 2431 4801; x_wconf 91' lang='lat' dir='ltr'><strong>est,</strong></span> <span class='ocrx_word' id='word_1_787' title='bbox 2465 4752 2571 4790; x_wconf 88' lang='lat' dir='ltr'><strong>non</strong></span> <span class='ocrx_word' id='word_1_788' title='bbox 2617 4736 2844 4789; x_wconf 89' lang='lat' dir='ltr'><strong>habebat</strong></span> <span class='ocrx_word' id='word_1_789' title='bbox 2887 4734 3254 4804; x_wconf 82' lang='lat' dir='ltr'><strong>potestatein?</strong></span> <span class='ocrx_word' id='word_1_790' title='bbox 3287 4732 3392 4786; x_wconf 89' lang='lat' dir='ltr'><strong>Sed</strong></span> <span class='ocrx_word' id='word_1_791' title='bbox 3437 4740 3495 4785; x_wconf 90' lang='lat' dir='ltr'><strong>ut</strong></span> <span class='ocrx_word' id='word_1_792' title='bbox 3534 4732 3716 4796; x_wconf 91' lang='lat' dir='ltr'><strong>homo,</strong></span> <span class='ocrx_word' id='word_1_793' title='bbox 3761 4746 3892 4784; x_wconf 87' lang='lat' dir='ltr'><strong>cum</strong></span> 
     </span>
    </p>
   </div>
   <div class='ocr_carea' id='block_1_113' title="bbox 2327 4823 3893 4896">
    <p class='ocr_par' dir='ltr' id='par_1_113' title="bbox 2327 4823 3893 4896">
     <span class='ocr_line' id='line_1_114' title="bbox 2327 4823 3893 4896; baseline -0.006 -13"><span class='ocrx_word' id='word_1_794' title='bbox 2327 4845 2384 4884; x_wconf 87' lang='lat' dir='ltr'><strong>se</strong></span> <span class='ocrx_word' id='word_1_795' title='bbox 2406 4831 2595 4882; x_wconf 89' lang='lat' dir='ltr'><strong>volens</strong></span> <span class='ocrx_word' id='word_1_796' title='bbox 2620 4841 2718 4896; x_wconf 92' lang='lat' dir='ltr'><strong>pro</strong></span> <span class='ocrx_word' id='word_1_797' title='bbox 2742 4825 3114 4893; x_wconf 88' lang='lat' dir='ltr'><strong>redemptione</strong></span> <span class='ocrx_word' id='word_1_798' title='bbox 3140 4825 3192 4877; x_wconf 90' lang='lat' dir='ltr'><strong>in</strong></span> <span class='ocrx_word' id='word_1_799' title='bbox 3226 4823 3552 4877; x_wconf 86' lang='lat' dir='ltr'><strong>sacriﬁcium</strong></span> <span class='ocrx_word' id='word_1_800' title='bbox 3579 4823 3893 4885; x_wconf 79' lang='lat' dir='ltr'><strong>obtulisset,</strong></span> 
     </span>
    </p>
   </div>
   <div class='ocr_carea' id='block_1_114' title="bbox 2329 4915 3890 4986">
    <p class='ocr_par' dir='ltr' id='par_1_114' title="bbox 2329 4915 3890 4986">
     <span class='ocr_line' id='line_1_115' title="bbox 2329 4915 3890 4986; baseline -0.004 -14"><span class='ocrx_word' id='word_1_801' title='bbox 2329 4922 2397 4974; x_wconf 91' lang='lat' dir='ltr'><strong>ab</strong></span> <span class='ocrx_word' id='word_1_802' title='bbox 2432 4920 2545 4986; x_wconf 88' lang='lat' dir='ltr'><strong>ipsa</strong></span> <span class='ocrx_word' id='word_1_803' title='bbox 2576 4927 2765 4970; x_wconf 88' lang='lat' dir='ltr'><strong>natura</strong></span> <span class='ocrx_word' id='word_1_804' title='bbox 2798 4917 2981 4984; x_wconf 84' lang='lat' dir='ltr'><strong>aperis</strong></span> <span class='ocrx_word' id='word_1_805' title='bbox 3016 4916 3158 4984; x_wconf 90' lang='lat' dir='ltr'><strong>quod</strong></span> <span class='ocrx_word' id='word_1_806' title='bbox 3193 4915 3508 4984; x_wconf 85' lang='lat' dir='ltr'><strong>peragebat,</strong></span> <span class='ocrx_word' id='word_1_807' title='bbox 3559 4921 3890 4982; x_wconf 87' lang='lat' dir='ltr'><strong>potestatem</strong></span> 
     </span>
    </p>
   </div>
   <div class='ocr_carea' id='block_1_115' title="bbox 2327 5005 3898 5078">
    <p class='ocr_par' dir='ltr' id='par_1_115' title="bbox 2327 5005 3898 5078">
     <span class='ocr_line' id='line_1_116' title="bbox 2327 5005 3898 5078; baseline -0.004 -14"><span class='ocrx_word' id='word_1_808' title='bbox 2327 5012 2557 5078; x_wconf 88' lang='lat' dir='ltr'><strong>accepit.</strong></span> <span class='ocrx_word' id='word_1_809' title='bbox 2615 5008 2671 5060; x_wconf 88' lang='lat' dir='ltr'><strong>Si</strong></span> <span class='ocrx_word' id='word_1_810' title='bbox 2719 5009 2862 5060; x_wconf 91' lang='lat' dir='ltr'><strong>enim</strong></span> <span class='ocrx_word' id='word_1_811' title='bbox 2915 5008 3052 5059; x_wconf 91' lang='lat' dir='ltr'><strong>Deus</strong></span> <span class='ocrx_word' id='word_1_812' title='bbox 3111 5007 3163 5058; x_wconf 93' lang='lat' dir='ltr'><strong>in</strong></span> <span class='ocrx_word' id='word_1_813' title='bbox 3217 5006 3448 5074; x_wconf 89' lang='lat' dir='ltr'><strong>pretium</strong></span> <span class='ocrx_word' id='word_1_814' title='bbox 3501 5005 3898 5073; x_wconf 84' lang='lat' dir='ltr'><strong>redemptionis</strong></span> 
     </span>
    </p>
   </div>
   <div class='ocr_carea' id='block_1_116' title="bbox 2327 5096 3896 5168">
    <p class='ocr_par' dir='ltr' id='par_1_116' title="bbox 2327 5096 3896 5168">
     <span class='ocr_line' id='line_1_117' title="bbox 2327 5096 3896 5168; baseline -0.004 -12"><span class='ocrx_word' id='word_1_815' title='bbox 2327 5103 2606 5168; x_wconf 82' lang='lat' dir='ltr'><strong>impensus</strong></span> <span class='ocrx_word' id='word_1_816' title='bbox 2653 5108 2757 5162; x_wconf 90' lang='lat' dir='ltr'><strong>est,</strong></span> <span class='ocrx_word' id='word_1_817' title='bbox 2796 5105 2939 5164; x_wconf 90' lang='lat' dir='ltr'><strong>patet</strong></span> <span class='ocrx_word' id='word_1_818' title='bbox 2977 5113 3082 5151; x_wconf 92' lang='lat' dir='ltr'><strong>non</strong></span> <span class='ocrx_word' id='word_1_819' title='bbox 3121 5097 3291 5150; x_wconf 90' lang='lat' dir='ltr'><strong>fuisse</strong></span> <span class='ocrx_word' id='word_1_820' title='bbox 3327 5096 3494 5151; x_wconf 91' lang='lat' dir='ltr'><strong>ullum</strong></span> <span class='ocrx_word' id='word_1_821' title='bbox 3541 5097 3740 5148; x_wconf 91' lang='lat' dir='ltr'><strong>donum</strong></span> <span class='ocrx_word' id='word_1_822' title='bbox 3781 5097 3896 5150; x_wconf 89' lang='lat' dir='ltr'><strong>isto</strong></span> 
     </span>
    </p>
   </div>
   <div class='ocr_carea' id='block_1_117' title="bbox 2325 5187 3893 5260">
    <p class='ocr_par' dir='ltr' id='par_1_117' title="bbox 2325 5187 3893 5260">
     <span class='ocr_line' id='line_1_118' title="bbox 2325 5187 3893 5260; baseline -0.004 -15"><span class='ocrx_word' id='word_1_823' title='bbox 2325 5192 2694 5260; x_wconf 80' lang='lat' dir='ltr'><strong>praestantius,</strong></span> <span class='ocrx_word' id='word_1_824' title='bbox 2734 5189 2876 5257; x_wconf 89' lang='lat' dir='ltr'><strong>quod</strong></span> <span class='ocrx_word' id='word_1_825' title='bbox 2920 5188 2986 5240; x_wconf 88' lang='lat' dir='ltr'><strong>ad</strong></span> <span class='ocrx_word' id='word_1_826' title='bbox 3027 5187 3453 5242; x_wconf 85' lang='lat' dir='ltr'><strong>oblitterandum</strong></span> <span class='ocrx_word' id='word_1_827' title='bbox 3508 5187 3696 5240; x_wconf 85' lang='lat' dir='ltr'><strong>Adami</strong></span> <span class='ocrx_word' id='word_1_828' title='bbox 3746 5187 3893 5240; x_wconf 83' lang='lat' dir='ltr'><strong>deli-</strong></span> 
     </span>
    </p>
   </div>
   <div class='ocr_carea' id='block_1_118' title="bbox 2325 5280 3890 5347">
    <p class='ocr_par' dir='ltr' id='par_1_118' title="bbox 2325 5280 3890 5347">
     <span class='ocr_line' id='line_1_119' title="bbox 2325 5280 3890 5347; baseline -0.003 -10"><span class='ocrx_word' id='word_1_829' title='bbox 2325 5294 2473 5337; x_wconf 89' lang='lat' dir='ltr'><strong>ctum</strong></span> <span class='ocrx_word' id='word_1_830' title='bbox 2529 5283 2805 5335; x_wconf 88' lang='lat' dir='ltr'><strong>Divinitati</strong></span> <span class='ocrx_word' id='word_1_831' title='bbox 2842 5281 3151 5337; x_wconf 69' lang='lat' dir='ltr'><strong>offerretur.</strong></span> <span class='ocrx_word' id='word_1_832' title='bbox 3188 5280 3396 5347; x_wconf 85' lang='lat' dir='ltr'><strong>Lapsus</strong></span> <span class='ocrx_word' id='word_1_833' title='bbox 3431 5281 3573 5333; x_wconf 90' lang='lat' dir='ltr'><strong>enim</strong></span> <span class='ocrx_word' id='word_1_834' title='bbox 3620 5280 3890 5343; x_wconf 82' lang='lat' dir='ltr'><strong>Adamus,</strong></span> 
     </span>
    </p>
   </div>
   <div class='ocr_carea' id='block_1_119' title="bbox 2324 5371 3892 5442">
    <p class='ocr_par' dir='ltr' id='par_1_119' title="bbox 2324 5371 3892 5442">
     <span class='ocr_line' id='line_1_120' title="bbox 2324 5371 3892 5442; baseline -0.003 -15"><span class='ocrx_word' id='word_1_835' title='bbox 2324 5374 2647 5442; x_wconf 77' lang='lat' dir='ltr'><strong>intelligibili</strong></span> <span class='ocrx_word' id='word_1_836' title='bbox 2699 5371 2791 5426; x_wconf 88' lang='lat' dir='ltr'><strong>Dei</strong></span> <span class='ocrx_word' id='word_1_837' title='bbox 2838 5376 3011 5437; x_wconf 78' lang='lat' dir='ltr'><strong>gratia</strong></span> <span class='ocrx_word' id='word_1_838' title='bbox 3063 5387 3166 5438; x_wconf 90' lang='lat' dir='ltr'><strong>qua</strong></span> <span class='ocrx_word' id='word_1_839' title='bbox 3215 5371 3516 5433; x_wconf 87' lang='lat' dir='ltr'><strong>fruebatur,</strong></span> <span class='ocrx_word' id='word_1_840' title='bbox 3556 5380 3750 5425; x_wconf 77' lang='lat' dir='ltr'><strong>exutus</strong></span> <span class='ocrx_word' id='word_1_841' title='bbox 3780 5379 3892 5432; x_wconf 88' lang='lat' dir='ltr'><strong>est,</strong></span> 
     </span>
    </p>
   </div>
   <div class='ocr_carea' id='block_1_120' title="bbox 2323 5462 3895 5534">
    <p class='ocr_par' dir='ltr' id='par_1_120' title="bbox 2323 5462 3895 5534">
     <span class='ocr_line' id='line_1_121' title="bbox 2323 5462 3895 5534; baseline -0.001 -17"><span class='ocrx_word' id='word_1_842' title='bbox 2323 5482 2484 5534; x_wconf 89' lang='lat' dir='ltr'><strong>quam</strong></span> <span class='ocrx_word' id='word_1_843' title='bbox 2523 5480 2665 5517; x_wconf 87' lang='lat' dir='ltr'><strong>nunc</strong></span> <span class='ocrx_word' id='word_1_844' title='bbox 2695 5464 2920 5518; x_wconf 88' lang='lat' dir='ltr'><strong>salutari</strong></span> <span class='ocrx_word' id='word_1_845' title='bbox 2966 5462 3222 5531; x_wconf 84' lang='lat' dir='ltr'><strong>perfusus</strong></span> <span class='ocrx_word' id='word_1_846' title='bbox 3261 5463 3665 5532; x_wconf 88' lang='lat' dir='ltr'><strong>unda&#39;quilibet</strong></span> <span class='ocrx_word' id='word_1_847' title='bbox 3699 5479 3895 5517; x_wconf 83' lang='lat' dir='ltr'><strong>l-‘UI‘StIS</strong></span> 
     </span>
    </p>
   </div>
   <div class='ocr_carea' id='block_1_121' title="bbox 2326 5553 3894 5622">
    <p class='ocr_par' dir='ltr' id='par_1_121' title="bbox 2326 5553 3894 5622">
     <span class='ocr_line' id='line_1_122' title="bbox 2326 5553 3894 5622; baseline -0.003 -13"><span class='ocrx_word' id='word_1_848' title='bbox 2326 5557 2522 5610; x_wconf 88' lang='lat' dir='ltr'><strong>induit.</strong></span> <span class='ocrx_word' id='word_1_849' title='bbox 2575 5555 2704 5606; x_wconf 85' lang='lat' dir='ltr'><strong>Nam</strong></span> <span class='ocrx_word' id='word_1_850' title='bbox 2754 5554 3048 5622; x_wconf 84' lang='lat' dir='ltr'><strong>quicunque</strong></span> <span class='ocrx_word' id='word_1_851' title='bbox 3099 5557 3149 5607; x_wconf 87' lang='lat' dir='ltr'><strong>in</strong></span> <span class='ocrx_word' id='word_1_852' title='bbox 3191 5554 3403 5608; x_wconf 85' lang='lat' dir='ltr'><strong>Christo</strong></span> <span class='ocrx_word' id='word_1_853' title='bbox 3451 5553 3708 5621; x_wconf 74' lang='lat' dir='ltr'><strong>baptizali</strong></span> <span class='ocrx_word' id='word_1_854' title='bbox 3745 5567 3894 5614; x_wconf 83' lang='lat' dir='ltr'><strong>sunt,</strong></span> 
     </span>
    </p>
   </div>
   <div class='ocr_carea' id='block_1_122' title="bbox 2336 5647 3003 5707">
    <p class='ocr_par' dir='ltr' id='par_1_122' title="bbox 2336 5647 3003 5707">
     <span class='ocr_line' id='line_1_123' title="bbox 2336 5647 3003 5707; baseline -0.004 -5"><span class='ocrx_word' id='word_1_855' title='bbox 2336 5652 2602 5707; x_wconf 77' lang='lat' dir='ltr'><strong>Christum</strong></span> <span class='ocrx_word' id='word_1_856' title='bbox 2637 5647 2916 5698; x_wconf 82' lang='lat' dir='ltr'><strong>induerunt</strong></span> <span class='ocrx_word' id='word_1_857' title='bbox 2943 5647 3003 5699; x_wconf 83' lang='grc'><strong>⁷³.</strong></span> 
     </span>
    </p>
   </div>
   <div class='ocr_carea' id='block_1_123' title="bbox 2419 5775 3900 5840">
    <p class='ocr_par' dir='ltr' id='par_1_123' title="bbox 2419 5775 3900 5840">
     <span class='ocr_line' id='line_1_124' title="bbox 2419 5775 3900 5840; baseline 0.002 -8"><span class='ocrx_word' id='word_1_858' title='bbox 2419 5786 2462 5816; x_wconf 70' lang='grc' dir='ltr'><strong>σο</strong></span> <span class='ocrx_word' id='word_1_859' title='bbox 2501 5782 2656 5833; x_wconf 85' lang='lat' dir='ltr'><strong>.Ioan.</strong></span> <span class='ocrx_word' id='word_1_860' title='bbox 2697 5781 2842 5840; x_wconf 71' lang='lat'><strong>1,12.</strong></span> <span class='ocrx_word' id='word_1_861' title='bbox 2885 5784 2927 5813; x_wconf 68' lang='lat'><strong>‘9</strong></span> <span class='ocrx_word' id='word_1_862' title='bbox 2961 5780 3101 5834; x_wconf 84' lang='lat' dir='ltr'><strong>I’sal.</strong></span> <span class='ocrx_word' id='word_1_863' title='bbox 3140 5797 3242 5834; x_wconf 69' lang='grc' dir='ltr'><strong>ιιι</strong></span> <span class='ocrx_word' id='word_1_864' title='bbox 3290 5795 3437 5838; x_wconf 68' lang='lat' dir='ltr'><strong>tvm,</strong></span> <span class='ocrx_word' id='word_1_865' title='bbox 3468 5780 3532 5833; x_wconf 71' lang='grc' dir='ltr'>ιο</span> <span class='ocrx_word' id='word_1_866' title='bbox 3609 5778 3672 5807; x_wconf 82' lang='grc'><strong>⁶⁹³</strong></span> <span class='ocrx_word' id='word_1_867' title='bbox 3713 5775 3900 5835; x_wconf 72' lang='grc' dir='ltr'>ΙΤιιιι.</span> 
     </span>
    </p>
   </div>
  </div>
