4128 6338
176 449 267 515 381

1533 462 1815 523 ORATIO
1852 464 2010 529 XIV.

3293 467 3398 530 382

237 565 422 631 Itaque
469 561 708 614 humana
747 574 867 630 quae
911 562 1245 628 sentiuntur,
1291 579 1730 640 cernunturque,
1761 571 1805 628 A
1838 573 2072 627 breviter
2122 574 2321 638 dicam,
2381 576 2588 629 frustra
2634 573 2935 630 Christiani
2993 588 3188 629 nomen
3241 579 3399 643 gerit,

176 656 534 710 humanorum
586 667 708 720 quas
766 661 975 707 tantum
1025 655 1421 727 intelliguntur,
1480 675 1579 714 nec
1630 661 1733 713 sub

172 745 357 802 oculos
397 743 648 808 veniunt,
693 745 880 800 forma:
914 757 967 800 et
1005 750 1273 819 imagines
1306 753 1552 820 quaedam
1587 760 1733 805 sunt.

173 835 413 902 Exempli
445 849 639 901 causa,
671 837 835 892 homo
865 841 1107 894 nascitur
1137 842 1339 904 nudus,
1371 856 1505 909 puer
1530 841 1731 902 infans,

172 927 256 994 qui
309 925 458 978 nulla
505 941 563 980 re
605 936 780 983 semet
820 929 1015 998 iuvare
1055 941 1255 1002 potest,
1299 932 1543 1000 quandiu
1577 932 1736 985 .lacte

173 1027 414 1071 materno
443 1017 626 1084 alitur,
654 1020 720 1073 ab
750 1034 811 1074 ea
838 1023 952 1076 sola
979 1031 1206 1076 curatur
1235 1039 1250 1077 :
1289 1033 1374 1077 ast
1403 1023 1494 1076 ubi
1524 1024 1736 1076 ratione

166 1108 269 1173 jam
302 1104 404 1165 uti,
447 1114 500 1158 et
544 1105 781 1173 institui,
824 1123 888 1163 ac
931 1110 1195 1179 proﬁcere
1224 1112 1474 1179 coeperit,
1510 1119 1565 1164 ut
1600 1112 1734 1165 sibi-

174 1203 274 1249 met
323 1211 482 1266 opem
537 1199 684 1254 ferre
731 1210 918 1270 queat,
962 1210 1075 1256 tum
1116 1203 1376 1256 nimirum
1409 1218 1654 1272 quaerere
1683 1211 1736 1257 et

175 1297 365 1352 rogare
395 1293 595 1354 potest.
631 1289 747 1341 Pari
783 1291 944 1344 modo
976 1292 1157 1344 anima
1183 1293 1330 1346 omni
1361 1295 1562 1346 virtute
1589 1295 1732 1344 nuda

172 1385 383 1429 creatur
425 1395 438 1430 :
495 1393 727 1448 cumque
774 1381 838 1433 ad
891 1385 1358 1450 regenerationem
1417 1384 1732 1447 accesserit,

172 1465 441 1521 Christum
473 1471 666 1535 induit,
696 1486 722 1524 a
749 1471 969 1526 Christo
996 1476 1261 1536 nutritur,
1288 1475 1556 1538 eruditur,
1587 1491 1735 1541 qua:-

170 1572 285 1613 rere
327 1569 384 1614 et
428 1575 620 1627 rogare
661 1562 848 1617 discit.
899 1563 1104 1619 Exinde
1150 1566 1254 1619 nisi
1296 1575 1468 1634 roget,
1513 1566 1648 1619 nihil
1685 1566 1732 1620 ei

171 1645 420 1702 Christus
462 1650 714 1716 largitur.
759 1651 989 1720 Rogabit
1030 1669 1158 1708 vero
1191 1657 1579 1710 conducibilia.
1610 1655 1732 1708 Pri-

170 1752 311 1791 mum
368 1741 589 1808 quidem
646 1743 856 1807 lumen,
913 1755 968 1799 ut
1024 1747 1224 1802 videat.
1285 1747 1499 1804 Videbit
1552 1757 1730 1802 autem

172 1843 382 1880 omnem
422 1829 473 1881 in
508 1831 690 1899 seipsa
722 1833 1022 1897 miseriam,
1049 1836 1306 1905 illicoque
1340 1837 1730 1902 humiliabitur,

1837 667 1925 732 qui
1976 669 2029 718 in
2075 667 2353 736 agnitione
2399 667 2526 722 Jesu
2560 669 3002 722 communionem
3040 681 3162 720 cum
3193 681 3259 719 eo
3289 682 3396 719 nou

1839 757 2020 811 habet.
2052 758 2196 812 Talis
2259 774 2422 828 porro
2462 775 2527 814 ex
2573 759 2905 814 conﬁdentia
2938 767 2992 812 et
3027 758 3256 810 audacia
3299 757 3398 809 ad-

1841 861 2030 900 versus
2061 848 2240 901 divina
2280 858 2332 902 et
2371 864 2547 912 sacra,
2588 865 2653 903 ex
2704 847 2970 903 iracundo
2997 857 3050 902 et
3084 846 3396 915 przefracto,

1839 935 2225 1004 arrogantique
2283 937 2503 1001 animo;
2557 938 2829 1007 quomodo
2883 939 3023 991 alius
3081 945 3272 991 contra
3331 950 3398 989 ex

1840 1025 2143 1079 reverentia
2189 1033 2242 1079 et
2288 1027 2484 1094 pietate
2535 1044 2660 1096 erga
2706 1045 2793 1083 res
2837 1028 3048 1082 divinas
3087 1037 3140 1082 et
3186 1040 3396 1086 sacras,

1840 1117 1966 1169 item
2006 1131 2071 1169 ex
2110 1131 2321 1169 summa
2361 1132 2570 1171 morum
2613 1119 2899 1184 suavitate,
2961 1126 3014 1173 et
3054 1117 3221 1172 animi
3264 1115 3395 1170 sub-

1841 1207 2105 1260 missione
2137 1207 2505 1274 cognoscitur.
2556 1207 2687 1260 Nam
2720 1219 2778 1260 ut
2820 1208 2909 1261 ille
2940 1209 3136 1272 nescit,
3169 1208 3250 1262 sic
3294 1208 3396 1259 iste

1839 1298 2012 1360 novit,
2050 1299 2185 1351 nihil
2233 1313 2292 1352 se
2333 1297 2531 1352 fecisse
2574 1298 2862 1361 laudabile,
2907 1300 3008 1353 nisi
3053 1300 3104 1352 in
3147 1312 3398 1353 commu-

1840 1392 2002 1444 nione
2043 1389 2171 1443 boni
2205 1387 2356 1452 Jesu,
2392 1389 2485 1456 qui
2528 1403 2698 1456 usque
2729 1402 2792 1440 eo
2834 1403 2893 1441 se
2937 1390 3091 1441 nobis
3133 1397 3396 1455 attempe-

1840 1479 1997 1542 ravit,
2050 1487 2108 1530 ut
2151 1476 2380 1530 fortnam
2425 1483 2587 1544 atque
2632 1476 2990 1529 substantiam
3033 1477 3206 1531 nostri
3243 1476 3396 1530 simi-

1839 1568 1942 1620 lem
1984 1567 2035 1618 in
2071 1581 2128 1618 se
2163 1573 2501 1632 capesseret,
2536 1573 2592 1616 ut
2623 1579 2717 1631 per
2748 1563 3123 1631 cognationem
3157 1579 3397 1617 commu-

1838 1657 2166 1723 nionemque
2198 1668 2322 1706 cum
2349 1667 2433 1717 eo,
2464 1653 2589 1706 vita:
2627 1651 2893 1704 rationem
2929 1649 3133 1703 homini
3169 1664 3394 1720 respono

1837 1748 2052 1802 dentem
2084 1746 2447 1799 inveniamus.

1910 1842 2049 1894 Sunt
2073 1854 2204 1892 vero
2237 1838 2326 1907 qui
2355 1838 2406 1891 in
2439 1839 2597 1894 terris
2625 1839 2787 1893 etiam
2812 1847 2867 1891 et
2898 1837 2948 1890 in
2978 1851 3208 1905 corpore
3234 1850 3396 1904 ange-

169 1924 218 1969 et
245 1917 522 1970 humiliata
549 1931 922 1984 mansuescet,
956 1924 1327 1979 mansuefacta
1373 1926 1486 1978 vias
1516 1925 1728 1978 Domini
1767 1909 1806 1963 Β
1839 1931 1972 1983 licos
2015 1945 2196 1983 mores
2232 1930 2577 1992 mmulantur,
2623 1943 2747 1981 cum
2799 1929 3016 1997 penitus
3055 1937 3166 1981 tota
3201 1927 3396 1980 animm

169 2021 196 2060 a
237 2007 465 2061 Domino
496 2012 721 2078 mystice
752 2013 1037 2067 docebitur
1070 2032 1082 2068 :
1121 2015 1406 2080 Quimites
1439 2016 1588 2067 docet
1616 2019 1728 2068 vias

164 2115 286 2153 suas
312 2097 379 2153 ⁷⁸.
411 2101 554 2154 Sane
587 2103 676 2170 qui
709 2104 863 2172 prius
889 2105 1120 2172 gratiam
1145 2106 1348 2159 Christi
1388 2119 1496 2158 non
1530 2105 1729 2167 induit,

165 2199 326 2259 atque
384 2193 458 2245 ita
517 2193 582 2245 ad
634 2193 823 2260 vitam,
876 2205 1167 2264 moresque
1217 2196 1562 2249 Christianos
1610 2210 1732 2250 sese

166 2279 275 2342 dat,
321 2296 542 2348 operam
576 2285 772 2353 perdit.
810 2286 1160 2355 Quaecunque
1193 2287 1337 2340 enim
1378 2286 1515 2338 mala
1547 2294 1730 2354 pertu-

165 2371 305 2436 lerit,
342 2383 435 2426 aut
468 2375 606 2428 bona
642 2376 835 2444 egerit,
873 2378 1114 2430 nondum
1165 2377 1368 2430 Christi
1424 2376 1594 2444 gratia
1638 2391 1730 2430 ve-

165 2461 343 2526 Stitus,
369 2467 574 2520 nullam
604 2466 728 2522 inde
755 2468 1038 2521 utilitatem
1065 2469 1386 2536 reportabit,
1415 2475 1640 2536 perinde
1671 2475 1729 2520 ut

165 2551 330 2608 Judzci
372 2566 425 2609 et
460 2557 664 2614 ethnici
702 2557 868 2613 Deum
907 2559 1214 2612 nescientes
1253 2575 1268 2614 :
1312 2558 1576 2626 siquidem
1617 2573 1724 2610 non

163 2657 238 2702 est
277 2647 330 2700 in
377 2647 511 2701 orbe
548 2657 819 2701 terrarum
853 2649 1138 2718 quisquam
1181 2650 1316 2703 adeo
1357 2649 1582 2718 impius,
1627 2649 1723 2717 qui

166 2754 436 2808 nunquam
485 2740 689 2808 aliquid
736 2754 859 2792 cum
891 2741 1093 2795 virtute
1123 2740 1476 2809 coniunctum
1513 2749 1723 2793 naturas

165 2831 376 2883 hortatu
407 2829 667 2884 eiTecerit.
699 2830 860 2885 Prius
890 2831 1056 2899 igitur
1079 2832 1544 2894 contendendum,
1578 2830 1722 2900 quod

164 2935 321 2988 supra
368 2921 680 2982 docuimus,
719 2929 779 2973 ut
814 2937 908 2989 per
949 2923 1136 2984 ﬁdem,
1187 2938 1283 2990 per
1324 2923 1722 2990 paenitentiam,

169 3025 258 3075 per
290 3009 700 3077 impositionem
734 3024 952 3062 manum
1003 3011 1306 3080 presbyteri
1346 3013 1574 3080 gratiam
1609 3012 1725 3064 adi-

164 3097 398 3165 spiscare
441 3115 455 3151 :
511 3098 631 3152 sine
666 3098 863 3166 quibus
890 3099 953 3153 ad
984 3114 1099 3164 eos,
1136 3101 1224 3168 qui
1261 3102 1430 3170 ipsam
1473 3109 1594 3169 post
1631 3100 1727 3154 ba-

164 3193 416 3260 ptismum
463 3193 784 3257 amiserunt,
820 3208 926 3246 non
975 3194 1238 3248 reveniat.
1284 3194 1437 3257 Quod
1477 3195 1518 3247 si
1560 3195 1724 3247 etiam

163 3285 294 3337 citra
327 3299 587 3337 manuum
627 3285 1026 3352 impositionem
1071 3286 1123 3338 in
1151 3285 1360 3354 aliquos
1394 3287 1557 3348 venit,
1581 3297 1727 3341 certe

165 3389 350 3426 eorum
384 3375 617 3441 exiguus
651 3380 732 3428 est
762 3389 1045 3439 numerus,
1078 3376 1186 3429 duo
1210 3385 1299 3428 aut
1331 3387 1441 3430 tres
1475 3376 1723 3438 forsitan,

163 3471 212 3519 et
253 3467 452 3517 raritas
479 3465 665 3532 {legem
711 3463 969 3518 Ecclesia:
1015 3480 1120 3517 non
1167 3466 1412 3532 praeﬁgit.
1446 3465 1554 3521 Nec
1591 3480 1722 3535 pec-

163 3571 310 3610 casse
331 3558 545 3623 itaque,
568 3569 666 3608 nec
690 3569 916 3622 peccare
932 3565 1212 3623 peccatum
1238 3567 1317 3610 est
1341 3558 1724 3624 :quemadmo—

161 3645 282 3698 dum
309 3659 408 3700 nec
440 3660 584 3698 casco
613 3653 705 3698 ant
725 3643 1016 3698 oﬂendisse
1042 3646 1228 3711 pedem
1260 3646 1604 3708 ambulando,
1628 3654 1724 3700 aut

162 3738 429 3793 uiiendere
449 3737 663 3791 cmcitas
689 3745 904 3801 est,nec
923 3745 1124 3806 aegroto
1148 3738 1368 3792 morbus
1389 3737 1492 3790 cibi
1520 3747 1723 3791 stoma-

164 3830 262 3884 cho
288 3829 537 3882 nocentis
561 3829 820 3897 appetitio
845 3846 857 3881 :
885 3828 978 3882 sed
1004 3842 1109 3882 non
1137 3829 1460 3897 participare
1482 3828 1719 3882 divinam

165 3930 408 3973 naturam
438 3920 579 3989 ejus,
605 3922 696 3989 qui
721 3934 816 3989 pro
843 3919 999 3973 nobis
1033 3919 1085 3972 in
1115 3935 1276 3974 cruce
1301 3920 1554 3989 pependit
1577 3918 1719 3973 Deus

161 4011 313 4065 Jesus
333 4012 610 4073 Christus,
635 4012 738 4066 hoc
760 4021 1038 4080 peccatum
1069 4020 1170 4067 est.
1199 4010 1295 4065 Est
1316 4013 1456 4066 enim
1493 4010 1717 4064 nimium

163 4112 416 4170 quantum
469 4101 703 4166 diﬁicile,
742 4111 903 4170 atque
942 4101 1073 4156 adeo
1113 4100 1472 4170 impossibile,
1513 4108 1569 4152 ιιι
1608 4115 1717 4153 ηοη

163 4198 365 4257 peccet,
419 4191 512 4257 qui
562 4204 683 4243 cum
729 4189 854 4243 Jesu
899 4189 1336 4242 communionem
1379 4204 1486 4241 non
1533 4189 1717 4243 habet.

164 4280 281 4334 llaec
311 4283 474 4336 eti-“Im
503 4281 715 4348 justitia
740 4289 846 4345 est,
875 4283 1201 4350 participare
1228 4288 1282 4334 ot
1312 4283 1719 4336 communicare

160 4385 278 4431 cum
302 4371 454 4426 Jesu.
482 4372 616 4424 Cum
647 4372 749 4424 hoc
776 4373 868 4439 qui
894 4387 1000 4425 non
1030 4373 1412 4438 communicat,
1440 4389 1718 4444 nunquam

162 4481 186 4514 ιι
226 4473 448 4531 peccato
495 4465 868 4518 mundahitur.
895 4465 1338 4519 Communicanti
1375 4474 1557 4521 autem
1593 4482 1718 4520 cum

160 4567 241 4617 eo,
285 4566 569 4623 peccatum
614 4572 721 4611 non
760 4557 1153 4611 dominabitur.
1201 4557 1258 4609 In
1313 4557 1428 4622 ipso
1461 4558 1604 4611 enim
1637 4559 1718 4611 vi-
1755 4574 1798 4628 ι)

159 4657 305 4708 vttnt,
363 4659 652 4702 moventur
699 4659 752 4702 et
804 4654 930 4703 sunt
974 4647 1273 4702 ChriSIiaui
1304 4648 1370 4701 ".
1427 4651 1607 4718 Atque
1659 4657 1720 4701 ut

225 4830 267 4858 ’ἲ
290 4831 433 4881 ΡμειΙ,
491 4844 638 4893 xxiv,
701 4828 754 4882 9.
829 4829 874 4862 ⁷⁸
915 4829 1037 4883 Act.
1083 4845 1212 4892 XVII,
1252 4826 1343 4882 28.

228 5033 300 5105 (35)
335 5034 514 5105 Cocus
558 5034 800 5089 lubricus
843 5050 1185 5103 censuraque
1237 5035 1458 5105 dignus,
1499 5036 1713 5092 videtur

162 5103 300 5173 enim
345 5102 565 5173 Simeon
608 5105 944 5173 existimare,
988 5102 1205 5173 peccata
1252 5102 1321 5158 ab
1366 5106 1585 5159 homine
1623 5119 1718 5173 per

167 5170 393 5242 liberum
425 5171 712 5242 arbitrium
742 5187 848 5225 non
891 5170 1181 5237 committi,
1213 5175 1305 5229 sed
1340 5178 1519 5242 potius
1549 5189 1580 5228 a
1609 5170 1716 5229 dw-

165 5255 316 5313 tunne
359 5239 412 5291 in
471 5240 691 5292 homine
736 5249 789 5294 et
841 5257 934 5309 per
985 5239 1578 5313 hominem,tanquatn
1622 5258 1719 5313 per

165 5309 584 5378 instrumentum
619 5320 910 5374 operante;
947 5312 1088 5378 quod
1118 5315 1253 5364 adeo
1290 5309 1484 5367 falsum
1518 5309 1638 5376 εει,’
1656 5321 1716 5365 ιιι

168 5378 368 5450 peccati
414 5376 556 5450 ratio
597 5378 740 5450 nulla
775 5376 986 5450 ratione
1018 5381 1320 5435 subsistere
1359 5382 1572 5450 possit;
1608 5382 1711 5434 nisi

168 5459 191 5495 a
224 5447 391 5499 libero
424 5445 656 5517 arbitrio
685 5447 980 5517 procedat;
1013 5464 1186 5516 neque
1215 5459 1298 5504 est
1327 5445 1433 5503 ulla
1461 5445 1709 5517 respue-

174 5525 242 5586 ter
271 5517 446 5583 ipsum
468 5515 754 5586 hominem
791 5516 882 5582 qui
929 5515 1149 5582 peccat;
1206 5535 1322 5586 ῳιεε
1371 5515 1707 5572 voluntatem

165 5582 364 5656 direCte
412 5585 480 5637 ad
526 5594 807 5656 peccatum
853 5598 1070 5656 movere
1114 5594 1168 5638 et
1209 5582 1475 5642 inclinare
1521 5597 1706 5656 queat,

163 5654 314 5708 docet
341 5662 568 5708 sanctus
593 5652 850 5727 Thomas,
879 5652 992 5727 1-2,
1020 5658 1326 5727 quaest.80,
1351 5667 1454 5711 art.
1479 5652 1707 5727 2flndi7

164 5734 301 5778 recte
341 5734 521 5777 tamen
555 5729 735 5791 potest
771 5723 1004 5775 et'solet
1050 5724 1300 5780 diabolus
1343 5728 1598 5782 inducere
1644 5725 1706 5778 ad

163 5791 224 5861 ad
260 5803 575 5861 peccatum;
612 5793 690 5845 vel
728 5794 1080 5858 proponendo
1108 5803 1157 5844 et
1197 5795 1506 5858 obiiciendo
1543 5806 1709 5848 matc-

169 5859 314 5926 riant,
363 5879 466 5932 qua
510 5863 626 5934 quis
671 5862 732 5916 ad
778 5870 1056 5931 percatum
1102 5863 1357 5929 allicitnr,
1398 5868 1476 5920 vel
1513 5879 1708 5932 sugge-

1417 4827 1462 4858 τ·
1499 4828 1678 4882 Galat.
1713 4842 1775 4894 ιι,
1810 4826 1902 4883 ao.

1835 2019 1888 2073 et
1931 2020 2180 2086 corporis
2231 2027 2421 2071 natura
2461 2018 2617 2072 Jesus
2667 2017 3092 2073 communicanti
3132 2015 3234 2070 sibi
3274 2030 3392 2080 per-

1835 2109 2034 2163 mistus
2069 2107 2253 2172 fuerit,
2287 2117 2340 2160 et
2369 2121 2492 2160 cum
2528 2122 2590 2161 eo
2617 2122 2784 2160 unum
2818 2109 3075 2172 evaserit,
3105 2118 3162 2160 ut
3198 2107 3392 2176 hujus-

1834 2201 1988 2254 modi.
2017 2201 2179 2254 homo
2209 2198 2381 2268 possit
2413 2213 2675 2268 usurpare
2707 2198 2839 2251 illud
2871 2217 2884 2251 :
2929 2198 3053 2251 Vivo
3086 2209 3256 2251 autem
3273 2199 3392 2265 jam

1834 2303 1936 2340 non
1980 2303 2090 2355 ego,
2128 2285 2251 2340 vivit
2295 2301 2411 2339 vero
2455 2286 2509 2337 in
2547 2302 2627 2339 me
2663 2285 2902 2339 Christus
2929 2287 2995 2338 "'.
3043 2287 3156 2339 Duo
3195 2287 3396 2353 quippe

1833 2383 1960 2428 sunt
1991 2376 2128 2428 citra
2160 2373 2534 2429 confusionem
2566 2375 2719 2429 unita
2751 2393 2765 2429 :
2795 2375 3183 2444 disiunguntur
3213 2383 3391 2429 autem

1830 2465 2144 2532 aliquando,
2174 2465 2335 2533 idque
2381 2465 2434 2519 in
2481 2465 2636 2520 nobis
2684 2465 2834 2533 ipsis,
2863 2475 2915 2519 et
2953 2481 3016 2520 ea
3057 2465 3294 2520 carnalia
3328 2480 3391 2518 ac

1829 2555 2129 2626 spiritualia
2168 2557 2462 2610 dicuntur:
2506 2557 2730 2625 quando
2753 2559 2892 2610 idem
2921 2557 3080 2609 homo
3119 2556 3387 2610 interdum

1827 2648 2105 2710 carnalia,
2164 2646 2432 2702 interdum
2498 2646 2803 2716 spiritualia
2881 2647 3044 2716 sapit.
3123 2647 3222 2711 Qui
3290 2647 3391 2716 ig’-

1827 2745 1916 2789 tur
1964 2738 2261 2807 spiritualia
2314 2738 2474 2807 sapit,
2505 2747 2560 2792 et
2610 2739 2745 2807 agit,
2783 2737 2959 2791 ﬁdelis
2993 2746 3098 2799 est,
3130 2745 3182 2790 et
3219 2739 3390 2791 nomi-

1829 2837 2011 2892 natur;
2038 2828 2141 2882 nisi
2167 2829 2310 2882 enim
2332 2829 2382 2880 in
2407 2829 2585 2896 seipso
2607 2830 2834 2897 gratiam
2863 2828 3196 2881 sanctissimi
3226 2827 3392 2895 Spiri-

1826 2923 1918 2971 tus
1950 2918 2191 2980 haberet,
2221 2917 2323 2971 sibi
2349 2917 2632 2977 creditam,
2661 2917 3043 2985 spiritualibns
3074 2932 3177 2969 non
3205 2917 3392 2985 funge-

1830 3015 1996 3062 retur.
2024 3007 2125 3072 Qui
2157 3016 2336 3062 autem
2374 3023 2492 3077 quze
2524 3009 2673 3061 carni
2707 3008 2885 3061 aﬂinia
2915 3018 3039 3063 sunt
3071 3018 3124 3061 et
3151 3009 3311 3077 sapit,
3339 3018 3390 3060 et

1832 3099 1960 3166 agit,
1993 3097 2246 3162 inﬁdelis,
2280 3109 2330 3152 et
2359 3096 2558 3152 nullius
2583 3097 2736 3167 pretii
2768 3106 2873 3152 est.
2901 3099 3049 3163 Quod
3078 3098 3184 3152 nisi
3210 3100 3281 3150 ita
3309 3113 3394 3151 cs-

1831 3198 1934 3252 set,
1953 3205 2232 3260 nunquam
2258 3205 2460 3245 vacuus
2477 3191 2650 3260 gratia
2675 3190 2876 3244 Christi
2896 3199 2946 3244 et
2965 3191 3162 3246 diaboli
3183 3191 3392 3260 patiens

1838 3282 2114 3345 incursus,
2174 3283 2415 3336 carnalia
2469 3290 2790 3349 operaretur
2835 3297 2849 3334 :
2903 3283 3028 3352 quia
3079 3283 3257 3336 omnis
3297 3282 3390 3349 qui

1836 3373 1966 3426 facit
1998 3373 2221 3437 malum,
2257 3388 2323 3426 ex
2370 3371 2604 3442 maligno
2644 3381 2726 3426 est
2747 3372 2816 3426 ⁷⁷.
2857 3373 3068 3427 Idcirco
3113 3373 3205 3440 qni
3254 3373 3393 3424 male

1834 3471 2026 3531 agunt,
2073 3477 2168 3518 eos
2215 3471 2426 3518 certum
2472 3470 2555 3516 est
2604 3476 2633 3514 a
2665 3462 3007 3517 daemonibus
3039 3462 3266 3529 itltpt'lli,
3297 3463 3392 3512 ha-

1831 3554 2022 3609 bentes
2053 3555 2312 3623 nequitias
2347 3557 2673 3626 principem,
2723 3557 2813 3626 qui
2857 3557 2910 3609 in
2967 3553 3098 3622 ipsis
3148 3553 3392 3606 habitare

1831 3647 2202 3715 cognoscitur.
2232 3649 2441 3702 Etenim
2478 3650 2705 3718 spiritus
2739 3662 2971 3716 nequam
3005 3653 3060 3700 et
3095 3644 3394 3711 intelligen-

1830 3739 1916 3792 tiae
1970 3747 2134 3792 notus
2180 3748 2287 3804 est,
2344 3741 2437 3809 qui
2480 3741 2753 3805 inﬁdeles,
2810 3749 2862 3793 et
2918 3754 2946 3792 a
2994 3738 3172 3791 divina
3220 3735 3390 3805 gratia

1831 3831 2081 3885 desertos
2113 3831 2475 3898 spiritualiter
2515 3830 2680 3884 sinat.
2718 3830 2981 3894 Quocirca
3016 3827 3226 3882 ratione
3258 3841 3392 3894 pra:-

1829 3921 1950 3983 diti,
1992 3928 2047 3974 et
2088 3920 2258 3975 libera
2296 3921 2578 3973 voluntate
2613 3919 2974 3982 cohonestati,
3021 3920 3167 3971 velut
3211 3915 3388 3969 alieno

1828 4014 2058 4069 arbitrio
2115 4014 2344 4082 subjecti
2395 4021 2696 4068 cernuntur
2743 4012 2878 4080 regi,
2937 4010 3153 4064 sibimet
3196 4005 3384 4076 ignoti,

1827 4108 1880 4155 et
1916 4102 2208 4170 opinantes
2241 4116 2302 4154 ex
2350 4101 2439 4153 illa
2495 4116 2593 4156 sua
2635 4101 2884 4154 libertate
2920 4097 3119 4149 malum
3151 4111 3208 4150 se
3240 4109 3386 4148 com-

1827 4191 2064 4247 mittere.
2118 4192 2290 4256 Quam
2335 4191 2645 4260 opinionem
2695 4203 2950 4258 magnum
2996 4189 3162 4240 robur
3209 4184 3387 4238 archi-

1829 4282 1957 4336 tecti
1993 4282 2362 4350 improbitatis
2391 4296 2513 4336 esse
2547 4282 2796 4335 novimus
2832 4293 2844 4330 :
2881 4278 3038 4344 cujus
3074 4292 3233 4330 omne
3269 4286 3383 4329 stu-

1830 4373 1978 4427 dium
2012 4373 2066 4426 in
2100 4372 2157 4425 id
2197 4372 2552 4442 impenditur,
2591 4380 2649 4424 ut
2679 4386 2746 4426 eo
2775 4371 3076 4431 annitente,
3109 4368 3162 4420 in
3196 4367 3261 4420 iis
3291 4368 3382 4434 qui

1829 4463 2033 4516 malum
2055 4471 2370 4530 operantur,
2391 4470 2680 4531 operantes
2698 4477 2756 4516 se
2776 4460 2828 4514 id
2853 4459 3032 4515 facere
3052 4459 3382 4513 existiment.

1899 4553 2037 4618 Quid
2073 4551 2277 4623 igitur?
2308 4551 2450 4606 dicet
2472 4552 2761 4622 quispiam,
2797 4552 2957 4621 periit
2984 4549 3192 4604 arbitrii
3218 4550 3382 4601 liber-

1826 4654 1911 4702 tas
1935 4647 2049 4716 (5)?
2083 4645 2248 4712 Sane,
2278 4656 2330 4701 at
2356 4662 2464 4702 non
2497 4655 2634 4702 tota.
2660 4646 2938 4702 Remansit
2957 4644 3101 4700 enim
3135 4643 3188 4698 in
3222 4643 3379 4699 nobis

1976 4826 2023 4859 "
2061 4825 2264 4882 IJoam
2299 4839 2378 4892 ut,
2421 4825 2472 4878 8.

1811 5034 1981 5088 rendo
2006 5042 2056 5087 et
2086 5031 2460 5101 persuadendo
2490 5031 2762 5100 obiectum
2793 5034 3139 5100 propositum
3169 5033 3367 5090 habere

1813 5103 2085 5158 rationem
2115 5103 2264 5164 boni,
2300 5103 2426 5170 quia
2455 5111 2507 5154 et
2549 5116 2867 5168 suggerens,
2899 5112 2954 5155 et
2988 5102 3245 5167 suadens,
3277 5120 3370 5157 seu

1813 5173 2152 5241 persuadens
2175 5171 2485 5238 aliqualiter
2516 5172 2790 5241 proponit,
2820 5175 3089 5239 proprium
3118 5174 3373 5241 objectum

1811 5239 2091 5302 uoluntati,
2128 5241 2270 5308 quod
2297 5250 2372 5292 est
2405 5241 2629 5292 rationis
2667 5239 2860 5293 bonum
2901 5258 3075 5293 verum
3110 5239 3188 5294 vel
3214 5256 3372 5307 appa-

1814 5327 1957 5372 rens,
1984 5318 2043 5362 υι
2075 5310 2254 5376 inquit
2281 5318 2504 5364 sanctus
2530 5309 2767 5362 Thomas
2794 5326 2808 5362 :
2841 5309 2944 5363 Sed
2973 5310 3116 5363 nullo
3149 5312 3368 5361 istorum

1818 5380 2095 5432 modorum
2128 5387 2292 5442 potest
2324 5378 2526 5447 aliquid
2568 5394 2677 5431 esse
2721 5379 2919 5431 directa
2955 5396 3114 5430 causa
3149 5379 3369 5444 peccati,

1816 5452 1939 5518 quia
1971 5449 2210 5501 voluntas
2254 5467 2357 5502 non
2390 5463 2454 5500 ex
2489 5450 2794 5518 necessitate
2819 5458 3052 5500 movetur
3089 5447 3152 5498 ab
3192 5447 3368 5518 (tliun

1818 5515 2039 5584 objecta,
2075 5519 2176 5570 nisi
2218 5519 2279 5570 ab
2317 5519 2500 5570 ultimo
2538 5517 2654 5582 ﬁne.
2692 5515 2836 5568 Unde
2879 5533 2978 5567 non
3008 5524 3084 5567 est
3115 5517 3369 5582 sufﬁciens

1819 5603 1975 5640 causa
2011 5588 2232 5655 peccati,
2268 5603 2429 5654 neque
2462 5602 2542 5638 res
2570 5586 2794 5655 exterius
2826 5584 3027 5655 oblata,
3069 5587 3368 5655 nequeitle,

1815 5658 1905 5723 qui
1950 5653 2063 5708 eum
2108 5658 2372 5724 proponit,
2421 5669 2578 5722 neque
2623 5654 2732 5724 ille,
2779 5654 2868 5720 qui
2893 5653 3190 5724 persuadet.
3230 5654 3372 5706 l'nde

1817 5722 2074 5788 Sequitur,
2101 5722 2236 5792 quod
2262 5726 2498 5776 diabolus
2534 5738 2631 5772 non
2661 5722 2728 5774 sit
2757 5736 2916 5772 causa
2951 5723 3150 5786 peccati
3176 5724 3371 5777 directe

1817 5796 1891 5846 vel
1932 5797 2262 5862 sufﬁcienter,
2295 5795 2384 5846 sed
2425 5794 2587 5844 solum
2628 5806 2716 5862 per
2756 5791 2960 5841 modum
3002 5793 3371 5862 persltadentis

1816 5865 1890 5918 re!
1934 5857 2266 5933 ριίρῖνροιιεηιὶε
2319 5862 2609 5928 (inpetibile.
2658 5857 2778 5914 ibes
2837 5870 3065 5915 sanctus
3113 5859 3372 5917 Thomas.
