4128 6338
692 395 792 460 383

1933 396 2298 458 SIMEONIS
2328 395 2687 458 JUNiORIS

3852 397 3953 460 384

696 512 814 568 sola
860 510 1123 582 cognitio,
1169 510 1317 580 quod
1358 510 1487 565 mali
1524 510 1698 565 simus
1736 527 1750 563 :
1787 511 1930 566 sicut
1970 520 2173 581 aegroto
2216 513 2268 564 in
2305 513 2344 566 Α
2375 509 2537 566 simul
2590 509 2858 564 columnae
2914 515 3143 577 possunt
3193 508 3528 575 comparari,
3586 508 3747 577 cujus
3798 509 3952 568 basis

696 605 840 659 lecto
887 605 1093 674 iacenti
1144 605 1309 669 scire,
1362 618 1421 660 se
1464 611 1727 674 mgrotum
1767 603 1970 672 jacere.
2015 605 2143 660 Vult
2177 606 2267 660 ille

701 697 922 765 quidem
972 713 1221 764 surgere,
1272 705 1326 748 at
1365 712 1472 751 non
1516 705 1716 765 potest.
1754 696 1891 749 ltlud
1931 704 2128 766 potest,
2171 713 2269 750 vo-

698 791 834 849 !e;.s,
872 805 932 840 ae
968 804 1064 853 pro
1101 788 1330 840 arbitrio
1369 804 1469 840 suo
1511 788 1780 841 medicum
1814 804 2082 856 qumrere.
2118 788 2267 844 ldcm

697 883 785 935 hic
818 901 915 933 usu
944 887 1111 934 venit.
1143 884 1484 954 Quapropter
1513 886 1590 936 ait
1624 885 1926 940 Dominus:
1965 884 2150 940 Omnis
2179 888 2272 955 qui

697 976 824 1041 furit
848 985 1152 1042 pet-culum;
1179 994 1357 1030 sevvus
1389 988 1465 1030 est
1488 980 1710 1041 peccati.
1747 996 1927 1032 servus
1961 990 2132 1032 autem
2171 995 2269 1031 non

701 1078 870 1119 manet
913 1067 968 1118 in
994 1069 1224 1121 domoin
1256 1078 1532 1122 wternum.
1565 1069 1622 1123 Si
1660 1071 1821 1138 igitur
1847 1073 1990 1133 [ilius
2028 1088 2113 1125 vos
2145 1071 2273 1124 libe-

698 1171 919 1221 raverit,
955 1178 1070 1213 vere
1096 1161 1248 1214 liberi
1278 1161 1508 1214 erilis”.
1554 1161 1820 1226 Quoniam
1861 1165 2026 1232 igitur
2057 1163 2268 1217 arbitrii

700 1253 872 1304 nostri
918 1255 1144 1306 libertas
1183 1269 1250 1305 eo
1297 1254 1541 1314 devenit.
1587 1265 1645 1308 ut
1685 1258 2068 1312 tantummodo
2104 1259 2273 1310 medi-

699 1358 822 1394 cum
858 1359 1104 1410 quaerere
1145 1345 1469 1409 debeamus,
1514 1347 1578 1399 ad
1613 1347 1890 1401 Christum
1923 1350 2270 1413 accedamus,

698 1435 791 1500 qui
845 1449 872 1485 a
933 1436 1313 1492 dominatione
1368 1439 1570 1493 diaboli
1626 1456 1727 1496 nos
1781 1442 2045 1495 vindicet.
2102 1440 2273 1494 Nemo

699 1540 827 1597 ergo
863 1528 1066 1580 malum
1109 1545 1347 1598 operans
1385 1533 1686 1594 existimet,
1732 1545 1827 1586 aut
1869 1533 2036 1594 dicat,
2072 1534 2272 1585 daemo-

701 1629 824 1667 nem
858 1631 962 1670 non
994 1619 1170 1673 habeo
1200 1637 1215 1673 :
1250 1637 1347 1689 pro
1381 1625 1633 1691 portione
1677 1625 1819 1676 enim
1861 1621 2146 1690 pravitatis
2183 1627 2274 1673 aut

703 1723 955 1774 parvum,
989 1720 1084 1764 aut
1118 1729 1399 1780 magnum,
1445 1724 1534 1767 aut
1565 1715 1732 1769 etiam
1767 1715 1968 1766 multos
1996 1713 2274 1767 daemonas

702 1799 862 1853 habet
897 1820 908 1853 :
949 1805 1092 1855 sicut
1139 1807 1446 1873 spiritualis
1493 1821 1591 1873 pro
1636 1819 1894 1858 mensura
1930 1805 2147 1858 virtutis
2183 1813 2276 1856 aut

701 1894 998 1957 modicam,
1034 1906 1128 1948 ant
1169 1898 1394 1948 multam
1439 1898 1670 1961 gratiam
1718 1895 1949 1967 obtinet.
1983 1909 2080 1950 aut
2109 1898 2274 1950 etiam

702 1984 893 2049 plenus
935 1993 1020 2038 est
1071 1985 1276 2040 Christi
1309 1989 1506 2054 gratia.
1538 1986 1656 2040 Jam
1704 2003 1836 2042 vero
1883 1987 2067 2041 divina
2123 1988 2277 2041 Scri-

701 2079 855 2137 ptura
883 2073 1100 2127 diversa
1131 2076 1469 2131 charismata
1495 2079 1698 2131 virtute
1734 2078 2088 2147 praaditorum
2119 2077 2282 2146 spiri—

702 2173 789 2218 tus
822 2169 1098 2232 appellare
1130 2173 1439 2225 consuevit.

772 2255 975 2310 Oouies
1010 2259 1192 2326 itaque
1235 2263 1467 2316 virtutes
1523 2264 1724 2317 bonum
1773 2264 2048 2334 quoddam
2092 2272 2223 2319 sunt
2260 2282 2274 2323 :

702 2348 944 2399 omnium
990 2365 1119 2403 vero
1145 2364 1310 2419 caput
1343 2353 1618 2420 quoddam
1657 2364 1710 2409 et
1762 2355 1925 2423 pedes
1953 2371 2074 2411 esse
2112 2371 2276 2425 opor—

702 2447 774 2492 tet
811 2456 825 2487 ε
854 2456 1055 2509 corpus
1086 2445 1230 2496 enim
1265 2448 1385 2499 sine
1413 2449 1589 2516 capite
1638 2464 1698 2500 ac
1743 2450 1976 2516 pedibus
2027 2459 2280 2504 constare

704 2531 914 2598 nequit.
955 2531 1129 2589 Pedes
1158 2536 1422 2588 virtutum
1455 2547 1583 2590 sunt
1618 2539 1920 2596 humilitas.
1962 2549 2125 2607 caput
2153 2541 2282 2594 cha-

703 2625 858 2683 ritas.
907 2624 1129 2693 Absque
1192 2627 1274 2680 his
1322 2629 1536 2683 duabus
1588 2632 1884 2684 virtutibus
1936 2633 2113 2685 omnis
2169 2633 2274 2686 alia

704 2714 876 2769 virtus
913 2732 1048 2768 vana
1080 2725 1134 2770 et
1162 2717 1340 2773 inanis
1358 2729 1460 2774 est.
1504 2721 1708 2775 Omnes
1739 2722 2012 2791 siquidem
2043 2723 2275 2778 virtutes

773 2917 820 2949 ’⁷⁸
840 2918 999 2974 Joan.
1061 2937 1179 2986 vnt,
1222 2923 1408 2977 54-56.
1517 2925 1561 2954 ⁷³
1600 2922 1640 2975 ll
1665 2924 1792 2977 Cor.
1828 2941 1900 2988 vt,
1935 2928 1985 2978 7.

707 3143 901 3201 qumst.
937 3141 991 3186 et
1020 3142 1124 3186 art.
1170 3133 1265 3185 cit.
1312 3132 1402 3196 qui
1436 3132 1598 3183 etiam
1636 3132 1867 3183 articulo
1903 3131 2151 3198 proxime
2182 3146 2268 3182 se—

709 3212 909 3270 quente
948 3203 1174 3270 pulchre
1207 3202 1383 3260 docet,
1413 3202 1687 3266 quomodo
1713 3203 1922 3252 dremon
1955 3202 2124 3266 possit
2145 3216 2269 3254 esse

711 3289 879 3329 causa
914 3273 1117 3339 peccati
1154 3273 1384 3324 interius
1431 3271 1494 3322 ad
1547 3273 1878 3332 precandum
1925 3270 2273 3333 instigando;

711 3343 815 3397 hoe,
864 3352 966 3403 est,
1025 3342 1416 3397 cemtnovendo
1471 3342 1811 3406 phantasiam
1866 3350 1921 3391 et
1973 3342 2274 3402 appetitum

714 3415 1058 3468 sensitivum.
1096 3410 1203 3465 Nec.
1249 3420 1339 3464 aut
1410 3413 1561 3464 obest
1622 3421 1821 3464 nostrm
1878 3417 1930 3463 et
1973 3425 2136 3472 verm,
2186 3419 2279 3462 aut

712 3486 938 3550 prodest
999 3483 1269 3535 Simeonis
1329 3483 1648 3545 sententi;e;
1712 3479 1853 3547 quod
1918 3480 2009 3544 qui
2065 3487 2275 3545 peccat.

713 3569 906 3606 servus
958 3553 1159 3617 peccati
1216 3551 1470 3604 efficitur.
1535 3550 1656 3602 l|:ee
1705 3551 1849 3602 enim
1912 3551 2168 3609 Servitus,
2226 3559 2281 3602 et

711 3633 904 3686 sponte,
963 3622 1329 3680 contrahitur,
1403 3637 1526 3673 cum
1593 3621 1770 3687 quivis
1837 3636 1933 3685 per
1995 3631 2278 3684 peceatum

712 3692 886 3746 libere
930 3708 988 3744 se
1028 3692 1253 3743 c'mutoni
1289 3692 1544 3743 subiiciat
1586 3729 1599 3743 .
1647 3699 1699 3741 et
1745 3698 1940 3758 sponte
1973 3691 2134 3742 etiam
2184 3706 2278 3740 seu

710 3761 883 3814 libere
936 3763 1189 3821 ει-ῐιινίιιιν,
1238 3778 1358 3813 eum
1406 3764 1572 3814 homo
1616 3762 1796 3812 divina
1837 3763 2008 3820 gratia
2061 3761 2282 3817 adiutus

710 3833 882 3886 libere
915 3832 1077 3882 nussll
1117 3830 1260 3884 illam
1301 3833 1574 3885 ιίρερῐρτρ,
1611 3841 1662 3882 et
1704 3831 1766 3880 ad
1796 3831 2102 3881 libertatem
2139 3831 2280 3880 tilio-

708 3916 836 3954 a‘um
898 3901 986 3951 Dei
1039 3903 1272 3953 transire
1326 3918 1337 3953 :
1393 3909 1444 3950 et
1496 3900 1760 3964 quidquid
1821 3900 1944 3950 mali
2011 3900 2089 3956 fit,
2151 3900 2279 3949 dunt

714 3973 840 4038 quis
872 3971 924 4022 in
972 3970 1233 4024 servitute
1280 3972 1540 4022 dzeniouis
1590 3977 1890 4031 permanet,
1929 3969 1979 4020 id
2017 3970 2182 4020 libere.
2227 3969 2282 4018 fit

716 4044 786 4094 ab
834 4042 956 4104 ipso
1001 4039 1239 4100 homine,
1287 4041 1536 4104 quamvis
1583 4039 1890 4106 impellente
1928 4048 1981 4090 et
2021 4039 2284 4090 incitante

716 4112 972 4166 diabolo:
1023 4124 1142 4170 qum
1186 4121 1363 4161 tamen
1414 4111 1662 4161 inritatio
1708 4125 1810 4158 non
1845 4107 1993 4160 affert
2045 4109 2283 4159 necessi-

717 4192 910 4238 tatem,
942 4181 1177 4232 lil'crtati
1209 4182 1524 4232 voluntatis.
1560 4178 1669 4230 Nec
1707 4180 1852 4229 notio
1877 4178 2284 4238 serviexrhnllt

714 4251 1022 4303 libertatem
1060 4249 1389 4310 voluntatis;
1420 4251 1569 4316 quia,
1598 4251 1724 4299 licet
1754 4263 1945 4300 servus
1978 4253 2048 4300 sit
2079 4248 2284 4297 instru-

717 4331 959 4372 mrntum
1016 4319 1248 4380 Domini,
1309 4337 1412 4371 non
1471 4331 1554 4372 est
1612 4330 1788 4372 tamen
1849 4319 2279 4369 instrumentum

719 4390 968 4440 naturale
1025 4397 1116 4438 aut
1183 4391 1561 4449 iuanimatutn,
1625 4389 1717 4440 sed
1780 4390 2121 4447 aninmtunt;
2185 4401 2282 4438 nec

719 4460 1098 4523 qualecunque
1158 4460 1474 4519 animatum,
1544 4459 1635 4511 sed
1698 4459 1910 4506 ratione
1971 4457 2280 4522 pt‘fCtllltttIt.

718 4530 899 4591 Quare
943 4529 992 4578 in
1043 4543 1427 4592 quamcunque
1475 4530 1792 4578 Servitutcnt
1843 4525 2069 4583 incidat,
2122 4525 2281 4588 quid-

717 4601 846 4664 quid
887 4601 993 4653 agit
1037 4608 1091 4647 ut
1135 4599 1314 4655 Immo,
1359 4597 1407 4648 id
1447 4598 1612 4648 libere
1657 4596 1784 4662 agit,
1836 4595 2046 4644 tametsi
2099 4593 2286 4658 jussus

720 4678 774 4718 et
826 4668 1094 4728 iu'pulsus
1140 4685 1165 4717 a
1213 4667 1440 4717 liotuino
1481 4686 1490 4717 ἶ
1540 4683 1664 4719 nant
1713 4672 1766 4715 et
1809 4678 2001 4715 servus
2037 4664 2292 4714 tuardato

720 4737 926 4789 domini
981 4737 1061 4788 sui
1115 4737 1465 4788 homicidium
1531 4744 1881 4803 perpetrans.
1946 4734 2111 4803 libere.
2156 4733 2288 4784 illud

723 4818 1039 4872 perpetrat;
1074 4809 1195 4872 quis
1224 4808 1365 4858 enim
1401 4801 1639 4874 coge—ret,
1687 4803 1732 4856 si
1776 4804 1980 4858 nollet?
2017 4801 2117 4855 Par
2153 4805 2290 4856 ratio

723 4881 775 4930 in
811 4884 1000 4926 iithit't)
1035 4888 1372 4934 ξιτ-μιιςιειδιιιο.

795 4945 950 5008 Qtttttl
991 4947 1139 4994 :ttltlil.
1174 4945 1414 5006 Slillt‘Oli,
1455 4945 1672 5012 periisse
1723 4944 1936 4995 arbitrii
1969 4943 2288 5002 libertatem,

726 5015 814 5065 sed
861 5031 959 5064 non
989 5023 1175 5073 totum,
1221 5012 1272 5064 id
1325 5017 1507 5067 itidem
1558 5016 1787 5074 benigna
1842 5015 2292 5081 interpretatione

723 5083 1015 5147 temperari
1053 5085 1234 5144 debet,
1265 5093 1437 5148 potest
1476 5086 1618 5134 enim
1643 5085 1870 5148 intelligi
1901 5084 1966 5137 de
2003 5087 2287 5136 imminuta

726 5154 957 5206 naturali
994 5155 1346 5206 inclinatione
1372 5155 1737 5219 potentiurunt
1766 5156 1954 5204 anitum,
1978 5153 2288 5214 adhortum,

727 5239 890 5286 quam
942 5239 1003 5274 ex
1051 5234 1278 5290 peccato
1347 5222 1624 5274 exstitisse
1652 5223 2015 5273 communiter
2067 5224 2291 5275 ttadunt

730 5292 1017 5362 theologi:
1067 5293 1211 5358 quod
1270 5300 1468 5362 tamen
1507 5307 1612 5343 non
1660 5300 1738 5342 est
1788 5293 2033 5362 absolute
2087 5292 2290 5345 intelli-

730 5361 986 5428 gendum,
1028 5364 1180 5428 quasi
1216 5364 1331 5427 ipsa
1388 5361 1564 5413 anima
1611 5376 1706 5411 seu
1759 5361 1994 5426 potentia
2050 5364 2292 5416 amFscrit

729 5433 966 5500 aliquant
992 5442 1196 5497 partem
1218 5433 1337 5495 eius
1363 5432 1759 5490 iuclinationts,
1788 5431 1879 5481 sed
1909 5432 2285 5494 accipiendum

728 5512 812 5553 est
844 5516 906 5552 ex
946 5511 1096 5564 parte
1129 5501 1351 5564 objecti,
1381 5514 1437 5553 ιιι
1495 5515 1688 5553 sensus
1745 5501 1814 5553 sit
1871 5510 2169 5564 peet'atttm,
2205 5517 2290 5554 rc-

731 5572 998 5623 ιιιονθιιιΙω
1028 5571 1312 5632 justitiam,
1347 5582 1509 5636 atque
1562 5571 1695 5621 adeo
1749 5578 1999 5621 naturam
2037 5584 2287 5622 corrum-

734 5639 930 5706 pendo,
959 5639 1236 5694 obstitisse
1258 5641 1549 5705 quominus
1584 5641 1834 5706 polentia:
1869 5643 1941 5706 (et
1976 5639 2027 5690 in
2067 5640 2150 5690 his
2176 5643 2289 5706 ipsa

734 5711 894 5760 etiam
948 5710 1198 5764 voluntas
1253 5709 1443 5776 libera)
1495 5719 1740 5776 prompte
1805 5719 1855 5760 et
1905 5708 2022 5760 sine
2070 5721 2290 5776 peccato

735 5777 983 5848 [etaritur
1021 5780 1070 5832 in
1102 5783 1298 5832 bonum
1323 5797 1336 5843 ;
1363 5782 1507 5848 quod
1544 5781 1755 5846 planius
1785 5779 2214 5844 signiﬁcaretur,
2241 5783 2285 5833 si

736 5845 1042 5902 diceremus
1072 5845 1479 5905 inclinationem
1538 5845 1906 5918 potentiorum
1954 5864 2043 5917 per
2093 5863 2286 5920 pecca—

2063 2925 2107 2957 ⁸ο
2142 2924 2298 2979 Joan.
2349 2941 2466 2989 xm,
2509 2927 2597 2980 5i.

2375 602 2688 664 humilitas,
2749 608 2911 670 caput
2967 600 3229 665 Charitas,
3286 600 3452 654 Deum
3511 611 3760 672 portans.
3810 601 3947 659 Nam

2372 698 2473 750 sub
2501 694 2765 749 ebaritate
2788 700 2917 748 sunt
2943 691 3137 746 ordine
3161 692 3398 762 quodam
3447 695 3748 760 miseratio,
3799 713 3952 751 com—

2373 788 2578 857 passio,
2612 787 2979 855 eleemosyna,
3015 787 3469 852 communicatio,
3501 790 3781 857 patientia,
3817 792 3946 845 lon-

2372 880 2696 948 ganitnitas,
2730 877 3131 939 beneficientia,
3184 887 3238 932 et
3285 894 3405 947 qum
3454 878 3595 935 Deos
3643 882 3792 944 facit,
3850 883 3953 937 be»

2375 971 2636 1036 uiguitas.
2691 971 2907 1024 Circum
2947 970 3319 1023 humilitatem
3366 980 3547 1025 autem
3601 975 3761 1042 quasi
3798 975 3947 1027 circa

2376 1062 2826 1116 basincolumne
2883 1069 3178 1115 versantur
3233 1063 3568 1126 obedientia,
3633 1066 3945 1128 tolerantia.

2376 1155 2638 1221 cognitio,
2668 1154 2978 1223 prudentia,
3013 1155 3265 1209 humanae
3308 1157 3707 1211 imbecillitatis
3741 1169 3791 1210 et
3817 1161 3942 1212 alti-

2378 1249 2581 1302 tudinis
2623 1249 2818 1302 divina:
2855 1249 3123 1317 cognitio,
3156 1263 3255 1316 pro
3288 1246 3380 1300 Dei
3433 1248 3710 1302 beneﬁciis
3739 1253 3946 1318 gratia-

2376 1353 2496 1391 rum
2528 1340 2691 1403 actio,
2729 1340 2819 1408 qui
2856 1338 3127 1393 benefacit
3167 1355 3198 1390 α
3241 1339 3471 1392 dexteris
3534 1350 3580 1392 et
3616 1359 3647 1394 a
3689 1344 3945 1409 sinistris,

2376 1445 2467 1496 per
2492 1431 2836 1500 ignominiam
2877 1440 2921 1485 et
2953 1430 3143 1484 bonam
3183 1432 3474 1499 fautum".
3513 1430 3629 1484 Jam
3677 1434 3765 1485 ubi
3819 1451 3947 1504 erga

2378 1517 2546 1572 Deum
2577 1529 2660 1574 est
2691 1522 2990 1590 gratiarum
3030 1520 3198 1584 actio,
3232 1521 3306 1574 ibi
3341 1522 3503 1574 etiam
3543 1520 3758 1575 videtur
3784 1522 3950 1578 Deus.

2379 1611 2482 1676 Qui
2519 1621 2698 1665 autem
2732 1612 3200 1680 pulchritudinem
3249 1613 3341 1666 Dei
3376 1612 3642 1675 intuetur,
3673 1617 3954 1682 quomodo

2381 1704 2526 1756 hunc
2562 1713 2620 1756 ut
2673 1707 2830 1771 longe
2864 1706 3322 1773 pulcherrimum,
3367 1706 3656 1775 omnisque
3710 1707 3958 1776 pulchri—

2379 1797 2585 1850 tudinis
2629 1797 2893 1864 originem
2943 1814 3051 1851 non
3090 1800 3331 1853 amabit?
3361 1800 3478 1854 iam
3515 1801 3607 1868 qui
3646 1799 3814 1854 Deum
3870 1802 3957 1852 di-

2381 1891 2516 1959 ligit,
2544 1892 2706 1943 etiam
2753 1891 2871 1958 ejus
2909 1891 3167 1943 mandata
3225 1894 3492 1954 servabit,
3534 1894 3689 1962 cujus
3724 1899 3892 1947 mand
3930 1922 3960 1938 -

2383 1995 2490 2037 tum
2523 1993 2621 2048 est,
2656 1992 2716 2036 ut
2757 2000 2999 2039 amemus
3032 1986 3172 2038 inter
3210 2001 3308 2038 nos
3332 1986 3398 2039 ⁸ο.
3437 1985 3702 2041 Caeterum
3741 1991 3829 2052 qui
3853 2005 3955 2041 non

2381 2079 2550 2146 diligit
2591 2080 2811 2146 fratrem
2843 2096 2997 2132 suum
3032 2096 3183 2148 quem
3215 2079 3374 2143 videt,
3426 2080 3600 2148 inquit
3639 2079 3954 2149 Scriptura,

2386 2167 2543 2220 Deum
2586 2185 2734 2236 quem
2767 2185 2869 2221 non
2900 2169 3059 2229 videt,
3113 2169 3372 2235 quomodo
3417 2181 3590 2239 potest
3625 2170 3850 2240 diligere
3871 2174 3913 2202 “'
3936 2174 3961 2225 ?

2382 2259 2482 2314 Per
2511 2261 2810 2328 gratiarum
2840 2276 2969 2314 vero
3001 2261 3298 2325 actionem,
3326 2271 3374 2314 et
3408 2263 3731 2317 cbaritatem
3760 2265 3958 2332 acqui—

2384 2356 2523 2407 ritur
2563 2354 2653 2408 Uei
2692 2355 2850 2408 visio.
2884 2354 3127 2409 Sustinet
3177 2356 3344 2424 igitur
3399 2355 3672 2410 humilitas
3711 2356 3959 2412 Charita-

2386 2455 2515 2508 tem,
2547 2455 2602 2499 et
2631 2445 2870 2499 charitas
2904 2445 3082 2498 firmat
3129 2445 3515 2501 humilitatem.
3554 2445 3681 2501 Ilaec
3733 2449 3960 2517 quidem

2386 2538 2550 2590 veluti
2606 2541 2793 2607 pedes,
2836 2540 2929 2607 qui
2985 2556 3078 2606 per
3130 2541 3368 2594 medium
3425 2557 3627 2610 corpus
3678 2542 3859 2611 ipsum
3904 2552 3963 2596 et

2383 2639 2918 2696 eaputsustentant:
2953 2638 3007 2684 at
3027 2632 3269 2685 charitas
3299 2642 3358 2687 nt
3384 2631 3698 2688 cheribicns
3726 2635 3964 2688 thronus

2385 2720 2551 2774 Deum
2592 2730 2839 2789 portans,
2863 2736 2959 2790 per
2987 2721 3371 2792 interpositum
3399 2739 3600 2794 corpus
3653 2724 3720 2778 ab
3773 2724 3960 2778 hami-

2676 2928 2718 2959 “
2751 2926 2768 2979 ῐ
2805 2925 2965 2980 Joau.
3001 2941 3076 2988 tv,
3116 2926 3207 2981 20.

2368 3142 2480 3184 tum
2516 3132 2792 3198 impediri.
2823 3132 2960 3188 Vide
2997 3141 3246 3185 sanctum
3279 3131 3545 3186 Thome
3596 3131 3710 3187 1-9..
3747 3147 3954 3199 quzest.

2380 3203 2470 3258 83.
2528 3212 2631 3254 art.
2674 3202 2694 3252 1
2730 3214 2780 3255 et
2836 3204 2891 3263 9.,
2947 3211 3001 3257 et
3051 3203 3185 3254 ibid.
3229 3201 3550 3271 Gregorium
3599 3201 3663 3255 de
3702 3203 3953 3256 Valentia

2381 3283 2574 3337 qiuest.
2611 3273 2698 3330 15.
2723 3282 2860 3338 part.
2895 3289 2953 3332 tt.
2983 3273 3224 3340 alioquin
3259 3287 3322 3325 ex
3372 3273 3474 3325 fide
3521 3271 3787 3326 catholica
3836 3289 3961 3328 cer-

2383 3353 2493 3394 tum
2539 3351 2592 3394 et
2632 3345 2989 3396 constitutum
3031 3351 3134 3404 est,
3176 3343 3447 3394 hominem
3481 3340 3679 3395 habere
3715 3343 3953 3397 liberum

2381 3413 2672 3464 arbitrium
2696 3415 2761 3469 ad
2797 3428 2991 3466 omnes
3029 3413 3270 3467 actiones
3299 3413 3489 3464 civiles
3533 3426 3626 3465 seu
3660 3422 3952 3477 externas,

2381 3491 2432 3533 et
2473 3483 2704 3535 morales
2735 3493 2788 3535 et
2821 3483 2985 3535 etiam
3013 3483 3462 3540 super-naturales
3495 3498 3508 3540 :
3546 3496 3668 3534 cum
3709 3482 3827 3536 .ltoc
3868 3491 3959 3536 ta-

2383 3567 2506 3604 men
2555 3552 2898 3613 diSerimine.
2945 3562 3006 3606 ut
3052 3553 3284 3605 liberum
3341 3551 3629 3605 arbitrium
3681 3567 3777 3618 per
3827 3567 3964 3608 suas

2383 3621 2524 3674 vires
2557 3623 2835 3675 naturales
2869 3622 3093 3677 minime
3119 3622 3349 3676 sufﬁciat
3374 3624 3438 3675 ad
3465 3636 3655 3674 omnes
3677 3619 3960 3682 actiones,

2384 3693 2492 3749 sed~
2534 3691 2598 3742 ad
2649 3692 2915 3758 quasdam
2973 3693 3373 3758 supernatat-ali
3431 3690 3707 3757 adiutorio
3761 3692 3964 3754 gratiae

2383 3761 2642 3827 indigeat.
2683 3762 2991 3828 cuiusmodi
3029 3771 3158 3815 sunt
3211 3764 3262 3814 in
3319 3762 3508 3829 primis
3563 3761 3813 3813 actiones
3847 3761 3962 3815 illa:

2385 3847 2502 3896 que
2559 3831 2624 3882 ad
2665 3833 2916 3893 pietatem
2969 3840 3022 3883 et
3075 3833 3304 3883 salutem
3359 3831 3630 3897 pertinent
3676 3847 3689 3882 :
3737 3829 3805 3882 de
3848 3847 3963 3893 quo

2384 3901 2761 3964 copiosissime.
2806 3901 3044 3966 disputat
3071 3900 3458 3964 Bellarminus,
3489 3900 3582 3954 lib.
3625 3914 3696 3961 tv,
3732 3915 3765 3952 ν
3798 3909 3852 3953 et
3879 3915 3962 3964 vi,

2388 3969 2458 4020 De
2488 3973 2663 4032 qratia
2692 3981 2737 4024 et
2767 3971 2930 4023 libero
2961 3972 3207 4030 arbitrio.

2459 4038 2582 4093 lbet:
2621 4057 2717 4107 pro
2751 4043 3115 4104 explicatione
3140 4041 3428 4094 verborum
3465 4038 3762 4101 Simeonis,
3790 4038 3962 4104 cujus

2388 4120 2623 4162 mentem
2661 4112 2866 4164 certius
2915 4110 3145 4165 fortasse
3194 4110 3464 4176 attigeris.
3515 4109 3558 4160 si
3608 4109 3786 4167 dicas.
3829 4125 3959 4177 cum

2387 4181 2739 4231 amissionem
2776 4181 2930 4231 liberi
2961 4179 3196 4239 arbitrii,
3231 4181 3332 4231 etsi
3371 4193 3475 4230 non
3507 4179 3699 4236 totius.
3735 4187 3956 4231 tantum

2387 4249 2439 4299 in
2475 4250 2577 4301 hoc
2610 4251 2910 4303 eollocasse
2937 4267 2948 4303 :
2975 4249 3118 4316 quod
3153 4252 3312 4302 homo
3339 4248 3390 4300 in
3426 4259 3706 4315 peccatum
3739 4248 3959 4315 lapsas,

2388 4329 2619 4382 nequeat
2651 4321 2886 4387 amplius
2915 4335 3009 4384 per
3042 4319 3217 4372 solum
3258 4319 3484 4370 liberum
3541 4318 3833 4370 arbitrium
3872 4333 3961 4371 re-

2388 4405 2631 4457 surgere,
2659 4402 2710 4441 et
2741 4405 2862 4441 cum
2900 4391 3004 4440 Deo
3030 4390 3081 4441 in
3109 4388 3337 4452 gratiam
3373 4388 3571 4448 redire,
3601 4387 3744 4454 quod
3767 4403 3960 4440 verum

2387 4468 2491 4516 est,
2530 4461 2779 4523 quamvis
2809 4459 3000 4511 modus
3027 4457 3284 4524 loquendi
3311 4457 3501 4509 durior
3527 4458 3633 4518 sit;
3663 4473 3769 4508 noti
3806 4457 3958 4509 enim

2315 4537 2676 4616 Dprppterea
2719 4529 2820 4616 diei
2875 4529 3035 4581 debet
3085 4530 3346 4616 amissum
3400 4543 3461 4577 cx
3524 4536 3675 4616 parte.
3724 4527 3960 4577 liberum

2398 4599 2712 4661 arbitrium;
2749 4598 2872 4648 licet
2907 4613 3140 4662 namque
3167 4598 3326 4647 homo
3350 4612 3377 4647 a
3403 4595 3638 4660 peccatis
3663 4609 3961 4656 resurgere

2397 4681 2501 4717 non
2554 4669 2727 4733 possit
2788 4667 2920 4718 solis
2993 4665 3144 4718 liberi
3199 4665 3406 4716 arbitrii
3475 4666 3724 4727 viribus;
3779 4671 3964 4730 potest

2396 4738 2573 4786 tamen
2636 4749 2919 4800 resurgere
2977 4751 3071 4800 per
3129 4734 3380 4785 liberutu'
3416 4733 3704 4784 arbitrium
3779 4735 3959 4793 gratia

2399 4803 2830 4866 Ib-iexcitatum,
2868 4806 3279 4856 eorroboratuut
3343 4810 3396 4854 et
3441 4802 3710 4867 adiutum.
3767 4802 3843 4852 ita
3905 4810 3963 4853 ut

2394 4875 2672 4941 adjuvanli
2707 4875 2872 4926 libere
2912 4883 3256 4940 cooperetur.
3303 4870 3443 4939 Ergo
3480 4888 3600 4924 cum
3636 4872 3802 4941 homo
3833 4885 3964 4938 gra-

2396 4939 2523 4997 ιὶιιιιι
2562 4945 2652 4995 Dei
2683 4960 2774 5008 per
2803 4939 3084 5008 peccatum
3125 4944 3319 5009 perdit.
3375 4941 3508 4992 lllllll
3548 4941 3722 5005 perdi
3774 4939 3841 4992 de
3899 4941 3965 5009 lig

2398 5016 2524 5066 Izero
2557 5007 3142 5076 arbitrio’simpliciter
3168 5022 3218 5064 et
3255 5011 3470 5079 proprie
3512 5009 3826 5079 loquendo,
3863 5007 3960 5079 sed

2395 5084 2570 5152 pt'l'tlit
2602 5083 2980 5135 tantummodo
3013 5096 3171 5134 usum
3207 5077 3489 5147 quemdam
3525 5079 3680 5132 liberi
3716 5077 3960 5152 arbitrii.

2395 5149 2597 5219 quiest
2639 5153 3091 5218 supernaturales
3139 5155 3381 5204 aetiones
3417 5161 3672 5203 exercere
3707 5164 3847 5215 quas
3893 5149 3964 5201 li-

2396 5228 2583 5277 lerunt
2638 5223 2919 5275 arbitrium
2973 5224 3090 5274 sine
3151 5219 3398 5275 subsidio
3446 5219 3634 5286 gratia:
3695 5232 3961 5272 exercere

2396 5295 2606 5361 nequit,
2640 5293 2838 5360 quippe
2870 5307 2988 5358 qua:
3023 5293 3178 5356 longe
3239 5290 3513 5361 excedant
3531 5289 3636 5361 vim
3669 5295 3724 5341 et
3779 5287 3960 5340 facul-

2396 5359 2558 5416 tatein
2620 5359 2921 5415 naturalem
2977 5362 3131 5413 liberi
3191 5360 3425 5412 arbitrii.
3476 5359 3717 5412 Gratiam
3770 5367 3956 5409 tamen

2393 5435 2674 5494 amissam,
2713 5431 2825 5498 ipsa
2882 5433 3058 5497 gratia
3099 5430 3363 5483 divinitus
3405 5428 3715 5496 adjuvante,
3758 5431 3959 5498 potest

2397 5505 2625 5556 liberum
2661 5495 2945 5554 arbitrium
2983 5501 3160 5562 denuo
3196 5500 3363 5552 libare
3399 5495 3712 5567 acqttirere.
3751 5495 3957 5567 Deique

2395 5573 2691 5624 amiritiatn
2751 5585 3106 5640 recuperare;
3162 5570 3301 5640 sicut
3355 5578 3429 5640 et?
3464 5565 3604 5640 teget
3637 5565 3960 5640 _("."0‘l__*'§‘

2393 5644 2696 5709 ext-inpium
2747 5631 3040 5707 Siméonis)
3083 5638 3266 5693 studio
3314 5645 3366 5691 et
3421 5631 3952 5709 bctfeliridmedici.

2395 5703 2566 5762 nam;
2595 5711 2775 5774 sanari
2810 5720 2978 5776 poteSI
3003 5703 3031 5774 ς’
3053 5709 3174 5761 licet
3222 5709 3654 5772 sanitatCtu,suis
3685 5703 3952 5756 duntaxat

2395 5783 2601 5836 \‘lt‘lbbs
2629 5781 2873 5835 obtiucte
2909 5795 3014 5834 non
3052 5787 3238 5849 queat.
