4128 6338
132 396 221 456 3-35
1529 398 1808 456 C‘RA'l‘lO
1839 401 1960 463 XV.

3264 414 3367 477 386

135 507 285 564 ltlnlc,
330 515 591 568 tauquam
645 518 674 555 a
725 502 952 570 pedibus
1001 515 1330 558 sustentata.
1369 507 1686 573 Paupertas.
1720 508 1766 564 Α
1795 514 2165 567 ritaturitatent
2205 532 2312 573 non
2345 517 2636 588 pertingit,
2696 519 2794 573 sed
2846 519 3060 574 inutilis
3111 521 3364 578 edicitur.

129 593 406 664 jejunium,
468 593 843 658 continentia,
906 595 1038 660 irae,
1077 596 1318 665 linguae,
1377 598 1694 665 cupiditatis

135 685 298 737 omnis
354 681 459 735 sub
511 681 644 751 jugo
685 692 814 738 sunt
869 683 1117 753 justitiaa,
1157 701 1277 755 quas
1327 687 1506 740 virum
1545 686 1695 755 pium

133 788 189 828 ac
234 773 550 842 religiosum
582 779 757 841 decet,
791 785 849 831 ut
881 793 948 832 ne
977 780 1050 833 sit
1081 778 1347 847 iniustus,
1385 795 1484 834 nec
1504 780 1694 843 alium,

131 864 215 920 sed
239 874 365 918 ante
417 866 556 920 alios
598 877 769 922 semet
831 869 1043 924 multet.
1109 852 1286 922 Plura
1328 873 1473 923 enim
1531 883 1694 938 quam

133 957 427 1011 necessitas
478 959 711 1026 requirit
762 960 1063 1027 possidere,
1112 970 1205 1014 aut
1238 962 1548 1016 necessaria
1578 962 1697 1030 qui-

133 1047 268 1112 dem,
298 1052 716 1119 sumptuosiora
772 1061 974 1117 tamen,
1024 1054 1292 1121 injustitia
1343 1064 1425 1110 est
1457 1073 1470 1109 ε
1503 1071 1696 1123 quem-

132 1140 414 1194 admodum
466 1152 521 1197 et
553 1143 727 1197 ventri
777 1145 1002 1198 definito
1053 1146 1313 1199 alimento
1366 1147 1488 1216 plus
1541 1147 1692 1213 dare,

133 1231 388 1302 injustitia
427 1241 532 1288 est.
567 1234 667 1289 [rce
719 1244 897 1289 autem
956 1236 1139 1290 frenos
1186 1237 1387 1302 laxare,
1432 1239 1693 1304 stultitia;

133 1335 372 1390 proterve
401 1326 572 1395 loqui,
608 1327 833 1380 fatuitas
861 1345 874 1392 ;
901 1313 1292 1397 cupiditatibus
1340 1330 1694 1385 saecularibus

132 1419 428 1487 indulgere,
464 1418 728 1474 amentia.
761 1419 876 1472 Non
935 1420 1079 1473 enim
1115 1422 1287 1475 virtus
1319 1430 1425 1485 est,
1468 1436 1496 1474 a
1554 1423 1697 1476 malo

135 1511 461 1564 ab<tinuisse
495 1527 510 1561 :
547 1511 650 1564 etsi
684 1511 777 1579 qui
822 1511 1019 1564 malum
1055 1527 1160 1566 non
1207 1510 1355 1577 fecit,
1386 1529 1493 1566 non
1527 1528 1698 1582 vapu-

135 1604 280 1666 labit,
313 1603 462 1657 sicut
491 1603 580 1655 ille
609 1605 818 1659 scilicet
852 1605 945 1673 qui
978 1605 1122 1660 fecit.
1175 1607 1230 1661 Si
1281 1615 1460 1660 autem
1514 1605 1693 1670 faciet,

134 1693 345 1744 omnino
404 1691 565 1745 etiam
593 1695 892 1762 vapulabit.
950 1695 1016 1748 At
1069 1699 1160 1763 qtti
1214 1695 1421 1748 bonum
1482 1695 1696 1758 fecerit,

135 1782 204 1836 illi
257 1784 397 1838 bene
452 1784 590 1840 lict:
630 1801 736 1840 non
789 1787 1004 1856 quidem
1063 1788 1364 1842 secundum
1426 1788 1694 1841 rationem

131 1875 365 1944 iustitiae,
401 1877 492 1930 sed
531 1891 595 1930 ex
642 1878 984 1934 humanitate
1023 1888 1078 1934 et
1122 1880 1367 1933 bonitate
1417 1879 1534 1934 Dei.
1579 1878 1696 1932 Una

135 1967 270 2018 enim
304 1966 553 2034 quaedam
587 1967 798 2022 Christi
851 1971 1119 2023 sententia
1157 1977 1264 2033 est,
1295 1983 1401 2038 qua
1453 1970 1655 2022 dicitur
1685 1990 1698 2024 :

135 2055 236 2120 Qui
260 2062 504 2128 cognovit
538 2060 866 2115 voluntatem
915 2061 1128 2114 Domini
1174 2061 1278 2124 sui,
1312 2073 1360 2114 et
1399 2076 1502 2114 non
1554 2062 1699 2128 fecit,

134 2151 398 2215 vapulabit
433 2155 618 2207 multis
643 2155 707 2206 ⁸³.
736 2154 854 2207 Alia
883 2171 897 2205 :
930 2153 1062 2208 Cum
1109 2153 1556 2222 feceritisomnia
1587 2170 1700 2223 qua:

134 2253 385 2310 pitrcepta
421 2257 543 2298 sunt
578 2247 746 2307 vobis,
782 2247 963 2309 dicite,
1019 2247 1154 2298 servi
1191 2246 1407 2299 inutiles
1459 2262 1641 2300 sumus
1681 2260 1700 2298 :

134 2335 248 2401 quia
277 2336 415 2404 quod
443 2334 619 2401 facere
640 2336 939 2400 debuimus,
977 2339 1201 2404 [erimus
1227 2337 1293 2389 ⁸³.

648 2447 984 2504 ORATIO
1055 2450 1193 2504 XV.

739 2577 1117 2634 ancuusurup.

137 2651 337 2726 Tenere,
396 2669 486 2706 seu
542 2654 815 2726 obseruare
859 2672 976 2722 qua:
1033 2655 1087 2707 in
1141 2656 1335 2710 divinis
1408 2656 1701 2726 Scripturis

202 2723 466 2790 leguntur,
498 2732 662 2774 totum
700 2723 794 2775 Dei
823 2739 1012 2776 munus
1040 2740 1172 2777 esse.
1223 2727 1296 2777 De
1342 2723 1602 2784 oratione.
1653 2740 1701 2781 et

201 2793 443 2855 (ratione,
468 2801 517 2842 et
545 2793 804 2860 quomodo
837 2794 1140 2846 Christiano
1170 2794 1509 2861 psallendum
1544 2799 1631 2850 sit.

201 2877 299 2947 Qui
333 2883 581 2947 docetur,
619 2882 726 2936 nisi
761 2899 880 2951 quae
922 2881 1120 2938 doctus
1157 2894 1240 2938 est
1291 2885 1344 2938 in
1397 2887 1580 2941 animo
1621 2904 1705 2942 re-

137 2972 284 3034 tinet,
323 2972 459 3026 nihil
495 2971 751 3040 profecit.
787 2971 891 3037 Qui
926 2973 1138 3028 litteras
1180 2977 1384 3041 sciens,
1425 2978 1569 3046 legit,
1601 2980 1704 3034 nisi

139 3063 547 3134 intelligatqua:
580 3064 732 3132 legit,
785 3065 1189 3133 quodammodo
1235 3067 1548 3124 illitteratus
1599 3081 1701 3125 est.

1798 602 2100 672 meliusque
2139 614 2277 672 erat,
2315 609 2358 662 si
2411 625 2513 662 nec
2566 625 2595 665 a
2645 611 2917 679 principio
2956 617 3365 682 germinasset:

1798 690 1877 744 sic
1908 695 1998 760 qtti
2031 697 2205 749 calori
2246 701 2378 754 solis
2410 701 2579 770 illius,
2609 719 2770 772 quem
2808 704 3168 774 intelligentia
3195 706 3371 773 perci-

1798 781 2000 849 pimus,
2033 799 2153 840 sese
2191 803 2285 856 per
2333 793 2599 848 orationis
2650 798 3032 864 praestantiam
3089 812 3200 850 non
3238 797 3370 850 sub~

1794 874 1946 942 jecit,
1979 891 2255 946 nunquam
2313 880 2551 938 fructum
2604 896 2876 944 maturum
2930 903 3022 957 per
3074 889 3369 942 lectionem

1794 963 1959 1044 edere
1991 967 2192 1033 poterit
2225 987 2239 1021 :
2281 971 2547 1038 siquidem
2604 986 2658 1028 et
2705 980 2921 1033 discere
2952 981 3129 1048 prius,
3169 997 3366 1048 quent-

1800 1057 2098 1110 admodum
2133 1062 2310 1114 oratio
2335 1062 2667 1121 instituenda
2697 1073 2790 1132 sit,
2831 1081 2887 1124 ut
2943 1074 3033 1124 ubi
3080 1073 3361 1141 didiceris,

1799 1148 1966 1202 etiam
2001 1164 2161 1203 orare
2193 1167 2386 1220 quisas,
2442 1156 2672 1209 multum
2715 1169 2945 1229 tempus,
2989 1163 3358 1234 laboremque,

1798 1248 1851 1293 et
1882 1239 2049 1293 animi
2094 1244 2269 1312 magis
2322 1258 2486 1309 quam
2544 1250 2785 1314 corporis
2835 1253 3126 1308 desiderat.
3159 1259 3364 1320 Quant-

1798 1330 1987 1384 obrem
2030 1341 2084 1385 et
2115 1331 2411 1398 Apostolus
2481 1333 2731 1387 hortatur
2773 1337 2992 1392 assidue
3042 1353 3263 1396 cantare
3314 1351 3367 1398 et

1800 1423 2032 1491 psallere
2068 1421 2176 1477 Deo
2205 1425 2259 1476 in
2289 1425 2453 1477 corde
2489 1441 2597 1478 non
2625 1427 2680 1479 in
2708 1427 2950 1481 labiis".
2979 1431 3082 1484 Sed
3110 1437 3367 1501 quoniam

1797 1528 1862 1564 ea:
1895 1515 2226 1568 abundantia
2255 1515 2491 1584 loquitur
2514 1516 2582 1582 ⁸⁸,
2615 1534 2838 1572 necesse
2873 1529 2955 1573 est
2987 1523 3148 1575 etiam
3187 1542 3277 1593 per
3304 1542 3368 1580 os

1797 1619 1862 1658 ex
1891 1601 2221 1659 abundantia
2260 1608 2406 1661 illius
2440 1609 2746 1663 orationem
2787 1612 2984 1678 promi,
3019 1628 3140 1665 cum
3179 1614 3370 1681 ipsum

1801 1711 1895 1749 cor
1964 1699 2113 1765 prius
2186 1700 2446 1753 mundnut
2512 1712 2779 1763 creatum,
2876 1704 3073 1757 deinde
3151 1705 3370 1758 divinus

1802 1789 2147 1843 rectitudinis
2217 1789 2454 1858 Spiritus
2535 1792 2825 1846 innovatus
2911 1793 3075 1848 fuerit
3152 1813 3166 1849 :
3247 1806 3372 1866 post

1802 1878 2046 1930 lattitiam
2077 1880 2338 1934 salutaris
2368 1882 2461 1934 Dei
2491 1884 2807 1950 gustaverit,
2847 1899 2965 1952 qua:
2994 1900 3057 1938 cx
3089 1890 3370 1941 consortio

1803 1977 1858 2022 et
1921 1972 2304 2024 communione
2350 1973 2552 2026 Christi
2605 1976 2820 2027 exsistit
2876 1991 2889 2026 :
2946 1977 3142 2030 deinde
3198 1980 3370 2046 gratia

1807 2058 2046 2128 Spiritus
2102 2063 2418 2131 principalis
2492 2062 2797 2115 firmitatem
2865 2066 3254 2132 acquisiverit,
3305 2076 3374 2120 ut

1805 2152 2112 2219 spiritualia
2171 2153 2447 2221 nequitiac,
2485 2170 2604 2222 qua:
2656 2157 2994 2222 cogitatione
3050 2167 3373 2226 cernuntur,

1804 2244 1952 2297 nulla
1976 2259 2037 2296 ex
2065 2253 2219 2312 parte
2258 2243 2375 2308 ejus
2401 2245 2694 2306 motiones,
2733 2246 2968 2315 cogitata
3002 2257 3295 2301 concutere
3323 2258 3376 2302 et

1803 2350 2074 2402 quassare
2104 2337 2220 2389 suis
2249 2334 2468 2389 flatibus
2493 2338 2698 2404 possint
2721 2340 2787 2390 ⁸⁷.
2821 2338 2899 2392 Ac
2948 2347 3077 2393 tunc
3117 2341 3375 2409 precibus

1802 2423 2005 2476 divinis
2035 2438 2256 2489 vacans,
2285 2439 2379 2492 per
2411 2425 2596 2478 radios
2627 2430 2890 2494 mysticos
2930 2443 3026 2495 per
3067 2429 3371 2494 orationem

1803 2529 1966 2582 super
2001 2523 2244 2567 orantem
2276 2525 2495 2569 exertos
2550 2517 2767 2594 cognita
2823 2528 2875 2570 et
2914 2519 3120 2586 agnita,
3156 2519 3223 2571 ad
3257 2519 3374 2572 fru-

1803 2619 1922 2674 gem
1960 2614 2228 2684 maturam
2264 2606 2565 2676 perducere
2605 2617 2785 2678 potest
2818 2624 2831 2662 :
2868 2609 3072 2679 alioqui
3106 2610 3376 2679 insipiens

1804 2710 1868 2749 ac
1908 2697 2158 2764 stupidus
2198 2707 2303 2753 est.

1876 2786 2118 2841 Psallere
2165 2789 2330 2856 igitur
2375 2788 2482 2841 Deo
2515 2790 2714 2841 bonum
2757 2802 2861 2855 est,
2915 2794 3041 2860 quia
3090 2796 3144 2846 in
3183 2795 3375 2863 primis

1809 2877 2180 2931 fructuosum.
2215 2877 2270 2929 Si
2302 2880 2446 2930 enim
2478 2879 2736 2947 quiddam
2784 2883 3062 2949 singulare
3107 2893 3211 2948 est,
3253 2901 3375 2937 cum

1808 2985 1935 3036 rege
1963 2977 2184 3023 terreno
2216 2969 2471 3036 colloqui,
2507 2983 2711 3039 quanto
2735 2972 3070 3042 singularius
3102 2990 3223 3028 cum
3256 2992 3379 3046 rege

1812 3061 2064 3116 caelesti?
2092 3061 2225 3125 Quis
2251 3062 2508 3115 accedere
2531 3064 2777 3130 propius,
2815 3075 2864 3116 et
2897 3065 3219 3133 cujusquam
3250 3084 3372 3120 eum

136 3154 232 3219 Qui
265 3155 395 3224 legit
423 3164 477 3209 et
500 3156 780 3226 intelligit,
827 3157 930 3210 nisi
957 3157 1229 3213 intellecta
1256 3174 1478 3214 servare
1505 3171 1704 3230 potest,
1732 3183 1776 3245 ρ
1814 3169 1938 3225 rege
2002 3169 2307 3208 sermonem
2368 3155 2728 3209 interturbare
2771 3157 2970 3210 audet?
3045 3157 3136 3211 Sic
3202 3175 3378 3226 neque

137 3246 268 3300 nihil
314 3247 363 3301 ei
415 3249 633 3317 podest.
689 3240 912 3304 Divinas
969 3249 1285 3318 Seripturas
1343 3252 1544 3323 legere,
1599 3256 1703 3308 nisi

140 3339 430 3394 arbitratus
480 3348 566 3395 est
625 3340 928 3410 intelligere
983 3341 1120 3396 lecta
1172 3343 1227 3396 in
1283 3346 1442 3402 nobis
1488 3356 1592 3410 est,
1651 3357 1705 3400 et

136 3445 239 3484 non
273 3438 382 3485 est.
438 3431 498 3484 in
549 3431 732 3496 nobis,
779 3431 1020 3485 studium
1054 3447 1069 3484 :
1109 3432 1411 3504 intelligere
1459 3452 1491 3490 a
1529 3440 1704 3506 gratia

135 3521 225 3576 Dei
255 3522 475 3591 pendet.
514 3520 709 3576 Verum
741 3532 949 3588 tenere,
982 3539 1078 3578 seu
1107 3537 1370 3590 praestare
1397 3528 1699 3593 intellecta,

133 3613 187 3666 id
223 3621 399 3668 totum
449 3628 717 3682 supremae
748 3616 934 3683 gratiae
985 3626 1263 3683 acceptum
1295 3617 1485 3671 referri
1519 3619 1700 3672 debet.

137 3703 404 3769 Quocirca
469 3706 628 3775 pauci
687 3715 816 3760 sunt
868 3707 962 3776 qui
1014 3722 1080 3762 ea
1136 3717 1398 3775 prazstant
1420 3709 1496 3774 M;
1561 3711 1703 3766 sicut

139 3797 299 3863 pauci
333 3807 465 3851 sunt
497 3797 589 3866 qui
622 3795 925 3851 salvantur.
960 3797 1096 3852 Sunt
1123 3814 1250 3869 ergo
1288 3799 1418 3862 duo,
1454 3802 1630 3855 oratio
1655 3813 1707 3856 et

137 3885 314 3951 lectio,
338 3898 572 3954 quorum
599 3885 714 3938 haec
741 3901 845 3954 qua
881 3886 967 3940 via
993 3885 1056 3940 ad
1085 3887 1252 3940 Deum
1286 3890 1700 3957 perveniamus;

137 3973 326 4038 docet,
387 3975 631 4043 facitque
680 3976 957 4030 hominem
1016 3978 1258 4031 divinum
1316 3996 1329 4030 :
1387 3979 1475 4032 illa
1536 3979 1702 4034 Deum

139 4066 316 4132 flectit,
348 4076 410 4121 ut
440 4075 677 4122 mentem
708 4067 940 4135 legentis
992 4068 1288 4133 illuminct,
1351 4084 1460 4138 quo
1489 4070 1620 4125 lecta
1653 4080 1708 4125 et

138 4157 428 4226 intelligat,
457 4165 510 4211 ct
538 4157 811 4212 observet.
863 4158 981 4210 Alia
1033 4160 1235 4211 etenim
1289 4161 1492 4228 scripta
1524 4161 1709 4232 perci-

139 4264 264 4318 pere
289 4257 345 4304 et
369 4262 705 4318 cognoscere
728 4258 963 4318 possunt
982 4249 1074 4317 qui
1107 4250 1296 4317 legunt
1324 4271 1336 4303 :
1367 4267 1708 4321 quaecunque

139 4352 314 4396 autem
374 4341 565 4395 divina
628 4348 682 4396 et
742 4340 1006 4396 salutaria
1057 4350 1207 4403 sunt,
1275 4342 1411 4394 citra
1473 4342 1711 4412 Spiritus

139 4434 310 4488 sancti
340 4433 809 4488 illuminationem
833 4433 1224 4501 comprehendi
1260 4435 1582 4502 servarique
1612 4451 1711 4490 rte-

141 4534 376 4591 queunt.
413 4523 484 4578 Et
516 4523 740 4593 quidem
767 4524 858 4592 qui
883 4538 1041 4578 orare
1061 4535 1118 4576 ut
1140 4525 1321 4596 debet,
1351 4526 1576 4579 edoctus
1607 4534 1710 4589 est,

140 4624 427 4686 tantopere
479 4616 733 4671 lectionis
784 4629 896 4669 non
945 4613 1232 4685 indigebit,
1282 4614 1481 4670 divinae
1512 4617 1715 4681 gratiae

140 4707 319 4762 divino
350 4707 564 4762 lumine
595 4708 842 4775 replente
879 4706 1000 4775 ejus
1031 4706 1293 4768 animam,
1333 4714 1385 4760 et
1421 4705 1476 4759 in
1510 4715 1710 4761 statum

141 4781 788 4865 quemdamidiviniorem
823 4798 1171 4852 immutante.
1215 4797 1318 4862 Qui
1358 4808 1538 4851 autem
1586 4813 1714 4851 con-

144 4891 344 4943 tinuam
378 4889 680 4943 lectionem
740 4888 914 4958 pluris
981 4888 1132 4951 facit,
1189 4895 1479 4953 antequam
1532 4903 1708 4951 orare,

144 4989 199 5034 ut
233 4989 476 5049 oportet,
511 4979 792 5045 didicerit,
829 4987 1000 5045 errat,
1038 4995 1206 5048 seque
1248 4981 1429 5048 ipsum
1465 4993 1494 5032 a
1526 4978 1707 5032 divina

145 5069 317 5124 salute
375 5071 605 5124 abducit
637 5088 650 5123 ε
688 5071 795 5124 imo
830 5086 959 5125 vero
1012 5086 1210 5139 sensus
1246 5071 1472 5125 omnino
1518 5085 1713 5139 expers

144 5167 242 5224 est,
288 5160 516 5213 tametsi
557 5159 612 5212 in
661 5169 774 5214 tota
799 5162 1083 5231 Scriptura
1134 5177 1290 5216 sacra
1357 5161 1711 5216 exercitatum

145 5267 220 5314 se,
271 5261 326 5306 et
390 5265 515 5304 eam
571 5253 806 5307 recitare
852 5254 1172 5307 memoriter
1226 5267 1392 5323 posse
1457 5253 1712 5312 fateatur.

147 5338 213 5395 lJt
253 5341 398 5396 enim
460 5340 596 5394 citra
638 5340 873 5393 calorem
933 5341 1092 5407 solis,
1148 5341 1361 5397 fructus
1411 5342 1706 5410 provenire

147 5447 250 5486 non
283 5440 487 5502 potest,
513 5430 608 5484 sed
658 5430 839 5485 hieme
868 5431 1088 5500 quidem
1130 5433 1397 5498 nascitur,
1429 5448 1556 5488 vere
1590 5448 1708 5486 nta-

145 5531 423 5580 turescere
452 5523 663 5592 incipit,
700 5523 900 5591 frigore
932 5532 1112 5577 autem
1144 5525 1417 5593 nascitur,
1442 5539 1568 5580 vere
1593 5539 1711 5579 ma-

148 5624 422 5672 turescere
471 5613 685 5683 incipit,
738 5611 942 5682 frigore
973 5621 1156 5668 autem
1217 5623 1607 5683 perseverante
1639 5617 1707 5671 ad

1814 3246 2088 3300 daemones
2165 3246 2230 3297 ad
2319 3246 2467 3298 illum
2552 3249 2987 3317 apprOpinquare
3055 3252 3374 3315 sustinent,

1814 3341 1906 3407 qui
1944 3353 2069 3392 eum
2126 3336 2238 3391 Deo
2268 3337 2528 3406 loquitur.
2581 3338 2695 3391 Non
2741 3341 2968 3409 psallere
3022 3341 3150 3405 Deo,
3187 3358 3375 3410 magna

1812 3431 2140 3499 estjactura
2177 3444 2192 3479 :
2234 3432 2414 3483 anima
2448 3431 2647 3500 quippe
2700 3445 2806 3484 non
2868 3431 3144 3497 psallentis
3191 3432 3378 3486 divino

1808 3521 2037 3585 lumine,
2067 3520 2248 3574 divina
2284 3520 2484 3575 virtute
2524 3529 2577 3572 et
2626 3523 2808 3590 quiete
2855 3523 3141 3576 insultibus
3173 3524 3375 3576 decute-

1811 3627 1941 3665 num
1972 3613 2236 3681 ρτὶνιιιυτ,
2269 3621 2323 3666 et
2353 3613 2533 3666 omnis
2561 3615 2880 3680 petulantia,
2907 3617 3084 3670 Ontttis
3137 3616 3378 3668 immun-

1811 3704 1969 3767 ditia,
2002 3704 2179 3757 omnis
2211 3704 2529 3771 improbitas
2556 3715 2609 3757 et
2655 3705 2940 3773 injustitia,
2974 3709 3150 3760 omnis
3177 3707 3375 3771 fastus,

1812 3796 2125 3856 ostentatio,
2152 3794 2463 3861 arrogantia
2495 3794 2562 3846 ab
2596 3794 2785 3848 iisdem
2835 3798 2886 3848 in
2920 3796 3163 3849 eamdem
3227 3800 3379 3852 inve-

1814 3890 1981 3943 hitur.
2020 3888 2175 3942 Sicut
2221 3887 2366 3940 enim
2421 3886 2543 3939 εαξΙὶ
2596 3885 2926 3951 aSpirationc
2979 3901 3228 3954 corpora,
3303 3889 3376 3940 ita

1812 3978 2033 4043 perenni
2060 3975 2150 4029 Dei
2193 3973 2451 4028 memoria
2475 3973 2652 4026 omnis
2685 3973 2860 4024 anima
2896 3987 3117 4040 prorsus
3147 3974 3369 4042 indiget.

1813 4066 2008 4121 Verum
2040 4067 2315 4120 enimvero
2356 4064 2584 4134 psallere
2625 4064 2733 4118 Deo
2784 4066 3102 4132 simpliciter
3139 4083 3202 4119 ac
3257 4084 3377 4135 pero

1812 4159 2105 4225 functorie,
2143 4171 2191 4212 et
2238 4158 2355 4212 sine
2384 4159 2599 4222 timore,
2648 4157 2740 4226 qui
2781 4157 2885 4211 Deo
2932 4159 3126 4211 astanti
3167 4169 3248 4213 est
3283 4175 3378 4213 ne»

1814 4250 2111 4313 cessarius,
2148 4264 2316 4317 quem.
2349 4247 2643 4303 Cherubim
2679 4257 2938 4308 tremunt.
2967 4258 3173 4302 tantum
3200 4253 3376 4313 abest,

1815 4351 1875 4395 ut
1910 4341 2110 4410 aliquid
2152 4339 2444 4405 commodi,
2499 4351 2556 4393 ut
2594 4341 2776 4409 potius
2820 4341 3244 4409 incomparabile
3282 4345 3377 4417 de?

1819 4434 2133 4486 trimentum
2195 4431 2417 4496 aﬂ‘erat;
2469 4430 2591 4498 quia
2658 4429 2826 4484 Deum
2879 4439 3184 4504 exasperat,
3245 4441 3296 4484 et
3346 4447 3376 4484 a

1823 4525 1980 4579 nobis
2009 4525 2226 4587 avertit,
2259 4538 2468 4592 nosque
2493 4523 2560 4576 ab
2590 4523 2682 4575 illo
2714 4530 2968 4591 tanquam
3026 4523 3080 4575 in
3127 4525 3376 4577 exsilium

1814 4617 1986 4685 ejieit.
2045 4614 2312 4668 Nimirum
2359 4615 2813 4682 quemadmodum
2872 4629 2993 4668 cum
3061 4622 3376 4685 contemptu

1815 4709 1922 4778 rt-gi
1959 4715 2227 4764 astantem
2261 4706 2523 4760 satellites
2555 4707 2698 4776 regis
2742 4706 3036 4775 abripiunt,
3083 4716 3135 4760 et
3167 4725 3196 4760 a
3249 4724 3380 4762 cnn-

1813 4808 1999 4867 spectu
2026 4799 2144 4867 ejus
2170 4797 2481 4861 exturbant,
2515 4797 2675 4867 idque
2703 4815 2796 4853 rex
2826 4800 3049 4854 minime
3082 4801 3378 4867 reprehen-

1815 4890 1894 4943 dit
1958 4907 1972 4942 :
2033 4891 2114 4944 sic
2171 4889 2346 4958 angeli
2404 4888 2521 4952 Dei,
2565 4898 2798 4943 mentem
2859 4895 3205 4958 contemptim
3268 4889 3378 4944 Deo

1813 4982 2050 5037 astantis
2089 4995 2118 5032 a
2154 4979 2247 5034 Dei
2281 4980 2592 5034 visitatione
2619 4980 2867 5050 ejiciunt,
2895 4997 3054 5052 quam
3089 4981 3374 5036 confestim

1813 5073 2086 5132 daemones
2126 5079 2420 5141 arreptam,
2451 5072 2658 5141 majore
2681 5071 3002 5126 auctoritate
3029 5073 3374 5139 libertateque

1816 5166 1965 5235 (quia
1989 5165 2135 5218 velut
2157 5177 2186 5216 a
2212 5162 2463 5231 lupanari
2494 5174 2589 5216 aut
2621 5164 2890 5231 caupona)
2929 5163 3213 5231 imperiose
3237 5178 3374 5229 quo-

1819 5254 1974 5319 libet,
2009 5253 2122 5308 sive
2156 5251 2224 5306 ad
2251 5252 2429 5322 turpia
2470 5259 2524 5307 et
2552 5251 2807 5316 nefanda,
2842 5251 2956 5306 sive
2989 5250 3055 5304 ad
3105 5252 3367 5318 improba,

1818 5341 1933 5396 sive
1963 5340 2027 5394 ad
2058 5355 2197 5394 vana
2227 5350 2281 5393 et
2313 5339 2490 5395 inania
2520 5339 2787 5394 ductitant
2816 5356 2830 5393 :
2859 5347 2911 5392 et
2951 5352 3121 5405 neque
3147 5338 3237 5405 qui
3274 5353 3370 5407 pa-

1822 5433 1959 5488 titur
2008 5433 2412 5498 animadvertit,
2472 5448 2647 5502 neque
2687 5431 2827 5486 Deus
2859 5429 3068 5494 liberat,
3113 5434 3373 5498 quoniam

1821 5527 2051 5595 ipsemet
2075 5538 2287 5594 spretus
2317 5533 2480 5593 atque
2505 5507 2848 5589 contemptus
2897 5529 2998 5574 est.
3042 5521 3184 5591 Lege
3231 5524 3373 5575 enim

1820 5615 1897 5670 ita
1934 5614 2118 5670 sanxit
2145 5631 2161 5669 :
2195 5612 2393 5668 Servite
2422 5611 2642 5670 Domino
2675 5612 2735 5662 in
2764 5611 2967 5675 timore,
3015 5621 3064 5664 et
3115 5613 3377 5664 exsatiate

215 5761 264 5830 "7
291 5757 425 5830 Luc.
466 5773 561 5824 xu,
589 5755 679 5810 47.
754 5757 798 5788 ³³
839 5755 970 5812 Luc.
1002 5768 1134 5826 xvn,
1168 5756 1259 5813 10.
1334 5758 1382 5792 εδ
1411 5757 1598 5816 Matth.
1635 5775 1728 5830 vn,
1759 5760 1846 5816 14.
1919 5759 1964 5794 ⁸⁸
1997 5757 2193 5829 Ephes.
2229 5757 2334 5825 v,i
2371 5769 2524 5824 seqq.
2596 5749 2641 5786 "
2680 5753 2813 5809 Luc.
2846 5751 3030 5820 vr,45.
3103 5752 3149 5786 θ’
3176 5753 3374 5822 Ep‘:t:s.

150 5842 217 5890 vt,
252 5829 336 5882 li.
