4128 6338
706 371 802 432 387

707 579 1067 640 eratmelius,
1126 582 1171 632 si
1231 592 1337 631 non
1395 576 1669 644 psalleret.
1715 573 1999 628 Daemones
2051 584 2286 637 namque

709 671 765 723 in
797 670 1007 724 caeteris
1041 669 1284 737 peccatis
1319 668 1576 721 omnibus
1625 682 1730 719 non
1767 682 1940 736 aque,
1985 673 2042 717 ut
2072 665 2126 717 in
2179 661 2286 714 isto

710 766 1029 828 contemptu
1085 760 1180 813 Dei
1239 760 1292 812 in
1327 759 1564 810 animam
1619 757 1887 810 dominari
1935 761 2180 825 possunt.
2224 753 2288 804 Et

712 866 808 905 rex
838 852 1056 920 quidem
1089 861 1340 904 terrenus
1373 849 1671 913 debitores,
1704 849 1906 918 quique
1949 848 2003 901 in
2053 861 2112 900 se
2160 858 2284 912 pec-

711 953 928 1005 carunt,
982 943 1210 1010 patitur,
1275 945 1681 1006 contemptores
1736 952 1924 991 severe
1980 934 2283 989 ulciscitur.

713 1033 896 1097 Quare
939 1047 1062 1085 cum
1099 1038 1421 1098 contemptu
1459 1029 1691 1098 psallere
1734 1037 2016 1097 peccatum
2057 1033 2139 1078 est
2172 1039 2288 1074 om-

712 1126 858 1178 nium
892 1124 1212 1177 maximum.
1253 1121 1392 1176 Deus
1420 1123 1565 1174 enim
1598 1136 1720 1175 cum
1757 1135 1786 1173 a
1827 1133 2057 1188 corpore
2104 1130 2289 1184 segre-

709 1226 871 1284 gatus
895 1217 987 1278 sit,
1017 1230 1117 1269 nec
1153 1213 1332 1267 oculis
1385 1211 1504 1267 istis
1554 1211 1874 1279 aspiciatur,
1922 1209 2083 1262 etiam
2128 1204 2287 1257 modo

710 1309 948 1375 quodam
987 1306 1311 1372 incorporeo
1367 1311 1421 1357 et
1457 1303 1660 1356 visibili
1710 1302 1928 1355 colitur.
1960 1298 2129 1362 Quem
2163 1308 2288 1346 cor-

710 1412 884 1466 porca
936 1399 1170 1460 ratione,
1215 1405 1266 1450 et
1314 1405 1371 1448 ut
1403 1395 1571 1449 videri
1621 1395 1816 1462 possit,
1851 1391 2049 1451 colere,
2105 1384 2287 1438 minus

710 1497 795 1544 est
851 1489 926 1543 illi
979 1490 1316 1543 conveniens
1377 1504 1439 1542 ac
1487 1489 1796 1556 proprium,
1859 1484 2002 1538 sicut
2048 1485 2102 1533 et
2146 1475 2286 1545 apud

708 1579 968 1634 Davidem
1018 1591 1101 1635 est
1153 1597 1165 1635 :
1209 1581 1473 1646 Quoniam
1527 1581 1573 1633 si
1640 1577 1916 1637 voluisses,
1965 1568 2289 1636 sacriﬁcium

708 1671 965 1723 dedissem
1020 1672 1200 1738 utique
1249 1688 1266 1723 :
1318 1671 1636 1724 holocaustis
1699 1683 1800 1719 non
1860 1657 2286 1715 delectaberis".

708 1761 925 1816 Idcirco
977 1780 1068 1815 cor
1118 1764 1408 1815 contritum
1452 1771 1502 1814 et
1569 1760 1912 1814 humiliutum
1985 1755 2126 1808 Deus
2187 1767 2288 1804 non

708 1854 957 1918 despiciet
976 1857 1044 1910 ’°.
1080 1854 1354 1908 Contritio
1393 1863 1573 1907 autem
1623 1852 1806 1905 cordis
1838 1857 2017 1902 mente
2057 1855 2110 1900 ct
2142 1845 2289 1912 cogi.

711 1942 916 1996 talione
949 1943 1060 1996 tiat.
1097 1942 1213 1997 Non
1246 1952 1476 2012 tangunt
1519 1941 1805 1995 oculorum
1862 1952 2086 1994 sensum
2135 1950 2290 1989 mens

710 2044 895 2088 nostra
929 2043 982 2088 et
1012 2035 1294 2104 cogitatio,
1333 2035 1383 2089 id
1408 2043 1515 2097 est,
1547 2035 1664 2102 ipsa
1711 2032 1914 2084 anima.
1971 2028 2094 2082 Haec
2126 2029 2291 2096 igitur

711 2139 885 2190 mens,
917 2126 1164 2195 inquam,
1200 2134 1254 2179 et
1300 2126 1561 2195 cegitatio
1595 2123 1703 2177 Deo
1755 2123 1844 2190 qui
1879 2118 2287 2187 iutelligibitur,

716 2230 818 2269 nec
847 2216 1077 2281 videtur,
1131 2217 1310 2270 danda
1364 2225 1511 2271 sunt.
1556 2215 1614 2268 ln
1649 2215 1749 2268 hoc
1788 2214 1930 2267 enim
1960 2211 2137 2266 cultus
2172 2210 2291 2277 ejus

711 2307 985 2372 consistit,
1011 2317 1068 2361 ut
1102 2308 1510 2378 inaspectabilia
1540 2305 1940 2376 inaspectabili,
1975 2292 2290 2371 iiitelligibi-

717 2399 789 2452 lia
835 2400 1180 2468 intelligibili,
1217 2409 1270 2455 et
1294 2400 1596 2469 corporalia
1625 2413 1747 2451 cum
1784 2397 1960 2450 anima
1987 2410 2202 2463 quoque
2224 2393 2289 2445 ad

713 2490 881 2543 Deum
935 2492 1224 2545 colendum
1279 2506 1338 2544 se
1393 2490 1710 2559 subjiciam,
1753 2488 1845 2556 qui
1899 2485 2149 2538 manibus
2184 2483 2289 2535 hu-

713 2581 891 2635 manis
923 2583 1144 2636 colitur.
1203 2580 1359 2646 Quod
1404 2595 1532 2634 vero
1580 2580 1765 2642 etiam,
1818 2591 1938 2647 qua:
1985 2576 2040 2629 in
2093 2590 2290 2629 sensus

713 2670 937 2736 cadunt,
979 2685 1090 2724 non
1125 2671 1355 2739 respuit,
1398 2667 1705 2732 sciendum,
1740 2675 1871 2720 tunc
1912 2679 1973 2718 ea
2020 2663 2287 2732 accipere,

714 2774 837 2812 cum
877 2771 1056 2815 mente
1090 2777 1223 2829 pura
1257 2777 1318 2816 ac
1354 2761 1567 2816 sincera
1599 2759 1782 2814 oblata
1817 2756 2040 2810 fuerint.

794 2850 986 2905 Omnis
1021 2854 1221 2920 quippe
1253 2852 1451 2913 oratio,
1482 2865 1542 2903 ac
1569 2847 1869 2916 psalinodia
1918 2847 2117 2899 divinae
2149 2843 2295 2897 Scri-

720 2949 919 3010 pturae,
956 2955 1079 2994 cum
1119 2942 1225 2995 Deo
1254 2940 1630 2994 reconciliatio
1663 2949 1766 2993 est.
1796 2939 1904 2990 Aut
1927 2937 2067 2990 enim
2107 2934 2293 3002 petitio

717 3038 802 3083 est
829 3045 1016 3083 eorum
1050 3047 1168 3098 qua:
1202 3031 1343 3083 Deus
1373 3045 1464 3097 per
1496 3030 1751 3100 gratiam,
1793 3044 1890 3096 pro
1929 3043 1992 3081 eo
2023 3040 2084 3078 ac
2115 3026 2292 3095 ipsum

1943 355 2306 422 SIMEONIS
2339 345 2700 412 JUNIORIS

710 490 757 542 ci
787 505 902 541 cum
940 496 1162 539 tremore
1184 485 1251 540 ⁸³.
1286 485 1623 554 Quapropter
1691 480 1897 535 homini
1971 478 2064 532 tali
2114 475 2282 528 multo
2314 474 2355 530 Α
2389 470 2547 522 nibus
2603 465 3017 524 sanctiﬁeentur
3062 481 3077 518 :

3853 342 3951 404 389

3121 477 3176 520 ut
3223 469 3290 519 de
3344 468 3537 517 caetero
3581 462 3798 530 penitus
3849 474 3952 513 non

2391 563 2625 618 habeant
2679 563 2734 613 in
2785 559 2978 629 seipsis
3010 558 3175 612 vitam
3225 564 3562 626 corruptam,
3617 570 3739 623 quae
3786 554 3950 619 possit

2390 655 2683 723 appetitum
2719 651 2916 705 anima:
2948 651 3000 702 in
3039 650 3287 704 carnales
3332 662 3384 704 et
3419 648 3726 702 mundanas
3755 646 3958 715 appeti-

2391 749 2592 810 tiones,
2617 743 3052 812 cupiditatesque
3084 741 3423 796 abstrahere.
3461 741 3561 806 Qui
3600 755 3731 809 ergo
3780 738 3846 792 de
3873 739 3955 790 his

2387 847 2443 890 et
2472 835 2742 890 similibus
2777 832 2946 886 Deuin
3004 845 3110 900 qua
3160 829 3269 896 die,
3308 845 3414 899 qua
3464 839 3647 892 nocte,
3685 839 3738 882 et
3784 827 3955 895 longis

2391 938 2694 996 temporum
2727 923 2916 993 spatiis
2939 922 3262 991 alloquitur,
3312 928 3365 974 et
3412 921 3598 989 lingua
3631 917 3846 987 quidem
3877 917 3957 970 Ισι-

2390 1032 2589 1084 quens,
2631 1023 2812 1070 mente
2875 1012 3051 1066 nescit
3111 1012 3241 1080 quid
3301 1010 3581 1076 loquatur,
3653 1022 3833 1060 nonne
3873 1004 3958 1059 hic

2390 1108 2584 1175 nugari
2619 1103 3144 1159 videturiNondum
3201 1116 3332 1155 sane
3394 1100 3566 1153 ﬁdelis
3623 1098 3955 1166 huiusmodi,

2389 1213 2564 1266 neque
2601 1197 2712 1250 Deo
2746 1193 3134 1250 reconciliatus
3182 1200 3286 1246 est.
3323 1189 3525 1243 Fidelis
3559 1189 3826 1257 siquidem
3857 1197 3957 1250 est,

2390 1298 2441 1343 et
2465 1289 2795 1357 appellatur,
2833 1287 2921 1341 cui
2951 1288 3151 1339 donum
3187 1282 3364 1338 sancti
3398 1280 3640 1350 Spiritus
3683 1277 3961 1334 concredi-

2388 1388 2504 1434 tum
2535 1389 2642 1446 est,
2667 1382 2892 1450 quique,
2944 1379 3076 1432 illud
3108 1378 3310 1446 .habet,
3343 1373 3490 1444 quod
3545 1373 3743 1426 donum
3801 1369 3959 1424 simul

2393 1480 2629 1525 mentem
2687 1474 2859 1539 ipsam
2933 1469 3321 1540 accipientium
3369 1467 3629 1528 illustrat,
3685 1469 3739 1516 et
3801 1456 3962 1514 simul

2393 1563 2656 1625 continet,
2682 1563 2951 1631 colligens
2983 1572 3037 1615 et
3097 1572 3434 1614 conservans
3493 1556 3688 1609 horum
3730 1553 3961 1605 duorum

2394 1654 2825 1724 intelligentiam,
2856 1655 2940 1706 cui
2969 1653 3184 1705 dicatur
3228 1662 3282 1704 et
3337 1647 3465 1716 quid
3511 1650 3749 1700 dicatur.
3807 1642 3964 1695 Prius

2396 1750 2576 1816 itaque
2621 1745 2865 1807 credere,
2916 1754 2970 1796 et
3020 1740 3366 1797 reconciliari
3423 1739 3533 1790 Deo
3579 1748 3802 1789 necesse
3862 1743 3963 1793 est,

2393 1848 2446 1893 et
2497 1847 2609 1891 tum
2675 1837 2752 1889 illi
2809 1833 3043 1903 psallere
3093 1831 3171 1884 sic
3219 1837 3278 1882 ut
3336 1827 3427 1897 qui
3468 1827 3697 1895 psallere
3759 1822 3966 1876 consti-

2394 1932 2519 1996 tuit,
2558 1939 2679 1982 ante
2707 1928 2922 1981 veniam
2958 1925 3025 1977 de
3059 1921 3318 1976 admissis
3364 1934 3468 1988 qua
3517 1918 3828 1976 verborum,
3862 1927 3967 1975 qua

2393 2037 2644 2091 operum,
2691 2034 2798 2089 qua
2857 2016 3160 2079 actionum,
3204 2027 3307 2080 qua
3360 2007 3749 2078 cegitationum
3798 2011 3967 2071 petat.

2395 2113 2756 2168 Reconciliata
2784 2119 2960 2162 autem
2985 2106 3093 2159 Deo
3124 2105 3328 2166 anima,
3362 2107 3677 2160 mansueta,
3717 2096 3963 2158 humilis,

2394 2217 2447 2261 et
2475 2204 2710 2260 contrita
2741 2201 2993 2262 edicitur,
3043 2198 3094 2251 id
3139 2194 3285 2265 quod
3337 2189 3794 2247 reconciliationis
3841 2201 3962 2242 cum

2397 2297 2505 2350 Deo
2547 2300 2923 2363 argumentum
2948 2297 3049 2342 est.
3089 2286 3230 2341 Sunt
3257 2285 3400 2340 enim
3437 2284 3540 2337 ista
3573 2281 3848 2348 praecipua
3878 2276 3969 2331 Dei

2397 2391 2558 2450 dona,
2610 2394 2662 2438 ct
2719 2384 3090 2444 charismata,
3145 2376 3506 2432 mansuetudo
3558 2384 3612 2428 et
3669 2372 3969 2425 humilitas.

2398 2479 2652 2530 Animam
2689 2475 2874 2528 mitem
2908 2484 2960 2526 et
2988 2470 3245 2524 humilem
3277 2469 3548 2520 daemones
3577 2466 3642 2517 ad
3666 2463 3971 2531 voluptates

2397 2568 2665 2638 corporis,
2720 2573 2815 2626 aut
2877 2563 3185 2626 avaritiam,
3235 2568 3326 2613 ~iut
3375 2557 3440 2611 ad
3494 2569 3685 2609 vanam
3744 2553 3970 2622 gloriam

2398 2662 2594 2715 iterum
2624 2671 2965 2726 oppugnare,
2994 2662 3047 2706 ut
3088 2659 3238 2717 ante,
3269 2663 3378 2703 non
3418 2655 3668 2717 possunt.
3708 2646 3772 2697 Et
3799 2645 3852 2696 in
3886 2643 3969 2695 bis

2397 2753 2611 2805 duobus
2641 2747 2844 2803 Christi
2891 2746 3049 2800 donis
3088 2743 3443 2806 levationem,
3495 2755 3558 2792 ac
3608 2737 3853 2806 requiem
3904 2733 3970 2787 ab

2397 2840 2710 2912 huiusmodi
2762 2835 3204 2896 necessitatibus,
3257 2832 3464 2884 invenit
3522 2830 3726 2882 anima.
3769 2824 3973 2889 Quam-

2399 2934 2584 2988 obrem
2633 2944 2826 2998 pauca,
2871 2941 2993 2981 cum
3049 2925 3244 2978 timore
3299 2929 3352 2975 et
3409 2917 3682 2971 intellectu
3733 2916 3971 2983 psallere

2400 3024 2682 3079 debemus.
2712 3018 2866 3085 Quod
2921 3027 3098 3070 tamen
3153 3013 3301 3067 omni
3369 3010 3633 3066 saeculari.
3680 3012 3971 3067 monacho,

723 3121 901 3184 decet,
932 3121 1243 3176 hominibus
1268 3121 1471 3175 donare
1509 3121 1667 3174 solet.
1700 3123 1805 3171 Aut
1831 3127 1959 3173 sunt
1994 3121 2288 3187 gratiarum
2320 3120 2367 3182 C
2399 3116 2766 3175 anachorelzc,
2801 3109 3028 3172 clerico,
3075 3108 3328 3167 diacono,
3366 3103 3659 3161 sacerdoti,
3711 3101 3974 3165 episcopo

722 3212 968 3272 actiones
1001 3212 1108 3266 Deo
1141 3228 1238 3281 pro
1269 3212 1506 3280 opiﬁcio,
1540 3211 1632 3279 qui
1686 3211 1830 3263 nulla
1885 3209 2129 3277 subjecta
2175 3223 2291 3260 ma-

719 3303 855 3354 teria
891 3305 1203 3372 procreavit
1231 3305 1506 3357 universa.
1536 3303 1643 3355 Aut
1671 3316 2162 3355 commemoramus
2196 3315 2292 3368 per

720 3403 905 3447 aetates
948 3394 1268 3447 admiranda
1297 3410 1485 3463 opera,
1520 3393 1762 3462 prodigia
1791 3402 1842 3446 et
1881 3395 2035 3461 signa
2067 3398 2132 3444 ad
2180 3393 2291 3461 glo-

721 3482 857 3535 riam
888 3484 1031 3552 ejus,
1067 3492 1122 3537 ct
1159 3486 1388 3539 salutem
1426 3487 1728 3548 hominum,
1756 3496 1808 3539 et
1856 3485 2153 3538 vindictam
2186 3485 2294 3536 ini-

719 3589 975 3644 quorum,
998 3575 1480 3645 improborumque
1501 3577 1762 3630 exhibita.
1787 3578 1890 3630 Aut
1913 3577 2292 3630 arcanioribus

721 3667 1029 3721 rationibus
1078 3668 1317 3720 divinam
1368 3669 1483 3735 ejus
1521 3669 1953 3723 administratam
2008 3671 2295 3738 providen-

721 3759 872 3810 tiam.
931 3759 1038 3812 Aut
1099 3761 1415 3826 mysterium
1473 3759 1874 3814 lncarnationis
1939 3760 2101 3814 Verbi
2154 3761 2288 3824 Dei,

719 3849 996 3916 quomodo
1032 3866 1196 3917 quem
1233 3850 1613 3904 universitatis
1665 3851 1900 3904 ambitus
1946 3867 2051 3903 non
2103 3852 2289 3918 coepit,

721 3939 1085 3993 immaculatae
1118 3938 1358 4007 Virginis
1390 3951 1545 3993 utero
1575 3951 1787 4009 captus,
1817 3951 1993 4006 natus,
2024 3943 2289 3995 educatus

728 4032 820 4093 sit,
877 4033 1269 4099 caelestemque
1323 4033 1539 4084 vivendi
1610 4048 1854 4085 normam
1923 4033 2173 4086 docuerit
2239 4043 2290 4086 et

721 4125 1042 4187 ostenderit,
1093 4126 1499 4191 salutaremquc
1558 4133 1789 4176 mortem
1850 4140 2166 4192 perpessus,
2223 4128 2289 4177 ab

725 4211 917 4268 inferis
976 4216 1364 4278 resurrcxerit,
1425 4230 1683 4282 spemque
1738 4217 2178 4277 resurrectionis,
2237 4227 2289 4269 et

733 4306 849 4358 vita:
894 4315 1111 4358 aeternae
1171 4308 1355 4373 generi
1418 4306 1698 4358 hominum
1758 4307 2075 4368 donaverit,
2132 4315 2185 4361 et
2235 4310 2290 4361 in

731 4394 944 4458 :(Bluni,
981 4404 1036 4446 ut
1091 4396 1276 4454 homo,
1331 4404 1642 4461 assumptus
1694 4395 1878 4456 fuerit,
1918 4405 1974 4447 ut
2023 4397 2285 4462 Spiritum

720 4494 969 4538 sanctqu
1005 4499 1070 4536 ex
1122 4484 1230 4538 Deo
1287 4484 1444 4537 Patre
1497 4501 1594 4536 suo
1641 4487 2044 4551 procedentem,
2092 4487 2145 4538 in
2198 4502 2291 4538 eos

719 4575 900 4643 quiin
956 4577 1130 4642 ipsum
1181 4577 1566 4637 credidissent,
1620 4578 1955 4640 demitteret;
2015 4594 2174 4645 quem
2227 4581 2292 4628 ab

722 4666 880 4717 initio
911 4667 1162 4733 princeps
1208 4668 1370 4720 homo
1414 4668 1655 4720 Adamus
1707 4671 1912 4733 habuit,
1954 4677 2006 4720 et
2048 4670 2115 4720 ob
2175 4667 2294 4718 inti-

723 4757 997 4809 deliiatem
1056 4758 1255 4812 amisit.
1318 4758 1414 4811 llic
1471 4777 1704 4828 namque
1759 4762 1924 4814 totius
1969 4760 2290 4812 mceuomiie

724 4850 870 4910 ﬁnis,
910 4860 967 4901 ut
997 4852 1281 4903 credentes
1323 4853 1374 4904 in
1412 4854 1590 4920 ipsum
1619 4856 1760 4907 velut
1794 4847 1957 4906 Deu'm
2006 4867 2059 4907 et
2116 4853 2290 4905 homi—

723 4956 868 5004 nem,
904 4943 954 4993 in
985 4942 1196 4995 duabus
1230 4946 1442 4998 naturis
1476 4961 1583 4998 non
1642 4948 1902 5012 separatis
1941 4961 2116 5013 neque
2159 4960 2288 4998 con-

725 5033 863 5085 l'usis
934 5048 1101 5083 unum
1145 5031 1446 5095 Christum,
1486 5035 1743 5100 Spiritum
1776 5044 2027 5087 sanctum
2062 5036 2116 5085 in
2162 5049 2290 5086 suas

721 5123 954 5186 animas,
985 5123 1143 5189 quasi
1176 5126 1414 5178 animam
1456 5127 1744 5194 aecipiam,
1797 5136 1850 5178 et
1886 5127 1958 5177 ita
2004 5127 2290 5178 nominen-

726 5223 813 5264 tur
856 5214 1062 5278 lideles,
1095 5224 1149 5270 et
1179 5218 1338 5286 quasi
1377 5233 1595 5271 sursum
1619 5215 1860 5280 conﬂati,
1893 5230 1955 5268 ac
1986 5217 2051 5268 de
2081 5216 2290 5284 integro

726 5305 854 5368 ﬁcti,
897 5315 952 5358 et
1006 5323 1034 5359 a
1105 5311 1375 5380 principio
1428 5311 1725 5374 informati,
1791 5327 1854 5364 ac
1897 5325 1993 5378 per
2040 5319 2288 5363 sanctum

727 5397 1000 5465 baptisma
1033 5401 1335 5467 reformati,
1368 5404 1606 5472 factique
1640 5404 1841 5468 denuo,
1872 5404 2047 5470 qualis
2079 5403 2290 5470 primus

727 5491 889 5548 homo
919 5501 1062 5559 erat,
1091 5497 1274 5550 animo
1318 5503 1370 5549 et
1402 5497 1756 5561 conscientia,
1799 5503 1853 5548 et
1887 5495 2137 5549 sensibus
2177 5508 2293 5547 om-

797 5704 844 5736 ⁸⁸
879 5703 1024 5758 l’sal.
1060 5721 1121 5767 It,
1159 5705 1249 5758 Η.
1322 5705 1368 5738 ⁸⁹
1405 5703 1550 5760 Psal.
1577 5700 1744 5767 L,18.
1849 5701 1892 5732 ’⁸
1927 5697 2062 5754 Ibid.
2098 5696 2184 5752 i9.

732 5775 778 5808 “
807 5774 851 5830 Il
887 5776 1012 5832 Cor.
1045 5791 1116 5838 νι,
1171 5776 1256 5827 14.

1322 5705 1368 5738 ⁸⁹
1405 5703 1550 5760 Psal.
1577 5717 1628 5767 ι,
1657 5700 1744 5754 l8.

2298 5695 2340 5729 "
2375 5693 2393 5749 l
2427 5693 2555 5753 Cor.
2590 5707 2685 5757 xu,
2717 5690 2769 5745 3.

2398 3204 2734 3275 impossibile
2775 3212 2860 3256 est
2883 3190 3134 3271 prorsus,
3171 3199 3278 3252 nisi
3307 3199 3504 3249 horum
3534 3190 3976 3258 uniuscujusque

2399 3300 2582 3354 anima
2619 3313 2718 3367 pro
2755 3308 3010 3349 mensura
3045 3290 3168 3344 ﬁdei
3206 3289 3377 3357 ipsius
3422 3287 3477 3338 in
3514 3286 3816 3346 Christum,
3852 3280 3976 3348 Spi-

2400 3394 2540 3444 ritus
2597 3389 2772 3442 sancti
2807 3385 3078 3456 particeps
3132 3379 3542 3442 liat.Quouiam
3600 3391 3751 3428 nemo
3809 3383 3976 3440 potest

2397 3482 2570 3533 dicere
2606 3479 2862 3530 Dominus
2909 3473 3091 3535 Jesus,
3117 3471 3216 3522 nisi
3248 3471 3298 3521 in
3337 3467 3538 3532 Spiritu
3583 3463 3857 3517 sancto“.
3915 3459 3979 3512 Et

2396 3573 2522 3640 quia
2589 3569 2815 3636 Spiritus
2887 3575 2989 3629 est,
3034 3565 3086 3616 in
3130 3578 3234 3628 quo
3313 3560 3630 3617 adoramus,
3681 3565 3735 3607 et
3788 3565 3979 3618 preces

2398 3667 2600 3720 inimus
2624 3665 2691 3717 θ’.
2728 3661 2793 3714 Et
2838 3661 2963 3729 quia
3001 3657 3098 3710 Ubi
3149 3655 3382 3723 Spiritus
3423 3651 3656 3712 Domini,
3692 3648 3764 3699 ibi
3813 3649 3975 3698 liber-

2397 3770 2477 3810 tas
2507 3759 2576 3818 ⁸³,
2612 3756 2830 3808 libertas
2878 3761 3056 3804 autem
3119 3756 3172 3801 et
3225 3744 3489 3799 securitas
3546 3757 3574 3793 a
3632 3739 3977 3793 daemonibus

2398 3851 2675 3914 videlicet,
2729 3846 2823 3915 qui
2859 3845 3066 3906 odium,
3125 3839 3426 3900 tristitiam,
3483 3835 3976 3895 perturbationem,

2396 3938 2926 4008 pusillanimitatem,
2979 3931 3303 4000 pravitatem
3362 3940 3595 3985 morum,
3654 3923 3980 4002 nequitiam.

2394 4030 2860 4089 incredulitatem,
2919 4020 3298 4081 iracundiam,
3360 4013 3842 4080 intemperantiam
3922 4027 3974 4063 in

2396 4126 2577 4176 anima
2611 4121 2876 4173 excitant.
2915 4114 3125 4180 Quibus
3167 4112 3258 4180 qui
3293 4107 3580 4161 constricti
3641 4114 3794 4166 sunt,
3841 4102 3979 4170 jeju-

2394 4225 2610 4278 nantcs,
2651 4214 2815 4263 vitam
2870 4208 3173 4260 solitariam
3259 4201 3612 4267 quietamque
3671 4202 3973 4252 sectantes,

2397 4303 2835 4374 possessionibus
2864 4308 3135 4356 carentes,
3189 4295 3420 4346 multum
3469 4287 3787 4356 psallentes,
3837 4284 3976 4338 divi-

2397 4411 2592 4448 narum
2631 4393 3038 4458 Scripturarum
3090 4385 3492 4452 explanatores,
3542 4376 3976 4428 orthodoxorum

2399 4488 2709 4550 dogmatum
2735 4480 3164 4543 conscriptores,
3196 4484 3247 4526 et
3291 4469 3535 4538 magistri
3573 4466 3972 4529 Ecclesiarum,

2395 4588 2449 4631 et
2478 4572 2837 4631 SHIICIISthlti,
2867 4566 3261 4635 acjustissimi,
3291 4571 3340 4615 et
3374 4563 3531 4627 longe
3550 4556 3979 4644 religiosissimi,

2394 4683 2516 4720 cum
2579 4664 2822 4722 Christo,
2860 4675 2988 4712 vero
3033 4659 3262 4717 lumine,
3291 4654 3382 4722 qui
3421 4665 3638 4703 onlnem
3697 4652 3975 4703 hominem

2395 4767 2588 4828 Sponte
2625 4771 2720 4808 sua
2761 4756 2813 4806 in
2849 4767 3036 4805 verum
3086 4748 3348 4801 mundum
3372 4748 3635 4799 virtutum
3666 4747 3977 4799 venientem

2398 4853 2696 4911 illuminat,
2766 4857 2975 4915 partem
3036 4845 3236 4895 habere
3299 4858 3405 4894 non
3460 4848 3746 4910 possunt:
3802 4837 3971 4890 Nulla

2399 4948 2527 4998 enim
2565 4943 2782 4995 societas
2818 4940 2918 4990 turi
2946 4937 3012 4987 ad
3042 4935 3274 4987 tenebras
3302 4933 3367 4987 ³⁸.

2967 5089 3221 5146 ORATIO
3254 5087 3393 5146 XVI.

2993 5219 3370 5259 ARGUMENTUH.

2404 5355 2568 5406 Deum
2604 5357 2812 5415 propter
2843 5344 3176 5397 c.rce!ten.'em
3203 5341 3512 5415 chari'gtem
3545 5335 3726 5415 multis
3753 5331 3978 5415 calenti.

2483 5402 2854 5473 tntihus'homi
2879 5432 2974 5467 :cm
3006 5412 3326 5475 exposuisse.
3363 5408 3671 5466 Penuriam,
3708 5420 3797 5475 seu
3840 5402 3979 5453 indi-

2479 5495 2703 5560 gentiam
2736 5486 2828 5538 Dei
2853 5499 3039 5537 munus
3067 5474 3199 5544 esse,
3232 5481 3420 5549 quique
3454 5493 3569 5531 eam
3619 5474 3756 5542 fugit
3783 5512 3798 5537 ,
3857 5486 3976 5523 eum

2885 5689 2930 5721 "
2958 5684 3114 5742 Joan.
3157 5700 3232 5744 iv,
3259 5683 3351 5737 24.
3453 5679 3500 5713 ’³
3537 5677 3582 5732 ιι
3617 5673 3747 5730 Cor.
3779 5687 3860 5740 tu,
3892 5673 3970 5728 Π.
