4128 6338
225 354 332 414 Rx“)
1611 355 1893 416 ORATIO
1927 359 2073 422 XVI.
3362 369 3463 432 390

294 457 755 548 Christianismum
792 456 973 548 fugere
1056 455 1152 548 psi
1171 459 1304 548 cuitu
1337 463 1645 515 sententiam
1683 480 1778 514 ua-
1806 462 1853 518 Α
1879 477 1930 522 et
1971 469 2299 525 inevitabilia
2349 471 2562 528 vincula
2617 473 2929 546 indigentia:
2981 478 3168 548 fugere
3217 476 3409 536 volens
3448 506 3462 528 ν

621 529 626 535 .
1114 530 1122 537 .
1287 531 1295 537 .
2483 526 2505 528 "
2541 526 2560 527 "
2619 526 2629 528 ν
2659 526 2928 546 ⁷“”“υ“““”””⁷
2981 526 3167 548 "D""
3226 526 3272 536 "
3293 526 3408 534 "'"'

297 526 1778 631 5.3232333.'L°.'12i.C‘iﬁ‘SZii..f’X.Tii’.‘:’ff!€2iifiiﬁiiiﬁfﬂ‘
2253 565 2573 629 οοηιεηαίι.
2617 576 2674 620 ιιι
2706 568 2758 622 in
2971 572 3120 624 ηυιιιι
3167 588 3226 626 re
3278 581 3439 631 επιεει

295 608 490 656 tiarum
527 587 782 648 actionem
804 587 1005 648 docere.
1027 595 1190 663 Cujus
1213 600 1288 649 rei
1307 615 1464 652 causa
1487 587 1778 667 peccatum,
1889 587 2213 667 κ’,δδωίρίῖω
2253 587 2532 667 ωηῆεηωι
2560 606 2573 629 ’
2617 587 2674 620 ω
2706 587 2758 622 m
2809 587 2918 667 vim
2971 587 3120 624 num
3164 588 3226 667 _"°
3278 587 3461 667 θεθδι·

293 648 486 730 ςίῶλί,
518 676 565 717 ει
601 680 738 716 mor,
769 648 1119 719 επειειεηηιί
1175 648 1183 649 “
1251 648 1281 649 ”
1889 648 2023 702 Hinc
2071 662 2161 705 aut
2210 656 2496 719 occultus,
2553 667 2645 710 aut
2695 659 3018 716 manifestus
3065 672 3118 716 et
3163 663 3460 735 impudens

1887 741 2181 795 alienorum
2233 745 2448 798 invasor
2474 788 2488 810 ,
2522 762 2718 802 avarus
2745 791 2758 815 ,
2795 751 3026 818 injustus
3055 793 3068 816 ,
3122 769 3289 825 rapax
3332 764 3407 812 sit
3437 787 3474 822 ,-

1888 830 2002 882 zelo
2028 831 2281 896 agitatur,
2319 833 2555 896 invidet,
2594 837 2802 892 rixatur
2828 882 2841 901 ,
2880 843 3140 896 mentitur
3171 886 3185 909 ,
3217 847 3452 914 pejerat,

1889 919 2200 982 insidiatur,
2238 923 2621 987 calumniatur,
2661 931 2957 998 maledicit,
2997 946 3220 1002 pugnat,
3257 938 3456 993 irasci-

1887 1019 1997 1074 tur,
2022 1011 2206 1074 bellat,
2227 1028 2284 1067 se
2311 1015 2616 1079 ulciscitur,
2647 1020 3049 1086 occidit,etiam
3077 1026 3256 1095 ipsum
3283 1029 3451 1084 Deum

1887 1111 2240 1158 contemnens
2271 1106 2693 1173 quodammodo.
2727 1113 2818 1179 qui
2850 1116 2992 1167 velut
3037 1128 3453 1187 temporaneum

1887 1194 2214 1263 supplicium
2247 1194 2298 1246 in
2351 1195 2451 1248 hac
2503 1197 2609 1249 vita
2657 1200 3005 1269 indigentiam
3061 1221 3179 1263 esse
3233 1213 3452 1278 voluit,

1888 1301 2051 1354 quam
2105 1286 2420 1339 mortalium
2473 1289 2654 1356 generi
2706 1294 3025 1360 protoplasti
3087 1302 3452 1370 transgressio

1887 1375 2144 1439 induxit,
2187 1385 2240 1430 et
2273 1376 2382 1430 Deo
2437 1377 2752 1432 inimicitias
2810 1381 3024 1450 indicit,
3059 1400 3118 1442 ac
3160 1400 3448 1456 propterea

1886 1482 2065 1521 rerum
2107 1467 2291 1536 copias
2320 1469 2424 1523 sibi
2452 1485 2671 1539 parans,
2701 1471 2824 1526 inde
2847 1474 3136 1542 gloriosus,
3163 1485 3454 1549 superbus,

1881 1559 2250 1629 jactabundus
2279 1563 2546 1617 redditur.
2578 1564 2720 1630 Quid
2773 1566 3012 1624 deinde?
3059 1571 3314 1630 Dominus
3359 1594 3453 1630 su-

1885 1653 2054 1719 perbis
2085 1653 2284 1706 resistit
2323 1654 2390 1720 ”,
2427 1663 2480 1708 et
2513 1657 2730 1711 tandem
2764 1666 3006 1714 extrema
3044 1663 3164 1733 ejus
3197 1665 3253 1720 in
3304 1683 3454 1721 eam-

1886 1745 2006 1798 dem
2082 1744 2487 1799 damnationem
2550 1762 2673 1801 cum
2731 1748 3009 1806 desertore
3072 1756 3164 1808 Dei
3235 1754 3454 1813 diabolo

1886 1834 2106 1889 cadunt.
2136 1834 2288 1889 Scire
2320 1835 2484 1904 igitur
2519 1837 2665 1902 licet,
2709 1839 3067 1908 indigentiam
3098 1845 3308 1915 justum
3333 1864 3454 1904 esse

1885 1938 1914 1976 a
1944 1923 2052 1978 Deo
2086 1924 2407 1992 supplicium
2430 1962 2446 1988 ,
2480 1935 2741 1996 gratoque
2795 1929 3073 1986 ferendam
3120 1937 3303 1991 animo
3326 1979 3342 2003 ,
3390 1947 3452 1993 ut

1885 2015 1957 2068 ita
1991 2015 2520 2070 commiserationem
2553 2027 2606 2070 et
2637 2019 3074 2076 misericordiam
3106 2066 3120 2089 ,
3178 2036 3232 2080 et
3263 2031 3449 2094 provi-

1884 2102 2120 2158 dentiam
2146 2103 2236 2158 Dei
2270 2104 2324 2157 in
2354 2119 2453 2159 nos
2490 2106 2812 2162 excitemus.
2843 2109 3054 2164 Idcirco
3091 2112 3251 2176 Quem
3277 2120 3450 2187 diligit

1884 2196 2138 2249 Dominus
2168 2195 2413 2265 castigat,
2456 2197 2616 2266 longe
2657 2215 2780 2252 eum
2836 2215 2863 2254 a
2918 2207 3172 2273 superbia
3220 2220 3450 2278 propter

1883 2288 2235 2355 indigentiam
2289 2302 2632 2345 removens:
2702 2291 2961 2362 Flagellat
3031 2308 3202 2352 autem
3248 2319 3449 2357 onmem

1879 2378 2071 2446 ﬁlium,
2095 2396 2242 2446 quem
2278 2382 2455 2446 recipit
2490 2382 2561 2446 ",
2607 2397 2699 2449 per
2725 2385 2944 2440 morbos
2989 2389 3168 2442 varios
3191 2431 3206 2457 ,
3262 2401 3316 2447 et
3367 2395 3450 2450 iu-

1879 2469 2221 2524 valetudines
2254 2486 2376 2524 eum
2404 2471 2504 2526 sibi
2535 2475 2819 2540 c0pulans,
2852 2477 3054 2544 gratias
3098 2490 3364 2546 agentem,
3391 2493 3445 2538 et

1878 2561 2195 2629 patientem,
2227 2570 2280 2616 et
2310 2577 2406 2631 pro
2440 2563 2819 2632 hujuscemodi
2841 2569 3196 2624 certaminum
3231 2588 3434 2630 corona

1882 2649 2224 2717 adoptionem
2253 2660 2647 2720 reportantem.
2686 2655 2898 2709 Etenim
2929 2660 3301 2728 protOplastus
3332 2678 3440 2718 non

1880 2741 1948 2793 ob
1978 2741 2122 2792 aliud
2155 2741 2376 2795 violavit
2405 2744 2747 2807 mandatum,
2780 2747 2884 2800 nisi
2919 2750 3063 2815 quod
3105 2740 3249 2804 nulla
3284 2769 3443 2820 pror-

1881 2844 1976 2883 sus
2009 2845 2065 2883 re
2107 2839 2313 2898 egeret,
2350 2839 2605 2900 essetque
2638 2835 2758 2887 sine
2780 2835 2962 2890 labore
2995 2837 3149 2893 dives
3175 2839 3442 2897 bonorum

1881 2931 2150 2972 omnium.

297 782 434 835 Deus
459 777 733 832 hominem
769 784 892 847 post
920 778 1129 847 lapsum
1164 781 1453 835 timoribus
1486 782 1693 840 multis.
1730 791 1782 835 et

223 869 529 938 omnigenis
551 868 797 932 casibus,
825 870 984 938 quasi
1019 886 1174 925 muro
1203 873 1442 934 vallavit,
1467 880 1520 925 et
1547 872 1785 935 undique

222 963 348 1016 fecit
397 960 573 1014 turbis
624 974 687 1014 ac
744 962 1052 1017 terroribus
1097 964 1278 1030 impeti
1323 975 1498 1048 atque
1542 966 1782 1031 jactari,

220 1051 512 1119 ipsumque
545 1052 598 1104 iu
626 1065 685 1106 se
715 1065 746 1104 a
785 1053 1079 1120 semetipso
1104 1055 1428 1123 oppugnari.
1463 1055 1644 1108 Causa
1686 1054 1786 1108 hu-

216 1143 306 1210 jus
339 1143 442 1203 rei,
471 1141 830 1205 admirabilis,
863 1145 1117 1213 omnique
1143 1146 1407 1200 charitate
1433 1161 1497 1200 ac
1544 1146 1785 1200 bonitate

220 1229 419 1283 referta
449 1237 554 1284 est.
593 1229 746 1283 Sicut
773 1231 914 1284 enim
946 1241 1100 1300 pater
1131 1234 1405 1303 quispiam
1436 1273 1453 1301 ,
1511 1235 1662 1288 dives
1719 1248 1783 1287 ac

221 1319 529 1372 fortunatus
589 1318 747 1371 bonis
787 1320 1061 1387 omnibus,
1122 1322 1166 1375 si
1210 1323 1379 1376 tilium
1424 1323 1643 1377 haberet
1681 1323 1784 1377 sibi

222 1407 392 1460 multo
427 1407 836 1474 charissimum,
865 1424 928 1463 ac
958 1420 1180 1480 propter
1212 1414 1609 1467 vehementiam
1633 1428 1784 1468 amo-

217 1500 296 1554 ris
321 1515 447 1569 erga
478 1501 619 1553 hunc
657 1515 970 1573 germanum
1003 1518 1066 1557 ac
1097 1505 1356 1559 dilectum
1393 1505 1562 1559 tilium
1620 1521 1779 1559 suum

220 1605 319 1642 nec
364 1590 569 1654 cibum,
601 1604 701 1643 nec
731 1601 914 1658 potum
942 1633 956 1657 ,
989 1607 1090 1647 nec
1118 1603 1322 1649 vestem
1351 1634 1366 1659 ,
1402 1611 1504 1650 nec
1527 1597 1738 1651 calceos
1764 1634 1781 1661 ,

219 1696 321 1734 nec
355 1681 499 1735 aliud
528 1682 893 1748 commodum,
918 1685 1399 1752 recreationemvc,
1427 1689 1532 1742 nisi
1568 1697 1782 1743 tantum

219 1773 288 1825 ab
321 1789 379 1828 se
409 1775 650 1843 genitore
683 1775 838 1829 vellet
878 1774 1031 1829 illum
1063 1776 1308 1845 accipere
1336 1819 1348 1840 ,
1399 1788 1459 1832 ut
1513 1779 1720 1832 idcirco
1751 1792 1781 1831 a
1813 1789 1855 1842 Β

217 1865 392 1934 patris
427 1865 596 1920 latere
625 1878 905 1934 nunquam
954 1866 1299 1932 discederet,
1352 1875 1404 1920 et
1445 1883 1609 1934 super
1662 1867 1782 1933 ejus

215 1969 392 2023 genua
424 1956 794 2024 requiesceret
823 1974 834 2008 :
874 1957 917 2011 si
951 1957 1167 2023 quando
1194 1966 1370 2010 autem
1396 1972 1424 2009 a
1461 1964 1619 2024 patre
1654 1957 1784 2010 alie-

217 2045 336 2096 nari
371 2060 500 2097 cum
533 2045 891 2113 contingeret,
921 2047 1068 2099 etab
1098 2045 1236 2109 aliis,
1271 2061 1378 2098 non
1414 2060 1442 2097 a
1471 2055 1692 2114 parente
1716 2046 1782 2098 ad

216 2150 375 2188 usum
414 2151 569 2190 suum
601 2139 912 2191 necessaria
949 2137 1050 2190 sibi
1080 2137 1308 2205 praeberi
1345 2138 1525 2202 vellet,
1547 2146 1639 2190 aut
1673 2151 1782 2190 non

214 2223 507 2301 inveniret,
539 2234 634 2279 aut
658 2227 902 2281 invenire
932 2227 1150 2295 quidem
1177 2266 1191 2290 ,
1223 2228 1314 2281 sed
1371 2229 1425 2281 in
1472 2229 1672 2282 sudore
1717 2243 1782 2283 ac

212 2314 399 2369 labore
429 2325 478 2370 et
513 2316 807 2371 amictioue
839 2317 1130 2384 acciperet,
1164 2318 1305 2385 quod
1339 2319 1594 2374 omnibus
1638 2320 1778 2387 patri

210 2406 580 2461 servientibus
614 2405 770 2459 valde
817 2406 965 2460 serio
1008 2406 1335 2475 imperatum
1379 2417 1562 2472 esset,
1617 2410 1775 2464 talem

208 2493 380 2546 ﬁlium
415 2496 642 2550 missum
677 2494 876 2558 facere,
911 2495 1196 2564 repellere,
1232 2505 1286 2551 et
1317 2497 1491 2552 modis
1521 2499 1777 2554 omnibus

209 2581 476 2636 molestiis
512 2583 741 2648 allicere,
775 2583 995 2652 quando
1029 2592 1181 2637 extra
1216 2585 1384 2652 patris
1417 2595 1773 2656 conspectum

206 2683 514 2727 versantem
549 2672 822 2738 viderent,
845 2684 902 2726 ut
927 2675 1052 2728 alibi
1078 2690 1184 2728 non
1203 2677 1486 2730 inveniens
1512 2678 1773 2745 requiem,

207 2761 433 2814 adactus
469 2763 808 2826 necessitate,
839 2772 891 2815 et
919 2763 1118 2816 invitus
1150 2764 1218 2816 ad
1247 2773 1452 2830 patrem
1479 2805 1493 2830 ,
1525 2767 1618 2834 qui
1649 2783 1771 2822 eum

207 2850 623 2914 incredibiliter,
658 2861 710 2904 et
748 2850 870 2919 plus
901 2851 1156 2905 omnibus
1193 2853 1497 2919 dilexisset,
1531 2869 1774 2910 reverte-

210 2955 356 2997 retur
384 2984 398 3007 ,
427 2943 479 2996 in
505 2957 680 3011 eoque
708 2941 1130 3010 conquiesceret
1170 2959 1182 2993 :
1221 2942 1412 2997 eodem
1440 2945 1602 2999 modo
1635 2945 1776 3001 Deus

207 3033 316 3102 egit
347 3047 472 3086 cum
506 3031 727 3085 homine
753 3070 768 3095 ,
798 3039 857 3085 ut
887 3031 1090 3084 nullam
1121 3031 1179 3085 in
1213 3046 1313 3086 uac
1346 3034 1457 3089 vita
1496 3035 1775 3105 rebusque
1952 3031 2130 3094 Quare
2160 3029 2249 3097 qni
2289 3029 2640 3098 indigentiam
2677 3033 2832 3103 fugit,
2859 3051 3020 3103 quam
3045 3036 3278 3110 effugere
3301 3057 3436 3098 nun-

208 3123 397 3177 mundi
432 3123 671 3190 requiem
729 3122 1013 3178 inveniens
1068 3122 1361 3192 (quoniam
1417 3125 1531 3180 haec
1593 3129 1776 3182 omnia
1809 3117 1853 3174 (3
1886 3136 2045 3192 quam
2082 3122 2300 3191 pomerii.
2342 3120 2454 3177 Deo
2484 3123 2699 3176 videtur
2730 3124 3049 3193 adversari,
3103 3138 3155 3184 et
3207 3131 3271 3185 ab
3323 3134 3431 3202 ipso

203 3215 462 3278 vannus)
493 3213 554 3266 ad
592 3215 793 3266 [ιοηυπι
827 3213 1018 3277 Deum,
1061 3213 1369 3281 Dominum,
1404 3215 1626 3282 Iterum,
1665 3217 1775 3271 Pa-
1879 3212 2288 3281 pronuntiatam
2321 3212 2666 3278 sententiam,
2700 3214 3168 3286 naturaeque'loco
3219 3227 3431 3278 consti-

204 3316 366 3370 trem,
405 3304 683 3368 Tutorem,
725 3303 1069 3358 Provisorem
1100 3345 1114 3368 ,
1149 3306 1563 3374 Redemptorem
1595 3348 1610 3373 ,
1657 3310 1778 3363 Sal-
1879 3310 2075 3364 ιυῐὶιῐην
2106 3302 2260 3370 quasi
2292 3311 2475 3357 θνοτίε
2491 3319 2546 3357 τε
2579 3305 2788 3369 Conari.
2819 3321 3009 3374 ιιθηιρθ
3038 3324 3141 3377 qua
3166 3312 3336 3378 jubet,
3381 3326 3430 3369 ut

203 3401 449 3448 vatorem
479 3398 849 3447 reverteretur
877 3431 891 3453 ,
923 3399 975 3445 et
1002 3406 1125 3444 cum
1157 3408 1221 3447 eo
1251 3396 1598 3450 continenter
1652 3414 1777 3452 ver-
1875 3391 1931 3443 δη
1961 3392 2148 3446 sudore
2181 3393 2355 3446 uultus
2395 3393 2565 3446 nostri
2593 3411 2777 3462 panem
2805 3406 3040 3451 nostrum
3087 3406 3436 3470 comedamus,

205 3491 438 3543 saretur,
467 3488 522 3535 et
553 3479 824 3532 inveniret
853 3478 968 3547 ipse
999 3480 1222 3548 quidem
1262 3485 1505 3551 requiem
1545 3523 1561 3550 ,
1610 3484 1775 3541 Pater
1875 3483 2039 3534 donec
2070 3492 2394 3536 revertamur
2415 3484 2469 3536 in
2495 3492 2712 3548 terram,
2750 3484 2816 3537 de
2835 3501 2936 3553 qua
2958 3492 3154 3557 sumpti
3175 3509 3351 3548 sumus
3369 3496 3438 3549 ⁸⁷.

207 3581 386 3627 autem
403 3581 457 3626 et
474 3570 615 3625 Deus
635 3584 700 3624 eo
716 3568 1110 3637 perfrueretur,
1129 3585 1190 3624 ac
1208 3587 1368 3642 super
1387 3588 1452 3627 eo
1476 3575 1770 3631 laetaretur.
1875 3570 2144 3634 Quoniam
2176 3571 2340 3640 igitur
2377 3571 2676 3641 indigentia
2719 3575 2948 3642 quilibet
2999 3578 3203 3632 homini
3251 3580 3307 3634 in
3337 3583 3438 3638 hoc

206 3664 330 3718 Erat
358 3665 525 3725 enim,
555 3679 680 3717 cum
711 3665 873 3718 homo
919 3663 1322 3720 circumﬂueret
1375 3667 1630 3721 omnibus
1675 3683 1770 3724 co-
1874 3664 2095 3726 saeculo.
2131 3677 2298 3731 Parvo
2337 3673 2391 3716 ϐε
2422 3679 2617 3731 magno
2649 3668 2921 3721 ητιιιιηῐίε
2957 3683 3120 3735 Poena
3162 3680 3248 3726 es!
3273 3712 3288 3736 ν
3341 3673 3435 3742 qui

204 3758 350 3826 pus,
403 3763 460 3809 ci
506 3763 726 3823 propter
771 3769 890 3809 eam
949 3755 1346 3810 abundantiam
1404 3757 1458 3811 in
1487 3759 1672 3827 quiete
1705 3773 1768 3812 ac
1874 3754 2012 3806 hanc
2040 3752 2540 3820 qumriteﬂ'ugere,
2595 3755 2645 3806 in
2706 3770 2892 3822 pcenas
2942 3761 3299 3827 sempiternas
3351 3765 3438 3818 in-

203 3847 484 3915 voluptate
511 3853 658 3899 esset
685 3883 700 3906 .
737 3853 1066 3915 vacaretque
1114 3845 1408 3902 afﬂictione
1452 3857 1506 3902 et
1554 3849 1770 3918 azgritu-
1872 3849 2073 3896 curret.
2108 3843 2278 3896 Aliter
2313 3842 2458 3895 enim
2491 3857 2655 3909 quam
2693 3859 2787 3911 per
2824 3849 3111 3901 avaritiam
3138 3888 3155 3916 ,
3215 3854 3435 3920 injusti-

203 3935 348 4000 dine,
386 3934 631 4004 gaudens
669 3942 722 3988 et
766 3935 1048 3990 exeultans
1073 3978 1089 4001 ,
1141 3938 1488 4008 ncsciretque
1543 3955 1768 4009 prorsus
1873 3936 2022 3996 tiam,
2051 3934 2318 4002 rapinam,
2350 3943 2674 4002 praesentem
2708 3934 3063 4003 indigentiam
3089 3943 3302 4009 explere
3326 3961 3430 4002 non

201 4025 330 4093 quid
355 4025 622 4092 aegritudo
649 4033 815 4079 esset.
853 4025 927 4077 Ex
960 4027 1286 4096 negligentia
1320 4028 1484 4097 igitur
1546 4039 1769 4099 propter
1871 4026 2049 4080 datur.
2086 4025 2235 4079 Solet
2273 4033 2456 4079 autem
2514 4027 2782 4081 bonorum
2828 4027 2984 4095 copia
3037 4046 3294 4097 generare
3337 4050 3432 4088 su-

201 4116 532 4170 aliiuentiam
557 4116 886 4170 desiderium
917 4118 1207 4185 parturivit
1234 4132 1421 4172 eorum
1455 4135 1575 4187 qua:
1601 4136 1768 4189 supra
1871 4119 2135 4186 perbiam,
2169 4117 2314 4170 unde
2348 4121 2590 4186 peccatis
2620 4117 2946 4186 principium
2972 4159 2986 4182 ,
3018 4127 3071 4172 et
3121 4132 3303 4190 caput.
3351 4125 3430 4181 Ea

201 4210 376 4276 ipsum
405 4217 584 4270 erant,
619 4217 669 4260 et
698 4223 821 4274 quae
850 4211 1070 4276 assequi
1106 4223 1210 4261 non
1253 4220 1500 4276 poterat,
1534 4220 1589 4263 et
1646 4227 1768 4280 qua:
1871 4216 2164 4277 prostrata,
2210 4208 2505 4276 superbum
2555 4217 2610 4262 et
2660 4220 3008 4277 arrogantem
3072 4214 3245 4281 turpia
3287 4216 3434 4271 desi-

200 4316 320 4354 cum
353 4297 624 4366 tetigisset
651 4339 665 4361 ,
703 4305 761 4348 ut
793 4297 868 4350 illi
902 4297 1188 4350 videbatur
1217 4337 1232 4361 ,
1260 4298 1326 4351 de
1354 4299 1467 4366 ipsa
1497 4300 1584 4352 illa
1614 4302 1767 4368 copia
1873 4301 2071 4367 gnaudi
2099 4300 2350 4352 voluntas
2383 4299 2589 4352 invadit
2619 4338 2633 4360 ,
2665 4313 2783 4366 quae
2817 4314 2883 4352 ex
2919 4301 3155 4354 amentia
3187 4341 3202 4366 ,
3249 4315 3301 4359 et
3324 4307 3436 4364 dis-

201 4397 254 4444 et
284 4388 619 4443 abundantia
663 4387 942 4456 dejectus,
975 4388 1041 4441 ad
1122 4387 1456 4453 multorum,
1499 4391 1606 4444 imo
1638 4407 1770 4446 sane
1801 4429 1844 4483 Β
1873 4405 2028 4444 cessu
2084 4404 2112 4441 a
2147 4398 2292 4442 recta
2346 4389 2558 4442 ratione
2596 4390 2968 4458 progignitur.
3011 4390 3200 4447 Omnis
3251 4396 3432 4463 itaque

201 4479 444 4534 omnium
476 4479 757 4546 penuriam
787 4476 1038 4530 redactus
1086 4486 1168 4531 est
1193 4516 1206 4542 ,
1240 4478 1294 4530 in
1341 4485 1490 4532 tanta
1536 4491 1771 4550 egestate
1803 4476 1837 4483 ⁷
1874 4480 2219 4535 Christianus
2250 4479 2342 4548 qui
2371 4481 2727 4547 indigentiam
2761 4484 2944 4547 tngere
2985 4479 3232 4549 laborat,
3266 4488 3429 4543 etiam

201 4570 534 4626 constitutus
561 4608 574 4632 ,
607 4578 665 4621 ut
699 4583 924 4621 summa;
977 4568 1321 4623 abundantiae
1368 4585 1580 4625 summa
1632 4573 1775 4626 indi-
1873 4585 2183 4640 germanum
2219 4571 2704 4625 Christianismum
2734 4570 2890 4637 fugit.
2921 4567 3055 4623 Esse
3088 4574 3229 4626 enim
3268 4577 3428 4632 Chri-

201 4661 378 4727 gentia
402 4677 434 4716 e
467 4661 688 4728 regione
718 4699 731 4722 ,
763 4666 815 4712 et
839 4675 905 4712 ex
949 4659 1219 4713 diametro
1250 4673 1618 4730 Opponeretur
1643 4681 1658 4729 ;
1687 4679 1774 4717 ar-
1873 4663 2132 4723 stianum,
2170 4669 2222 4713 et
2251 4661 2451 4714 nullius
2479 4676 2637 4730 egere
2660 4702 2674 4726 ,
2701 4662 3037 4731 impossibile
3079 4673 3182 4719 est.
3217 4664 3428 4722 Etenim

200 4751 508 4818 rogantiam
533 4750 650 4804 scil.
691 4750 995 4815 vindicans,
1037 4753 1176 4806 unde
1198 4754 1369 4806 audax
1399 4755 1529 4808 illud
1560 4753 1770 4812 facinus
1873 4748 2013 4803 Deus
2038 4749 2211 4803 DOSU‘i
2248 4749 2442 4803 Similis
2475 4750 2614 4804 ίηῑει·
2643 4767 2742 4806 n05
2773 4751 2974 4817 faCius.
3029 4764 3086 4809 υῑ
3133 4758 3428 4812 humanam

199 4838 520 4903 exstitisset,
555 4853 660 4906 quo
705 4839 760 4892 in
819 4840 1074 4894 donatam
1123 4842 1228 4896 sibi
1280 4841 1611 4898 amuentiarn
1663 4860 1770 4914 prae
1871 4851 2116 4894 naturam
2144 4856 2316 4910 usque
2341 4856 2370 4894 a
2396 4842 2665 4912 principio
2688 4844 3042 4912 instauraret,
3069 4850 3282 4903 decreta
3308 4865 3428 4913 sua,

200 4928 451 4981 satietate
481 4931 914 4987 contumeliosus
945 4932 1252 4986 exstiterat.
1306 4933 1381 4986 Ex
1437 4950 1545 5002 quo
1587 4945 1767 4990 autem
1869 4948 1988 5002 qua:
2019 4933 2086 4986 ad
2120 4933 2522 4986 damnationem
2555 4940 2989 5002 transgressoris
3041 4939 3278 4994 mandati
3319 4941 3427 5003 sui,

203 5017 257 5071 in
282 5027 582 5086 egestatem
633 5019 884 5086 devenit,
942 5024 1134 5077 multis
1186 5024 1256 5077 ob
1295 5039 1414 5078 eam
1471 5028 1726 5081 utrumuis
1753 5069 1766 5092 ,
1872 5027 2054 5095 primi,
2089 5025 2332 5094 inquam,
2365 5028 2611 5094 parentis
2642 5028 2815 5080 nostri
2849 5029 2998 5094 fecit,
3030 5029 3424 5099 corruptionem

202 5107 504 5172 laboribus,
534 5109 1009 5180 defatigationibus
1036 5118 1369 5183 cumulatur,
1399 5133 1499 5173 nec
1557 5122 1767 5189 expleta
1875 5116 2134 5169 videlicet
2158 5124 2212 5169 et
2235 5123 2464 5170 mortem
2495 5155 2509 5180 ,
2557 5132 2678 5170 cum
2709 5119 2845 5171 dixit
2880 5137 2893 5172 :
2935 5120 2997 5173 In
3039 5123 3226 5174 sudore
3255 5121 3423 5173 vultus

202 5199 449 5267 penuria,
473 5202 741 5266 tristatur,
773 5204 1045 5271 amigitur,
1063 5208 1320 5277 desperat
1353 5211 1766 5277 :naturaliaque

1884 5207 1948 5257 'ui
1988 5206 2219 5261 comede:
2245 5222 2431 5274 panem
2459 5217 2605 5261 tuum
2635 5208 2711 5278 (6)
2747 5229 2759 5265 :
2791 5209 2856 5264 Et
2893 5232 2905 5267 :
2943 5212 3102 5266 Terra
3129 5227 3182 5264 es
3207 5249 3223 5275 ,
3269 5219 3319 5262 et
3360 5210 3418 5264 s'u

271 5372 460 5428 "Jac.
498 5388 572 5436 ιν,
609 5371 661 5426 6.
735 5374 781 5406 "
803 5374 964 5429 Hebr.
1001 5396 1097 5444 xu,
1139 5383 1192 5438 6.
1273 5383 1317 5414 "’
1361 5380 1495 5436 Gen.
1537 5398 1620 5447 tu,
1663 5382 1750 5436 19.

270 5526 346 5595 (6)
380 5527 477 5610 Ilia
503 5527 675 5610 verba
731 5529 940 5610 Domini
994 5530 1085 5610 ad”
1110 5533 1399 5610 Adamnan;
1433 5544 1556 5610 post
1592 5536 1761 5610 divini
1868 5542 1945 5610 eis
1972 5557 2048 5601 es,
2081 5555 2129 5595 et
2162 5544 2215 5596 in
2248 5544 2509 5610 pulverem
2543 5553 2830 5595 reverteris.
2913 5541 2962 5596 el
3000 5540 3087 5594 illa
3113 5539 3176 5593 ad
3203 5540 3364 5596 Evam
3402 5562 3416 5594 :

206 5599 453 5681 praecepti
477 5599 992 5681 .transgressionem
1047 5600 1181 5654 Gen.
1215 5618 1274 5654 Ill
1299 5643 1313 5664 ,
1345 5599 1446 5681 1.9;
1467 5605 1533 5681 l_n
1571 5607 1761 5681 sudore
1868 5609 1937 5681 [η
1978 5599 2156 5664 dolore
2181 5599 2357 5677 paries
2382 5613 2560 5680 ﬁlios;
2600 5609 2690 5663 sed
2715 5610 3022 5678 significans
3048 5625 3283 5677 pronam,
3310 5628 3343 5681 q
3369 5628 3418 5666 ia

205 5666 375 5717 vultus
408 5667 488 5749 tui
523 5668 740 5719 vesceris
766 5683 900 5749 parte
927 5677 1015 5747 tuo
1041 5708 1061 5749 ,_
1090 5683 1193 5722 non
1237 5675 1410 5749 magis
1436 5675 1759 5749 _signiticant
1867 5677 2010 5734 Deus
2040 5666 2241 5746 primos
2267 5666 2552 5749 parentes,
2582 5666 2873 5746 eorumque
2930 5666 3175 5748 posteros
3229 5666 3417 5749 uiiiuim-

207 5743 560 5805 prreceptum,
596 5750 757 5804 quam
797 5737 887 5790 illa
914 5738 1152 5801 ejusdem
1189 5739 1254 5792 ad
1290 5737 1539 5796 eumdem
1577 5761 1589 5796 :
1627 5743 1755 5798 Pul-
1867 5749 1962 5803 vit.
1999 5737 2158 5820 Ergo,
2194 5737 2285 5820 qui
2319 5750 2489 5806 modis
2514 5737 2679 5804 licitis
2711 5737 2945 5813 operam.
2963 5749 3056 5804 dat
3081 5790 3096 5820 ,
3135 5756 3192 5806 ut
3240 5747 3412 5803 ἔδιιαν
