4128 6338
158 379 262 436 3‘33

1513 371 1798 432 ORATIO
1844 376 2034 434 XVII.

3299 371 3398 438 3ῗῦ

158 487 370 551 rarerit,
413 484 614 552 inquit,
641 500 752 537 rere
775 484 922 536 liberi
948 483 1094 537 eritis
1131 484 1171 536 ⁸.
1203 483 1338 538 Cum
1381 500 1508 555 ergo
1543 487 1666 554 quis
1697 501 1725 538 a
1758 491 1802 546 Α
1834 487 1994 541 sibile
2039 496 2140 540 est.
2201 484 2447 540 Aﬂ’ectus
2515 485 2658 539 enim
2717 485 2904 540 morbo
2961 486 3226 556 quispiam
3259 527 3274 551 ,
3311 485 3400 555 qui

156 580 330 632 tribus
362 579 510 629 hisce
549 576 808 629 liberatus
838 577 1022 640 fuerit,
1058 585 1169 629 tum
1197 576 1414 630 demum
1440 619 1453 641 ,
1515 589 1571 630 ut
1613 578 1722 646 jam

154 668 522 729 Christianus,
556 678 609 720 et
636 669 838 722 Christi
871 685 1062 723 servus
1098 671 1322 723 elIectus
1350 709 1367 734 ,
1414 669 1645 739 psallere
1673 661 1741 723 et‘

157 779 314 818 orare
353 763 531 815 debet.
553 761 719 815 .Certe
753 764 898 816 enim
934 762 1025 831 qui
1066 773 1158 816 aut
1198 764 1264 816 ab
1296 764 1382 817 his
1440 764 1615 816 tribus
1645 773 1728 834 ty—

156 856 399 908 rannieis
429 841 831 916 affectionibus,
864 863 956 906 aut
987 854 1052 934 ah
1080 856 1270 908 harum
1319 857 1499 924 aliqua
1531 855 1723 923 subju-

157 958 315 1015 gatus
348 955 453 1006 est,
485 950 648 999 etiam
683 947 943 1000 volensin
987 947 1294 1000 libertatem
1347 962 1405 1002 sc
1446 948 1728 1001 vindicare

155 1040 362 1106 nequit.
399 1037 511 1091 Soli
543 1040 685 1091 enim
723 1039 812 1090 Dei
843 1039 1001 1100 Filio,
1036 1050 1198 1108 atque
1227 1039 1524 1109 Regi'Jesu
1568 1040 1729 1093 Chri-

154 1139 260 1192 sto,
293 1117 595 1184 secundum
632 1141 956 1196 poteStatein
1026 1148 1190 1200 quam
1234 1148 1264 1184 a
1303 1134 1458 1185 Patre
1512 1144 1732 1201 propter

156 1241 341 1278 necem
376 1240 692 1292 perpessam
729 1225 959 1292 accepit,
997 1225 1158 1278 istam
1194 1225 1396 1278 donare
1423 1225 1729 1278 libertatem

154 1331 478 1368 concessum
504 1324 607 1375 est,
633 1316 723 1383 qui
752 1325 871 1383 post
902 1315 1352 1368 resurrectionem
1379 1329 1532 1367 suam
1556 1314 1688 1367 dicit
1714 1329 1730 1368 :

157 1406 298 1460 Data
331 1417 406 1459 est
448 1408 574 1458 mihi
610 1407 775 1459 omnis
821 1416 1049 1473 potestas
1078 1410 1130 1458 in
1162 1407 1287 1458 caelo
1328 1414 1375 1457 et
1427 1407 1478 1457 in
1508 1418 1649 1458 terra
1688 1405 1728 1456 ⁸.

157 1499 232 1551 Ad
267 1500 613 1552 liberatorem
644 1499 809 1566 igitur
847 1497 1312 1560 confugiendum,
1347 1511 1503 1564 quem
1558 1510 1732 1564 penes

157 1590 332 1642 solum
372 1599 455 1642 est
483 1591 584 1641 ista
623 1587 939 1639 auctoritas.
974 1584 1037 1636 Et
1086 1601 1152 1637 ne
1193 1584 1321 1652 quid
1375 1586 1690 1637 omittamus
1717 1624 1732 1649 ,

158 1698 264 1748 quo
301 1683 368 1733 ab
400 1696 508 1733 eoa
539 1680 712 1732 tribus
748 1679 897 1731 hisce
933 1676 1184 1743 tyrannis
1220 1677 1270 1728 in
1305 1677 1611 1728 libertatem
1646 1688 1735 1728 as-

161 1785 430 1833 seruntur,
466 1783 562 1836 pro
591 1784 653 1822 ea
689 1782 789 1820 nos
825 1766 1003 1819 inedia
1057 1780 1431 1827 maceremus,
1486 1771 1538 1816 et
1595 1763 1734 1815 elec-

1830 580 1983 650 prius
2030 580 2167 634 bene
2216 579 2476 644 valebat,
2521 581 2589 633 de
2636 587 2781 633 statu
2826 596 2926 634 suo
2981 583 3031 634 in
3083 596 3191 650 quo
3232 597 3402 638 sanus

1830 679 1948 724 erat
1977 711 1990 733 ,
2038 672 2255 741 cogitat.
2294 672 2493 724 Verum
2528 671 2594 724 ab
2635 671 2748 740 ipsa
2778 674 3166 742 conceptione,
3201 674 3400 727 nedum

1832 761 1916 814 alr
1941 769 2060 811 ortu
2095 771 2148 812 et
2185 756 2341 815 exitii
2365 762 2416 815 in
2457 761 2656 821 lucem.
2696 772 2888 814 natura
2929 779 3089 834 aeger,
3124 768 3400 834 quomodo

1829 851 1957 920 quid
1992 850 2060 903 sit
2089 852 2292 905 sanitas
2330 869 2491 908 nosse
2541 853 2762 922 possit?
2804 853 2913 919 Qui
2959 856 3120 925 etiam
3158 857 3224 911 de
3248 858 3401 911 sani-

1831 952 1941 996 tate
1975 945 2210 996 audiens
2239 985 2252 1007 ,
2300 961 2406 998 non
2435 946 2595 1000 modo
2629 945 2933 999 doctrinam
2964 963 3082 1002 ~non
3130 951 3401 1019 complec-

1846 1043 2012 1093 tetur.
2053 1038 2145 1088 sed
2177 1043 2353 1103 et_pro
2387 1037 2542 1106 nugis
2588 1036 2780 1104 ducet,
2811 1054 2930 1108 quae
2971 1039 3244 1106 dicuntur,
3283 1057 3403 1110 pro-

1831 1134 1953 1192 pter
1991 1140 2145 1177 suam
2179 1126 2615 1181 incredulitatem
2651 1131 2832 1181 omnia
2862 1172 2874 1192 ,
2897 1128 3103 1198 jejunia
3154 1132 3361 1184 scilicet
3388 1171 3402 1191 .

1835 1215 2064 1283 ejusque
2096 1217 2326 1270 comites
2359 1233 2455 1286 pro
2501 1219 2909 1274 incredibilibus
2945 1222 3152 1276 habens
3179 1263 3193 1287 ,
3222 1232 3275 1275 et
3307 1237 3403 1290 pro

1832 1307 2067 1360 vinculis
2122 1308 2436 1367 ferreisule
2487 1312 2724 1378 peccatis
2783 1320 2895 1365 tum
2957 1314 3233 1380 propriis,
3285 1322 3405 1367 tum

1841 1399 2070 1453 fratrum
2113 1400 2183 1453 do
2207 1416 2297 1454 ere
2323 1442 2337 1464 ,
2392 1411 2446 1455 et
2504 1402 2632 1456 ﬂere
2662 1419 2786 1458 cum
2837 1405 3127 1470 ﬂentibus,
3160 1415 3216 1459 ut
3244 1407 3404 1458 etiam

1839 1494 2076 1563 gaudere
2127 1507 2246 1552 cum
2284 1493 2666 1559 gaudentibus.
2718 1494 2826 1548 Sed
2865 1497 2977 1550 hanc
3013 1497 3193 1550 omnia
3223 1500 3406 1559 bona,

1837 1584 2207 1648 admirabilia,
2243 1594 2295 1638 et
2342 1585 2504 1643 laude
2532 1585 2694 1654 digna
2754 1587 2809 1639 in
2843 1589 3071 1640 nihilum
3120 1589 3408 1648 recidunt.

1838 1677 1882 1730 si
1915 1677 1959 1729 is
1990 1715 2004 1738 ,
2034 1677 2124 1743 qui
2157 1691 2218 1729 ea
2252 1661 2623 1742 consectatur,
2656 1676 2746 1731 Dei
2796 1679 3251 1733 sanctiﬁcationis
3289 1696 3409 1748 par-

1840 1766 2008 1834 ticeps
2041 1781 2147 1820 non
2178 1767 2268 1819 liat
2315 1783 2327 1820 :
2366 1767 2470 1820 huc
2508 1768 2651 1832 enim
2699 1783 2806 1822 una
2857 1770 3086 1822 tendunt
3115 1772 3366 1824 universa
3393 1810 3406 1832 .

162 1876 421 1930 mosynas
457 1860 876 1920 distribuamus,
910 1865 966 1911 ut
998 1856 1176 1909 videat
1199 1871 1298 1909 nos
1348 1871 1544 1923 cupere
1575 1855 1742 1910 liher-
1772 1849 1817 1903 Β
1844 1859 1983 1914 sicut
2018 1860 2314 1926 Apostolus
2342 1861 2418 1913 ait
2447 1861 2465 1891 ⁷
2504 1860 2570 1914 de
2603 1863 2670 1915 iis
2702 1877 2838 1930 quos
2871 1864 3009 1918 Deus
3049 1865 3266 1918 erudire
3290 1873 3405 1920 tan-

159 1961 364 2014 tatem,
416 1951 509 2017 qui
561 1952 674 2002 vult
732 1948 1190 2002 misericordiam.
1242 1947 1509 2000 Czeterutn
1569 1956 1737 2016 partte

165 2039 432 2091 libertatis
461 2038 720 2091 indicium
763 2047 866 2097 est,
901 2037 1200 2104 perfectum
1244 2038 1424 2088 odium
1479 2037 1735 2100 illorum;

166 2142 277 2183 uta
313 2145 542 2198 quorum
585 2129 892 2182 cervicibus
927 2127 1240 2195 hoejngum
1291 2127 1489 2181 servile
1549 2126 1739 2196 depul-

164 2238 286 2277 Sum
324 2235 427 2286 est,
467 2223 580 2274 haec
641 2232 892 2288 tanquam
942 2231 1184 2273 monstra
1231 2220 1570 2284 fmdissima,
1620 2235 1739 2289 qua!

167 2315 468 2368 secundum
504 2312 810 2366 Salomonis
842 2315 1275 2366 exsecrationem
1327 2327 1606 2380 nunquam
1639 2313 1739 2364 im-

165 2397 304 2475 pii-ri
337 2415 537 2473 queant
567 2405 628 2467 ',
679 2406 1015 2463 detestentur
1063 2405 1247 2456 etiam.
1305 2403 1494 2470 Itaque
1538 2403 1737 2456 bonum

166 2507 253 2550 est
287 2497 526 2564 psallere
563 2495 692 2557 Deo,
731 2511 907 2558 orare,
937 2494 1206 2562 jejunare,
1237 2494 1482 2559 vigilare,
1528 2494 1742 2547 miseri-

169 2592 415 2644 cordiam
453 2605 728 2648 exercere.
767 2600 821 2642 et
869 2599 1087 2656 propter
1115 2585 1390 2639 Christum
1422 2601 1600 2654 cgere.
1637 2584 1742 2636 Bo-

175 2697 304 2734 num
343 2697 401 2734 se
446 2680 733 2732 humiliare
768 2695 780 2730 :
826 2679 918 2732 sed
957 2676 1202 2729 videmus
1239 2675 1291 2727 in
1335 2675 1419 2728 his
1449 2714 1462 2737 ,
1501 2673 1700 2728 fratres
1725 2714 1740 2741 ,

171 2775 378 2829 multos
416 2773 467 2826 in
502 2787 730 2825 vacuum
766 2777 855 2820 aut
883 2768 1213 2831 cucurrisse,
1252 2777 1344 2818 aut
1392 2781 1617 2818 currere
1641 2806 1654 2830 ,
1689 2774 1741 2818 et

172 2867 424 2919 laborare
456 2861 747 2915 inutiliter.
772 2860 951 2912 Causa
981 2869 1166 2925 aperta
1197 2865 1297 2910 est.
1332 2857 1544 2909 Etenim
1579 2855 1741 2924 quid.

173 2957 305 3026 quid
344 2956 542 3022 agitur,
573 2960 792 3021 prepter
824 2950 1029 3018 aliquid
1064 2952 1263 3017 agitur.
1291 2947 1429 3012 Quia
1472 2962 1601 3000 vero
1630 2955 1739 2999 tota

173 3059 374 3102 natura
411 3046 692 3098 hominum
745 3049 866 3111 post
915 3041 1417 3108 prrcvaricutioncm
1473 3038 1740 3107 corrupti-

172 3137 301 3194 bilis
343 3146 395 3190 et
438 3134 692 3202 mortalis
721 3147 843 3186 esse
882 3131 1068 3199 coepit,
1101 3139 1265 3197 atque
1319 3128 1523 3181 ideirco
1567 3129 1739 3181 imbe-

176 3228 303 3280 cilla
333 3235 384 3278 et
412 3237 744 3284 mrumuosa,
782 3221 1133 3288 omniumque
1168 3217 1422 3270 vitiorum
1475 3227 1529 3270 et
1559 3217 1740 3272 stulti-

176 3320 266 3372 tiae
297 3332 506 3386 capax,
536 3329 772 3383 quonam
825 3323 982 3381 pacto
1035 3312 1149 3378 ipsa
1199 3324 1318 3364 sese
1372 3325 1398 3360 a
1449 3309 1740 3377 semetipsa

178 3409 532 3465 liberaverit?
562 3409 844 3471 Quomodo
874 3419 1004 3471 ergo
1034 3401 1396 3455 liberabitur?
1431 3399 1483 3452 Si
1516 3400 1742 3467 jejunia,

179 3505 413 3574 vigilias,
444 3500 785 3572 precationes
828 3495 1212 3564 frequentarit,
1262 3505 1310 3547 ct
1349 3494 1607 3544 laliorarit
1633 3530 1648 3554 ,
1693 3500 1746 3544 et

176 3596 468 3651 facultates
512 3608 640 3647 suas
669 3590 996 3660 pauperibus
1033 3587 1377 3640 distribuerit
1409 3625 1422 3648 ,
1456 3593 1516 3636 ut
1551 3600 1578 3636 a
1629 3600 1747 3636 cor-

174 3697 337 3758 rupta
373 3686 652 3738 voluntate
684 3682 952 3735 diviniore
982 3681 1183 3732 virtute
1236 3678 1534 3740 liberetur,
1575 3677 1640 3728 ab
1682 3690 1747 3727 eo

173 3783 273 3852 qui
314 3782 462 3834 solus
488 3778 700 3838 liberat,
731 3785 784 3827 et
816 3774 908 3841 qui
939 3773 1082 3824 venit
1107 3771 1294 3823 tollere
1323 3778 1539 3836 peccata
1561 3767 1747 3820 mundi

175 3872 339 3927 Jesus
371 3869 620 3923 Christus
659 3875 713 3918 et
752 3865 915 3918 Deus.
961 3861 1063 3926 Qui
1118 3861 1188 3914 ob
1221 3860 1361 3912 hanc
1397 3873 1612 3911 causam
1667 3858 1749 3924 je-

175 3965 358 4034 junat,
393 3961 603 4029 vigilat,
634 3959 850 4024 aliaque
885 3954 1036 4015 facit,
1072 3962 1127 4005 et
1159 3953 1391 4015 laborat,
1425 3949 1626 4017 optatis
1657 3963 1750 4016 po-

179 4055 368 4111 tietur,
399 4058 452 4103 et
487 4055 800 4115 cognoscet,
831 4049 884 4096 et
920 4043 1123 4111 gratias
1147 4049 1268 4108 aget
1295 4079 1310 4102 ,
1346 4047 1398 4090 et
1447 4037 1750 4090 Itumiliabi-

180 4156 270 4198 tur
299 4144 392 4195 sub
417 4143 614 4208 potenti
641 4154 801 4190 manu
829 4136 987 4191 Dei‘.
1010 4133 1112 4198 Qui
1141 4141 1314 4185 autem
1337 4132 1388 4183 in
1414 4131 1519 4183 vita
1545 4131 1748 4200 agenda

183 4240 335 4292 hunc
364 4247 590 4301 scopum
621 4230 724 4284 sibi
759 4227 1100 4297 pt‘OpOSlltlm
1138 4226 1245 4276 nOn
1273 4220 1454 4281 habet,
1475 4221 1748 4272 incassum

183 4325 478 4388 laborabit,
514 4322 811 4389 infelixque
842 4330 894 4372 et
922 4320 1088 4369 miser
1118 4313 1463 4368 Christianus
1498 4311 1563 4365 ad
1600 4311 1752 4365 futu-

184 4434 308 4474 rum
346 4415 606 4470 SiDCllltlm
635 4411 1056 4464 trahsmittetur.

256 4510 669 4579 intelligendum
698 4515 781 4582 est
806 4513 1005 4568 autem,
1034 4517 1246 4556 onmem
1277 4515 1496 4569 operam
1525 4499 1748 4562 diaboli,

184 4604 608 4665 dmmonumque
656 4601 921 4650 adversus
950 4595 1290 4647 Christianos
1337 4593 1390 4643 in
1435 4591 1538 4645 hoc
1585 4591 1752 4643 collo-

186 4696 340 4754 cari,
405 4701 463 4741 ut
513 4693 653 4741 hanc
703 4683 1060 4755 ignorantiam
1115 4696 1207 4750 per
1247 4681 1488 4734 omnium
1546 4687 1754 4731 mentes

186 4783 521 4839 ditlundant.
578 4783 753 4848 Atque
800 4778 870 4830 ob
910 4790 1027 4827 eam
1061 4789 1174 4825 rem
1205 4773 1475 4824 dazniones
1519 4770 1585 4821 ad
1618 4769 1758 4836 jeju-

188 4879 303 4936 nia,
329 4875 560 4943 v'gilias,
597 4872 745 4923 humi
766 4868 1108 4925 cubationes,
1141 4875 1195 4916 et
1227 4875 1440 4926 cartera,
1472 4877 1591 4930 qua:
1613 4861 1757 4913 dit-ta

191 4978 350 5030 sunt,
378 4979 610 5018 ascetica
650 4961 1005 5014 administros
1033 4973 1092 5010 se
1131 4957 1397 5024 praebent,
1453 4965 1511 5004 ut
1550 4951 1643 5020 qui
1696 4965 1754 5004 se

191 5057 435 5125 amigunt
458 5093 472 5115 ,
505 5069 627 5105 cum
654 5067 711 5104 se
743 5059 885 5102 recte
925 5047 1117 5099 fecisse
1161 5043 1503 5113 putaverint,
1535 5039 1756 5092 minime

191 5162 250 5200 se
303 5161 329 5196 a
369 5141 497 5196 Jesu
553 5149 775 5194 curatos
825 5138 1121 5191 inveniant.
1188 5133 1298 5186 Lex
1347 5133 1491 5186 enim
1543 5130 1756 5183 Christo

194 5238 374 5307 posita
405 5245 487 5286 est
519 5229 840 5284 inviolabilis
864 5268 881 5294 ,
909 5243 976 5280 ne
1023 5239 1350 5296 quemquam
1394 5222 1759 5292 perturbatio-

195 5343 314 5390 nes,
339 5324 649 5378 thorbos
678 5336 828 5385 suos,
858 5334 1156 5386 eorumque
1185 5315 1475 5378 medicum,
1505 5321 1559 5366 et
1586 5313 1758 5382 ipsam

196 5417 540 5472 sanationem
576 5415 913 5481 ignorantem
949 5423 1144 5464 curare
1176 5407 1346 5476 possit
1377 5423 1390 5458 :
1437 5418 1598 5472 quam
1634 5403 1758 5471 qui-

195 5498 315 5565 dem
347 5511 582 5579 primum
617 5505 883 5573 apostoli,
912 5513 1033 5571 post
1060 5515 1248 5555 eorum
1279 5497 1527 5566 discipuli
1559 5496 1757 5549 docue-

198 5609 344 5656 runt.
373 5596 543 5665 Atqui
579 5609 686 5648 non
719 5592 927 5656 doceri,
957 5599 1011 5644 et
1039 5605 1200 5643 nosse
1233 5589 1520 5642 sanitatem
1557 5585 1758 5652 impos-

261 5715 282 5746 ’
321 5714 465 5769 ibid.
497 5710 590 5763 56.
666 5708 686 5736 ⁵
715 5705 903 5758 Matth.
934 5719 1125 5764 xxvm,
1164 5701 1242 5754 18.

190 5787 272 5842 10,
353 5787 374 5815 ⁸
407 5783 551 5837 Gen.
585 5792 672 5837 xv,
712 5776 764 5827 6.

565 5875 832 5932 PATRUL.
864 5873 976 5931 Gs.
1021 5867 1204 5934 CXX.

1319 5699 1341 5730 '
1371 5700 1530 5754 Prov.
1563 5710 1734 5760 “vn,
1773 5694 1862 5749 30.

1841 1966 2004 2018 quam
2043 1951 2184 2003 tilios
2241 1950 2520 2019 dignatur,
2546 1954 2803 2018 quoniam
2852 1955 3027 2009 erudit
3066 1955 3131 2008 ad
3177 1956 3230 2010 id
3264 1957 3408 2026 quod

1841 2041 1972 2094 utile
2022 2047 2145 2102 est,
2201 2040 2253 2093 in
2343 2038 2655 2115 recipiendo
2727 2045 3213 2100 sanctificationetn
3267 2050 3408 2116 ejus.

1841 2130 1994 2196 Quod
2027 2132 2130 2186 nisi
2166 2132 2256 2184 fiat
2285 2174 2298 2194 ,
2336 2131 2514 2187 inanis
2543 2132 2716 2197 labor,
2747 2134 2923 2188 inanis
2959 2133 3113 2190 fides.
3167 2136 3407 2198 Primum

1840 2223 2003 2291 igitur
2036 2238 2211 2292 neque
2247 2224 2362 2276 sine
2395 2224 2594 2278 virtute
2616 2222 2744 2279 Jesu
2770 2265 2783 2285 .
2820 2235 2874 2281 et
2908 2227 2996 2278 Dei
3029 2229 3143 2296 ipsa
3175 2227 3408 2295 legitima

1842 2329 2097 2368 exercere
2151 2315 2328 2383 possis
2367 2333 2378 2366 :
2421 2323 2474 2367 et
2520 2330 2628 2368 non
2663 2325 2981 2379 coronatur,
3011 2319 3103 2386 qui
3136 2333 3244 2370 non
3278 2319 3408 2388 legi-

1843 2403 1972 2456 time
2003 2409 2196 2456 certat.
2231 2400 2343 2457 Lex
2388 2419 2553 2473 porro
2580 2405 2635 2460 in
2670 2406 2754 2460 his
2814 2422 2917 2458 una
2945 2446 2959 2470 ,
3010 2416 3067 2460 ut
3092 2409 3304 2464 occulte
3355 2421 3412 2479 et

1841 2494 2156 2548 cautissime
2207 2496 2376 2559 fiant,
2409 2511 2592 2549 coram
2637 2497 2809 2550 oculis
2853 2499 3025 2554 solius
3074 2499 3207 2562 Dei,
3240 2516 3411 2569 usque

1847 2587 1983 2642 adeo
2033 2587 2341 2656 diligenter,
2387 2597 2448 2641 ut.
2498 2604 2674 2657 neque
2724 2581 2942 2643 sinistra
2993 2600 3178 2646 nostra
3209 2609 3412 2662 cogito.-

1842 2689 1958 2731 scat
1987 2718 1999 2738 ,
2038 2679 2164 2746 quid
2198 2679 2421 2732 dextera
2480 2679 2660 2734 faciat.
2694 2681 2825 2746 Quae
2859 2692 3035 2735 autem
3085 2683 3330 2745 sinistra,
3361 2696 3414 2751 eg,

1842 2782 1962 2836 qua:
1990 2767 2254 2820 dextera?
2295 2768 2518 2821 Dextera
2550 2779 2652 2833 est,
2678 2785 2796 2836 qua:
2829 2768 3104 2824 Christum
3139 2772 3409 2838 dicentem

1841 2857 1992 2910 audit
2050 2875 2063 2910 :
2113 2857 2242 2910 Cum
2296 2858 2472 2911 omnia
2519 2858 2781 2925 feceritis,
2849 2859 3035 2926 dicite,
3085 2863 3208 2931 quia
3281 2867 3414 2929 servi

1842 2950 2051 3001 inutiles
2107 2965 2325 3010 sumus.
2388 2949 2635 3016 quoniam
2696 2950 2833 3018 quod
2886 2951 3058 3018 facere
3130 2953 3414 3030 debemus,

1842 3041 2054 3108 fecimus
2079 3041 2119 3089 ⁸.
2158 3039 2258 3092 Sed
2289 3041 2431 3092 enim
2458 3079 2472 3102 ,
2510 3041 2632 3109 quis
2662 3041 2748 3094 ille
2781 3044 2870 3110 qui
2903 3043 3085 3098 omnia
3121 3043 3268 3111 fecit,
3294 3061 3414 3114 qua:

1845 3132 2022 3186 facere
2050 3132 2251 3186 debet?
2310 3133 2463 3198 Quod
2501 3133 2545 3186 si
2577 3136 2700 3201 quis
2737 3141 2829 3186 aut
2860 3137 3040 3189 omnia
3071 3175 3086 3198 ,
3132 3144 3225 3189 aut
3269 3150 3414 3200 non:

1846 3226 1991 3277 nulla
2051 3224 2344 3293 aliquando
2399 3224 2565 3287 fecit,
2597 3225 2720 3292 quis
2769 3225 2872 3279 hoc
2921 3227 3139 3294 patuit,
3174 3235 3230 3279 ut
3262 3227 3414 3294 prius

1847 3317 2126 3386 mysticam
2186 3317 2384 3370 Christi
2436 3318 2688 3371 virtutem
2746 3332 2852 3371 non
2907 3319 3259 3386 susceperit?
3316 3319 3413 3387 Sin

1848 3420 2021 3462 autem
2079 3409 2198 3462 sine
2244 3407 2458 3462 Christo
2490 3407 2650 3472 fecit,
2678 3424 2758 3462 vae
2803 3408 2905 3475 ipsi
2933 3451 2949 3473 ,
2981 3421 3033 3462 et
3071 3411 3221 3479 operi
3273 3410 3410 3482 ejus,

1850 3499 2082 3553 Sinistra
2114 3507 2196 3552 est
2226 3540 2239 3562 ,
2275 3515 2394 3550 cum
2445 3498 2570 3566 quis
2620 3498 2799 3552 ofﬁcio
2853 3501 3073 3555 functus
3098 3539 3114 3564 .
3149 3501 3410 3565 honorem

1848 3593 1950 3646 sibi
1995 3608 2022 3644 a
2070 3591 2179 3646 Deo
2221 3590 2402 3645 deberi
2456 3592 2745 3643 existimat.
2805 3590 2952 3646 Talis
3017 3601 3140 3660 post
3203 3601 3411 3660 tantum

1850 3692 2126 3736 certamen
2159 3721 2172 3745 ,
2204 3691 2256 3734 et
2284 3681 2518 3734 laborem
2551 3696 2614 3734 ac
2646 3680 3088 3750 defatigationem
3130 3699 3410 3752 nunquam

1849 3772 2048 3827 Christi
2101 3771 2532 3826 sanctiﬁcatione
2599 3771 2960 3838 impcrtietur.
3030 3772 3095 3825 Et
3152 3788 3231 3827 vat
3288 3776 3410 3845 illi,

1851 3875 2136 3935 postquam
2171 3878 2236 3917 ex
2278 3861 2381 3914 hac
2411 3864 2530 3914 luce
2563 3861 2893 3930 migraverit.
2955 3862 3020 3916 Et
3043 3880 3164 3932 qua:
3196 3867 3410 3925 tandem

1851 3955 2180 4023 ret-cptionis
2208 3954 2388 4007 noue?
2417 3954 2580 4023 quae?
2609 3953 2726 4008 Non
2762 3955 2924 4010 irasci
2953 3995 2968 4018 ,
3002 3957 3263 4012 mundum
3291 3975 3412 4013 esse

1852 4057 1878 4093 a
1921 4042 2212 4104 sordibus,
2258 4057 2396 4109 quas
2447 4055 2598 4091 amor
2639 4041 2865 4108 impura:
2901 4044 3196 4113 voltiptatis
3241 4054 3413 4106 ere-at,

1851 4130 1981 4185 Item
2011 4129 2387 4192 mansuetudo,
2425 4138 2476 4181 et
2504 4128 2810 4183 ﬁrmissima
2837 4131 3031 4186 horum
3059 4133 3206 4185 basis
3239 4131 3418 4186 humi.-

1852 4223 2016 4286 litas,
2071 4222 2334 4273 malorum
2393 4220 2681 4273 tolerantia
2744 4231 2797 4275 et
2850 4223 3226 4290 compassione
3305 4238 3416 4278 non

1859 4323 2017 4365 secus
2046 4323 2208 4378 quam
2253 4309 2441 4361 ferreis
2477 4309 2607 4360 fulta
2641 4310 2956 4364 tibicinibus
2993 4310 3169 4366 ferens
3196 4313 3420 4368 dextera

1856 4402 2072 4470 globum
2121 4414 2387 4462 aureum,
2438 4399 2711 4452 lucentem
2748 4409 2801 4452 et
2831 4415 3117 4456 coruscam
3147 4441 3165 4465 ,
3206 4404 3419 4472 simpli-

1787 4527 1828 4578 Β
1856 4506 1996 4551 cem,
2035 4489 2438 4541 immaculatum
2473 4490 2590 4557 (per
2621 4488 2816 4541 bonam
2849 4497 2981 4558 puta.
3004 4491 3417 4560 conscientiam)

1854 4596 2079 4650 quinque
2111 4594 2387 4646 nunquam
2426 4579 2626 4632 excutit
2653 4619 2668 4642 ,
2705 4579 2990 4646 benignam
3035 4579 3360 4634 charitatem
3405 4598 3418 4633 :

1856 4672 2074 4726 sinistra
2103 4679 2281 4723 autem
2318 4670 2496 4732 fidem,
2533 4678 2590 4721 ut
2621 4683 2769 4721 arma
2799 4671 3150 4723 solidissima.
3184 4671 3424 4731 Credidit

1856 4765 2000 4816 enim
2047 4762 2149 4814 Deo
2173 4763 2290 4813 sine
2322 4761 2661 4814 dubitatione
2685 4800 2701 4824 ,
2743 4770 2793 4814 et
2817 4771 3116 4828 reputatum
3158 4773 3232 4815 est
3279 4765 3421 4816 eiad

1859 4854 2113 4916 iustitiam
2146 4853 2166 4884 ’
2193 4870 2216 4906 :
2272 4854 2472 4921 alioqui
2525 4854 2708 4907 omnia
2757 4854 2918 4907 faciet
2966 4855 3152 4909 volens
3190 4857 3420 4914 nolens.

1863 4953 1921 4997 ut
1953 4943 2287 5012 glorificetur
2318 4947 2385 4996 ab
2421 4944 2758 5001 hominibus.
2812 4944 2929 5003 Non
2959 4947 3104 5000 enim
3139 4949 3229 5003 ubi
3261 4947 3422 4999 Chri-

1863 5049 2002 5099 etus,
2039 5035 2148 5089 illic
2195 5036 2513 5098 daemones;
2567 5035 2659 5088 ubi
2708 5043 2891 5096 autem
2941 5038 3213 5091 daemones
3241 5076 3257 5100 ,
3290 5039 3363 5092 ibi
3394 5058 3422 5088 μ

1861 5124 2138 5178 curriculo
2181 5135 2341 5177 reetaa
2392 5123 2624 5178 rationis
2653 5122 2978 5181 deﬂectitur.
3013 5122 3148 5177 Nam
3205 5135 3263 5179 ut
3302 5141 3422 5179 ves-

1865 5216 2183 5285 pertiliones
2217 5225 2378 5270 noctu
2408 5214 2836 5278 circumvolant,
2875 5224 2933 5268 et
2965 5225 3269 5286 pascuntur
3298 5232 3313 5269 :
3349 5219 3435 5272 ita

1864 5307 2029 5364 etiam
2055 5308 2330 5360 daemones
2382 5320 2506 5358 cum
2545 5306 2792 5375 principe
2830 5321 2953 5368 suo,
2983 5314 3188 5363 natura:
3218 5307 3435 5360 intelli-

1865 5410 2095 5468 gentes,
2153 5399 2458 5465 solutaque
2514 5412 2577 5450 ac
2628 5398 2814 5452 liberm
2870 5397 2925 5450 in
2981 5399 3090 5449 vita
3143 5399 3440 5468 hominum

1863 5491 2061 5544 misera
2091 5505 2154 5543 ac
2188 5491 2429 5558 perdita,
2462 5490 2611 5542 velut
2645 5499 2807 5544 noctu
2839 5497 3014 5544 terras
3051 5499 3213 5557 atque
3246 5492 3437 5558 aeria;

1866 5583 2113 5651 regiones
2147 5582 2543 5650 perambulant.

1942 5695 1960 5724 ⁸
2000 5693 2144 5753 Petr.
2188 5710 2237 5757 ν,
2272 5693 2324 5745 6.
2402 5695 2420 5723 ⁷
2447 5693 2487 5747 ll
2515 5692 2654 5748 Tim.
2692 5693 2751 5758 tt,
2789 5694 2813 5744 1
2851 5708 3005 5762 seqq.
3078 5692 3099 5722 ³
3128 5692 3248 5745 Luc.
3292 5703 3432 5758 “is

2997 5854 3066 5924 13
