4128 6338
641 359 749 420 395

1869 350 2252 411 SYMEONIS
2301 348 2332 408 J
2349 348 2674 407 UNIOltlS

3777 345 3884 405 3'36

720 469 1142 526 Simntttulinem
1175 467 1446 536 qniSpiant
1483 481 1545 519 ex
1588 474 1770 517 nostra
1820 473 1997 517 mente
2029 461 2211 515 ducat.
2244 463 2289 519 Α
2321 460 2483 515 rebus
2513 460 2914 522 contendimus,
2946 472 2998 512 et
3022 459 3324 526 jurgamur,
3350 457 3605 511 adbibere
3628 456 3886 510 SOII'IIHIS.

646 570 777 627 Qua:
831 562 973 614 cnim
1034 561 1148 612 lucc
1186 555 1481 626 aliquando
1537 556 1810 623 cognovit,
1865 551 2214 624 quantumvis

654 654 811 718 ionge
841 651 1016 719 posita
1047 690 1061 712 ,
1093 658 1366 702 momento
1400 661 1463 699 ac
1498 655 1696 712 puncto
1727 645 1987 713 temporis
2028 655 2218 711 perva-

650 750 748 803 dit.
807 746 968 811 idque
1017 743 1192 793 adhuc
1241 738 1484 806 corporis
1535 736 1617 789 sui
1645 735 1933 789 constricta
1966 729 2215 787 vinculis.

651 838 791 891 llinc
845 851 951 887 non
1000 843 1080 886 est
1111 837 1416 898 promptum
1458 842 1586 880 vero
1612 825 1926 880 Christiano
1975 823 2216 876 animum

651 944 867 984 sursum
926 925 992 977 ad
1043 924 1247 984 Deum,
1306 919 1726 985 divinorumque
1786 914 2216 985 perspicientiam

651 1023 890 1089 erigere,
929 1029 1087 1084 atque
1112 1011 1401 1068 sustollere
1425 1049 1438 1072 ,
1473 1019 1526 1064 et
1553 1024 1678 1062 cum
1717 1008 1807 1061 illo
1838 1021 2049 1061 summo
2080 1005 2220 1056 bono

653 1109 909 1178 collomti,
944 1115 994 1161 et
1030 1120 1124 1174 per
1153 1088 1531 1159 sanctissimas
1567 1101 1818 1154 notiones
1854 1098 1963 1150 illic
1995 1086 2222 1149 circum-

655 1205 758 1258 fusi
809 1199 1031 1254 luminis
1081 1195 1400 1266 participem
1447 1193 1562 1246 ﬁeri
1593 1233 1608 1257 ,
1635 1193 1740 1245 nisi
1792 1197 1917 1244 ante
1953 1203 1982 1241 a
2018 1186 2220 1257 Spiritu

656 1304 844 1348 sancto
887 1291 1031 1345 velut
1070 1288 1249 1356 sigillo
1288 1285 1580 1354 insignitus
1613 1286 1707 1337 sit.
1761 1282 1898 1336 Cum
1930 1280 2075 1335 enim
2111 1279 2227 1332 dia-

657 1386 816 1439 bolus
863 1398 978 1434 eam
1031 1379 1213 1432 divina
1242 1377 1413 1445 gratia
1447 1375 1757 1429 destitutam
1786 1413 1800 1438 ,
1833 1387 2015 1426 aerem
2066 1371 2228 1425 motio

660 1474 894 1545 quodam
943 1470 1212 1538 spirituali
1247 1467 1575 1522 concitatam
1607 1475 1890 1534 penetrare
1917 1505 1931 1527 ,
1964 1472 2017 1518 et
2058 1461 2226 1516 Deum

658 1567 963 1633 concipere,
997 1574 1333 1628 suorumque
1361 1569 1664 1612 crratorum
1706 1554 1982 1611 recordari
2014 1554 2230 1621 viderit,

660 1656 920 1708 audacter
952 1655 1094 1705 viam
1140 1649 1456 1713 custodiens
1484 1689 1497 1713 ,
1535 1646 1936 1715 quodammodo
1988 1645 2181 1698 clamat
2212 1685 2227 1707 ,

661 1747 781 1811 Quo
816 1745 999 1798 infelix
1037 1756 1132 1810 per
1165 1755 1344 1794 meum
1380 1739 1663 1806 imperium
1692 1734 1914 1806 pergis?
1946 1733 2054 1801 Ego
2085 1735 2232 1802 prin-

2317 551 2456 606 Hinc
2490 553 2836 622 perspicitur,
2873 567 2979 618 quo
3034 562 3188 619 pacto
3227 537 3472 604 diabolus
3520 557 3751 602 mentem
3789 550 3892 602 ltu-t

2322 651 2430 694 tam
2494 641 2642 707 gravi
2698 639 2838 692 malo
2879 639 3100 691 involuti
3157 638 3548 692 circumducat.
3605 636 3667 689 Et
3719 639 3896 690 omnis

2320 729 2602 807 medicina:
2623 728 2920 798 spiritualis
2946 768 2960 792 ,
2991 730 3310 796 cttratioque
3342 731 3663 798 experienda
3697 738 3801 792 est,
3840 738 3899 781 ut

2323 823 2939 885 medicus-animorum_,
2976 832 3027 874 et
3052 836 3338 888 corporum
3378 820 3536 874 Jesus
3569 821 3712 874 hunc
3753 835 3899 872 mor-

2322 915 2449 968 bum
2483 921 2658 968 sanet.
2689 912 2782 965 Sin
2818 913 3029 976 minus,
3063 912 3360 980 psalmodia
3400 921 3540 974 tota,
3573 892 3900 978 habitusque

2326 1009 2390 1062 ad
2444 1006 2609 1060 Deum
2664 1020 2851 1062 sermo
2909 1005 3085 1057 inanis
3120 1013 3235 1064 est,
3289 1015 3338 1056 ct
3388 1004 3678 1056 evanescit.
3720 1002 3902 1067 Quare

2326 1098 2681 1166 ingemiscere
2710 1136 2724 1158 ,
2767 1103 2818 1148 et
2855 1094 3065 1163 plorare
3111 1092 3451 1158 insipienter,
3487 1106 3548 1143 ac
3592 1092 3708 1143 sine
3745 1092 3902 1143 intel-

2329 1189 2469 1242 lectu
2517 1187 2832 1256 psallentem
2870 1192 3120 1253 oportet,
3161 1200 3256 1236 nec
3294 1194 3519 1248 putare,
3553 1200 3611 1238 se
3665 1185 3901 1251 psalmos

2330 1277 2620 1332 cecinisse.
2647 1271 2815 1340 Quod
2837 1275 2880 1328 si
2910 1274 3110 1327 idcirco
3137 1289 3241 1324 non
3274 1272 3421 1326 dolet
3447 1314 3461 1332 .
3506 1273 3634 1340 quid
3671 1275 3900 1324 salutent

2333 1368 2555 1438 sperat?
2600 1366 2736 1421 Illud
2785 1366 2925 1420 enim
2961 1382 2972 1415 :
3003 1362 3122 1416 Non
3166 1373 3241 1415 est
3279 1365 3509 1430 speciosa
3563 1366 3676 1415 laus
3717 1363 3767 1413 in
3820 1378 3908 1413 ore

2329 1461 2620 1528 peccatoris
2665 1458 2749 1523 ¹¹,
2790 1472 2895 1512 non
2954 1458 3019 1519 de
3066 1456 3242 1518 athco,
3298 1462 3350 1508 et
3403 1457 3603 1510 inﬁdeli
3649 1455 3906 1522 quopiam

2334 1553 2594 1621 Scriptum
2630 1561 2711 1605 est
2744 1551 2950 1621 (nullus
2983 1554 3179 1619 quippe
3229 1553 3418 1604 horum
3468 1549 3652 1602 laudat
3699 1547 3868 1601 Deum
3894 1583 3911 1605 ς

2336 1658 2496 1711 quem
2534 1643 2766 1711 ignorat)
2806 1643 2896 1696 sed
2937 1642 3003 1695 de
3028 1658 3091 1694 eo
3123 1644 3211 1709 qui
3253 1644 3413 1695 Deum
3446 1653 3781 1708 cognoscens
3808 1677 3822 1700 ,
3854 1644 3907 1689 et

2337 1733 2392 1788 in
2437 1750 2557 1788 eum
2588 1729 2856 1796 credens,
2893 1747 2988 1800 per
3037 1746 3200 1800 opera
3259 1731 3393 1783 mala
3435 1729 3669 1797 impius,
3713 1735 3766 1780 et
3815 1741 3913 1795 per

661 1854 790 1906 crps
831 1835 1200 1889 tenebrarum.
1236 1828 1348 1898 Ego
1371 1842 1562 1882 eorum
1592 1828 1684 1896 qui
1720 1826 1980 1878 mundum
2017 1825 2236 1891 sapiunt
2261 1799 2310 1858 Β
2339 1841 2416 1894 ρει
2440 1835 2618 1876 catum
2677 1823 2768 1875 Dei
2806 1799 3247 1889 initnicusatque
3297 1821 3466 1874 hostis
3506 1829 3608 1872 est.
3643 1815 3915 1881 Quemad-

661 1931 919 1997 princeps
958 1923 1266 1993 appellatus
1290 1935 1434 1973 sum.
1473 1920 1585 1987 Ego
1615 1917 1856 1985 corrupti
1887 1915 2028 1969 aeris
2058 1913 2237 1968 Domi‘

664 2037 770 2074 nus
802 2027 854 2072 et
907 2017 1113 2069 arbiter
1148 2011 1403 2065 Satanas.
1464 2008 1716 2062 Nondum
1761 2022 1790 2059 e
1824 2015 2086 2074 potestate
2115 2017 2236 2056 mea

668 2111 932 2164 translata
992 2121 1052 2160 es
1123 2105 1208 2173 (ut
1254 2101 1429 2171 inquit
1456 2100 1748 2169 Apostolus
1777 2099 1820 2128 ¹⁶
1852 2098 1918 2150 de
1959 2096 2063 2157 his,
2099 2108 2238 2163 quos

674 2202 929 2255 Christus
966 2195 1246 2250 transtulit
1275 2193 1341 2246 de
1368 2201 1636 2262 potestate
1686 2193 1901 2244 Satana:
1929 2187 1994 2240 ad
2024 2186 2237 2254 Deum.)

666 2290 859 2342 Adhuc
883 2284 1071 2339 ditioni
1103 2298 1235 2336 mea:
1259 2280 1525 2349 subjecta,
1555 2295 1672 2347 quae
1700 2294 1815 2331 mea
1848 2287 1974 2331 sunt
2007 2276 2236 2344 respice.

670 2378 783 2434 Mea
812 2387 896 2433 est
921 2377 1063 2430 enim
1095 2375 1351 2428 salacitas
1375 2415 1387 2436 ,
1426 2373 1715 2425 insolentia
1740 2410 1753 2430 ,
1799 2369 2064 2434 injustitia
2093 2408 2106 2430 ,
2139 2367 2239 2418 im-

670 2473 934 2541 probitas,
964 2483 1084 2533 quze
1121 2475 1173 2520 te
1203 2475 1358 2518 antea
1387 2504 1400 2525 ,
1435 2472 1495 2516 ut
1551 2463 1842 2515 admodum
1880 2460 2022 2512 bona
2059 2458 2240 2511 docui.

676 2563 912 2622 Vidisti,
948 2559 1181 2628 gustasti
1212 2598 1224 2620 ,
1265 2558 1530 2609 delectata
1558 2568 1636 2616 es,
1692 2567 1850 2604 mane
1908 2552 2072 2603 infra.
2119 2549 2243 2602 ldeo

670 2653 932 2720 scriptum
968 2656 1052 2701 est
1082 2664 1095 2703 ζ
1130 2646 1192 2698 Et
1222 2662 1366 2698 nemo
1396 2654 1563 2710 potest
1593 2641 2046 2707 dicerc,Dominus
2067 2637 2240 2700 Jesns,

672 2743 776 2796 nisi
799 2742 850 2792 in
880 2737 1083 2804 Spiritu
1115 2744 1294 2788 sancto
1329 2735 1392 2785 “.

745 2833 860 2886 Non
921 2845 1051 2898 ergo
1097 2826 1264 2880 ullum
1312 2823 1683 2877 Christianum
1734 2823 1799 2876 ad
1846 2820 2199 2890 psalmodiam
2229 2859 2241 2882 ,

674 2925 1000 2990 divinosque
1060 2921 1294 2988 hymnos
1344 2915 1714 2969 enttcincndos
1768 2924 1946 2966 astare
1990 2920 2243 2980 oportet,

674 3016 767 3082 σξῚὶ
797 3013 947 3081 prius
982 3026 1010 3063 a
1038 3020 1226 3064 sancto
1275 3008 1476 3075 Spiritu
1510 3014 1746 3059 tuentem
1791 3005 2098 3071 insignitum
2141 3016 2244 3054 non

2340 1915 2558 1968 modum
2599 1927 2831 1981 namque
2860 1911 3167 1979 speciosum
3197 1910 3398 1978 aliquid
3431 1907 3714 1976 pulchrum
3746 1912 3828 1958 est
3863 1914 3916 1956 et

2339 2006 2555 2074 elegans
2580 2043 2594 2066 ,
2624 2011 2682 2056 ut
2712 2001 3167 2070 pulchritudinem
3197 2008 3248 2051 et
3287 1998 3602 2064 elegantiam
3627 1995 3916 2047 continens

2341 2105 2673 2165 aspectuque
2697 2092 3181 2162 jucundissimum,
3216 2099 3269 2142 et
3295 2088 3415 2141 ideo
3444 2087 3601 2140 etiam
3633 2084 3916 2137 Oculorum

2340 2188 2588 2242 obtutum
2621 2185 2686 2236 ad
2726 2200 2782 2236 se
2812 2183 3028 2234 allectat
3068 2199 3081 2234 :
3136 2179 3384 2232 deforme
3416 2184 3602 2228 contra
3644 2182 3726 2226 est
3760 2171 3917 2223 odio-

2343 2294 2460 2334 sum
2487 2319 2501 2341 ,
2536 2286 2584 2329 et
2637 2275 2966 2329 intuentium
3012 2272 3199 2326 oculos
3236 2286 3264 2323 a
3296 2285 3352 2323 se
3385 2268 3580 2320 avertit
3612 2283 3625 2318 :
3665 2265 3745 2318 sic
3798 2264 3916 2314 laus

2344 2368 2647 2439 peccatoris
2695 2366 2906 2418 divinos
2938 2366 3128 2417 oculos
3159 2377 3186 2413 a
3221 2377 3279 2413 se
3310 2359 3542 2427 repellit.
3587 2356 3728 2409 Solis
3769 2353 3914 2406 enim

2344 2460 2501 2512 labiis
2532 2474 2648 2510 eam
2687 2454 3005 2524 pronuntiat
3034 2494 3047 2516 ,
3085 2451 3248 2505 corde
3275 2458 3452 2502 autem
3483 2464 3603 2500 cum
3636 2444 3870 2513 peccatis
3902 2483 3916 2505 ,

2345 2568 2464 2621 quin
2493 2552 2542 2602 id
2580 2555 3027 2618 prmoccuparunt
3055 2583 3068 2606 ,
3107 2543 3344 2610 loquitur
3371 2556 3385 2593 :
3414 2555 3447 2606 Va
3478 2539 3672 2607 quibus
3708 2547 3766 2589 ut
3803 2543 3917 2586 luta

2347 2656 2408 2694 ac
2460 2649 2608 2694 certa
2642 2638 2922 2708 possessio
2955 2637 3237 2689 retinetur.
3287 2631 3454 2685 Nemo
3509 2628 3774 2698 siquidem
3810 2625 3919 2678 Deo

2349 2742 2591 2794 cantare,
2622 2739 2675 2784 et
2701 2730 2913 2782 interim
2942 2742 3045 2780 non
3075 2727 3127 2778 in
3161 2733 3377 2793 pectore
3426 2720 3644 2774 infanda
3678 2719 3923 2770 volutare

2347 2832 2523 2894 potest
2551 2860 2565 2873 .
2600 2824 2652 2875 ni
2681 2821 2832 2890 prius
2866 2835 2960 2888 per
2996 2816 3392 2888 paenitentiam,
3432 2822 3484 2866 et
3521 2810 3924 2864 confessionem

2349 2917 2500 2970 illum
2569 2914 2673 2967 sibi
2737 2909 3360 2973 reconciliaverit;qu:e
3419 2902 3791 2957 reconciliatio
3841 2908 3926 2952 est

2351 3005 2594 3077 quaedam
2623 3042 2637 3069 ,
2677 3019 2796 3073 quze
2850 3002 3130 3055 intellectu
3184 2997 3501 3065 percipitur,
3533 2994 3652 3061 ejus
3691 2991 3761 3044 ad
3809 2989 3925 3044 ani-

678 3104 971 3167 habuerit;
1009 3116 1075 3155 ne
1103 3113 1284 3153 coram
1320 3096 1434 3150 Deo
1457 3108 1664 3160 astans,
1697 3110 1815 3163 quae
1853 3093 2065 3146 Satanae
2100 3101 2245 3152 sttnt,

2355 3114 2493 3153 mam
2527 3094 2892 3151 obumbratio.
2944 3091 3113 3155 Cujus
3147 3088 3582 3144 obumbrati-onis
3634 3097 3926 3153 argumen-

676 3206 738 3250 ut
769 3195 1019 3250 minister
1055 3192 1176 3260 ejus
1206 3229 1220 3253 ,
1255 3187 1471 3256 operari
1520 3185 1854 3251 intelligatur
1889 3200 1901 3234 :
1954 3190 2007 3235 et
2055 3197 2117 3234 ex
2151 3180 2252 3233 hac

679 3303 842 3343 causa
872 3285 1124 3340 sordibus
1177 3277 1531 3348 inquinatior,
1571 3276 1833 3342 malisque
1889 3276 1980 3326 irae
2005 3313 2018 3336 .
2047 3283 2099 3325 et
2133 3288 2252 3323 ναι--

679 3379 819 3433 nalis
864 3373 1180 3445 cupiditatis
1234 3369 1444 3431 dirius,
1478 3373 1532 3419 et
1569 3365 1791 3418 suavius
1832 3363 2069 3430 repletus
2123 3359 2253 3413 sub-

678 3478 944 3524 vertatur.
996 3465 1100 3530 Qui
1135 3475 1370 3529 namque
1418 3459 1473 3511 in
1525 3456 1798 3510 officinam
1832 3453 2254 3506 medicamenta-

680 3565 819 3617 riam
877 3562 1195 3628 ingressus,
1250 3551 1476 3604 vulnera
1536 3547 1777 3600 vibicum
1840 3542 2101 3595 immitius
2153 3540 2256 3593 sibi

682 3649 1036 3710 refricuerit,
1076 3642 1373 3713 praestabat
1428 3639 1575 3691 hunc
1607 3651 1670 3690 eo
1723 3649 1997 3701 nunquam
2056 3634 2260 3697 ingres-

686 3755 831 3795 sum.
875 3737 1039 3789 Multo
1101 3734 1265 3802 igitur
1316 3727 1522 3790 studio,
1565 3725 2029 3791 accurationeque
2073 3723 2260 3790 cujus—

687 3845 792 3902 que
825 3825 1123 3881 Christiani
1171 3836 1322 3875 mens
1373 3816 1694 3886 corrigenda
1729 3825 1817 3868 est
1850 3816 2019 3883 prius,
2055 3829 2122 3866 nc
2157 3814 2260 3866 hoc

691 3924 812 3991 ipso
847 3920 936 3972 ﬁat
965 3917 1228 3980 deterior,
1260 3910 1402 3980 quod
1453 3919 1577 3961 ante
1613 3907 2003 3960 correctionem
2037 3902 2218 3972 psallit
2244 3942 2259 3967 ,

691 4016 1029 4082 hymnosque
1085 4021 1147 4059 ac
1200 4017 1388 4073 preces
1410 3998 1687 4069 persolvit.
1733 3996 1849 4050 Non
1898 3997 2039 4050 enim
2089 4005 2262 4064 potest

691 4103 940 4168 impurus
994 4097 1209 4150 animus
1261 4103 1440 4148 astare
1484 4091 1613 4154 Deo,
1651 4090 2003 4159 quantumvis
2063 4103 2262 4157 corpus

693 4199 832 4245 astet
888 4208 900 4244 :
953 4189 1078 4257 quia
1145 4202 1252 4240 non
1336 4184 1454 4252 ipse
1511 4182 1931 4248 unusquisque,
1985 4179 2076 4231 sed
2146 4194 2265 4248 quae

692 4293 1139 4349 unumquemque
1190 4274 1486 4330 obumbrat
1543 4272 1745 4326 Christi
1788 4271 1999 4339 gratia,
2033 4286 2094 4324 ea
2140 4280 2262 4335 est,

697 4389 815 4441 qua:
858 4371 1025 4425 Deum
1061 4367 1338 4423 benedicit
1363 4404 1378 4430 ,
1409 4371 1462 4418 et
1485 4365 1536 4416 in
1569 4364 1687 4431 ipso
1722 4361 1934 4424 laudat,
1972 4371 2023 4414 et
2069 4369 2266 4430 myste-

698 4469 838 4516 rium
888 4460 1032 4513 ~iliud
1103 4455 1425 4510 admirabile
1484 4453 1743 4506 admittit.
1807 4451 2008 4504 Omnes
2085 4452 2266 4518 itaque
2305 4442 2572 4531 unippc
2622 4475 2680 4513 se
2732 4454 2964 4510 caleﬁeri
3000 4493 3014 4514 ν

695 4555 943 4609 homines
983 4548 1396 4616 congredientes
1423 4585 1436 4608 ,
1473 4551 1671 4598 norunt
1699 4543 1824 4611 quid
1870 4542 2181 4610 loquantur,
2214 4549 2266 4594 et

698 4657 950 4715 quanam
1011 4642 1141 4701 sint,
1183 4653 1301 4706 quae
1334 4644 1521 4688 mutuo
1551 4635 1870 4696 disserunt,
1909 4641 2265 4700 cognoscunt.

699 4735 800 4801 Qui
835 4748 961 4786 vero
997 4732 1266 4792 audiunt,
1316 4742 1436 4795 qua:
1471 4727 1604 4795 ipsis
1651 4726 1900 4777 dicantur
1953 4739 2060 4776 non
2118 4724 2268 4792 igno-

700 4833 859 4884 rant;
908 4829 1072 4874 etest
1111 4818 1396 4872 manifesta
1448 4814 1679 4868 stultitia
1710 4855 1723 4879 ,
1763 4814 2136 4881 colloquentes
2187 4813 2266 4864 vi-

703 4913 884 4965 cissim
946 4924 1104 4961 aures
1162 4923 1268 4960 non
1301 4907 1446 4958 dare.
1497 4903 1762 4968 Quoniam
1820 4917 1968 4964 vero,
2005 4917 2123 4954 cum
2165 4900 2271 4954 Deo

705 5011 946 5056 astantes
998 5015 1119 5052 eum
1165 4997 1514 5065 alloquimur,
1549 5004 1607 5047 ut
1639 4994 2004 5062 imprudentes
2050 5008 2111 5045 ac
2145 4992 2273 5045 fatui

704 5095 943 5148 animum
995 5092 1039 5144 ei
1101 5105 1210 5142 non
1280 5087 1647 5150 attendimus,
1705 5086 1842 5138 unde
1895 5085 2116 5137 salutem
2181 5098 2275 5137 nos

706 5186 997 5252 adepturus
1030 5179 1394 5233 conﬁdimus?
1436 5177 1731 5245 prmsertim
1771 5175 1814 5225 si
1866 5175 1915 5225 id
1955 5175 2043 5225 diu
2087 5173 2277 5225 feceri-

710 5290 864 5335 mus,
928 5283 1112 5325 noctes
1166 5271 1369 5324 scilicet
1424 5283 1484 5321 ac
1541 5268 1654 5322 dies
1713 5267 1783 5317 ita
1838 5267 1953 5318 sine
2005 5266 2274 5316 ἱιιιοιιριπιιι

710 5381 860 5433 psau.
889 5373 1019 5425 “tes,
1046 5372 1096 5416 et
1123 5378 1217 5415 nos
1251 5361 1357 5413 l)co
1387 5361 1680 5428 placituros
1707 5359 2097 5410 existimames.
2133 5356 2280 5424 Opus

713 5464 794 5508 est
829 5455 950 5506 cuit.
999 5467 1116 5503 cum
1160 5452 1266 5504 Deo
1303 5454 1583 5518 loquentes
1631 5459 1834 5500 tantam
1875 5448 2063 5499 saltem
2119 5458 2281 5499 utten.

717 5548 912 5598 tionem
969 5544 1258 5605 ailtiltct'c,
1312 5551 1566 5610 quantum
1623 5541 1746 5591 tltttn
1806 5554 1901 5606 pro
1952 5538 2111 5605 hujus
2167 5540 2282 5590 vita:

792 5724 832 5753 ²⁶
862 5723 1078 5776 Coloss.
1146 5740 1184 5783 ι,
1245 5722 1331 5774 15.
1415 5722 1452 5750 ²¹
1491 5720 1658 5774 lCor.
1698 5735 1791 5783 xu,
1827 5721 1876 5773 5.

2001 5722 2039 5750 ’³
2082 5719 2248 5772 liccli.
2287 5733 2374 5771 xv.
2412 5717 2463 5770 9.

2357 3195 2462 3244 lum
2493 3228 2506 3252 ,
2540 3190 2594 3240 in
2631 3185 2881 3240 laudibus
2921 3181 3138 3255 divinis
3167 3180 3362 3232 timore
3405 3176 3638 3245 quodam
3695 3183 3748 3226 et
3779 3186 3929 3228 reve-

2355 3282 2528 3336 rentia
2585 3277 2841 3347 perfusus
2893 3275 3109 3326 animus
3138 3310 3153 3334 ,
3185 3272 3360 3325 bonus
3405 3268 3562 3328 ordo,
3595 3274 3647 3318 et
3700 3262 3930 3316 attentio

2358 3375 2423 3424 ad
2483 3386 2542 3422 ea
2596 3383 2716 3438 quas
2777 3376 3047 3419 canuntur
3103 3378 3116 3414 :
3160 3363 3300 3427 Quia
3350 3375 3498 3411 nemo
3543 3364 3708 3424 potest
3758 3355 3933 3407 dicere

2361 3463 2638 3515 Dominum
2669 3457 2848 3510 Iesum
2870 3496 2882 3518 ,
2907 3456 3009 3508 nisi
3039 3456 3091 3506 in
3118 3452 3319 3521 Spiritu
3344 3459 3542 3504 sancto.
3575 3447 3675 3511 Qui
3710 3447 3788 3499 sic
3824 3458 3932 3497 non

2359 3554 2584 3608 laudant
2609 3593 2622 3617 ,
2658 3552 2772 3604 sive
2819 3548 3130 3602 sacerdotes
3166 3547 3311 3606 sint,
3345 3543 3459 3596 sive
3508 3539 3769 3593 celsiores
3802 3536 3889 3590 his
3914 3572 3931 3594 .

2362 3648 2590 3700 aliorum
2645 3644 2785 3712 apud
2827 3640 2991 3693 Deum
3040 3639 3366 3705 interpretes
3419 3648 3480 3684 ac
3511 3631 3933 3699 deprecatores,

2375 3739 2554 3792 adhuc
2591 3750 2618 3787 a
2651 3735 2834 3787 divino
2867 3737 3156 3798 conspectu
3194 3725 3385 3779 remoti
3424 3731 3570 3775 sunt.
3612 3717 3766 3784 Quod
3804 3719 3845 3771 si
3881 3715 3933 3768 hi

2362 3828 2565 3883 initnici
2602 3832 2729 3880 sunt
2759 3823 2879 3889 ejus
2914 3818 3048 3888 apud
3090 3831 3249 3885 quem
3277 3816 3378 3868 hoc
3402 3812 3581 3866 ofﬁcio
3614 3809 3932 3874 funguntur,

2363 3921 2490 3989 quid
2519 3918 2753 3976 facient,
2783 3913 2876 3980 qui
2915 3907 3222 3976 hujusmodi
3257 3908 3578 3972 interpretes
3603 3941 3621 3964 ,
3653 3910 3707 3954 et
3755 3911 3934 3951 causa:

2365 3988 2476 4062 sure
2519 4016 2730 4058 actores
2777 3998 3187 4071 quasiverunt?
3245 3998 3311 4049 At
3341 3995 3483 4048 enim
3523 3995 3566 4043 si
3603 3990 3680 4044 sol
3717 3988 3932 4041 calidus

2365 4114 2488 4153 cum
2533 4098 2644 4161 sit,
2683 4095 2993 4164 apricantes
3026 4089 3194 4143 radiis
3225 4088 3342 4141 suis
3375 4083 3674 4138 calefacere
3707 4094 3935 4134 consue-

2366 4192 2442 4244 vit
2472 4208 2484 4243 :
2516 4187 2788 4257 quomodo
2833 4185 2972 4237 Deus
2999 4223 3013 4247 ,
3044 4195 3167 4234 cum
3220 4181 3290 4231 sit
3332 4185 3576 4236 sanctus,
3603 4187 3794 4224 omnes
3848 4183 3937 4236 per

2366 4283 2666 4338 orationem
2701 4291 2886 4331 secum
2921 4283 3142 4342 agentes
3175 4285 3278 4322 non
3311 4262 3937 4326 sanctiﬁcat?Quoniam

2373 4375 2447 4427 ibi
2491 4373 2568 4425 sol
2622 4371 2687 4422 iis
2734 4368 2822 4436 qui
2889 4365 3144 4419 caleﬁuut
3190 4375 3407 4414 sensum
3461 4356 3652 4417 affert,
3704 4355 3937 4408 sentiunt

3069 4461 3121 4505 et
3173 4453 3240 4502 ob
3289 4449 3390 4500 hoc
3443 4446 3620 4512 ipsum
3667 4444 3731 4494 ad
3774 4443 3936 4494 solent

2377 4552 2564 4604 sedere
2613 4563 2671 4600 se
2707 4547 2924 4607 sciunt;
2958 4542 3010 4594 hi
3065 4549 3241 4592 autem
3301 4537 3390 4605 qui
3430 4536 3541 4588 Deo
3594 4548 3784 4600 preces
3821 4529 3938 4582 fun-

2377 4643 2555 4702 dunt,
2587 4639 2711 4706 quid
2752 4644 2938 4706 petant
2985 4633 3238 4686 nesciunt
3274 4649 3286 4682 :
3324 4628 3463 4697 quod
3516 4625 3672 4677 matri
3714 4624 3936 4676 ﬁliorum

2379 4729 2619 4784 Zebeda'i
2647 4768 2661 4791 ,
2706 4728 2943 4796 ipsisque
2989 4725 3112 4776 ﬁliis
3161 4722 3278 4789 ejus
3335 4719 3584 4772 Christus
3635 4715 3847 4767 dicebat
3877 4712 3934 4765 ".

2379 4821 2623 4880 Talibus,
2656 4828 2712 4871 ut
2743 4819 2823 4869 vel
2850 4823 3066 4867 centum
3099 4827 3269 4865 annos
3301 4810 3570 4878 precando
3599 4810 3936 4865 consumant,

2380 4913 2520 4966 Deus
2576 4909 2706 4962 nihil
2759 4908 2866 4959 dat.
2899 4905 3033 4970 Quia
3084 4901 3246 4971 igitur
3285 4903 3485 4953 frustra
3528 4898 3812 4958 laborant,
3852 4895 3936 4962 qui

2377 5003 2616 5070 psallunt
2668 5007 2722 5051 et
2783 5005 2939 5048 erant
2965 5035 2978 5058 ,
3015 5009 3114 5046 nec
3143 4990 3568 5050 sanctiﬁcantur,
3601 4987 3886 5054 magistros
3912 5001 3937 5034 a

2380 5089 2488 5141 Deo
2519 5087 2728 5140 atllatos
2762 5085 2910 5152 prius
2946 5083 3164 5142 adeant,
3197 5089 3249 5133 et
3281 5082 3598 5140 doceantur,
3631 5075 3757 5144 quid
3792 5090 3940 5127 orare

2380 5180 2643 5232 debeant.
2671 5178 2732 5229 Ni
2768 5176 2940 5228 faxint
2967 5215 2981 5238 ,
3007 5189 3101 5226 seu
3136 5173 3441 5240 sapientes,
3477 5184 3571 5221 seu
3629 5167 3938 5234 insipientes

2385 5275 2530 5336 sint,
2570 5270 2778 5338 profani
2835 5281 2993 5337 atque
3040 5266 3238 5335 impuri
3291 5263 3611 5317 morientur.
3656 5259 3788 5313 Nam
3815 5258 3936 5327 quid

2387 5374 2560 5429 petant
2599 5362 2918 5420 IH'St'iClllCS,
2954 5358 3092 5412 Deus
3123 5356 3375 5410 exaudire
3406 5357 3575 5408 nescit

3129 5521 3197 5533 ...-

2554 5720 2595 5749 ¹³
2623 5719 2808 5772 statui.
2850 5733 2936 5780 xc,
2974 5714 3064 5767 22.
