4156 6340
247 367 349 431 3‘37

775 482 1029 535 ORXTIO
1107 481 1292 535 XVlii.

851 607 1228 647 AlthMENTUM.

248 709 326 766 De
347 710 719 763 immutatione
748 709 971 769 animm,
1004 718 1051 760 et
1084 711 1319 776 corporis
1353 709 1499 761 exiis
1531 724 1644 775 qnw
1677 708 1822 758 nobis

320 793 430 832 tum
463 781 524 832 ab
551 796 705 839 aere,
734 779 1035 845 ca’lerisque
1065 780 1326 830 elementis
1351 817 1364 838 ,
1394 792 1501 829 tum
1537 796 1565 828 (ι
1585 778 1719 848 ⁸εξὺο
1762 794 1821 828 ac

321 856 556 918 potione,
580 861 736 917 atque
771 849 928 900 etiam
973 864 1001 898 a
1030 848 1353 899 daemonibus
1380 848 1648 899 accidunt.

319 941 437 994 Non
471 943 647 993 solum
684 939 1067 993 conversiohes
1094 980 1107 1003 ,
1142 947 1195 991 et
1228 940 1585 998 mutationes,
1619 951 1737 1003 qua:
1768 936 1820 989 in

249 1031 433 1083 animo
464 1032 770 1094 exsistunt,
796 1045 980 1082 verum
1015 1031 1174 1082 etiam
1213 1042 1399 1081 eorum
1433 1043 1625 1080 causas
1647 1067 1659 1088 ,
1693 1041 1825 1095 qua-

249 1121 328 1174 lrs
364 1121 580 1174 tandem
613 1122 722 1174 sint
749 1161 764 1185 ,
795 1129 846 1173 et
883 1121 1023 1174 umlc
1055 1119 1154 1173 sibi
1196 1120 1484 1179 eveniant,
1526 1119 1822 1170 monachus

249 1216 392 1267 scire
423 1254 436 1276 ,
490 1224 654 1279 atque
700 1211 1000 1280 intelligere
1054 1211 1230 1264 debet.
1292 1208 1586 1262 Interdum
1622 1208 1823 1277 quippe

250 1303 596 1369 repentinum
649 1303 906 1371 gaudium
951 1303 1186 1354 animam
1234 1301 1503 1354 incessit:
1553 1300 1823 1351 interdum

251 1393 547 1461 improvisa
607 1393 827 1447 tristitia
875 1393 1117 1446 eamdem
1159 1402 1426 1459 occupat,
1459 1397 1511 1443 et
1562 1399 1822 1456 tanquam

250 1499 393 1539 onus
441 1481 713 1549 quoddam
768 1482 984 1550 premit.
1048 1479 1113 1533 Et
1181 1496 1325 1532 nunc
1389 1479 1604 1546 quidem
1663 1477 1826 1529 facile

251 1574 638 1642 compungitur
668 1589 683 1627 :
717 1549 990 1625 nune'ita
1053 1571 1119 1623 ad
1183 1571 1418 1623 dolorem
1469 1570 1536 1622 de
1589 1568 1824 1636 peccatis

251 1667 598 1731 obfirmatur,
627 1674 679 1718 et
711 1665 1024 1718 obdurescit
1046 1703 1059 1727 ,
1109 1672 1166 1716 ut
1214 1670 1324 1714 tota
1362 1676 1522 1715 saxea
1553 1661 1821 1714 videatur.

250 1756 566 1827 Aliquando
618 1757 764 1809 mitis
819 1757 918 1818 fit,
973 1763 1027 1809 et
1081 1754 1303 1807 humilis
1337 1769 1351 1806 :
1382 1754 1544 1821 paulo
1595 1761 1717 1820 post
1765 1766 1822 1804 se

250 1851 416 1919 erigit
447 1891 460 1912 ,
509 1849 896 1916 iracundiaque
931 1857 982 1901 et
1017 1849 1164 1902 rabie
1195 1849 1466 1904 concitata
1497 1885 1510 1909 ,
1561 1847 1820 1898 adversus

250 1954 447 1993 omnes
503 1939 698 1993 fratres
759 1938 923 2000 furit,
959 1951 1013 1992 et
1068 1939 1293 1992 insanit.
1333 1938 1427 1990 Est
1473 1938 1688 2006 quando
1746 1951 1829 1988 re-

249 2030 424 2083 missa
452 2068 468 2092 ,
502 2037 557 2082 et
589 2030 734 2082 iners
781 2027 1033 2083 ad'omne
1071 2043 1209 2097 opus
1256 2029 1456 2081 bonum
1492 2037 1706 2095 torpet;
1751 2037 1831 2079 est

251 2121 479 2188 quando
504 2121 778 2174 excitatur
810 2130 862 2188 et
895 2120 1100 2186 vigilat,
1133 2129 1186 2172 et
1223 2120 1289 2172 ad
1322 2134 1535 2172 omnem
1575 2117 1831 2170 obedien-

251 2214 384 2267 tiam
425 2198 630 2282 gestit,
661 2223 719 2265 ut
773 2221 827 2265 et
863 2214 915 2266 in
952 2214 1130 2267 socios
1167 2229 1224 2265 ac
1256 2212 1548 2264 familiares
1591 2212 1828 2278 jocetur,

250 2318 458 2372 eosque
493 2304 560 2355 ad
601 2305 986 2372 capessendam
1019 2305 1270 2357 virtutem
1320 2302 1648 2358 exstimulet.
1686 2301 1831 2374 Non-

250 2410 539 2463 nunquam
636 2396 827 2469 timore
901 2395 1281 2456 contrahitur,
1341 2402 1393 2446 et
1463 2393 1833 2463 circumspicit

250 2490 478 2553 omnia;
551 2503 942 2555 nonnunquam
1015 2503 1071 2542 se
1157 2487 1498 2556 impudenter
1581 2486 1828 2541 efiuudit.

249 2579 414 2635 Modo
449 2589 802 2649 nugatornm,
835 2590 887 2633 et
922 2580 1274 2634 ridiCulorum
1305 2581 1537 2636 libenter
1566 2582 1827 2648 meminit,

249 2688 456 2741 eosque
486 2672 556 2726 ad
588 2689 646 2727 se
677 2677 906 2726 accersit
934 2689 950 2737 ;
987 2674 1143 2728 modo
1177 2669 1274 2727 nec
1307 2674 1428 2728 illos
1459 2713 1473 2738 ,
1513 2689 1611 2727 nec
1642 2679 1835 2745 contu-

250 2766 506 2823 bernates
565 2766 766 2820 intueri
813 2765 1064 2819 sustinet.
1111 2764 1446 2830 Quandoque
1497 2763 1550 2816 in
1600 2779 1657 2818 se
1719 2764 1832 2832 ipsa

251 2864 324 2918 ita
363 2867 676 2932 pressatur,
719 2867 771 2912 et
821 2865 1082 2922 arctatur,
1141 2864 1196 2909 ιιι
1247 2856 1410 2910 etiam
1476 2856 1639 2925 hujus
1695 2856 1832 2910 lucis

250 2952 580 3021 pertaedeat;
610 2949 934 3019 quandoque
957 2950 1035 3004 sic
1069 2949 1346 3013 dilatatur,
1376 2962 1426 3002 et
1456 2948 1536 3002 sic
1567 2947 1835 3016 amplifice

252 3046 491 3099 exsultat
526 3086 538 3106 ,
593 3053 651 3099 ut
702 3045 952 3113 quamvis
996 3058 1188 3114 magno
1246 3051 1442 3096 conatu
1495 3043 1829 3111 reprimere,

1623 370 1903 431 imATlO
1940 369 2158 434 XVIII.

1847 488 1890 540 A
1921 486 2136 555 tingunt
2165 527 2178 551 ,
2213 487 2312 540 etsi
2347 503 2509 554 parvo
2540 493 2758 560 negotio
2801 492 3081 545 videantur
3105 506 3269 559 posse
3296 490 3493 556 dijudi'

3386 379 3492 439 398

1926 582 2037 634 cari
2069 622 2082 645 ,
2121 581 2384 650 facileque
2435 587 2684 651 cognosci
2716 627 2729 649 ,
2766 595 2942 640 tamen
2992 587 3146 639 aliter
3190 602 3276 641 res
3311 587 3490 640 habet.

1925 672 1983 726 In
2045 674 2145 726 hoc
2210 675 2352 726 enim
2415 677 2753 744 potissimum
2835 681 2996 732 multa
3062 679 3494 746 frequentissime

1925 761 2114 814 incidit
2143 765 2383 818 mutatio.
2417 767 2611 818 Anima
2650 782 2879 835 namque
2925 779 3116 822 natura
3164 779 3215 822 et
3262 769 3496 822 essentia

1920 844 2278 908 immutabilis
2314 864 2392 908 est
2431 873 2443 908 :
2489 857 2740 909 similiter
2766 868 2818 910 et
2851 873 3000 911 mens
3052 859 3121 910 illi
3151 873 3176 911 a
3203 858 3496 912 Conditore

1925 950 2244 995 conereatau
2322 945 2459 998 Sola:
2537 947 2766 999 consilio
2837 959 3114 1014 reguntur,
3172 952 3496 1017 propriaque

1926 1032 2200 1085 voluntate
2231 1035 2480 1088 virtutem
2531 1047 2619 1089 aut
2646 1038 2772 1089 vilia
2819 1046 3164 1104 capessentes
3187 1081 3200 1102 ,
3232 1040 3448 1092 luminis
3475 1078 3489 1098 .

1927 1130 2019 1174 aut
2085 1123 2428 1176 tenebrarum
2493 1129 2651 1178 sociae
2708 1136 2758 1178 et
2825 1127 3063 1179 hzeredes
3120 1129 3169 1179 in
3235 1138 3494 1181 aeternum

1935 1215 2373 1279 constituuntur;
2431 1217 2652 1279 anima,
2717 1216 2975 1283 inquam,
3030 1227 3082 1271 et
3136 1236 3290 1272 mens
3341 1221 3494 1272 alteri

1934 1303 2128 1356 horum
2166 1305 2413 1370 consilio,
2449 1316 2505 1358 ut
2535 1306 2737 1358 dictum
2779 1315 2904 1370 est,
2953 1316 3005 1360 et
3039 1311 3315 1362 voluntate
3346 1311 3496 1363 ultro

1937 1393 2270 1448 adhaerentes
2302 1433 2316 1457 ,
2348 1412 2442 1450 seu
2481 1397 2646 1461 bono,
2679 1398 2815 1452 bona
2844 1399 3016 1460 fiunt',
3051 1415 3145 1452 seu
3173 1401 3329 1461 malo,
3358 1403 3496 1452 mala

1929 1495 2209 1540 voeartur.
2261 1487 2328 1538 At
2379 1503 2506 1541 vero
2559 1504 2755 1558 corpus
2805 1492 2969 1544 etiam
3022 1501 3213 1544 natura
3270 1507 3365 1553 sua
3415 1503 3499 1545 est

1928 1576 2186 1629 mutabile
2208 1616 2222 1638 ,
2255 1578 2381 1645 quia
2413 1581 2767 1645 compositum
2796 1619 2809 1642 ,
2858 1589 2911 1633 et
2961 1582 3197 1635 essentia
3256 1582 3494 1645 fluxum;

1926 1679 2120 1732 nempe
2153 1679 2215 1718 ex
2244 1669 2470 1721 materia”
2501 1668 3006 1725 interitui‘obnoxia
3030 1711 3044 1735 ,
3071 1682 3122 1724 et
3153 1673 3354 1726 caduca
3383 1714 3394 1735 ,
3433 1689 3495 1725 ex

1927 1756 2220 1810 contrariis
2255 1757 2462 1811 scilicet
2501 1762 2847 1815 commistum
2901 1764 3014 1816 sive
3041 1773 3497 1831 coagmentatum.

1933 1846 2004 1898 Ex
2037 1847 2216 1899 calido
2248 1848 2390 1900 enim
2425 1857 2479 1899 et
2513 1849 2708 1917 frigido
2741 1850 2821 1920 (ut
2845 1853 3040 1906 docent
3065 1855 3368 1922 philosophi
3395 1894 3408 1916 ,
3446 1864 3499 1908 et

1931 1935 2131 2010 veritas
2176 1934 2316 1988 idem
2367 1941 2620 2004 testatur)
2671 1954 2735 1992 ex
2787 1943 2937 1995 arido
2963 1952 3017 1996 et
3071 1945 3290 1997 humido
3338 1946 3501 2013 hujus

1931 2026 2167 2079 essentia
2215 2026 2510 2082 conflatur.
2543 2027 2923 2086 Verumtamen
2972 2035 3150 2101 ipsum
3200 2037 3498 2089 secundum

1931 2132 1989 2171 Se
2040 2117 2289 2185 arbitrio,
2339 2129 2392 2173 et
2442 2121 2720 2176 voluntate
2785 2131 2965 2185 caret,
3015 2134 3175 2194 atque
3219 2127 3421 2192 etiam,
3455 2128 3498 2180 si

1932 2206 2233 2265 dicendum,
2286 2222 2366 2265 est
2396 2251 2410 2278 ,
2449 2220 2598 2266 motu
2641 2231 2654 2266 :
2702 2214 2806 2267 nisi
2838 2215 3060 2269 omnino
3108 2218 3265 2285 hujus
3307 2218 3502 2271 fluxio-

1933 2315 2052 2352 nem
2091 2317 2542 2372 pregressumque
2589 2306 2653 2358 ad
2687 2306 2989 2371 interitum,
3021 2308 3312 2363 motionem
3347 2311 3502 2379 quis-

1935 2390 2074 2459 piam
2121 2392 2242 2459 ejus
2300 2393 2655 2462 hypostaseos
2705 2398 3001 2450 naturalem
3061 2400 3237 2466 dicat,
3288 2400 3341 2455 in
3393 2418 3501 2469 qua

1934 2483 2069 2536 nihil
2097 2483 2324 2538 rationis
2355 2486 2619 2538 cernitur.
2667 2485 2823 2551 Quod
2872 2503 2993 2541 cum
3033 2489 3105 2542 ita
3141 2492 3249 2555 sit,
3293 2501 3498 2546 certum

1932 2582 2017 2628 est
2048 2574 2252 2640 etiam,
2286 2590 2391 2628 non
2442 2576 2619 2631 inesse
2669 2587 2949 2648 peccatum
2978 2620 2990 2646 ,
3023 2596 3121 2636 nec
3164 2597 3280 2635 eam
3315 2598 3345 2636 a
3394 2583 3504 2638 Deo

1935 2665 2307 2718 condemnari.
2347 2665 2413 2719 Et
2457 2669 2671 2723 merito.
2748 2670 2902 2735 Quod
2943 2674 3083 2726 enim
3124 2682 3370 2727 naturam
3410 2689 3504 2730 co-

1936 2759 2179 2823 mitatur,
2212 2760 2342 2814 illud
2373 2776 2588 2830 quoque
2612 2762 3012 2818 damnationem
3055 2766 3199 2819 haud
3239 2778 3502 2821 meretur.

1933 2847 2194 2902 Ardorem
2277 2861 2454 2908 autem
2493 2893 2508 2918 ,
2574 2856 3071 2924 appetitionemque
3139 2858 3498 2924 nuptiarum,

1936 2940 2371 3014 conjunctionem
2418 2958 2707 3012 corporum
2767 2960 3049 3000 veneream
3080 2985 3096 3010 ,
3129 2947 3457 3016 voluptatem
3485 2990 3500 3010 .

1937 3029 2347 3092 helluationem,
2384 3033 2695 3102 ingluviem,
2733 3037 3170 3100 somnolentiam,
3204 3038 3502 3107 pigritiam,

253 3145 418 3204 atque
475 3135 735 3188 cohibere
769 3149 826 3188 se
888 3140 1140 3201 nequeat.
1201 3129 1264 3185 Et
1296 3132 1400 3186 ista
1438 3132 1651 3200 quidem
1684 3134 1827 3186 circa

1936 3131 2187 3177 ornatum
2241 3126 2470 3180 vestium
2503 3168 2516 3192 ,
2579 3128 2792 3198 aliaque
2847 3133 3072 3197 omnia,
3126 3147 3248 3200 qua:
3309 3133 3503 3201 vulgus

254 3228 538 3281 naturales
567 3227 732 3278 animi
767 3225 1036 3278 motiones
1071 3223 1188 3277 ﬁeri
1229 3231 1667 3288 consueverunt,
1701 3239 1824 3278 cum

255 3318 320 3372 ad
370 3327 650 3372 certamen
694 3317 748 3370 in
781 3315 1079 3370 exercenda
1130 3315 1328 3369 virtute
1350 3353 1370 3379 ,
1399 3323 1453 3368 et
1483 3316 1546 3369 ad
1576 3316 1828 3370 mandata

254 3410 598 3464 observanda
649 3408 969 3476 accingitur.
1047 3405 1152 3460 Sed
1198 3406 1654 3476 quemadmodum
1707 3409 1826 3462 aui-

256 3516 414 3564 mus,
445 3503 521 3555 ita
562 3509 613 3574 et
661 3514 815 3552 mens
857 3509 1042 3552 nostra
1099 3499 1415 3552 immutatur
1456 3498 1824 3568 variaturque.

259 3593 405 3647 Alias
447 3590 646 3644 etenim
699 3589 765 3642 ad
799 3587 1204 3658 intelligendum
1245 3588 1494 3659 expedita
1524 3597 1608 3643 est
1638 3626 1653 3650 ,
1679 3596 1732 3642 et
1761 3584 1828 3641 ad

259 3699 321 3739 ea
367 3697 490 3751 quae
540 3679 830 3748 intelligit,
857 3693 952 3734 seu
1015 3678 1273 3749 perspicit
1315 3679 1562 3732 celeriter
1608 3691 1834 3747 percur-

259 3774 428 3829 renda
470 3786 535 3825 ac
580 3768 940 3824 discernenda
987 3770 1338 3839 expeditior:
1373 3770 1506 3824 alias
1559 3769 1709 3840 pigra
1733 3809 1747 3831 ,
1779 3777 1832 3821 et

257 3863 410 3917 tarda
461 3861 529 3915 ad
556 3869 867 3929 utrumque.
909 3857 1186 3914 interdum
1237 3859 1423 3914 eadem
1465 3873 1619 3914 mens
1673 3865 1828 3928 quasi

259 3964 482 4014 amens,
534 3938 682 4002 muta
733 3953 786 4000 et
855 3947 1018 4000 surda
1063 3945 1121 3999 fit
1172 3963 1186 3998 :
1227 3944 1500 4000 interdum
1550 3945 1729 4016 viget,
1777 3955 1832 4001 et

258 4038 496 4094 facunda
536 4045 657 4099 est,
721 4045 774 4089 et
819 4033 1008 4088 audire
1066 4040 1281 4102 potest,
1333 4041 1496 4102 atque
1533 4035 1829 4102 percipere.

260 4129 566 4198 Aliquando
598 4140 736 4180 caeca
761 4165 775 4188 ,
810 4124 1100 4194 aliquando
1133 4124 1346 4179 oculata
1370 4165 1384 4188 ,
1415 4125 1467 4177 in
1501 4125 1833 4192 profundita-

259 4227 367 4274 tem
414 4228 468 4273 et
513 4215 851 4270 altitudinem
888 4213 1358 4281 contemplationis
1405 4229 1565 4281 snpra
1616 4225 1831 4286 captum

263 4312 514 4364 humanae
581 4315 786 4359 natura:
849 4304 1058 4372 ingredi
1107 4304 1364 4368 enititur;
1427 4305 1714 4373 aliquando
1767 4306 1833 4359 ad

264 4413 476 4454 omnem
529 4396 1040 4464 contemplationem
1089 4395 1266 4463 inepta
1301 4435 1314 4456 ,
1363 4410 1534 4463 eaque
1587 4412 1785 4450 vacans
1814 4436 1828 4459 ,

1932 3213 2212 3268 existimat
2277 3230 2475 3283 corpus
2546 3219 2860 3285 requirere,
2912 3235 3022 3273 non
3079 3234 3279 3290 corpus
3332 3220 3498 3286 (haud

1929 3305 2140 3373 magis,
2175 3320 2332 3373 quam
2382 3323 2504 3362 cum
2551 3310 2800 3363 exanime
2841 3309 3005 3379 jacet)
3037 3311 3132 3367 sed
3182 3312 3358 3365 anima
3405 3326 3503 3380 per

1930 3395 2033 3449 hoc
2083 3396 2346 3464 requirit,
2399 3391 2613 3461 anima,
2668 3400 2886 3468 inquam
2917 3440 2932 3465 ,
2982 3404 3146 3456 semel
3189 3401 3326 3456 huic
3386 3403 3504 3459 luto

1931 3485 2102 3542 indita
2126 3527 2140 3551 ,
2173 3487 2410 3554 gaudens
2439 3529 2452 3552 ,
2486 3496 2539 3542 et
2574 3490 2717 3542 velut
2741 3505 2835 3546 sus
2862 3491 2916 3544 in
2946 3507 3100 3546 emno
3133 3492 3187 3547 in
3227 3493 3312 3547 bis
3348 3494 3501 3549 voln.

1931 3577 2032 3645 tari
2069 3579 2463 3645 concupiscens
2491 3617 2506 3639 ,
2538 3581 2828 3650 carnisque
2859 3582 2963 3635 sibi
2991 3583 3314 3637 consociata:
3345 3585 3500 3638 votu-

1930 3673 2108 3734 ptates
2134 3665 2413 3722 afiectans.
2442 3667 2621 3732 Quare
2646 3685 2808 3725 nemo
2834 3685 2864 3724 a
2896 3685 3124 3738 corpore
3156 3687 3256 3726 suo
3285 3673 3349 3727 ad
3382 3675 3499 3728 iure

1932 3757 2221 3826 compelli,
2251 3765 2304 3811 et
2351 3758 2468 3826 cogi
2508 3773 2567 3814 se
2615 3759 2931 3825 arbitretur,
2966 3760 3109 3829 quod
3159 3761 3352 3818 falsum
3396 3778 3498 3822 est.

1934 3848 2040 3902 Sed
2066 3848 2227 3911 audi,
2258 3857 2310 3901 et
2339 3848 2574 3917 intellige
2600 3851 2888 3918 quomodo.
2914 3849 2955 3904 E
2990 3853 3143 3923 gleba
3176 3865 3331 3923 terra:
3359 3854 3501 3913 Deus

1935 3938 2202 3992 hominem
2252 3938 2425 3993 finxit.
2487 3939 2562 3992 En
2597 3941 2810 3995 ostendi
2854 3940 2966 4011 jam
3017 3943 3112 3998 tibi
3159 3960 3378 4015 corpus.
3415 3945 3497 4000 Tu

1932 4029 2211 4091 vicissim,
2243 4031 2430 4097 quales
2490 4029 2545 4083 in
2596 4046 2660 4084 eo
2713 4033 3143 4098 concitationes,
3178 4051 3241 4089 ac
3297 4037 3500 4092 turbidi

1935 4130 2114 4174 motus
2171 4122 2312 4185 sint,
2355 4123 2585 4176 ostende
2615 4165 2628 4187 ,
2661 4126 2801 4194 quod
2849 4128 3064 4194 penitus
3113 4144 3222 4183 non
3273 4133 3497 4199 poteris.

1935 4210 2070 4275 Quid
2107 4213 2333 4278 postea?
2360 4211 2428 4266 Et
2471 4217 2746 4282 inspiravit
2793 4215 2928 4270 Deus
2969 4220 3024 4270 in
3053 4219 3241 4286 facient
3267 4221 3380 4288 ejus
3401 4261 3415 4284 ,
3448 4232 3500 4276 et

1936 4305 2104 4373 [actus
2140 4315 2213 4358 est
2249 4306 2398 4360 homo
2429 4310 2482 4358 in
2513 4308 2742 4360 animant
2765 4310 3012 4361 viventem
3041 4309 3110 4362 “.
3142 4308 3206 4362 Et
3236 4312 3304 4365 ab
3337 4312 3501 4366 humo

1937 4397 2240 4455 excitatus.
2269 4397 2465 4464 spiritu
2499 4399 2590 4465 qui
2623 4398 2674 4451 in
2711 4400 2826 4465 ipso
2864 4411 2979 4452 erat
3021 4399 3196 4465 (herili
3233 4400 3496 4469 videlicet}

262 4491 515 4541 universe
561 4496 907 4554 peccatorum
943 4487 1340 4553 prateritorum
1375 4487 1656 4549 meminit,
1697 4488 1830 4539 nihil
1866 4473 1908 4524 θ
1938 4476 2139 4554 corpus
2193 4495 2442 4541 movente
2497 4487 2841 4553 ambulabat;
2878 4489 3063 4550 ardor,
3109 4498 3202 4541 aut
3254 4491 3501 4543 incitatio

262 4578 558 4645 quidquam
593 4574 769 4628 simile
795 4575 1112 4642 excogitans
1144 4589 1405 4642 prorsus;
1441 4591 1829 4647 nonnunquam

261 4666 429 4727 varie,
465 4665 611 4717 velut
648 4680 752 4718 non
781 4662 923 4718 facta
987 4666 1231 4732 cogitans
1255 4704 1268 4727 ,
1301 4673 1356 4719 et
1388 4667 1830 4732 comminiscens,

262 4766 317 4811 et
366 4756 619 4823 nequiter
670 4769 876 4824 agens,
913 4762 964 4808 et
1017 4751 1271 4822 tanquam
1307 4753 1522 4830 flamma
1571 4755 1626 4808 in
1671 4756 1830 4824 tignis

265 4849 505 4902 humidis
533 4846 684 4900 fumo
716 4846 977 4900 suffocata
1002 4887 1018 4910 ,
1047 4844 1106 4898 fit
1148 4844 1412 4915 maligna,
1455 4861 1561 4900 non
1599 4847 1650 4899 in
1692 4861 1830 4915 pra:-

265 4945 447 4991 sentes
510 4944 763 4998 tantum,
823 4935 918 4989 sed
961 4943 1014 4989 et
1056 4934 1124 4990 de
1176 4935 1489 4990 absentibus
1559 4938 1835 4992 nonnullis

268 5042 407 5096 saape
443 5027 668 5088 inania,
713 5036 767 5078 et
820 5025 953 5078 falsa
1003 5025 1060 5079 in
1103 5026 1392 5095 semetipsa
1446 5026 1739 5083 fabricans.
1771 5029 1837 5082 Et

266 5134 387 5172 cum
435 5132 531 5171 cor
579 5118 806 5171 multum
836 5120 1205 5182 contristetur,
1235 5132 1358 5190 nec.
1381 5132 1504 5171 cum
1561 5103 1752 5174 mente.
1781 5121 1832 5173 in

270 5211 469 5264 tatibus
507 5209 742 5273 sentiat,
773 5209 903 5261 nihil
943 5209 1158 5277 penitus
1189 5218 1368 5264 tamen
1407 5211 1666 5278 proficere
1686 5248 1701 5274 ,
1731 5226 1833 5264 nec

271 5312 513 5355 avertere
565 5298 735 5366 ipsam
787 5312 816 5349 a
847 5299 1001 5352 vanis
1047 5300 1466 5367 cogitationibus
1521 5310 1718 5369 potest.
1771 5300 1833 5355 Et

273 5392 536 5446 hactenus
588 5391 656 5444 de
705 5390 1094 5444 mutationibus
1126 5392 1358 5452 mentis.
1407 5395 1706 5460 animaeque
1738 5407 1835 5446 no-

270 5492 392 5534 stra:
422 5479 773 5548 intelligentia
802 5518 817 5542 ,
847 5495 909 5533 ac
939 5474 1134 5534 diviuaé
1161 5482 1366 5535 dictum
1413 5467 1549 5536 esto.

345 5570 473 5637 Quae
527 5585 692 5640 porro
743 5571 887 5625 circa
932 5585 1129 5638 corpus
1162 5572 1452 5628 varietates
1491 5573 1647 5627 nobis
1701 5590 1831 5628 con-

1350 5749 1391 5781 "
1415 5750 1546 5805 ibid.
1575 5749 1643 5801 ‘25

351 5746 390 5778 ¹⁶
423 5747 556 5805 Gen.
601 5764 663 5815 ιι,
709 5749 759 5806 7.
875 5753 916 5784 ”
954 5752 1087 5805 Gen.
1128 5765 1183 5813 ιι,
1216 5750 1266 5805 9.

1941 4579 2206 4642 libidinis,
2239 4589 2330 4632 aut
2381 4579 2539 4633 bruta
2575 4580 2778 4633 ventris
2804 4580 3014 4635 insania
3036 4623 3050 4648 ,
3085 4594 3139 4636 et
3174 4582 3503 4636 immodera-

1939 4677 2027 4724 tus
2084 4671 2185 4723 cibi
2248 4670 2516 4738 appetitus
2565 4686 2831 4737 nusquam
2885 4673 3062 4724 adhuc
3123 4673 3496 4740 apparebant,

1938 4761 2153 4826 vitaque
2189 4760 2510 4828 tranquille,
2545 4768 2596 4812 et
2644 4761 2776 4812 citra
2826 4760 3126 4814 molestiam
3181 4763 3503 4823 traduceba-

1940 4859 2046 4902 tur.
2096 4847 2386 4902 Videamus
2440 4849 2624 4916 igitur,
2655 4865 2724 4903 ne
2752 4851 2886 4904 forte
2911 4890 2925 4913 ,
2961 4853 3218 4919 quianon
3251 4854 3500 4911 exstabat

1942 4941 2142 4994 femina
2174 4979 2190 5004 ,
2218 4948 2311 4993 aut
2340 4942 2467 5008 quia
2500 4954 2605 4992 non
2640 4942 3057 5008 suppeditabant
3087 4958 3258 5005 escze,
3291 4944 3502 5010 cupidi-

1939 5039 2104 5084 tatem
2157 5032 2431 5084 irritantes
2453 5066 2470 5095 ,
2505 5030 2709 5084 idcirco
2744 5031 2902 5084 homo
2935 5047 3032 5084 nec
3073 5031 3139 5083 ad
3177 5034 3500 5087 concubitus

1939 5120 2312 5186 desiderium,
2368 5134 2466 5173 nec
2531 5121 2598 5172 ad
2657 5120 2946 5187 ingluviem
3000 5131 3327 5175 moveretur.
3358 5122 3495 5185 Quid

1938 5226 2066 5278 ergo
2116 5209 2233 5262 ait?
2279 5207 2641 5273 Produxitque
2702 5208 2950 5260 Dominus
3016 5209 3149 5260 Deus
3216 5209 3278 5259 de
3342 5208 3496 5258 humo

1941 5318 2091 5354 omne
2128 5301 2322 5370 lignum
2375 5301 2646 5368 pulchrum
2699 5300 2810 5352 visu
2839 5301 2912 5352 ”.
2944 5299 3008 5352 Et
3055 5307 3201 5351 erant
3248 5297 3416 5350 Adam
3451 5308 3500 5350 et

1943 5393 2053 5446 Eva
2097 5393 2149 5445 in
2182 5392 2429 5459 paradiso
2471 5387 2625 5453 nudi,
2667 5401 2714 5444 et
2746 5408 2847 5444 non
2879 5390 3240 5443 erubescebant
3273 5391 3333 5440 '°.
3367 5388 3501 5441 Cer-

1942 5485 2066 5545 nis,
2110 5497 2282 5550 neque
2328 5482 2453 5550 quia
2507 5481 2702 5534 femina
2758 5486 2898 5533 esset
2945 5479 3050 5531 Eva
3085 5519 3098 5540 ,
3152 5492 3325 5545 neque
3374 5477 3500 5545 quia

1937 5583 2121 5628 essent
2171 5572 2328 5626 ambo
2358 5571 2522 5635 nudi,
2573 5571 2690 5623 ideo
2743 5569 2965 5623 alterius
3023 5583 3085 5620 ex
3140 5567 3271 5635 ipsis
3316 5568 3498 5625 laesam
