4128 6338
585 367 692 428 3ἶο

1829 354 2211 417 SYMEONIS
2243 355 2612 418 IUNIORIS

3737 350 3848 414 400

590 495 710 535 esse
775 477 1134 549 pudicitiam?
1187 475 1288 531 Sed
1335 483 1387 532 ct
1432 477 1564 533 nudi
1607 483 1798 542 erant,
1854 486 1905 531 et
1949 492 2007 531 se
2056 491 2162 529 non
2192 478 2241 539 Α
2269 474 2465 528 fundit:
2494 473 2783 529 Postremo
2815 472 2918 526 alia
2955 479 3146 538 restat,
3185 487 3306 542 quae
3341 471 3669 527 connivente
3705 472 3848 526 bono

589 571 1032 642 cognoscebant,
1087 586 1188 625 nec
1242 569 1681 633 erubescebant,
1747 582 1850 621 nec
1905 579 2082 621 tamen
2133 579 2162 618 a

591 676 786 716 natura
822 664 1092 734 corporis-
1116 665 1180 719 ad
1214 679 1328 718 rem
1376 660 1678 716 habendam
1710 661 2161 716 sollicitabantur.

593 755 708 852 Sed.
742 763 870 828 post
900 765 1184 825 peccatum
1207 797 1221 822 ,
1260 764 1313 809 et
1347 754 1842 824 transgressionem
1871 794 1887 818 ,
1930 760 1981 806 et
2014 759 2166 821 post-

593 845 755 914 qua'm
797 847 1046 916 paradiso
1101 847 1285 914 puisi,
1338 860 1400 897 ac
1436 845 1546 898 Deo
1603 845 1786 898 nudati
1831 845 2084 907 fuerunt,
2114 851 2166 896 et

591 935 772 987 divina
828 934 948 1003 ejus
1003 933 1171 1002 gloria
1216 932 1568 997 exciderunt,
1610 942 1772 994 tunc,
1806 940 1864 984 ut
1903 930 2164 998 scriptum

593 1033 677 1079 est
711 1041 728 1080 :
760 1024 1008 1095 Cognorit
1043 1026 1213 1077 Adam
1260 1040 1474 1078 uxorem
1528 1041 1710 1087 suam,
1743 1023 2073 1091 concepitque
2120 1031 2169 1073 et

592 1119 788 1184 peperit
830 1118 893 1171 ¹⁷.
947 1115 1219 1179 Proinde,
1256 1116 1492 1180 dilecte,
1527 1118 1571 1168 si
1626 1127 1678 1168 ttt
1731 1131 1947 1185 quoquc
2000 1114 2168 1166 Deum

595 1209 810 1262 sincere
858 1209 1127 1262 amaveris
1160 1249 1174 1273 ,
1205 1217 1257 1262 et
1297 1209 1350 1262 in
1387 1210 1503 1276 ejus
1537 1207 1829 1261 dilectione
1862 1206 2128 1258 manseris
2155 1244 2170 1270 ,

597 1317 873 1370 nunquam
927 1301 1072 1354 ullus
1122 1299 1286 1353 animi
1340 1308 1520 1353 motus
1555 1315 1581 1351 a
1617 1300 1828 1352 ratione
1856 1297 2064 1350 alienus
2092 1296 2172 1349 tui

596 1379 968 1451 dominabitur
1005 1411 1020 1449 :
1063 1410 1240 1464 neque
1285 1393 1532 1463 corporis
1568 1392 1892 1446 necessitate
1936 1391 2170 1459 quadam

597 1488 880 1558 tyrannide
911 1470 1202 1557 opprimet.
1239 1487 1392 1541 Sicut
1423 1487 1567 1540 enim
1605 1501 1803 1554 corpus
1836 1486 1954 1539 sine
1988 1486 2186 1537 anima-

597 1579 662 1630 ad
705 1577 840 1630 nihil
892 1578 1094 1630 moveri
1129 1584 1304 1646 potest
1344 1593 1356 1628 :
1392 1575 1469 1629 sic
1516 1590 1691 1644 neque
1722 1573 1832 1629 Deo
1860 1590 1955 1644 per
1989 1574 2177 1627 chari-

599 1680 760 1724 tatem
821 1671 1111 1738 conjuncta
1159 1671 1341 1733 anima
1403 1668 1468 1722 ad
1528 1667 1737 1722 ventris
1789 1676 1843 1722 et
1893 1667 2176 1722 libidinum

595 1762 899 1830 voluptates
929 1744 1271 1830 pessumdari
1303 1780 1316 1814 :
1345 1776 1445 1815 nec
1469 1760 1536 1812 ad
1566 1761 1701 1814 alias
1731 1759 1994 1828 quasdam
2023 1759 2176 1827 cupi-

595 1853 793 1907 ditates
848 1868 1027 1906 rerum
1077 1851 1531 1920 aspectabilium,
1564 1862 1659 1904 aut
1697 1865 1810 1903 non
1867 1849 2180 1920 aspectabi-
2211 1825 2252 1880 Β

593 1944 746 2008 lium,
780 1945 832 1997 in
862 1945 1062 2013 quibus
1098 1944 1276 1997 locum
1314 1943 1475 1998 habet
1507 1944 1840 2013 perturbatio
1880 1961 1897 1999 :
1926 1945 2179 2014 quando-

598 2034 817 2104 quidem
875 2037 1151 2105 appetitus
1207 2035 1385 2090 cordis
1422 2035 1579 2103 ejus,
1633 2044 1726 2089 aut
1778 2037 1960 2104 potius
2005 2037 2184 2089 omnis

596 2124 878 2180 inclinatio
930 2123 1228 2178 voluntatis
1279 2123 1440 2190 ejus,
1482 2137 1605 2176 cum
1654 2122 1798 2177 dulci
1852 2138 2039 2177 amore
2089 2120 2180 2176 Dei

599 2216 853 2270 devincta
885 2225 989 2271 est.
1024 2217 1144 2285 Ipsa
1181 2216 1349 2284 igitur
1380 2215 1665 2271 Conditori
1692 2231 1793 2271 suo
1823 2217 2098 2282 colligata,
2127 2223 2185 2268 ut

600 2308 839 2363 diximus
869 2351 883 2373 ,
916 2308 1072 2373 cedo,
1111 2309 1384 2376 quomodo
1432 2323 1462 2361 a
1518 2322 1748 2376 corpore
1795 2301 2011 2361 incendi
2041 2349 2054 2372 ,
2091 2317 2184 2362 aut

577 2402 850 2466 moveri,
885 2409 978 2453 aut
1029 2414 1125 2468 per
1173 2399 1349 2468 ipsum
1404 2415 1534 2455 suas
1584 2400 1806 2455 omnino
1858 2400 2183 2469 cupiditates

598 2491 812 2561 explere
847 2491 1067 2560 potest?

676 2582 936 2636 Naturam
970 2595 1146 2636 autem
1174 2591 1591 2652 consequentes,
1627 2593 1681 2636 et
1714 2582 1764 2636 in
1801 2582 1918 2652 ipso
1946 2599 2183 2652 corpore

601 2676 928 2731 exsistentcs
967 2683 1300 2729 mutationes
1350 2674 1655 2729 manifestae
1703 2685 1870 2742 sunt;
1922 2679 2181 2732 omnibus

601 2767 767 2831 enim,
799 2766 959 2820 etiam
989 2767 1214 2831 sanctis,
1255 2767 1604 2835 contingunt.
1636 2767 1946 2836 Aliquando
1982 2771 2181 2822 ctenim

602 2872 794 2912 sanum
830 2873 953 2912 esse
977 2856 1198 2920 dicitur,
1229 2872 1350 2909 cum
1379 2856 1470 2909 illa
1503 2872 1566 2909 ex
1599 2858 1798 2924 quibus
1829 2868 2176 2925 concrc’tum,

604 2964 655 3004 et
691 2951 1052 3020 compositum
1087 2959 1192 3013 est,
1234 2963 1344 3003 non
1385 2948 1673 3002 dissident.
1698 2949 2005 3018 Aliquando
2035 2966 2181 3004 mor-

607 3045 732 3096 bum
765 3042 973 3096 sentire
997 3042 1233 3111 cogitur,
1261 3029 1477 3108 quando
1511 3056 1678 3093 unum
1713 3055 1776 3093 ex
1810 3054 2045 3110 quatuor
2076 3043 2185 3095 ele-

2262 566 2398 631 Deo,
2447 580 2512 620 ac
2557 564 2786 619 Domino
2830 573 3042 632 nostro,
3097 565 3400 619 secundum
3451 564 3846 618 (economicam

2269 657 2667 710 institutionem
2704 654 2769 708 ad
2807 655 3166 709 humilitatem
3218 655 3376 707 nobis
3427 668 3455 705 a
3499 653 3841 707 d-eutonibus

2270 748 2502 804 infertur
2532 748 2780 801 tentatio.
2806 745 3066 812 Quaenam
3097 745 3321 799 istltazc?
3351 747 3524 813 ipsum
3557 746 3660 798 hoc
3687 760 3846 815 unus,

2269 853 2321 896 et
2359 843 2569 907 pondus
2604 841 2851 908 corporis
2883 839 3081 902 nostri,
3117 838 3260 907 quod
3288 837 3538 905 quamvis
3569 837 3714 889 nulla
3745 835 3851 888 aiia

2269 935 2336 988 de
2377 950 2566 997 causa,
2601 919 2824 1002 propter
2864 949 3060 985 vanam
3096 933 3324 1000 gloriam
3371 932 3545 984 solum
3581 972 3592 993 ,
3622 941 3717 983 aut
3750 930 3855 983 ela-

2273 1028 2480 1080 tionem
2529 1027 2699 1079 anitni
2751 1034 2845 1079 aut
2891 1041 2987 1094 per
3035 1024 3441 1078 damnationem
3500 1024 3744 1088 alterius,
3799 1033 3855 1074 ut

2276 1114 2625 1185 negligentis,
2665 1123 2760 1168 aut
2801 1124 3024 1184 propter
3065 1116 3200 1167 alias
3249 1121 3410 1167 etiam
3444 1130 3642 1168 causas
3691 1113 3856 1172 pluri-

2275 1221 2414 1268 mas,
2447 1207 2679 1260 daemoni
2724 1208 2963 1258 traditur
2994 1206 3047 1257 in
3088 1206 3370 1258 interitum
3416 1207 3624 1267 carnis.
3649 1218 3704 1258 et
3734 1221 3835 1258 con

2276 1300 2554 1354 tritionem
2589 1299 2808 1358 animae;
2839 1298 3220 1368 probationem
3253 1315 3406 1362 vero,
3435 1307 3487 1352 et
3520 1300 3858 1352 exercitatio-

2277 1407 2397 1446 nem
2425 1391 2747 1460 ampliorem
2774 1393 3046 1460 ejusdem,
3072 1404 3124 1445 et
3147 1400 3205 1444 ut
3229 1407 3350 1445 cum
3376 1393 3584 1465 viscera
3617 1393 3853 1460 pietatis,

2277 1496 2330 1540 et
2357 1485 2760 1539 miserationem
2788 1483 2878 1538 Dei
2912 1487 3056 1539 circa
3085 1500 3181 1538 nos
3208 1485 3652 1554 cognoverimus,
3683 1493 3854 1536 totum

2280 1577 2483 1632 amoris
2513 1576 2764 1631 affectum
2802 1576 2868 1629 ad
2899 1591 3022 1631 eum
3071 1577 3500 1642 transferamus,
3534 1585 3760 1645 totoque
3799 1579 3851 1630 in

2282 1670 2433 1723 illtutt
2469 1669 2744 1723 desiderio
2779 1659 3042 1723 feramur.
3080 1666 3259 1733 Quare
3297 1680 3348 1723 et
3385 1669 3499 1722 haec
3525 1686 3633 1723 non
3665 1684 3857 1722 omnes

2281 1765 2463 1818 omnia
2502 1771 2708 1818 norunt
2751 1780 2764 1815 :
2797 1763 2890 1817 sed
2922 1764 3118 1818 animm
3155 1765 3375 1833 quidem
3407 1765 3783 1828 alterationes,
3810 1772 3861 1818 et

2282 1857 2529 1926 corporis
2563 1856 2937 1921 mutationes,
2974 1856 3067 1926 qui
3117 1856 3462 1911 mediocriter
3506 1857 3572 1909 ad
3603 1859 3858 1910 virtutem

2282 1945 2461 2001 aifecti
2503 1956 2652 2009 sunt,
2684 1961 2875 2001 eorum
2908 1948 3143 2016 quisque
3173 1962 3238 2001 ex
3267 1960 3419 2015 parte
3446 1948 3619 2010 novit,
3651 1947 3693 2000 si
3724 1946 3862 2000 forte

2283 2037 2578 2107 contigerit
2632 2039 2686 2092 in
2743 2039 2864 2108 ipso
2905 2040 3188 2108 quippiam
3245 2037 3623 2107 hujuscemodi
3671 2052 3686 2090 :

2285 2133 2448 2200 plane
2490 2131 2734 2185 tenebris
2767 2129 2972 2184 oﬂusoa
3005 2117 3112 2185 non
3148 2145 3428 2185 curamus.

2351 2223 2419 2275 At
2445 2236 2583 2291 quas
2617 2238 2769 2274 mens
2800 2223 3008 2290 patitur
3055 2222 3468 2285 conversiones,
3517 2227 3570 2275 et
3614 2221 3866 2274 mutatio-

2285 2330 2408 2380 nes,
2455 2315 2522 2368 de
2569 2315 2769 2383 quibus
2826 2314 3085 2375 diximus,
3145 2314 3246 2367 soii
3301 2313 3534 2367 turbidis
3577 2312 3866 2367 affet-tibus

2283 2415 2555 2470 carentes,
2584 2415 2636 2460 et
2684 2405 2942 2474 perfecti,
3000 2406 3119 2474 puri
3171 2413 3224 2460 et
3278 2405 3431 2459 liberi
3471 2406 3650 2458 anima
3701 2386 3866 2471 atque

2285 2508 2466 2553 tuente
2525 2508 2886 2568 cognoscunt.
2945 2496 3089 2563 Quin
3137 2513 3204 2550 ne
3280 2497 3383 2566 ipsi
3439 2496 3682 2566 quidem.
3745 2492 3862 2548 Non

2283 2594 2426 2646 enim
2462 2593 2546 2646 sui
2589 2592 2854 2659 ipsorum,
2893 2592 2987 2645 sed
3025 2592 3252 2644 alterius
3280 2597 3430 2653 sunt,
3463 2605 3491 2643 a
3519 2603 3630 2657 quo
3664 2587 3732 2641 de
3779 2587 3862 2641 his

2283 2686 2445 2738 etiam
2482 2684 2833 2739 erudiuntur.
2873 2684 3152 2738 Interdum
3183 2685 3384 2753 quippe
3419 2699 3482 2738 ex
3525 2682 3864 2739 istis‘diver-

2283 2775 2536 2828 sitatibus
2569 2777 2737 2829 menti
2786 2776 3194 2841 accidentibus,
3227 2776 3647 2846 constringitur,
3673 2775 3866 2829 trista-

2284 2874 2482 2935 turque
2543 2868 2747 2933 anima,
2807 2885 2929 2941 cum
2988 2869 3054 2924 de
3111 2868 3364 2938 praesenti
3417 2869 3614 2936 gaudio
3663 2865 3864 2936 aliquid

2287 2961 2553 3014 amiserit.
2586 2958 2976 3016 Verumtamen
3013 2962 3242 3016 viriliter
3277 2970 3507 3023 mentem
3536 2942 3861 3013 exsuscitat.

2288 3051 2559 3104 Interdum
2599 3067 2727 3105 vero
2785 3067 2940 3106 mens
2997 3054 3050 3104 in
3107 3054 3191 3107 liis
3248 3068 3368 3121 qua:
3425 3050 3629 3121 patitur
3682 3051 3863 3102 anima

3735 2051 3803 2091 na
3812 2055 3859 2089 lil

606 3135 803 3190 mentis
842 3137 1025 3202 seipso
1060 3134 1139 3187 vel
1167 3136 1401 3198 acutius,
1428 3137 1512 3187 vel
1542 3135 1805 3187 minutius
1849 3145 2038 3187 contra
2077 3135 2181 3187 alia

2287 3145 2617 3212 compatitur
2651 3152 2703 3196 et
2736 3144 2871 3211 ipsa,
2899 3130 2958 3199 et
2993 3145 3046 3197 in
3081 3153 3242 3198 nocte
3275 3146 3484 3199 versari
3520 3153 3747 3212 urgetur
3775 3143 3864 3196 illa

612 3229 988 3294 insurrexerit,
1036 3227 1144 3280 imo
1184 3227 1251 3278 ab
1295 3227 1401 3279 illis
1446 3227 1717 3278 devictum
1756 3240 2182 3294 oppressumque

610 3321 793 3375 fuerit.
849 3319 990 3372 Hinc
1045 3317 1461 3378 distillationcs,
1514 3328 1880 3370 extremarum
1935 3319 2184 3391 corporis

613 3412 844 3481 partium
881 3410 1283 3470 mutilationes,
1319 3415 1372 3459 et
1425 3421 1813 3474 nonnunquam
1851 3406 2023 3461 totius
2055 3407 2180 3458 ani-

617 3504 819 3557 mantis
853 3502 1122 3569 pern‘tcics
1148 3509 1201 3552 et
1227 3498 1503 3562 interitus,
1525 3498 1668 3550 citra
1703 3500 1960 3551 damnum
1988 3501 2184 3552 animae

614 3604 834 3658 nostra},
866 3608 988 3645 cum
1024 3592 1220 3644 horum
1256 3589 1488 3658 plurima
1538 3604 1602 3642 ex
1649 3589 2064 3657 intemperantia
2113 3590 2184 3642 vi-

616 3694 739 3739 ctus
782 3691 1132 3754 generentur.
1166 3680 1539 3745 Quorumdam
1572 3694 1701 3734 vero
1737 3686 2031 3748 corporum
2061 3696 2185 3734 mu-

620 3777 754 3831 tatio
786 3777 964 3830 ventis
990 3783 1043 3829 et
1093 3772 1205 3826 aeri
1243 3770 1565 3826 ascribenda
1608 3781 1711 3825 est.
1744 3772 1850 3834 Aer
1883 3771 2027 3825 enim
2057 3772 2184 3841 quia

618 3869 848 3940 frigidus
874 3909 888 3934 ,
919 3866 1167 3935 corporis
1199 3863 1451 3933 frigidam
1484 3864 1682 3918 sortita
1717 3874 1970 3918 naturam
2011 3864 2182 3919 oﬂen-

618 3962 721 4024 dit,
762 3974 826 4014 ac
859 3959 1128 4020 debilitat,
1174 3965 1233 4009 ut
1269 3956 1496 4009 nimium
1548 3954 1871 4022 refrigerata
1911 3956 2184 4010 videlicet.

620 4053 758 4116 Alia,
807 4051 1064 4120 quoniam
1124 4046 1525 4106 constitutione
1573 4048 1831 4101 calidiora
1865 4055 2016 4114 sunt,
2050 4051 2189 4103 coelo

627 4141 906 4213 frigidiore
950 4139 1274 4210 temporaria
1314 4139 1496 4209 potius
1543 4153 1606 4193 ac
1627 4139 1926 4192 valentiora
1955 4139 2190 4192 reddun-

621 4248 731 4291 tur.
765 4234 988 4297 Contra,
1018 4249 1142 4286 cum
1183 4246 1275 4285 aer
1323 4232 1631 4294 incaluerit,
1679 4230 1875 4300 frigida
1925 4231 2186 4286 foventur

619 4325 1042 4396 quodammodo,
1075 4333 1128 4378 et
1159 4323 1488 4378 reviviscunt
1517 4339 1530 4376 :
1563 4332 1619 4377 ut
1647 4339 1868 4387 muscae,
1894 4334 1947 4378 et
1979 4324 2187 4393 reliqua

623 4421 827 4474 insecta
861 4432 890 4469 a
925 4418 1095 4470 radiis
1129 4417 1401 4471 solaribus
1433 4415 1722 4484 tepefacta,
1752 4423 1803 4468 et
1825 4416 2108 4478 validiora,
2136 4423 2190 4468 et

625 4511 849 4581 agiliora
882 4509 1137 4563 evadunt.
1179 4508 1247 4561 At
1303 4508 1500 4576 quibus
1537 4508 1854 4562 constitutio
1879 4506 2051 4560 calida
2082 4518 2186 4570 est,
2224 4543 2266 4598 Β

624 4600 1099 4655 vehementissime
1132 4600 1494 4653 exardescunt
1517 4640 1530 4664 ,
1565 4608 1619 4653 ct
1659 4598 1724 4652 ad
1758 4613 1973 4653 omnem
2009 4598 2184 4654 actio-

625 4705 744 4744 nem
774 4701 936 4757 atque
976 4700 1184 4742 motum
1220 4690 1469 4743 similiter
1501 4690 1781 4758 languida,
1822 4698 1874 4743 et
1915 4689 2183 4743 imbecilla

623 4783 760 4839 fiunt
786 4798 798 4834 :
827 4790 880 4834 et
909 4782 1132 4835 omnino
1171 4781 1602 4850 unumquodque
1641 4795 1738 4849 pro
1762 4789 2189 4850 temperamento

627 4888 728 4926 suo
761 4874 815 4926 in
858 4873 999 4926 aeris
1024 4882 1414 4941 ventorumque
1441 4874 1740 4926 mutatione
1765 4873 1938 4942 ipsum
1971 4888 2189 4942 quoque

626 4979 724 5034 pro
751 4973 868 5018 rata
897 4964 1145 5035 portione
1171 4965 1529 5018 mutationem
1564 4965 1819 5018 admittit.
1853 4963 1993 5030 Quin
2022 4966 2186 5034 etiam

627 5055 748 5112 sine
773 5055 860 5109 his
888 5055 1180 5124 separatim
1214 5070 1280 5108 ex
1323 5056 1465 5118 cibo,
1515 5065 1754 5123 potuqne
1791 5053 2103 5116 immodico,
2137 5063 2190 5105 et

627 5163 692 5201 ex
725 5146 1140 5215 intemperantia
1174 5147 1481 5216 immutatio
1516 5147 1787 5215 sequitur.
1819 5146 2087 5200 Praeterea
2126 5159 2188 5197 ex

627 5238 799 5291 multo
851 5252 1064 5301 somno,
1116 5253 1178 5291 ac
1237 5237 1443 5302 labore,
1497 5248 1591 5293 aut
1647 5239 1863 5308 pigritia
1926 5239 2191 5306 corporis.

625 5327 864 5384 llurautn
896 5329 998 5382 alia
1028 5338 1133 5392 est,
1163 5330 1305 5398 quod
1357 5346 1422 5385 ex
1474 5332 1587 5400 ipsa
1622 5331 1969 5385 concretione
2003 5345 2195 5398 corpo-

626 5438 722 5482 ris,
757 5431 811 5474 et
841 5422 1019 5475 calore
1055 5423 1290 5474 naturali
1337 5423 1660 5492 producitur
1689 5424 1959 5476 fumosum
1998 5423 2189 5475 incen-

626 5515 772 5563 diutu
798 5550 812 5572 ,
858 5511 1006 5565 velut
1047 5515 1112 5567 ab
1144 5529 1282 5583 aqua
1320 5515 1605 5569 exstinctis
1640 5514 1974 5568 carbonibus
1997 5553 2010 5577 ,
2040 5512 2186 5581 quod

628 5606 760 5660 alias
791 5613 952 5674 caput
985 5606 1156 5659 solum
1192 5608 1343 5674 petit,
1391 5606 1522 5663 alias
1559 5615 1672 5660 toto
1723 5621 1780 5659 se
1823 5618 2050 5672 corpore
2081 5603 2187 5660 dif-

768 5783 901 5842 Gett.
940 5800 1010 5852 tv,
1040 5785 1089 5838 1.

2288 3236 2530 3302 quidem,
2572 3233 2668 3288 scd
2700 3250 2806 3287 non
2841 3235 2990 3288 cedit
3027 3250 3050 3284 :-
3071 3245 3305 3311 conatur
3338 3244 3518 3289 autem
3554 3249 3778 3288 manere
3808 3235 3861 3285 in

2288 3327 2511 3390 lumine,
2553 3336 2605 3380 et
2635 3326 2864 3379 forsitan
2909 3308 3360 3398 etiam’animam
3415 3328 3676 3382 illustrat.
3714 3327 3864 3382 Alias

2289 3434 2506 3472 rursum
2546 3420 2611 3470 ab
2642 3418 2975 3473 inconstanti
3016 3429 3070 3473 et
3113 3420 3362 3488 inaequali
3399 3401 3646 3487 corporis
3674 3417 3861 3475 habitu

2289 3521 2517 3580 utraque
2554 3523 2878 3579 Pl‘cmuntur
2909 3498 3281 3576 vehementer.
3320 3511 3628 3581 Aliquando
3659 3512 3865 3566 extrin-

2290 3619 2448 3658 secus
2489 3613 2823 3671 gravantur,
2879 3610 2933 3656 ct
2981 3588 3122 3658 onus
3166 3604 3443 3671 sentiunt;
3487 3610 3542 3664 et
3583 3610 3766 3670 tamen
3809 3603 3863 3656 in

2290 3711 2425 3765 pace
2497 3705 2646 3750 sunt.
2680 3695 2977 3750 -lnterdum
3033 3680 3371 3752 intrinsecus
3432 3695 3764 3771 turbantur,
3815 3704 3866 3750 et

2292 3772 2734 3850 commoventur,
2765 3774 3380 3856 perturbationibusque
3411 3786 3710 3857 generatim
3737 3784 3864 3840 sub-

2293 3882 2519 3944 duutur,
2561 3891 2621 3934 ut
2649 3880 2740 3949 qui
2778 3881 3005 3949 patitur,
3037 3880 3274 3951 priorem
3310 3864 3723 3946 tranquillitatis
3755 3893 3866 3939 sua

2294 3971 2658 4025 conditionem
2702 3985 2925 4039 sperare
2962 3985 3067 4026 non
3103 3969 3301 4037 possit.
3329 3967 3419 4025 Sic
3450 3969 3632 4035 itaque
3663 3967 3863 4034 anima,

2293 4070 2361 4116 et-
2386 4077 2540 4116 mens
2569 4076 2599 4114 a
2632 4077 2883 4130 corpore,
2928 4075 3083 4115 mens
3121 4059 3187 4118 ab
3216 4060 3397 4114 anima
3424 4060 3563 4135 ipsa,
3598 4068 3651 4114 et
3687 4060 3866 4145 anima

2294 4153 2532 4223 denique
2563 4169 2591 4207 a
2623 4163 2823 4220 mente,
2858 4162 2911 4208 ct
2946 4168 3176 4222 corpore
3201 4152 3384 4215 habet,
3413 4153 3553 4218 quod
3576 4152 3864 4220 delinquit.

2293 4245 2478 4315 Neque
2511 4245 2624 4298 haec
2645 4245 2775 4307 duo,
2801 4246 2981 4299 anima
3009 4253 3065 4299 et
3092 4260 3243 4299 mens
3275 4259 3490 4312 semper
3527 4244 3860 4298 turbantur:

2296 4336 2389 4389 sed
2431 4351 2495 4390 ex
2533 4337 2597 4389 iis
2629 4341 2713 4388 est
2750 4334 2968 4403 quando
3007 4336 3186 4387 anima
3231 4335 3437 4403 patitur
3467 4334 3604 4396 sola,
3633 4350 3866 4402 percun-

2296 4435 2581 4494 ctaturque
2610 4441 2786 4487 mens,
2815 4433 2891 4486 et,
2920 4425 3071 4498 quid,
3108 4424 3308 4493 inquit,
3338 4430 3424 4478 est
3453 4424 3588 4478 tibi?
3619 4425 3866 4492 illamque

2297 4516 2637 4572 consolatur.
2676 4515 2953 4570 interdum
2991 4531 3143 4570 meus
3181 4526 3530 4580 excaecatur,
3577 4524 3629 4570 et
3664 4517 3865 4586 obtegi-

2298 4623 2407 4672 tur,
2444 4610 2738 4676 animaque
2791 4623 2912 4659 cum
2980 4607 3052 4666 sit
3103 4607 3296 4672 libera,
3339 4609 3540 4661 virtute
3597 4608 3736 4678 ignis
3783 4609 3863 4664 sui

2297 4702 2644 4772 persequitur
2688 4700 2975 4768 caliginem
3001 4737 3015 4763 ,
3051 4710 3103 4752 ct
3134 4701 3351 4754 sublato
3390 4701 3657 4753 velamine
3709 4718 3863 4756 men-

2297 4802 2400 4844 tem
2436 4790 2564 4844 facit
2603 4790 2867 4858 aspicere.
2901 4788 3269 4854 Quamobrem
3298 4833 3311 4857 ,
3345 4789 3531 4859 patres
3565 4800 3618 4844 et
3673 4790 3865 4847 fratres

2299 4884 2425 4947 mei,
2464 4900 2571 4936 non
2604 4884 2779 4937 solum
2809 4883 3165 4945 mutationes,
3196 4883 3607 4944 conversiones,
3641 4899 3865 4954 quaeque

2296 4977 2454 5036 nobis
2507 4975 2767 5030 eveniunt
2821 4973 3209 5038 alterationes,
3265 4988 3457 5028 verum
3503 4975 3668 5031 etiam
3724 4974 3863 5029 unde

2294 5066 2569 5122 eveniant.
2607 5072 2661 5119 et
2693 5065 2989 5134 quomodo,
3041 5073 3094 5121 et
3137 5081 3166 5122 a
3195 5065 3418 5134 quibus,
3457 5067 3662 5134 quique
3712 5067 3858 5122 venti

2294 5156 2683 5225 cogitationum
2719 5155 2949 5223 spirent,
2987 5164 3040 5208 et
3066 5170 3131 5212 ex
3171 5156 3368 5227 quibus
3399 5171 3698 5223 pravarum
3727 5156 3861 5212 affe-

2296 5249 2564 5313 ctionum,
2596 5247 3069 5315 tentationumque
3114 5246 3340 5304 flumina
3372 5247 3724 5312 descendant,
3774 5255 3864 5301 aut

2300 5337 2707 5407 superveniant,
2739 5337 3041 5407 intelligere
3070 5319 3366 5404 \debemus,
3393 5345 3452 5390 ut
3492 5338 3715 5393 domum
3749 5339 3865 5392 ani-

2298 5444 2399 5482 ma:
2433 5436 2551 5482 tuto
2582 5428 2881 5490 firmemus,
2914 5437 2968 5482 et
3008 5428 3209 5496 navigii
3259 5429 3474 5482 clavum
3510 5431 3646 5483 bene
3676 5431 3862 5485 mode-

2296 5536 2480 5575 remur
2509 5536 2574 5588 ne
2595 5522 2729 5574 attis
2755 5519 3014 5590 imperiti,
3049 5530 3355 5589 naturaque
3380 5520 3654 5574 inhabiles
3681 5521 3862 5589 ipsum

2299 5626 2578 5667 versemus
2619 5628 2632 5662 :
2670 5624 2904 5681 quorum
2947 5612 3313 5683 cognitionem
3345 5612 3452 5667 vita
3499 5611 3748 5671 studiose
3777 5629 3861 5671 ao-
