4156 6340
254 429 358 495 lt)!

1662 459 1944 518 ORATIO
1974 463 2138 526 XIX.

3388 483 3492 544 ἐίὲ

253 545 500 653 cundum
532 553 803 656 uregulam
847 568 1107 625 perpetuo
1152 572 1270 617 acta
1323 566 1650 634 suppeditat.
1710 571 1823 626 Sibi
1857 576 1904 632 Α
1933 578 2076 644 pias;
2111 582 2202 635 sed
2237 584 2471 638 arculam
2505 588 2718 666 quidem
2766 592 3130 661 obsignatam.
3165 612 3487 666 magnoque,

254 639 405 692 enim
443 641 545 710 ipsi
576 649 865 702 terminum
913 665 976 704 ac
1028 661 1213 723 typum
1249 671 1450 724 ponere
1502 661 1826 716 monachum

251 741 492 798 oportet,
525 744 580 788 et
606 737 750 792 scire
787 756 894 809 quo
935 751 1093 810 pacto
1139 747 1336 816 singuli
1377 747 1493 804 dies
1541 757 1828 821 peragendi

251 824 384 887 sint,
415 834 474 878 ut
503 831 840 885 curriculum
871 834 1094 890 virtutis
1115 839 1367 906 expedite
1391 849 1551 908 queat
1578 858 1823 909 currere,

250 925 305 969 et
358 932 426 971 ne
466 934 567 987 per
602 923 878 978 inscitiam
930 942 1127 982 cursus
1176 932 1294 998 ejus
1343 933 1694 1001 impediatur.
1737 939 1826 994 Sic

248 1008 415 1062 etiam
448 1013 554 1066 sibi
592 1015 736 1089 viam
765 1001 1264 1088 virtutis'asperam
1303 1025 1467 1079 simul
1505 1036 1551 1081 et
1587 1029 1820 1085 laborio-

248 1113 366 1152 sam
400 1105 774 1173 coiuplanabit
804 1124 818 1161 :
855 1126 976 1163 cum
1004 1112 1261 1166 nimirum
1295 1112 1565 1192 habitum,
1593 1136 1822 1176 consuc~

248 1193 612 1265 tudinemque
634 1208 782 1254 recte
808 1200 1041 1256 faciendi
1066 1207 1405 1274 acquisierit,
1434 1222 1488 1264 et
1513 1213 1820 1280 proﬁciens.

244 1287 716 1358 ascensiones‘que
742 1292 796 1344 in
821 1294 988 1348 corde
1008 1311 1108 1348 suo
1133 1298 1454 1366 disponens,
1477 1309 1528 1356 et
1550 1319 1613 1356 ex
1642 1308 1823 1373 parvis

243 1375 313 1426 ad
353 1376 558 1444 majora
591 1381 1023 1452 perfectioraque
1053 1401 1111 1440 se
1147 1389 1398 1442 attollens
1427 1389 1536 1445 Deo
1563 1395 1819 1460 placebit,

242 1465 637 1536 dictorumque
660 1487 690 1526 a
722 1474 879 1528 nobis
911 1479 1152 1530 omnium
1197 1483 1448 1535 notitiam
1484 1483 1708 1538 habebit
1750 1488 1818 1550 ¹⁸,

240 1570 295 1613 et
330 1563 630 1616 multorum
664 1565 890 1618 aliorum
923 1567 1185 1635 magister
1216 1573 1418 1638 audiet,
1459 1589 1734 1640 sermone,
1762 1589 1817 1633 et

241 1664 462 1704 morum
507 1653 818 1708 innocentia
851 1671 948 1711 eos
983 1660 1074 1726 qui
1127 1675 1249 1714 cum
1292 1662 1409 1730 ipso
1441 1666 1812 1721 verSabuntur

239 1740 589 1807 illuminans,
621 1753 680 1798 ut
714 1747 807 1815 qui
843 1748 1006 1802 etiam
1041 1751 1153 1818 ipse
1195 1753 1431 1823 desuper
1472 1757 1816 1814 illuminatus

241 1832 348 1896 sit;
380 1841 436 1887 et
465 1833 734 1903 profunda
784 1839 1033 1894 revolans
1065 1841 1172 1906 his,
1223 1846 1316 1913 qui
1370 1862 1492 1900 cum
1545 1849 1816 1905 desiderio

237 1927 497 1988 q‘ttaerunt
544 1927 754 1984 discere
795 1931 1065 2000 profunda
1118 1936 1346 2003 spiritus
1376 1937 1442 2001 ".
1494 1939 1548 1996 in
1597 1941 1814 1999 Christo

235 2012 394 2079 Jesu,
422 2015 656 2073 Domino
687 2031 898 2085 nostro,
931 2025 1019 2078 cui
1046 2026 1239 2096 gloria.
1273 2036 1327 2082 et
1372 2030 1546 2100 imper
1571 2047 1658 2085 um
1691 2048 1814 2088 cum

237 2105 424 2171 Patre.
459 2118 514 2163 et
543 2119 736 2167 sancto
762 2112 964 2185 Spiritu
994 2132 1139 2173 nunc
1171 2127 1226 2174 et
1259 2117 1313 2175 in
1345 2123 1543 2179 saecula
1575 2126 1809 2180 saeculo-

243 2211 392 2252 rum.
427 2203 622 2256 Amen.

809 2322 1064 2381 ORATIO
1105 2327 1230 2382 XIX

827 2436 1231 2496 Ancuueuruu.

242 2541 658 2621 De__coguitioue
703 2550 975 2621 spirituafi
1008 2569 1026 2608 :
1054 2563 1102 2607 et
1138 2555 1440 2608 thesaurum
1481 2562 1698 2621 spiritus
1753 2567 1806 2617 iu

311 2615 486 2692 littere
521 2615 826 2672 sanctarum
859 2620 1257 2687 Scripturarum
1293 2615 1689 2692 absconditum,
1712 2615 1811 2686 rion

312 2686 575 2763 omnibus,
606 2705 908 2763 quanquam
937 2686 1266 2756 cup’eutibus
1304 2699 1637 2763 manifestum
1662 2686 1771 2756 esse
1795 2720 1814 2756 .'

310 2753 823 2832 gdpossideutibus
863 2753 1124 2815 diuitua'at
1168 2764 1340 2826 illum,
1373 2753 1461 2832 qui
1494 2753 1698 2823 sensum
1747 2753 1814 2827 in!

311 2819 617 2890 Scripturas
650 2827 1018 2898 intelligendas
1053 2835 1244 2900 aperit.

313 2932 626 3000 Spiritualis
660 2940 931 3009 cognitio,
971 2941 1190 3008 fratres,
1247 2947 1488 3016 cuipiam
1540 2951 1726 3007 domui
1759 2958 1808 3009 in

238 3027 418 3080 medio
447 3031 755 3096 mundanae,
783 3042 836 3086 et
874 3035 1093 3100 gentilis
1146 3039 1471 3106 cognitionis
1523 3044 1805 3101 aialitiratze

236 3118 435 3173 similis
465 3131 550 3174 est
577 3143 588 3176 :
618 3123 672 3176 in
700 3139 802 3191 qua
827 3124 1009 3192 domo,
1036 3128 1180 3180 velut
1204 3130 1520 3184 scriniolum
1555 3137 1808 3203 solidum,

234 3219 291 3263 et
329 3214 727 3268 communitum
769 3225 853 3271 est
886 3220 1123 3286 cognitio
1177 3236 1205 3274 a
1261 3222 1368 3276 Deo
1421 3225 1807 3294 inspiratarum
1841 3231 1882 3287 (Ξ

237 3301 674 3372 Scripturarum,
705 3314 758 3360 et
806 3307 1140 3377 divitiarum,
1173 3327 1296 3381 qua:
1338 3314 1391 3368 in
1419 3330 1484 3371 eo
1513 3317 1813 3386 inexplica-

236 3395 395 3459 hiles,
425 3399 600 3450 instar
634 3399 876 3455 thesauri
907 3401 1092 3470 jacent
1132 3405 1462 3461 reconditae:
1503 3425 1686 3478 quem,
1718 3414 1810 3481 qui

234 3487 457 3537 domum
495 3487 894 3556 ingrediuntur,
929 3492 1111 3546 videre
1143 3505 1441 3561 nequeunt,
1481 3500 1583 3553 nisi
1624 3507 1812 3558 arcula

238 3576 343 3629 illis
368 3579 584 3645 penitus
612 3592 906 3647 reserctur;
937 3597 1098 3652 quam
1127 3595 1305 3640 tamen
1333 3587 1568 3643 humana
1598 3596 1815 3662 sapien-

236 3669 311 3722 tia
363 3684 612 3725 reserare
656 3687 937 3741 nunquam
995 3677 1212 3731 valebit.
1262 3681 1529 3744 Quocirca
1585 3686 1809 3752 spiritus

239 3772 375 3825 opes
405 3760 458 3811 in
497 3775 560 3812 ea
599 3766 884 3830 repositae,
933 3767 1254 3822 mortalibus
1309 3771 1580 3828 universis
1622 3778 1812 3843 ignotae

235 3860 479 3904 manan
519 3851 587 3905 Et
631 3854 1122 3921 quemadmodum,
1177 3857 1302 3913 licet
1354 3863 1521 3929 ipsam
1570 3869 1810 3922 arculam

233 3949 404 3992 totam
441 3941 686 3994 humeris
725 3945 839 3998 suis
873 3945 1180 4013 impositam
1212 3950 1336 4017 quis
1382 3954 1538 4015 ferat,
1575 3957 1809 4012 locatum

231 4029 288 4082 in
317 4046 378 4084 ea
409 4032 730 4086 thesaurum
760 4035 976 4105 ignorat
1003 4056 1014 4090 :
1046 4038 1148 4101 sic,
1168 4040 1270 4093 etsi
1299 4043 1420 4109 quis
1444 4061 1634 4099 omnes
1663 4047 1811 4100 Scri-

231 4134 424 4190 pturas
455 4124 670 4190 legerit,
704 4127 838 4180 etin
873 4137 1089 4194 pectore
1135 4132 1523 4192 recondiderit.
1563 4145 1614 4188 et
1650 4139 1803 4205 quasi

230 4229 402 4266 unum
441 4216 718 4284 psalmum
768 4233 861 4271 eas
906 4219 1136 4272 recitare
1181 4236 1244 4274 ex
1301 4227 1564 4278 memoria
1618 4231 1805 4294 possit,

231 4305 617 4360 absconditum
655 4309 1015 4364 nihilominus
1041 4313 1094 4364 in
1122 4314 1308 4366 arcula
1354 4317 1526 4369 saucii
1573 4317 1806 4383 Spiritus

229 4399 434 4454 donum
465 4401 665 4454 nescit.
699 4401 884 4470 Neque
907 4405 1050 4457 enim
1071 4421 1164 4474 per
1192 4408 1430 4461 arculam
1463 4425 1582 4476 qure
1619 4412 1804 4464 insunt

230 4493 282 4545 in
316 4496 528 4557 arcula,
560 4487 740 4563 neque
772 4511 867 4564 per
895 4495 1235 4564 Scriptorum
1271 4514 1389 4566 qua:
1420 4502 1624 4554 suntin
1658 4502 1805 4553 Sn-ri-

228 4597 409 4653 p'ura,
472 4597 786 4641 notescnnt.
845 4589 983 4642 Audi
1037 4607 1272 4658 quanam
1326 4592 1556 4644 ratione.
1603 4594 1799 4647 (It-ruis

229 4693 415 4730 arcztm
451 4679 754 4745 parvulam,
784 4680 918 4734 bene
951 4680 1190 4732 clausmn
1221 4680 1478 4747 undique,
1510 4693 1804 4747 quantum-

227 4783 333 4835 quc
363 4785 428 4822 ex
461 4771 580 4831 eius
615 4770 873 4836 pandere,
906 4778 959 4823 ct
983 4770 1256 4822 exteriore
1286 4771 1552 4831 elegantia
1587 4772 1801 4839 Colligis

229 4859 349 4926 (aut
383 4860 618 4913 forsitan
659 4859 821 4911 etiam
869 4860 936 4912 ah
982 4859 1100 4911 aliis
1139 4859 1416 4927 audivisti)
1465 4862 1641 4913 credis
1675 4863 1805 4916 llic—

229 4965 456 5002 saurnm
503 4950 650 5001 intus
682 4951 847 5002 latere
885 4967 898 5002 :
942 4965 1044 5016 qua
1075 4949 1234 5001 etiam
1270 4950 1503 5012 snh'ata,
1539 4952 1800 5007 fustium-

229 5052 311 5094 ter
342 5031 613 5095 ambulas.
660 5039 827 5093 Narra
863 5041 1024 5108 igitur
1073 5041 1226 5102 mihi,
1266 5042 1394 5110 quid
1433 5044 1672 5109 proderit
1698 5088 1709 5108 ,
1752 5047 1794 5099 si

227 5133 598 5200 obsignatam,
631 5143 686 5186 et
717 5132 961 5186 clausam
988 5131 1160 5197 ipsum
1200 5133 1370 5184 solam
1407 5135 1458 5184 in
1503 5136 1648 5185 omni
1689 5137 1794 5188 rita

226 5221 609 5284 circumferas,
676 5238 772 5274 nec
805 5223 1042 5290 aperias,
1098 5236 1195 5273 uec
1247 5221 1540 5288 aliquando
1589 5224 1789 5276 ibidem

230 5316 532 5381 repositum
585 5313 897 5367 thesaurum
948 5313 1252 5380 inspicias?
1307 5313 1351 5366 si
1392 5312 1700 5380 lapillorum
1739 5315 1791 5367 in

229 5419 288 5459 ca
327 5403 621 5474 fulgorem,
655 5402 1072 5471 margaritarum
1125 5402 1450 5462 clarita'em,
1485 5405 1600 5454 auri
1639 5419 1797 5457 coru-

229 5511 382 5549 scum
425 5495 770 5562 splendorem
803 5509 908 5546 non
950 5492 1175 5544 videas?
1207 5491 1340 5556 Quis
1372 5491 1600 5553 fructus,
1634 5493 1676 5548 si
1713 5493 1798 5546 di-

229 5602 368 5656 gnus
404 5603 512 5639 non
547 5587 645 5646 sis,
675 5585 768 5650 qui
796 5599 862 5640 ex
905 5585 970 5637 iis
998 5584 1079 5636 vel
1115 5583 1414 5650 pauxillum
1445 5583 1662 5635 auferas
1686 5621 1701 5645 ,
1743 5591 1798 5635 et

231 5677 355 5730 inde
381 5677 447 5729 ad
481 5677 680 5730 victum
720 5676 1044 5730 vestitumve
1087 5674 1292 5743 aliquid
1323 5673 1595 5746 commodi
1628 5673 1800 5743 perci-

307 5822 350 5847 ¹¹¹
384 5819 526 5872 l‘sal.
573 5834 800 5875 txxsnt.
838 5819 888 5872 6.
971 5823 1013 5852 "
1055 5821 1072 5872 l
1108 5819 1231 5872 Cor.
1264 5833 1322 5883 tt,
1369 5818 1452 5869 10.

237 5891 364 5945 loss.
399 5904 481 5956 ut,
521 5889 576 5944 5.
691 5889 736 5922 ³³
768 5889 926 5945 Rom.
957 5905 1071 5948 rm.
1106 5889 1192 5946 i7.

1531 5821 1573 5851 εδ
1614 5817 1769 5873 Joan.
1832 5833 1882 5885 ν,
1914 5818 2002 5872 59.

1931 678 1984 722 et
2027 671 2282 738 opulento
2329 675 2583 730 thesauro
2631 678 2910 746 refertam,
2960 683 3201 753 quandiu
3263 687 3314 740 in
3385 691 3489 739 vita

1930 765 2306 828 commoraris.
2351 768 2731 834 circumferas,
2777 781 2835 826 nt
2881 774 3138 839 diximus,
3199 784 3253 826 tu
3306 787 3484 830 autem

1930 850 2047 919 ipse
2080 853 2486 922 interea‘fame,
2520 861 2632 925 siti,
2676 861 2920 919 nuditate
2951 867 3252 921 cruciaris?
3298 866 3483 921 Nullus

1927 944 2087 1012 plane
2121 947 2332 1014 opinor.
2363 951 2470 1005 Ista
2498 954 2654 1016 mihi,
2689 955 2851 1008 frater
2885 957 2954 1008 mi
2979 999 2992 1020 ,
3022 958 3186 1009 etiam
3225 957 3291 1010 de
3325 959 3482 1026 spiri-
3519 1002 3528 1012 .

1929 1038 2168 1092 tualibus
2197 1043 2390 1109 cogita,
2425 1054 2478 1098 et
2515 1046 2714 1100 arcula}
2749 1048 2969 1102 nomine
3001 1048 3202 1102 Christi
3248 1049 3490 1115 Evange—

1927 1126 2078 1190 limn,
2114 1141 2441 1202 craterasque
2474 1133 2788 1203 Scripturas
2833 1138 3099 1206 intelligo,
3144 1139 3405 1196 hahcntes
3438 1141 3488 1192 ia

1927 1231 1985 1268 se
2018 1219 2357 1285 conclusam,
2392 1233 2444 1276 ct
2471 1226 2736 1293 signatam
2770 1229 2930 1281 vitam
2964 1240 3247 1292 aeternam,
3277 1242 3329 1284 ct
3361 1247 3483 1284 cum

1925 1306 2110 1360 eadem
2142 1327 2262 1379 (μιεο
2290 1312 2339 1365 in
2379 1314 2467 1367 illa
2500 1325 2664 1380 sunt,
2702 1319 2864 1371 rutilis
2892 1322 3242 1387 exprimenda
3280 1320 3480 1378 verbis.

1926 1412 2152 1466 quaeque
2183 1403 2356 1456 oculis
2383 1408 2659 1474 corporeis
2693 1424 2799 1462 non
2837 1420 3136 1464 cernuntur
3167 1412 3306 1463 bona
3332 1421 3489 1464 arter-

1925 1501 2014 1550 na,
2045 1491 2338 1544 secundum
2374 1492 2586 1548 Domini
2616 1512 2798 1550 vocem
2830 1517 2840 1551 :
2875 1498 3202 1553 Scrutumiui
3241 1500 3483 1566 Scriptu-

1922 1595 2034 1645 ras,
2071 1585 2318 1649 quoniam
2352 1587 2406 1638 iu
2448 1588 2576 1656 ipsis
2604 1600 2680 1642 est
2724 1593 2829 1644 vita
2863 1602 3060 1645 mter-na
3101 1593 3166 1646 ὀ.
3204 1592 3485 1655 llonrincm

1922 1686 2105 1740 porro,
2139 1677 2229 1742 qui
2261 1679 2502 1731 arculam
2531 1681 2582 1734 in
2613 1682 2867 1737 humeros
2893 1685 3137 1749 sustulit,
3168 1701 3306 1754 porte
3334 1686 3483 1739 illum

1921 1779 2064 1830 esse,
2098 1768 2189 1835 qui
2230 1767 2544 1837 Scripturas
2583 1789 2773 1828 omnes
2807 1775 3036 1829 reddere
3066 1788 3226 1843 queat
3275 1792 3338 1829 cx
3377 1794 3480 1829 mn-

1923 1859 2114 1924 moria,
2145 1871 2198 1914 et
2229 1862 2278 1914 in
2327 1879 2424 1917 ore
2458 1880 2552 1919 eas
2583 1881 2794 1935 semper
2827 1868 3039 1921 habeat.
3075 1869 3176 1922 lias
3204 1871 3388 1938 itaque
3431 1872 3484 1924 in

1919 1951 2103 2005 arcula
2136 1957 2440 2009 memoriali
2468 1959 2680 2019 animae.
2713 1959 2961 2012 mandata
3000 1959 3088 2012 Dei
3117 1971 3175 2013 ut
3207 1960 3485 2029 pretiosos

1917 2045 2178 2112 quosdam
2237 2047 2442 2115 lapides
2503 2050 2834 2114 continente,
2886 2051 2938 2103 in
2988 2050 3184 2118 quibus
3243 2059 3324 2105 cst
3374 2050 3483 2103 vita

1915 2143 2117 2189 acterna
2151 2138 2335 2203 (verba
2362 2142 2507 2193 cnim
2539 2141 2740 2194 Christi
2769 2143 2858 2194 lux
2885 2148 2938 2195 et
2963 2142 3068 2194 vita
3100 2151 3228 2196 sunt
3265 2151 3320 2194 nt
3343 2139 3482 2195 idem

1917 2224 2032 2292 ipse
2079 2227 2154 2278 ait
2181 2227 2249 2289 “,
2279 2237 2332 2281 ct
2363 2229 2455 2296 qui
2495 2245 2601 2282 non
2638 2230 2810 2282 credit
2865 2232 2918 2283 in
2970 2229 3168 2282 Filium
3217 2231 3336 2293 Dei,
3376 2245 3483 2282 non

1917 2315 2122 2369 videbit
2155 2315 2341 2386 vitam)
2368 2326 2636 2386 apponat.
2667 2318 2802 2373 Crat
2853 2319 3122 2372 mandatis
3151 2331 3331 2375 autem
3374 2323 3484 2373 vir.-

1919 2414 2062 2459 tutes
2095 2446 2110 2470 ,
2149 2416 2206 2460 ut
2251 2411 2573 2474 margaritas
2628 2415 2928 2479 quasdam,
2966 2430 2992 2464 a
3034 2413 3304 2468 mandatis
3343 2416 3482 2468 enim

1918 2496 2167 2561 virtutes,
2189 2500 2239 2553 in
2260 2501 2458 2568 quibus
2490 2505 2873 2572 mysteriorum
2900 2506 2951 2559 in
2983 2507 3156 2560 littora
3177 2510 3482 2572 latentium,

1916 2587 2364 2643 ctobvelaternm
2415 2594 2691 2647 revelatio.
2732 2595 3069 2650 Factitandis
3122 2600 3265 2651 enim
3315 2613 3478 2651 man--

1917 2677 2060 2731 datis
2116 2679 2345 2733 virtutes
2400 2694 2727 2737 exercentur
2768 2703 2781 2737 :
2831 2687 3124 2740 virtutibus
3164 2691 3482 2744 exercendis

1918 2769 2178 2824 tuandata
2211 2771 2527 2840 implentur.
2553 2774 2730 2842 Atque
2765 2777 2835 2828 ita
2873 2793 2966 2844 per
2995 2777 3108 2831 haec
3134 2779 3288 2834 nobis
3313 2781 3478 2848 janua

1919 2862 2254 2928 cognitionis
2292 2865 2565 2932 aperitur;
2604 2867 2714 2920 imo
2762 2883 2888 2922 vero
2921 2885 3027 2922 non
3080 2885 3176 2938 per
3205 2872 3340 2937 haec,
3388 2875 3478 2927 seti

1915 2969 2011 3022 per
2057 2970 2176 3010 curn
2226 2957 2316 3022 qui
2365 2958 2499 3012 dixit
2539 2977 2551 3010 :
2587 2960 2690 3024 Qui
2725 2977 2802 3013 me
2833 2962 3024 3029 diligit,
3074 2971 3323 3016 mandatu
3367 2981 3477 3017 mea

1916 3047 2164 3106 πνι-τιέἰι,
2196 3058 2243 3100 et
2271 3051 2432 3100 Pater
2468 3068 2610 3104 meus
2644 3053 2820 3121 diliget
2853 3069 3006 3116 eum,
3041 3062 3089 3104 et
3142 3070 3232 3122 ego
3259 3056 3478 3118 manife-

1916 3135 2064 3188 stubo
2096 3137 2143 3188 ei
2174 3139 2427 3204 meipsum
2459 3141 2524 3196 ".

1987 3225 2042 3278 Si
2080 3240 2211 3295 ergo
2263 3229 2629 3293 habitaverit,
2681 3239 2734 3284 et
2783 3234 3141 3290 ambulaverit
3181 3237 3324 3291 inter
3371 3255 3470 3292 nos

1919 3314 2083 3382 Deus,
2125 3327 2177 3370 et
2214 3319 2328 3387 ipse
2361 3321 2602 3386 seipsum
2640 3322 2798 3378 nobis
2829 3325 2974 3377 clare
3022 3326 3474 3394 manifestarerit.

1916 3414 2046 3460 tunc
2078 3423 2196 3475 qum
2228 3411 2278 3462 in
2310 3413 2513 3474 arcula,
2568 3414 2617 3466 id
2660 3422 2765 3479 est,
2817 3416 2868 3468 in
2922 3416 3123 3470 divinis
3175 3417 3476 3490 Scriptnrj.

1918 3499 2235 3552 abscondita
2265 3511 2391 3554 sunt
2417 3504 2692 3572 mysteria.
2723 3507 3100 3574 cognoscendo
3125 3508 3474 3565 intuebimur:

1916 3591 2081 3644 aliter
2115 3591 2196 3645 fas
2224 3608 2330 3646 non
2362 3603 2464 3648 est.
2499 3593 2664 3649 Nemo
2691 3609 2856 3656 erret,
2886 3597 3041 3666 quasi
3071 3600 3118 3653 ei
3145 3593 3336 3652 areula‘
3380 3615 3470 3655 co-

1916 3683 2176 3751 gnitionis
2216 3693 2401 3752 aperta
2438 3687 2529 3749 sit,
2579 3695 2632 3740 ct
2687 3689 2843 3740 bonis
2876 3705 2994 3755 qua:
3020 3691 3071 3743 in
3103 3705 3163 3743 ca
3195 3700 3322 3744 sunt
3353 3709 3474 3760 par-

1919 3773 2164 3839 fruatur;
2202 3782 2296 3826 aut
2346 3791 2534 3828 corum
2572 3777 2644 3828 sit
2687 3777 2980 3845 particeps,
3025 3782 3470 3846 eaqtie-aSpiciat.

1915 3859 2168 3926 Quaiinm
2201 3878 2350 3928 vero,
2399 3880 2741 3932 quorumque
2792 3867 3008 3932 horum,
3053 3869 3318 3924 obsecro?
3359 3888 3475 3940 pcr-

1914 3952 2066 4005 fcctze
2101 3955 2384 4007 charitatis
2419 3969 2544 4021 erga
2573 3954 2763 4020 Deum,
2790 3966 2839 4010 et
2869 3960 3190 4025 proximum.
3215 3961 3473 4014 Contem-

1912 4052 2038 4112 ptus
2073 4059 2261 4096 eorum
2297 4059 2417 4112 qua:
2441 4045 2696 4098 videntur
2721 4049 3000 4112 omnium;
3035 4052 3472 4107 rnortilicatiouis

1915 4135 2118 4194 carnis,
2157 4142 2210 4186 et
2245 4136 2611 4189 membrorum
2642 4139 2781 4206 ejus,
2830 4157 2946 4208 quae
2993 4151 3120 4195 sunt
3159 4157 3321 4211 super
3367 4152 3474 4197 ter-

1910 4238 2048 4279 ram.
2081 4221 2339 4288 usquead
2369 4224 2565 4276 malam
2603 4228 2949 4294 cupiditatem
2981 4229 3027 4260 "
3063 4248 3074 4282 :
3114 4239 3171 4283 ut
3199 4236 3472 4299 quomodo

1914 4322 2165 4367 mortuus
2200 4314 2416 4381 penitus
2464 4330 2566 4369 nec
2621 4317 2846 4386 cogitat,
2885 4335 2985 4373 nec
3033 4322 3199 4374 sentit
3230 4323 3467 4392 aliquid,

1911 4402 1980 4455 ita
2014 4411 2066 4454 ct
2101 4419 2199 4456 nos
2234 4404 2333 4471 ipsi
2373 4404 2574 4456 nullam
2606 4410 2990 4475 COgitationem
3023 4410 3283 4479 improbae
3317 4415 3470 4482 cupi-

1910 4496 2120 4558 ditatis,
2175 4505 2268 4549 aut
2304 4512 2502 4552 sensus
2552 4513 2673 4551 cum
2724 4502 3136 4568 perturbatione
3191 4505 3466 4573 conjuncti

1910 4590 2135 4641 cumino
2170 4604 2406 4656 unquam
2436 4589 2847 4657 concipiamus;
2876 4599 2968 4643 aut
3015 4593 3313 4662 tyrannicae
3351 4603 3466 4649 tur-

1911 4677 2144 4730 bationis
2178 4679 2372 4730 malum
2393 4679 2757 4746 experiamur,
2780 4690 2826 4730 et
2851 4687 3060 4733 tantum
3087 4682 3466 4736 mandatorum

1911 4766 2212 4820 Salvatoris
2248 4784 2514 4820 inemo-rs
2546 4767 2738 4821 simus.
2769 4769 2993 4838 insuper
3018 4771 3463 4838 immortalitatis,

1909 4856 2360 4924 incorruptumis,
2395 4866 2609 4909 {eterna}
2653 4859 2868 4926 glot'im,
2913 4860 3034 4911 vitae.
3079 4861 3461 4927 sempiternae,

1910 4951 2064 5016 regni
2122 4949 2428 5010 cmlorum,
2494 4949 2801 5016 adoptionis
2855 4964 2949 5016 per
3001 4953 3466 5018 regenerationem

1908 5039 2077 5090 εει-ητιί
2123 5037 2380 5106 Spiritus,
2433 5048 2485 5090 ct
2519 5049 2576 5090 ut
2609 5055 2704 5106 per
2747 5039 3089 5106 adeptionem
3112 5079 3126 5106 ,
3160 5049 3213 5094 et
3241 5042 3464 5109 gratiam

1906 5130 1977 5180 dii
2015 5129 2205 5181 ﬁamus
2231 5170 2243 5188 ,
2287 5144 2650 5195 vti-emurque
2690 5128 2930 5182 barri-des
2976 5131 3106 5193 Dei,
3152 5132 3464 5185 cohmrcdcs

1903 5230 2083 5275 autem
2115 5220 2318 5274 Christi
2347 5220 2414 5285 ",
2451 5228 2504 5273 et
2541 5235 2645 5272 una
2699 5236 2820 5273 cum
2864 5222 2949 5275 his
2993 5221 3200 5277 Christi
3245 5237 3459 5277 evneum

1902 5311 2299 5380 possideamus,
2335 5327 2427 5377 per
2454 5326 2611 5378 quem
2651 5311 2840 5375 Demn,
2880 5322 2930 5365 et
2959 5311 3237 5365 Christum
3278 5314 3454 5381 ipsum

1905 5404 2204 5460 secundum
2253 5403 2593 5456 divinitatem
2650 5402 2790 5455 inter
2840 5417 2938 5456 nos
2992 5402 3359 5463 habitantem,
3409 5413 3460 5456 et

1906 5494 2273 5548 ambulantem
2314 5493 2612 5554 videamus,
2645 5499 2696 5542 et
2719 5505 3132 5560 cognoscamus.
3171 5491 3262 5545 llis
3296 5494 3459 5556 igitur

1906 5586 2186 5649 ouinihus,
2243 5595 2297 5638 ct
2329 5584 2412 5637 his
2460 5581 2785 5650 majoribus,
2826 5597 2946 5650 qua:
2993 5584 3175 5636 verbis
3204 5597 3454 5650 compre-

1908 5675 2069 5728 hendi
2101 5681 2154 5727 et
2184 5673 2441 5742 explicari
2474 5681 2774 5741 nequeunt,
2813 5670 3066 5725 mandata
3101 5670 3188 5725 Dei
3222 5674 3450 5724 ﬂlltllt‘lt-

2079 5817 2117 5846 ¹¹
2157 5816 2314 5870 Joan.
2374 5815 2566 5876 vr.64.
2645 5812 2874 5867 “Joan.
2931 5827 3038 5874 MV,
3110 5811 3196 5865 5i.
3274 5808 3451 5863 “Cu-
