4156 6340
633 417 739 482 403

1870 424 2248 489 SYMEONIS
2288 423 2655 487 JUNIORIS

3757 422 3876 482 40-!»

638 548 741 596 tes.
774 549 947 606 eaque
976 535 1348 594 custodientes
1378 550 1440 592 ac
1486 537 1773 605 facientes,
1818 556 1919 603 per
1949 546 2190 609 apertam

2313 550 2401 603 tne
2429 535 2483 589 in
2525 537 2659 605 ipsis
2713 542 2799 591 est
2840 532 3067 603 gloriam
3120 530 3349 601 mystice
3395 531 3871 586 demonstrautem

618 645 841 697 ‘arcam,
876 631 942 685 de
981 646 1087 702 qua
1116 632 1284 686 locuti
1319 648 1529 697 sumus,
1563 634 1616 688 id
1648 640 1753 699 est,
1784 650 1881 703 per
1911 633 2198 688 revelatio-

636 738 759 776 nem
812 722 1240 790 intelligibilium
1292 723 1604 786 oculorum,
1658 724 1859 776 intuitu
1912 724 1964 777 in
2015 723 2197 776 divina

639 812 926 882 Scriptura
962 815 1244 867 latentium
1274 814 1422 883 digni
1455 815 1747 876 habentur,
1778 826 1833 869 et
1878 817 1944 870 iis
1980 814 2199 883 largiter

637 903 920 959 fruuntur.
954 903 1150 958 Cmteri
1186 906 1367 960 omnia
1399 921 1518 973 quae
1545 909 1747 975 scripta
1781 917 1909 962 sunt
1953 907 2201 974 imperite

638 994 961 1061 neseientes,
986 1013 1173 1052 eorum
1211 998 1552 1052 dulcedinem
1576 999 1739 1053 vitam
1768 1010 2027 1054 aeternam
2055 1013 2205 1051 com—

638 1088 955 1158 plectenteut
1020 1104 1127 1142 non
1188 1098 1565 1155 gustaverunt,
1615 1092 1713 1145 soli
1790 1091 2200 1160 Scripturarum

640 1177 905 1231 doctrinae
930 1178 1241 1241 innitentes,
1268 1193 1405 1246 quos
1430 1178 1546 1246 ipsa
1574 1180 1627 1232 in
1657 1180 1827 1241 exitu,
1850 1180 2018 1247 magis
2040 1192 2200 1245 quant

640 1283 735 1323 eos
758 1271 849 1337 qui
885 1270 1109 1322 omnino
1142 1284 1246 1322 non
1282 1270 1594 1330 audierunt,
1622 1270 1953 1337 judicatura.
1986 1277 2039 1321 et
2072 1282 2203 1321 con-

641 1361 958 1416 demnatura
998 1370 1103 1415 est.
1142 1364 1215 1416 Ex
1244 1364 1327 1415 bis
1357 1363 1497 1417 enim
1533 1362 1751 1430 quidam
1797 1370 2062 1423 errantes,
2090 1373 2205 1411 om-

642 1466 740 1505 nes
778 1452 994 1508 divinas
1029 1439 1346 1521 Scripturas
1384 1463 1726 1521 pervertunt,
1762 1467 1854 1505 eas
1898 1450 2200 1505 secundum

642 1555 840 1610 pravas
874 1543 1120 1610 ipsorum
1172 1542 1503 1612 cupiditates
1556 1543 2001 1609 interpretantes,
2054 1553 2205 1593 com-

642 1633 909 1687 mendare
951 1636 1200 1689 volentes
1248 1635 1489 1703 seipsos;
1525 1636 1682 1703 quasi
1732 1633 1990 1686 nimirum
2043 1630 2204 1683 etiam

644 1720 761 1777 sine
814 1733 1072 1777 accurata
1124 1723 1505 1777 mandatorum
1560 1721 1773 1775 Christi
1817 1717 2207 1772 observatione

642 1814 875 1869 salutem
912 1813 1161 1883 adepturi
1192 1813 1323 1879 sint,
1353 1812 1611 1866 virtutem
1649 1819 1962 1866 sanctarum
1995 1808 2207 1860 littera-

644 1922 765 1960 rum
815 1904 1066 1961 funditus
1118 1906 1472 1974 abnegantes.
1524 1903 1588 1956 Et
1641 1905 1855 1956 merito.
1911 1898 2209 1968 Obsignata

640 2000 810 2062 enim,
839 2007 895 2053 et
928 1998 1137 2063 clausa,
1161 2012 1282 2066 quas
1318 1996 1453 2049 nulli
1494 1994 1804 2049 mortalium
1837 2007 1938 2047 nec
1964 1994 2077 2045 visa
2109 2004 2212 2045 nec

643 2091 859 2162 cognita
882 2099 1032 2158 sunt,
1066 2106 1095 2144 a
1127 2089 1246 2146 solo
1274 2099 1455 2145 autem
1482 2095 1679 2144 sancto
1706 2086 1912 2156 Spiritu
1941 2093 2210 2147 reserata,

643 2193 699 2239 et
734 2185 806 2239 ita
838 2184 997 2239 nobis
1043 2182 1279 2239 revelata
1304 2222 1319 2244 .
1368 2181 1624 2250 factaque
1673 2178 1989 2248 spectabilia
2011 2215 2026 2241 ,
2057 2183 2112 2229 et
2143 2173 2209 2228 ad

645 2273 1087 2345 cognoscendum
1137 2271 1409 2341 exposita,
1448 2268 1723 2339 quomodo
1773 2268 1992 2322 tandem
2046 2263 2212 2327 scire,

648 2375 742 2422 aut
769 2378 1124 2435 cognoscere,
1159 2371 1251 2417 aut
1283 2364 1476 2417 saltem
1509 2361 1844 2431 aliquantum
1877 2358 2058 2410 animo
2084 2368 2213 2423 per-

649 2469 890 2514 tractare
941 2467 1221 2529 poterunt,
1256 2456 1349 2526 qui
1387 2456 1679 2511 adventum
1737 2453 1917 2510 sancti
1950 2450 2209 2523 Spiritus,

651 2551 1128 2609 illuminati‘ouem.
1171 2548 1613 2608 itlustrationem,
1651 2546 2109 2605 inbabitationem
2156 2552 2211 2607 in

649 2644 963 2713 semetipsis
1020 2655 1296 2712 nunquam
1351 2654 1410 2695 se
1456 2641 1779 2707 cognovisse
1826 2642 2052 2695 dicunt?
2095 2642 2213 2707 Quo

650 2744 812 2805 pacto
871 2735 998 2790 talia
1053 2732 1311 2801 mysteria
1361 2740 1741 2800 assequautur,
1792 2733 1885 2801 qui
1927 2749 2209 2801 nunquam

648 2841 881 2899 prorsus
912 2841 1033 2883 sese
1085 2825 1155 2879 ab
1206 2825 1401 2879 eodem
1443 2822 1635 2891 spiritu
1684 2824 1879 2878 iterum
1926 2826 2211 2889 conﬂatos,

648 2925 968 2978 renovatos.
1014 2918 1353 2982 immutatos,
1413 2924 1759 2987 regeneratos
1813 2916 2214 2972 animadverte-

653 3008 829 3064 runt?
857 3008 1007 3074 Quod
1053 3007 1097 3063 si
1128 3008 1371 3063 nondum
1409 3008 1464 3063 in
1494 3006 1698 3078 Spiritu
1729 3016 1919 3062 sancto
1961 3009 2213 3077 haptizati

655 3107 807 3165 sunt,
845 3098 1282 3153 immutationem
1321 3100 1377 3153 in
1418 3115 1483 3155 eo
1512 3100 1904 3169 baptizatorum
1940 3101 2214 3167 quomodo

656 3192 799 3245 scire
825 3191 1094 3258 pOSSunt?
1123 3190 1224 3254 Qui
1255 3191 1430 3243 denuo
1462 3191 1571 3243 nati
1603 3206 1707 3243 non
1734 3198 1880 3252 sunt,
1916 3190 2094 3244 denuo
2124 3206 2220 3243 na-

654 3289 832 3332 torum
877 3280 953 3345 (ut
995 3280 1068 3331 ait
1118 3278 1407 3345 Dominus)
1435 3290 1498 3333 ex
1536 3279 1664 3341 Deo,
1703 3281 1946 3347 inquam,
1984 3288 2037 3333 et
2073 3280 2218 3333 inter

655 3372 799 3427 {illos
834 3372 923 3424 Dei
965 3371 1325 3440 ascriptwrum
1371 3372 1597 3439 gloriam
1642 3372 1912 3439 quomodo
1962 3371 2221 3423 videant?

658 3462 760 3528 Qui
803 3463 901 3515 hoc
930 3463 1031 3515 sibi
1064 3461 1381 3531 contingere
1420 3462 1737 3522 noluerunt,
1763 3462 1863 3514 sed
1917 3462 2055 3514 hanc
2104 3461 2219 3526 glo-

657 3556 795 3609 riam
846 3554 1153 3621 neglectum
1190 3554 1425 3614 iverunt,
1460 3553 1681 3619 (etenim
1711 3560 2032 3620 potestatem
2066 3566 2221 3605 accc-

658 3656 868 3717 perant,
905 3654 960 3697 ut
998 3646 1131 3699 tales
1166 3644 1371 3711 fierent)
1400 3645 1484 3697 die
1526 3644 1679 3706 mihi,
1728 3644 1870 3712 quali
1914 3644 2221 3709 Cognitioue

658 3737 987 3807 perspicere,
1021 3744 1111 3788 aut
1145 3735 1329 3789 saltem
1359 3750 1573 3801 quoquo
1602 3735 1761 3787 modo
1790 3736 2114 3801 cogitatione
2139 3735 2223 3787 in-

661 3829 898 3882 formare
928 3836 1202 3896 poterunt,
1244 3827 1429 3895 quales
1463 3828 1537 3879 illi
1573 3827 1818 3895 appellati
1852 3827 2016 3879 sunt?

735 3921 975 3989 Spiritus
1008 3928 1089 3973 est
1126 3919 1288 3983 Deus,
1333 3920 1423 3986 qui
1459 3919 1564 3972 sub
1589 3928 1863 3986 aSpeetum
1899 3935 2003 3973 non
2040 3921 2220 3982 venit,

668 4012 1013 4073 immortalis,
1054 4012 1388 4068 inaccessus.
1444 4011 1969 4078 inroutprehettsus;
2003 4021 2055 4064 et
2090 4012 2223 4064 tales

665 4104 844 4165 ellicit,
882 4120 944 4157 cx
987 4120 1043 4156 se
1081 4112 1256 4167 natos,
1294 4104 1499 4158 similes
1530 4106 1668 4173 patri
1706 4121 1822 4169 suo,
1856 4122 1885 4159 a
1915 4121 2021 4173 quo
2057 4104 2220 4173 geniti

667 4206 818 4260 sunt,
853 4212 1077 4262 corpore
1110 4197 1226 4249 solo
1256 4198 1798 4265 comprehensibiles,
1830 4206 1882 4252 et
1924 4196 2224 4265 aspectabi—

667 4292 767 4351 les,
793 4298 985 4342 caetera
1018 4290 1114 4342 soli
1150 4289 1258 4341 Deo
1291 4291 1560 4358 cognitos,
1605 4299 1659 4342 et
1698 4291 1873 4343 solum
1922 4290 2085 4342 Deum
2129 4306 2224 4345 c0-

666 4390 1017 4449 gnoscentes,
1040 4381 1117 4432 vel
1148 4382 1327 4447 potius
1357 4395 1383 4431 a
1414 4382 1531 4433 solo
1557 4379 1662 4434 Deo
1686 4382 1938 4447 cognosci
1960 4382 2221 4443 volentes.

2301 628 2575 682 habuerit.
2600 625 2786 697 Neque
2818 627 2919 680 hoc
2952 626 3149 690 solum,
3184 624 3275 678 sed
3302 623 3462 677 etiam
3492 623 3545 675 in
3574 621 3659 676 his
3688 621 3832 674 laten
3852 642 3876 657 ο

2302 720 2400 781 tia,
2442 729 2493 774 et
2521 729 2717 789 interna
2749 720 2841 772 Dei
2877 719 3037 780 bona,
3067 731 3188 769 cum
3239 716 3351 783 ipsa
3401 715 3515 767 haec
3549 712 3876 766 elfundente

2259 850 2265 857 .
2302 811 2509 865 Deitatc
2538 810 2863 882 revelantem
2900 828 2914 863 :
2948 824 3066 877 qua:
3089 805 3343 861 omnibus
3374 804 3874 871 contemptoribus,

2303 910 2355 956 et
2393 890 2871 970 ncgligentibribus
2916 910 3100 967 operta
3134 907 3186 951 et
3225 898 3457 949 obscura
3511 901 3639 949 sunt
3686 893 3875 947 omni-

2304 995 2499 1047 modis.
2536 993 2641 1046 Nec
2679 992 2900 1060 injuria.
2940 989 3076 1055 Quia
3107 991 3249 1043 enim
3293 1001 3484 1041 sensus
3515 1001 3642 1039 suos
3670 997 3875 1039 omnes

2307 1085 2493 1138 mundi
2559 1085 2892 1138 vanitatibus
2947 1082 3267 1140 aﬂixerunt,
3319 1088 3373 1132 et
3430 1075 3878 1147 jucunditatibus

2305 1176 2446 1238 vitm,
2478 1190 2875 1242 corporumque
2899 1172 3299 1243 pulchritudine
3323 1168 3645 1228 aﬂieittntur,
3673 1167 3881 1221 anime

2307 1266 2523 1320 videndi
2556 1266 2863 1320 facultatem
2891 1264 3243 1331 caliginosam
3272 1258 3743 1316 Circumferentes,
3777 1256 3875 1309 in-

2309 1357 2704 1416 enarrabilium
2730 1356 2998 1409 honorum
3026 1353 3348 1421 elegantias,
3391 1349 3458 1401 ad
3488 1363 3626 1417 quas
3658 1347 3867 1400 intelli-

2308 1449 2485 1521 gentia
2529 1455 2865 1517 penetratur,
2912 1444 3107 1498 intueri
3156 1449 3453 1510 nequeunt.
3498 1442 3560 1499 Et
3587 1436 3880 1506 .quomodo

2308 1543 2395 1597 cui
2434 1541 2629 1596 obtusa
2667 1548 2751 1593 est
2796 1538 2939 1592 acies
2979 1536 3287 1597 oculorum,
3321 1549 3420 1587 nec
3470 1533 3659 1585 leviter
3697 1538 3885 1598 potest

2309 1634 2580 1701 puriorem
2631 1630 2761 1684 solis
2814 1629 3020 1683 radium
3074 1626 3339 1695 aspicere,
3393 1623 3486 1676 sed
3529 1625 3574 1676 si
3628 1624 3681 1675 in
3719 1622 3880 1673 illum

2309 1722 2498 1775 oculos
2551 1719 2819 1783 intendat,
2892 1719 3072 1772 statim
3133 1730 3291 1785 quem
3350 1714 3536 1767 habuit
3595 1719 3883 1780 aspectum

2310 1814 2472 1882 plane
2505 1813 2703 1866 amittit
2745 1827 2759 1861 :
2803 1809 2882 1864 sic
2931 1823 3123 1874 nempe
3156 1809 3249 1875 qui
3289 1807 3509 1860 vitiatos
3541 1803 3703 1858 animi
3739 1815 3886 1855 ocu-

2310 1907 2416 1972 los,
2451 1913 2504 1960 et
2540 1919 2735 1958 sensus
2764 1903 2912 1970 ipsos
2944 1900 3287 1955 motionibus
3328 1895 3658 1952 turbulentis
3696 1893 3883 1946 obno-

2311 1995 2432 2050 xios
2484 1995 2679 2060 habet,
2726 1994 2846 2048 sine
2896 1990 3281 2052 commotione,
3333 1987 3579 2055 citraque
3615 1982 3881 2036 damnum

2310 2095 2652 2144 venustatem
2697 2084 3131 2155 elegantiamque
3164 2093 3452 2147 corporum
3499 2072 3743 2130 contueri
3775 2087 3887 2126 ne-

2312 2178 2471 2250 quit?
2504 2177 2599 2233 sed
2649 2186 2703 2231 et
2756 2190 2920 2244 quam
2969 2181 3096 2226 ante
3134 2171 3187 2225 id
3229 2178 3447 2238 tempus
3487 2163 3886 2234 cogitationum

2312 2277 2611 2343 pacem.et
2659 2284 2689 2321 a
2739 2267 2922 2336 pravis
2981 2260 3368 2332 cupiditatibus
3426 2254 3888 2324 tranquillitatem

2311 2342 2620 2422 obtinebat,
2672 2358 2813 2411 hanc
2847 2356 3019 2424 ipsam
3055 2354 3111 2406 in
3147 2348 3499 2405 meditatione
3532 2346 3758 2400 aﬂ‘ectus
3791 2342 3893 2403 sui

2312 2438 2659 2507 commorans
2718 2445 2938 2500 amittit.
2999 2440 3237 2498 Proinde
3300 2452 3401 2493 nec
3447 2435 3889 2490 imbecillitatem

2315 2561 2473 2603 suam
2522 2545 2649 2598 talis
2680 2542 2791 2596 ullo
2832 2542 2994 2594 modo
3024 2548 3353 2605 pernoscere
3383 2538 3579 2601 potest.
3615 2526 3673 2582 Si
3725 2526 3885 2581 enim

2315 2656 2373 2697 se
2400 2648 2571 2694 totum
2602 2642 2865 2705 aegrotare
2898 2631 3000 2687 sibi
3036 2628 3419 2698 persuasisset,
3447 2623 3582 2676 alios
3605 2615 3889 2689 quosdam

2304 2728 2453 2786 bene
2505 2729 2687 2782 valere
2728 2724 3072 2786 credidisset,
3121 2727 3174 2773 et
3222 2717 3450 2771 forsitan
3494 2708 3783 2780 aliquando
3814 2720 3890 2762 se

2318 2825 2497 2892 ipsum
2532 2821 2858 2879 incusasset,
2893 2828 3059 2882 seque
3083 2810 3299 2865 sibimet
3321 2819 3537 2861 causam
3562 2800 3731 2854 morbi
3757 2811 3895 2852 esse

2317 2882 2564 2971 dixisset,
2592 2918 2646 2962 et
2695 2921 2813 2973 quae
2848 2904 2911 2955 ad
2950 2900 3238 2955 sanitatem
3282 2887 3706 2959 recuperandam
3745 2882 3895 2937 atti-

2318 3012 2531 3063 nerent,
2570 2998 2751 3053 animo
2782 3000 3105 3065 reputasset.
3131 2988 3284 3041 Nunc
3316 2977 3692 3051 hujuscemodi
3716 2975 3895 3028 homo

2317 3110 2506 3151 omnes
2544 3092 2817 3143 arbitrans
2848 3082 3195 3154 passionibus
3236 3075 3470 3137 deditos,
3509 3087 3567 3126 se
3601 3069 3707 3123 illis
3733 3078 3892 3120 exas-

2247 3184 2287 3239 C
2323 3194 2473 3254 quat,
2504 3190 2557 3235 et
2587 3188 2644 3232 ut
2682 3180 2797 3246 ipse
2826 3174 2975 3228 solus
3010 3172 3081 3225 sit
3115 3168 3370 3228 invictus,
3401 3171 3455 3216 et
3484 3159 3737 3219 omnibus
3771 3169 3881 3208 su-

2320 3245 2525 3347 perior,
2569 3271 2681 3326 ﬁeri
2716 3268 3028 3334 neutiquam
3066 3265 3225 3330 posse
3267 3263 3531 3310 autumat.
3563 3249 3704 3317 Quid
3739 3248 3841 3300 hoc
3863 3245 3895 3298 τ

2322 3381 2381 3425 ut
2410 3382 2517 3421 una
2563 3380 2685 3418 cum
2724 3360 2969 3428 improbo
3004 3354 3197 3427 affectu
3247 3364 3348 3404 suo
3392 3345 3656 3401 moriatur
3691 3336 3909 3405 miser,~

2323 3462 2391 3515 ab
2425 3460 2529 3512 hoc
2560 3455 2703 3509 malo
2734 3450 2953 3505 liberari
2986 3444 3280 3513 refugiens.
3317 3439 3374 3493 Si
3419 3437 3562 3491 enim
3616 3431 3896 3486 voluisset

2325 3546 2569 3609 liberari,
2631 3543 2915 3613 potuisset,
2967 3544 3153 3606 utpote
3195 3532 3287 3602 qui
3330 3545 3357 3581 a
3406 3527 3515 3579 Deo
3560 3528 3894 3592 potestatem

2324 3645 2628 3712 acceperat.
2666 3634 2988 3701 Quicunque
3015 3626 3154 3681 enim
3190 3625 3241 3675 in
3291 3621 3511 3675 nomine
3551 3617 3669 3680 eius
3709 3607 3901 3678 bapti-

2326 3710 2662 3791 smo‘abluti
2698 3741 2908 3781 sumus.
2948 3718 3277 3790 praeteritam
3326 3710 3716 3780 ignobilitatem
3756 3716 3895 3755 cor-

2326 3825 2619 3895 ruptionis,
2663 3828 2721 3870 nt
2752 3818 3131 3870 vestimentum
3167 3817 3323 3861 vetus
3348 3799 3597 3859 exuendi,
3627 3807 3677 3850 et
3719 3793 3895 3895 Chri-

2328 3882 2475 3971 stum
2525 3882 2975 3980 superinilttendi,
3010 3916 3072 3954 ae
3126 3899 3265 3952 lilios
3302 3895 3392 3947 Dei
3441 3907 3539 3945 nos
3580 3882 3892 3980 appellandi

2330 4008 2705 4062 auctoritatem
2740 4001 2807 4053 ab
2837 4014 2900 4050 eo
2933 3991 3212 4050 consecuti
3244 4002 3454 4043 sumus.
3493 3982 3686 4035 Verum
3717 3974 3892 4035 absit,

2329 4106 2542 4157 fratres.
2574 4104 2630 4148 ut
2668 4094 2737 4145 ita
2772 4088 2997 4150 affectis,
3031 4094 3084 4139 et
3112 4083 3237 4134 talia
3271 4075 3607 4146 sapientibus
3636 4066 3895 4137 captivis,

2329 4211 2390 4248 ac
2454 4189 2687 4245 terrenis
2740 4184 2949 4237 similes
2998 4176 3320 4231 evadamus.
3360 4166 3649 4231 Contingat
3704 4167 3895 4212 autem

2333 4282 2485 4349 sequi
2519 4278 2815 4335 Christum,
2847 4271 2935 4339 qui
2970 4276 3152 4320 nostra
3189 4273 3351 4315 causa
3400 4263 3647 4309 mortuus
3680 4257 3781 4311 est,
3832 4256 3900 4300 et

2331 4338 2648 4429 resurrexit,
2682 4374 2734 4419 et
2765 4377 2862 4416 nos
2899 4373 3082 4414 secum
3116 4355 3167 4407 in
3199 4352 3395 4406 cmluut
3429 4342 3704 4401 exaltavit,
3737 4338 3897 4403 ejus-

668 4425 1017 4449 D..----...e-,
1049 4425 1117 4432 .--
1150 4425 1327 4447 res---
1357 4425 1383 4431 ν
1414 4425 1528 4433 -.ην
1557 4425 1660 4434 ην
1689 4425 1938 4447 ww.--“
1971 4425 2221 4443 .ν.ν...-υ,
2332 4425 2346 4429 -
2369 4425 2411 4427 --
2637 4425 2645 4429 .
3839 4425 3855 4437 .

668 4473 733 4525 ad
768 4486 925 4539 quem
961 4479 1013 4522 et
1061 4485 1274 4539 semper
1309 4472 1599 4538 respicere,
1635 4473 1782 4524 etab
1816 4488 1879 4525 eo
1907 4474 2101 4541 respici
2133 4476 2225 4525 (10-
2259 4503 2301 4556 D
2332 4481 2434 4532 que
2468 4458 2709 4527 vestigiis
2745 4466 2960 4519 semper
2988 4447 3262 4507 ίηεῖεῑενον
3311 4436 3552 4507 βυνὲθιίε
3592 4448 3683 4556 [νεὶτ
3711 4442 3901 4556 P‘jm"

2670 4550 2681 4556 -
2724 4548 2736 4556 .
3002 4542 3035 4556 ,α
3128 4552 3143 4556 Α
3166 4551 3182 4556 ,
3236 4526 3602 4556 --.--,...τ.υ1..ιῖε
3671 4522 3751 4556 nni
3799 4532 3894 4556 am

669 4562 933 4619 siderant.
967 4562 1227 4616 Prmterea
1271 4562 1430 4616 sicuti
1464 4571 1717 4631 expertes
1766 4564 2095 4626 litterarum,
2129 4582 2223 4633 pe-

668 4656 825 4709 rinde
866 4664 922 4708 ut
955 4670 1139 4706 eurum
1170 4655 1320 4721 gnari
1351 4655 1522 4708 libros
1570 4655 1746 4723 legere
1790 4664 2069 4726 nequeunt
2102 4675 2115 4709 :
2149 4661 2227 4711 sic

673 4762 850 4815 neque
894 4747 985 4814 qui
1044 4746 1202 4803 factis
1250 4762 1343 4813 per
1389 4746 1585 4800 Christi
1640 4748 1891 4800 mandata
1947 4749 2228 4803 ambulare

671 4839 985 4902 noluerunt,
1036 4854 1205 4904 :rque,
1239 4847 1296 4890 ut
1341 4838 1431 4905 qui
1470 4838 1602 4905 ipsis
1637 4839 2005 4907 iuvigilarunt,
2061 4856 2230 4907 eaque

671 4930 1053 4997 impleverunt,
1086 4937 1139 4979 et
1177 4943 1272 4995 pro
1303 4922 1722 4997 iissanguinent
1755 4944 1911 4983 suum
1976 4932 2232 4998 profude-

677 5029 831 5080 runt,
853 5019 1026 5071 sancti
1043 5017 1279 5085 Spiritus
1303 5017 1653 5081 revelationc,
1673 5021 1811 5071 sicut
1836 5019 1909 5070 illi
1939 5020 2230 5089 aliquando

672 5115 1060 5183 diguahuntur.
1099 5112 1229 5164 Nam
1264 5122 1320 5164 ut
1346 5114 1504 5165 homo
1531 5120 1750 5180 accepto
1780 5113 1915 5168 libro
1943 5114 2144 5174 clauso,
2180 5122 2232 5168 et

675 5208 913 5273 signato.
972 5206 1023 5257 iu
1075 5220 1139 5256 eo
1189 5208 1388 5271 scripta
1438 5206 1616 5257 videre
1658 5214 1747 5257 aut
1802 5205 1979 5272 qualia
2030 5217 2232 5274 scripta

677 5300 810 5351 sint.
842 5298 1082 5357 co:itarc
1110 5311 1212 5349 nun
1262 5305 1458 5363 potest,
1489 5296 1725 5362 quandiu
1771 5296 1903 5348 liber
1934 5297 2149 5350 clausus
2182 5305 2235 5349 et

679 5390 925 5449 signatus
957 5396 1059 5443 est,
1098 5387 1447 5453 quantumvis
1479 5387 1780 5437 universam
1818 5386 2000 5436 tttttttdi
2029 5387 2238 5450 sapien-

682 5484 808 5533 tiam
841 5478 1085 5529 didicerit
1116 5493 1129 5526 :
1157 5479 1236 5529 sic
1280 5495 1447 5543 neque
1498 5479 1587 5543 qui
1644 5493 1849 5530 sacrant
1900 5478 2234 5542 Scripturant

683 5581 849 5624 lotam
887 5570 937 5620 itt
972 5585 1064 5618 ore
1102 5570 1259 5618 habet
1289 5606 1301 5625 ,
1351 5576 1405 5617 nt
1450 5567 1783 5627 dicebamus,
1833 5571 2137 5634 mysticam,
2188 5577 2239 5621 et

686 5657 925 5710 divi-unt
962 5656 1211 5723 gloriam,
1253 5655 1606 5719 virtutemque
1658 5655 1708 5705 in
1763 5657 1890 5721 ipsis
1938 5665 2237 5709 contectam

686 5763 868 5807 nosse,
903 5756 957 5798 ct
994 5748 1297 5813 perspicere
1336 5744 1625 5811 aliquando
1675 5748 1893 5812 pulerit.
1930 5746 2031 5797 nisi
2063 5747 2239 5797 munia

693 5840 783 5891 Dei
824 5838 1094 5899 mandata,
1134 5853 1194 5889 ea
1234 5838 1495 5891 servando
1548 5838 1699 5903 quasi
1747 5838 2134 5905 peragravcrit,
2184 5847 2235 5887 et

692 5928 1025 5983 Paraclctum
1060 5945 1214 5983 sensa
1242 5930 1340 5995 illi,
1374 5936 1434 5983 ut
1469 5928 1667 5984 libanu
1702 5931 2053 5998 aperientem,
2086 5942 2228 5996 quam

3125 4551 3187 4590 ac
3232 4526 3605 4601 superindutis
3649 4519 3896 4573 lucidam

3402 4623 3453 4674 iu
3504 4620 3620 4686 ipso
3671 4612 3900 4666 Christo

2333 4558 2558 4612 tentiam
2596 4567 2623 4602 a
2670 4548 2789 4600 labe
2834 4542 3062 4612 peccati,

2333 4648 2576 4704 tunicam
2616 4631 3045 4705 incorruptionis
3104 4630 3352 4697 spiritus,

2336 4741 2444 4795 Deo
2476 4745 2682 4794 nostro,
2722 4732 2804 4785 eui
2839 4726 3027 4795 gloria,
3059 4731 3109 4776 et
3136 4717 3420 4785 imperium
3456 4725 3578 4764 cum
3610 4706 3791 4763 Patre.
3833 4711 3902 4754 et

2336 4839 2523 4885 sancto
2557 4821 2761 4891 Spiritu
2793 4830 2937 4869 nunc
2978 4820 3032 4866 et
3072 4822 3304 4876 semper,
3328 4812 3381 4857 et
3411 4804 3465 4857 in
3502 4812 3688 4853 omnes
3717 4805 3903 4846 saecu—

2334 4923 2507 4974 lorum
2535 4922 2741 4969 :etates.
2769 4910 2963 4962 Amen.

2896 5014 3145 5073 ORATIO
3212 5011 3329 5064 XX.

2912 5132 3304 5186 Ancumsu'ruu.

2341 5262 2413 5315 De
2441 5276 2501 5312 ea
2524 5272 2639 5323 qua:
2674 5247 2992 5323 certantibus
3022 5240 3258 5309 ﬁdelibus
3287 5233 3533 5319 e_Spiritu
3556 5234 3684 5323 infit
3705 5227 3899 5323 Ieario?

2411 5302 2771 5381 aiiieﬁlriém
2803 5302 3217 5381 viviﬁca'mors,
3279 5309 3381 5357 sive
3438 5302 3900 5381 rt:0t‘ti/icntio:'el

2408 5364 2577 5465 (7.2505,:
2610 5392 2783 5462 gratia
2824 5364 3165 5465 supraleqcm
3189 5380 3304 5459 jam
3338 5384 3479 5465 sun/ts
3509 5367 3774 5465 colsdinini
3795 5364 3903 5465 ,Ια-

2410 5434 2561 5517 iliciuis
2588 5434 2817 5529 gyraliunt
2855 5434 2908 5506 iri
2930 5453 3112 5518 seipsis
3138 5434 3385 5526 accipere:
3405 5438 3682 5529 'Q'uorl‘qm'
3719 5437 3768 5485 in
3791 5434 3896 5529 [Mf

2758 5528 2981 5593 nondum
3007 5510 3151 5593 sunt,
3177 5532 3339 5593 neque
3362 5514 3414 5565 id
3438 5510 3631 5593 liquido
3648 5514 3895 5593 68.172151”,

2411 5574 2696 5655 iltfs'ailmfc
2738 5599 2829 5647 sub
2874 5592 3056 5642 umbra
3091 5574 3213 5654 legis
3251 5574 3382 5655 esse,
3419 5574 3561 5655 etab
3592 5593 3651 5629 ea
3675 5574 3865 5655 judica
3894 5607 3901 5611 η

2416 5651 2646 5725 tuin-iri.
2683 5651 3326 5727 Quemadmodum—ﬁdeles
3349 5651 3599 5727 Spiritum
3629 5652 3900 5701 sanctum,

2416 5718 2839 5795 seni-ivimnriiam,
2862 5742 3026 5796 pcrnu
3043 5718 3410 5789 bationumque
3431 5718 3733 5772 vacuitatem
3762 5727 3873 5764 mm

2416 5815 2696 5865 riscanlur.

2416 5920 2735 5979 Srrutamini
2762 5917 3085 5986 Scriptores,
3120 5908 3297 5979 inquit
3339 5905 3597 5962 Dominus
3661 5915 3721 5953 ac
3753 5896 3905 5952 Deus
