4128 6338
187 419 289 486 405

188 626 327 680 viam
360 628 560 685 salutis
592 632 906 692 doceamur.
948 636 1148 693 Deinde
1198 642 1361 707 etiam
1392 644 1446 698 in
1473 646 1744 703 mandatis

181 719 299 782 eius
351 720 488 775 citra
539 728 949 782 conversionem
1015 742 1233 800 peracta
1285 736 1393 803 via,
1452 737 1515 789 ad
1570 738 1741 807 ipsam

185 809 489 865 animarum
520 824 833 873 nostrarum
881 822 1113 878 salutem
1150 830 1557 894 perveniamus.
1614 829 1744 896 Quae

182 907 260 953 est
299 900 470 967 igitur
500 906 652 960 salus
683 912 909 965 nostra?
941 911 1099 969 Jesus
1132 916 1407 983 Christus,
1438 920 1488 972 id
1524 924 1666 990 quod
1691 931 1744 977 et

184 992 411 1058 angelus
446 1001 758 1063 pastoribus
788 1012 976 1058 astans
1008 1010 1337 1074 praedicabat
1370 1031 1382 1066 :
1419 1013 1553 1068 Ecce
1581 1032 1741 1069 evan-

181 1080 345 1146 gelizo
379 1087 519 1140 vobis
554 1092 809 1157 gaudium
838 1110 1107 1164 magnum,
1157 1101 1296 1163 quod
1336 1096 1435 1157 erit
1475 1109 1618 1159 omni
1650 1122 1744 1174 po-

182 1173 327 1239 pulo,
349 1178 474 1243 quia
511 1190 667 1235 natus
698 1196 773 1237 est
812 1187 955 1242 vobis
1008 1191 1159 1246 hodie
1208 1192 1475 1261 Salvator,
1524 1203 1615 1268 qui
1652 1173 1744 1255 est

186 1268 427 1322 Christus
468 1271 741 1337 Dominus.
779 1280 831 1332 in
853 1283 1065 1338 civitate
1095 1285 1264 1341 David
1297 1289 1361 1342 “.
1396 1290 1741 1348 FeSIinemus

185 1359 352 1425 igitur
414 1369 817 1438 unusquisque,
860 1374 1084 1439 dilecti;
1147 1395 1434 1438 curramus
1467 1396 1741 1450 contente,

186 1450 553 1518 nihil'oneris,
583 1467 678 1511 aut
707 1462 770 1515 ad
798 1464 961 1518 vitam
996 1468 1137 1521 banc
1169 1472 1469 1539 pertinens,
1507 1484 1744 1545 ant‘por-

181 1548 291 1595 tatu
322 1559 489 1613 grave
527 1550 816 1605 nobiscum
855 1566 1173 1628 gestantes;
1221 1580 1290 1618 ne
1316 1566 1386 1619 ob
1420 1569 1521 1621 hoc
1545 1569 1745 1624 lentius

185 1634 365 1687 coacti
408 1637 680 1707 incedere,
712 1643 988 1701 civitatem
1038 1650 1199 1708 David
1226 1657 1518 1726 attingere,
1582 1670 1744 1730 atque

181 1725 389 1794 ingredi
442 1746 550 1785 non
595 1736 889 1802 possimus.
931 1739 1174 1799 Obsecro
1214 1764 1331 1813 vos,
1374 1766 1470 1819 per
1513 1768 1746 1821 operan-

180 1826 284 1869 tem
317 1818 369 1872 in
404 1822 564 1877 nobis
592 1827 846 1895 gratiam,
883 1848 950 1887 ne
985 1837 1214 1891 salutem
1250 1850 1491 1897 nostram
1536 1846 1589 1899 in
1642 1847 1744 1899 mi-

182 1905 344 1961 nimis
411 1908 735 1971 d’ucamus:
788 1921 881 1973 sed
939 1925 1087 1977 velut
1137 1941 1166 1979 a
1224 1943 1417 1984 somno
1471 1950 1743 2002 perversae

182 2004 530 2068 arrogantiae,
569 2008 951 2082 socordiaque
976 2020 1370 2088 expergefacti,
1409 2040 1476 2077 ne.
1508 2036 1741 2093 stemus,

183 2102 280 2143 nec
329 2093 639 2160 sedeamus,
688 2098 866 2156 donec
917 2115 1072 2160 extra
1126 2110 1270 2167 hunc
1317 2114 1578 2171 mundum
1633 2128 1745 2173 toto

178 2181 363 2236 animo
384 2186 576 2251 cintus,
610 2189 1062 2265 Salvatoremque
1096 2215 1159 2257 ac
1186 2201 1467 2260 Dominum
1495 2218 1743 2265 nostrum

180 2272 483 2340 inventum,
516 2287 569 2333 et
599 2295 947 2352 conspectum
984 2289 1118 2346 illic
1146 2297 1495 2361 procidentes
1551 2302 1746 2356 adore-

180 2380 322 2420 mus.
361 2366 425 2422 Et
464 2386 641 2440 neque
673 2382 785 2427 tum
813 2387 1042 2445 stemus,
1092 2385 1182 2437 sed
1230 2385 1404 2442 donec
1449 2391 1541 2447 ille
1589 2394 1745 2450 nobis

179 2455 323 2509 dicat
354 2475 369 2511 :
412 2458 516 2514 Vos
552 2478 653 2517 non
686 2467 814 2520 estis
845 2468 1037 2523 .ds‘ltoe
1081 2478 1296 2540 mundo,
1332 2482 1423 2534 sed
1465 2499 1559 2552 ego
1610 2485 1746 2555 elegi

176 2564 263 2603 vos
292 2550 356 2603 de
389 2554 586 2607 mundo
630 2556 693 2609 ".
728 2558 963 2623 Quinam
1001 2572 1182 2617 autem
1211 2568 1412 2638 aliquis
1458 2550 1524 2626 eo
1555 2550 1746 2643 perve-

178 2640 312 2706 niat,
345 2650 403 2695 ut
430 2658 539 2697 non
575 2644 648 2699 sit
697 2646 763 2700 de
790 2648 894 2703 hoc
925 2654 1166 2707 mundo?
1196 2657 1242 2711 si
1278 2661 1518 2728 seipsum
1544 2640 1744 2722 mundo

178 2732 528 2788 cruciﬂxerit
546 2743 600 2789 et
628 2740 890 2791 mundum
922 2741 975 2795 in
1009 2746 1211 2814 seipso,
1260 2759 1316 2804 ttt
1372 2752 1572 2810 Paulus
1620 2759 1692 2812 ait
1727 2778 1741 2814 :

178 2822 310 2878 Mihi
367 2825 592 2879 mundus
653 2830 939 2897 cruciﬁxus
976 2843 1073 2898 est,
1122 2844 1171 2888 et
1206 2854 1299 2908 ego
1359 2844 1553 2897 mundo
1578 2844 1643 2898 ’⁸.
1680 2850 1744 2902 Et

177 2916 452 2986 quomodo
487 2917 602 2971 haec
643 2920 808 2975 verba
835 2936 958 2976 cum
991 2925 1101 2981 illis
1134 2934 1536 2989 consentiunt?
1564 2938 1739 2992 Verba

177 3006 419 3072 quidem,
454 3006 653 3074 inquit,
686 3010 788 3063 alia
827 3021 979 3077 sunt,
1020 3016 1101 3073 vis
1147 3022 1433 3078 amborum
1495 3043 1600 3081 una
1650 3045 1744 3084 ca-

176 3096 435 3167 demque.
476 3100 949 3164 Quemadmodum
1000 3109 1144 3162 enim
1183 3113 1273 3180 qui
1320 3124 1477 3171 extra
1517 3120 1737 3175 domum

1597 444 1876 506 ORATIO
1917 449 2044 509 XX.

194 546 382 591 noster
422 535 586 595 Jesus
625 542 881 600 Christus
904 546 972 610 ”,
1024 554 1082 600 ut
1130 560 1252 605 ante
1292 552 1472 607 omnia
1534 556 1745 611 scilicet
1774 559 1819 614 Α
1848 570 2091 614 mentum
2121 561 2318 620 vivetis

3278 450 3393 528 'ittt‘)

2372 582 2385 618 :
2440 566 2538 621 Ubi
2583 573 2717 625 enim
2775 577 2991 641 spiritus
3048 578 3252 631 Domini
3296 592 3391 640 cst,

1849 648 2047 716 inquit,
2084 651 2160 705 ibi
2183 652 2397 713 libertos
2439 657 2505 719 η.
2535 658 2760 717 libertas
2804 680 2870 717 ex
2918 664 3257 733 subjectione
3293 673 3392 719 sub

1847 738 2019 809 legem
2048 756 2143 810 per
2164 746 2367 800 omnia.
2397 745 2504 803 Lex
2542 751 2737 819 quippe
2763 755 2867 807 dux
2899 756 3016 817 vize,
3065 768 3117 810 et
3147 759 3394 825 paedago-

1845 844 1965 898 gus,
1998 839 2051 885 et
2077 828 2478 904 maniuluctrix,
2517 852 2570 896 et
2603 845 2861 913 magidra
2887 847 3112 911 iustitia!
3140 858 3242 911 est,
3265 852 3391 902 dum

1846 918 2003 985 dicit,
2042 923 2143 977 hoc
2182 937 2234 979 et
2267 928 2367 983 hoc
2410 916 2599 991 iacies.
2646 932 2826 987 Gratia
2863 950 3038 991 autem
3091 950 3143 994 et
3192 942 3393 993 veritas

1846 1026 1955 1065 non
1995 1013 2066 1067 ita
2105 1032 2118 1068 :
2152 1016 2245 1070 sed
2272 1023 2542 1085 quamodo
2564 1024 2589 1076 ?
2618 1034 2669 1077 et
2694 1025 2861 1079 iacies
2889 1028 3091 1089 (muria,
3124 1039 3175 1083 et
3208 1030 3393 1099 loque-

1844 1102 1919 1156 ris
1943 1108 2242 1159 secundum
2277 1108 2457 1162 datam
2493 1114 2611 1176 tibi,
2650 1125 2701 1168 et
2739 1116 3048 1185 loquentem
3100 1121 3151 1172 in
3188 1130 3237 1173 te
3270 1138 3395 1189 gra—

1847 1193 1998 1255 tiam,
2033 1196 2173 1250 sicut
2203 1200 2464 1268 scriptum
2501 1212 2583 1256 cst
2613 1222 2625 1256 :
2671 1205 2733 1257 it't
2757 1219 2906 1261 erunt
2944 1226 3118 1263 omnes
3149 1210 3393 1265 docibiirs

1850 1283 1942 1337 Dei
1970 1288 2047 1349 ³¹;
2079 1305 2185 1343 non
2217 1298 2312 1359 per
2365 1293 2664 1348 litterarum
2720 1308 2899 1363 notas,
2946 1309 2997 1354 ct
3046 1303 3197 1372 signa
3250 1303 3395 1371 quod

1848 1375 2049 1429 bonum
2108 1390 2190 1434 cst
2227 1381 2524 1442 discentes.
2585 1387 2677 1439 sed
2737 1388 2788 1440 in
2844 1388 3042 1455 Spiritu
3104 1400 3294 1446 sancto
3343 1394 3394 1447 id

1846 1467 2018 1521 edocti
2065 1486 2078 1521 :
2109 1487 2207 1525 nec
2235 1474 2285 1525 in
2315 1475 2478 1528 verbo
2511 1478 2650 1537 solo,
2684 1478 2776 1533 sed
2807 1479 2856 1532 in
2897 1480 3100 1534 lumine
3127 1484 3284 1537 Verbi
3313 1484 3396 1537 lu-

1847 1557 2011 1612 minis
2040 1562 2266 1629 mysticc
2298 1563 2499 1619 divinis
2559 1566 2777 1621 initiati.
2835 1567 2986 1623 Tunc
3042 1570 3186 1625 enim
3242 1572 3395 1627 vobis

1845 1648 1998 1717 ipsis.
2030 1650 2228 1721 inquit,
2265 1663 2319 1708 et
2351 1657 2612 1721 proximis
2640 1659 2895 1714 doctores
2923 1664 3101 1724 eritis,
3140 1678 3313 1730 neque
3342 1665 3392 1718 id

1846 1741 2044 1805 solum,
2077 1744 2169 1797 sed
2203 1755 2254 1798 et
2289 1746 2377 1798 lux
2421 1749 2607 1801 mundi
2640 1750 2706 1811 ³³,
2757 1762 2810 1804 et
2877 1752 2953 1804 sal
3015 1753 3264 1809 terrm”.
3317 1754 3393 1808 Illi

1846 1847 1974 1898 ergo
2007 1844 2132 1886 ante
2164 1835 2396 1900 gratiam
2434 1840 2581 1892 velut
2628 1841 2729 1894 sub
2780 1842 2896 1911 lege
2959 1852 3135 1905 erant,
3187 1852 3239 1897 et
3294 1847 3398 1899 sub

1850 1921 2037 1974 umbra
2074 1918 2191 1988 ejus
2223 1925 2505 1981 sedebant.
2550 1928 2658 1983 Nos
2694 1943 2868 1985 autem
2921 1944 3041 2001 post
3076 1938 3304 2005 gratiam
3340 1948 3399 1991 ut

1848 2009 1901 2061 in
1948 2010 2169 2071 lumine,
2219 2022 2273 2065 et
2302 2015 2389 2068 die
2421 2019 2727 2083 constituti,
2764 2021 2833 2075 ab
2866 2024 3057 2077 umbra
3095 2040 3190 2079 seu
3228 2029 3399 2081 servi-

1849 2107 1959 2153 tnte
1992 2101 2124 2170 legis
2150 2096 2369 2159 liberati
2396 2122 2609 2169 sumus.
2665 2112 2982 2179 superiores
3041 2114 3250 2170 scilicet
3302 2118 3397 2188 illa

1848 2189 1996 2253 iacti,
2030 2195 2190 2261 quasi
2240 2212 2333 2265 per
2362 2201 2562 2268 gradus
2596 2204 2860 2270 quosdam
2903 2207 3029 2259 vitae
3071 2208 3399 2275 evangelica:

1847 2280 1901 2332 in
1933 2280 2271 2338 altitudinem
2319 2289 2540 2353 sublati,
2597 2300 2649 2343 et
2709 2307 2831 2345 cum
2874 2296 3183 2362 legislature
3212 2298 3399 2352 viven-

1851 2380 1951 2434 tes,
1996 2374 2078 2427 vel
2120 2376 2300 2443 potius
2331 2381 2489 2432 etiam
2534 2382 2636 2450 ipsi
2676 2384 3038 2453 legislatorcs,
3076 2400 3170 2441 aut
3218 2389 3395 2459 legum

1846 2464 2123 2519 custodes.

1918 2553 2055 2607 Num
2100 2556 2265 2625 igitur
2306 2567 2411 2623 est,
2447 2564 2536 2630 qui
2580 2562 2744 2619 habet
2796 2582 2956 2623 aures
3012 2570 3290 2633 audiendi,
3340 2579 3400 2623 ut

1846 2656 2034 2695 eorum
2068 2659 2187 2713 quae
2215 2661 2243 2701 a
2280 2645 2485 2717 Spiritu
2510 2650 2769 2707 dicuntur
2798 2658 2904 2707 vim
2931 2657 3211 2711 auditione
3235 2667 3400 2726 queat

1845 2733 2165 2802 percipere?
2188 2736 2326 2791 Num
2356 2740 2524 2795 etiam
2555 2753 2660 2805 est,
2710 2745 2799 2812 qui
2834 2761 3053 2799 sensum
3073 2747 3273 2802 Christi
3305 2750 3402 2802 ha—

1849 2826 1989 2886 heat,
2020 2835 2086 2897 ,ut
2118 2829 2283 2897 probe
2309 2840 2360 2884 et
2395 2831 2502 2885 Deo
2549 2836 2936 2890 convenienter
2986 2838 3253 2905 intelligat
3282 2856 3398 2908 qum

1847 2916 1914 2967 ab
1936 2930 2001 2968 eo
2024 2918 2225 2985 scripta
2248 2927 2377 2973 sunt
2398 2921 2572 2974 ?.\'um
2595 2925 2754 2977 etiam
2783 2927 3089 2982 invenietur
3109 2931 3397 2999 quispiam.

1846 3001 2129 3056 Christum
2182 3006 2236 3058 in
2286 3022 2344 3061 se
2396 3008 2512 3076 ipso
2569 3010 2877 3080 loquentem
2912 3017 3139 3080 habens,
3174 3028 3232 3071 ut
3267 3020 3399 3073 bene

1847 3096 2020 3163 possit
2076 3096 2297 3166 eloqui,
2369 3115 2488 3166 qua:
2543 3105 2725 3156 verbis
2788 3114 3046 3173 teguntur
3097 3109 3404 3176 mysteria?

175 3192 278 3249 (tu,
314 3188 467 3242 imus
504 3190 796 3246 conctums
829 3210 935 3247 ηοη
970 3196 1147 3264 Videt;
1199 3202 1277 3256 sic
1312 3195 1516 3262 mundo
1564 3212 1740 3265 cruci-
1764 3195 1809 3255 ρ
1844 3184 2169 3254 Sapientiam
2221 3193 2358 3243 enim
2400 3193 2682 3261 loquimur,
2716 3198 2909 3265 inquit,
2942 3217 3042 3253 non
3084 3204 3265 3255 surculi
3303 3205 3397 3256 lm-

177 3273 341 3341 fisus,
392 3286 486 3331 aut
530 3282 914 3348 mor-tilit-atus,
953 3301 1134 3342 rerum
1178 3295 1580 3353 mundanarum
1615 3318 1740 3357 sen-

176 3381 294 3419 sum
325 3368 533 3421 nullum
561 3369 737 3426 habet.
778 3375 1015 3429 Rursum
1048 3380 1211 3434 sicuti
1241 3398 1438 3461 corpus
1467 3402 1737 3446 mortuum

176 3473 278 3512 nec
310 3460 456 3523 viva,
489 3477 587 3515 nec
619 3479 801 3517 secum
824 3468 1060 3534 jacentia
1086 3486 1313 3541 corpora
1336 3460 1548 3534 martua
1574 3487 1740 3540 sentit

180 3564 402 3618 quoquo
439 3553 600 3605 modo
634 3572 647 3606 :
689 3556 771 3609 sic
802 3572 899 3612 nec
927 3560 1018 3628 qui
1054 3571 1206 3617 extra
1237 3570 1495 3624 mundum
1537 3574 1588 3626 in
1631 3576 1739 3643 spi-

179 3638 285 3691 ritu
343 3638 434 3691 Dei
478 3649 579 3700 est,
613 3650 817 3696 etcum
862 3646 971 3701 Deo
1012 3658 1113 3714 est,
1164 3656 1384 3721 mutulo,
1434 3669 1525 3712 aut
1581 3665 1741 3718 rebus

180 3729 473 3783 mundanis
510 3731 642 3787 allici
673 3744 869 3802 potest.
907 3740 1085 3806 Atque
1118 3741 1211 3800 ita.
1248 3743 1470 3811 fratres,
1525 3760 1577 3803 et
1616 3762 1740 3807 ante

179 3828 416 3873 mortem
458 3838 627 3887 mors,
672 3837 722 3879 et
765 3838 891 3882 ante
932 3846 1222 3899 corporum
1280 3842 1739 3898 resurrectionem

177 3912 485 3966 animarum
531 3921 862 3972 resurrectio
900 3921 953 3974 lit
993 3938 1172 3990 opere,
1208 3927 1425 3991 virtute,
1461 3935 1741 4001 experien-

178 4004 270 4065 tia,
310 4004 559 4059 veritate.
594 4006 800 4061 Mortali
826 4013 966 4064 enim
995 4016 1322 4083 cogitatione
1351 4021 1417 4073 ab
1446 4022 1736 4078 immortali

176 4109 342 4147 sensu
377 4096 553 4148 deleta
607 4112 670 4151 ac
715 4099 1019 4168 proﬂigata,
1068 4114 1121 4160 et
1171 4111 1499 4167 mortalitate
1554 4129 1582 4167 a
1627 4116 1734 4169 vita

176 4184 434 4253 cﬂ‘ugata,
465 4189 647 4242 anima
700 4199 812 4242 tttm
850 4197 994 4246 velut
1024 4210 1051 4247 a
1083 4200 1312 4252 mortuis
1364 4203 1617 4267 excitata,
1650 4221 1736 4260 sc-

176 4284 285 4330 mct
324 4279 721 4333 convenienter
757 4283 902 4336 videt
933 4286 1013 4353 (ut
1041 4291 1130 4356 qui
1158 4291 1223 4342 tle
1254 4307 1445 4347 somno
1474 4311 1733 4352 surrexe-

175 4375 323 4427 runt,
354 4367 681 4432 semetipsos
717 4371 1081 4439 conspiciunt)
1118 4383 1171 4431 et
1198 4374 1365 4430 Deum
1390 4395 1417 4431 a
1452 4396 1560 4448 qtto
1586 4382 1726 4435 exci-

176 4462 285 4507 tata
316 4464 405 4508 est
434 4456 679 4521 agnoscit
714 4473 727 4509 :
764 4474 924 4522 quem
974 4461 1302 4528 intelligens,
1349 4468 1556 4534 gratias
1599 4471 1705 4536 agit

175 4543 391 4605 adorat,
428 4553 480 4596 et
511 4545 830 4601 immensam
881 4551 1001 4616 ejus
1054 4552 1345 4608 bonitatem
1375 4556 1638 4612 dilaudat.
1668 4560 1733 4611 At

174 4648 300 4685 vero
348 4649 551 4700 corpus
614 4635 679 4688 a'l
733 4641 983 4707 proprias
1037 4644 1361 4712 cupiditates
1414 4649 1616 4701 nullam
1650 4650 1731 4703 vel

171 4724 613 4792 qualemcunque
662 4726 1100 4796 inspirationem,
1143 4744 1233 4788 aut
1270 4736 1589 4802 motiouc'n,
1636 4750 1730 4792 aut

170 4812 562 4880 cogitationem
616 4816 778 4869 habet
817 4837 827 4870 :
863 4822 957 4872 sed
1001 4832 1083 4876 est
1132 4825 1186 4876 in
1229 4824 1313 4878 his
1358 4836 1529 4880 totum
1584 4846 1729 4881 mor-

172 4913 321 4955 tuum
373 4913 425 4955 ct
460 4906 730 4958 exanime.
766 4907 1194 4978 Nonnunquam,
1234 4915 1345 4967 itno
1373 4904 1531 4984 saepe,
1565 4919 1725 4971 etiam

172 5007 358 5046 eorum
405 5009 525 5059 qua:
555 4998 855 5049 secundum
888 5011 1133 5054 naturam
1165 5016 1309 5067 sunt,
1345 5018 1562 5075 propter
1593 5011 1728 5061 assi-

173 5086 332 5134 tluam
371 5083 570 5136 animm
622 5085 672 5136 itt
706 5086 867 5149 rebus
923 5106 1043 5157 qttte
1096 5108 1252 5161 supra
1310 5104 1558 5150 naturam
1601 5107 1729 5151 sunt

175 5174 466 5226 tuentalcm
501 5177 910 5242 occupationem
964 5195 1026 5231 ac
1081 5183 1318 5235 studium
1366 5187 1725 5241 obliviscitur.

175 5264 233 5315 lit
260 5271 430 5326 recte,
467 5263 641 5331 inquit
680 5270 821 5319 enim
855 5287 867 5321 :
897 5267 1099 5331 Spiritu
1137 5277 1417 5339 attritu/ate,
1446 5286 1493 5328 et
1527 5280 1727 5332 deside-

173 5352 251 5401 ria
283 5354 464 5404 carnis
496 5369 593 5404 non
619 5357 900 5421 perﬁcietis
927 5359 991 5411 ⁸³.
1026 5361 1171 5415 Caro
1211 5366 1398 5431 igitur,
1419 5376 1491 5419 ‘ut
1518 5368 1724 5421 dictum

172 5445 275 5494 t'st,
306 5453 403 5505 per
428 5440 722 5494 adventum
772 5444 1003 5510 Spiritus
1058 5448 1196 5502 facta
1252 5464 1483 5518 mortua,
1529 5457 1728 5523 imper-

171 5528 419 5583 turbatus
459 5529 529 5583 de
561 5542 754 5585 cmtero
803 5549 900 5588 vos
929 5538 1220 5607 relinquet.
1247 5550 1299 5595 et
1334 5544 1468 5597 citra
1500 5546 1724 5615 impedi-

1716 4512 1728 4535 ’
1765 4508 1809 4564 D

1835 3275 1946 3343 jus,
1980 3292 2095 3345 quae
2120 3292 2422 3341 evacuatur,
2449 3283 2538 3334 sed
2558 3284 2871 3348 sapientiam
2900 3288 2953 3340 in
2987 3292 3254 3357 mysterio,
3284 3309 3397 3359 quia

1842 3368 2150 3421 abscondita
2182 3380 2258 3423 est
2297 3370 2342 3401 “
2378 3373 2582 3435 multis,
2617 3376 2772 3430 nobis
2819 3388 2997 3432 autem
3040 3383 3203 3449 probe
3242 3401 3399 3439 revr-

1844 3452 1975 3516 lata,
2019 3469 2072 3508 et
2103 3460 2339 3523 cognita,
2379 3462 2469 3525 qui
2515 3461 2568 3513 in
2618 3462 2817 3518 timore
2852 3464 2942 3519 Dt-i
2989 3470 3135 3522 velut
3174 3472 3241 3524 ab
3279 3474 3391 3527 ele-

1844 3544 2040 3598 mentis
2072 3545 2304 3599 instituti
2332 3564 2547 3610 sumus,
2585 3562 2636 3603 et
2683 3552 2747 3605 ad
2787 3554 2937 3607 illum
2979 3572 3190 3627 semper
3227 3564 3396 3629 respi—

1842 3636 2040 3692 cimus.
2074 3639 2189 3693 Non
2221 3644 2363 3695 enim
2415 3645 2560 3711 quod
2616 3649 2892 3702 nescimus
2944 3650 3256 3719 loquimur;
3302 3657 3392 3709 sed

1843 3730 1986 3794 quod
2023 3731 2227 3785 scimus
2260 3734 2637 3799 tesliticamur,
2669 3740 2923 3803 quoniam
2950 3740 3035 3793 lux
3073 3742 3393 3797 intenebris

1837 3819 1948 3887 jam
1986 3823 2127 3874 lucet
2155 3823 2217 3886 ³⁸,
2243 3834 2294 3876 et
2329 3825 2378 3876 in
2408 3833 2585 3888 nocte,
2622 3828 2753 3879 etin
2784 3828 2891 3890 die,
2922 3840 2973 3882 et
3009 3832 3175 3895 intus,
3215 3843 3269 3888 et
3299 3851 3394 3887 cx-

1841 3918 1946 3963 tra.
1988 3912 2141 3963 Intus
2171 3912 2389 3978 quidem
2422 3913 2476 3965 in
2520 3914 2778 3968 cordibus
2815 3920 3058 3979 nostris;
3094 3932 3242 3972 extra
3292 3937 3393 3975 au-

1842 4011 1947 4055 tem
2000 4001 2274 4054 inanimo
2313 4002 2766 4059 circumlustrans
2827 4022 2923 4059 nos
2976 4008 3094 4059 sine
3148 4026 3389 4078 vespera.

1840 4093 1957 4145 sine
1987 4094 2305 4151 mutatione,
2333 4091 2450 4144 sine
2475 4093 2756 4155 varietate,
2782 4094 2898 4147 sine
2923 4096 3111 4165 ligura,
3144 4099 3389 4166 loquens.

1839 4194 2095 4248 cperans,
2122 4183 2329 4243 vivens,
2364 4188 2415 4232 et
2444 4180 2752 4243 vivilicaus,
2805 4190 2856 4235 et
2900 4184 3248 4241 collustratos
3308 4190 3389 4242 lu-

1838 4275 1982 4327 mine
2008 4272 2261 4325 reddens.
2288 4270 2399 4325 Nos
2430 4271 2792 4324 testilicatnur
2825 4273 3079 4340 quoniam
3114 4277 3253 4329 Deus
3304 4280 3385 4329 lus

1839 4373 1945 4428 est,
1994 4373 2048 4417 et
2096 4367 2188 4431 qui
2223 4363 2371 4431 digni
2425 4372 2554 4415 sunt
2590 4362 2776 4424 habiti,
2837 4373 2891 4416 ut
2947 4380 3067 4417 cum
3129 4366 3388 4431 viderent,

1839 4472 2028 4510 omnes
2056 4464 2111 4507 ut
2143 4456 2316 4508 lucem
2349 4455 2625 4520 viderunt,
2666 4466 2718 4509 et
2750 4458 2840 4524 qui
2876 4474 2996 4511 cum
3041 4472 3385 4528 acceperunt.

1843 4558 1904 4600 ut
1966 4548 2139 4599 lucem
2200 4556 2554 4613 acceperunt.
2622 4546 2910 4609 Quoniam
2952 4551 3203 4616 prarccdit
3264 4562 3390 4604 ante

1842 4638 1989 4690 illum
2019 4638 2200 4689 lumen
2240 4636 2421 4703 gloriae.
2452 4635 2616 4696 illius,
2652 4645 2703 4687 et
2745 4638 2863 4689 sine
2894 4638 3100 4691 lumine
3126 4655 3387 4707 apparere

1838 4745 1944 4781 non
1979 4736 2154 4795 potest
2193 4745 2205 4778 :
2238 4726 2439 4792 quique
2471 4725 2590 4792 ejus
2627 4724 2807 4778 lumen
2837 4741 2939 4777 non
2986 4727 3257 4787 viderunt,
3292 4744 3387 4781 nec.

1837 4820 1986 4871 ίιειιηι
2030 4817 2298 4876 viderunt,
2335 4815 2591 4883 quoniam
2638 4815 2749 4880 ipse
2794 4818 2884 4867 lux
2930 4827 3029 4868 est.
3062 4816 3124 4867 Et
3162 4820 3249 4883 qui
3300 4822 3381 4871 lu-

1838 4927 1956 4962 tuen
1996 4924 2101 4961 non
2131 4914 2482 4973 acceperunt,
2507 4905 2747 4956 nondum
2780 4906 3003 4973 gratiam
3035 4904 3381 4976 acceperunt.

1834 5001 1935 5065 Qui
1985 5013 2219 5066 namque
2281 4995 2509 5062 gratiam
2564 5005 2907 5062 acceperunt,
2956 4997 3135 5050 lumen
3184 4998 3272 5051 Dei
3328 5011 3378 5052 ct

1838 5093 2003 5145 Deum
2063 5098 2409 5155 acet-perunt,
2456 5087 2596 5139 sicut
2646 5088 2758 5153 ipsa
2818 5088 2907 5140 lux
2961 5088 3207 5143 Christus
3264 5094 3376 5144 ait:

1832 5180 2163 5243 Inhabitabo,
2194 5187 2240 5230 et
2271 5176 2607 5229 itmmbulabo
2654 5177 2705 5229 in
2756 5178 2830 5230 eis
2862 5177 2925 5229 π.
2959 5179 3167 5243 Quibus
3200 5189 3375 5233 autem

1836 5271 1933 5322 hoc
1968 5269 2207 5319 nondum
2242 5265 2489 5332 contigit,
2519 5279 2616 5316 nec
2650 5264 2794 5329 digni
2833 5276 2958 5318 sunt
2984 5267 3169 5330 habiti,
3205 5271 3290 5335 qtti
3327 5268 3378 5319 itl

1835 5366 2283 5423 assequm'cntur,
2319 5368 2507 5406 omnes
2552 5352 2603 5403 hi
2652 5352 2754 5404 sub
2814 5354 2927 5421 lege
2975 5368 3097 5408 ante
3151 5357 3379 5425 gratiam

1834 5456 2148 5510 censentur,
2205 5446 2372 5507 servi,
2416 5456 2808 5507 servorumth
2854 5444 3133 5511 diScipuli.
3179 5447 3242 5499 Et
3283 5462 3380 5498 au-

1834 5542 2037 5594 ditorcs
2087 5538 2260 5608 legis,
2311 5538 2516 5590 circum
2566 5534 2813 5586 umbram
2864 5544 2917 5587 ct
2974 5546 3155 5603 typum
3203 5534 3379 5587 adhuc

248 5663 582 5741 ’δ’-ει-οειηειν2
616 5664 703 5720 59.
780 5668 823 5698 ’⁸
853 5667 983 5741 Ῑλιξο,
1029 5688 1087 5731 tt.
1128 5674 1211 5735 10,
1269 5676 1354 5730 Η.
1430 5678 1475 5710 ’⁷
1511 5678 1666 5734 Joan.
1705 5696 1731 5731 κ

1844 5678 1920 5731 I9.
1998 5678 2041 5709 ³⁸
2072 5677 2246 5730 Galat.
2276 5693 2345 5741 vt,
2380 5674 2465 5727 Η.
2543 5672 2587 5741 ξ’
2616 5671 2787 5741 Galat.
2839 5688 2888 5734 v,
2924 5673 3007 5725 16.
3084 5673 3128 5704 ⁸ο
3177 5674 3215 5725 ll
3251 5676 3377 5726 (lor.

176 5747 257 5796 ιιι,
294 5733 381 5786 t7.
464 5732 507 5763 ³³
548 5731 706 5789 Joan.
759 5752 834 5799 v1,
898 5734 985 5794 45.

1067 5744 1110 5775 "
1158 5744 1347 5800 Matth.
1411 5763 1462 5812 ν,
1516 5749 1602 5803 14.

174 5815 317 5868 nrt,
358 5802 458 5867 12;
500 5803 544 5858 ll
570 5802 695 5859 Cor.
726 5820 799 5871 vr,
834 5806 917 5861 l6.

1686 5747 1728 5779 ⁸³
1766 5746 1897 5802 ibid.
1934 5747 2017 5801 15.

2095 5746 2183 5800 ³⁵1
2237 5739 2360 5800 Cor.
2418 5758 2477 5809 tt,
2532 5740 2585 5795 6.
2665 5739 2963 5805 "Joan.t,
3001 5741 3055 5795 5.
3128 5744 3170 5774 ³⁸
3200 5743 3373 5798 Levii.
