4128 6338
651 385 753 468 1111

1870 389 2255 459 SYMEONIS
2292 383 2655 452 JUNIORIS

3785 380 3894 445 £08

655 525 995 585 oberrantes,
1033 521 1128 574 11111
1161 520 1387 581 ancillae,
1423 527 1476 574 et
1517 517 1613 572 ﬁlii
1672 518 2018 572 tenebrarum
2067 525 2216 578 sunt,
2251 508 2296 564 Α
2325 511 2582 581 omnique
2613 508 2914 580 ignominia
2943 505 3180 576 undique
3211 505 3588 575 replebuntur.
3613 502 3721 558 Nec
3741 503 3894 558 istuc

655 619 771 672 sive
797 616 1177 684 imperatores,
1221 615 1338 668 sive
1387 612 1736 682 patriarchae,
1775 611 1894 665 sive
1951 610 2218 679 episcopi,

655 710 772 764 sive
801 709 1138 768 sacerdotes,
1170 706 1284 760 sive
1316 703 1612 773 principes,
1665 702 1778 756 sive
1816 700 2068 770 subjecti,
2125 715 2221 754 seu

656 801 895 872 profani.
928 817 1022 854 seu
1049 799 1324 861 monachi,
1365 813 1459 848 seu
1501 804 1720 856 ascette,
1759 811 1851 849 seu
1912 794 2219 863 pra‘positi,

658 907 756 944 seu
801 903 1094 959 pauperes,
1160 904 1255 942 seu
1297 889 1520 951 divites,
1574 903 1670 940 seu
1716 888 1929 956 aegroti,
1966 902 2063 940 seu
2099 886 2224 939 sani

657 984 788 1038 sint.
833 983 1036 1037 Omnes
1065 983 1235 1044 enim,
1269 982 1362 1050 qui
1398 982 1450 1034 in
1484 982 1727 1035 tenebris
1753 984 1965 1041 sedent,
2001 989 2056 1033 et
2102 995 2222 1047 pte—

658 1078 832 1132 nitere
863 1079 1076 1139 nolunt,
1112 1076 1205 1129 lilii
1237 1075 1583 1128 tenebrarum
1629 1086 2006 1128 numerantur.
2045 1073 2226 1127 Paeni-

659 1172 826 1223 tcntia
870 1169 1136 1238 siquidem
1166 1175 1247 1220 est
1276 1168 1468 1234 jantta.
1508 1182 1629 1233 quae
1661 1184 1688 1221 e
1727 1169 1967 1221 tenebris
2014 1167 2220 1231 educit,

658 1271 711 1312 et
741 1261 803 1312 ad
841 1262 1022 1312 lumen
1072 1259 1311 1313 deducit.
1349 1258 1457 1322 Qui
1496 1260 1659 1325 igitur
1686 1259 1750 1310 ad
1785 1261 1965 1312 lumen
2017 1261 2226 1329 1113108·-

657 1369 750 1406 sos
794 1368 899 1406 non
933 1359 1038 1413 est,
1081 1353 1305 1418 januam
1364 1353 1703 1418 pmnitentize
1748 1369 1856 1405 non
1910 1353 2046 1405 bene
2101 1369 2224 1419 per-

655 1445 895 1498 transiit.
927 1443 1060 1496 Nam
1089 1442 1133 1496 si
1172 1445 1591 1511 pertransisset,
1623 1445 1688 1498 ad
1725 1447 1904 1497 lumen
1958 1445 2220 1497 venisset.

655 1538 756 1601 Qui
800 1546 980 1590 autem
1038 1552 1143 1589 non
1189 1537 1435 1602 ptenitet.
1497 1544 1708 1602 peccat,
1760 1543 2048 1602 propterea
2097 1538 2226 1602 quia

658 1645 762 1681 non
796 1628 1024 1696 paenitet
1069 1643 1082 1678 :
1126 1626 1327 1679 Scienti
1375 1625 1512 1677 enim
1556 1623 1770 1687 bonum,
1812 1625 2012 1692 inquit,
2040 1633 2088 1677 et
2123 1642 2225 1678 non

655 1720 892 1789 facienti,
923 1729 1188 1784 peccatum
1219 1728 1294 1771 est
1328 1718 1410 1770 illi
1438 1717 1502 1769 ³⁷.
1528 1716 1646 1770 Jam
1669 1719 1758 1785 qui
1782 1718 1913 1782 facit
1933 1727 2224 1783 peccatum,

2327 614 2564 671 tantum,
2613 602 2708 660 sed
2743 611 2796 658 et
2824 601 3004 656 omnis
3058 598 3355 667 cujuslibet
3410 597 3552 649 actio
3585 610 3682 650 seu
3725 594 3890 653 bona,

2327 715 2421 753 seu
2453 699 2617 761 mala,
2641 697 2824 750 omnis
2855 709 3055 759 sermo,
3101 691 3282 745 omnis
3312 689 3570 759 cogitatio
3604 701 3890 741 commen—

2328 794 2571 859 tatioque
2598 791 2666 843 ab
2706 790 2825 856 ipso
2850 786 3119 854 cujusque
3149 792 3270 836 ortu
3302 781 3577 839 videlicet,
3624 793 3794 846 usque
3827 777 3891 830 ad

2329 884 2583 938 ultimum
2634 881 2862 934 halitum
2901 879 3009 930 illic
3042 875 3313 931 collectitn
3358 874 3409 926 in
3445 885 3771 939 unoquoque
3799 870 3894 922 110-

2329 977 2535 1028 minum
2572 972 2875 1041 apparebit.
2907 969 2975 1022 Et
3009 984 3198 1038 quam,
3232 981 3439 1036 qttteso,
3477 966 3694 1024 fratres,
3741 963 3897 1026 igno-

2330 1043 2550 1122 miniain
2590 1081 2712 1120 cum
2761 1064 2885 1125 hac,
2919 1077 3040 1131 quze
3081 1075 3207 1113 vere
3260 1058 3375 1110 soia
3431 1064 3514 1109 est
3573 1051 3896 1119 ignominia,

2328 1142 2459 1213 tunc
2520 1155 3009 1225 comparabimus?
3065 1141 3332 1219 aut‘qttae
3383 1162 3538 1216 parua
3573 1145 3765 1196 timore
3805 1141 3899 1195 illo

2328 1258 2644 1327 pudoreque
2681 1253 2878 1317 major,
2915 1265 3058 1311 cum,
3095 1259 3154 1300 ut
3188 1247 3396 1299 dictum
3435 1251 3539 1303 est,
3573 1244 3705 1294 adeo
3741 1250 3893 1292 tene-

2329 1349 2500 1412 brosi,
2529 1348 2724 1400 etsine
2762 1342 3106 1397 illominante
3154 1339 3348 1407 Spiritu
3399 1335 3604 1387 inventi
3647 1328 3899 1382 fuerint?

2329 1440 2550 1507 Qualem
2582 1453 2745 1506 porro
2777 1435 2964 1493 vitam,
2991 1430 3149 1500 quale
3184 1429 3641 1481 oblectamentum
3678 1418 3900 1473 habebit

2330 1534 2513 1593 homo,
2551 1529 2644 1599 qui
2671 1531 2722 1580 in
2763 1524 3006 1579 tenebris
3039 1522 3212 1582 sedet,
3241 1534 3302 1572 ac
3344 1516 3556 1576 metuit,
3591 1527 3658 1566 ne
3692 1525 3900 1578 repen—

2330 1627 2442 1680 tina
2470 1623 2613 1678 lucis
2644 1617 3049 1674 illuminatione
3096 1611 3470 1679 cogitationis,
3525 1616 3619 1660 ’1111
3665 1602 3901 1659 actionis

2330 1716 2563 1784 alicujus
2595 1713 2788 1771 sordes
2817 1711 2869 1762 in
2904 1709 3023 1777 ipso
3054 1701 3444 1773 reperiantur?

653 1827 828 1864 servus
863 1819 937 1862 est
962 1812 1182 1877 peccati,
1223 1820 1272 1861 et
1308 1812 1418 1860 odit
1442 1809 1632 1868 lucem,
1664 1821 1711 1861 et
1744 1826 1847 1861 non
1869 1812 2005 1862 venit
2038 1810 2107 1861 ad
2133 1809 2220 1861 lu-
2257 1841 2297 1894 Β
2399 1807 2585 1873 Quare
2626 1803 2967 1864 studeamus,
3029 1797 3229 1850 fratres
3284 1793 3413 1852 mei,
3462 1790 3609 1865 hine_
3635 1786 3745 1855 jam
3800 1800 3901 1854 per

653 1921 783 1968 cem,
809 1919 870 1955 ne
897 1912 1192 1969 arguantur
1224 1917 1381 1968 opera
1405 1902 1519 1967 ejus
1552 1899 1617 1952 ³⁸.
1654 1899 1808 1953 Ν11110
1832 1903 1975 1954 0111111
2004 1912 2223 1970 sponte,

654 2005 708 2051 01
735 2006 926 2050 nostro
965 1997 1208 2063 ipsorunt
1260 1992 1528 2052 arbitratu
1563 1991 1628 2044 ad
1660 1991 1841 2044 lumen
1900 2007 2000 2058 per
2052 1992 2229 2060 poenis

656 2090 882 2145 tentiam
941 2087 1174 2155 ingressi
1211 2085 1616 2152 redarguimur,
1647 2092 1702 2136 et
1726 2085 2044 2150 judicamttr
2081 2103 2093 2137 :
2129 2084 2228 2138 sed

658 2184 885 2254 mystice
911 2181 1177 2246 judicium
1213 2179 1375 2240 istuc,
1413 2186 1466 2230 et
1497 2177 1836 2238 abscondite,
1879 2177 1931 2230 in
1967 2177 2230 2231 interiore

655 2275 962 2326 animarum
1015 2280 1326 2328 nostrarum
1385 2267 1661 2328 cubiculo,
1695 2266 1761 2319 ad
1819 2269 2223 2336 purgationem,

656 2372 708 2414 et
742 2361 1119 2414 I'Clttissittnt'ln
1153 2367 1497 2425 peceatorum
1554 2365 1869 2410 nostrorum
1920 2358 2229 2410 misericor-

657 2453 768 2514 dia,
797 2461 850 2504 et
881 2450 1220 2518 benignitate
1253 2447 1345 2498 Dei
1383 2446 1655 2507 subimus,
1681 2447 1798 2499 solo
1829 2446 2085 2499 nimirum
2117 2448 2226 2501 Deo

660 2559 746 2597 res
782 2551 1006 2594 nostras
1064 2541 1273 2591 sciente
1324 2553 1385 2588 ac
1423 2538 1693 2589 intuente.
1760 2537 1872 2590 1100
1912 2540 2075 2606 igitur
2117 2549 2226 2592 tam

659 2636 920 2703 praeclaro
973 2631 1186 2697 judicio
1239 2609 1493 2697 quisquis
1555 2628 1643 2682 hic
1691 2627 1973 2696 judicatus
2037 2630 2223 2694 fuerit,

656 2728 799 2780 aliud
841 2723 1175 2791 supplicium
1227 2728 1319 2771 aut
1379 2735 1607 2773 examen
1664 2735 1768 2771 non
1829 2720 2064 2785 timebit,
2125 2737 2226 2776 nec

655 2819 992 2872 tentatioucs
1043 2814 1147 2866 sibi
1197 2820 1629 2878 Superventores
1693 2810 2030 2866 l'ortnidabit.
2087 2813 2225 2866 Tum

657 2924 808 2967 vero.
846 2906 950 2958 hoc
984 2912 1085 2960 est.
1132 2904 1184 2956 in
1224 2904 1462 2954 adventu
1525 2900 1764 2963 Domini,
1830 2902 1898 2953 iis
1934 2903 2027 2970 qui
2076 2919 2225 2957 nunc

657 3001 721 3053 ad
757 3001 938 3051 lumen
973 2996 1182 3056 venire,
1237 3001 1291 3046 et
1324 2993 1390 3046 ab
1428 2992 1544 3060 ipso
1572 2992 1834 3059 judicari,
1893 2997 2225 3064 purgariun

658 3093 870 3152 nolunt,
926 3089 1018 3141 sed
1071 3087 1121 3138 id
1156 3086 1411 3147 oderunt,
1444 3085 1587 3151 quod
1628 3085 1788 3137 modo
1845 3087 2222 3140 absamditum

2334 1897 2713 1971 paenitentiam
2746 1903 2958 1962 portam
2987 1899 3272 1959 angustam
3300 1887 3506 1938 intrare
3543 1881 3611 1943 “,
3643 1879 3903 1949 quodque

2332 1994 2482 2047 intus
2509 2001 2595 2046 est
2625 1991 2808 2042 lumen
2840 1994 3111 2055 spectare.
3146 1981 3348 2041 Etiam,
3383 1991 3538 2044 rogo,
3576 1990 3644 2028 ne
3676 1972 3904 2026 deficia-

2332 2100 2456 2139 mus
2492 2079 2782 2150 pulsando,
2838 2073 3157 2146 quarrendo,
3214 2079 3270 2124 et
3328 2067 3562 2136 petendo
3608 2072 3903 2131 antequam

2332 2174 2711 2234 exaudiamur,
2755 2179 2809 2223 et
2836 2167 3139 2236 aperiatur,
3167 2170 3220 2216 et
3243 2162 3404 2212 detur
3431 2158 3589 2210 nobis
3623 2171 3638 2209 :
3677 2155 3907 2221 insuper

2331 2271 2506 2324 donec
2538 2262 2770 2334 ingressi
2824 2262 3006 2313 lmnen
3040 2256 3400 2323 accipiamus,
3426 2259 3479 2305 et
3519 2249 3650 2303 illtnl
3687 2248 3906 2301 exstin-

2331 2372 2478 2418 ctum
2513 2361 2566 2412 in
2599 2355 2862 2409 cordibus
2901 2351 3108 2404 nostris
3154 2347 3476 2400 habeamus.
3517 2341 3698 2394 Nolite
3739 2339 3908 2418 igitur

2331 2468 2542 2510 errare,
2572 2449 2789 2502 fratres.
2823 2444 2926 2509 Qui
2969 2443 3022 2494 in
3059 2439 3300 2492 tenebris
3333 2436 3486 2494 vivit.
3519 2443 3672 2486 extra
3698 2431 3903 2485 ostium

2333 2554 2437 2601 est.
2488 2541 2589 2608 Qui
2645 2548 2823 2591 autent
2867 2549 2925 2588 se
2979 2534 3285 2600 ingressum
3345 2525 3646 2584 existimat,
3706 2530 3761 2574 et
3815 2533 3911 2584 per

2331 2634 2533 2689 ostium
2566 2631 2850 2696 ingressus
2882 2638 2988 2676 non
3027 2628 3132 2682 est,
3166 2618 3330 2671 etiam
3388 2614 3503 2680 ipse
3552 2622 3705 2664 extra
3765 2606 3910 2660 ovile

2334 2731 2434 2778 est.
2471 2721 2528 2773 Si
2559 2720 2702 2772 enim
2741 2716 2832 2767 lux
2888 2709 3099 2770 tnnndi,
3141 2716 3194 2760 et
3247 2706 3448 2758 ostium
3497 2711 3582 2756 est
3627 2699 3910 2762 Christus,

2331 2813 2554 2868 omnino
2591 2807 2838 2860 lucidum
2871 2805 3073 2856 ostium
3100 2807 3210 2859 est,
3248 2812 3354 2849 non
3411 2795 3615 2847 ostium
3645 2792 3908 2855 simplex.

2331 2907 2398 2958 Et
2424 2905 2515 2971 qui
2548 2901 2598 2953 in
2631 2915 2694 2953 eo
2725 2905 2829 2957 est,
2869 2897 2920 2946 111
2981 2894 3100 2946 luce
3148 2888 3338 2942 mttndi
3375 2898 3481 2942 est.
3540 2884 3655 2938 Lux
3716 2894 3908 2936 autem

2334 2994 2521 3048 mundi
2556 2999 2661 3051 est,
2698 3003 2802 3040 non
2835 2998 2997 3050 quam
3043 2981 3326 3034 oculorum
3369 2992 3564 3032 sensus
3617 2975 3910 3042 percipiat,

2333 3086 2427 3139 sed
2480 3096 2644 3150 quam
2714 3077 2931 3129 animus
3051 3073 3199 3134 deat,
3271 3077 3439 3136 atque
3482 3068 3908 3135 contempletur.

657 3195 742 3238 est
783 3185 964 3234 lumen
1017 3177 1372 3237 revelabitur,
1416 3175 1740 3244 occultaque
1792 3176 1981 3228 horutn
2046 3179 2227 3230 omnia
2261 3176 2304 3235 (ζ
2340 3177 2472 3230 Ν11111
2506 3173 2587 3227 sol
2629 3172 2741 3230 hic,
2771 3183 2931 3237 quem
2983 3179 3180 3219 sensus
3229 3161 3470 3226 attingit,
3525 3156 3912 3235 tantummodo

655 3275 1174 3332 manifestabuntur.
1213 3269 1273 3323 Et
1297 3271 1483 3339 quales
1519 3283 1665 3322 nunc
1705 3283 1895 3322 sumus
1931 3271 2228 3337 unusquis-

655 3386 762 3439 que
793 3377 1061 3426 nostrum,
1092 3379 1192 3417 nos
1221 3363 1368 3429 ipsos
1403 3361 1766 3419 occultantes,
1802 3370 1854 3412 et
1904 3376 2001 3428 per
2049 3362 2226 3430 pomi-

655 3466 881 3521 tentiatp
921 3471 1110 3512 nostra
1156 3452 1509 3506 manifestare
1562 3452 1836 3512 nolentes,
1874 3461 2003 3504 tunc
2033 3466 2062 3503 a
2105 3454 2226 3506 luce

657 3551 954 3611 manifesti,
983 3557 1035 3602 et
1066 3545 1233 3614 aperti
1273 3543 1379 3596 Deo
1411 3553 1462 3596 et
1495 3544 1751 3596 omnibus
1787 3558 2001 3605 sumus,
2037 3551 2091 3596 et
2125 3543 2227 3596 eri-

658 3659 820 3708 mus;
856 3651 914 3695 et
948 3637 1262 3707 magnitudo
1295 3635 1522 3705 pudoris
1553 3648 1616 3688 ac
1644 3633 1931 3688 dedecoris
1978 3634 2090 3689 illic
2127 3649 2225 3704 pro

657 3733 969 3804 speetaculo
997 3731 1122 3785 erit.

729 3825 942 3877 Etenim
969 3822 1112 3876 sicut
1173 3821 1226 3873 in
1279 3818 1443 3872 domo
1487 3818 1685 3886 januas
1739 3817 1889 3870 intus
1944 3817 2227 3872 obseratas

658 3921 918 3982 habente,
971 3919 1016 3970 si
1054 3918 1175 3984 quis
1207 3930 1236 3968 e
1269 3914 1450 3970 nobis.
1483 3912 1638 3980 quasi
1687 3911 1818 3965 foris
1850 3927 1878 3962 a
1910 3912 2124 3965 nemine
2157 3912 2232 3964 vi-

663 4029 758 4066 sus
798 4012 969 4065 etluse
1018 4019 1229 4076 peccet,
1267 4005 1534 4059 adulteria
1568 4005 1795 4066 scilicet,
1825 4015 1920 4056 aut
1953 4005 2229 4057 masculo-

661 4121 784 4158 rum
812 4101 1164 4161 concubitus,
1209 4107 1302 4149 aut
1335 4097 1438 4148 alia
1489 4096 1824 4149 exsecranda
1883 4103 2229 4162 perpetrans,

663 4196 858 4249 deinde
892 4194 1074 4247 subito
1106 4194 1159 4243 in
1193 4191 1307 4256 ipso
1348 4187 1553 4256 ﬂagitio
1605 4187 2064 4255 deprehendatur,
2118 4200 2233 4237 ma-

666 4303 825 4357 gnam
862 4284 1097 4337 incurrit
1135 4281 1457 4346 infamiam;
1495 4287 1588 4332 aut
1614 4279 1695 4344 (ut
1741 4278 1887 4330 aliud
1921 4275 2231 4344 exemplum

665 4379 904 4444 demus).
937 4376 981 4428 si
1013 4377 1135 4444 quis
1163 4373 1426 4426 adversus
1455 4385 1634 4443 regem
1671 4370 1896 4424 insidias
1929 4368 2226 4422 meditetur

2333 3269 2582 3338 corporis
2643 3264 2834 3317 oculos
2888 3259 3160 3312 illuminat
3218 3253 3525 3312 hominum,
3581 3250 3911 3310 bestiarum,

2327 3365 2613 3417 volucrum
2659 3376 2673 3410 :
2708 3367 2760 3407 at
2787 3354 2864 3407 sol
2898 3352 2988 3419 qui
3021 3345 3560 3413 subintelligentiam
3609 3342 3777 3401 cadit,
3811 3340 3912 3407 qui

2329 3452 2536 3509 mundo
2573 3449 2776 3509 11111111,
2811 3445 3024 3497 animas
3075 3441 3342 3493 duntaxat
3372 3437 3588 3487 ratione
3620 3430 3906 3500 praeditas,

2327 3561 2508 3615 neque
2560 3543 2662 3594 has
2721 3540 2863 3591 citra
2934 3534 3228 3586 discrimen
3282 3541 3492 3589 omnes,
3545 3534 3598 3578 et
3658 3524 3914 3592 indignas

2327 3638 2488 3692 etiam
2529 3630 2843 3686 illuminare
2872 3627 3044 3679 novit.
3083 3622 3237 3676 Haud
3275 3623 3418 3674 enim
3454 3618 3746 3678 inanimus,
3779 3633 3907 3686 seu,

2331 3735 2393 3783 ttt
2423 3725 2618 3779 melius
2652 3722 2852 3783 dicam,
2886 3733 2994 3771 non
3048 3715 3247 3768 animal
3283 3722 3386 3772 est,
3423 3724 3523 3764 nec
3559 3724 3776 3772 servus,
3812 3721 3915 3762 aut

2332 3830 2587 3875 creatura
2634 3815 2699 3868 ad
2748 3813 2870 3865 aliis
2905 3805 3330 3862 ministrandum
3381 3804 3704 3863 constituta,
3765 3802 3916 3853 sicut

2337 3925 2534 3977 nempe
2569 3909 2670 3961 iste
2707 3904 2784 3956 sol
2815 3917 2977 3970 quem
3015 3899 3324 3959 cernimus,
3366 3896 3569 3962 quique
3597 3894 3785 3946 oritur
3808 3907 3915 3945 su-

2329 4019 2426 4073 per
2450 4001 2629 4068 justos
2652 4003 2706 4049 et
2732 3994 2992 4062 injustos,
3025 3988 3226 4058 probos
3259 3987 3422 4038 simul
3448 3994 3500 4038 et
3531 3983 3812 4050 improbos
3836 3980 3916 4035 “.

2334 4094 2438 4148 Sed
2471 4102 2783 4159 quanquam
2818 4086 2933 4146 lux,
2985 4091 3038 4134 et
3077 4079 3157 4133 sol
3213 4077 3792 4159 nominaturntamen
3856 4080 3918 4126 et

2335 4198 2504 4253 supra
2537 4183 2738 4242 lucem,
2769 4187 2822 4231 et
2868 4189 3032 4242 supra
3076 4175 3272 4234 solem,
3296 4178 3351 4224 et
3385 4179 3440 4221 ut
3471 4147 3610 4220 locis
3657 4181 3724 4218 ac
3774 4165 3918 4218 solis

2333 4278 2589 4333 conditor
2621 4286 2684 4325 ac
2722 4267 2988 4320 Dominus
3032 4273 3135 4323 est,
3181 4262 3315 4320 vita,
3367 4258 3640 4317 vivificns,
3676 4257 3914 4315 veritas.

2329 4368 2567 4442 justitia,
2608 4373 2662 4419 et
2689 4358 3054 4415 sanctiﬁcatio
3086 4356 3152 4416 ⁸⁸,
3188 4352 3441 4420 simplex,
3475 4351 3541 4402 ab
3575 4347 3725 4401 omni
3753 4363 3916 4400 com-

663 4487 862 4538 easque
894 4469 965 4521 illi
1005 4471 1203 4533 set-ipto
1231 4474 1481 4530 expenat,
1511 4471 1604 4516 aut
1629 4465 1674 4516 si
1717 4463 1902 4525 dicat,
1958 4468 2232 4515 statuatur
2264 4501 2306 4554 Β
2333 4439 2619 4532 positione
2650 4456 2808 4517 liber,
2845 4461 2899 4506 et
2929 4463 3092 4502 omne
3146 4447 3374 4506 bonum,
3421 4449 3474 4494 et
3508 4443 3704 4494 melior
3755 4439 3917 4492 omni

664 4563 819 4615 nefas
855 4558 1094 4627 aliquod,
1131 4556 1354 4608 omnino
1391 4557 1533 4608 intra
1589 4553 1755 4618 sedes,
1789 4562 1844 4605 ut
1876 4553 2082 4606 dictum
2123 4561 2226 4617 est,

664 4654 909 4712 latitans,
954 4663 1075 4717 p05t
1108 4664 1198 4701 rex
1235 4662 1358 4700 cmn
1399 4655 1512 4698 toto
1547 4657 1740 4699 senatu
1776 4659 1897 4708 suo,
1932 4655 2228 4698 consueto«

663 4760 768 4812 que
805 4742 976 4797 satelli
1009 4743 1059 4793 io
1112 4741 1401 4800 adveniat,
1437 4749 1489 4790 et
1523 4739 1743 4791 domum
1780 4738 1984 4805 cingat,
2018 4738 2229 4789 statim-

664 4853 769 4905 que
804 4851 863 4888 ea
894 4842 1006 4886 tota
1055 4847 1245 4884 eversa
1285 4832 1418 4898 ipse,
1475 4839 1531 4882 et
1582 4829 1763 4881 omnia
1817 4831 1937 4898 ejus
1994 4828 2226 4882 consilia

667 4936 986 4994 appareant,
1029 4938 1242 4990 pennam
1275 4935 1520 4987 magnam
1558 4920 2073 4987 damnationemque
2108 4933 2231 4971 sus-

667 5023 842 5081 tinet;
893 5018 955 5069 ad
999 5017 1244 5069 eumdem
1285 5014 1504 5065 modum
1553 5023 1682 5064 tunc
1721 5011 1975 5063 omnibus
2022 5011 2112 5079 qui
2171 5011 2225 5063 in

669 5113 871 5164 mundo
914 5119 1037 5161 sunt
1075 5109 1182 5159 flct.
1227 5104 1291 5157 Et
1327 5121 1428 5156 non:
1458 5106 1663 5171 quidem
1690 5105 1838 5156 δέδηε·
1864 5104 1972 5155 dies
2024 5103 2225 5153 illumi-

669 5204 884 5256 nabitur
915 5205 978 5266 ³³,
1020 5204 1216 5254 domus
1270 5208 1450 5251 autem
1491 5199 1693 5259 omnis,
1746 5206 1799 5249 ct
1847 5196 2124 5260 spelunca,
2172 5201 2226 5245 et

670 5298 869 5347 00110111
923 5296 1096 5361 ipsum
1141 5309 1201 5343 ac
1257 5301 1397 5342 terra
1442 5291 1718 5351 tollentur,
1767 5302 2065 5353 omnesque
2130 5285 2222 5352 qui

669 5387 946 5436 Christum
985 5401 1087 5435 non
1128 5383 1441 5444 induerunt,
1471 5398 1560 5434 seu
1593 5381 1686 5448 qui
1723 5381 1897 5431 lumen
1930 5396 2032 5430 non
2070 5392 2225 5430 acce—

669 5485 885 5547 perunt,
923 5489 978 5529 nt
1011 5492 1174 5541 supra
1206 5475 1563 5536 timebamus,
1594 5484 1645 5523 et
1678 5473 1729 5524 in
1767 5474 1884 5538 ipso
1917 5471 2067 5538 prius
2115 5486 2221 5522 non

675 5571 912 5629 fuerunt,
944 5577 996 5620 et
1038 5570 1215 5621 lumen
1266 5583 1372 5618 non
1409 5565 1650 5628 fuerunt,
1681 5564 1809 5617 nudi
1865 5562 2220 5630 apparebunt,

743 5775 784 5801 "
823 5774 1149 5838 .110.1ν,17.
1229 5776 1268 5806 ³⁸
1300 5771 1453 5827 Joau.
1501 5789 1578 5836 111,
1623 5770 1713 5823 2|.

675 5854 709 5897 t.
764 5843 847 5895 ἧι).

1791 5769 1834 5800 ⁸⁵⁵
1867 5767 2009 5820 Psai.
2051 5781 2284 5827 θυμω,
2325 5762 2404 5813 l2.

2337 4557 2500 4610 bono.
2541 4548 2610 4603 Ut
2642 4548 2808 4616 igitur
2856 4543 3058 4596 veritas
3106 4546 3191 4591 est
3236 4551 3299 4587 ac
3335 4535 3552 4594 dicitur,
3605 4547 3728 4584 vere
3776 4546 3921 4584 cono

2333 4615 2683 4697 vertentibus
2744 4651 2803 4690 sc
2854 4634 3062 4688 veritas
3109 4629 3360 4682 efficitur.
3419 4623 3487 4677 Ut
3543 4624 3759 4692 jnstitia
3795 4615 3926 4683 est,

2335 4750 2552 4791 onmem
2590 4729 2920 4797 injustitiam
2955 4723 3172 4777 exorsis
3199 4718 3413 4787 justitia
3441 4725 3549 4769 est.
3587 4712 3660 4767 Ut
3696 4714 3914 4766 sancti-

2334 4825 2537 4886 ficatio,
2564 4821 2728 4876 elutis
2753 4832 2816 4869 ac
2844 4831 2940 4884 per
2974 4816 3242 4882 lacrymas
3265 4809 3524 4876 purgatis.
3558 4804 3623 4860 Ut
3646 4805 3911 4873 simplex,

2337 4917 2443 4969 illis
2471 4913 2565 4980 qui
2602 4909 2806 4964 nullam
2841 4904 3272 4972 perversitatem,
3310 4908 3401 4950 aut
3427 4896 3726 4963 nequitiam
3752 4897 3913 4947 intus

2335 5012 2554 5078 gestant
2582 5003 2634 5054 in
2667 4997 3003 5068 praecordiis.
3050 4992 3116 5046 Ut
3146 5006 3253 5044 non
3286 4987 3647 5056 compositus,
3697 4986 3911 5039 nullam

2337 5075 2736 5165 duplicitatem,
2785 5097 2878 5141 aut
2909 5084 3342 5151 ambiguitatem,
3401 5086 3493 5131 aut
3549 5075 3915 5130 incredulita-

2335 5200 2441 5244 tem
2491 5184 2654 5240 animi
2692 5177 3036 5233 habentibus.
3086 5172 3152 5226 Ut
3191 5173 3387 5230 bonus,
3419 5169 3485 5223 iis
3513 5169 3605 5237 qui
3639 5165 3914 5236 spiritua—

2337 5282 2477 5334 libus
2509 5270 2848 5346 poenitentiae
2893 5267 3174 5334 operibus,
3207 5263 3271 5314 ad
3312 5275 3533 5327 corpus,
3588 5267 3680 5311 aut
3727 5259 3907 5311 vitam

2338 5376 2494 5425 istam
2541 5368 2874 5436 pertinentes
2921 5372 3084 5411 curus
3117 5371 3178 5407 ac
3217 5351 3619 5406 sollicitudines
3667 5365 3772 5402 non
3808 5349 3907 5401 in-

2340 5463 2566 5519 ducunt,
2627 5455 2826 5523 quibus
2879 5466 2940 5502 ea
2995 5449 3260 5501 misceant
3309 5456 3470 5515 atque
3530 5441 3902 5502 confundant;

2336 5552 2428 5611 sed
2453 5551 2596 5605 nuda
2631 5548 2929 5605 voluntate,
2963 5554 3014 5595 et
3046 5538 3406 5607 applicatione
3435 5536 3601 5589 animi
3636 5535 3692 5588 111
3722 5531 3904 5586 malo-

2487 5757 2527 5788 ‘°
2560 5749 2746 5807 Matth.
2782 5765 2873 5811 111,
2912 5747 2998 5798 13.
3085 5743 3125 5774 ⁶¹
3161 5739 3350 5796 Matth.
3381 5752 3433 5799 ν,
3468 5735 3555 5789 45.
3637 5733 3681 5764 ³³
3718 5729 3900 5785 lCor.
