4128 6338
274 378 375 445 ‘00

1632 386 1914 445 ORATIO
1944 383 2069 449 XX.

3404 386 3507 452 illi

267 509 386 554 rura
414 499 672 568 patientia
702 499 771 553 ad
800 516 923 554 eum
962 501 1351 557 accedentibus
1376 520 1399 574 ,ς
1438 517 1679 572 quorum
1714 503 1832 557 sin-
1866 503 1912 560 Δ
1943 508 2145 559 minem
2187 519 2295 560 non
2329 505 2562 570 venerit,
2594 518 2697 561 nec
2738 506 2791 560 in
2836 519 2903 560 eo
2955 504 3202 559 habitare
3252 507 3503 571 cognitus

266 591 544 645 ceritatem
574 592 905 659 approbans,
928 594 1075 647 omni
1101 594 1241 648 bono
1270 594 1417 648 brevi
1445 609 1542 648 eos
1564 595 1832 659 cumulat,

266 691 321 734 et
355 680 623 733 bonorum
659 682 1019 747 intellectum,
1060 687 1559 755 cogitationemque
1607 688 1836 740 vincen-

269 774 437 834 tibus,
497 775 626 826 dum
686 775 795 828 illis
855 778 1170 840 revelatur,
1234 792 1591 848 apparetque,
1646 780 1830 834 statim

266 865 568 931 participes
611 865 809 917 reddit.
855 866 910 917 Si
944 868 1086 920 enim
1124 869 1286 934 bona,
1330 886 1447 934 qua:
1487 872 1668 923 oculus
1731 888 1833 925 non

266 954 414 1017 vidit,
446 971 537 1006 nec
564 957 706 1007 auris
745 959 967 1021 audivi},
1002 975 1092 1012 nec
1120 963 1174 1013 in
1212 978 1304 1015 cor
1331 963 1558 1015 hominis
1584 965 1835 1017 ascende-

265 1058 409 1103 runt.
432 1064 547 1113 (μίαν
570 1054 884 1114 ρναοραναυίι
916 1052 1052 1106 Deus
1080 1054 1416 1122 diligentibus
1443 1059 1497 1108 δὲ
1521 1056 1585 1121 ⁸⁸,
1611 1054 1833 1108 huinani

264 1137 470 1201 ingenii
509 1149 725 1211 captum
758 1144 1049 1206 excedunt,
1084 1156 1135 1199 et
1159 1147 1341 1198 omnia
1377 1164 1498 1215 qua:
1529 1158 1833 1202 eernuntur

264 1228 407 1282 bona
448 1242 799 1295 exsuperant,
836 1244 1045 1300 quanto
1087 1241 1258 1305 magis
1294 1240 1409 1306 ipse
1439 1240 1532 1307 qui
1561 1238 1675 1291 haec
1699 1254 1842 1305 pra:-

260 1323 479 1388 paravit
545 1322 687 1374 licus
749 1340 765 1375 :
822 1340 923 1377 nec
964 1326 1138 1379 solum
1195 1328 1331 1395 ipse,
1382 1330 1475 1383 sed
1536 1331 1698 1383 etiam
1740 1331 1835 1397 qui

260 1425 384 1462 eum
418 1411 622 1474 videre,
658 1413 705 1464 ei
744 1414 1024 1477 assistere,
1057 1426 1109 1470 et
1150 1433 1270 1470 cum
1300 1434 1364 1470 eo
1389 1421 1589 1471 versari
1621 1433 1836 1471 uterne-

261 1508 413 1559 runt,
446 1513 497 1554 et
527 1503 647 1568 eius
697 1503 1025 1568 divinitatis,
1084 1507 1381 1575 gloriaeque
1429 1521 1734 1572 consortes,
1774 1523 1836 1561 ac

256 1595 555 1664 participes
605 1596 804 1659 eﬂecti,
840 1601 1150 1666 superiores
1177 1604 1401 1653 omnino
1432 1600 1610 1663 bonis,
1644 1602 1773 1669 ipsis
1805 1616 1837 1655 a

258 1689 376 1741 Deo
412 1690 636 1754 paratis,
667 1700 854 1758 utpote
886 1690 1172 1745 Dominum
1216 1694 1415 1760 ipstttn,
1450 1695 1539 1763 qui
1572 1694 1714 1748 bona
1745 1696 1834 1747 illa

255 1783 584 1847 pneparavit
615 1796 716 1850 pro
752 1784 1069 1838 haereditate
1104 1786 1449 1851 possidentes
1492 1786 1833 1840 evaserunt?

255 1867 624 1925 Tales'autem
659 1890 752 1929 eos
782 1877 1044 1939 evasisse,
1080 1886 1133 1929 et
1174 1892 1347 1955 usque
1400 1894 1543 1930 nunc
1579 1880 1828 1944 evadere,

254 1978 366 2017 non
388 1964 511 2015 dico
543 1973 665 2031 pust
684 1976 910 2020 mortem
942 1968 1142 2029 solum,
1167 1968 1259 2021 sed
1287 1969 1466 2022 adhuc
1486 1971 1828 2038 superstites,

250 2060 375 2105 tota
412 2053 674 2108 divinitus
737 2057 1003 2123 inspirata
1058 2056 1336 2124 Scriptura
1382 2060 1557 2121 docet,
1613 2052 1831 2111 omnes-

251 2158 362 2212 que
399 2160 493 2209 per
524 2148 684 2197 vitam
718 2158 770 2198 et
805 2163 981 2201 mores
1002 2164 1132 2202 suos
1159 2154 1500 2203 sanctitatem
1524 2152 1829 2215 consecuti,

254 2236 629 2289 testimonium
665 2230 866 2289 ferunt.
897 2238 1067 2290 Porro
1107 2249 1422 2292 sanctorum
1460 2241 1579 2293 laus
1620 2243 1825 2305 omnis,

248 2334 307 2378 ct
341 2326 620 2378 beatitudo
650 2327 732 2380 his
762 2328 977 2381 duobus
1018 2337 1254 2388 constat,
1286 2331 1587 2391 orthodoxa
1620 2332 1747 2393 lide,
1772 2341 1826 2384 et

252 2417 516 2469 laudabili
553 2417 677 2468 vita.
703 2416 830 2469 Item
857 2418 999 2469 dono
1036 2420 1210 2469 sancti
1237 2418 1496 2484 Spiritus,
1526 2427 1579 2472 et
1611 2419 1828 2472 charis-

253 2515 463 2559 matum
490 2507 629 2572 ejus,
652 2508 880 2581 duobth
913 2510 1054 2561 enim
1090 2509 1174 2563 his
1203 2510 1304 2562 hoc
1348 2513 1565 2563 tertium
1602 2512 1828 2581 copula.

249 2605 363 2649 tur.
399 2596 529 2649 Nam
565 2614 684 2649 rum
718 2598 838 2667 quis
876 2600 1038 2651 vitam
1072 2601 1229 2663 bene,
1264 2611 1316 2654 et
1359 2618 1479 2656 cum
1514 2618 1699 2656 amore
1726 2602 1824 2656 Dei

246 2691 514 2750 traduxit,
549 2705 669 2743 cum
706 2707 871 2743 sensu
901 2693 1225 2753 orthodoxa,
1268 2704 1323 2747 et
1354 2697 1526 2764 gratia
1561 2696 1819 2759 donatus,

248 2790 415 2846 atque
444 2797 469 2831 a
507 2781 611 2833 Deo
650 2798 745 2848 per
770 2784 944 2835 sancti
985 2782 1219 2851 Spiritus
1251 2787 1451 2838 donum
1485 2786 1821 2854 gloriﬁcatus

244 2880 356 2931 est,
385 2874 682 2924 comitatur
717 2875 867 2926 illum
897 2876 1033 2936 laus,
1069 2885 1124 2927 et
1158 2879 1225 2928 ab
1254 2879 1403 2929 omni
1443 2877 1679 2930 fidelium
1719 2876 1821 2930 Ec-

245 2964 439 3021 clesia,
485 2966 551 3015 ah
591 2966 953 3033 omnibusque
995 2969 1271 3034 magistris
1305 2970 1421 3035 ejus
1454 2970 1643 3021 beatus
1680 2986 1819 3037 prte-

244 3055 481 3107 diratnr.
513 3049 642 3106 Fide
674 3065 875 3118 autem,
907 3067 956 3109 et
989 3060 1245 3124 operibus
1279 3059 1513 3124 perfecte
1543 3076 1647 3112 non
1686 3077 1817 3127 sup.

1943 595 2129 661 fuerit,
2163 599 2397 653 alienum
2433 606 2516 655 est
2544 599 2791 668 quemvis
2826 598 3162 667 spit-itualem
3221 598 3501 663 appellari.

1937 689 2037 754 Qui
2073 698 2252 743 autem
2289 690 2589 757 spiritualis
2620 690 2862 743 nondum
2896 699 3001 753 est,
3035 688 3312 757 quomodo
3375 701 3503 742 san-

1938 794 2058 838 ctus
2104 782 2250 837 erit?
2294 776 2385 851 qui
2434 794 2657 837 sanctus
2714 781 2955 833 nondum
3021 788 3105 834 est
3150 780 3348 844 iactus,
3404 792 3502 846 per

1938 890 2185 944 quaenam
2230 875 2333 927 alia
2385 890 2570 943 opera,
2628 875 2987 940 actionesque
3034 872 3225 924 beatus
3257 870 3502 924 evadet?

1938 968 2224 1021 Bcatitudo
2254 967 2395 1019 Deus
2414 976 2517 1029 est,
2550 967 2707 1032 cujus
2730 966 2819 1033 qui
2848 980 2954 1017 non
2981 970 3071 1017 est
3087 963 3379 1030 particeps,
3413 962 3497 1015 vel

1941 1060 2121 1127 potius
2154 1073 2313 1125 quem
2348 1056 2437 1122 qui
2478 1065 2648 1109 totum
2680 1056 2729 1108 in
2768 1069 2828 1110 se
2857 1071 2962 1107 non
3002 1054 3188 1111 habet,
3220 1067 3329 1119 quo
3380 1061 3499 1103 tan-

1937 1150 2056 1201 dem
2086 1149 2247 1200 modo
2272 1147 2509 1200 beatus?
2545 1148 2713 1209 nullo,
2746 1158 2801 1197 ut
2833 1146 2963 1196 mihi
3012 1145 3227 1212 quidem
3263 1142 3498 1196 videtur.

1944 1240 2038 1293 Sol
2068 1241 2185 1293 sine
2216 1240 2353 1301 luce,
2407 1255 2535 1291 num
2569 1240 2781 1297 dicetur
2814 1238 2937 1291 sol?
2969 1248 3019 1289 et
3058 1238 3220 1289 ho:uo
3255 1234 3495 1301 Spiritus

1941 1332 2117 1385 sancti
2152 1348 2367 1398 expers,
2416 1347 2542 1383 num
2584 1340 2808 1384 sanctus
2855 1328 3105 1382 dicatur?
3149 1328 3324 1379 Estote
3372 1342 3501 1378 sart-

1940 1426 2033 1484 cti,
2065 1424 2139 1476 ait
2171 1424 2453 1488 Dominus,
2474 1424 2718 1489 quoniam
2750 1439 2840 1491 ego
2870 1433 3080 1474 sanctus
3112 1437 3225 1471 sum
3268 1421 3333 1473 ".
3358 1406 3499 1482 'Quio

1941 1518 2042 1571 bus
2098 1516 2280 1571 verbis
2320 1530 2439 1569 nos.
2466 1516 2743 1584 explorate
2781 1516 3028 1577 cognitos
3078 1519 3391 1578 peccatores
3432 1512 3497 1563 ad

1939 1610 2301 1665 imitationem
2335 1623 2429 1677 per
2455 1623 2623 1676 opera
2654 1606 2971 1663 misericors
3016 1606 3102 1659 ille
3129 1607 3455 1657 cohortatur
3482 1618 3501 1667 ι

1938 1712 2005 1752 ac
2058 1699 2105 1751 si
2152 1698 2401 1750 diceret:
2439 1696 2690 1749 Desistite
2733 1710 2762 1747 a
2795 1696 2959 1750 rebus
3017 1694 3300 1761 improbis.
3329 1701 3383 1745 et
3431 1692 3499 1743 ad

1940 1802 2153 1842 omnem
2180 1788 2497 1856 probitatem
2533 1787 2852 1847 incumbite,
2893 1800 3053 1839 omne
3079 1800 3249 1852 genus
3280 1783 3503 1837 virtutis-

1936 1891 2035 1946 pro
2053 1878 2267 1929 viribus
2287 1877 2489 1931 vestris
2520 1876 2937 1938 consectemini,
2966 1882 3019 1927 et
3048 1884 3310 1941 quantum
3345 1884 3499 1940 pote-

1935 1970 2060 2032 stis,
2092 1970 2265 2021 sancti
2290 1968 2525 2032 evadite,
2558 1967 2604 2020 si
2634 1966 2794 2020 modo
2814 1966 3253 2020 communionem
3284 1977 3499 2015 mecum

1931 2059 2136 2114 habere
2167 2059 2521 2113 desideratis.
2567 2057 2681 2128 Ego
2734 2058 2879 2112 enim
2936 2068 3156 2112 sanctus
3210 2070 3354 2115 sum,
3392 2055 3501 2109 hoc

1931 2160 2035 2215 est,
2077 2163 2267 2220 purus,
2298 2151 2789 2208 incontaminatus.
2819 2149 2981 2217 idque
3012 2160 3224 2203 natura.
3261 2139 3369 2201 vos
3397 2162 3496 2200 au-

1929 2252 2036 2295 tem
2069 2243 2122 2295 in
2156 2242 2426 2295 mandatis
2452 2242 2587 2295 meis
2607 2241 2971 2304 exsequendis
3002 2240 3069 2292 ab
3111 2240 3493 2307 inquinamen-

1929 2334 1999 2387 tis
2031 2341 2377 2399 peceatorutn
2412 2331 2771 2393 abstinentes,
2808 2330 3021 2398 meique
3052 2330 3341 2397 participes
3372 2340 3495 2396 gra-

1930 2426 2002 2475 tia
2035 2422 2274 2487 Spiritus
2321 2422 2424 2474 mei
2467 2421 2616 2483 facti,
2660 2421 2837 2474 sancti
2882 2437 3102 2488 quoque
3146 2420 3348 2473 eritis.-
3380 2416 3497 2471 Hoc

1925 2513 2069 2565 enim
2104 2512 2203 2565 sibi
2232 2516 2366 2573 vult,
2404 2512 2606 2566 Estote.
2634 2510 2775 2581 Ergo
2802 2513 2949 2565 mata
2981 2510 3236 2579 fugiendo
3256 2518 3311 2564 et
3344 2509 3484 2564 bona

1928 2602 2207 2668 operando
2241 2604 2298 2655 tit
2324 2613 2549 2656 sanctus
2592 2604 2752 2657 homo
2795 2619 2808 2655 :
2844 2619 2949 2655 non
2984 2603 3141 2672 quasi
3173 2601 3394 2654 omnino
3426 2613 3493 2654 ea

1926 2696 2185 2763 operibus
2209 2694 2580 2748 sanctiﬂcetur
2616 2697 2631 2760 (
2660 2692 2782 2746 Non
2814 2696 2951 2747 enim
3002 2692 3389 2761 justiﬁcabitar
3426 2705 3493 2745 η

1926 2789 2166 2856 operibus
2203 2788 2330 2857 legis
2382 2791 2555 2842 omnis
2598 2790 2781 2841 anima
2813 2789 2920 2856 "),
2959 2790 3053 2841 sed
3112 2787 3242 2853 quia
3298 2792 3498 2839 sancta

1924 2879 2033 2931 Deo
2069 2894 2164 2946 per
2194 2877 2500 2946 huiusmodi
2542 2880 2819 2932 actionum
2883 2872 3382 2946 Ircquentdtionent
3431 2891 3497 2932 se

1922 2970 2188 3037 atljungit,
2219 2985 2454 3036 eumque
2483 2969 2903 3023 stb'rconeiliat.
2942 2969 3052 3023 Hoc
3104 2984 3268 3035 porro
3318 2969 3483 3021 etiam

1926 3060 1992 3111 ad
2028 3074 2144 3120 eos,
2192 3059 2282 3125 qui
2312 3058 2425 3125 jam
2461 3057 2699 3125 Spiritus
2747 3059 2973 3125 gratiam
3028 3065 3382 3124 acceperunt,
3436 3064 3493 3109 et

243 3145 459 3211 po~itis.
498 3146 834 3197 adorandum
866 3160 927 3197 ac
960 3146 1201 3197 divinum
1238 3150 1499 3215 scriptum
1531 3147 1812 3211 advenire,
1842 3170 1884 3229 ρ
1922 3150 2092 3218 magis
2124 3150 2341 3216 quidem
2376 3149 2662 3202 Dominum
2708 3150 2892 3203 dicere
2924 3150 3138 3216 Opinor.
3172 3150 3271 3213 Qui
3298 3146 3483 3215 praeci-

242 3245 302 3288 et
363 3235 565 3287 donum
635 3236 753 3299 eius
809 3237 1057 3299 aeripere
1134 3253 1457 3304 qut-utquam
1533 3238 1817 3291 hominum

246 3328 587 3394 impossibile
620 3335 701 3378 est
730 3345 742 3388 ;
789 3328 932 3378 sicut
980 3329 1140 3378 etiam
1172 3339 1398 3380 sanctus
1432 3328 1670 3381 Jac-obus
1696 3330 1771 3382 ait
1802 3348 1817 3382 :

245 3419 389 3484 Quit
422 3418 675 3484 proderit,
714 3418 908 3483 fratres
952 3423 1072 3479 mei.
1109 3422 1155 3473 si
1183 3422 1298 3489 quis
1350 3421 1497 3474 dicat
1550 3425 1707 3491 ﬁdem
1765 3439 1820 3477 se

243 3510 458 3569 habere,
494 3526 651 3567 onera
692 3520 872 3567 autem
907 3512 1031 3576 fidei
1088 3528 1187 3565 non
1242 3513 1473 3566 habeat?
1526 3532 1647 3567 num
1691 3515 1818 3582 ﬁdes

242 3617 364 3652 eum
408 3602 614 3653 salvare
633 3612 803 3662 potest
829 3604 853 3655 2
886 3601 1161 3665 Quomodo
1186 3604 1323 3654 enim
1355 3620 1542 3667 corpus
1577 3608 1685 3657 sine
1709 3597 1815 3671 spi—

244 3694 359 3744 ritu
414 3705 682 3743 mortuum
718 3701 817 3753 est,
870 3694 945 3744 sic
1003 3694 1131 3760 ﬁdes
1188 3695 1300 3747 sine
1331 3697 1571 3763 operibus
1613 3708 1821 3749 mortua

242 3794 322 3833 est
354 3781 416 3829 “.
459 3780 510 3831 Et
560 3781 753 3832 iterum
782 3799 795 3834 :
831 3780 891 3835 Si
918 3782 1086 3847 frater
1113 3796 1203 3834 aut
1253 3801 1405 3837 sat-or
1450 3788 1581 3838 muti
1612 3789 1737 3847 sint,
1771 3797 1820 3839 et

241 3873 561 3942 quotidiana
590 3876 725 3924 victu
765 3883 966 3940 egeant,
1001 3874 1139 3925 dicat
1172 3885 1346 3927 autem
1376 3878 1565 3945 aliquis
1596 3892 1818 3931 vestrum

245 3971 380 4025 illis.
411 3967 490 4020 Ite
520 3970 569 4018 in
608 3984 753 4033 pace.
807 3968 1186 4033 cale/acimini,
1242 3980 1291 4023 et
1340 3974 1678 4036 saturantint‘,
1717 3990 1817 4027 non

244 4061 450 4112 dederit
493 4071 665 4110 autem
698 4060 770 4109 eis
800 4075 915 4125 qua!
950 4060 1247 4112 necessaria
1276 4072 1398 4113 sunt
1427 4066 1654 4127 corpori,
1688 4067 1815 4131 quid

241 4150 478 4218 proderit
512 4148 535 4199 Ρ
576 4150 650 4199 sic
679 4160 725 4199 et
759 4149 910 4209 ﬁdes,
940 4150 1044 4201 nisi
1076 4165 1231 4216 opera
1261 4151 1468 4214 habent,
1507 4168 1713 4203 mortua
1739 4163 1816 4205 est

241 4246 301 4297 in
322 4244 599 4306 sentietipsa
628 4242 694 4294 “.
729 4239 852 4293 Hzec
881 4250 934 4293 et
964 4240 1203 4295 Joannes
1231 4245 1510 4310 apostolus
1555 4263 1568 4297 :
1610 4241 1812 4309 Filioli,

242 4354 349 4390 non
384 4337 670 4402 diligamus
700 4335 872 4397 verbo,
903 4352 1065 4401 neque
1096 4337 1301 4403 lingua,
1347 4340 1434 4389 sed
1464 4353 1615 4401 opere
1650 4347 1697 4389 et
1730 4354 1813 4389 tte-

240 4429 406 4479 ritate
439 4424 503 4475 “.
540 4426 600 4475 I-It
643 4439 655 4475 :
699 4423 763 4474 In
791 4426 885 4475 ltoc
905 4424 1289 4489 cognoscimus,
1312 4425 1561 4491 quoniam
1588 4438 1652 4474 ex
1678 4425 1811 4475 veri-

1922 3257 2051 3311 pcre
2083 3240 2315 3305 videtur,
2346 3256 2451 3292 non
2484 3240 2756 3293 Iidendum
2788 3240 2955 3301 dono,
2988 3250 3039 3292 et
3065 3256 3163 3308 per
3215 3239 3483 3311 desidiam

1922 3332 1986 3386 ad
2020 3333 2150 3385 vitia
2198 3340 2251 3385 et
2283 3340 2509 3400 pecvata
2574 3331 2934 3393 redeundum,
2980 3339 3033 3384 et
3090 3314 3497 3397 quodammodo

1922 3424 2005 3476 his
2032 3424 2105 3474 uti
2138 3422 2339 3475 verbis.
2375 3421 2520 3475 IIcus
2554 3430 2610 3473 tu
2641 3420 2965 3489 spiritualis,
2993 3436 3059 3473 ne
3080 3429 3129 3474 te
3160 3421 3271 3473 otio
3298 3419 3491 3484 dedas,

1920 3515 2013 3584 qui
2079 3520 2313 3582 gratiam
2370 3513 2549 3566 sancti
2585 3514 2846 3579 Spiritus,
2874 3523 2926 3565 et
2967 3529 3064 3580 per
3093 3514 3236 3565 illam
3271 3528 3355 3565 me
3386 3526 3479 3564 ac-

1921 3606 2140 3674 cepisti.
2200 3605 2384 3656 Otium
2420 3604 2565 3655 enitn
2602 3614 2827 3671 generat
2874 3605 3196 3672 nequitiam,
3246 3603 3489 3670 nequitia

1925 3711 2086 3748 omne
2138 3711 2309 3761 genus
2363 3696 2617 3747 vitiorum
2666 3702 2938 3762 procreat.
2996 3694 3267 3749 Mandalis
3324 3695 3487 3763 igitur

1922 3784 2168 3850 quotidie
2207 3785 2502 3838 servandis
2551 3794 2777 3837 sanctus
2820 3792 2961 3847 esto,
3005 3784 3277 3851 siquidem
3312 3800 3396 3838 me
3429 3785 3490 3839 in

1923 3887 1996 3939 te,
2032 3887 2086 3930 et
2123 3888 2326 3940 tecum,
2367 3887 2422 3931 et
2454 3890 2503 3929 te
2534 3878 2585 3929 in
2626 3892 2732 3937 me,
2770 3886 2821 3928 et
2858 3892 3069 3929 mecum
3101 3891 3221 3929 esse
3256 3877 3358 3930 vis.
3391 3875 3485 3929 Ni-

1920 3969 1991 4020 hil
2022 3968 2163 4021 enim
2201 3968 2336 4020 adeo
2378 3984 2439 4020 ex
2473 3968 2728 4021 omnibus
2781 3967 3105 4020 inconstans
3148 3979 3199 4021 et
3226 3968 3492 4022 mutabile

1919 4067 2023 4123 est,
2059 4069 2115 4111 ut
2149 4072 2303 4111 mens
2359 4058 2623 4123 humana,
2684 4066 2798 4109 tum
2867 4058 3100 4127 denique
3150 4059 3485 4123 consistens,

1918 4167 2040 4205 cum
2076 4150 2234 4205 ﬂuxis
2274 4158 2328 4205 ct
2372 4151 2590 4212 Creatis,
2646 4159 2699 4202 et
2735 4166 2855 4217 qute
2895 4159 3193 4203 cernuntur
3231 4151 3483 4204 omnibus

1920 4243 2162 4312 rejectis,
2195 4242 2452 4296 tenebras
2496 4242 2697 4311 quibus
2737 4241 3199 4295 circumfunditur
3230 4252 3483 4310 pertran-

1917 4337 2096 4391 sieril.

1988 4428 2255 4493 Quoniam
2284 4442 2413 4480 vero
2440 4427 2552 4479 haec
2580 4427 2650 4478 ita
2680 4441 2737 4480 se
2761 4425 2988 4485 habent,
3013 4435 3066 4479 et
3096 4441 3248 4479 mens
3277 4440 3363 4479 res
3396 4435 3483 4481 est

243 4527 355 4569 tate
389 4533 589 4577 sumus,
623 4526 671 4567 et
698 4516 749 4566 in
780 4525 1055 4578 conspectu
1094 4516 1207 4578 eius
1261 4516 1601 4567 suadebimus
1645 4515 1806 4567 corda
1842 4502 1887 4557 Ῐ)
1919 4536 2135 4587 semper
2170 4518 2410 4579 mobilis,
2451 4532 2729 4585 nunquam
2783 4502 2934 4585 potis
2961 4519 3320 4585 requiescere,
3357 4531 3477 4569 eam

241 4618 451 4664 ucstra,
488 4609 733 4674 quoniam
775 4607 821 4658 si
856 4606 1240 4667 reprehenderit
1273 4623 1363 4658 nos
1412 4623 1500 4658 Cor
1549 4616 1808 4670 nostrum,

238 4700 416 4759 maior
439 4706 513 4749 est
546 4696 678 4749 Deus
713 4696 867 4750 corde
895 4708 1094 4759 nostro,
1122 4708 1169 4749 et
1204 4699 1344 4750 novit
1372 4699 1568 4749 omnia.
1593 4698 1649 4751 Si
1679 4700 1813 4751 enim

238 4806 336 4843 cor
376 4799 612 4839 nostrum
644 4805 744 4840 non
796 4790 1182 4847 reprehenderit
1218 4807 1331 4845 nos.
1372 4792 1620 4857 ﬁduciam
1654 4791 1813 4843 habe-

239 4897 360 4934 mus
410 4881 475 4931 ad
511 4881 691 4944 Deum,
727 4891 776 4933 et
816 4883 1067 4948 quidquid
1108 4884 1430 4945 petierimus,
1474 4886 1809 4951 accipiemus,

236 4972 491 5042 quoniam
527 4975 781 5021 mandata
808 4972 920 5037 ejus
965 4974 1311 5033 custodimus,
1346 4984 1393 5024 et
1426 4990 1484 5025 ea
1534 4990 1649 5040 qua
1685 4981 1807 5026 sunt

235 5062 435 5128 placita
466 5076 638 5111 coram
667 5077 745 5122 eo,
800 5060 1023 5127 facimus
1055 5061 1120 5114 ".
1168 5060 1233 5113 Et
1274 5080 1287 5116 :
1333 5061 1447 5114 Iloc
1477 5074 1552 5115 est
1588 5063 1809 5115 manda-

239 5161 356 5203 tum
404 5149 537 5215 ejus,
589 5159 641 5200 ut
693 5151 968 5202 credamus
1018 5152 1070 5202 in
1119 5152 1325 5203 nomine
1376 5150 1501 5203 Filii
1534 5152 1645 5219 ejus
1678 5150 1807 5205 Iesu

238 5241 352 5297 Cltr
376 5243 464 5304 sti,
495 5251 541 5291 et
577 5258 831 5294 servemus
859 5243 1110 5295 mandata
1136 5244 1247 5309 ejus
1280 5244 1343 5296 ⁸⁸.
1378 5244 1439 5295 Et
1476 5262 1487 5296 :
1519 5243 1621 5307 Qui
1642 5256 1809 5299 servat

240 5337 498 5387 mandata
523 5341 655 5398 ejus,
701 5335 751 5384 in
785 5332 890 5384 Deo
922 5343 1115 5397 manet,
1158 5345 1205 5386 et
1250 5334 1387 5387 Deus
1416 5336 1468 5388 in
1498 5352 1575 5388 eo.
1611 5336 1671 5388 In
1708 5337 1803 5389 Itoc

236 5436 414 5478 autent
450 5426 829 5494 cognoscimus.
862 5426 999 5491 quod
1024 5427 1076 5478 in
1104 5428 1253 5479 nobis
1288 5436 1484 5489 manet,
1509 5444 1571 5479 ex
1597 5427 1799 5495 Spiritu

236 5533 389 5585 quem
426 5518 569 5570 dedit
591 5516 740 5571 nobis
755 5515 821 5571 δ’.
849 5515 984 5570 Nam
1016 5517 1059 5572 si
1093 5517 1329 5587 Spiritus
1362 5529 1585 5574 sanctus
1620 5522 1673 5573 in
1701 5523 1799 5574 ho-

303 5726 397 5781 "I
434 5724 560 5779 Cor.
597 5743 650 5781 tt.
682 5727 733 5781 9.
810 5727 858 5760 “
887 5726 1004 5784 Jac.
1061 5745 1229 5787 χχιιι.
1289 5731 1478 5787 14-26.

230 5796 274 5828 ⁸⁸
304 5794 445 5851 ibid.
480 5796 573 5851 24.
650 5799 695 5831 ⁵ο
720 5796 887 5852 Levit.
921 5814 995 5867 at,
1022 5799 1109 5855 M.
1190 5801 1229 5830 "
1266 5801 1438 5856 Galat.
1475 5820 1531 5867 ιι,
1588 5806 1672 5859 16.

1553 5733 1597 5766 ⁸⁸
1629 5736 1763 5791 Ibid.
1802 5737 1980 5791 I547.

1918 4612 2231 4674 sollicitam,
2280 4610 2699 4676 divinarumque
2758 4610 2933 4675 legum
3000 4609 3301 4661 studiosam
3360 4624 3479 4663 esse

1916 4712 2153 4773 oportet,
2190 4717 2313 4756 cum
2350 4701 2554 4769 alioqui
2592 4700 2697 4752 vita
2728 4700 2908 4752 omnis
2946 4698 3181 4752 humana
3216 4700 3478 4753 sollicitu-

1916 4798 2104 4849 dinnm
2142 4802 2193 4847 et
2224 4807 2479 4846 curarum
2522 4791 2678 4858 plena
2713 4792 2807 4853 sit,
2846 4799 2898 4843 et
2934 4806 2996 4843 ex
3038 4807 3095 4845 re
3130 4793 3272 4843 nulla
3305 4792 3476 4859 possit

1914 4890 2149 4957 quietem
2188 4900 2401 4952 capere,
2439 4898 2759 4951 quanquam
2811 4884 2863 4935 id
2912 4882 3063 4934 multi
3115 4897 3277 4948 supra
3329 4884 3471 4935 vires

1914 4994 2042 5033 suas
2082 4976 2502 5040 facultatemque
2547 4972 2971 5025 coittenderunt.
3021 4970 3159 5035 Quin
3204 4970 3272 5021 ab
3316 4968 3474 5022 initio

1912 5085 1974 5124 ea
2010 5068 2321 5125 conditione
2352 5064 2607 5117 conditus
2649 5072 2731 5117 est
2775 5063 2959 5114 homo.
2990 5058 3213 5129 Operari
3246 5060 3388 5111 enim
3419 5068 3473 5113 et

1915 5160 2191 5214 custodire
2228 5156 2541 5225 paradisum
2590 5155 2783 5220 jussus
2818 5160 2901 5207 est
2940 5153 3208 5213 Adamus,
3250 5160 3301 5203 et
3343 5151 3471 5202 dum

1913 5252 1977 5305 ad
2013 5251 2353 5302 honestatem
2405 5260 2710 5307 movemur,
2766 5255 2960 5297 natura
3009 5256 3318 5309 operantur.
3368 5238 3477 5304 Qui

1911 5341 2117 5409 itaque,
2147 5339 2258 5391 otio
2291 5345 2344 5390 et
2374 5336 2585 5389 inertiae
2612 5336 2822 5403 seipsos
2848 5331 3209 5389 tradiderunt.
3240 5331 3469 5399 quicun-

1912 5450 2015 5502 que
2047 5432 2267 5491 iueriut,
2306 5427 2507 5496 alioqui
2562 5426 2740 5482 sancti
2776 5437 2827 5481 et
2864 5424 3197 5494 spit'ilttales,
3232 5425 3283 5476 in
3308 5424 3473 5477 allec-

1911 5524 2087 5577 tiones
2120 5530 2327 5575 natura
2358 5534 2548 5588 parum
2579 5526 2979 5573 consentaneas
3011 5532 3068 5569 se
3097 5515 3460 5583 ptrecipitant.

3127 5733 3166 5763 “
3198 5733 3329 5788 Ibid.
3365 5734 3454 5787 2⁸5.

2057 5739 2099 5768 ⁸⁸
2125 5738 2138 5792 I
2166 5735 2320 5791 Joan.
2351 5750 2433 5801 tu,
2466 5735 2550 5791 18.
2628 5736 2671 5768 ⁸⁷
2699 5732 2832 5789 Ibid.
2868 5732 3045 5790 19-22.
