4128 6338
630 400 726 464 Ml

1868 400 2245 463 SYMEONIS
2275 399 2642 464 JUNIORIS

3782 397 3890 460 41‘).

636 521 703 572 th
742 519 886 573 enim
920 519 1044 576 fons
1079 531 1372 588 perennem
1403 531 1596 588 aquam
1631 518 1964 582 seaturiens,
1991 516 2039 572 si
2071 530 2206 586 pau-
2233 514 2279 569 Δ
2308 517 2611 586 denterque
2640 531 2884 582 oremus,
2917 514 2992 569 uti
3038 525 3270 584 prorsus
3318 527 3345 566 a
3396 513 3557 568 nobis
3604 527 3672 565 ne
3717 527 3885 578 sepa-

630 612 740 664 lum
798 612 1133 672 constiterit.
1191 612 1527 672 exsiccatus,
1587 626 1689 664 nec
1746 611 1856 679 jam
1911 609 2054 673 fons,
2108 609 2201 664 sed

631 702 784 752 fovea
835 701 1018 767 potius
1069 708 1150 753 est
1204 715 1217 750 :
1287 702 1357 752 ita
1408 701 1498 765 qui
1552 700 1828 753 mandatis
1884 699 2204 752 factitandis

634 805 848 858 seniper
907 807 965 843 se
994 799 1211 860 purgat,
1251 801 1303 844 et
1345 807 1407 844 ex
1449 792 1556 844 Deo
1593 800 1859 862 purgatus
1899 806 1961 844 ac
1998 789 2205 843 sancti-

636 884 830 939 ticatus
875 892 979 944 est,
1029 885 1071 936 si
1119 884 1186 936 ab
1230 886 1586 937 exsecutione
1634 884 1855 951 paulum
1901 880 2204 944 deflexerit,

633 990 732 1040 pro
769 976 1020 1042 portione
1052 976 1216 1027 etiam
1251 991 1278 1028 a
1312 978 1609 1030 sanctitate
1647 975 1907 1029 deflectit.
1941 975 2045 1039 Qui
2077 989 2208 1028 vero

632 1079 755 1118 eum
791 1081 900 1117 uno
932 1067 1170 1132 quodam
1207 1077 1432 1134 peccato
1459 1069 1644 1122 sciens
1685 1067 1852 1120 simul
1892 1067 2206 1126 abducitur,

632 1166 779 1211 totus
809 1173 838 1210 e
867 1159 1104 1225 puritate
1139 1159 1378 1224 excidit;
1419 1158 1562 1214 sicut
1591 1168 1644 1213 et
1679 1175 1771 1222 vas
1801 1174 1955 1224 aqua:
1985 1159 2207 1225 plenum

633 1248 848 1299 modico
896 1262 1060 1300 emno
1111 1256 1282 1300 totum
1331 1250 1672 1316 inquinatur.
1719 1249 1828 1302 Nec
1866 1248 2040 1301 solum
2081 1261 2206 1315 pec-

632 1347 837 1400 eatum,
877 1341 1020 1404 quod
1057 1355 1150 1407 per
1181 1333 1383 1409 corpus
1430 1341 1762 1405 admittitur,
1797 1339 1887 1393 sed
1931 1340 2037 1391 alia
2069 1355 2209 1407 quo-

631 1444 737 1495 que
767 1431 918 1493 vitia,
952 1446 1072 1497 tium
1105 1431 1249 1484 intra
1285 1447 1384 1484 nos
1413 1448 1510 1501 per
1541 1447 1642 1485 nos
1670 1439 2079 1500 perpetrantur,
2114 1444 2214 1482 nec

630 1520 915 1584 videntur,
978 1523 1247 1593 intelligo,
1313 1540 1510 1577 vanam
1573 1526 1828 1592 gloriam,
1893 1523 2212 1578 hominibus

630 1611 882 1680 placendi
970 1615 1247 1678 studium,
1306 1614 1640 1683 superbiam,
1724 1614 1944 1677 fastum,
1996 1615 2212 1683 jactan-

633 1702 803 1765 tiam,
858 1704 1174 1772 hypocrisin
1201 1745 1215 1769 ,
1268 1720 1510 1759 amorem
1569 1705 1929 1768 dominandi,
1988 1706 2171 1758 dolum
2197 1749 2209 1770 ,

634 1793 1060 1862 malignitatem,
1118 1795 1329 1858 odium,
1398 1796 1703 1863 perfidiam,
1761 1797 2045 1858 invidiam,
2100 1797 2213 1850 ela-

633 1885 862 1946 tionem,
921 1886 1121 1946 zelum,
1169 1888 1251 1941 sui
1289 1888 1770 1955 cumplacentiam,
1818 1903 2060 1941 amorem
2101 1887 2208 1950 sui,

635 1976 1093 2038 Contentionem,
1151 1978 1556 2046 insipientiam,
1610 1987 1665 2034 et
1722 1980 1963 2049 reliquas
2022 1994 2212 2035 omnes

631 2068 925 2136 passiones
977 2069 1316 2136 ignominiae,
1371 2086 1492 2140 qure
1538 2070 1593 2123 in
1645 2071 1828 2124 anima
1891 2079 2210 2140 Operantur,

635 2174 666 2212 a
729 2162 931 2226 quibus
997 2168 1052 2214 et
1118 2162 1383 2230 propheta
1466 2162 1635 2216 David
1722 2163 1938 2216 liberari
1998 2160 2213 2215 deside-

633 2266 786 2313 rans,
863 2254 1031 2306 Deum
1102 2257 1332 2321 rogabat
1413 2257 1465 2309 in
1547 2257 1690 2308 hunc
1769 2257 1989 2308 modum
2053 2272 2066 2309 :
2135 2255 2213 2307 Ab

635 2343 853 2396 occultis
894 2346 1019 2397 meis
1063 2347 1262 2396 munda
1304 2362 1404 2404 me,
1453 2357 1502 2399 et
1555 2350 1619 2398 ab
1661 2349 1844 2400 alienis
1881 2365 2036 2415 parce
2067 2363 2212 2400 servo

635 2443 750 2488 tuo.
790 2434 848 2488 Si
889 2437 986 2488 tnei
1026 2453 1125 2488 non
1175 2435 1612 2498 dominabuntur,
1667 2447 1788 2490 tunc
1837 2439 2212 2494 immaculatus

633 2538 745 2584 ero,
777 2533 827 2576 et
857 2525 1153 2577 inundabor
1187 2543 1218 2576 a
1249 2525 1441 2578 delicto
1474 2527 1705 2578 maximo
1728 2528 1794 2578 ³⁸.
1827 2526 1888 2578 Et
1923 2545 1934 2580 :
1970 2528 2091 2580 Fiat
2127 2545 2216 2581 cor

635 2634 805 2672 meum
840 2620 1239 2672 immaculatum
1276 2619 1825 2687 injustiﬁcationibus
1857 2622 1982 2684 tuis,
2018 2631 2070 2674 ut
2111 2639 2214 2674 non

636 2709 930 2777 confundor
953 2711 1017 2764 ".
1055 2711 1121 2764 Et
1146 2725 1360 2763 rursum
1391 2728 1404 2762 τ
1437 2709 1542 2763 Cor
1575 2711 1827 2762 mundum
1869 2728 1988 2762 crea
2023 2712 2076 2763 in
2113 2729 2213 2777 me,

638 2798 799 2860 Deus,
825 2810 872 2852 et
899 2803 1139 2865 spiritum
1166 2811 1364 2853 rectum
1393 2803 1580 2854 iuuora
1606 2804 1656 2854 in
1685 2802 1968 2873 visceribus
1996 2804 2121 2856 meis
2145 2804 2211 2856 “.

641 2890 706 2944 Et
745 2908 758 2944 :
800 2890 1003 2953 Spiritu
1057 2893 1341 2960 principali
1395 2893 1650 2958 conﬁrma
1681 2909 1756 2944 me
1782 2893 1847 2944 ⁸⁸.
1901 2891 2037 2956 Quae
2071 2895 2213 2947 enim

641 2982 872 3044 utilitas,
896 2983 1112 3042 fratres,
1138 2984 1386 3035 laborum
1413 2983 1810 3051 corporalium,
1839 2982 1882 3034 si
1913 2999 2050 3050 opus
2081 2984 2217 3038 inte-

635 3074 754 3129 )lus
782 3075 1184 3141 postponatur?
1226 3076 1305 3126 An
1339 3090 1445 3127 non
1480 3075 1734 3127 audimus
1770 3074 1998 3126 Paulum
2031 3076 2217 3129 dicen-

637 3172 748 3217 tem
784 3184 797 3217 :
836 3165 1141 3230 Corporalis
1189 3167 1502 3217 exercitatio
1543 3166 1610 3216 ad
1643 3165 1907 3216 modicum
1943 3166 2087 3218 utilis
2119 3177 2191 3220 est

637 3256 806 3324 pietas
841 3266 1013 3308 autent
1049 3256 1116 3308 ad
1153 3257 1332 3307 omnia
1357 3256 1421 3306 ".
1468 3255 1531 3306 Et
1571 3271 1790 3308 rursum
1839 3274 1851 3310 :
1898 3255 2216 3322 Mundemus

639 3355 836 3398 nosmet
868 3348 1008 3407 ipsos
1045 3342 1107 3395 ab
1142 3346 1283 3396 onmi
1318 3344 1724 3411 inquinamenta“
1750 3346 1928 3398 carnis
1969 3355 2019 3399 et
2062 3347 2219 3412 spiri-

641 3444 724 3487 tus
749 3434 813 3489 ".
869 3435 1074 3488 Eadem
1123 3442 1174 3487 et
1226 3445 1456 3487 sanctus
1499 3433 1696 3488 Petrus
1750 3435 1948 3488 clamat
1996 3437 2050 3489 in
2108 3438 2218 3491 haec

638 3526 802 3578 verba
839 3541 856 3577 :
890 3526 1159 3580 Succincti
1198 3526 1400 3578 lumbos
1433 3528 1618 3577 mentis
1650 3535 1856 3589 vestra',
1894 3527 2057 3581 sobrii
2105 3545 2222 3595 per-

642 3616 793 3682 fecte.
831 3626 1040 3680 sperate
1078 3617 1128 3666 in
1166 3631 1302 3680 eam,
1351 3631 1466 3680 quin
1507 3615 1728 3682 offertur
1773 3617 1915 3669 vobis
1962 3620 2220 3685 gratiam,

640 3706 694 3754 in
729 3705 1097 3757 reuelationem
1132 3703 1262 3757 Jesu
1299 3705 1517 3765 Christi,
1552 3708 1706 3774 quasi
1741 3707 1846 3774 ﬁlii
1883 3709 2214 3773 obedientiat,

641 3811 742 3846 non
783 3797 1099 3863 con/igurati
1133 3797 1398 3861 prioribus
1439 3798 1752 3864 ignorantim
1791 3789 1976 3852 vestrte
2017 3800 2220 3854 deside-

642 3889 761 3947 riis,
796 3889 885 3939 sed
915 3890 1198 3942 secundum
1229 3904 1369 3947 eum,
1399 3889 1487 3956 qui
1516 3890 1715 3941 vocavit
1746 3907 1850 3950 vos,
1879 3902 2142 3956 sanctum,
2171 3902 2220 3945 et

641 3977 742 4042 ipsi
772 3975 826 4028 in
867 3978 1010 4028 omni
1047 3980 1442 4030 conversatione
1469 3979 1640 4030 sancti
1677 3980 1815 4042 sitis,
1853 3990 1901 4032 et
1938 3981 2219 4036 Dominum

642 4065 829 4120 .fssum
869 4068 1204 4135 sanctiﬁcate
1236 4071 1287 4121 in
1320 4069 1566 4122 cordibus
1607 4071 1811 4122 rastris.
1848 4069 2053 4123 Idcirco
2084 4075 2221 4126 scri-

639 4168 784 4223 ptunt
816 4168 892 4209 est
928 4175 943 4209 :
979 4157 1166 4211 Sancti
1207 4167 1391 4218 estote,
1435 4162 1681 4229 quoniam
1713 4178 1802 4229 ego
1839 4171 2052 4214 sanctus
2084 4180 2218 4216 sum.

642 4247 737 4306 Et,
769 4247 815 4298 si
839 4257 1040 4313 patrem
1073 4251 1326 4301 invocatis
1355 4267 1492 4313 eum,
1520 4253 1606 4317 qui
1636 4252 1747 4302 sine
1778 4254 2078 4314 acceptione
2105 4270 2219 4320 per-

641 4354 894 4390 sonarum
940 4339 1154 4406 jmticat
1199 4340 1486 4392 secundum
1531 4342 1950 4410 uniuscujusque
1987 4359 2136 4409 opus,
2169 4343 2221 4395 in

643 4430 832 4482 timore
861 4431 1123 4482 iucolatus
1154 4432 1311 4482 vestri
1344 4442 1572 4496 tempore
1605 4435 1986 4485 convcrsamini
2013 4451 2029 4486 :
2063 4436 2224 4486 scien-

2199 3206 2336 3264 ’C;

2307 616 2482 674 retur,
2513 624 2648 663 neve
2676 610 2820 663 sinat
2856 622 2956 661 nos
2987 607 3136 661 abire
3170 621 3198 657 a
3245 609 3352 667 vla,
3386 603 3477 672 qui
3515 613 3599 658 est
3633 607 3892 671 ipsemet,

2312 698 2405 767 qui
2438 697 2578 751 dixit
2611 717 2622 751 :
2659 701 2771 768 Ego
2804 714 2918 750 sum
2949 697 3052 754 via.
3080 697 3396 748 resurrectio
3422 704 3469 746 et
3499 695 3606 747 vita
3632 694 3696 744 ".
3733 690 3895 743 Hunc

2312 806 2442 859 ergo
2480 791 2856 858 exquiramus,
2895 791 3041 842 hunc
3076 788 3378 858 praevenire
3429 785 3772 846 Studeamus,
3829 791 3888 833 ut

2311 886 2472 938 etiam
2525 884 2677 937 illum
2733 891 3038 936 teneamus.
3084 881 3239 946 Quod
3284 879 3324 932 si
3363 877 3567 931 factum
3609 877 3796 934 fuerit,
3837 880 3896 927 et

2312 977 2378 1030 ad
2430 979 2548 1046 ejus
2594 977 2907 1043 exemplum
2951 974 3117 1027 vitam
3166 978 3414 1026 nostram
3456 967 3889 1024 instituerimus.

2312 1084 2420 1120 non
2464 1067 2643 1122 solum
2696 1082 2819 1121 cum
2872 1067 3000 1119 hinc
3055 1063 3529 1133 emigraverimus,
3589 1061 3683 1115 sed
3743 1071 3894 1112 nunc

2314 1161 2481 1214 etiam
2530 1163 2584 1213 in
2627 1160 2826 1214 calum
2879 1174 3002 1212 cum
3060 1159 3178 1226 ipso
3236 1155 3622 1214 ascendemus,
3677 1160 3731 1206 et
3781 1165 3889 1203 una

2315 1264 2655 1302 assumemur
2709 1265 2721 1300 :
2768 1249 2877 1300 imo
2907 1247 3089 1316 potius
3126 1247 3241 1315 ipse
3264 1260 3366 1299 nos
3403 1259 3584 1298 secum
3615 1240 3890 1304 sustollet,

2315 1348 2368 1391 et
2426 1339 2775 1406 glorilicabit,
2833 1346 2885 1391 et
2948 1337 3176 1391 donabit
3240 1335 3500 1390 felicitate
3559 1333 3895 1401 sempiterna

2318 1432 2545 1501 perfrui.

2845 1542 3137 1598 ORATIO
3189 1541 3362 1598 XXI.

2915 1663 3295 1732 ABGUDENTUH.

2330 1792 2643 1850 Videndum,
2673 1791 2856 1856 ecquid
2884 1789 3246 1850 beatitudines,
3283 1792 3344 1841 de
3370 1788 3557 1856 quibus
3586 1789 3792 1842 locutus
3816 1799 3895 1842 est

2248 1862 2289 1915 Β
2390 1860 2652 1918 Christus,
2696 1863 2746 1912 iu
2790 1859 2937 1912 nobis
2967 1861 3284 1920 habeamus;
3313 1875 3401 1911 eas
3430 1861 3577 1921 enim
3609 1875 3717 1910 esse
3756 1860 3898 1910 indi-

2393 1935 2532 1984 cium
2579 1932 2858 1998 signaculi,
2902 1940 2949 1982 et
2987 1927 3339 1996 proprietates
3385 1930 3711 1981 characteris
3757 1927 3896 1995 ejus.

2397 2001 2498 2063 Qui
2523 2001 2670 2069 signa
2696 2000 2894 2051 Christi
2917 2001 3156 2066 signatus
3180 2014 3280 2050 non
3304 2008 3403 2059 est,
3431 2014 3520 2069 nec
3541 1999 3897 2051 characterem

2393 2071 2539 2122 illius
2567 2068 2619 2122 in
2650 2086 2704 2121 se
2739 2069 2859 2135 fert,
2894 2069 3028 2120 hunc
3063 2069 3114 2121 in
3149 2084 3361 2135 regnum
3395 2068 3645 2121 caelorum
3673 2069 3898 2119 introire

2392 2142 2693 2207 neutiquam
2728 2155 2899 2206 posse.

2389 2256 2712 2324 Quicunque
2762 2256 2917 2322 signo
2961 2252 3179 2305 Domini
3215 2266 3278 2304 ac
3317 2251 3434 2317 Dei,
3480 2259 3535 2304 et
3587 2251 3907 2306 Salvatoris.

2324 2347 2498 2401 nostri
2535 2344 2660 2397 Jesu
2697 2345 2923 2408 Christi,
2976 2342 3172 2413 signati
3209 2358 3319 2395 non
3357 2357 3573 2404 sumus,
3603 2357 3901 2397 curramus

2324 2444 2382 2490 ut
2407 2437 2711 2502 signemur.
2747 2433 3077 2500 Quicunque
3110 2431 3356 2499 insigniti
3389 2447 3495 2485 non
3526 2441 3898 2497 sumus,nota

2325 2527 2552 2596 spiritus
2596 2526 2845 2594 insigniri
2883 2539 3263 2593 properemus.
3300 2523 3447 2577 Mors
3491 2523 3635 2577 enim
3677 2525 3730 2576 in
3764 2523 3902 2576 ani-
3961 2535 3968 2540 '

2323 2632 2441 2672 mas
2495 2617 2972 2686 primitivorum“
3032 2631 3128 2684 per
3183 2615 3504 2683 sanguinem
3558 2613 3784 2680 Christi,
3842 2622 3904 2669 et

2323 2710 2552 2777 gratiam
2596 2708 2934 2762 sanctissimi
2976 2707 3222 2775 Spiritus
3261 2721 3366 2759 non
3401 2706 3754 2759 dominatur:
3797 2720 3904 2760 nec

2326 2802 2489 2868 lupus
2545 2800 2637 2868 qui
2699 2807 2881 2852 mente
2938 2798 3267 2866 percipitur.
3327 2797 3567 2867 sigillum
3631 2795 3902 2863 principis

2325 2902 2606 2955 pastorum
2644 2889 2875 2952 Christi,
2910 2904 3019 2958 quo
3055 2903 3184 2942 oves
3229 2890 3356 2941 snas
3407 2888 3623 2956 signare
3667 2900 3907 2940 censue-

2324 2983 2420 3042 vit,
2468 2991 2660 3033 contra
2710 2980 2907 3032 intueri
2956 2978 3138 3031 audet.
3198 2977 3408 3045 Itaque,
3443 2976 3640 3030 fratres
3692 2975 3901 3038 fideles,

2324 3071 2749 3137 divinarumque
2795 3086 2977 3122 rerum
3029 3069 3238 3135 cupidi,
3283 3067 3631 3128 festinemus,
3673 3076 3901 3136 agentes

2325 3165 2377 3210 et
2406 3157 2691 3209 molientes
2725 3157 2905 3207 omnia
2933 3171 3052 3224 qua:
3075 3156 3296 3208 Christo
3330 3166 3458 3209 sunt
3491 3157 3716 3224 placita,
3744 3168 3802 3209 ut
3828 3156 3902 3210 ab

2325 3247 2441 3314 ipso
2465 3262 2682 3314 quoque
2706 3247 2927 3315 signati,
2960 3247 3026 3299 de
3053 3256 3252 3300 eattero
3282 3248 3402 3300 sine
3431 3257 3577 3300 metu
3611 3249 3856 3302 vivamus
3879 3264 3901 3303 :

2325 3338 2456 3405 quin
2489 3338 2675 3399 etiam,
2723 3345 2782 3389 ut
2812 3338 2878 3390 de
2910 3353 3074 3390 manu
3108 3338 3227 3406 ejus
3269 3338 3706 3394 misericordiam
3753 3339 3903 3392 acci-

2321 3429 2559 3496 piamus,
2592 3440 2642 3480 et
2671 3425 2820 3494 digni
2855 3427 3176 3487 habeamur,
3211 3427 3304 3495 qui
3334 3426 3652 3496 mysterium
3691 3426 3900 3481 Christi

2325 3532 2751 3586 cognoscamus.
2804 3516 3184 3584 Cognitiouem
3235 3525 3415 3569 autem
3469 3518 3736 3584 intelligo,
3792 3533 3898 3570 non

2324 3623 2446 3676 quae
2496 3608 2662 3660 verbo
2710 3606 2976 3659 duntaxat
3029 3618 3080 3660 et
3112 3605 3412 3662 auditione
3456 3607 3691 3659 traditur
3743 3624 3756 3659 ε
3806 3608 3902 3661 sed

2325 3715 2443 3769 qum
2496 3700 2546 3752 in
2590 3701 2708 3768 ipso
2753 3715 2915 3768 opere
2953 3708 3003 3752 et
3045 3699 3260 3751 actione
3308 3699 3505 3751 elucet.
3551 3699 3688 3750 Audi
3737 3698 3904 3766 igitur

2326 3792 2789 3861 quemadmodum
2852 3792 3096 3858 cognitio
3175 3790 3564 3860 mysteriorum
3633 3789 3724 3842 Dei
3807 3804 3904 3858 per

2327 3901 2487 3953 Opus,
2534 3892 2587 3937 et
2633 3885 2903 3936 actionem
2942 3883 2994 3934 in
3027 3881 3186 3934 nobis
3223 3882 3610 3949 perspiciatur.
3642 3879 3899 3934 Christus

2327 3977 2472 4029 Deus
2505 3984 2692 4028 noster
2729 3990 2824 4043 per
2855 3973 3212 4042 Evangelium
3248 3988 3406 4025 suum
3437 3973 3681 4038 quotidie
3714 3981 3900 4041 aperte

2325 4069 2571 4122 clamat:
2615 4068 2766 4120 Beati
2812 4082 3064 4131 pauperes
3115 4065 3322 4130 spiritu,
3369 4067 3620 4132 quoniam
3667 4069 3900 4132 ipsorum

2327 4169 2401 4211 est
2448 4176 2662 4228 regnum
2699 4159 2946 4211 ccelorum
2973 4159 3036 4209 °'.
3083 4154 3197 4209 Hoc
3231 4159 3444 4226 quoties
3482 4157 3735 4209 audimus
3769 4173 3902 4209 con-

2328 4252 2597 4314 siderare,
2647 4259 2699 4302 ct
2749 4265 2850 4301 nos
2893 4250 3039 4317 ipsos
3088 4249 3381 4317 diligenter
3430 4258 3686 4300 excutere
3732 4247 3900 4299 debe-

2328 4356 2476 4403 mus,
2525 4355 2650 4391 num
2707 4331 2892 4391 revera
2942 4353 3208 4405 pauperes
3257 4335 3563 4389 istiusmodi
3611 4337 3806 4397 simus,
3843 4345 3901 4388 ut

2326 4433 2486 4484 etiam
2528 4441 2774 4483 nostrum
2811 4432 2880 4482 sil
2910 4445 3137 4496 regnum
3177 4428 3478 4490 caelorum;
3529 4430 3662 4480 adeo
3710 4436 3767 4478 ut
3800 4443 3899 4481 nos

641 4525 715 4568 tes
760 4517 896 4584 quod
940 4534 1042 4568 non
1096 4519 1530 4582 corruptibilibus
1565 4537 1716 4579 auro,
1769 4522 1844 4572 vel
1888 4537 2100 4591 argento
2141 4539 2218 4575 re-
2254 4542 2294 4594 ῃ
2327 4524 2377 4577 id
2428 4532 2543 4575 luto
2605 4523 2888 4589 possidere
2938 4522 3140 4571 animo
3172 4519 3494 4580 sentiamus,
3542 4517 3726 4584 itaque
3775 4523 3898 4584 ejus

640 4607 838 4670 dempti
883 4610 1005 4660 estis
1060 4607 1122 4658 de
1162 4624 1300 4660 vana
1345 4621 1516 4661 vestra
1563 4613 1950 4664 conversatione
1988 4623 2222 4679 paterna

643 4697 966 4758 traditionis,
1006 4697 1094 4748 scd
1135 4700 1361 4761 pretioso
1394 4703 1652 4766 sanguine
1679 4704 1832 4769 quasi
1864 4705 1985 4769 agni
2015 4705 2215 4754 imma-

641 4789 806 4840 culati
835 4788 1025 4842 Christi
1051 4789 1116 4840 ".
1148 4792 1410 4854 ()ptemus
1446 4793 1607 4858 igitur
1637 4802 1690 4844 et
1727 4809 1823 4846 nos
1860 4802 1977 4847 toto
2007 4796 2217 4858 animo,

640 4888 695 4928 ιιι
744 4880 845 4930 fixa
895 4879 964 4931 sit
1006 4880 1308 4948 sententia,
1363 4895 1469 4933 non
1523 4882 1721 4948 decipi,
1772 4894 1864 4936 aut
1914 4885 1980 4936 ab
2040 4884 2218 4951 aliqua

642 4972 913 5035 corporis,
962 4951 1238 5023 animieve'
1267 4973 1685 5039 perturbatione
1719 4974 1976 5034 inescari,
2015 4985 2066 5026 et
2101 4977 2221 5027 alli-

642 5058 757 5125 gari
786 5097 801 5121 ,
835 5075 902 5111 ne
933 5075 1026 5127 per
1059 5077 1220 5113 unam
1253 5078 1346 5116 seu
1381 5079 1624 5131 parvam,
1654 5081 1746 5117 seu
1784 5081 2033 5133 magnam
2070 5083 2225 5118 mat:-

644 5150 754 5201 dati
810 5153 1300 5217 transgressionem
1353 5156 1438 5207 via
1482 5156 1533 5208 in
1577 5157 1774 5209 caelum
1815 5155 2023 5211 ferente
2067 5159 2217 5210 exci-

645 5241 861 5294 datnus.
919 5239 1024 5293 Sed
1077 5255 1199 5295 eum
1256 5244 1744 5306 ambulaverimus,
1790 5261 1888 5299 nec
1948 5258 2093 5298 retro
2135 5263 2219 5299 te-

647 5330 1012 5396 spexerimus,
1063 5331 1391 5387 festinemus
1441 5332 1850 5390 antecedentem
1888 5352 1988 5389 nos
2035 5335 2215 5389 Jesum

651 5419 972 5484 pra'venire,
1020 5418 1257 5489 factique
1291 5423 1409 5490 ejus
1439 5433 1740 5491 compotes,
1785 5433 1911 5476 ante
1943 5440 2064 5476 eum
2097 5441 2224 5492 pro-

649 5510 924 5573 t'idamus,
967 5520 1021 5565 et
1057 5526 1242 5565 coram
1283 5515 1404 5581 ejus
1448 5515 1688 5572 bonitate
1731 5517 2096 5585 ploremus”,
2138 5533 2224 5569 ar-

729 5647 774 5678 "
811 5645 958 5718 [δεδι.
1011 5666 1158 5713 ινηι,
1203 5650 1288 5716 15,
1326 5652 1411 5705 Η.
1488 5653 1534 5684 ⁸³
1569 5653 1715 5707 Psal.
1771 5668 1956 5718 exvnt,
2021 5655 2110 5708 80.

653 5715 776 5788 Cor.
811 5715 864 5778 7,
915 5719 965 5770 i.
1043 5720 1087 5750 ⁸⁸
1125 5719 1140 5770 l
1182 5715 1326 5775 Pct’r.
1359 5739 1394 5786 ι,
1435 5722 1612 5777 lii-19.
1689 5724 1733 5755 "
1768 5723 1907 5778 Psal.
1945 5715 2083 5788 aetv,
2120 5725 2170 5778 6.

660 5785 704 5814 "
740 5783 868 5839 Luc.
900 5803 1026 5845 xvtt.
1050 5788 1138 5842 ΕΗ.

2190 5655 2233 5685 δι
2279 5654 2419 5707 l’sul.
2473 5672 2522 5720 1,,
2590 5657 2671 5708 t2.

2251 5724 2294 5754 θ’
2324 5724 2480 5778 Joan.
2536 5743 2594 5789 ll,
2646 5726 2736 5779 253.

2327 4624 2516 4667 tenere
2561 4613 2803 4673 divitias,
2855 4621 2912 4664 ut
2959 4613 3096 4662 citra
3153 4609 3550 4662 dubitationem
3594 4624 3690 4660 nos
3736 4609 3787 4660 iu
3834 4624 3898 4659 co

2325 4723 2446 4760 esse
2498 4706 2868 4772 experiamur,
2927 4712 2979 4755 et
3037 4704 3189 4756 illius
3248 4703 3405 4754 bonis
3463 4709 3627 4768 atque
3684 4701 3898 4753 deliciis

2327 4798 2685 4850 oblectemur.
2721 4796 2862 4848 Intra
2899 4810 2996 4849 nos
3031 4796 3174 4848 enim
3207 4795 3338 4847 illud
3376 4809 3515 4855 esse,
3560 4793 3674 4860 ipse
3717 4792 3898 4843 Domi-

2326 4907 2427 4942 nus
2477 4889 2932 4957 pronunliavit“.
2986 4889 3320 4955 Argumenta
3372 4901 3553 4954 porro,
3597 4884 3800 4951 quibus
3843 4882 3893 4933 id

2330 4983 2473 5033 intra
2530 4995 2629 5034 nos
2691 4995 2811 5033 esse
2868 4979 3295 5040 demonstretur,
3361 4978 3473 5029 lucc
3531 4984 3658 5029 stitit
3700 4991 3712 5024 :
3750 4973 3897 5025 Nihil

2331 5087 2518 5125 eorum
2554 5086 2674 5137 qua:
2708 5070 2881 5121 oculis
2925 5070 3292 5136 subjiciuntur
3322 5077 3373 5121 ct
3404 5074 3653 5134 pereunt,
3693 5078 3894 5117 COllt'll-

2334 5162 2579 5228 piscerc;
2623 5175 2728 5219 res,
2774 5160 2994 5226 inquam
3041 5166 3090 5209 et
3122 5158 3519 5209 oblectamenta
3559 5155 3721 5220 hujus
3751 5156 3888 5214 vitae,

2331 5267 2434 5303 non
2485 5265 2636 5318 epes,
2692 5265 2799 5302 non
2852 5250 3101 5315 gloriam,
3153 5263 3255 5300 non
3302 5246 3545 5308 delicias,
3582 5261 3687 5297 non
3726 5246 3884 5296 ullam

2329 5338 2564 5405 denique
2599 5339 2755 5389 aliam
2790 5339 2913 5389 vita:
2949 5337 3254 5402 prmsentis,
3290 5344 3381 5386 aut
3423 5334 3666 5401 corporis
3698 5333 3885 5400 volup-

2331 5439 2487 5482 tatem
2540 5446 2552 5481 :
2604 5432 2694 5483 sed
2743 5431 2810 5481 ita
2859 5445 2916 5483 se
2965 5429 3050 5481 his
3097 5430 3350 5481 omnibus
3401 5429 3694 5488 abstinere,
3727 5434 3778 5478 et
3813 5427 3888 5479 sic

2326 5518 2558 5584 judicio,
2605 5534 2666 5572 ac
2709 5519 2990 5571 voluntate
3035 5518 3099 5570 ab
3132 5518 3238 5570 illis
3272 5519 3589 5579 abhorrere,
3626 5524 3683 5568 ut
3719 5528 3891 5585 potes-

2747 5657 2792 5688 ⁸⁸
2834 5657 2970 5710 Ibid.
3033 5656 3117 5708 H.
3194 5654 3284 5706 ⁸⁸1
3327 5654 3468 5708 Tim.
3521 5668 3593 5712 Iv,
3647 5651 3700 5705 8.
3777 5651 3816 5680 ³⁷
3849 5649 3885 5702 ll

2812 5725 3038 5781 “llcbr.
3112 5741 3206 5788 xu,
3256 5725 3345 5778 23.
3422 5724 3465 5754 "
3499 5722 3684 5776 Matth.
3722 5736 3769 5783 ι’,
3833 5721 3883 5773 3.
