4156 6340
161 441 266 510 413

1503 456 1789 518 ORATIO
1816 459 1978 521 XXI.

3292 471 3402 538 414

165 570 276 654 tate
306 571 359 614 et
393 560 604 615 honore
649 562 797 631 regio
827 565 1198 631 prcecellentes
1231 565 1298 620 ab
1331 566 1416 622 his
1446 569 1538 637 qui
1573 570 1728 638 lupa-
1761 572 1805 626 Α
1837 570 2136 637 spiritualis
2169 576 2380 642 notitia,
2408 578 2479 632 ibi
2511 596 2722 650 quoque
2749 584 2931 648 luctus
2954 587 3150 654 gaudio
3179 589 3395 644 mistus.

162 653 313 705 naria
346 654 570 714 obeunt,
605 655 908 726 abhorrent
939 676 952 711 τ
986 668 1038 711 et
1065 667 1325 727 quantum
1376 661 1464 728 qui
1503 676 1638 728 pura
1683 670 1736 715 et

162 742 363 794 munda
409 745 739 798 vestimenta
794 748 994 810 induti,
1043 761 1097 803 et
1138 748 1584 804 suaveolentibus
1635 767 1738 804 un-

162 834 384 901 guentis
415 835 596 898 perliti
635 845 785 898 sunt,
819 839 1242 905 graveolentiam
1280 855 1342 893 ac
1375 842 1545 892 lutum
1581 857 1736 893 aver-

161 933 376 975 santur.
419 923 521 987 Qui
569 924 710 976 enim
759 926 824 977 ad
876 942 1040 979 ttnum
1084 929 1302 995 aliquod
1337 931 1735 981 nominatorum

160 1027 286 1066 sese
312 1017 609 1079 convertit,
641 1032 864 1083 regnum
900 999 1043 1071 illud
1066 1023 1327 1073 ctelorum
1364 1036 1540 1088 neque
1578 1021 1732 1085 vidit,

159 1118 340 1170 neque
369 1107 575 1159 olfecit.
623 1123 797 1175 neque
843 1108 1240 1176 jucunditatem
1299 1119 1349 1160 et
1385 1096 1732 1163 dulcedinem

159 1195 281 1260 ejus
315 1198 646 1274 degustarit.
688 1199 933 1250 Deinde:
976 1219 994 1250 ι
1041 1200 1194 1252 Beati
1233 1204 1322 1268 qui
1366 1203 1563 1269 lugent,
1606 1219 1735 1270 quo-

160 1289 305 1339 niam
351 1289 453 1353 ipsi
497 1290 908 1344 consolabuntur
932 1291 994 1342 ⁸⁸.
1051 1310 1068 1342 ι
1130 1290 1418 1345 Videamus
1459 1308 1602 1346 nunc
1643 1296 1736 1345 itc-

162 1394 306 1442 Tum,
345 1391 397 1432 et
443 1382 493 1433 in
531 1392 745 1436 nosmet
794 1385 1157 1452 inquiramus,
1193 1402 1322 1438 num
1369 1385 1578 1437 huncce
1622 1386 1736 1436 luc-

160 1480 276 1522 tum
313 1472 365 1523 iu
403 1473 560 1526 nobis
594 1475 912 1536 habeamus,
947 1483 1000 1528 et
1029 1492 1277 1543 quamam
1306 1478 1374 1529 sit
1410 1477 1510 1528 ista
1543 1491 1736 1527 ('OnSU-

159 1562 312 1624 latin,
367 1579 487 1631 qua!
543 1565 719 1617 luctus
767 1565 929 1631 hujus
981 1582 1167 1620 comes
1209 1567 1435 1620 dicitur.
1487 1568 1728 1620 Primum

159 1657 380 1724 quidem
425 1671 693 1722 pauperes
727 1657 923 1722 spiritu
963 1657 1152 1711 beatos
1183 1658 1498 1720 affirmavit,
1542 1668 1731 1727 utpote

160 1763 398 1814 quorum
443 1748 508 1800 sil
547 1763 770 1815 regnum
804 1750 1091 1802 cmlorum.
1126 1748 1400 1817 Pauperes
1433 1759 1636 1811 autem,
1676 1761 1735 1802 ut

159 1838 476 1896 docuimus,
513 1840 661 1893 hisce
694 1841 1054 1907 praesentibus
1085 1840 1242 1907 plane
1277 1855 1384 1892 non
1415 1840 1729 1907 capiuntur,

161 1945 344 1998 neque
370 1931 615 1982 animum
655 1931 728 1983 ita
760 1945 882 1983 cum
911 1931 977 1985 iis
1006 1933 1282 1998 copulant,
1316 1939 1476 1999 atque
1505 1931 1734 1998 conjun-

160 2029 318 2089 gunt,
367 2029 427 2072 ut
469 2021 551 2073 vel
598 2020 807 2073 modica
857 2022 1217 2075 delectatione
1259 2022 1574 2074 deliniatur.
1618 2022 1735 2084 Quo

161 2112 330 2182 igitur
381 2120 569 2181 pacto,
596 2122 648 2164 et
671 2128 829 2180 quam
856 2113 927 2166 ob
946 2127 1165 2166 causam
1193 2113 1420 2181 lugebit,
1450 2115 1539 2176 qui
1565 2120 1732 2165 totum

163 2203 434 2256 mundum
464 2204 771 2256 detestatus
799 2212 897 2261 est.
931 2211 986 2256 et
1029 2203 1195 2256 corde
1232 2211 1339 2274 tam
1379 2203 1538 2269 longe
1568 2201 1634 2255 ab
1670 2217 1734 2254 eo

164 2292 346 2355 abest,
381 2306 549 2359 quam
586 2307 816 2357 corpore
864 2293 936 2344 illi
983 2275 1420 2361 appropinquat?
1447 2292 1538 2360 qui
1587 2291 1736 2345 nullo

167 2399 350 2438 rerum
419 2384 831 2451 aspectabilium
890 2399 1077 2437 amore
1143 2391 1378 2449 tenetur,
1443 2383 1569 2451 quid
1634 2391 1736 2446 est,

167 2475 424 2535 obsecro,
460 2489 559 2528 cur
588 2491 645 2529 se
679 2476 932 2538 tristitiae,
962 2476 1227 2529 laetitixve
1262 2477 1466 2530 dedat?
1502 2474 1566 2528 Et
1600 2491 1736 2539 quo-

171 2565 336 2619 modo
373 2565 600 2633 lugebit,
651 2565 968 2633 solatiisque
1009 2566 1350 2627 ntulcebitur,
1390 2565 1479 2634 qui
1512 2580 1735 2634 regnum

172 2657 439 2710 calorum
472 2656 655 2719 habet,
683 2664 735 2710 et
767 2658 821 2713 in
854 2672 917 2710 eo
953 2656 1170 2710 laetatur
1197 2657 1456 2712 assidue?

240 2747 524 2802 Attendite
559 2758 788 2811 mentes,
837 2763 989 2812 rogo,
1027 2748 1093 2801 iis
1123 2764 1243 2814 qua:
1275 2740 1474 2813 diCam,
1506 2758 1558 2803 et
1589 2764 1739 2817 quaa-

173 2842 262 2896 siti
303 2843 574 2894 rationem
609 2856 732 2892 cum
764 2839 882 2907 ejus
915 2840 1183 2893 solutione
1225 2840 1526 2908 accipietis.
1567 2841 1738 2894 Homo

172 2932 374 2996 ﬁdelis,
417 2935 508 3000 qui
563 2933 627 2985 ad
684 2932 936 2984 mandata
987 2929 1080 2984 Dei
1127 2932 1499 2985 exhauricnda
1549 2932 1738 2987 sedulo

172 3039 390 3090 semper
424 3023 710 3084 incumbit,
747 3039 867 3075 cum
904 3025 1081 3075 omnia
1114 3023 1365 3086 servarit,
1407 3033 1456 3076 et
1484 3025 1550 3077 ad
1591 3024 1742 3078 fasti-

173 3115 320 3183 gium
353 3115 569 3174 horum,
615 3114 665 3164 id
693 3122 796 3174 est,
830 3113 895 3166 ad
929 3113 1257 3178 inculpatam
1287 3115 1474 3176 vitam,
1505 3122 1558 3167 et
1587 3115 1740 3182 puri-

1839 662 1914 715 Ibi
1961 663 2085 716 item
2126 665 2327 735 jugiter
2376 680 2655 725 manantes
2689 675 2962 744 lacrymav,
2998 693 3117 745 quae
3163 680 3397 733 animam

1840 754 1979 806 hanc
2026 754 2291 810 amantem
2346 770 2598 830 purgent,
2639 778 2701 816 ac
2736 778 2961 830 prorsus
2997 768 3398 823 lucidissimam

1838 845 2087 898 reddant.
2132 850 2236 901 Per
2266 850 2378 903 haec
2414 853 2577 920 igitur
2611 857 2788 906 anima
2822 873 3040 909 sursum
3077 861 3395 927 respiciens,

1837 947 1884 987 ct
1949 937 2238 991 Dominum
2295 957 2449 995 suum
2502 960 2842 1012 cognoscens
2890 949 3123 1015 reliquas
3169 949 3400 1004 virtutes

1838 1028 2079 1081 studiose
2119 1031 2444 1098 progignere
2486 1036 2606 1094 sibi,
2651 1047 2702 1089 et
2744 1037 2960 1088 Christo
3008 1040 3237 1093 orditur.
3291 1042 3400 1096 Nec

1838 1111 2130 1167 immerito.
2191 1117 2411 1185 Irrigata
2470 1122 2612 1172 enim
2651 1126 3028 1188 ‘continentcr,
3074 1137 3136 1180 ct"
3171 1129 3402 1195 pingue-

1838 1220 1996 1260 scens
2033 1208 2308 1278 lar-rymis,
2340 1223 2392 1262 ct
2419 1212 2550 1264 iram
2587 1215 2638 1265 in
2669 1231 2724 1267 se
2759 1219 2973 1281 penitus
3017 1221 3393 1285 exstingueus,

1837 1297 1983 1351 mitis
2031 1308 2252 1366 totaque
2297 1304 2362 1354 ad
2415 1305 2764 1358 irascendum
2800 1309 3086 1363 immobilis
3136 1312 3397 1366 efficitur.

1839 1386 2189 1454 (Ioneupiscit
2241 1402 2420 1445 autem
2469 1405 2522 1448 et
2569 1399 2792 1463 appetit,
2839 1401 3097 1453 esuriens
3128 1403 3307 1465 simul,
3345 1411 3404 1456 et:

1837 1477 2029 1530 sitiens
2083 1481 2292 1534 discere
2347 1485 2760 1544 iustificationes
2810 1487 2921 1540 Dei.
2966 1487 3021 1540 ln
3065 1492 3148 1542 his
3183 1508 3306 1544 vero
3342 1504 3396 1546 et

1839 1569 2178 1634 misericors,
2211 1579 2262 1622 et
2305 1573 2496 1626 alienis
2535 1576 2893 1632 incommodis
2929 1581 3120 1635 dolens
3153 1582 3209 1634 fit
3242 1600 3254 1634 :
3291 1599 3410 1652 quo

1835 1675 1898 1711 ex
1937 1661 2017 1713 his
2059 1664 2313 1716 omnibus
2353 1666 2534 1718 cordis
2571 1667 2689 1734 ejus
2725 1671 2935 1735 puritas
2975 1673 3306 1738 perﬁciatur,
3347 1683 3412 1728 et‘

1837 1751 1948 1817 ipsa
1991 1750 2157 1804 Deum
2196 1755 2397 1820 videat,
2429 1755 2654 1823 ejusque
2685 1759 2908 1823 gloriam
2944 1763 3243 1816 Secundum
3278 1781 3416 1831 pro-

1837 1843 2150 1897 missionem
2200 1846 2344 1899 clare
2389 1849 2680 1902 intueatur.
2719 1851 2820 1915 Qui
2883 1854 3029 1906 hunc
3074 1856 3126 1907 in
3181 1856 3413 1909 modum-

1843 1936 2054 1989 animas
2083 1952 2212 1990 snas
2243 1949 2649 2006 compararunt,
2679 1944 2884 2006 pacitici
2914 1955 3038 1997 sunt
3065 1946 3118 1999 in
3153 1949 3400 2010 veritate,

1844 2032 1899 2078 ct
1941 2026 2038 2077 lilii
2073 2028 2336 2082 Altissimi
2380 2034 2750 2095 nominantur,
2786 2035 2875 2100 qui
2909 2042 2960 2086 et
3007 2050 3139 2102 pure
3187 2035 3404 2091 Patrem

1846 2113 2243 2183 hominumque
2288 2135 2446 2172 suum
2497 2132 2825 2188 agnoscunt,
2863 2131 2914 2176 et
2961 2139 3024 2178 ex
3069 2133 3178 2178 tota
3221 2126 3407 2181 anima

1846 2207 1993 2260 illum
2052 2209 2318 2278 diligunt;
2384 2213 2628 2278 quemvis
2685 2213 2924 2267 laborem
2973 2216 3224 2271 videlicet
3274 2236 3289 2272 :
3347 2226 3405 2273 et

1848 2298 2097 2366 quamvis
2126 2297 2469 2354 aﬂlictioncm
2504 2303 2622 2369 ejus
2655 2316 2819 2356 causa
2861 2305 3212 2367 susduentes,
3256 2307 3403 2375 injur-

1845 2387 1943 2442 riis
1974 2391 2175 2451 vexati,
2214 2389 2561 2444 contumeliis
2590 2391 2839 2459 appetiti,
2872 2394 3163 2461 angustiati
3192 2395 3261 2448 ob
3282 2397 3405 2463 jus-

1845 2489 1957 2534 tum
2009 2482 2127 2550 ejus
2182 2483 2516 2546 mandatum,
2569 2485 2710 2550 quod
2761 2495 2814 2538 et
2860 2487 3019 2541 nobis
3068 2490 3397 2544 servandum

1846 2572 2120 2638 praecepit,
2157 2574 2629 2637 exprobrationes.
2672 2575 3099 2643 persecutiones,
3150 2587 3203 2632 et
3243 2594 3403 2634 omne

1846 2663 2068 2714 verbum
2121 2662 2318 2714 malum
2366 2663 2500 2716 falso
2558 2674 2745 2719 contra
2801 2681 2860 2730 se
2907 2667 3134 2732 dictum,
3185 2676 3408 2736 propter

1846 2765 2042 2803 nomen
2109 2750 2226 2818 ejus
2285 2750 2579 2806 tolerant'er
2636 2753 2979 2819 suﬂ‘erentes,
3039 2757 3403 2824 exsultantes,

1847 2842 2101 2908 quoniam
2151 2842 2298 2908 digni
2344 2851 2471 2895 sunt
2521 2844 2714 2906 habiti,
2773 2845 2864 2913 qui
2915 2861 3011 2914 pro
3061 2846 3177 2913 ejus
3218 2863 3408 2903 amore

1847 2930 2146 2996 ignominia
2195 2932 2262 2984 ab
2312 2934 2620 2987 hominibus
2668 2935 3093 2990 afficerentur".
3145 2936 3407 2990 Animad-

1851 3020 2114 3080 vertistis,
2151 3021 2368 3083 fratres,
2412 3023 2675 3089 signaculi
2710 3025 2908 3078 Christi
2941 3042 3252 3093 expressam
3282 3027 3404 3080 eili-

1849 3111 2036 3177 giem?
2071 3111 2402 3177 Aguovistis,
2439 3114 2649 3173 ﬁdeles,
2684 3117 3043 3183 pr0prietates
3075 3117 3404 3172 characteris

175 3214 341 3258 tatem
387 3204 669 3272 ingressus
718 3202 900 3267 fuerit,
951 3212 1079 3256 tunc
1129 3204 1345 3256 modulo
1387 3219 1486 3259 suo
1527 3220 1586 3257 se
1633 3221 1745 3258 me-
1773 3213 1816 3270 (ι
1851 3201 2005 3268 ejus?
2041 3201 2214 3255 Unum
2255 3203 2499 3270 profec'o
2534 3204 2868 3272 signaculqu
2917 3205 3237 3258 illuminatio
3282 3205 3405 3272 Spis

176 3295 347 3358 tiens,
401 3295 730 3347 imbecillum
785 3295 1041 3356 inveniet,
1083 3295 1283 3362 quique
1331 3295 1395 3347 ad
1444 3294 1741 3347 celsitatem

176 3390 329 3444 illam
382 3391 763 3443 mandatorum
812 3389 1116 3456 pertingere
1165 3404 1271 3440 non
1319 3388 1532 3456 possit:
1571 3389 1675 3448 sed,
1695 3396 1749 3441 et

175 3496 472 3549 pauperem
520 3480 808 3547 imprimis,
846 3469 964 3533 Isive
1019 3480 1299 3546 indignum
1341 3481 1402 3530 ad
1437 3480 1745 3546 suscipien-

179 3571 308 3624 dum
342 3568 536 3632 Deum,
571 3570 635 3621 ad
670 3571 869 3637 gratias
903 3583 952 3622 et
988 3570 1171 3639 laudes
1198 3570 1370 3623 eidem
1408 3570 1745 3634 tribuendas,

179 3671 238 3714 ιιι
283 3663 374 3730 qui
428 3677 704 3727 nunquam
753 3662 1056 3729 proprium.
1099 3675 1160 3713 ac
1195 3676 1351 3712 suum
1400 3660 1615 3729 aliquod
1649 3662 1745 3712 bo-

180 3770 311 3806 num
356 3754 680 3818 possederit.
737 3752 858 3806 Haec
905 3755 994 3819 qui
1044 3761 1264 3820 propter
1310 3767 1368 3804 se
1409 3769 1530 3805 cum
1582 3753 1745 3804 animi

181 3860 346 3898 sensu
389 3851 627 3909 reputat,
662 3845 883 3897 omnino
918 3844 1121 3910 lugebit
1175 3843 1322 3895 luctu
1380 3859 1504 3896 vere
1548 3843 1748 3894 beatis-

180 3937 340 3994 sinto,
379 3935 469 4002 qui
503 3945 552 3986 ct
580 3935 953 3987 consolatione
988 3935 1254 4002 promissa
1279 3935 1510 3994 levatur,
1545 3945 1595 3986 et
1629 3935 1748 3985 aui-

185 4041 328 4078 mam
389 4028 569 4078 mitem
625 4026 792 4078 el'licit
845 4041 857 4075 :
908 4035 991 4077 est
1042 4026 1307 4092 siquidem
1362 4026 1554 4093 pignus
1596 4027 1747 4091 regni

185 4123 450 4172 caelorum
481 4133 544 4170 ex
589 4117 734 4169 luctu
768 4125 1176 4183 progeneratum
1213 4117 1487 4168 solatium.
1533 4133 1548 4164 t
1591 4115 1750 4169 Fides

184 4225 444 4277 namque,
477 4209 776 4261 secundum
810 4211 1231 4272 Apostolutn,est
1262 4225 1434 4260 rerum
1467 4209 1750 4271 Speranda-

187 4317 301 4353 rum
338 4302 642 4352 substantia
670 4301 735 4352 ⁸⁸.
777 4299 1084 4352 Consolatio
1122 4315 1302 4367 porro,
1351 4316 1510 4365 quam
1549 4299 1600 4350 in
1641 4297 1754 4350 ani-

191 4395 291 4446 mis
325 4393 638 4460 lugentibus
673 4392 963 4444 illttStratio
992 4392 1217 4456 spiritus
1245 4393 1519 4450 conciliat,
1554 4391 1753 4440 adven-

192 4493 278 4538 tus
312 4485 402 4535 Dei
438 4493 545 4545 est,
583 4470 864 4552 prtemium
915 4483 1229 4536 certaminis
1275 4483 1629 4534 humilitatem
1675 4483 1752 4534 eis

1849 3294 1989 3345 ritus
2019 3300 2121 3352 est,
2151 3292 2251 3345 etsi
2293 3295 2470 3346 multa:
2503 3303 2626 3346 sunt
2665 3293 2849 3346 formae
2877 3296 3253 3361 operationum
3283 3295 3408 3346 illu-

1851 3382 2164 3434 minationis
2213 3383 2394 3447 hujus,
2438 3386 2713 3451 multaque
2742 3386 3002 3436 virtutum
3036 3385 3154 3450 ejus
3186 3385 3406 3448 imlicia,

1851 3490 2083 3542 quorum
2127 3475 2382 3540 primum,
2425 3482 2478 3524 ct
2531 3475 2697 3540 magis
2747 3475 3136 3534 necessarium,
3187 3483 3240 3526 et
3285 3483 3406 3526 tan—

1851 3580 2011 3630 quam
2047 3563 2371 3629 principium
2405 3578 2464 3614 ac
2500 3565 2905 3616 fundamentum
2933 3572 3026 3615 est
3070 3562 3350 3617 humilitas
3389 3581 3402 3614 :

1849 3655 1928 3706 Ad
1963 3670 2112 3721 quem
2157 3654 2293 3705 enim
2341 3654 2636 3718 respiciam,
2677 3653 2872 3718 inquit,
2907 3654 3004 3703 nisi
3043 3667 3197 3717 super
3229 3651 3406 3703 [tanti-

1853 3746 1947 3796 [ειη
1973 3756 2014 3796 et
2051 3747 2300 3813 quietum,
2328 3753 2375 3796 ct
2413 3754 2708 3795 trementem
2745 3758 3005 3794 sermones
3038 3757 3176 3793 meos
3203 3743 3284 3792 “1'

1921 3835 2070 3885 Alter
2121 3835 2298 3886 luctus
2348 3842 2433 3885 cst
2479 3834 2840 3899 lacrymarutu
2897 3830 3036 3893 fons,
3089 3831 3154 3883 de
3211 3829 3410 3896 quibus

1852 3941 1974 3978 cum
2006 3925 2227 3992 copiose
2271 3926 2428 3975 velim
2475 3925 2766 3983 disserere,
2804 3922 2982 3973 verbis
3019 3921 3083 3972 ad
3121 3935 3279 3973 sensa
3310 3935 3410 3972 ex-

1854 4015 2100 4084 plicanda
2147 4015 2432 4065 destituor.
2479 4011 2584 4065 Res
2616 4014 2774 4068 mira,
2805 4021 2856 4064 et
2884 4025 3043 4077 quam
3077 4010 3258 4075 lingua
3301 4023 3408 4061 non

1854 4120 2029 4177 potest
2072 4107 2245 4160 cliari.
2295 4107 2396 4158 Per
2445 4105 2631 4157 oculos
2679 4102 2844 4155 fittcre
2894 4100 3222 4158 sentiuntur,
3260 4107 3312 4151 et
3345 4113 3412 4151 ex

1857 4201 2032 4252 anima
2067 4213 2284 4251 omnum
2315 4207 2657 4264 peccatorum
2691 4194 2872 4246 eluere
2908 4192 3324 4258 intelliguntur:
3361 4196 3415 4241 et

1858 4293 1909 4341 in
1958 4303 2151 4341 terram
2203 4289 2477 4346 cadentes,
2522 4287 2794 4336 daemones
2837 4289 3019 4345 urunt,
3065 4295 3127 4332 ac
3174 4290 3417 4346 proster-

1858 4390 2015 4440 nunt,
2049 4380 2393 4441 animamque
2425 4391 2452 4426 e
2489 4375 2722 4427 vinculis
2764 4375 2967 4441 peccati
3013 4370 3417 4440 inaspectabili-

1857 4469 1958 4520 bus
2001 4463 2266 4520 eximunt.
2304 4463 2346 4516 Ο
2388 4465 2637 4531 lacryma:
2674 4479 2738 4514 ex
2788 4463 2968 4513 divina
3018 4460 3416 4514 illuminatione

190 4577 420 4637 donans,
455 4530 656 4642 qua:ret
685 4589 892 4636 semen,
923 4583 975 4625 et
1009 4575 1267 4624 talentum
1304 4583 1543 4624 vocatur.
1579 4574 1749 4625 Aucta
1786 4530 1827 4581 ῃ
1861 4566 2241 4616 scaturteutes,
2293 4553 2489 4606 cmluut
2538 4553 2712 4619 ipsum
2760 4560 3089 4610 reserantes,
3142 4559 3192 4600 et
3236 4550 3414 4600 divina

192 4670 413 4737 quippe,
447 4674 503 4718 et
541 4666 894 4732 multiplicata
929 4665 980 4716 in
1014 4666 1146 4731 ipsis
1180 4663 1504 4716 certantium
1541 4666 1750 4730 anima-

191 4759 316 4822 bus,
344 4759 536 4823 partim
574 4757 926 4817 tricesimum,
954 4756 1146 4822 partim
1178 4756 1596 4819 sexagesimum,
1628 4769 1750 4819 par-

194 4851 290 4902 tim
347 4850 705 4902 centesimum
773 4846 879 4898 Deo
940 4846 1177 4899 fructum
1242 4844 1445 4904 fert“,
1516 4845 1746 4895 fructum

195 4951 438 4994 sanctum
476 4939 884 4998 charismatum,
931 4951 991 4988 ac
1043 4937 1306 4988 donorum
1355 4933 1605 5003 Spiritus.
1658 4933 1754 4986 Ubi

195 5033 336 5085 enim
370 5047 479 5082 non
507 5029 682 5081 fucate
710 5029 800 5082 sed
836 5044 962 5080 vere
993 5027 1214 5079 humilis
1247 5043 1309 5078 ac
1339 5026 1606 5079 demissus
1643 5025 1756 5076 :tni-

198 5141 342 5187 inus,
385 5124 459 5176 illi
499 5124 658 5175 etiam
688 5120 1016 5172 humilitatis
1062 5117 1308 5169 funilum.
1343 5116 1405 5167 Et
1448 5118 1532 5169 ttbi
1576 5117 1754 5168 humi-

196 5218 342 5277 litas,
400 5215 474 5267 ibi
535 5212 854 5265 illuminatio
905 5210 1150 5276 Spiritus.
1199 5206 1300 5261 Ubi
1351 5209 1572 5273 spiritus
1625 5208 1753 5259 illu-

197 5307 440 5365 mioatio,
495 5304 566 5356 ibi
607 5301 770 5354 divini
823 5300 1041 5352 luminis
1071 5299 1243 5366 copia,
1276 5309 1326 5350 et
1375 5299 1515 5350 Deus
1561 5301 1611 5348 in
1659 5312 1752 5350 sa-

198 5399 397 5466 pientia
446 5404 500 5448 et
532 5394 840 5460 cognitione
884 5390 1262 5459 mysteriorqu
1304 5388 1440 5455 ejus.
1481 5385 1577 5439 Ubi
1620 5402 1749 5440 vero

200 5489 333 5549 lucc,
373 5489 441 5540 ibi
493 5499 716 5552 regnum
763 5483 1045 5544 caelorum,
1095 5488 1150 5532 et
1197 5479 1344 5546 regni
1392 5479 1652 5545 cognitio,
1694 5486 1746 5530 et

202 5579 502 5634 absconditi
539 5575 783 5630 thesauri
822 5574 1058 5628 scientiae
1101 5571 1216 5631 Dei,
1256 5570 1306 5622 in
1344 5570 1542 5636 quibus
1579 5570 1739 5621 etiam

205 5680 493 5742 paupertas
522 5669 756 5740 spiritus
787 5667 1037 5736 patescit.
1069 5662 1169 5716 Ubi
1204 5670 1381 5715 autem
1421 5660 1761 5729 paupertatis

319 5848 364 5881 “
395 5847 580 5902 Matth.
607 5863 661 5910 ν,
695 5844 747 5898 5.
829 5844 872 5876 "
915 5841 1075 5896 llebr.
1109 5854 1187 5906 XI,
1225 5839 1274 5891 1.

1354 5838 1397 5870 ⁸⁸
1428 5835 1622 5891 Matth.
1671 5845 1794 5898 xm,
1825 5831 1856 5886 8
1898 5847 2046 5900 seqq.

1865 4651 1992 4702 mihi
2047 4648 2239 4702 solatia
2294 4647 2566 4713 parientes
2614 4660 2627 4695 :
2667 4644 2856 4694 iterum
2891 4643 3086 4708 quippe
3134 4650 3185 4693 et
3217 4640 3422 4706 sa‘pius.

1859 4739 2048 4793 eadem
2078 4753 2187 4804 prae
2221 4737 2508 4799 suavitate,
2542 4742 2594 4786 et
2625 4733 2892 4786 desiderio
2929 4732 3070 4783 dico.
3108 4732 3207 4784 llbi
3242 4731 3418 4798 lacry-

1862 4843 2068 4880 marum
2122 4826 2298 4892 Copia,
2350 4824 2564 4882 fratres,
2623 4837 2741 4874 cum
2795 4821 3102 4888 cognitione
3149 4836 3298 4881 vera,
3340 4821 3414 4874 ibi

1863 4921 2023 4973 etiam
2066 4917 2232 4969 divini
2282 4914 2500 4966 luminis
2536 4913 2827 4981 Splendor;
2865 4913 2955 4964 ubi
3000 4913 3218 4963 luminis
3256 4911 3417 4977 hujus

1864 5008 2141 5078 Splendor,
2196 5008 2268 5060 ibi
2319 5011 2452 5059 bona
2508 5006 2853 5072 suppeditant
2892 5004 3094 5060 omnia.
3148 5012 3200 5055 et
3239 5004 3419 5070 signa»

1862 5103 2041 5157 culum
2079 5100 2255 5154 sancti
2293 5099 2530 5166 Spiritus
2563 5097 2837 5164 plantatur
2875 5095 2927 5145 in
2965 5096 3148 5157 corde,
3191 5094 3332 5146 unde
3365 5102 3418 5146 et

1865 5211 2055 5250 omnes
2082 5195 2202 5248 vitae
2235 5194 2444 5245 fructus
2475 5190 2818 5244 exoriuntur.
2849 5186 2986 5239 llinc
3017 5187 3232 5240 Christo
3268 5200 3418 5238 mau-

1863 5290 2098 5344 suetudo
2132 5287 2472 5356 producitur,
2508 5297 2630 5352 pax,
2678 5282 3042 5348 eleemosyna,
3086 5277 3413 5345 contpassio,

1859 5381 2188 5448 benignitas,
2226 5378 2464 5438 bonitas,
2501 5375 2653 5436 fides,
2683 5371 3035 5426 continentia.
3065 5369 3200 5422 llinc
3231 5375 3416 5419 manat

1857 5473 2106 5535 inimicos
2146 5471 2387 5537 diligere,
2427 5476 2477 5519 et
2519 5481 2613 5534 pro
2667 5465 2769 5517 illis
2815 5477 2990 5524 orare,
3023 5461 3274 5528 ,gaudere
3332 5459 3415 5508 in-

1859 5565 2274 5624 tentationibus,
2325 5559 2542 5629 gloriari
2601 5558 2653 5608 in
2706 5553 3166 5615 tribulationibus,
3211 5550 3419 5602 alienos

1875 5660 2058 5723 lapsus
2090 5655 2288 5708 ducere
2330 5665 2479 5712 suos,
2528 5656 2580 5703 et
2625 5646 2824 5702 deflere
2859 5656 3112 5714 tanquam
3147 5643 3416 5712 proprios,

2127 5832 2168 5861 ⁸⁷
2207 5833 2326 5884 Act.
2355 5845 2404 5893 v,
2448 5827 2539 5881 41.
2613 5822 2658 5856 ⁸⁸
2711 5820 2812 5878 lsa.
2845 5817 3065 5886 t.xv1,2.
