4128 6338
677 406 787 475 415

1925 411 2318 506 summus
2347 415 2721 477 JUNtoats

3818 419 3921 482 illi

672 527 906 576 animam
941 538 1039 592 pro
1074 521 1339 578 fratribus
1372 533 1623 594 prompte
1656 525 1722 578 ad
1757 533 1985 578 mortem
2020 523 2237 580 oﬂ‘crre.
2269 522 2319 583 A
2345 523 2514 579 Multo
2556 525 2722 595 igitur
2762 525 2904 594 Ignis
2947 527 3306 596 intelligibilis
3351 529 3403 584 ln
3436 531 3568 601 ipsis
3601 531 3914 600 intelligibi—

667 616 867 669 Audite
901 616 1085 685 igitur,
1120 617 1372 680 obsecro,
1405 615 1701 670 Christiani
1740 617 1959 678 fratres,
2000 625 2055 670 et
2100 617 2238 671 resi-

668 707 887 773 piscite,
930 716 983 761 et
1019 707 1213 771 videte,
1262 724 1388 762 num
1437 710 1614 762 lumen
1652 712 1704 764 in
1751 711 2008 765 cordibus
2038 714 2236 765 vestris

665 800 943 862 illuxerit;
997 815 1123 859 num
1184 817 1436 868 maguum
1497 803 1627 854 illud
1683 805 1860 855 lumen
1905 805 2236 872 cognitionis

665 893 988 958 :tspeveritis
1031 911 1043 945 :
1096 908 1222 943 num
1269 893 1571 946 visitaverit
1611 909 1706 946 vos
1754 893 1949 948 Oriens
1996 911 2058 948 ex
2099 898 2233 959 alto,

666 980 1025 1034 illuscesccns
1057 983 1214 1036 vobis
1256 984 1307 1036 in
1343 985 1602 1046 tenebris,
1644 996 1692 1035 et
1733 986 1783 1036 in
1819 989 2007 1038 umbra
2045 990 2259 1041 mortis.

663 1074 983 1124 sedentibus
1007 1074 1069 1124 ⁸⁵.
1104 1073 1246 1125 Deus
1277 1076 1420 1126 enim
1455 1092 1574 1128 cum
1604 1077 1810 1128 nullius
1843 1087 2017 1140 egeat,
2054 1078 2234 1145 sitque

664 1163 932 1215 lienorum
965 1165 1172 1232 plenus,
1212 1167 1346 1219 nihil
1379 1183 1405 1218 a
1441 1169 1600 1220 nobis
1630 1179 1824 1236 prrrtcr
1857 1170 2084 1223 salutem
2115 1186 2237 1224 nos-

661 1266 797 1308 tram
835 1259 1097 1323 requirit;
1149 1276 1252 1324 qua
1305 1260 1463 1312 aliter
1499 1260 1670 1327 potiri'
1703 1264 1780 1313 fas
1831 1277 1941 1314 non
1980 1271 2083 1323 est,
2126 1264 2234 1316 nisi

663 1365 818 1400 tuens
855 1342 1258 1404 nostra'divina
1302 1354 1500 1405 virtute
1552 1355 1886 1415 immutetur,
1926 1361 1983 1405 ttt
2021 1357 2090 1406 sit
2134 1370 2234 1408 en-

661 1440 806 1501 thea,
841 1439 889 1490 id
921 1451 1023 1501 est,
1057 1439 1288 1494 Numine
1317 1441 1516 1505 amata,
1555 1459 1581 1495 a
1619 1443 1726 1496 Deo
1756 1455 1900 1505 arta,
1937 1446 2053 1498 sive
2083 1447 2233 1498 omni

662 1533 1076 1597 perturbatione
1127 1548 1343 1596 carens,
1385 1544 1437 1588 et
1492 1549 1702 1590 sancta.
1759 1536 1909 1590 Mens
1965 1539 2106 1589 enim
2139 1553 2236 1591 eu-

660 1625 782 1676 thea
827 1633 928 1687 est,
966 1641 1087 1684 uiue
1130 1626 1293 1679 Deum
1339 1629 1390 1681 in
1437 1645 1495 1682 se
1543 1629 1727 1687 habet.
1776 1628 1924 1683 Talis
1977 1640 2158 1684 autem
2203 1648 2231 1685 a

661 1715 950 1781 semetipsa
987 1717 1098 1767 fieri
1133 1717 1270 1767 haud
1305 1726 1501 1782 potest.
1530 1716 1646 1769 Jain
1674 1719 1762 1785 qui
1804 1719 1910 1772 Deo
1945 1736 2040 1787 per
2074 1721 2232 1775 lidcm

657 1805 987 1870 coniunctus
1014 1814 1121 1865 est.
1151 1823 1353 1874 perque
1381 1809 1762 1862 mandatorum
1791 1811 2228 1865 observationem

2346 615 2490 669 libus
2538 617 2826 684 occultior,
2859 628 2911 672 et
2954 634 3192 675 arcanus
3228 613 3421 691 magis,
3456 640 3615 694 quam
3648 625 3921 683 sensibilis

2346 706 2401 758 in
2432 706 2803 764 sensibilibus.

2420 796 2655 851 Proinde
2687 800 3066 868 inspiciamus,
3119 801 3341 863 fratres.
3374 803 3755 873 subtiliterque
3791 819 3920 858 nos-

2347 898 2455 943 met
2487 887 2919 958 pcrscrntemur,
2955 901 3412 960 etpernoscamus
3438 894 3652 945 animos
3679 901 3920 954 nostros,

2344 996 2473 1034 num
2505 985 2558 1035 in
2611 985 2771 1036 nobis
2802 983 3006 1037 Christi
3084 985 3424 1052 signaculum
3477 985 3570 1038 sit.
3643 985 3922 1038 Discamus

2345 1091 2411 1128 an
2456 1076 2510 1128 in
2566 1077 2722 1128 nobis
2757 1078 2829 1129 sit
2883 1076 3152 1138 Christus,
3209 1091 3273 1127 cx
3336 1076 3556 1128 indiciis
3596 1082 3649 1129 et
3727 1077 3919 1142 signis.

2345 1180 2466 1231 quae
2523 1167 2868 1232 protulimus.
2911 1165 3060 1229 Quod
3104 1167 3148 1220 si
3199 1165 3500 1237 Christum,
3544 1175 3636 1218 aut
3670 1166 3788 1232 ejus
3844 1166 3921 1220 si-

2347 1257 2636 1323 gnaculum
2671 1256 2899 1308 necdum
2957 1256 3294 1322 accepimus,
3347 1258 3600 1325 dictaque
3654 1259 3807 1323 signa
3868 1258 3920 1309 in

2343 1349 2501 1401 nobis
2529 1348 2660 1412 ipsis
2693 1348 2833 1400 haud
2886 1349 3237 1416 agnoscimus
3273 1365 3287 1401 :
3321 1351 3450 1414 quin
3487 1356 3678 1401 contra
3717 1351 3920 1415 potius,

2344 1441 2582 1492 mundus
2616 1441 2772 1492 fallax
2815 1442 2865 1492 in
2910 1441 3063 1493 nobis
3112 1441 3265 1500 vivit,
3299 1455 3510 1505 nosque
3546 1440 3597 1493 in
3633 1443 3754 1508 ipso
3787 1441 3922 1495 infe-

2344 1532 2476 1584 lices
2517 1533 2775 1595 vivimus,
2839 1533 3166 1599 temporaria
3219 1534 3396 1599 magui
3438 1535 3720 1596 ducentes,
3753 1541 3805 1586 et
3868 1535 3919 1588 in

2341 1623 2724 1676 tribulationes
2771 1623 3091 1684 incidimus,
3161 1629 3216 1678 et
3275 1633 3497 1691 propter
3563 1624 3922 1693 ignominias,

2344 1729 2406 1766 ac
2465 1713 2789 1766 detrimenta
2840 1716 3170 1777 cruciamur,
3241 1713 3544 1768 honoribus
3610 1717 3698 1769 ide
3735 1729 3919 1782 verso,

2341 1805 2566 1870 divitiis,
2627 1805 2837 1859 deliciis
2878 1807 3178 1875 gaudemus
3245 1815 3298 1858 et
3337 1807 3704 1869 exsultamus,
3783 1807 3920 1876 proh

660 1894 811 1947 illum
874 1897 1047 1959 novit,
1109 1913 1231 1950 eum
1291 1913 1512 1965 quoque
1568 1915 1666 1966 per
1716 1901 2228 1966 contemplationem
2265 1881 2303 1931 Β
2335 1894 2616 1958 damnum,
2647 1897 2781 1964 proh
2816 1897 3203 1965 ignorantiam,
3239 1899 3371 1966 proh
3400 1901 3722 1962 caecitatem,
3786 1900 3918 1968 proh

657 2002 884 2040 cernere
929 1991 1149 2040 omnino
1197 1991 1393 2058 dignus
1443 2000 1548 2044 est.
1604 1992 1706 2046 Per
1759 1991 1916 2043 tidem
1956 1993 2226 2060 siquidem

660 2089 865 2132 certam
902 2080 1153 2135 Christus
1187 2082 1238 2134 in
1265 2098 1329 2134 eo
1359 2083 1589 2147 habitat,
1626 2093 1678 2138 et
1710 2101 1862 2139 mens
1895 2087 2094 2140 enthea
2127 2087 2228 2141 (ῆι.

660 2175 919 2226 Servatur
959 2191 1124 2241 porro
1169 2178 1366 2228 enthea
1407 2192 1468 2228 ex
1505 2193 1593 2236 eo,
1635 2178 1777 2244 quod
1825 2195 1911 2232 res
1945 2180 2008 2231 ad
2042 2180 2231 2234 Chris-

657 2275 774 2316 tum
831 2269 1168 2331 pertinentes‘
1215 2282 1431 2333 semper
1479 2278 1717 2331 exercet,
1759 2280 1807 2323 et
1858 2272 2068 2339 legibus
2112 2272 2230 2340 ejus

661 2354 908 2407 attendit.
938 2355 1065 2408 lude
1098 2357 1174 2417 lit,
1206 2364 1262 2407 ut
1307 2358 1469 2409 etiam
1508 2360 1758 2411 mandata
1789 2360 1905 2424 ejus
1935 2363 2228 2428 custodiat,

661 2447 1121 2511 quetnzulniodum
1150 2464 1217 2501 ex
1247 2464 1310 2500 eo
1342 2450 1487 2516 quod
1523 2460 1758 2502 mentem
1793 2453 2053 2505 divinitus
2082 2452 2231 2506 allia-

665 2549 775 2590 tatn
809 2538 990 2597 habet,
1021 2538 1278 2599 efficitur,
1318 2551 1373 2593 ut
1406 2542 1660 2594 mandata
1689 2542 1893 2606 Christi
1925 2552 1977 2595 et
2002 2549 2225 2611 cogitet,

658 2637 713 2680 ct
739 2638 1076 2693 exsequatur
1109 2645 1122 2681 :
1169 2629 1380 2697 singula
1415 2631 1557 2681 enim
1590 2641 1642 2682 et
1668 2631 1957 2691 cohibent,
1991 2634 2231 2699 comple-

660 2725 991 2784 ctunturque
1035 2719 1178 2783 quod
1229 2719 1533 2785 proximum
1577 2732 1679 2781 est,
1713 2729 1765 2772 et
1798 2721 2124 2773 cohibentur
2164 2724 2232 2776 ab

661 2808 802 2872 ipso,
852 2808 1310 2875 continenturque
1358 2818 1411 2861 et
1468 2810 1768 2861 continent.
1822 2808 2231 2865 Contendamus

661 2897 842 2961 itaque
891 2897 981 2949 Dei
1031 2900 1313 2965 praeceptis
1365 2900 1702 2954 facessendis
1742 2900 1861 2969 (per
1903 2901 2045 2966 quod
2087 2905 2230 2956 divi-

660 3002 788 3038 num
828 2987 1005 3040 lumen
1043 2989 1275 3057 amplius
1312 3005 1594 3057 apparere,
1632 3001 1682 3044 et
1724 2994 2048 3058 amplificari
2094 3009 2231 3047 con-

660 3076 859 3142 suevit)
889 3078 1130 3130 divinum
1167 3081 1343 3144 ignem
1379 3081 1430 3132 in
1472 3082 1628 3133 nobis
1661 3083 2031 3136 abundantius
2061 3086 2226 3138 alere.

663 3167 732 3221 Ut
778 3168 921 3219 enim
978 3169 1115 3235 apud
1164 3184 1261 3222 nos
1316 3171 1456 3238 ignis
1499 3172 1600 3224 sub
1644 3187 1864 3224 sensum
1921 3174 2124 3229 cadi-ns
2176 3176 2227 3228 in
2260 3206 2300 3260 ς

661 3258 808 3326 ligno
839 3261 1200 3326 conspicitur,
1231 3269 1282 3314 et
1317 3263 1640 3326 srintillnla,
1675 3264 1718 3317 si
1760 3266 2038 3318 materiam
2077 3282 2227 3319 cont-

662 3350 1030 3417 prehenderit,
1078 3367 1324 3420 magnam
1363 3353 1532 3407 facem
1568 3357 1832 3418 incendit,
1871 3359 2229 3426 appositoque

660 3444 998 3498 nutrimento
1048 3445 1318 3498 flutnuatn
1373 3448 1643 3514 ingentem
1695 3449 1924 3501 suscitat
1979 3467 1994 3501 :
2041 3450 2120 3502 sic
2171 3465 2229 3504 se

664 3536 825 3589 habet
853 3539 991 3605 ignis
1036 3539 1124 3591 illc
1172 3539 1492 3605 spiritualis,
1536 3542 1587 3590 in
1625 3539 1710 3592 his
1750 3555 1868 3604 quae
1902 3542 1999 3594 soli
2031 3542 2230 3596 intelli-

660 3632 856 3695 gentia:
891 3640 1094 3696 patent.
1139 3631 1291 3694 Quod
1329 3632 1492 3697 igitur
1527 3632 1728 3699 lignum
1766 3640 1847 3685 cst
1885 3635 1991 3701 igni
2035 3649 2228 3701 corpo-

663 3731 804 3782 rato,
841 3721 943 3774 hoc
973 3722 1151 3773 anitua
1192 3723 1420 3774 rationis
1451 3738 1672 3790 compos
1709 3723 1912 3777 habens
1946 3726 2222 3789 mandata,

666 3811 770 3876 igni
811 3811 1135 3864 Divinitatis.
1167 3811 1277 3863 Non
1303 3813 1447 3865 enim
1481 3814 1778 3871 secundum
1811 3817 2044 3883 seipsam
2080 3816 2228 3868 Divi-

665 3901 808 3954 nitas
858 3902 1209 3967 perspicitur,
1263 3902 1308 3956 si
1361 3903 1412 3954 in
1465 3903 1539 3965 id,
1585 3905 1727 3970 quod
1778 3913 1861 3957 est
1909 3907 2134 3960 rationis
2174 3917 2229 3962 et

662 3993 874 4045 consilii
925 3991 1214 4058 particeps,
1261 4009 1366 4045 non
1417 3992 1689 4048 inciderit.
1736 3995 1899 4054 Sicut
1949 4007 2126 4050 autem
2169 4013 2228 4051 se

664 4084 820 4136 habet
858 4085 996 4152 ignis
1025 4085 1110 4136 hic
1138 4099 1321 4138 noSIer
1347 4086 1397 4137 in
1430 4087 1533 4145 bis.
1567 4088 1631 4139 ad
1656 4102 1775 4154 quae
1803 4105 1996 4143 sensus
2022 4092 2226 4157 pertin-

662 4173 734 4240 git
789 4191 801 4226 :
856 4174 927 4224 ita
981 4175 1119 4241 ignis
1158 4176 1513 4243 intelligibilis
1555 4179 1604 4229 in
1643 4179 1722 4232 his
1757 4194 1878 4245 qua:
1921 4179 1985 4231 ad
2026 4181 2227 4232 intelli-

663 4271 894 4330 gentiam
928 4275 1193 4332 spectant.
1239 4270 1298 4319 lit
1329 4269 1603 4331 quomodo
1637 4270 1775 4336 ignis
1814 4271 2088 4323 sensibilis
2119 4287 2224 4323 non

662 4358 893 4419 videtur,
926 4359 1024 4410 nisi
1057 4359 1106 4410 in
1144 4361 1362 4410 matr-ria
1394 4359 1552 4411 fuerit
1584 4363 1854 4414 excitatus
1890 4380 1900 4413 :
1943 4364 2012 4412 ita
2053 4377 2225 4428 neque

663 4450 1010 4514 intelligiblis
1055 4454 1104 4500 in
1149 4450 1596 4516 intelligibilibus,
1648 4452 1744 4502 nisi
1793 4452 1844 4503 in
1881 4454 2102 4504 materia
2137 4470 2221 4506 sa-

661 4556 822 4592 Crutlt
853 4561 876 4585 ιι
936 4541 1335 4599 tiattdatorutn,
1389 4542 1542 4603 quasi
1593 4540 1644 4590 in
1693 4541 1855 4604 lignis
1906 4543 2173 4594 exstitmit
2211 4561 2224 4596 :
2263 4548 2303 4598 Ι)

662 4631 761 4692 Qui
792 4630 958 4698 diligit
1001 4646 1100 4689 me,
1137 4628 1310 4694 inquit
1352 4629 1632 4692 Dominus,
1677 4631 1928 4680 mundata
1972 4648 2083 4681 mea
2122 4649 2229 4683 ser-

661 4722 823 4778 t-ubit,
871 4733 918 4771 rt
966 4738 1056 4788 ego
1107 4722 1319 4788 diligunt
1369 4738 1504 4782 eum,
1552 4731 1597 4771 et
1650 4722 1995 4784 timui/'estabo
2028 4724 2075 4774 ei
2126 4740 2230 4775 mc-

662 4811 829 4869 ipsum
855 4810 919 4860 ⁷ο.
972 4810 1113 4871 lenis
1156 4826 1312 4873 quem
1349 4824 1510 4860 sensu
1556 4810 1903 4875 percipimus,
1939 4822 2226 4879 antequam

660 4901 869 4958 t-znict-t,
910 4901 1035 4951 latet
1078 4901 1126 4949 in
1163 4902 1516 4951 St‘llSlitlililllS
1553 4919 1563 4950 :
1603 4910 1650 4952 ct
1692 4902 1932 4952 :tlulitutu
1973 4912 2057 4952 est
2089 4904 2227 4954 diii-

665 5007 788 5040 :tittu
826 4991 911 5040 ill:l
938 5008 1024 5053 cn,
1061 4994 1373 5060 priusquam
1409 4993 1641 5054 eluceat,
1683 4995 1732 5043 iti
1768 4993 1850 5045 his
1880 5011 1997 5061 qum
2032 4997 2229 5047 intelli-

663 5081 854 5137 rcntitc
899 5092 1044 5135 sunt.
1097 5085 1240 5150 ignis
1295 5085 1622 5150 principium
1667 5101 1771 5135 non
1807 5085 2224 5150 comprrhctuli-

662 5185 770 5230 tur,
818 5188 1008 5240 estque
1051 5176 1323 5226 oc:-.ultum
1376 5176 1425 5226 in
1467 5176 1818 5227 scnsihilibus
1866 5193 1876 5227 :
1919 5187 1971 5228 ct
2018 5177 2223 5229 intelle-

664 5266 857 5319 t'tualis
899 5267 1035 5333 ignis
1069 5268 1412 5333 principium,
1449 5278 1526 5319 est
1558 5270 1832 5319 occultum
1871 5267 1920 5319 in
1959 5270 2120 5321 rebus
2158 5269 2222 5321 atl

665 5361 1074 5418 i:tli'lll;,:PtIli:ttn
1108 5363 1499 5426 spectantibus.
1534 5360 1730 5412 Verum
1779 5361 2055 5414 sensibilis
2088 5361 2224 5428 ignis

667 5452 1019 5504 scusibilibus
1071 5454 1372 5504 substantia
1429 5454 1619 5505 similis
1668 5461 1750 5504 cst
1803 5471 1814 5505 :

670 5554 846 5596 autem
901 5545 1039 5612 ignis
1091 5546 1516 5611 intelligibilibus
1577 5544 1883 5596 substantia
1939 5545 2224 5599 dissimilis

668 5645 773 5701 cst,
815 5637 940 5703 quia
991 5637 1170 5705 opifex
1212 5653 1333 5691 eum
1381 5638 1596 5705 opificio
1645 5653 1744 5690 suo
1795 5636 1933 5690 idem
1972 5653 2074 5690 non
2117 5645 2219 5690 est.

738 5753 781 5783 "
813 5752 944 5807 Luc.
989 5769 1027 5818 ι,
1069 5753 1157 5818 78,
1190 5754 1275 5805 τι).

676 5822 760 5874 95.

1873 5454 2226 5517 intclligibilis

1353 5756 1395 5785 ⁷ο
1420 5754 1573 5806 Juan.
1612 5771 1717 5816 xiv,
1762 5754 1854 5807 “ll.

1930 5754 1970 5782 τί
1994 5752 2109 5806 Jac.
2151 5772 2220 5813 ιγ,
2261 5758 2302 5807 i.

2337 1987 2642 2052 miseriam,
2675 1999 3060 2058 stuporemque
3082 2000 3352 2052 nostrum,
3389 2006 3418 2043 a
3453 1992 3655 2060 quibus
3679 1991 3920 2052 subacti,

2335 2082 2390 2136 in
2431 2092 2625 2134 terram
2681 2084 3090 2150 proculcamur.
3155 2084 3297 2136 Sane
3334 2084 3696 2146 miserabiles,
3731 2083 3922 2151 longe-

2335 2189 2441 2242 que
2480 2173 2867 2237 infelicissimi,
2905 2184 3068 2241 atque
3099 2175 3166 2227 ab
3202 2175 3319 2243 ipsa
3358 2181 3563 2228 aeterna
3628 2175 3739 2228 vita
3783 2183 3837 2228 et
3891 2190 3920 2229 a

2339 2281 2505 2334 regno
2533 2266 2799 2318 cmlorum
2836 2266 3081 2318 extranei
3140 2281 3354 2324 sumus.
3398 2281 3504 2318 non
3572 2267 3806 2332 amplius
3864 2265 3919 2320 in

2340 2355 2496 2408 nobis
2531 2357 2666 2422 ipsis
2740 2356 3020 2408 Christum
3075 2357 3442 2424 possidentes,
3489 2357 3585 2410 sed
3652 2356 3917 2409 mundum

2337 2449 2389 2500 in
2426 2447 2835 2515 nobismetipsis
2866 2451 3136 2501 viventem
3174 2448 3457 2510 habentes,
3491 2458 3679 2514 utpote
3716 2448 3769 2500 in
3797 2448 3922 2517 ipso

2337 2540 2606 2599 viventes,
2642 2546 2694 2591 et
2728 2546 2940 2590 terrena
2998 2539 3291 2604 sapientes.
3342 2537 3441 2602 Qui
3491 2540 3560 2590 ita
3594 2548 3673 2592 est
3701 2538 3920 2591 anima-

2337 2639 2445 2691 tus,
2498 2630 2750 2682 inimicus
2802 2629 2893 2682 Dei
2934 2639 3154 2697 apertus
3215 2640 3318 2684 cst.
3366 2630 3498 2682 Nam
3535 2629 3751 2682 affectio
3785 2645 3920 2695 erga

2337 2719 2618 2782 mundum,
2657 2721 2873 2772 inimica
2908 2733 2990 2774 est
3016 2720 3122 2773 Deo
3152 2721 3218 2782 7‘,
3273 2720 3428 2788 juxta
3463 2722 3594 2774 illud
3620 2721 3870 2789 ApuStoli
3903 2740 3916 2774 :

2340 2813 2421 2866 Ne
2454 2813 2690 2880 diligatis
2712 2813 2984 2875 mundum,
3025 2829 3186 2880 neque
3203 2831 3262 2866 ea
3283 2831 3397 2882 qum
3421 2816 3686 2866 inmundo
3702 2824 3820 2868 sunt
3845 2815 3917 2868 ⁷³.

2335 2902 2471 2969 Quia
2509 2919 2670 2957 nemo
2719 2912 2891 2971 potest
2939 2904 3046 2957 Deo
3080 2905 3304 2967 servire,
3341 2913 3395 2958 et
3453 2907 3753 2959 secundum
3814 2906 3919 2960 ho—

2338 2995 2538 3048 minem
2628 2995 2829 3047 vivere.
2907 2994 3046 3048 Vere
3101 2996 3234 3048 nihil
3310 2997 3523 3059 melius,
3587 2997 3800 3056 fratres.
3857 2997 3916 3055 in

2339 3083 2567 3149 mundo,
2605 3100 2768 3153 quam
2809 3085 2944 3136 nihil
3001 3084 3202 3138 habere
3254 3086 3465 3153 mundi,
3535 3101 3711 3154 neque
3766 3086 3914 3139 ultra

2336 3188 2397 3228 ea
2432 3189 2552 3241 quae
2601 3175 2814 3240 corpori
2866 3177 3175 3229 necessaria
3219 3184 3366 3237 sunt,
3402 3176 3720 3230 desiderare
3755 3177 3918 3246 quid-

2338 3279 2523 3333 quam.
2565 3263 2878 3318 Necessitas
2903 3276 3080 3320 autem
3157 3267 3279 3329 ista,
3335 3268 3378 3319 si
3432 3269 3690 3319 rationem
3727 3269 3921 3320 audia-

2339 3369 2484 3417 mus,
2528 3360 2613 3406 cst
2645 3355 2802 3420 panis
2833 3362 2885 3406 et
2913 3370 3074 3421 aqua,
3127 3357 3507 3410 vestimentum
3543 3366 3595 3408 et
3627 3366 3917 3422 tegumen-

2336 3454 2473 3506 tum,
2540 3445 2840 3499 secuudnm
2901 3447 3142 3499 divinum
3230 3447 3576 3514 Apostoluui,
3660 3449 3912 3500 (tabentes

2335 3539 2526 3588 victum
2567 3545 2616 3588 et
2643 3539 2907 3599 vestitum,
2943 3538 3020 3590 Itis
3073 3541 3302 3592 contenti
3356 3540 3550 3590 erimus
3580 3540 3624 3569 ⁷³
3675 3540 3827 3603 Quod
3866 3542 3912 3593 si

2334 3643 2390 3681 re
2409 3629 3148 3696 aliquainsuperegebimus,
3183 3630 3298 3698 ipse
3339 3645 3435 3693 pro
3463 3641 3612 3682 certo
3646 3631 3913 3699 pnebcliit

2332 3718 2490 3772 nobis
2553 3719 2904 3771 credentibus
2982 3728 3033 3772 et
3091 3721 3462 3787 sps-rantibus,
3537 3719 3630 3786 qui
3703 3720 3911 3783 majora

2333 3811 2557 3875 largitus
2604 3819 2707 3872 cst,
2735 3822 2779 3862 et
2807 3812 2984 3877 implet
3019 3828 3165 3865 omne
3206 3812 3404 3863 animal
3450 3811 3802 3862 benedirtione
3841 3811 3913 3875 “,

2337 3902 2501 3954 modo
2537 3911 2732 3955 castera
2795 3904 2976 3954 omnia
3011 3904 3173 3971 hujus
3229 3903 3385 3955 ﬂuxa:
3437 3910 3489 3955 et
3540 3902 3756 3954 caducae
3787 3903 3912 3954 vita:

2333 3993 2750 4060 relinquamus;
2805 4002 2934 4062 puta
3021 4009 3214 4045 vanam
3284 3994 3535 4061 gloriam,
3601 3992 3908 4044 invidiam:

2331 4086 2744 4138 contentionem
2794 4093 3060 4148 mutuam,
3114 4085 3320 4147 dolum,
3388 4083 3907 4144 murmurationem,

2330 4178 2497 4240 rixas,
2539 4177 2902 4234 mendacium.
2955 4176 3273 4243 periurium,
3349 4175 3672 4241 injustitiam
3728 4176 3912 4228 avari-

2334 4267 2484 4328 tiam,
2516 4268 2930 4331 coutuuteliam,
2973 4267 3327 4328 calumniam,
3375 4266 3749 4327 maledictum,
3779 4282 3913 4319 con-

2330 4361 2717 4421 certationem,
2761 4359 3235 4420 obtrectationem,
3307 4356 3772 4415 criminationem,
3817 4373 3912 4408 su-

2332 4451 2595 4516 perbiam,
2618 4452 2896 4502 hominum
2916 4451 3123 4510 odium,
3147 4449 3572 4514 improbitatem,
3602 4458 3912 4515 caetet'aque

2336 4541 2614 4596 universa,
2665 4554 2783 4604 qua:
2825 4537 3073 4589 diabolus
3106 4552 3279 4603 genus
3355 4537 3650 4586 humanum
3697 4535 3906 4587 docuit.

2335 4627 2562 4693 Picptt-r
2601 4628 2712 4678 lucc
2764 4628 2907 4677 cuitu
2953 4642 3060 4678 non
3124 4626 3348 4694 diligere
3395 4625 3677 4686 mundum,
3716 4641 3812 4676 nec
3847 4641 3907 4676 ea

2331 4737 2451 4788 quin
2486 4721 2536 4770 in
2589 4719 2795 4771 mutulo
2859 4731 3003 4776 sunt,
3037 4718 3176 4784 jussi
3248 4734 3460 4771 sumus.
3516 4716 3719 4774 Nititit
3751 4732 3798 4767 (‘l
3848 4739 3910 4765 ii-

2333 4821 2479 4864 luras
2517 4813 2608 4862 Dei
2641 4813 2757 4864 sine
2797 4812 2904 4862 ttllo
2937 4812 3258 4863 tlisctitniue
3292 4811 3418 4859 odio
3462 4824 3860 4877 persetptamiir
3893 4829 3903 4860 :

2332 4914 2422 4954 μυεῖ
2459 4913 2514 4953 ιιι
2550 4905 2813 4955 malorum
2875 4905 3193 4955 oet-asioucs
3239 4902 3616 4967 prmcitlatnus,
3680 4898 3908 4965 Propter

2336 4995 2444 5046 lucc:
2477 4993 2661 5060 itaque
2708 4994 2993 5055 mundum,
3042 5003 3096 5044 et
3153 4993 3330 5042 omnia
3378 5007 3404 5042 a
3441 4992 3549 5043 Deo
3583 4992 3904 5046 avehentia,

2331 5096 2383 5135 rt
2421 5086 2482 5136 ::tl
2506 5087 2804 5154 periculum
2835 5087 3029 5137 anima:
3050 5084 3373 5137 deducentia
3393 5083 3660 5148 fugiamus
3680 5096 3903 5134 retr-eu.

2335 5181 2540 5230 lltcniiu
2584 5180 2702 5246 quis
2746 5180 2929 5244 gloria:
2989 5189 3041 5230 ct
3095 5181 3324 5231 honoris
3392 5176 3614 5226 humani
3689 5176 3905 5236 aridus,

2332 5280 2636 5330 ('.\_ll't‘.llllllll
2699 5272 3134 5336 vilissimumque
3218 5269 3460 5320 omnium
3530 5283 3588 5321 sc
3662 5283 3903 5332 unquam

2333 5364 2628 5429 inputabit,
2679 5371 2731 5415 et
2792 5363 3012 5415 humilis
3059 5364 3274 5428 Spiritu,
3332 5369 3425 5412 aut
3477 5361 3642 5412 corde
3691 5359 3906 5411 centri-

2334 5465 2424 5507 tus
2462 5457 2568 5515 lirt,
2624 5462 2716 5504 aut
2774 5454 2959 5506 lia-ere
3047 5470 3304 5517 unquam,
3377 5454 3602 5504 omnino
3663 5450 3904 5517 poterit?

2332 5548 2606 5616 Qttisitctu
2631 5562 2821 5599 amans
2845 5547 3088 5608 divitias,
3137 5546 3598 5611 pct‘uttiartttuquc
3621 5552 3669 5593 et
3692 5558 3905 5610 posscs-

3047 5470 3304 5518 unquam,

2333 5642 2547 5690 simium
2573 5641 2865 5706 cupiditate
2892 5639 3297 5705 pcsmiuuialus,
3325 5637 3390 5689 ad
3411 5634 3905 5696 aliisltribucnd-izn

2946 5755 3026 5805 ⁷³1
3059 5755 3196 5807 Tim.
3233 5771 3304 5810 vi,
3344 5754 3396 5806 8.
3473 5753 3516 5782 ’δ
3543 5750 3688 5805 Psal.
3723 5765 3902 5809 (λων.

2382 5756 2461 5807 τί
2489 5755 2641 5809 .lean.
2681 5773 2736 5813 ll,
2782 5757 2865 5807 lTi.
