4156 6340
752 365 854 428 4Σ9

1977 360 2356 422 SYMEONIS
2395 360 2758 422 JUNlORlS

3892 363 3997 427 4Ξο

753 485 1002 540 strasset,
1046 489 1427 545 praeceptaque
1461 474 1730 528 salutaria
1788 474 1996 528 sanctis
2025 472 2319 542 discipulis
2348 473 2398 530 Α
2425 470 2601 540 magis
2631 479 2690 522 ut
2730 469 2987 533 inﬁdelis,
3023 477 3116 522 aut
3174 469 3334 523 etiam
3373 470 3575 524 intideli
3627 471 3863 526 dc‘crior
3902 477 3995 543 ju-

756 573 873 624 suis
899 568 1187 634 edidisset,
1221 583 1416 622 rursus
1449 566 1515 618 ad
1537 566 1764 635 "patrem
1809 582 1968 621 suum
1997 582 2120 620 cum
2152 566 2324 634 gloria

756 658 1024 719 aSCt'fldll,
1055 658 1180 710 dato
1213 655 1404 708 iisdem
1443 653 1724 716 mandato,
1754 669 1948 721 nempe
1988 653 2089 705 hoc
2131 671 2143 706 :
2175 651 2326 703 Eun-

758 763 833 803 tes
868 751 1046 801 docete
1106 765 1284 802 omnes
1326 756 1523 812 gentes,
1561 746 1891 809 baptizantes
1919 760 2004 797 eos
2037 746 2092 796 in
2118 745 2327 796 nomine

756 842 958 904 Patris,
981 852 1031 893 et
1060 841 1214 903 Filii,
1245 847 1292 892 et
1324 838 1555 906 Spiritus
1589 841 1782 903 sancti,
1808 838 2050 890 docentes
2084 853 2170 889 eos
2217 852 2327 889 ser-

755 950 878 988 uare
909 936 1108 986 omnia.
1145 931 1262 985 Non
1303 933 1404 984 hoc
1435 940 1528 984 aut
1562 933 1691 984 illud
1717 945 1957 992 servare,
1992 931 2084 981 sed
2126 930 2322 990 omnia,

756 1041 1072 1094 quiscunque
1115 1024 1362 1076 mandavi
1393 1025 1618 1076 vobis“.
1650 1023 1916 1086 Quoniam
1956 1029 2134 1073 autem
2162 1021 2324 1080 dixit,

761 1108 981 1182 omnia,
1021 1119 1155 1170 nihil
1201 1118 1575 1186 przetermisit,
1626 1117 1770 1184 quod
1819 1131 1924 1167 non
1961 1129 2182 1166 servare
2211 1113 2330 1180 jus-

757 1212 912 1264 serit.
973 1210 1114 1273 Quid
1174 1208 1584 1276 amplius?Qui
1648 1208 1964 1267 crediderit,
2023 1206 2222 1272 inquit,
2278 1213 2327 1256 ct

759 1302 1061 1368 baptizatus
1105 1302 1282 1369 fuerit,
1337 1300 1628 1353 salvabitur
1660 1317 1677 1352 :
1713 1301 1801 1367 qui
1840 1308 2016 1350 autem
2050 1314 2152 1350 non
2213 1313 2327 1350 cre-

755 1392 966 1452 diderit,
1005 1391 1459 1442 cmrdentnabitur.
1492 1390 1627 1441 Nunt
1670 1390 1852 1455 igitur,
1895 1387 2092 1441 fratres
2117 1387 2328 1440 charis-

759 1485 908 1543 simi,
948 1483 1076 1550 quid
1113 1484 1212 1534 hoc
1243 1485 1310 1534 sit
1352 1482 1546 1545 nostis,
1577 1479 1717 1549 quod
1741 1481 1854 1532 ait:
1888 1482 1991 1545 Qui
2019 1480 2326 1543 crediderit,

754 1585 802 1625 et
839 1579 1140 1639 baptizatus
1172 1574 1368 1640 fuerit;
1399 1574 1593 1626 deinde
1626 1575 1819 1625 iterum
1852 1590 1864 1626 :
1902 1571 2005 1634 Qui
2031 1589 2131 1625 non
2155 1571 2327 1624 credi-

755 1665 931 1716 derit?
963 1666 1214 1719 Arbitror
1245 1669 1390 1719 enim
1415 1666 1557 1731 quod
1589 1667 1792 1718 dictum
1827 1675 1907 1718 est
1932 1665 2151 1734 planqu
2179 1680 2324 1726 esse,

757 1768 820 1804 ac
876 1753 1033 1806 facile
1069 1754 1133 1806 ad
1189 1756 1628 1823 intelligendum.
1683 1754 1856 1807 llabet
1894 1763 2075 1806 tamen
2126 1752 2326 1805 alicubi

756 1859 954 1898 sensus
1013 1848 1284 1914 profunde
1326 1848 1580 1900 lat—entes.
1639 1843 1828 1898 Fidem
1891 1845 1978 1900 hic
2017 1846 2178 1909 dicit,
2214 1860 2323 1898 non

754 1939 900 1991 hanc
958 1941 1154 2001 solam,
1212 1940 1488 1992 Christum
1560 1954 1681 1991 esse
1743 1940 1948 2002 Deum,
2012 1938 2104 1990 sed
2173 1938 2322 1990 illam

755 2029 1015 2087 maxime,
1069 2041 1190 2093 qua:
1249 2029 1429 2078 omnia
1486 2026 1551 2079 de
1603 2029 1809 2080 sanctis
1874 2027 2145 2079 mandatis
2208 2027 2324 2096 ejus

754 2119 902 2172 dicta
957 2119 1364 2186 complectitur,
1417 2134 1645 2186 quaeque
1695 2120 1744 2170 iu
1783 2135 1840 2172 se
1900 2119 2087 2170 omnia
2139 2118 2322 2170 divina

756 2211 876 2278 ejus
932 2210 1189 2262 mandata
1225 2212 1494 2270 continet,
1535 2219 1588 2262 et
1637 2209 1834 2271 credit,
1886 2210 2022 2262 nihil
2077 2211 2128 2261 in
2190 2208 2318 2272 illis,

758 2316 934 2369 usque
974 2299 1038 2353 ad
1085 2299 1336 2351 ultimum
1397 2302 1602 2366 apicem
1647 2304 1883 2354 otiosum
1925 2318 1936 2352 :
1981 2300 2074 2354 sed
2138 2300 2322 2353 omnia

761 2407 934 2458 usque
960 2392 1022 2443 ad
1066 2406 1231 2442 Unum
1273 2391 1380 2441 iota
1414 2391 1605 2452 vitam,
1642 2402 1692 2444 et
1725 2391 1885 2442 vitam
1930 2393 2320 2458 sempiternam

755 2479 1077 2533 conciliare.
1109 2481 1300 2546 Itaque
1327 2479 1370 2531 si
1405 2483 1528 2545 quis
1554 2482 1749 2544 credit,
1792 2483 1864 2534 ita
1892 2498 1949 2535 se
1979 2485 2066 2534 illa
2099 2485 2319 2552 habere,

754 2579 807 2626 et
838 2586 933 2638 per
963 2586 1179 2624 sacrum
1232 2573 1497 2639 baptisma
1545 2573 1608 2624 ad
1650 2573 1760 2626 haec
1814 2575 1995 2626 omnia
2030 2577 2319 2644 servanda,

753 2677 819 2716 ac
863 2664 982 2717 sine
1029 2665 1498 2731 prmtermissioue
1554 2664 1804 2717 facienda
1865 2666 2174 2733 descriptus
2214 2677 2316 2732 est,

754 2753 1078 2805 salvabitur.
1112 2751 1214 2817 Qui
1246 2768 1370 2806 vere
1403 2768 1685 2806 sermones
1714 2753 1832 2821 ejus
1859 2755 2020 2806 etiam
2055 2771 2228 2824 neque
2256 2759 2319 2812 ad

755 2857 924 2896 unum
960 2846 1190 2911 apicem,
1234 2855 1328 2896 aut
1381 2860 1549 2898 unum
1584 2845 1713 2905 iota.
1748 2853 1806 2897 ut
1839 2846 2048 2898 dictum
2078 2858 2181 2911 est,
2213 2863 2319 2902 non

754 2934 1076 2999 crediderit,
1116 2950 1220 2989 non
1256 2951 1436 3000 secus,
1474 2953 1634 3006 quam
1672 2937 1717 2991 si
1768 2949 1942 2990 totum
1978 2941 2317 3006 negavisset,

755 3025 1128 3082 damnabitur.
1186 3026 1250 3080 Et
1292 3030 1508 3082 merito.
1551 3029 1654 3093 Qui
1713 3030 1856 3082 enim
1913 3031 1964 3082 in
2017 3031 2225 3098 magnis
2269 3031 2317 3084 ei

2429 559 2742 622 dicabitur;
2788 561 3042 626 quoniam
3091 561 3144 613 in
3180 559 3481 629 majoribus
3508 564 3726 631 quidem
3761 565 3996 619 conlita

2427 659 2522 704 tur
2552 668 2610 705 se
2655 652 2874 707 Chrism
2915 654 3159 714 credere,
3194 654 3248 705 in
3281 654 3519 707 minimis
3561 665 3740 708 autem
3791 659 4000 724 ipsum,

2431 745 2815 798 universorum
2873 746 3058 809 Deum,
3102 762 3166 798 ac
3216 746 3504 799 Dominum
3559 751 3856 804 contemnit
3893 768 3907 802 :
3947 761 4000 804 ct

2429 837 2695 902 proliteus
2724 853 2782 890 se
2811 837 2863 889 in
2913 837 3032 889 aliis
3065 838 3288 890 credere
3342 848 3397 890 nt
3450 839 3578 903 Deo,
3607 855 3758 908 aeque
3788 855 3842 893 ut
3873 843 3999 895 cui-

2427 927 2572 995 piam
2626 927 2862 994 plebcio,
2898 943 2960 979 ae
3011 928 3215 995 vulgari
3269 928 3425 980 ﬁdem
3487 930 3734 997 denegat,
3771 933 3998 993 dicenti,

2430 1021 2590 1071 etiam
2626 1019 2692 1072 de
2735 1021 2900 1071 verbo
2941 1020 3118 1072 otioso
3176 1021 3426 1074 homines
3484 1021 3752 1075 rationem
3810 1024 4000 1077 reddi-

2432 1117 2585 1161 turos
2616 1110 2669 1161 in
2698 1110 2785 1162 die
2807 1112 3000 1177 judicii
3035 1129 3046 1162 :
3082 1120 3348 1179 putatque
3379 1127 3435 1165 se
3473 1113 3762 1174 ridentem,
3803 1118 4002 1168 obsce-

2431 1214 2632 1265 naque,
2676 1209 2728 1252 et
2764 1201 2942 1252 inania
2975 1202 3300 1269 gart‘icnlem
3327 1203 3523 1254 salvari
3557 1220 3730 1270 posse,
3761 1221 3882 1257 (um
3915 1207 4003 1260 ille

2434 1291 2664 1343 miseros
2701 1291 2948 1353 allirmct,
2985 1293 3075 1359 qui
3109 1292 3310 1355 rident,
3357 1293 3544 1346 beatos
3588 1309 3764 1347 autem
3795 1298 3887 1364 qui
3919 1299 4004 1349 lu-

2432 1381 2644 1448 gent“.
2682 1382 2938 1447 Quinimo
2968 1385 3058 1451 qui
3108 1401 3166 1439 se
3216 1401 3321 1437 non
3397 1389 3629 1455 abnegat
3683 1389 3866 1453 etiam,
3904 1403 4004 1441 ne-

2431 1490 2538 1542 que
2568 1491 2784 1528 crucem
2832 1478 3058 1542 bajulat,
3097 1480 3150 1530 in
3203 1480 3449 1531 omnium
3493 1481 3852 1532 teutalionum
3893 1482 4004 1534 im-

2430 1578 2558 1636 petu
2590 1585 2762 1636 usque
2789 1570 2854 1621 ad
2907 1578 3135 1621 mortem
3192 1571 3448 1623 alacriter
3478 1571 3824 1635 sustinendo,
3858 1586 4000 1638 quo-

2432 1660 2595 1714 modo
2624 1676 2719 1713 sua
2748 1676 2914 1713 causa
2945 1660 3266 1714 crucifixum
3302 1662 3456 1729 sequi
3501 1677 3558 1714 se
3590 1662 3907 1716 existim-st?
3936 1660 4003 1714 Et

2432 1753 2524 1820 qui
2583 1754 2703 1821 plus
2763 1753 2856 1806 illo
2904 1763 3180 1820 parentes,
3217 1762 3593 1822 cognatosque
3635 1752 3828 1819 diligit,
3862 1766 4003 1821 quo-

2434 1842 2590 1894 modo
2643 1857 2699 1895 se
2734 1841 2942 1896 Christi
2979 1843 3199 1912 dignum
3236 1843 3566 1912 discipulum
3596 1858 3660 1896 ex
3694 1845 3878 1897 animo
3915 1858 4002 1895 re.-

2429 1932 2624 2001 putat?
2657 1930 2720 1983 Et
2749 1932 2841 2001 qtti
2888 1948 2994 1984 non
3044 1933 3317 2000 abnegant
3371 1933 3609 1984 animam
3647 1941 3848 1994 suam,
3901 1934 3999 1987 sed

2428 2026 2641 2091 scipsos
2680 2033 2864 2076 amant
2893 2024 3092 2091 potius,
3135 2025 3357 2090 suisque
3398 2024 3794 2086 voluntatibus,
3825 2024 4000 2093 magis

2428 2131 2593 2184 quam
2634 2114 2724 2166 Dei
2758 2116 3159 2182 obsequuntur.
3197 2117 3396 2167 frustra
3443 2130 3501 2169 se
3537 2115 3656 2184 ejus
3691 2115 4004 2181 discipulos

2426 2221 2545 2258 esse
2581 2205 2888 2259 conlidunt.
2939 2205 3001 2258 Et
3027 2208 3119 2272 qui
3156 2207 3206 2257 in
3242 2209 3404 2259 horas
3435 2221 3543 2259 non
3576 2222 3769 2270 unum,
3803 2214 3857 2259 et
3891 2205 4001 2258 mi-

2426 2298 2633 2350 nimum
2674 2299 3084 2360 mandatorum,
3118 2297 3210 2350 sed
3258 2301 3449 2363 multa,
3487 2308 3539 2352 et
3578 2301 3852 2366 praecipua
3888 2295 4006 2352 sol-

2425 2395 2582 2449 νιιιιῑ,
2622 2386 2758 2438 nihil
2793 2388 3038 2450 omnino,
3074 2387 3322 2438 illicitum
3363 2402 3421 2438 se
3453 2388 3814 2448 conititiitwre,
3841 2402 4005 2439 coui-

2426 2477 2640 2530 mittere
2697 2482 2920 2529 autem?
2985 2480 3092 2530 into
3126 2476 3203 2531 sic
3241 2477 3524 2531 constituti
3576 2494 3818 2547 magnos'
3843 2494 3902 2532 se
3944 2479 4002 2532 in

2423 2583 2594 2636 regno
2627 2571 2891 2622 caelorum
2949 2570 3065 2622 fore
3133 2571 3496 2623 arbitrantur.
3534 2570 3599 2623 Et
3653 2570 3799 2639 quod
3831 2579 4003 2640 caput

2426 2660 2691 2711 malorum
2721 2674 2802 2714 est
2833 2661 3101 2724 omnium,
3131 2662 3356 2714 omnino
3390 2677 3454 2714 ne
3487 2661 3740 2714 mandata
3770 2661 3998 2730 quidem

2426 2766 2485 2804 se
2518 2752 2603 2805 his
2655 2754 2831 2805 modis
2872 2753 3074 2806 violate
3125 2753 3434 2815 autumant,
3486 2763 3540 2804 et
3593 2768 3692 2806 nos
3746 2753 4001 2823 patroci-

2426 2843 2600 2904 nium,
2637 2844 2880 2896 veritatis
2913 2844 3304 2914 snscipieutes,
3348 2846 3413 2900 ad
3457 2845 3598 2900 idem
3641 2846 4000 2902 sentiendum

2425 2934 2689 2989 inducere
2712 2937 2911 2988 stolide
2939 2946 3236 2990 conantur.

2495 3026 2615 3079 Duo
2655 3027 2799 3080 enim
2833 3040 2959 3081 sunt
3005 3030 3131 3082 mali
3183 3044 3402 3096 genera,
3437 3046 3627 3094 unum,
3686 3045 3808 3084 cum
3865 3031 4000 3101 quis

753 3116 1014 3179 credidit,
1041 3118 1322 3181 nimirum,
1347 3123 1492 3187 quod
1529 3123 1669 3173 Deus
1701 3137 1822 3174 cum
1860 3129 2027 3185 esset,
2063 3122 2179 3174 sine
2215 3122 2318 3173 im-
2346 3146 2390 3204 α
2424 3117 2478 3169 in
2549 3119 2959 3172 multitudinem
3028 3128 3376 3188 peccatorum
3437 3122 3694 3188 delapsus
3754 3122 4000 3177 salutem

754 3207 1059 3259 mutatione
1085 3206 1260 3262 factus
1285 3211 1358 3262 sit
1396 3210 1596 3274 homo;
1627 3211 1771 3279 quod
1804 3212 1854 3263 in
1891 3221 2317 3278 cruccm'actus;

754 3299 898 3365 quod
954 3312 1244 3360 mortuus,
1280 3302 1426 3368 quod
1488 3302 1556 3356 ab
1615 3299 1806 3356 inferis
1862 3304 2120 3367 redierit;
2176 3310 2319 3375 quod

754 3388 1031 3441 redivivus
1067 3389 1256 3442 clausa
1294 3389 1461 3457 jauua
1529 3390 1832 3460 ingressus,
1863 3393 2148 3460 discipulis
2204 3399 2320 3454 suis

753 3476 810 3530 in
835 3488 1190 3544 conspectum
1231 3491 1298 3552 se.
1337 3477 1574 3542 dederit;
1603 3479 1746 3546 quod
1785 3479 1840 3532 in
1883 3485 2081 3536 caelum
2110 3485 2321 3552 profec-

751 3573 863 3627 tus,
897 3566 962 3618 ad
995 3566 1238 3618 dextram
1299 3566 1389 3619 Dei
1443 3567 1622 3620 Patris
1670 3569 1887 3636 sedeat;
1941 3575 2087 3639 quod
2125 3585 2320 3628 ventu-

750 3669 846 3709 rus
902 3654 1155 3724 judicare
1215 3657 1370 3708 vivos
1405 3665 1458 3708 et
1493 3669 1759 3721 mortuos,
1797 3667 1849 3712 et
1907 3663 2202 3729 unicuique
2235 3681 2322 3719 sc~

747 3742 995 3795 cundum
1035 3755 1202 3809 opera
1239 3757 1333 3794 sua
1369 3743 1687 3797 redditurus
1720 3761 1732 3796 :
1768 3747 2042 3805 restitutis
2067 3752 2319 3810 videlicet

752 3832 807 3885 in
868 3833 1032 3885 vitam
1097 3833 1251 3901 prius
1305 3835 1466 3887 nobis
1521 3838 1776 3890 omnibus
1828 3841 2019 3895 Adami
2063 3847 2317 3912 posteris,

753 3938 929 3992 usque
996 3922 1063 3975 ad
1106 3925 1354 3975 ultimum
1401 3926 1546 3976 illum
1589 3926 1731 3980 diem
1783 3931 2100 3997 nascituris,
2140 3937 2229 4004 qui
2264 3937 2315 3989 in

751 4015 864 4082 his,
913 4017 1160 4082 inquam,
1196 4017 1244 4068 ci
1299 4019 1549 4081 credidit,
1593 4018 1794 4073 dicenti
1847 4036 2026 4077 autem
2082 4045 2097 4079 :
2151 4028 2317 4081 Amen

749 4104 867 4157 dico
895 4105 1055 4168 vobis,
1089 4105 1213 4173 quia
1259 4106 1419 4158 etiam
1475 4108 1534 4159 de
1573 4110 1723 4161 verba
1757 4111 1925 4162 otioso
1977 4115 2189 4165 reddent
2226 4115 2318 4168 ho-

752 4198 917 4250 mines
946 4198 1204 4249 rationem
1231 4198 1283 4249 in
1315 4200 1398 4250 die
1420 4199 1704 4265 judicii“,
1741 4203 1830 4267 qui
1866 4203 2028 4268 istuc,
2066 4205 2313 4271 inquam,

747 4289 798 4343 ei
846 4305 950 4342 nou
1011 4289 1205 4350 credit,
1249 4293 1342 4358 qui
1378 4295 1592 4344 tandem
1645 4291 1817 4346 fidelis
1878 4297 2002 4357 erit,
2066 4297 2315 4365 interque

748 4379 934 4434 ﬁdeles
969 4382 1393 4433 numerabitur?
1425 4381 1525 4445 Qui
1552 4398 1681 4452 ergo
1716 4383 1768 4434 iu
1810 4387 2142 4439 venerandis
2180 4388 2313 4451 illis,

2427 3223 2582 3260 suam
2627 3208 2920 3276 desperat;
2956 3211 3211 3272 alterum,
3267 3226 3388 3265 Cum
3443 3213 3643 3265 malum
3694 3213 3816 3266 loco
3861 3213 4002 3268 boni

2425 3299 2612 3358 habet.
2658 3310 2923 3366 certoque
2987 3303 3088 3356 sibi
3129 3302 3440 3371 persuadet,
3475 3318 3533 3357 se
3591 3305 3727 3357 mala
3791 3320 4002 3374 perpe-

2428 3390 2625 3443 trando
2680 3391 3026 3446 benefacere.
3060 3394 3139 3446 Ac
3171 3393 3320 3460 prior
3354 3394 3596 3462 quidem,
3639 3395 3682 3447 si
3717 3393 3781 3448 de
3816 3394 4004 3463 paeni-

2423 3483 2617 3544 tentia,
2649 3491 2701 3534 et
2731 3481 3066 3552 benignitate
3114 3483 3207 3538 Dei
3253 3484 3450 3540 doctus
3480 3483 3750 3551 didicerit,
3779 3486 3998 3543 nullam

2423 3586 2545 3624 esse
2591 3585 2938 3639 peccatorum
2971 3585 3175 3629 tantam
3211 3579 3644 3644 multitudinem,
3675 3595 3834 3647 quam
3875 3597 4003 3650 pm-

2421 3663 2651 3717 nitcntia
2679 3680 2784 3716 non
2823 3665 3001 3719 deleat
3037 3684 3051 3724 ι
3085 3665 3151 3719 Et
3173 3669 3262 3719 ubi
3294 3667 3585 3724 abundavit
3616 3669 3888 3734 delictum,
3919 3671 4001 3725 ibi

2419 3761 2468 3804 et
2517 3754 2982 3820 superabundaste
3029 3757 3372 3825 gratiam“;
3434 3760 3566 3813 item
3617 3760 3801 3815 illud:
3839 3759 4000 3815 Gau-

2421 3843 2567 3895 dium
2599 3854 2674 3896 est
2718 3846 2769 3896 in
2803 3847 2928 3899 cazlo
2963 3864 3122 3915 super
3155 3863 3257 3901 uno
3311 3860 3584 3917 peccatore
3624 3853 4000 3919 pwnitentiam

2424 3947 2609 4002 agente
2633 3936 2701 3998 δ’,
2759 3937 2988 3991 forsitan
3051 3955 3109 3994 se
3165 3942 3451 4011 colligens,
3480 3954 3533 3997 et
3597 3955 3997 4012 compunctus,

2421 4027 2776 4094 concupiscet
2824 4029 3122 4097 aliquando
3171 4036 3412 4099 peccatis
3439 4033 3678 4102 liberari,
3709 4052 3770 4091 ac
3809 4041 4000 4107 posui-

2424 4118 2646 4169 teutiatu
2705 4116 2975 4170 ferventer
3007 4124 3305 4190 amplexus
3351 4135 3632 4189 exsurget,
3687 4126 3998 4185 intoleran-

2421 4205 2601 4273 doque
2624 4209 2984 4262 conscientia:
3017 4227 3185 4264 onere
3221 4213 3504 4276 levahtmt‘
3544 4216 3706 4278 Allet‘
3723 4227 3994 4274 revaatu

2419 4295 2706 4361 dtllicilior,
2746 4313 2972 4364 prorsus
2997 4301 3412 4357 medicamentis
3451 4303 3765 4373 hulU'EiMOdt
3797 4310 3995 4364 curari

2421 4397 2667 4440 recusat.
2722 4388 2824 4452 Qui
2860 4393 3003 4443 enim
3031 4395 3370 4447 curationem
3399 4397 3673 4460 admittat,
3705 4400 3795 4467 qui
3822 4403 3989 4467 peni-

749 4479 1095 4538 mentemque
1154 4480 1209 4524 et
1278 4467 1571 4524 humanam
1641 4489 1854 4526 omnem
1927 4476 2308 4543 cogitationem
2345 4483 2387 4534 D
2421 4489 2507 4531 tus
2539 4495 2604 4531 ne
2633 4480 2686 4532 in
2720 4484 2911 4535 morbo
2938 4484 3167 4550 quidem,
3188 4501 3247 4538 se
3277 4502 3414 4550 esse,
3443 4497 3537 4540 aut
3565 4489 3776 4556 lapsum
3797 4491 3996 4556 jacere

746 4563 1141 4615 excedentibus
1187 4561 1410 4616 Christo
1441 4564 1634 4627 credit,
1683 4565 1972 4633 factisque,
2011 4578 2064 4619 et
2105 4568 2316 4622 facien-

745 4651 830 4706 dis
868 4652 935 4704 ab
969 4654 1086 4721 ipso
1119 4653 1351 4704 Domino
1402 4665 1594 4707 nostro
1627 4655 1756 4709 Jesu
1781 4657 2001 4710 (ihristo
2029 4662 2311 4726 obtempe-

744 4752 983 4805 rantem,
1021 4752 1074 4796 et
1111 4745 1553 4798 consentientem
1583 4747 1722 4814 gerit
1758 4748 2022 4810 animum,
2056 4763 2160 4801 non
2193 4764 2314 4802 cre-

744 4834 824 4884 dit
853 4844 1033 4887 autem
1087 4835 1190 4898 illi,
1225 4850 1350 4887 cum
1410 4836 1477 4887 ab
1512 4851 1576 4887 eo
1615 4837 1768 4888 audit
1804 4837 1948 4901 :Qui
1989 4839 2099 4891 vult
2141 4841 2311 4893 uenire

743 4933 859 4989 post
912 4940 1013 4986 me,
1067 4924 1278 4993 abneget
1333 4929 1706 4994 semetipsum.
1765 4939 1812 4980 et
1880 4928 2035 4980 tollat
2102 4946 2308 4983 crucem

741 5033 920 5080 suam,
955 5029 1000 5068 et
1035 5027 1290 5085 sequatur
1321 5033 1399 5069 me
1420 5017 1488 5067 ⁸³.
1524 5017 1585 5069 Ει
1620 5034 1631 5069 :
1669 5018 1767 5083 Qui
1803 5020 2223 5087 ditigitpatrem,
2259 5035 2308 5076 et

743 5119 986 5170 matrem,
1044 5118 1093 5160 et
1126 5110 1342 5174 fratres,
1368 5119 1414 5160 et
1448 5125 1677 5170 sorores,
1723 5121 1769 5161 et
1805 5128 2039 5177 uxorem,
2068 5123 2115 5165 et
2142 5114 2305 5180 ﬁlios,

744 5197 915 5249 adhuc
964 5207 1140 5250 autem
1191 5207 1239 5250 et
1267 5200 1501 5250 animam
1540 5215 1691 5250 suam
1719 5199 1836 5266 plus
1871 5218 2028 5269 quam
2060 5219 2158 5263 me,
2200 5220 2304 5257 non

743 5277 907 5351 potest
954 5305 1097 5342 meus
1154 5291 1692 5357 esse-discipulus".
1749 5291 1865 5344 Et:
1926 5293 2030 5357 Qui
2093 5295 2305 5347 solverit

743 5392 902 5428 unum
931 5378 993 5429 de
1025 5382 1291 5430 mandatis
1335 5380 1451 5432 istis
1479 5381 1731 5443 minimis,
1758 5382 2002 5434 minimus
2038 5384 2306 5436 vocabitur

742 5469 795 5520 in
836 5485 994 5540 regno
1042 5471 1380 5525 calorum“.
1425 5471 1711 5535 Quomodo
1741 5474 1825 5526 hic
1861 5473 2056 5540 ﬁdelis,
2092 5483 2144 5528 et
2195 5491 2301 5530 non

806 5673 852 5704 ⁸⁸
881 5669 1068 5723 Matth.
1105 5683 1296 5730 xxvm,
1333 5670 1527 5732 18,19.

741 5739 785 5773 "
819 5741 955 5798 Luc.
1015 5756 1085 5805 Vl,
1118 5739 1208 5792 25.

1604 5672 1644 5702 ⁸¹
1683 5671 1875 5725 Matth.
1906 5687 2002 5735 xtl,
2034 5673 2122 5726 56.

1285 5741 1329 5772 ⁸⁸
1363 5741 1520 5796 ltom.
1553 5757 1604 5803 γ,
1640 5743 1730 5795 9.0.
1805 5744 1848 5776 "
1874 5741 2007 5798 Luc.
2045 5759 2132 5811 xv,
2174 5745 2223 5801 9.

2236 5676 2280 5705 ⁸²
2317 5673 2510 5730 Matth.
2545 5694 2658 5745 xw,
2717 5680 2803 5736 24.

2417 4572 2629 4625 credit?
2664 4572 2992 4642 Neutiquam
3028 4576 3290 4643 profecto,
3342 4579 3512 4633 Nemo
3556 4583 3722 4650 igitur
3756 4598 3850 4636 vos
3885 4599 3997 4638 se-

2415 4660 2604 4725 ducat,
2659 4663 2876 4717 fratres.
2922 4665 3112 4719 Omnia
3145 4670 3345 4738 quippe
3377 4686 3497 4738 quae
3543 4672 3797 4726 Christus
3837 4672 3994 4730 Deus

2418 4754 2678 4822 apostolis
2735 4759 3015 4825 praecepit,
3047 4774 3148 4811 nos
3209 4777 3426 4829 quoque
3476 4763 3734 4817 similiter
3758 4780 3994 4821 servare

2413 4845 2612 4913 jussit;
2664 4861 2785 4912 qua:
2823 4849 3040 4914 quidem
3103 4850 3155 4901 in
3194 4850 3297 4904 hoc
3331 4853 3534 4906 mundo
3587 4869 3808 4908 servare
3848 4870 3994 4923 pos-

2419 4950 2630 4987 sumus.
2668 4935 2770 4987 Sed
2829 4937 2879 4989 id
2930 4939 3087 5004 plaue
3123 4940 3482 4995 deliberatum
3519 4944 3676 4996 nobis
3713 4960 3819 4997 non
3876 4956 3990 5013 est,

2420 5025 2550 5091 quia
2584 5024 2686 5077 fide
2718 5026 3097 5094 cltaritateque
3127 5029 3179 5082 iu
3225 5030 3500 5084 Christum
3532 5032 3736 5087 infirmi
3762 5052 3992 5094 sumus.

2417 5116 2484 5166 Et
2519 5116 2619 5167 hoc
2656 5131 2842 5168 verum
2871 5133 2992 5170 esse
3036 5127 3310 5174 testantur
3357 5139 3571 5186 otunes,
3617 5125 3708 5192 qui
3742 5135 3868 5179 ante
3909 5129 3993 5181 lc-

2419 5222 2558 5274 gem,
2600 5218 2651 5259 et
2686 5209 2735 5259 in
2771 5209 2904 5277 lege,
2943 5220 2996 5262 et
3033 5222 3155 5278 post
3195 5212 3495 5267 Salvatoris
3528 5217 3819 5268 adventum
3849 5232 3990 5273 cum

2417 5297 2605 5349 liberis
2633 5306 2685 5350 et
2717 5299 3068 5367 conjugibus,
3105 5313 3156 5354 et
3190 5306 3432 5356 onmium
3469 5306 3534 5357 ad
3572 5306 3736 5359 vitam
3793 5309 3992 5380 requi-

2416 5389 2647 5442 sitorum
2678 5394 2848 5454 curis,
2881 5407 2942 5443 ac
2977 5392 3439 5448 sollicitudinibus
3473 5396 3578 5450 Deo
3626 5401 3988 5466 placuerunt,

2420 5493 2543 5532 cum
2576 5495 2633 5535 se
2671 5483 2953 5537 voluntate
2985 5492 3038 5538 et
3081 5483 3301 5551 affectu,
3336 5502 3442 5555 quo
3476 5488 3583 5543 illis
3618 5492 3987 5559 inhaerebant,

2911 5686 2958 5718 ⁸³
2999 5683 3187 5740 Matth.
3216 5704 3270 5755 ι,
3308 5688 3396 5743 57.
3475 5689 3518 5726 ⁸³
3547 5688 3736 5746 Matth.
3793 5707 3843 5757 v,
3894 5694 3984 5750 l9.
