4156 6340
217 370 321 434 421

1563 379 1846 440 ORATIO
1872 383 2069 447 XXII.

3349 408 3454 474 42?.

223 491 607 552 separassent,
673 482 742 538 iis
792 482 885 552 qui
939 484 995 537 in
1050 482 1332 540 montibus
1382 493 1436 540 et
1506 488 2172 557 speluncisAambulare
2208 507 2519 564 coeperunt,
2560 501 2623 553 ad
2656 517 2818 556 unam
2852 511 3048 561 metam
3079 509 3275 569 debent
3326 531 3454 571 cur-

225 577 486 627 vixerunt
520 574 871 639 illustriores,
904 573 1009 628 ﬁde
1049 584 1103 629 et
1139 577 1384 630 moribus
1420 592 1516 646 per
1546 579 1786 631 charita-

222 673 329 716 tem
359 680 486 733 erga
517 663 689 719 Deum
726 663 1283 734 conspicui.Primum
1309 669 1446 720 enim
1467 680 1513 722 et
1542 687 1788 738 maguum

222 757 535 808 mandatum
607 766 705 820 est,
737 757 956 825 diligere
991 759 1155 810 Deum
1187 774 1251 812 ea:
1293 769 1404 811 toto
1435 761 1610 823 corde,
1644 773 1691 814 et
1725 779 1787 815 ea:

220 855 329 899 tota
379 851 589 909 anima,
623 857 673 900 et
699 865 760 900 ea:
787 849 909 900 totis
955 850 1172 912 viribus,
1207 861 1255 904 et
1283 866 1347 903 ea:
1395 862 1504 904 tota
1537 854 1783 915 mente”,

226 945 281 987 nt
323 937 439 1000 ipse
489 936 754 990 Dominus
778 943 829 989 et
867 939 1090 1005 antiqua
1123 940 1203 991 lex
1237 940 1331 992 ait.
1363 940 1632 1004 Alterum,
1659 941 1785 993 diti-

221 1045 339 1097 gere
369 1031 698 1097 proximum,
724 1039 780 1081 ut
813 1033 1040 1097 seipsunt
1062 1032 1128 1084 ⁸³.
1158 1031 1310 1086 Nola:
1350 1041 1553 1097 autem,
1580 1045 1640 1105 et
1664 1051 1788 1104 pro-

222 1120 473 1176 bationes
509 1122 674 1175 Deum
728 1126 961 1175 amantis
995 1132 1145 1184 sunt,
1177 1125 1470 1178 observare
1523 1130 1783 1179 mandata

224 1212 449 1274 Christi,
511 1222 569 1265 et
608 1228 706 1280 pio
737 1229 802 1266 eo
848 1229 1022 1282 usque
1097 1215 1162 1267 ad
1221 1227 1449 1270 mortem
1495 1217 1628 1270 dura
1664 1234 1787 1285 pcr-

228 1302 332 1364 peti
372 1319 384 1352 :
425 1300 531 1365 Qui
555 1301 731 1364 habet,
763 1303 961 1370 inquit,
994 1307 1248 1356 mandata
1275 1321 1408 1370 mea,
1439 1316 1486 1358 et
1514 1318 1784 1371 servatca,

222 1391 316 1442 iste
344 1402 420 1443 est
471 1394 561 1459 qui
607 1394 779 1460 diligit
815 1396 975 1448 me”.
1021 1397 1083 1450 Et
1135 1398 1472 1465 Apostolus:
1518 1402 1645 1463 Quis
1692 1419 1783 1454 nos

220 1483 488 1547 separabit
521 1498 551 1534 α
585 1483 844 1536 c/iaritute
893 1485 1125 1540 Christi?
1155 1489 1451 1552 tribulatio,
1488 1508 1555 1543 an
1592 1508 1784 1559 angus-

221 1571 423 1632 tia,~an
474 1575 790 1636 persecutio,
828 1592 895 1626 an
935 1577 1121 1642 fames,
1152 1596 1216 1630 an
1256 1581 1493 1646 auditas,
1526 1600 1592 1636 au
1649 1587 1787 1646 peri-

219 1656 422 1719 culum,
479 1674 547 1708 an
613 1660 876 1725 gladius?
917 1664 1053 1715 sicut
1102 1667 1353 1732 scriptum
1400 1680 1495 1729 est,
1535 1674 1783 1738 quoniam

212 1758 437 1813 propter
469 1759 516 1801 te
545 1750 618 1817 (id
649 1763 751 1814 est,
785 1754 989 1821 jusuim
1028 1760 1338 1813 mandatum
1370 1768 1567 1832 tuum),
1598 1769 1786 1819 morti-

1901 594 2039 645 rere,
2071 590 2124 634 ut
2150 598 2211 636 ex
2237 585 2466 641 diversis
2491 590 2799 649 regionibus
2830 603 2881 648 et
2920 595 3054 651 locis
3088 600 3140 652 in
3176 619 3335 658 unum
3365 624 3459 661 αι’-

1897 670 2018 724 bent
2058 672 2617 741 (regnumgmlorum
2680 685 2849 750 puta),
2878 695 2936 738 ut
2973 702 3135 755 supra
3188 690 3452 763 diximus,

1897 763 2239 825 conveniant,
2307 774 2358 818 et
2415 768 2564 833 digni
2623 770 2982 840 habebuntur,
3035 780 3127 846 qui
3187 797 3292 834 una
3327 799 3454 839 cum

1895 850 2115 905 Christo
2147 866 2390 921 regnent.
2425 858 2620 912 Urbem
2665 863 2749 914 hic
2781 880 2936 917 unam
2979 869 3128 933 mihi,
3167 887 3273 925 non
3311 876 3456 927 mul-

1896 951 2001 1005 tas,
2039 955 2307 1012 sanctam,
2357 957 2408 1001 et
2461 951 2792 1008 individuam
2849 958 3108 1012 virtutum
3161 966 3454 1020 trinitatem

1899 1036 2227 1104 intelligito:
2273 1041 2354 1092 vel
2415 1045 2589 1108 potius
2643 1048 2866 1111 primam
2907 1054 3259 1118 reliquarum,
3293 1074 3453 1124 qnam

1895 1136 1949 1181 et
1983 1131 2224 1182 ultimam
2256 1131 2462 1195 dicunt,
2499 1145 2551 1186 nt
2585 1138 2740 1190 linem
2798 1140 3060 1194 bonorum
3094 1152 3147 1197 et
3196 1149 3456 1212 majori-nt

1896 1222 2170 1284 omnibus,
2206 1223 2545 1284 cliaritalein,
2585 1227 2826 1294 inquam,
2864 1248 2926 1285 ex
2974 1251 3100 1300 qua,
3158 1245 3209 1289 et
3245 1237 3296 1289 in
3348 1255 3453 1305 qua

1897 1312 2027 1365 ﬁdes
2065 1314 2243 1368 omnis
2271 1314 2513 1379 fundata,
2544 1325 2593 1369 et
2640 1335 2763 1386 spes
2807 1323 3063 1376 aediﬁcata
3107 1335 3209 1390 est,
3244 1343 3306 1381 ac
3339 1333 3454 1384 sine

1896 1401 1996 1454 hac
2049 1403 2179 1455 nihil
2230 1420 2414 1456 eorum
2474 1421 2592 1472 qua:
2647 1416 2795 1469 sunt,
2851 1423 3239 1476 constructum,
3294 1429 3455 1484 atque

1896 1494 2254 1545 constitutum
2283 1506 2384 1557 est,
2422 1512 2518 1549 nec
2571 1501 2933 1554 constituetur
2971 1505 3209 1556 oinnino.
3247 1505 3453 1572 Etenim

1894 1585 2124 1638 virtutes
2164 1600 2351 1639 omnes
2390 1589 2506 1639 sine
2543 1590 2639 1642 hac
2677 1595 2945 1656 iuarciilze,
2994 1607 3046 1647 et
3080 1599 3296 1650 inutiles
3325 1615 3456 1650 cen-

1896 1689 2106 1731 sentur.
2138 1680 2203 1730 Et
2235 1681 2324 1748 qui
2360 1684 2622 1734 eharitate
2658 1667 3335 1755 destituuntur;quamvis
3372 1692 3456 1742 in-

1898 1773 2046 1823 terim
2098 1772 2244 1822 nulla
2306 1772 2501 1826 virtute
2541 1786 2782 1836 careant.
2821 1778 2998 1829 divina
3037 1779 3203 1845 gloria
3241 1783 3365 1834 itttdi
3403 1784 3455 1835 in

211 1840 450 1905 .ﬁcamur
489 1852 598 1892 tata
625 1842 729 1904 die,
753 1846 1005 1899 aestimati
1031 1866 1214 1902 sumus
1248 1853 1380 1904 sicut
1413 1871 1528 1908 oues
1562 1859 1782 1912 occisio-
1817 1833 1858 1886 Β
1891 1861 1976 1914 die
2017 1863 2209 1930 judicii
2247 1863 2606 1916 invenientur.
2665 1865 2873 1934 Corpus
2926 1869 3190 1935 siquidem
3250 1874 3454 1938 alisque

219 1931 384 1983 nis".
421 1930 693 1995 Quieniin
744 1937 1034 1991 universas
1067 1941 1186 1992 vita:
1213 1942 1378 2010 hujus
1421 1949 1785 2012 cogitationes

219 2021 705 2088 transcendentes,
758 2027 894 2079 nihil
931 2029 1100 2093 aliud,
1134 2046 1299 2098 quam
1354 2035 1524 2088 solam
1560 2038 1651 2090 Dei
1691 2055 1786 2093 vo—

219 2111 490 2167 luntatem
522 2118 785 2185 cogitant,
821 2129 878 2170 ut
918 2123 982 2172 ad
1019 2125 1316 2190 perfectam
1366 2126 1566 2181 Christi
1605 2131 1786 2184 chari.

222 2211 390 2256 tatem
427 2207 714 2273 pervenire
743 2209 978 2275 possint,
1039 2214 1283 2279 quotidie
1313 2217 1640 2272 moriuntur.
1677 2220 1789 2275 Hoc

222 2294 352 2346 item
381 2295 580 2349 beatus
605 2295 808 2352 Paulus
836 2297 1158 2355 desiderans
1181 2305 1393 2357 dicebat
1425 2323 1437 2359 :
1474 2307 1787 2378 Persequor,

219 2386 267 2436 si
303 2400 408 2453 quo
441 2387 595 2438 modo
623 2390 1084 2456 comprehendunt,
1117 2394 1169 2445 in
1197 2411 1296 2462 quo
1322 2407 1369 2449 et
1397 2402 1789 2464 comprehensus

221 2493 336 2529 sum
401 2496 433 2530 a
481 2477 693 2535 Christo
714 2483 784 2547 θ’,
817 2483 918 2537 hoc
955 2493 1055 2550 est,
1101 2495 1159 2538 ut
1213 2490 1456 2556 diligam,
1490 2491 1540 2543 in
1597 2503 1791 2561 quo‘et

221 2569 454 2623 dilectus
503 2586 624 2624 sum
664 2587 693 2624 a
751 2572 992 2642 Christo,
1053 2591 1490 2635 consummatam
1551 2585 1790 2638 Charita-

223 2669 330 2712 tem
364 2675 462 2728 per
495 2661 874 2730 hujuscemodi
909 2669 1070 2721 verba
1099 2671 1372 2725 indicans.

287 2752 686 2807 Documentum
713 2772 873 2824 porro
897 2773 1004 2810 non
1039 2761 1312 2827 diligentis
1339 2763 1522 2830 Deum,
1550 2775 1600 2817 et
1630 2767 1792 2821 Chri-

223 2852 366 2896 stum
425 2845 566 2912 cjns,
604 2857 688 2899 est
734 2849 999 2904 mandatis
1045 2851 1191 2904 illius
1239 2869 1346 2906 non
1405 2871 1612 2922 parere,
1652 2861 1795 2926 quod

223 2934 336 3001 ipse
376 2933 642 2991 Dominus
677 2939 1022 3005 teSIiiieatur,
1055 2958 1177 2994 cum
1208 2945 1304 3005 ait,
1339 2945 1437 3008 Qui
1487 2965 1586 3000 non
1621 2951 1795 3019 diligit

219 3043 318 3090 me,
357 3044 625 3082 sermones
662 3047 799 3083 meos
839 3048 940 3084 non
973 3045 1140 3086 servat
1171 3036 1236 3087 ’³.
1272 3036 1504 3091 Proinde
1531 3050 1581 3091 et
1614 3042 1792 3104 nobis,

1887 1955 2062 2022 capite
2115 1964 2413 2013 mortuum,
2464 1970 2527 2007 ac
2587 1958 2780 2024 spiritu
2838 1974 3065 2010 vacuum
3128 1971 3230 2014 est.
3290 1961 3455 2014 Multa

1890 2060 2053 2110 porro
2113 2045 2396 2097 charitatis
2448 2047 2690 2110 nomina,
2757 2050 2936 2102 multa:
2971 2052 3230 2112 actiones,
3285 2053 3454 2105 multa

1891 2132 2112 2196 indicia,
2168 2133 2525 2200 proprietates
2582 2137 2777 2189 divina:
2826 2149 2876 2191 et
2935 2143 3199 2206 plurimm.
3258 2154 3454 2197 natura

1891 2240 2016 2288 una,
2042 2236 2092 2278 ct
2122 2228 2403 2294 mqualiter
2423 2228 2675 2282 omnibus
2703 2245 2927 2295 prorsus
2961 2234 3262 2293 ineliabilis,
3289 2252 3453 2304 ange-

1891 2317 2064 2385 lisque
2095 2327 2146 2370 et
2179 2319 2510 2380 hominibus,
2542 2329 2592 2372 et
2629 2323 2772 2372 omni
2797 2325 2885 2375 alii
2912 2326 3270 2392 creaturam?)
3308 2327 3451 2395 (quae

1893 2410 2031 2464 forte
2061 2410 2341 2475 ignoratur
2373 2425 2401 2462 a
2437 2411 2635 2476 nobis),
2671 2414 2879 2466 ratione
2929 2416 3453 2483 incomprehensibi-

1893 2501 1982 2562 lis,
2033 2501 2205 2570 gloria
2247 2501 2543 2564 inaccessa,
2593 2504 2824 2556 consilio
2876 2519 2980 2557 non
3039 2506 3452 2574 investigabilis,

1895 2601 2118 2653 aeterna,
2160 2593 2284 2657 quia
2319 2601 2371 2645 ct
2417 2594 2534 2646 sine
2577 2603 2836 2659 tempore,
2889 2595 2988 2646 sub
3017 2606 3294 2664 aspertum
3347 2613 3454 2649 non

1897 2683 2122 2742 cadens,
2164 2690 2213 2733 et
2273 2697 2390 2745 quae
2446 2683 2768 2748 intelligitur
2823 2685 3065 2750 quidem,
3123 2701 3226 2737 non
3278 2695 3455 2740 tamen

1897 2771 2398 2838 comprehenditur.
2445 2770 2606 2824 Multa
2649 2772 2808 2838 hujus
2859 2789 2966 2827 non
3018 2777 3359 2833 manul‘actte.
3401 2785 3456 2829 et

1899 2873 2098 2917 sancta:
2146 2861 2325 2916 Sionis
2351 2864 2550 2916 decora
2579 2875 2631 2917 et
2675 2866 2983 2932 elegantias,
3039 2885 3197 2936 quam
3244 2872 3334 2938 qui
3371 2871 3455 2923 in-

1899 2958 2035 3010 tueri
2069 2956 2253 3024 caepit,
2283 2957 2347 3007 de
2373 2956 2581 3009 caeteris
2621 2961 2949 3024 speetaeulis
2981 2974 3197 3012 sensum
3231 2977 3452 3016 moren-

1900 3050 2046 3101 tibus
2084 3064 2190 3100 non
2240 3047 2574 3111 delectatur;
2619 3062 2727 3100 non
2785 3049 3013 3117 amplius
3051 3053 3235 3119 gloriae
3267 3054 3454 3108 mundi

217 3117 440 3182 fratres,
474 3133 579 3172 una
615 3123 916 3176 communis
969 3125 1054 3176 via
1101 3133 1240 3187 esto,
1296 3129 1546 3182 mandata
1585 3132 1793 3188 scilicet
1822 3144 1864 3201 α
1903 3141 2059 3206 hujus
2089 3141 2349 3194 adhaeret.

225 3206 449 3267 Christi,
484 3223 605 3274 quae
637 3225 737 3263 nos
790 3211 854 3262 ad
903 3213 1121 3271 etelum.
1167 3228 1229 3266 ac
1267 3215 1433 3269 Deum
1473 3223 1788 3286 perducant.

219 3293 543 3364 Quanquam
596 3300 738 3351 enim
798 3314 954 3354 sacra
1021 3300 1300 3370 Scriptura
1368 3305 1613 3364 diversas
1675 3313 1789 3366 vius

217 3388 550 3455 prescrihit,
587 3405 690 3442 non
748 3401 923 3444 tamen
954 3392 1166 3461 penitus
1201 3396 1499 3450 secundum
1538 3410 1788 3455 naturam

217 3496 406 3546 suam;
445 3497 633 3534 verum
669 3482 733 3536 ad
772 3482 1105 3548 facultatem,
1140 3489 1431 3542 consilium
1475 3501 1637 3559 atque
1667 3509 1789 3546 sco-

218 3589 344 3641 pum
379 3575 647 3642 cujusque
684 3575 734 3627 in
767 3575 930 3628 multa
977 3577 1196 3645 [igurari
1228 3579 1449 3642 dicitur,
1474 3585 1693 3650 quando
1724 3601 1788 3638 ex

221 3664 428 3728 multis,
480 3673 534 3717 et
594 3665 823 3719 diversis
869 3669 1131 3734 operibus
1185 3672 1598 3743 actionibusque
1650 3679 1788 3730 inei-

207 3756 448 3821 .pientes,
483 3757 640 3823 quasi
679 3771 743 3809 ex
779 3756 915 3811 locis
949 3758 1200 3826 diversis,
1239 3764 1531 3834 multisque
1565 3770 1788 3826 urbibus

217 3846 420 3916 singuli
464 3846 762 3910 abiremus,
799 3851 850 3902 in
886 3867 1050 3904 unum
1087 3854 1471 3921 diversorium,
1511 3876 1702 3929 nempe
1736 3866 1786 3916 in

216 3951 443 4006 regnum
478 3942 741 3994 ccelornm
773 3942 1057 3998 smdemus
1094 3945 1369 4001 devenire.
1403 3951 1660 4006 Actiones
1689 3968 1786 4005 an-

213 4037 346 4092 tem,
380 4041 435 4085 et
461 4031 775 4098 spirituales
817 4034 1124 4088 divinorum
1161 4039 1399 4091 virorum
1432 4044 1528 4093 viae
1555 4044 1785 4098 virtutes

217 4118 592 4187 intelligendas
622 4129 772 4174 sunt.
808 4120 996 4175 Omnis
1029 4126 1171 4178 enim
1205 4129 1375 4180 virtus
1420 4129 1510 4182 Dei
1564 4133 1786 4185 manda-

217 4220 330 4262 tum
385 4218 486 4264 est.
547 4209 814 4264 Caeterum
870 4213 1018 4266 aliud
1074 4217 1332 4278 mandati,
1383 4220 1526 4274 aliud
1568 4222 1783 4278 virtutis

216 4303 358 4355 actio
383 4310 491 4368 est,
525 4303 741 4356 tametsi
760 4305 1035 4383 bonorum
1073 4309 1390 4362 occasiones
1416 4327 1476 4363 ex
1509 4329 1567 4366 se
1595 4324 1784 4370 mutuo

215 4395 508 4462 accipiant.
543 4396 701 4447 Actio
748 4398 985 4450 mandati
1019 4408 1119 4459 est,
1177 4399 1353 4455 facere
1383 4405 1524 4470 quod
1576 4407 1778 4472 justum

1970 3232 2013 3287 Ο
2049 3233 2504 3287 desideratissima
2541 3233 2802 3295 Charitas,
2860 3233 3049 3287 beatus
3085 3236 3174 3302 qui
3217 3246 3265 3289 te
3301 3252 3452 3289 com-

1899 3325 2092 3392 plexus
2118 3334 2222 3385 est,
2245 3327 2500 3392 quoniam
2523 3333 2643 3393 post
2673 3325 2814 3376 hanc
2847 3334 3113 3378 terrenam
3151 3328 3454 3394 pulchritu-

1898 3416 2077 3466 dinem
2110 3414 2329 3467 tnrbido
2374 3414 2606 3482 agitatus
2646 3413 2841 3466 aﬂectu
2897 3428 3002 3465 non
3036 3417 3448 3483 amplexabitur.

1898 3505 2096 3559 Beatus
2124 3506 2216 3574 qui
2241 3521 2306 3558 ex
2338 3519 2523 3558 amore
2558 3504 2647 3556 Dei
2673 3504 2766 3556 tibi
2793 3511 2874 3558 est
2907 3504 3200 3570 impllcitus
3235 3519 3247 3554 :
3281 3515 3453 3560 totum

1895 3597 2095 3666 quippe
2129 3598 2386 3650 mundqu
2434 3597 2744 3664 abnegabit,
2779 3605 2832 3648 et
2888 3611 3009 3648 cum
3065 3597 3279 3648 homine
3314 3611 3453 3664 quo-

1895 3701 2112 3752 cunque
2143 3684 2464 3738 familiarius
2493 3699 2736 3746 versans,
2764 3698 3104 3750 nequaquam
3140 3684 3452 3750 inquinabi-

1895 3787 2000 3831 tur.
2031 3775 2224 3830 Beatus
2253 3775 2344 3843 qui
2378 3783 2685 3828 venustates
2719 3783 2839 3827 tuas
2864 3776 3205 3828 exosculatus
3259 3786 3361 3835 est,
3397 3784 3451 3828 et

1896 3867 2102 3920 inﬁnita
2126 3867 2204 3918 tui
2231 3866 2482 3932 cupidine
2513 3865 2564 3917 in
2590 3875 2640 3917 te
2671 3865 2891 3917 delicias
2918 3879 3044 3917 suas
3074 3864 3296 3917 habuit:
3329 3879 3449 3918 nam

1893 3971 2032 4023 aqua
2059 3964 2112 4008 et
2131 3957 2391 4022 sanguine
2419 3969 2480 4006 ex
2514 3962 2565 4005 te
2590 3954 2795 4019 puriter
2814 3953 3126 4016 distillante,
3151 3954 3449 4008 secundum

1894 4048 2127 4099 animam
2180 4043 2626 4108 sanctiﬁcahitur.
2664 4043 2860 4095 Beatus
2904 4043 2994 4109 qui
3043 4054 3092 4096 ιθ
3139 4043 3331 4110 cupide
3364 4053 3451 4094 at-

1892 4137 2076 4198 traxit,
2146 4137 2270 4202 quia
2329 4134 2552 4201 pulclira
2613 4133 2987 4185 immutatione
3049 4135 3449 4198 immolabitur,

1892 4228 2192 4294 spirituque
2225 4233 2276 4277 et
2309 4228 2488 4276 animo
2517 4225 2806 4282 lzetabitur,
2837 4225 3096 4290 quoniam
3133 4232 3187 4275 tu
3228 4240 3285 4277 es
3318 4239 3450 4290 gau-

1891 4320 2035 4372 dium
2067 4315 2466 4385 inexplicabile.
2500 4313 2696 4368 Beatus
2727 4315 2817 4380 qui
2858 4323 2907 4364 te
2961 4315 3272 4381 acquisivit,
3309 4328 3447 4381 quo-

1891 4411 2035 4460 niam
2096 4408 2376 4458 thesauros
2430 4403 2611 4455 mundi
2669 4416 2763 4469 pro
2813 4401 2982 4453 nihilo
3039 4401 3326 4467 repntabit.
3367 4399 3446 4453 Tu

215 4495 333 4547 est;
361 4484 606 4546 virtutis,
645 4495 703 4537 ut
736 4490 879 4552 quod
913 4487 990 4550 ﬁt,
1017 4489 1227 4542 veritati
1265 4491 1490 4558 placeat.
1526 4493 1617 4546 Est
1640 4497 1782 4549 enim
1817 4478 1862 4533 D
1893 4500 2034 4553 enim
2060 4512 2239 4550 revera
2274 4496 2591 4548 inexhausta
2624 4509 2681 4546 es
2706 4493 3001 4559 opulentia.
3029 4490 3246 4552 Beatus,
3276 4506 3338 4542 ac
3369 4500 3450 4543 ter

215 4575 308 4640 qui
343 4575 604 4626 mandato
649 4575 1009 4646 obtemperat,
1045 4587 1096 4632 et
1130 4592 1314 4648 aperte
1344 4585 1538 4637 vitioso
1569 4586 1782 4640 alfectui

216 4664 407 4728 servit,
472 4674 525 4716 et
567 4664 747 4731 pravis
795 4666 1215 4733 cogitationibus
1271 4672 1464 4724 bonam
1517 4677 1783 4729 actionem

215 4755 500 4816 obscurat,
535 4769 598 4808 ac
623 4756 858 4824 perimit.
886 4755 986 4820 Qui
1011 4757 1171 4828 igitur
1193 4759 1244 4812 in
1280 4762 1548 4818 mandatis
1581 4765 1788 4821 Christi

285 4935 328 4966 ³³
366 4935 559 4987 Matth.
605 4950 738 4999 uti,
773 4937 864 5000 57,
896 4938 982 4991 58.

213 5004 260 5035 ⁵³
289 5002 448 5056 Joan.
483 5019 594 5067 Xtv,
627 5005 717 5057 25.

1088 4941 1131 4970 ⁸ο
1162 4938 1295 4995 ibid.
1328 4941 1415 4996 '59.

283 5211 361 5274 (7)
405 5207 634 5261 Videtur
664 5209 894 5278 Symeon
928 5208 1193 5268 dubitare,
1234 5224 1358 5259 num
1395 5225 1587 5276 praeter
1613 5228 1778 5278 ange-

213 5283 370 5336 licam
422 5287 479 5330 et
543 5279 828 5328 humanam
879 5288 1175 5328 creaturam
1234 5278 1300 5328 sit
1341 5279 1441 5329 alia
1505 5283 1775 5334 intellectu

213 5350 457 5419 praedita.
519 5346 622 5419 Setl
677 5361 772 5419 pro
807 5354 980 5419 certo_
1007 5348 1352 5419 statuendum
1403 5357 1484 5399 est
1523 5365 1623 5399 non
1658 5366 1777 5402 esse

213 5415 408 5480 aliain;
441 5416 591 5467 unde
614 5415 754 5465 enim
783 5417 905 5479 quis
933 5415 1134 5466 divinet
1168 5416 1326 5464 aliam
1356 5431 1496 5474 esse,
1525 5433 1644 5468 cum
1675 5434 1771 5471 nec

213 5488 533 5553 Scripturze,
567 5499 664 5536 nec
688 5485 1057 5553 Conciliorum,
1089 5499 1184 5534 nec
1210 5483 1424 5533 Patrum
1457 5486 1773 5545 auctoritas,

212 5571 311 5609 nec
344 5551 484 5607 ratio
514 5563 606 5604 aut
640 5551 967 5617 experientia
1023 5553 1315 5617 quidquam
1349 5554 1412 5603 de
1440 5569 1502 5607 ea
1559 5555 1772 5612 tradat?

213 5625 326 5676 lino
362 5625 414 5675 in
447 5638 570 5689 cap.
601 5621 867 5682 Firmiter,
893 5628 1064 5672 extra.
1096 5619 1224 5686 νος.
1267 5621 1335 5670 Ite
1357 5639 1542 5674 suntm.
1581 5621 1768 5676 Trinit.

212 5705 256 5744 et
287 5693 390 5757 ﬁde
431 5693 688 5743 catholica
725 5690 924 5741 dicitur
971 5689 1110 5742 Dens
1141 5699 1347 5739 creator
1381 5693 1608 5742 euntium
1647 5693 1769 5743 visi-

217 5765 395 5813 bilium
425 5771 472 5814 et
506 5759 870 5822 iut'isibitium,
911 5759 1265 5815 spiritualium
1299 5768 1342 5810 ct
1391 5761 1764 5822 corporalium,

1523 4946 1565 4974 ’°
1600 4943 1756 5000 Joan.
1800 4961 1906 5010 xiv,
1936 4946 2023 5000 2i.

1894 4588 2110 4649 beatus,
2142 4600 2300 4654 quem
2358 4593 2411 4636 tu
2444 4583 2806 4649 assumpsisti.
2846 4579 2956 4632 Erit
3005 4581 3146 4632 enim
3191 4580 3240 4631 in
3295 4582 3448 4646 ahje-

1895 4681 2073 4732 ctione
2104 4693 2222 4744 quae
2258 4677 2520 4737 cernitur,
2559 4674 2810 4726 omnibus
2851 4673 3104 4738 gloriosis
3140 4671 3445 4738 gloriosior,

1896 4780 1949 4824 et
1975 4769 2255 4822 honoratis
2295 4767 2547 4820 omnibus
2584 4764 2919 4819 honoratior.
2947 4772 3107 4829 atque
3142 4763 3442 4829 augustior.

2134 4943 2176 4974 ’ί
2215 4942 2370 4995 Rom.
2400 4956 2514 5004 vni,
2579 4941 2667 5003 δε,
2705 4939 2791 4991 56.
2902 4939 2947 4967 ¹¹²
2978 4936 3205 5004 Philipp.
3243 4950 3320 4998 ni,
3357 4936 3442 4991 1:2.

1868 5233 1953 5280 qui
1991 5233 2085 5268 sua
2117 5218 2457 5280 omnipotenti
2492 5218 2679 5266 rirtute
2712 5215 2871 5266 simul
2897 5214 2961 5266 ab
3007 5215 3156 5265 initia
3195 5217 3441 5278 temporis

1870 5293 2146 5352 utramque
2173 5287 2234 5336 de
2261 5287 2420 5335 nihilo
2445 5287 2758 5344 condiderit,
2788 5294 3084 5335 creaturam
3110 5282 3436 5346 spiritualent

1867 5364 1914 5404 et
1947 5356 2299 5416 corporalem;
2347 5355 2629 5417 angelicam
2666 5356 2896 5404 videlicet
2927 5366 2973 5403 et
3007 5352 3349 5429 mundanam.
3381 5367 3436 5401 ac

1882 5423 2074 5474 deinde
2126 5425 2431 5478 humanam.
2485 5427 2635 5489 quasi
2684 5438 3005 5472 communem
3062 5436 3124 5471 ex
3155 5423 3343 5484 spiritu
3389 5431 3437 5470 et

1883 5507 2092 5554 συννυνε
2136 5494 2489 5544 constitutam.
2534 5490 2629 5543 libi
2679 5492 2821 5543 nulla
2858 5491 2956 5541 alia
3000 5501 3244 5541 creatura
3291 5502 3435 5540 mere

1881 5561 2176 5624 Spiritualis
2213 5563 2528 5624 agnoscitur
2565 5571 2758 5625 praeter
2808 5560 3104 5624 angelicam
3135 5575 3147 5621 ;
3204 5569 3254 5607 et
3288 5559 3435 5609 nulla

1881 5630 2071 5693 partim
2125 5630 2445 5696 spiritualis,
2505 5631 2694 5697 partim
2749 5628 3039 5695 corporalis
3091 5637 3282 5695 praeter
3331 5626 3436 5679 hu:

1879 5711 2114 5752 illiilliiln.
