4128 6338
643 400 748 461 ᾸΞ3
1917 379 2297 444 ΞῩΜΕΟΝΙΞ
2332 376 2694 441 ῘΠΝῙΟΒῙΞ
3791 369 3891 435 ιξι

637 511 956 570 Laudabilis
991 507 1080 578 qui
1119 516 1173 563 te
1201 509 1414 576 quaerit,
1443 503 1767 558 laudabilior
1803 503 1893 570 qui
1917 510 1970 554 te
1996 496 2220 553 invenit.
2252 501 2296 554 A
2330 495 2447 564 ipse
2473 490 2727 548 Christus
2760 491 3112 561 loquebatur.
3146 490 3398 560 Quinque
3445 490 3589 546 enim
3623 490 3896 545 excellen-

640 607 857 660 Beatior
883 603 974 671 qui
1011 608 1298 669 susceptus
1349 607 1432 652 cst
1461 612 1488 648 a
1527 603 1599 659 te,
1653 594 1745 663 qui
1779 594 1974 647 doctus
2009 591 2102 643 abs
2135 599 2208 655 tc,
2317 589 2387 639 tia
2424 587 2565 639 dona
2600 588 2942 654 complexus,
2969 595 3024 640 et
3053 587 3189 640 citra
3221 585 3542 641 charitatem
3574 585 3810 646 inutilia,
3838 596 3892 637 et

635 699 730 769 qui
762 697 1022 751 habitavit
1061 695 1215 756 inte,
1252 691 1343 762 qui
1373 705 1466 756 per
1507 691 1821 742 alimentum
1878 698 2028 740 tuum
2056 682 2214 737 Chri-
2318 677 2623 746 periculosa
2682 692 2809 731 esse
2862 677 3042 739 docet,
3095 677 3429 745 linguarum,
3472 677 3792 744 prophetize,
3834 677 3895 728 li.

638 801 783 845 stum
821 773 1185 840 immortalem
1224 783 1464 835 nutritus
1508 791 1611 835 est.
1648 779 1689 834 Ο
1730 781 1912 832 divina
1948 777 2212 843 Charitas,
2320 772 2430 835 dei,
2463 773 2842 842 eleemosynae,
2873 765 2935 826 et
2959 770 3246 841 martyrii:
3283 769 3342 823 Si
3381 769 3576 836 linguis
3605 768 3892 828 hominum,

637 882 731 934 ubi
787 880 1070 933 Christum
1123 874 1412 928 contines?
1449 873 1536 925 ubi
1586 888 1708 926 eum
1745 870 2072 924 abscondis?
2107 868 2216 922 Cur
2318 873 2368 917 et
2401 865 2933 933 ange’iorumloquar,
2969 865 3163 932 inquit,
3202 865 3248 916 si
3296 863 3523 915 habuero
3546 862 3891 930 prophetiam,

640 980 861 1040 arrepto
900 967 1185 1022 Salvatore
1220 967 1404 1018 mutuli
1444 965 1601 1033 longe
1633 979 1660 1014 a
1696 963 1849 1017 nobis
1897 961 2216 1015 recessisti?
2319 970 2367 1014 et
2405 961 2634 1012 noverim
2666 961 2918 1028 mysteria
2948 958 3147 1018 omnia,
3181 967 3229 1009 et
3257 974 3456 1010 omnem
3500 958 3773 1008 scientiam
3807 953 3896 1005 :si

639 1067 802 1133 Aperi
859 1066 1021 1114 etiam
1071 1063 1229 1113 nobis
1269 1059 1504 1133 indignis
1549 1058 1801 1112 ostiolum
1847 1065 2022 1120 tuum,
2078 1061 2219 1107 utet
2321 1052 2552 1104 habuero
2589 1067 2792 1102 omnem
2840 1051 3022 1117 ﬁdem,
3073 1059 3127 1100 ut
3177 1059 3376 1101 montes
3423 1048 3739 1115 transferam
3790 1061 3808 1097 :
3855 1045 3898 1096 si

640 1174 740 1209 nos
768 1172 891 1210 eum
925 1126 1559 1216 videamus,Christum,
1599 1152 1843 1218 inquam,
1878 1157 2096 1217 propter
2122 1162 2219 1199 nos
2321 1142 2638 1195 distribuere
2705 1143 2760 1193 in
2819 1142 2960 1194 cibos
3031 1158 3316 1209 pauperum
3382 1158 3555 1192 omnes
3621 1139 3897 1205 facitItates

641 1265 889 1318 passum,
942 1256 994 1298 et
1042 1233 1329 1299 credaiuus
1396 1245 1784 1296 misericordia:
1839 1242 2002 1299 illius,
2045 1250 2100 1291 nt
2155 1254 2220 1291 eo
2323 1251 2466 1286 meas
2497 1243 2586 1286 :et
2638 1233 2685 1285 si
2717 1232 2982 1286 tradidero
3016 1240 3201 1297 corpus
3236 1249 3401 1284 meum
3448 1233 3522 1282 itu
3557 1242 3611 1282 ut
3658 1232 3897 1290 ardeam,

643 1351 941 1404 cortSpeelo
973 1354 1035 1388 uc
1066 1337 1299 1405 amplius
1335 1336 1650 1389 moriamur.
1686 1331 1846 1401 'Aperi
1881 1331 2062 1394 nobis,
2102 1346 2222 1398 quae
2323 1327 2633 1379 rhariratem
2667 1312 2842 1377 autem
2867 1343 2968 1376 non
2998 1325 3245 1382 habuero,
3277 1325 3408 1375 nihil
3443 1323 3565 1374 mihi
3594 1322 3802 1387 prodest
3830 1320 3898 1373 ".

647 1431 789 1482 facta
836 1446 894 1483 cs
945 1430 1061 1497 ejus
1110 1430 1298 1496 janun,
1337 1437 1394 1479 ut
1441 1428 1493 1480 in
1547 1442 1711 1479 came
1756 1432 2062 1491 appareret,
2101 1438 2222 1489 qum
2324 1417 2425 1481 Qui
2456 1425 2634 1468 autem
2665 1431 2791 1467 vcre
2825 1431 2882 1468 ea
2920 1416 3183 1484 praeditus
3217 1417 3305 1475 sit,
3339 1432 3401 1468 cx
3436 1415 3691 1481 operibus
3724 1410 3902 1462 maui~

648 1522 820 1587 larga,
853 1530 904 1572 et
949 1536 1068 1588 quae
1115 1520 1232 1586 cogi
1290 1534 1394 1571 non
1453 1525 1706 1586 poterant
1754 1516 1962 1569 viscera
2009 1514 2219 1566 Domini
2327 1510 2461 1562 feste
2511 1509 2822 1566 declarans,
2873 1511 2946 1560 ait
2982 1527 2995 1560 :
3029 1507 3274 1561 Charitas
3305 1502 3510 1574 ﬁamus
3537 1517 3635 1564 est,
3681 1505 3901 1570 benigna

644 1614 842 1670 nostri.
897 1623 1120 1682 peccata
1174 1625 1228 1665 ct
1288 1612 1636 1664 inﬁrmitates
1695 1608 1935 1660 oumium
2003 1616 2222 1674 portare
2324 1610 2422 1660 est,
2457 1616 2555 1651 non
2586 1600 2889 1661 aemulatur,
2930 1616 3030 1650 non
3060 1602 3166 1668 agit
3199 1615 3487 1664 perperam,
3523 1615 3622 1648 non
3655 1595 3898 1661 inﬂatur,

644 1707 890 1776 coegisti.
929 1705 1004 1759 Ne
1045 1706 1271 1772 abjicias
1308 1721 1428 1766 nos,
1466 1703 1704 1757 dicens':
1739 1701 1860 1754 Non
1892 1701 2009 1753 novi
2040 1717 2123 1753 vos
2155 1700 2218 1752 'l’.
2327 1711 2429 1745 non
2466 1702 2539 1745 est
2583 1693 2884 1759 ambitiosa,
2925 1708 3024 1743 non
3063 1695 3253 1760 qum-it
3302 1708 3416 1759 qua?
3475 1707 3573 1742 sua
3621 1698 3762 1744 siml,
3803 1701 3904 1735 non

644 1797 774 1851 Esto
812 1800 1120 1858 nobiscum,
1155 1807 1214 1851 ut
1261 1797 1478 1850 noveris
1511 1811 1649 1860 nos;
1704 1797 1900 1849 ctenim
1939 1795 2028 1846 tibi
2069 1794 2228 1847 inco-
2259 1841 2296 1860 η
2328 1786 2594 1844 ἕν’νίῑαιυν.
2630 1799 2730 1835 ⁷⁷οη
2762 1785 2955 1852 σοςὶιηι
2987 1784 3207 1844 malum.
3261 1798 3361 1833 “0"
3393 1783 3586 1849 gavdet
3612 1793 3768 1844 ευμεν
3799 1775 3904 1826 ίηί*

646 1841 772 1851 ..πη
812 1841 1120 1858 ,.ν.,.,,ν.....,
1158 1841 1214 1851 ..-
1261 1841 1477 1850 "me..-
1511 1841 1607 1849 ..η
1636 1841 1649 1860 ,
1707 1841 1900 1849 "eum-
1940 1841 2027 1846 -__-
2069 1841 2186 1847 __-__

646 1896 781 1959 gniti
822 1907 1034 1944 sumus.
1070 1890 1261 1944 Habita
1300 1892 1351 1942 itt
1385 1890 1565 1953 nobis,
1601 1898 1657 1942 ut
1692 1897 1913 1956 propter
1955 1899 2004 1939 te
2037 1885 2221 1939 Domi-
2259 1841 2276 1893 ι

2273 1844 2549 1942 3quitate,
2603 1876 2886 1943 congaudet
2936 1883 3109 1927 autem
3154 1873 3361 1926 ueritati
3408 1888 3425 1924 :
3479 1872 3653 1923 omnia
3695 1868 3903 1935 stt/fert,

646 1999 770 2045 nus,
814 1999 933 2036 cum
975 1984 1050 2036 illi
1078 1984 1408 2046 Occurreris,
1443 1996 1543 2035 nos
1572 1996 1790 2048 quoque
1823 1981 2058 2033 humiles
2087 1979 2223 2031 visi-
2330 1972 2507 2023 omnia
2532 1970 2715 2030 credit,
2747 1973 2921 2022 omnia
2948 1978 3142 2035 sperat,
3177 1968 3351 2017 omnia
3380 1951 3620 2017 sustinet.
3657 1962 3906 2015 Charitas

649 2086 726 2129 tet
767 2077 889 2143 (nos
920 2076 1119 2142 quipr
1157 2074 1320 2125 simul
1356 2083 1408 2124 et
1441 2073 1609 2126 semel
1658 2072 1864 2140 indigni
1917 2073 2131 2137 sumus)
2164 2080 2222 2124 ιιι
2330 2081 2599 2131 nunquam
2637 2063 2830 2115 excidit
2857 2063 2922 2116 ".
2963 2061 3188 2129 Propter
3237 2061 3375 2147 han\c
3419 2067 3472 2110 et
3525 2055 3745 2108 Verbum
3780 2070 3906 2107 caro

646 2176 887 2226 maneat,
919 2165 1197 2233 paululum
1239 2171 1420 2217 tecum
1455 2165 1790 2233 colloquens,
1815 2173 1867 2217 et
1891 2166 2031 2218 sinat
2059 2163 2220 2216 etiam
2332 2159 2529 2227 factum
2556 2166 2652 2218 est,
2681 2168 2725 2209 et
2749 2156 3004 2208 habitat-it
3031 2156 3083 2207 in
3105 2153 3272 2205 nobis.
3304 2152 3529 2219 Propter
3553 2165 3714 2214 quam
3742 2148 3906 2200 homo

645 2273 746 2310 nos
787 2269 1104 2322 peccatores
1137 2258 1199 2309 ad
1236 2256 1617 2310 immaculatos
1666 2257 1785 2324 ejus
1824 2256 1987 2324 pedes
2043 2257 2224 2320 proci-
2332 2249 2509 2302 factus
2544 2246 2634 2301 Dei
2670 2245 2863 2312 Filius,
2895 2260 3084 2299 omnes
3121 2244 3360 2296 viviticos
3392 2241 3668 2293 cruciatus
3714 2247 3908 2305 sponte

645 2350 819 2400 dere:
852 2357 904 2400 ct
946 2350 1165 2413 loquere
1198 2363 1294 2415 pro
1331 2348 1487 2401 nobis
1524 2348 1688 2411 bona,
1733 2363 1973 2416 rogaque
2005 2355 2062 2400 ιιι
2098 2362 2226 2416 pec-
2333 2359 2394 2398 ac
2432 2345 2605 2398 libens
2637 2343 2879 2410 pertulit,
2919 2352 2977 2393 ut
3002 2340 3207 2408 plasma
3241 2351 3422 2398 suum,
3461 2335 3753 2387 humanam
3808 2344 3907 2381 na-

646 2450 896 2492 catorum
932 2440 1114 2492 debita
1149 2441 1304 2492 nobis
1355 2440 1702 2492 remittantur
1731 2457 1742 2492 :
1777 2450 1836 2492 ιιι
1887 2440 1987 2508 ipsi
2046 2455 2141 2510 per
2172 2450 2224 2493 te
2335 2445 2510 2489 turam
2548 2435 2600 2487 in
2635 2430 2832 2488 multas
2860 2441 3101 2502 partcs‘a
3146 2429 3363 2483 diabolo
3409 2428 3705 2480 dissectum
3737 2438 3801 2476 ac
3829 2421 3912 2474 div

647 2547 843 2585 rursus
893 2531 1038 2599 digiti
1080 2532 1274 2593 simus,
1308 2532 1397 2595 qui
1445 2529 1677 2584 Domino
1729 2533 2052 2596 serviamus,
2086 2539 2138 2584 et
2179 2532 2224 2584 is
2333 2535 2627 2594 romptunt,
2661 2541 2756 2593 per
2789 2524 2947 2577 ﬁdem
2977 2535 3179 2576 rectam
3210 2533 3260 2573 et
3300 2518 3620 2574 charitatem
3653 2514 3912 2583 spiritua-

648 2623 906 2676 alitnenta
955 2623 1114 2675 nobis
1165 2623 1463 2689 provideat.
1526 2621 1658 2675 Nam
1691 2624 1824 2675 nihil
1872 2623 2087 2691 quidem
2134 2625 2222 2678 dc-
2335 2618 2439 2670 lem
2477 2620 2530 2670 in
2573 2632 2741 2669 unum
2780 2625 3150 2683 congregaret,
3198 2621 3251 2666 et
3284 2627 3312 2665 a
3348 2611 3580 2664 vinculis
3616 2607 3812 2660 inferni
3844 2606 3909 2658 li—

649 2714 798 2773 bere,
835 2712 975 2765 fame
1003 2719 1180 2764 autem
1216 2727 1279 2762 ex
1316 2712 1660 2764 mendicitate
1689 2712 1886 2776 emori,
1921 2727 2095 2778 pinna:
2129 2728 2226 2781 par
2337 2710 2585 2764 beratum
2634 2717 3126 2776 recuperatumqne
3177 2705 3229 2758 in
3285 2704 3483 2758 cadum
3563 2701 3908 2754 subveheret.

651 2806 979 2874 supplicium
1038 2806 1313 2872 importat.
1364 2805 1465 2856 Per
1517 2812 1589 2866 te,
1628 2813 1817 2855 Sancta
1849 2804 2106 2867 charitas,
2140 2819 2228 2854 vc-
2335 2803 2560 2871 Propter
2591 2801 2728 2854 hanc
2763 2809 2816 2855 et
2856 2801 3083 2868 apostoli
3115 2800 3465 2866 irrequietum
3501 2796 3652 2847 illum
3688 2807 3910 2844 cursum

652 2896 798 2949 niam
857 2911 1284 2962 consequamur.
1346 2893 1449 2947 Per
1505 2902 1560 2946 te
1597 2894 1752 2947 bouis
1785 2893 1997 2947 Domini
2055 2895 2226 2948 nostri
2335 2900 2718 2956 cucurrerunt,
2753 2899 2804 2946 et
2833 2905 2954 2943 eum
2989 2898 3162 2944 totum
3195 2889 3456 2940 mundum
3493 2887 3589 2938 reti
3619 2898 3681 2936 ac
3711 2896 3911 2948 sagena

650 2987 1016 3058 perfruamur,
1059 3002 1287 3056 quorum
1324 2986 1670 3051 suavitatem,
1707 2987 1808 3039 nisi
1852 3003 1946 3054 per
1981 2997 2032 3038 te
2067 3002 2228 3041 nemo
2340 2985 2487 3038 verbi
2547 2984 2970 3044 conclusissem,
3022 2996 3053 3035 e
3113 2979 3383 3048 profundo
3444 2974 3789 3030 idolomaniaz
3843 2973 3909 3023 ad

650 3079 910 3148 gustabit.
944 3077 1044 3139 Qui
1075 3078 1218 3128 enim
1271 3085 1320 3128 te
1350 3091 1481 3135 non,
1521 3083 1578 3126 ut
1609 3075 1870 3141 Oportuit,
1922 3075 2132 3138 dilexit,
2176 3083 2229 3127 ct
2338 3076 2486 3129 littus
2516 3077 2665 3144 regni
2703 3075 2964 3127 cmlorum
2995 3074 3324 3125 incolumem
3349 3076 3720 3123 extraxerunt.
3773 3064 3914 3118 Pro.

645 3170 750 3223 abs
783 3177 834 3220 te
887 3184 992 3221 non
1044 3177 1120 3222 est
1180 3167 1412 3218 dilectus
1467 3175 1523 3218 ut
1571 3167 1776 3228 debuit,
1811 3168 1983 3219 currit
2012 3169 2224 3235 quidem
2259 3189 2300 3244 ε
2339 3177 2456 3235 pter
2504 3167 2643 3219 hanc
2675 3166 2880 3220 Christi
2919 3174 3207 3232 martyres,
3260 3176 3327 3215 ne
3360 3161 3637 3214 Christum
3692 3158 3912 3209 amitte-

653 3263 907 3323 fortasse,
944 3262 1037 3311 sed
1075 3275 1178 3310 non
1212 3259 1647 3326 comprehendit.
1698 3259 1886 3313 Omnis
1919 3269 2099 3312 autent
2138 3263 2231 3330 qui
2339 3268 2478 3321 rent,
2518 3258 2835 3326 sanguinem
2873 3271 3031 3310 suum
3065 3253 3454 3323 profuderunt.
3494 3251 3720 3318 Propter
3773 3249 3917 3299 hanc

653 3351 844 3409 currit,
879 3363 1003 3402 ante
1037 3347 1343 3402 confectum
1373 3350 1705 3409 curriculum
1749 3351 1815 3402 de
1843 3351 2020 3418 palma
2051 3351 2233 3404 incer-
2336 3351 2505 3405 divini
2536 3350 2722 3404 Patres
2750 3347 2947 3412 nostri,
2977 3358 3029 3402 et
3056 3347 3206 3400 orbis
3231 3355 3496 3399 terrarum
3525 3344 3769 3410 magistri
3797 3341 3918 3393 anl-

654 3449 741 3494 tus
771 3449 852 3492 est
872 3440 937 3490 ’³.
973 3442 1067 3490 Ast
1095 3439 1185 3505 qui
1212 3451 1264 3490 te
1297 3438 1726 3505 comprehendit,
1753 3447 1845 3489 aut
1871 3437 1973 3490 abs
2005 3447 2053 3489 te
2081 3452 2228 3490 com-
2338 3457 2454 3495 mas
2484 3456 2612 3496 suas
2659 3455 2753 3508 pro
2788 3439 3054 3494 catholica
3079 3448 3133 3491 et
3175 3438 3472 3505 apostolica
3524 3431 3768 3485 Ecclesia
3806 3445 3913 3482 non

655 3532 961 3608 prehensus
1012 3537 1117 3590 est,
1148 3530 1373 3581 omnino
1412 3535 1598 3581 certus
1649 3536 1753 3590 est,
1790 3530 2230 3596 quandoquidem

2339 3533 2490 3585 inviti
2523 3532 2856 3597 ahjecerunt.
2898 3529 3126 3596 Propter
3155 3527 3474 3580 charitatetn
3511 3524 3682 3576 sancti
3725 3534 3917 3575 omnes

655 3625 781 3678 linis
842 3623 975 3692 legis
1009 3631 1061 3674 tu
1094 3637 1171 3675 es.
1208 3622 1286 3675 Tu
1321 3621 1464 3674 enim
1519 3621 1911 3688 prophetarum
1948 3625 2229 3691 magistra,
2339 3639 2514 3694 usque
2551 3625 2615 3677 ad
2658 3623 2976 3689 sanguinem
3039 3627 3265 3689 peccato
3315 3618 3669 3678 restiterunt,
3711 3614 3915 3666 nullam

657 3713 941 3785 apostolici
977 3728 1173 3766 cursus
1206 3713 1378 3775 socia,
1439 3720 1741 3779 martyrum
1779 3714 1971 3779 virtus,
2011 3714 2233 3768 Patrum
2337 3718 2605 3772 rationem
2629 3714 2914 3783 praesentis
2947 3711 3071 3765 vita:
3106 3711 3395 3774 ducentes,
3454 3717 3507 3761 et
3539 3708 3686 3759 varia
3721 3705 3917 3757 mortis

656 3810 708 3856 ct
739 3803 1022 3855 d‘octorum
1056 3801 1363 3867 inspiratio.

2341 3822 2541 3880 genera
2577 3807 2976 3867 sustinuerunt,
3018 3814 3129 3857 uta
3161 3801 3360 3853 mundo
3395 3799 3460 3852 ad
3495 3801 3731 3867 seipsos,
3762 3807 3813 3852 et
3845 3795 3911 3849 ad

729 3894 1027 3948 Curramus
1061 3895 1220 3963 igitur
1247 3908 1295 3947 et
1329 3913 1450 3960 nos,
1493 3896 1708 3961 fratres,
1745 3908 2007 3968 quantum
2038 3915 2233 3969 possu-
2341 3904 2508 3956 Deum
2536 3901 2947 3966 colligerentur,
2977 3905 3031 3952 ct
3056 3904 3262 3950 natura:
3284 3895 3446 3947 verba
3477 3894 3526 3945 in
3560 3893 3755 3959 scipsis
3787 3889 3919 3943 uni—

659 3996 783 4037 ιτδυε
835 4000 1066 4053 eamque
1114 4000 1236 4038 ωιυ
1291 3987 1394 4040 “de
1448 3998 1502 4040 ει
1555 3991 1936 4044 Oitsel‘valione
1993 3992 2235 4044 omnium
2339 4009 2464 4051 rent
2503 3995 2603 4065 (8).
2661 3992 2784 4046 llaec
2815 4002 2897 4046 est
2925 3992 3069 4044 enim
3101 4004 3251 4048 vera,
3288 3993 3341 4040 et
3393 3986 3668 4052 inculpata
3701 3983 3795 4036 Dei
3830 3995 3921 4036 sa-

658 4075 860 4128 cmis”
890 4077 1266 4130 "‘“nda‘orum
1292 4093 1684 4133 αοηδθεῑθωυῐό
1712 4082 1812 4148 Qui
1840 4097 2072 4152 namque
2100 4085 2239 4136 hanc
2344 4090 2568 4159 pientia,
2596 4086 2750 4154 cujus
2783 4084 2902 4137 linis
2933 4081 3060 4135 illud
3089 4081 3290 4133 bonum
3327 4087 3431 4140 est,
3458 4087 3511 4130 et
3544 4075 3751 4128 veritas
3788 4093 3801 4127 :
3835 4071 3916 4125 si-

661 4167 1124 4234 comprehendere
1181 4179 1518 4235 meruerunt,
1583 4187 1678 4240 spe
1740 4189 1835 4226 sua
1894 4189 2234 4242 nequaquam

2343 4182 2560 4249 quidem
2597 4179 2795 4231 bonum
2823 4174 3154 4235 humanitas,
3188 4180 3240 4223 et
3273 4170 3476 4224 veritas
3508 4182 3659 4222 amor
3704 4164 3796 4217 Dei
3833 4178 3922 4217 se-

662 4258 956 4326 aliquando
1011 4260 1350 4314 exciderunt.
1389 4262 1678 4316 Euitamur
1736 4280 1888 4328 vero,
1945 4266 2087 4318 sicut
2142 4281 2239 4331 per

2343 4273 2584 4326 cundum
2624 4269 2818 4328 ﬁdem;
2853 4273 3171 4334 argumenta
3227 4260 3536 4324 charitatis,
3589 4258 3698 4311 Deo
3743 4255 3918 4309 homi-

662 4353 866 4413 ontnia,
919 4352 989 4404 ita
1029 4355 1191 4404 etiam
1247 4371 1342 4423 per
1396 4364 1633 4407 mutuam
1688 4356 2007 4410 charitatem
2074 4357 2236 4411 Deum
2344 4380 2466 4427 nes,
2495 4371 2548 4415 οι,
2580 4361 2700 4412 illos
2731 4360 2872 4411 inter
2904 4373 2961 4411 se
2991 4356 3321 4424 copulantis,
3350 4361 3402 4406 et
3429 4351 3631 4404 idcirco
3664 4349 3919 4402 stabilem

663 4443 864 4496 colere.
900 4443 1070 4498 Omne
1102 4446 1368 4511 siquidem
1419 4447 1679 4510 studium,
1718 4451 2004 4516 omnisque
2033 4451 2239 4502 cxerci-
2344 4455 2610 4508 bonorum
2649 4449 3088 4517 permansionem
3124 4444 3396 4495 habentis.
3426 4438 3549 4492 ll:rc
3578 4447 3682 4498 est,
3716 4439 3918 4491 ostium

661 4536 798 4585 talio
835 4551 955 4586 cum
999 4537 1184 4588 multis
1219 4535 1510 4603 conjuncta
1562 4541 1859 4602 laboribus,
1892 4556 2012 4608 quae
2043 4556 2148 4594 non
2182 4543 2235 4593 in
2271 4525 2313 4577 Ῑ)
2342 4553 2397 4596 et
2433 4542 2535 4603 via,
2564 4556 2723 4605 quam
2772 4539 2860 4590 Dei
2895 4535 3129 4589 Verbum
3162 4534 3400 4600 seipsutn
3431 4529 3740 4598 appellavit,
3773 4540 3826 4581 et
3861 4526 3919 4580 in

664 4625 985 4676 cltaritatom
1019 4643 1139 4678 cum
1187 4630 1376 4695 spiritu
1411 4632 1648 4683 contrito
1699 4634 1886 4696 tendit,
1921 4636 2094 4686 inanis
2131 4646 2236 4699 est,
2339 4649 2401 4686 ea
2430 4631 2807 4700 procedentes,
2839 4627 2948 4681 Deo
2976 4637 3029 4680 et
3065 4625 3208 4677 Patri
3244 4637 3409 4691 puros
3440 4622 3509 4674 ab
3548 4622 3694 4673 omni
3728 4620 3921 4672 conci-

665 4723 719 4768 et
752 4719 802 4768 in
835 4719 965 4770 nihil
995 4719 1334 4773 fructuosum
1368 4722 1583 4775 desiuit.
1615 4722 1871 4793 Discipuli
1903 4728 2047 4777 enim
2075 4727 2238 4778 Chri-
2343 4733 2476 4785 tata,
2502 4737 2554 4776 et
2583 4723 2806 4775 sinistra
2835 4722 3071 4772 motione
3104 4718 3343 4773 exhibet.

663 4806 733 4860 sti
763 4823 822 4858 ex
850 4810 1138 4862 dilectione
1164 4823 1368 4872 mutua,
1397 4824 1651 4880 tanquam
1675 4825 1876 4868 tessera
1896 4831 2239 4884 Cognoscun-
2413 4815 2534 4870 Vidi
2557 4831 2656 4883 ego
2680 4817 2976 4876 hominem,
3003 4813 3222 4876 fratres,
3251 4813 3342 4880 qui
3365 4811 3597 4881 diligens
3624 4811 3677 4863 in
3702 4824 3768 4863 eo
3799 4818 3921 4863 stu-

669 4905 754 4947 lur
788 4915 798 4947 :
836 4913 933 4948 uec
962 4907 1136 4962 potest
1177 4902 1444 4968 quispiam
1476 4905 1528 4954 iu
1578 4904 1681 4954 alia
1734 4907 1986 4974 quapiam
2020 4911 2237 4970 virtute,
2346 4907 2494 4960 dium
2549 4915 2796 4974 poneret,
2849 4905 3138 4972 variosque
3191 4903 3381 4956 modo‘s
3443 4901 3804 4968 experiretur,
3862 4908 3924 4952 ut

669 4986 1166 5039 antobscrvatioue
1190 4987 1454 5042 Dominici
1484 4994 1718 5044 mandati
1754 4995 2058 5062 discipulus
2080 4997 2240 5064 Chrj-
2353 4999 2582 5052 fratrrrm
2611 5041 2625 5061 ,
2683 4999 3008 5065 quibuscum
3067 4996 3410 5049 familiariter
3466 4995 3722 5058 vivebat,
3778 4993 3923 5045 hunc

665 5084 738 5176 διε
781 5079 1001 5176 agnosci
1037 5098 1048 5132 ε
1079 5079 1144 5134 1η
1178 5081 1293 5143 hoc,
1331 5083 1527 5150 inquit,
1555 5098 1855 5154 cognosrent
1881 5106 2076 5149 omnes,
2104 5091 2240 5157 quod
2352 5091 2570 5157 quidem
2631 5104 2904 5151 sermone,
2961 5089 3124 5140 alium
3191 5087 3531 5150 muneribus,
3590 5084 3769 5137 alium
3813 5059 3920 5135 alia

665 5167 917 5233 discipuli
949 5171 1046 5220 mei
1079 5173 1223 5234 estis,
1252 5173 1298 5223 si
1321 5173 1648 5226 dilectionem
1681 5177 1968 5232 habueritis
1999 5183 2067 5233 ad
2104 5182 2241 5234 invi-
2353 5181 2584 5250 quadam
2612 5179 2897 5233 occasione
2928 5193 2956 5231 a
2992 5180 3208 5232 vitiosis
3250 5178 3557 5231 actionibus
3586 5184 3640 5230 et
3670 5173 3922 5244 cogitatis

663 5272 778 5310 rem
825 5259 890 5310 ".
934 5260 1087 5323 Quod
1130 5262 1269 5316 idem
1308 5274 1359 5317 et
1399 5265 1458 5317 Β.
1503 5266 1702 5320 Paulus
1751 5269 1972 5331 iudieat,
2037 5274 2087 5323 in
2133 5289 2241 5342 quo
2352 5269 2668 5322 abduceret.
2705 5267 2769 5319 Et
2804 5268 2908 5320 vidi
2955 5271 3116 5320 talem
3151 5282 3295 5321 nunc
3322 5268 3537 5336 quidem
3568 5264 3784 5319 ﬂentem
3821 5265 3920 5316 hu-

745 5499 792 5530 “
826 5498 1015 5555 Matth.
1049 5517 1185 5565 xxv,
1219 5501 1305 5554 l2.
1379 5502 1466 5556 ⁸⁸1
1500 5504 1729 5570 Cor.tv,
1775 5506 1866 5569 24,
1908 5505 1999 5560 25.
2080 5507 2121 5537 ⁸⁸
2170 5507 2328 5563 Joan.

2188 5507 2328 5560 loan.
2389 5521 2506 5574 xnt,
2560 5509 2651 5564 55.
2731 5509 2995 5565 "lCor.
3057 5527 3172 5576 χιιι,
3238 5511 3349 5562 ι-δ.
3461 5509 3505 5539 ⁸⁸
3539 5508 3672 5566 Ibid.
3706 5508 3818 5564 ι-δ.

745 5717 1045 5806 ‘G'raace
1091 5720 1187 5772 καὶ
1335 5721 1434 5788 τῆς
1476 5721 1687 5806 etiam);
1734 5722 1819 5806 ἐφ’
1870 5725 2242 5806 ἐαυιῶνιὲνὼ-
2353 5728 2375 5779 Ι.

2353 5728 2484 5806 leges
2517 5740 2564 5782 et
2582 5730 2801 5806 decreta
2834 5743 3060 5806 naturae,
3094 5749 3182 5806 seu
3241 5732 3588 5800 appetitione:
3621 5733 3912 5787 naturales.

678 5803 811 5841 cum
836 5790 1078 5859 ῥήματα,
1108 5807 1199 5858 per
1229 5793 1450 5860 ῥήματα
1476 5792 1690 5858 φύσεως
1719 5795 1916 5846 ridetur
1961 5796 2247 5867 intelligere

2061 5796 2247 5867 '(ligerc
2362 5790 2474 5852 Is'tu
2508 5802 2643 5853 enim
2676 5813 2818 5864 sunt,
2850 5805 3000 5870 quasi
3032 5804 3184 5856 verba
3215 5790 3441 5857 ειίἷιοοεε
3468 5817 3691 5856 natura.
