4156 6340
147 379 257 442 425

1505 379 1787 441 ORATIO
1839 380 2030 444 XXII.

3286 391 3390 458 423

146 498 258 566 jus,
281 515 444 573 nunc
483 501 874 559 lamentantem
925 503 1070 561 illius
1099 518 1304 563 causa:
1340 504 1635 576 aliquando
1667 511 1720 556 et
1748 505 1793 559 Α
1823 502 1976 559 solus
2030 519 2217 559 eorum
2268 504 2567 570 miseriam,
2624 506 2824 576 quibus
2859 508 2964 564 illa
3015 509 3390 576 dominantur,

148 589 338 648 faciem
369 608 548 662 snam,
576 604 630 650 et
653 605 848 666 pectus
878 597 1254 654 verberantem
1282 608 1504 669 propter
1526 598 1715 660 alium.

146 684 240 753 qui
269 685 458 750 verbo,
493 697 587 742 aut
612 704 775 759 opere
803 681 1136 759 oﬂ'endcrat;
1181 692 1569 762 suscipientem
1600 688 1719 759 ejus

145 789 438 842 personam
491 779 768 846 videlicet,
800 788 854 835 et
907 795 963 836 se
1001 782 1150 836 illum
1208 782 1411 852 ipsum,
1445 781 1540 852 qui
1587 781 1722 835 deli-

144 877 341 936 querat
396 878 761 938 reputantem,
805 886 869 926 ac
927 871 1036 928 Deo
1091 873 1466 941 confitentem,
1531 879 1584 926 et
1643 872 1718 924 illi

146 960 600 1026 procumbentem
634 965 970 1034 suppliciter,
1011 967 1401 1036 ingentemque
1427 965 1720 1019 vehemen-

143 1058 245 1103 ter.
293 1051 418 1107 Ἦᾱί
455 1053 621 1125 alium
671 1072 835 1126 super
881 1059 1222 1112 certantibus
1274 1067 1326 1113 et
1379 1056 1720 1111 vincentibus

145 1151 433 1213 tantopere
485 1146 834 1216 gaudentem,
871 1149 1202 1219 illornmqne
1238 1149 1292 1203 in
1361 1151 1559 1202 virtute
1593 1163 1722 1216 pro~

144 1253 369 1306 gressus
425 1242 839 1310 approbantem,
898 1253 954 1298 ut
991 1254 1297 1314 appareret,
1346 1244 1526 1314 ipsum
1569 1246 1719 1297 illum

141 1332 349 1399 potius,
407 1349 570 1406 quam
626 1350 720 1390 eos
766 1338 1028 1391 virtutum
1092 1337 1446 1406 laborumque
1502 1336 1722 1402 prmmia

142 1433 528 1491 accepturum.
572 1425 800 1496 Propter
830 1435 1203 1493 'eosuantem,
1250 1428 1342 1497 qui
1392 1427 1573 1490 verbo,
1631 1435 1726 1479 aut

141 1525 308 1579 opere
349 1515 753 1586 delinquerent,
787 1525 840 1571 et
896 1517 947 1569 in
1001 1517 1240 1585 peccatis
1292 1523 1723 1584 perseverarent,

143 1607 282 1660 adeo
315 1609 525 1662 tristem
558 1624 622 1662 ac
655 1610 1081 1678 gemebundnm,
1116 1617 1172 1662 ut
1218 1609 1391 1678 ipsum
1435 1609 1608 1662 solum
1645 1623 1728 1661 re-

139 1714 269 1752 vera
329 1714 428 1766 pro
472 1699 539 1754 iis
596 1702 851 1756 omnibus
909 1702 1171 1755 rationem
1210 1701 1633 1769 reposcendum,
1675 1707 1729 1752 et

142 1788 326 1855 pinnis
351 1789 680 1844 tradendum
715 1791 1080 1848 existimares.
1109 1790 1171 1845 Et
1194 1792 1303 1846 vidi
1333 1792 1496 1844 alium
1531 1789 1726 1845 salutis

144 1879 379 1934 fratrum
407 1897 630 1955 suorum
661 1890 809 1937 tanto
835 1884 1155 1953 ﬂagrantem
1181 1883 1471 1948 desiderio,
1499 1891 1556 1936 ut
1582 1898 1725 1950 saepe

142 1971 455 2027 calentibus
513 1973 791 2044 lacrymis,
835 1983 948 2029 toto
997 1982 1237 2044 pectore,
1297 1973 1614 2043 divinoqne,
1670 1983 1725 2027 ct

142 2059 389 2116 Mosaico
419 2065 536 2117 zelo
561 2063 862 2133 benignum
894 2051 1061 2120 Deum
1087 2074 1294 2130 oraret,
1325 2074 1418 2118 aut
1449 2066 1556 2119 illis
1587 2067 1728 2120 salu-

144 2161 256 2204 tem
317 2153 477 2219 dari,
526 2164 621 2207 aut
670 2170 729 2209 se
778 2169 995 2224 quoque
1028 2170 1152 2209 cum
1184 2156 1316 2224 ipsis
1350 2157 1724 2210 condemnari.

145 2241 358 2297 Sancta
383 2245 528 2298 enim
554 2245 826 2302 charitate
860 2247 913 2299 in
948 2257 1139 2300 sancto
1175 2245 1379 2314 Spiritu
1424 2247 1725 2314 spirituali-

146 2347 238 2392 ter
265 2339 336 2392 iis
373 2339 681 2410 colligatus,
712 2355 782 2395 ne
813 2340 1080 2415 in’ipsum
1112 2341 1332 2408 quidem
1363 2356 1589 2411 regnum
1622 2358 1728 2396 coe-

144 2430 334 2482 lorum
361 2429 584 2496 intrare,
618 2439 672 2485 et
706 2432 776 2485 ab
806 2433 886 2486 eis
918 2430 1132 2502 sejungi
1163 2433 1398 2486 volebat.

220 2519 265 2574 Ο
310 2531 553 2575 sanctum
583 2523 885 2589 vinculum,
931 2539 963 2578 ο
996 2525 1078 2579 vis
1110 2524 1516 2589 inenarrabilis,
1553 2540 1586 2578 ο
1616 2539 1730 2579 C(13-

147 2613 319 2666 lestia
345 2616 606 2682 cogitans,
642 2615 721 2667 vel
769 2607 950 2683 potius
982 2616 1168 2670 divino
1199 2615 1383 2670 aﬂlatn
1431 2617 1730 2683 concitata,

147 2707 399 2776 atquein
436 2706 525 2760 Dei
597 2709 938 2776 proximique
977 2707 1247 2762 charitate
1291 2708 1507 2778 egregie
1549 2708 1731 2778 perfe-

147 2809 237 2854 cta
272 2800 450 2852 anima
484 2802 494 2852 ε
524 2799 626 2865 Qui
669 2800 834 2868 igitur
860 2801 928 2854 ad
959 2799 1100 2853 hanc
1133 2799 1452 2854 charitatem
1491 2803 1730 2855 nondum

148 2892 425 2960 pervenit,
458 2907 555 2946 nec.
585 2893 872 2960 vestigium
899 2893 1017 2959 ejus
1046 2891 1098 2944 in
1123 2893 1426 2946 animasua
1455 2893 1606 2955 vidit,
1632 2907 1734 2948 nec

146 2982 272 3051 ejus
301 2985 639 3051 praesentiam
674 2983 779 3037 nlla
807 2998 872 3037 ex
903 2993 1056 3050 parte
1085 2985 1276 3048 sensit,
1307 2983 1485 3038 adhuc
1511 2986 1562 3038 in
1591 2993 1733 3039 terra

148 3084 205 3128 et
242 3076 498 3139 terrenis,
543 3075 651 3129 imo
675 3075 779 3128 sub
809 3082 948 3127 terra
988 3076 1160 3129 instar
1192 3075 1349 3144 talpa:
1369 3074 1532 3144 jacet,
1559 3091 1734 3131 caecus

1822 595 2084 663 praeclare
2119 596 2417 666 cognoscit.
2453 595 2785 668 Principium
2821 601 3001 670 itaque
3031 601 3084 656 in
3120 601 3392 656 Christia-

1821 689 1999 742 nismo
2035 689 2342 758 quempiam
2393 691 2648 746 censendi
2691 694 2793 747 hoc
2839 674 2948 748 esti
2995 694 3261 749 Caeterum
3295 696 3388 764 qui

1823 778 2026 833 bonum
2061 781 2170 835 tale
2205 781 2444 847 nondum
2483 792 2880 850 cognoverunt,
2927 765 2981 838 et
3013 785 3390 853 inspexerunt,

1822 885 1922 925 nec
1955 873 2132 940 ipsum
2176 873 2578 942 perseverantia
2613 876 2803 939 multa,
2838 876 3198 947 lamentisque
3227 886 3282 931 et
3311 878 3394 930 la-

1823 963 2026 1031 crymis
2079 963 2558 1032 quzesiverunt,put
2588 981 2682 1035 per
2733 967 3099 1035 hujuscemodi
3151 968 3396 1024 actiones

1824 1054 2038 1122 purgati
2071 1069 2134 1108 co
2157 1056 2483 1124 potirentur,
2523 1066 2575 1112 et
2605 1057 2844 1127 perfecte
2868 1059 3137 1124 illi'ainiti,
3174 1074 3298 1112 cum
3330 1075 3395 1115 co

1824 1145 2266 1199 connuunionem
2310 1145 2592 1210 haberent,
2631 1151 2926 1218 quomodo,
2959 1149 3046 1203 die
3082 1151 3235 1216 mihi,
3271 1151 3401 1204 sim-

1824 1237 2061 1306 pliciter,
2111 1247 2164 1291 et
2211 1237 2463 1292 absolute
2494 1240 2816 1316 _spirituales
2848 1240 3238 1294 nominentur?
3291 1258 3398 1294 non

1825 1329 1968 1380 enim
2025 1341 2174 1395 sunt,
2207 1329 2407 1400 quales’
2431 1346 2553 1399 esse
2612 1341 2848 1400 oportet.
2907 1332 2961 1388 Si
3011 1333 3155 1387 enim
3203 1332 3340 1401 quod
3375 1351 3402 1386 α

1826 1439 1982 1476 carne
2015 1435 2194 1477 natum
2227 1435 2323 1490 est,
2356 1442 2480 1479 caro
2517 1435 2616 1491 est,
2656 1429 2704 1479 et
2735 1425 2873 1495 quod
2906 1440 2970 1479 ea;
2997 1425 3186 1492 spiritu
3216 1435 3402 1478 natum

1825 1526 1921 1572 est.
1957 1518 2174 1585 spiritus
2228 1527 2301 1569 est
2346 1517 2415 1579 '9,
2456 1519 2548 1587 qui
2609 1518 2910 1572 secundum
2940 1532 3140 1588 corpus
3183 1519 3400 1588 genitus

1829 1616 1932 1670 est,
1964 1615 2015 1659 et
2037 1606 2246 1661 virilem
2271 1613 2483 1661 etatem
2515 1607 2714 1676 attigit,
2744 1609 3101 1675 spiritualiter
3133 1619 3311 1662 autem
3342 1624 3401 1662 se

1829 1700 1981 1754 nasci
2030 1698 2235 1754 debere
2267 1710 2362 1754 aut
2393 1701 2671 1770 cogitavit,
2727 1715 2829 1754 nec
2875 1698 3128 1764 credidit,
3166 1691 3264 1753 nec
3299 1717 3402 1754 un-

1829 1807 1990 1860 quam
2041 1791 2273 1859 studuit,
2308 1793 2584 1863 quomodo
2612 1793 2830 1847 tandem
2863 1791 3166 1862 spiritualis
3205 1794 3317 1856 flet,
3351 1798 3405 1845 et

1830 1883 2210 1949 Spiritnalibus
2249 1899 2368 1939 sese
2399 1884 2821 1939 annumerabitl
2857 1884 2960 1938 nisi
2993 1885 3155 1946 clam,
3203 1893 3261 1937 ut
3310 1886 3404 1953 qui

1831 1974 2085 2033 sordidas
2111 1983 2293 2028 vestes
2325 1974 2525 2038 induit,
2562 1987 2678 2030 sese
2703 1975 2907 2029 sanctis
2941 1975 3224 2044 splendide
3269 1976 3408 2029 ami-

1831 2066 1936 2118 ctis
1969 2063 2288 2128 iuterserat,
2311 2074 2364 2118 et
2398 2064 2451 2118 in
2478 2080 2665 2120 mensa
2695 2066 2839 2134 regia
2872 2080 2996 2119 eum
3024 2065 3131 2120 illis
3165 2066 3407 2121 discum-

1830 2156 1987 2220 bens,
2015 2156 2268 2226 ejiciatur
2300 2155 2464 2221 foras,
2491 2157 2692 2226 ligatus
2718 2173 2911 2211 manus
2937 2166 2990 2210 et
3024 2157 3190 2227 pedes
3222 2158 3260 2223 ¹,
3296 2173 3405 2213 non

1833 2258 1892 2299 ut
1923 2245 2069 2300 filius
2101 2246 2260 2310 lucis,
2299 2249 2390 2300 sed
2426 2247 2609 2302 carnis
2644 2256 2696 2300 et
2733 2248 3037 2318 sanguinis,
3079 2257 3132 2301 et
3159 2249 3406 2302 mittatur

1832 2342 1889 2393 in
1917 2343 2085 2408 ignem
2143 2349 2417 2403 arteruum,
2450 2340 2540 2408 qui
2569 2348 2898 2407 preparatus
2931 2349 3007 2393 est
3064 2340 3277 2396 diabolo
3357 2351 3408 2394 et

1838 2433 2038 2500 angelis
2066 2433 2180 2501 ejus
2208 2433 2252 2487 ².

1907 2523 2202 2578 Curramns
2231 2523 2397 2593 igitur
2432 2522 2619 2578 fideles
2645 2525 2775 2580 totis
2805 2524 3010 2580 viribus
3038 2541 3052 2590 ;
3080 2525 3406 2580 festinemus

1837 2615 1973 2685 pigri
2021 2617 2076 2668 in
2109 2615 2355 2668 laborum
2387 2615 2678 2684 patientia;
2713 2631 3065 2685 resurgamus
3096 2619 3316 2681 mortui,
3349 2625 3408 2670 ut

1837 2707 2197 2772 obtineamus,
2228 2723 2324 2761 seu
2374 2708 2555 2776 potius
2581 2716 2637 2759 ut
2670 2706 2959 2776 participes
2990 2706 3187 2761 fiamus
3227 2707 3411 2762 chari-

1839 2798 1986 2860 tatis,
2034 2807 2088 2851 et
2121 2797 2193 2850 ita
2241 2813 2366 2851 cum
2402 2799 2519 2866 ipsa
2565 2797 2632 2850 ab
2685 2797 2768 2851 his
2810 2797 2974 2851 rebus
3018 2797 3408 2866 demigrantes,

1841 2890 2088 2943 Creatori
2133 2904 2197 2943 ac
2253 2889 2485 2943 Domino
2537 2890 2884 2954 assistamus,
2939 2900 3090 2944 extra
3133 2900 3412 2945 creaturas

1841 2985 2206 3052 aspectabiles
2259 3000 2382 3038 cum
2414 2987 2529 3053 ipsa
2564 2986 2872 3048 constituti,
2908 2995 2962 3039 et
3007 2988 3410 3055 inuspcctabili,

1840 3076 2109 3140 iucreato,
2137 3085 2191 3130 et
2217 3077 2422 3145 experti
2451 3077 2630 3131 omnis
2659 3077 2908 3146 principii
2963 3077 3068 3132 Deo
3099 3079 3254 3142 nui:i,
3286 3094 3410 3132 Cum

146 3166 444 3230 nimirum,
480 3175 537 3221 ut
572 3168 664 3219 illa
695 3166 944 3229 bestiola,
978 3175 1032 3219 et
1061 3167 1178 3221 solo
1211 3182 1372 3220 sensu
1416 3170 1630 3222 aurium
1679 3172 1733 3224 in
1762 3170 1804 3225 C
1838 3168 1960 3235 ipso
1983 3167 2493 3236 inaspectabilibns,
2514 3177 2565 3220 et
2588 3167 3101 3236 incorruptibilibus
3120 3170 3410 3222 nniamur:

147 3270 306 3314 terra
365 3258 645 3326 loquentes
679 3259 1014 3312 auscultans.
1072 3256 1115 3311 Ο
1165 3257 1551 3322 calamitatem,
1590 3275 1728 3328 quo-

146 3353 311 3406 niam
345 3366 406 3405 ex
436 3350 545 3403 Deo
588 3350 724 3416 nati,
767 3357 820 3402 et
877 3349 1284 3403 immortalitate
1311 3349 1522 3414 donati,
1577 3367 1734 3406 voca-

147 3444 330 3499 tionis
364 3443 600 3498 coelestis
633 3441 948 3510 participes,
979 3450 1030 3493 et
1067 3439 1312 3514 haeredes
1342 3439 1461 3504 Dei,
1493 3442 1733 3496 cohaere-

145 3538 253 3591 des
293 3544 472 3588 autem
501 3533 724 3595 Christi,
755 3543 809 3586 et
843 3531 990 3584 cives
1013 3533 1276 3585 cmlornm
1311 3531 1462 3596 facti,
1489 3523 1730 3587 nondum

145 3637 434 3680 tantorum
494 3625 763 3678 bonorum
823 3637 1043 3678 sensum
1101 3621 1430 3676 hausimus:
1469 3625 1562 3677 sed
1617 3625 1735 3677 sine

148 3734 352 3778 sensu,
389 3726 445 3769 nt
483 3717 554 3768 ita
581 3715 784 3775 dicam,
838 3714 981 3768 sicut
1009 3711 1212 3766 ferrum
1247 3715 1297 3766 in
1332 3715 1509 3782 ignem
1568 3716 1738 3768 mitti-

151 3821 270 3872 tur,
309 3818 398 3862 aut
436 3816 491 3859 ut
520 3806 759 3860 inanima
798 3804 954 3872 pellis
992 3803 1179 3870 colore
1229 3819 1500 3872 purpureo
1531 3805 1734 3858 imbui-

150 3914 274 3964 tur,
316 3917 413 3956 nec
442 3901 643 3955 sentit:
679 3900 752 3952 ita
784 3908 837 3953 et
864 3913 965 3952 nos
997 3898 1176 3952 adhuc
1207 3898 1260 3950 in
1289 3907 1397 3951 tam
1432 3900 1617 3954 multis
1642 3900 1733 3955 Dei

152 3996 325 4050 bonis
360 4007 643 4045 manemus
679 4002 732 4044 ct
761 4004 1066 4055 versamur,
1099 4003 1200 4042 nos
1227 3990 1278 4042 in
1310 3989 1417 4043 illis
1469 3991 1618 4043 nullo
1657 3992 1737 4045 af-

153 4089 244 4142 fici
273 4102 437 4141 sensu
473 4084 818 4146 confitentes,
849 4090 902 4135 et
938 4091 995 4136 ut
1023 4083 1133 4150 jam
1169 4083 1384 4143 salvati,
1420 4083 1736 4153 sanctisque

152 4178 389 4246 as‘cripti
466 4175 763 4235 efferimur,
802 4179 856 4228 et
904 4173 1052 4227 velut
1098 4174 1380 4227 schemate
1432 4173 1486 4227 in
1523 4174 1736 4228 theatro

153 4270 421 4326 obvelati,
454 4266 873 4322 sanctimoniam
932 4274 986 4315 ut
1039 4264 1334 4320 histriones
1388 4265 1733 4329 simulamus,

151 4365 326 4416 vitam
357 4362 612 4412 miseram
638 4359 933 4420 ducentes;
960 4357 1252 4425 mimisque
1281 4366 1333 4410 et
1361 4358 1560 4412 scortis
1587 4359 1738 4412 simi-

155 4454 266 4512 les,
303 4468 421 4519 qua:
451 4449 686 4504 naturali
733 4455 981 4500 carentes
1014 4446 1437 4514 pulchritudine,
1473 4447 1614 4502 fucis
1656 4450 1738 4517 i,p-
1768 4496 1810 4549 Β

158 4544 451 4602 fricandis,
489 4553 541 4595 et
591 4539 820 4594 exoticis
855 4538 1140 4606 pigmentis
1181 4538 1407 4605 'seipsas
1438 4540 1604 4592 stulte
1643 4555 1735 4592 or-

153 4652 295 4690 nare
328 4631 648 4689 ert-dtintnr.
677 4635 742 4683 At
776 4644 882 4683 non
916 4638 1228 4684 sanctorum
1266 4630 1446 4684 denuo
1479 4639 1732 4686 natorum

154 4725 512 4778 characteres
536 4718 872 4787 hujusmodi.
902 4716 1192 4772 Sciendum
1226 4725 1431 4780 autem,
1461 4720 1732 4786 quomodo

157 4814 348 4870 infans
387 4824 543 4867 utero
579 4820 826 4864 materno
855 4824 1129 4878 egressus,
1188 4824 1310 4861 cum
1365 4823 1546 4861 aerem
1593 4812 1733 4864 hunc

157 4920 278 4960 non
312 4904 550 4957 sentiens
584 4901 774 4963 sentit,
811 4899 991 4953 statim
1047 4901 1111 4951 ad
1150 4898 1334 4952 fletum
1395 4908 1448 4952 et
1496 4901 1729 4966 vagitum

158 4997 370 5053 nullius
416 4995 652 5063 impulsu
703 5000 949 5045 movetur
983 5008 997 5044 :
1032 4991 1114 5044 sic
1145 4997 1199 5044 et
1232 4992 1324 5058 qui
1372 4991 1549 5044 denuo
1579 5001 1737 5045 natus

157 5099 272 5153 est,
306 5097 354 5142 et
381 5106 409 5139 e
437 5085 643 5138 mundo
669 5085 793 5146 hoc,
826 5092 883 5136 ut
906 5098 969 5136 ex
1002 5092 1155 5135 utero
1192 5082 1484 5136 tenebroso
1515 5084 1735 5148 prodiit,

158 5192 218 5237 et
250 5181 309 5232 in
348 5179 571 5233 creleste
621 5175 823 5237 lumen,
855 5174 998 5243 quod
1049 5181 1228 5227 mente
1272 5173 1518 5227 cernitur
1567 5173 1741 5242 ingre-

157 5275 346 5331 diens,
378 5270 603 5338 paulum
633 5268 686 5320 in
719 5267 851 5318 illud
880 5266 1035 5334 quasi
1073 5266 1372 5333 prospexit,
1410 5279 1531 5317 mox
1563 5264 1738 5318 incre-

157 5361 326 5420 dibili
371 5359 567 5428 gaudio
629 5357 882 5425 repletur,
944 5364 998 5408 et
1050 5356 1168 5408 sine
1223 5355 1408 5409 dolore
1464 5357 1730 5424 lacrymas

159 5454 469 5528 profundit,
507 5450 752 5519 cogitans
798 5455 853 5500 ut
884 5457 1308 5501 consentaneum
1347 5455 1448 5508 est,
1479 5447 1732 5514 qualibus

157 5564 192 5603 e
223 5545 471 5600 tenebris
519 5541 801 5601 liberatus,
854 5538 905 5589 in
945 5537 1091 5606 quali
1153 5537 1271 5590 luce
1301 5538 1510 5590 versari
1543 5539 1733 5607 dignus

160 5643 240 5696 sit
269 5637 635 5691 exiStimatus.
673 5629 807 5683 Nam
855 5629 944 5698 qui
972 5644 1002 5682 e
1052 5629 1288 5683 tenebris
1332 5629 1610 5692 eximitur,
1647 5629 1734 5681 hic

239 5755 292 5790 "
333 5752 486 5807 Joan.
527 5767 604 5812 Ill,
636 5750 690 5802 6.
770 5748 784 5777 ‘
820 5747 1006 5800 Matth.
1036 5761 1169 5809 uti,
1203 5745 1290 5799 l5.

165 5844 247 5890 tv,
285 5825 371 5878 iii.
447 5824 466 5853 ‘
491 5821 634 5874 Pral.
659 5835 785 5882 xxx,
820 5820 871 5873 5.

497 5914 767 5974 Ρηιιοῐι.
813 5911 924 5971 Gn.
959 5908 1129 5970 CXX.

1397 5748 1415 5775 '
1459 5745 1648 5801 Matth.
1679 5763 1801 5811 xxv,
1834 5752 1923 5807 40.

1845 3256 2089 3311 Prazterit
2137 3259 2274 3310 enim
2316 3258 2489 3325 ﬁgura
2537 3257 2691 3324 hujus
2739 3258 2921 3312 mundi
2952 3257 2993 3329 ³,
3033 3265 3081 3310 et
3132 3259 3315 3310 coelum
3352 3275 3414 3312 ac

1838 3359 1980 3403 terra
2028 3366 2218 3418 magno
2261 3350 2456 3417 impetu
2516 3349 2835 3412 transibunt,
2873 3348 3126 3402 elementa
3183 3365 3299 3402 vero
3356 3352 3412 3403 in

1838 3442 2008 3494 medio
2050 3441 2293 3494 ardentia
2341 3440 2608 3493 sofrentur
2628 3438 2670 3494 ⁸.
2724 3439 2788 3492 Et
2829 3441 2918 3510 qui
2971 3441 3239 3521 charitate
3295 3450 3409 3496 tum

1839 3535 2173 3598 vacaverint,
2202 3549 2325 3587 cum
2380 3532 2691 3588 visibilibus
2721 3533 2984 3586 creaturis
3033 3543 3089 3586 ut
3147 3546 3412 3587 creaturae

1838 3624 2107 3688 derelicti,
2144 3624 2198 3677 in
2255 3624 2377 3693 igne
2411 3632 2465 3677 et
2499 3622 2860 3693 borribilibus
2915 3623 3204 3691 suppliciis
3258 3617 3410 3677 invd-

1841 3715 2098 3778 nientnr;
2132 3713 2376 3766 charitas
2405 3727 2549 3766 enim
2587 3714 2726 3765 Dens
2758 3722 2863 3775 est,
2892 3720 2945 3766 et
2977 3728 3082 3765 non
3103 3722 3355 3766 creatura
3394 3733 3406 3766 :

1841 3804 1908 3856 Et
1939 3785 2027 3872 qui
2051 3815 2218 3857 manet
2246 3805 2298 3856 in
2331 3803 2610 3866 charitate,
2644 3804 2695 3854 in
2734 3804 2839 3855 Deo
2877 3813 3071 3867 manet,
3107 3815 3153 3856 ct
3187 3804 3323 3857 Deus
3355 3807 3408 3859 in

1839 3913 1920 3958 eo,
1949 3907 2004 3949 nt
2031 3896 2263 3950 dilectus
2301 3895 2389 3947 ille
2416 3893 2655 3947 Joannes
2684 3894 2758 3945 ait
2781 3895 2822 3944 ⁸.
2863 3894 2965 3948 Sed
3002 3893 3230 3948 forsitan
3260 3915 3271 3946 :
3307 3899 3410 3949 ali-

1839 3987 1962 4055 quis
1991 3986 2307 4053 insipienter
2337 3994 2562 4053 quaerat,
2594 3982 2868 4051 quomodo
2899 3992 3052 4038 extra
3082 3985 3406 4048 thalamum,

1839 4089 1892 4134 et
1917 4093 2167 4147 regnum,
2197 4086 2248 4130 et
2275 4077 2501 4130 chorum
2530 4075 2802 4143 jnstornm
2834 4076 2973 4129 alius
3007 4075 3227 4144 insuper
3256 4078 3407 4133 loc’us

1839 4168 2049 4230 salutis,
2087 4171 2182 4220 aut
2219 4165 2424 4234 requiei
2459 4181 2562 4219 non
2597 4165 2720 4219 est?
2754 4167 2950 4230 Stulte,
2998 4181 3211 4219 sacram
3260 4169 3408 4222 Scri-

1838 4272 2050 4329 pturam
2097 4259 2362 4311 dicentem
2413 4272 2520 4310 non
2579 4256 2754 4316 audis,
2801 4258 2979 4310 locum
3030 4259 3274 4311 omnium
3314 4265 3403 4328 qui

1841 4351 2119 4402 salvantur
2151 4347 2318 4400 Deum
2346 4347 2508 4399 esse?
2566 4344 2691 4398 Esto
2738 4347 2880 4402 mihi,
2920 4347 3115 4415 inquit,
3149 4349 3200 4400 in
3235 4349 3402 4402 Deum

1836 4453 2203 4507 protectorem,
2251 4450 2295 4493 et
2330 4440 2382 4492 in
2420 4439 2588 4492 locum
2621 4440 2827 4506 refugii,
2862 4450 2913 4491 ut
2964 4440 3163 4491 salvum
3197 4459 3274 4494 me
3323 4444 3406 4509 fa-

1841 4533 1944 4585 cias
1975 4533 2012 4583 ⁸.
2050 4533 2210 4584 Salus
2252 4539 2431 4584 autem
2461 4511 2719 4598 estfqua:
2751 4548 2776 4579 a
2810 4529 2919 4584 Dco
2950 4530 3166 4584 dabitur
3198 4533 3399 4602 dignis,

1839 4629 2148 4697 plenissima
2191 4627 2548 4681 deificatienis
2577 4628 2768 4695 gratia,
2815 4644 2974 4695 tinam
3029 4632 3116 4683 vix
3144 4645 3402 4697 asseque-

1841 4730 1953 4782 tnr,
2001 4723 2092 4787 qui
2152 4729 2431 4788 acceptam
2489 4721 2539 4772 in
2602 4736 2763 4774 Sucro
2796 4721 3120 4788 baptismate
3171 4726 3396 4790 gratiam

1840 4812 2070 4866 fideliter
2109 4811 2418 4870 custodivit,
2456 4821 2507 4862 ct
2559 4826 2654 4878 per
2712 4811 2879 4864 multa
2915 4826 3034 4879 quae
3085 4828 3277 4880 passus
3318 4830 3401 4868 csr

1841 4906 2000 4967 mala,
2043 4903 2384 4971 adoptionem
2419 4902 2652 4956 filiorum
2698 4918 2792 4972 per
2841 4902 3099 4970 Spiritum
3147 4917 3397 4959 sanctum

1838 4998 1891 5049 in
1927 4998 2029 5049 hoc
2082 4995 2286 5048 mundo
2321 5004 2521 5047 sariam
2575 5002 2774 5046 tectam
2820 4996 3185 5048 conservavit.
3234 4996 3397 5048 Pauci

1837 5088 1977 5139 enim
2007 5093 2133 5140 sunt
2162 5085 2425 5152 profecto,
2463 5084 2552 5154 qui
2603 5086 2757 5152 quasi
2794 5085 3108 5136 decumanis
3143 5085 3264 5137 vitae
3294 5088 3365 5138 fln
3386 5116 3399 5124 -

1835 5179 2014 5232 ctibus
2044 5192 2148 5230 non
2171 5178 2465 5245 jactentur,
2495 5190 2667 5243 neque
2697 5174 2864 5242 spinis
2891 5175 3008 5239 ejus
3034 5175 3396 5238 sufloccntnr,

1835 5280 1888 5322 et
1911 5269 2028 5337 ejus
2051 5265 2421 5333 voluptatibus
2449 5266 2760 5320 inescentur
2817 5279 2880 5317 ac
2906 5266 3168 5318 serviant.
3199 5265 3401 5321 Domus

1841 5368 2019 5413 autem
2056 5357 2173 5419 Dei,
2206 5357 2490 5420 thalamus,
2539 5363 2590 5409 et
2641 5371 2863 5423 regnum
2899 5357 3077 5409 omnia
3113 5358 3400 5428 complexu

1842 5451 2090 5506 ambiens
2123 5465 2243 5514 suo,
2281 5451 2397 5519 ejus
2438 5450 2610 5503 deitas
2643 5462 2743 5513 est,
2777 5449 2908 5503 solis
2937 5448 3298 5516 daemonibus,
3347 5464 3401 5504 et

1843 5544 2219 5612 peccatoribus
2267 5545 2565 5597 inaccessa.
2625 5542 2848 5594 Videtur
2882 5541 3098 5609 quidem
3134 5545 3398 5610 pneclnsu

1846 5637 2100 5690 omnibus
2149 5634 2240 5689 sed
2276 5634 2525 5688 fidelibus
2574 5647 2635 5687 ac
2666 5647 2764 5701 pro
2799 5633 2950 5686 nobis
2986 5639 3194 5684 tantum
3230 5643 3397 5701 patet.

2023 5751 2040 5781 ³
2076 5752 2093 5804 l
2125 5750 2250 5805 Cor.
2279 5763 2375 5816 vn,
2409 5747 2495 5801 5i.
2601 5744 3053 5810 ~1retr.ui,to.

3020 5899 3088 5959 14

3127 5745 3194 5798 'i
3232 5744 3391 5799 Joan.
