4156 6340
738 356 849 418 127

1986 345 2361 409 SYMEONIS
2401 345 2762 408 JUNIORIS

3870 350 3979 413 428

736 471 796 526 Si
825 465 987 538 igitur
1032 465 1178 520 Deus
1222 464 1313 518 lux
1343 469 1449 528 est,
1487 474 1517 514 a
1564 461 1687 515 luce
1742 457 2002 529 separati,
2034 455 2307 528 quomodo
2339 461 2380 516 Α
2413 454 2467 508 in
2498 457 2726 511 veritate
2785 457 2962 526 ipsum
3006 468 3361 528 receperunt,
3387 459 3536 514 dedit
3576 459 3654 515 eis
3697 461 3836 516 ﬁlios
3883 463 3975 520 Dei

737 562 999 620 tenebras
1025 545 1388 630 effugiemus?
1433 552 1491 608 Si
1541 563 1692 608 extra
1722 551 2022 606 thalamum
2056 547 2302 604 invenia-

738 671 877 720 mur,
911 651 1184 725 quomodo
1204 649 1284 704 vel
1307 647 1641 717 aliquantum
1673 643 2024 700 ‘lmtabimurt
2049 641 2105 696 Si
2132 640 2303 713 gratia

737 747 1035 818 privemur,
1093 740 1366 812 quomodo
1401 736 1616 794 tristitia
1648 734 1997 792 carebimus?
2027 732 2084 788 Si
2134 747 2303 802 regno

735 839 1074 898 excitlamus,
1124 841 1368 902 aspectu,
1429 830 1676 900 inquam,
1739 837 1793 882 et
1846 825 2302 896 contemplatione

735 914 963 992 Christi,
1019 935 1073 982 et
1109 926 1204 982 Dei
1261 924 1460 988 nostri,
1501 937 1663 994 quam
1702 921 1857 974 aliam
1899 923 2151 980 salutem,
2206 927 2300 999 aut

733 1023 1155 1081 consolationem
1192 1016 1656 1085 exspectabimus,
1691 1023 1782 1068 aut
1809 1012 1862 1067 in
1904 1026 2009 1081 quo
2035 1010 2141 1062 alio
2178 1010 2300 1062 loco

733 1115 992 1172 delectari
1041 1109 1355 1184 possimus?
1385 1122 1653 1178 nusquam
1709 1115 1874 1160 certe.
1932 1103 2110 1156 Locus
2157 1101 2299 1155 enim

732 1211 1060 1280 positionem
1093 1220 1219 1260 cum
1273 1199 1785 1269 circumscriptione
1835 1196 2124 1273 significat.
2159 1193 2301 1249 Deus

731 1312 914 1356 autem
945 1314 1054 1353 non
1095 1306 1179 1352 est
1218 1289 1448 1360 inloco,
1489 1293 1583 1346 sed
1631 1305 1793 1359 super
1847 1287 2053 1350 omnia,
2106 1295 2163 1339 ut
2209 1285 2300 1353 qui

731 1394 851 1462 capi
903 1401 957 1446 et
1000 1386 1389 1458 comprehendi
1423 1397 1531 1437 non
1571 1387 1769 1451 potest,
1816 1380 1868 1432 in
1918 1393 2026 1447 quo
2058 1376 2298 1429 omnium

730 1487 822 1557 qui
873 1485 1153 1540 salvantur
1204 1479 1380 1535 sedes.
1417 1474 1551 1540 Quis
1598 1486 1727 1540 ergo
1778 1471 1929 1525 locus
1962 1483 2152 1523 eorum
2209 1464 2300 1534 qui

731 1593 957 1648 regnum
1015 1575 1133 1644 ejus
1208 1567 1500 1626 amittunt?
1549 1566 1742 1618 Annon
1797 1563 2068 1623 audimus,
2135 1573 2301 1612 unum

731 1667 1045 1722 mandatmn
1073 1675 1475 1732 transgressum
1497 1659 1728 1727 primum
1754 1661 2032 1724 parentem
2056 1659 2299 1704 nostrum

731 1761 998 1815 Adamum
1029 1758 1085 1810 in
1130 1753 1408 1825 paradiso,
1462 1757 1516 1805 et
1573 1748 1749 1817 ipsum
1803 1760 1924 1798 cum
1963 1743 2070 1797 Eva
2119 1742 2301 1796 divina

2411 547 2526 602 ﬁeri
2558 547 2623 615 ",
2654 548 2746 618 qui
2778 564 2885 604 non
2915 559 3147 619 possunt
3179 564 3421 617 peccare,
3457 560 3514 604 ut
3541 553 3804 622 scriptum
3844 564 3932 609 est
3963 567 3978 607 :

2412 637 2598 694 Omnis
2630 641 2720 709 qui
2769 649 2924 696 natus
2971 651 3050 695 est
3088 656 3153 696 ex
3188 630 3315 707 Deo,
3350 652 3620 710 peccatum
3664 660 3768 697 non
3800 644 3933 711 facit
3963 685 3977 708 ,

2405 733 2532 803 quia
2571 745 2742 788 semen
2773 734 2884 793 eius
2918 735 2972 787 in
2999 750 3058 788 eo
3092 745 3288 799 manet,
3321 744 3370 790 et
3402 752 3507 789 non
3541 745 3706 806 potest
3737 752 3976 803 peccare,

2405 825 2529 895 quia
2574 833 2638 877 ea:
2664 823 2768 877 Deo
2801 833 2958 876 natus
3007 833 3106 888 est,
3137 835 3182 876 et
3235 823 3490 877 mandata
3543 825 3656 892 ejus
3706 835 3878 878 servat
3910 827 3976 880 “.

2410 917 2473 970 Et
2505 937 2518 972 :
2559 916 2662 984 Qui
2687 926 2856 970 servat
2884 920 3133 969 mandata
3160 915 3279 979 Dei,
3310 920 3362 971 in
3393 917 3499 969 Deo
3529 927 3722 980 manet,
3750 926 3799 970 et
3836 916 3976 971 Deus

2409 1008 2461 1058 in
2489 1023 2570 1068 eo,
2599 1016 2646 1059 et
2675 1006 2935 1075 malignus
2980 1021 3082 1058 non
3132 1007 3300 1074 tangit
3342 1022 3458 1058 eum
3502 1007 3565 1060 ¹³.
3609 1006 3716 1059 Nos
3759 996 3974 1070 autem,

2408 1097 2534 1166 quia
2572 1108 2804 1159 terrena,
2830 1106 2884 1151 et
2911 1112 3030 1166 qua
3063 1097 3116 1150 in
3146 1096 3398 1152 manibus
3427 1106 3548 1150 sunt
3580 1098 3972 1165 przeponimus,

2405 1198 2458 1243 et
2496 1191 2620 1258 quia
2659 1191 2798 1243 bona
2833 1189 2886 1242 in
2919 1188 3073 1244 caelis
3104 1189 3344 1256 reposita
3385 1203 3492 1241 non
3520 1191 3847 1254 quaerimus,
3874 1203 3976 1242 nec

2407 1283 2476 1334 ab
2506 1297 2692 1335 eorum
2758 1281 3031 1334 deSiderio
3089 1280 3416 1350 pendemus,
3469 1283 3703 1350 primum
3750 1281 3975 1348 quidem

2406 1373 2752 1442 perspicuum
2779 1371 3090 1426 videntibus
3121 1373 3314 1426 damus
3342 1373 3622 1435 indicium,
3651 1387 3751 1426 nos
3782 1371 3979 1425 inﬁde-

2406 1464 2572 1518 litatis
2609 1465 2798 1518 morbo
2838 1477 3158 1533 oppressos,
3185 1465 3329 1518 sicut
3380 1465 3612 1532 legimus
3643 1482 3656 1517 :
3695 1464 3976 1528 Quomodo

2406 1556 2622 1625 potestis
2651 1571 2739 1608 vos
2766 1556 2997 1620 credere,
3021 1556 3112 1624 qui
3138 1554 3365 1624 gloriam
3389 1555 3452 1607 ab
3471 1556 3687 1608 invicem
3711 1556 3976 1622 accipitis,

2405 1649 2630 1719 gloriam
2663 1657 2835 1700 autem
2865 1663 2981 1716 quia
3011 1664 3042 1700 a
3070 1647 3182 1701 solo
3213 1646 3320 1701 De?
3349 1655 3449 1708 est,
3495 1664 3598 1700 non
3628 1647 3865 1716 quieritis
3894 1646 3976 1700 “T

2408 1739 2611 1795 Deinde
2640 1749 2694 1793 et
2737 1741 3210 1810 perturbationum
3245 1751 3556 1795 nostrarum
3605 1741 3769 1802 servi,
3819 1747 3979 1793 terra:

731 1853 900 1907 aloria
961 1856 1206 1910 exutum,
1283 1843 1538 1912 illicoque
1596 1838 1853 1909 paradiso
1910 1835 2302 1889 exterminatos
2335 1827 2376 1881 Β
2406 1841 2459 1888 et
2502 1833 2734 1887 terrenis
2779 1832 3068 1902 afﬁgimur,
3103 1848 3202 1887 nec
3234 1833 3346 1887 ullo
3375 1831 3537 1887 modo
3571 1833 3624 1885 in
3672 1835 3870 1886 ccelum
3909 1831 3978 1885 ad

731 1943 887 2000 esse?
922 1941 1013 1994 Sic
1041 1937 1176 1992 mihi
1209 1935 1371 1990 etiam
1408 1934 1475 1987 de
1502 1931 1730 1985 terribili
1760 1928 1952 1999 judicii
1984 1926 2071 1980 die
2100 1925 2297 1993 cogita.

732 2036 1059 2103 Quicunque
1089 2028 1273 2083 divina
1323 2023 1494 2091 gloria
1537 2022 1800 2075 virtutum
1830 2027 1883 2072 et
1921 2016 2210 2079 charitate,
2241 2021 2301 2067 ut

733 2125 843 2189 ille,
870 2121 1109 2176 nudatus
1137 2114 1466 2186 reperietur,
1495 2118 1649 2164 extra
1673 2109 1946 2164 caelestem
1981 2105 2300 2168 thalamum,

731 2226 784 2270 et
817 2228 1041 2284 regnum
1075 2209 1170 2263 Dei
1201 2222 1323 2262 mox
1378 2203 1699 2273 expelletur,
1757 2199 1974 2254 etiarnsi
2017 2205 2300 2269 peccatum

732 2321 842 2361 non
880 2304 1096 2363 habeat,
1147 2298 1372 2353 audiens
1406 2309 1434 2347 a
1458 2294 1606 2362 justo
1631 2289 1820 2346 Judice
1850 2311 1861 2345 :
1898 2288 2012 2343 Non
2040 2291 2161 2344 novi
2197 2298 2249 2344 te
2284 2304 2300 2342 :

730 2398 823 2467 qui
884 2397 981 2450 sis.
1023 2394 1086 2446 Et
1131 2408 1144 2444 :
1183 2388 1456 2455 Quomodo
1511 2389 1609 2440 huc
1655 2384 1905 2446 intrasti,
1948 2399 2050 2435 non
2109 2381 2301 2434 habens

730 2497 918 2543 restem
943 2482 1226 2549 nuptialem
1249 2479 1310 2532 7?
1341 2477 1442 2542 Qui
1480 2491 1715 2543 namque
1745 2469 2302 2542 potestatem/accepit

732 2584 786 2634 in
821 2579 924 2632 hoc
947 2573 1146 2631 sazculo
1168 2571 1339 2624 Filius
1368 2569 1482 2633 Dei,
1517 2567 1775 2638 regnique
1806 2563 1921 2628 Dei,
1954 2573 2006 2614 et
2035 2561 2299 2614 bonorum

729 2675 854 2727 vitae
882 2680 1096 2726 aeterna:
1126 2667 1298 2720 haeres
1329 2662 1444 2717 ﬁeri
1485 2678 1498 2714 :
1525 2661 1617 2729 qui
1648 2657 1837 2712 didicit
1870 2655 2054 2707 multis
2102 2651 2299 2716 modis,

731 2778 825 2828 per
852 2773 974 2829 quae
1022 2768 1184 2824 opera
1219 2760 1272 2806 et
1304 2749 1560 2804 mandata
1609 2746 1676 2798 ad
1724 2746 1870 2797 hunc
1922 2744 2180 2793 honorem
2217 2745 2303 2829 “et

730 2828 956 2921 gloriam
990 2844 1203 2901 sustolli
1237 2842 1456 2903 debeat,
1489 2846 1543 2892 et
1577 2837 1689 2890 haec
1719 2833 1901 2887 omnia
1931 2828 2300 2896 lloccipendit,

732 2941 1082 3009 prartulitque
1121 2947 1336 2990 terrena
1387 2943 1440 2984 et
1472 2929 1640 2990 ﬁuxa,
1683 2934 1736 2979 et
1784 2925 1951 2978 vitam
2007 2933 2300 2988 porcorum

731 3033 1073 3104 praeoptavit,
1125 3025 1588 3094 temporalemque
1621 3019 1847 3088 gloriam
1882 3027 2082 3070 aaterua
2129 3014 2301 3104 potio-

735 3100 844 3178 rem
875 3100 1049 3186 duxit,
1082 3115 1358 3186 quomodo
1390 3128 1494 3165 non
1523 3111 1646 3178 jure
1671 3109 1737 3161 ab
1765 3105 2020 3159 omnibus
2053 3100 2300 3155 ﬁdelibus

731 3185 1064 3273 secludetur,
1101 3185 1164 3262 et
1216 3222 1338 3260 cum
1375 3202 1709 3266 inﬁdelibus,
1745 3212 1977 3265 cumque
2029 3195 2146 3261 ipso
2181 3193 2300 3245 dia-

732 3305 860 3358 bolo
897 3294 1389 3357 condemnabitur?
1419 3292 1476 3346 In
1511 3293 1612 3345 hoc
1646 3292 1809 3349 enim,
1866 3286 1940 3339 ait
1971 3283 2251 3354 Scriptura
2283 3301 2296 3337 :

741 3395 1014 3461 Martiiesti
1043 3400 1163 3443 sunt
1199 3387 1295 3456 ﬁli
1324 3386 1439 3450 Dei,
1470 3393 1519 3437 et
1553 3384 1649 3452 ﬁlii
1689 3381 1909 3442 diaboli,
1958 3383 2081 3448 quia
2131 3378 2297 3432 omnis

731 3489 818 3557 qui
846 3487 972 3554 facit
991 3481 1284 3552 justitiam,
1304 3494 1367 3531 ex
1391 3476 1498 3529 Deo
1522 3483 1673 3527 natus
1705 3484 1779 3525 est
1815 3488 1830 3523 :
1861 3471 1948 3540 qui
1976 3481 2146 3524 autem
2171 3471 2300 3535 facit

730 3588 1019 3647 peccatum,
1069 3588 1134 3628 ex
1174 3569 1381 3623 diabolo
1413 3579 1488 3620 est
1514 3567 1552 3618 ⁸.
1617 3566 1768 3617 Sicut
1797 3573 1848 3614 et
1882 3565 1996 3629 ipse
2040 3561 2299 3614 Dominus

733 3672 876 3742 apud
939 3664 1251 3722 incredulos
1286 3659 1501 3714 Iudaeos
1537 3664 1769 3710 testatur
1821 3672 1833 3706 :
1893 3653 1992 3706 Vos
2051 3669 2115 3706 ea:
2150 3661 2300 3720 patre

733 3762 941 3816 diabolo
973 3757 1116 3818 estis,
1143 3765 1190 3808 et
1220 3751 1480 3805 desideria
1502 3748 1668 3815 patris
1692 3747 1848 3797 vestri
1869 3744 2025 3797 vultis
2057 3745 2230 3810 facere
2254 3745 2296 3798 ν.

803 3853 1007 3907 Idcirco
1041 3861 1194 3913 rogo,
1230 3852 1412 3912 putres
1442 3848 1494 3893 ct
1527 3841 1741 3899 fratres,
1772 3837 1900 3889 dum
1941 3843 2158 3902 tempus
2188 3843 2296 3897 est,

733 3961 781 3997 r:
815 3945 957 3995 inter
994 3942 1146 3992 vivos
1188 3947 1561 3994 numeremur,
1599 3930 1841 3982 studiose
1871 3925 2295 3991 contendamus,

734 4044 794 4087 ut
826 4033 914 4086 ﬁlii
942 4030 1037 4084 Dei
1083 4039 1137 4083 et
1158 4026 1296 4080 lucis
1319 4024 1674 4092 appellentur,
1702 4021 1751 4072 id
1785 4018 1929 4087 quod
1962 4018 2299 4088 regeneratio

734 4126 893 4181 nobis
921 4128 1162 4190 prmstat.
1195 4117 1328 4171 Nam
1358 4127 1416 4171 ttt
1445 4114 1706 4168 Dominus
1734 4121 1918 4166 uoster
1947 4112 2107 4167 Jesus
2141 4112 2297 4164 Chri-

733 4228 852 4271 stus
883 4213 1168 4266 aﬂirmavit
1201 4228 1215 4266 :
1253 4207 1374 4261 Nisi
1408 4208 1524 4275 quis
1556 4215 1770 4259 renatus
1796 4206 1948 4273 fuerit
1986 4221 2048 4257 ex
2080 4220 2214 4272 aqua
2250 4210 2299 4255 et

733 4308 938 4377 Spiritu
979 4313 1185 4363 sancto,
1223 4317 1323 4352 non
1362 4307 1522 4363 potest
1574 4299 1788 4349 introire
1823 4298 1874 4348 in
1909 4312 2120 4363 regnum
2153 4293 2300 4347 caelo-

733 4417 849 4450 rum
883 4397 945 4447 ‘°.
981 4395 1072 4449 Sic
1102 4406 1318 4446 rursum
1350 4389 1633 4443 aﬁirmavit
1668 4405 1681 4440 :
1720 4388 1838 4439 Nisi
1867 4389 1979 4455 quis
2006 4396 2158 4438 natus
2191 4387 2300 4454 fue-

2405 1922 2573 1978 Denm
2622 1925 2804 1981 vultus
2851 1926 3044 1980 tollere
3074 1925 3360 1988 volumus,
3413 1925 3508 1979 sed
3547 1925 3598 1978 in
3641 1924 3804 1979 animi
3843 1922 3981 1976 insi-

2405 2019 2607 2087 pientia
2642 2017 2764 2087 ejus
2798 2017 3051 2072 mandata
3105 2018 3460 2086 repellentes,
3512 2017 3766 2082 facimus,
3806 2031 3870 2069 ne
3909 2015 3981 2068 ab

2407 2124 2471 2164 eo
2501 2108 2749 2177 adoptari
2786 2109 3082 2178 possimus.
3114 2106 3248 2162 Nam
3284 2111 3376 2178 qui
3418 2109 3596 2164 credit
3626 2107 3793 2162 Deum
3830 2120 3980 2169 esse.

2405 2216 2600 2273 magna
2640 2200 2887 2270 quaedam
2934 2203 3001 2257 de
3049 2217 3113 2261 eo
3146 2201 3388 2270 concipit
3425 2220 3438 2255 :
3478 2201 3631 2254 novit
3667 2197 3813 2254 enim
3849 2214 3979 2254 eum

2406 2295 2579 2347 solum
2609 2293 2800 2346 herum
2828 2333 2843 2357 ,
2878 2293 3219 2348 conditorem
3281 2307 3344 2346 ac
3375 2292 3658 2346 dominum
3707 2307 3828 2345 esse
3859 2306 3983 2344 om-

2407 2386 2558 2440 nium
2612 2385 3070 2454 inexplicabilem,
3123 2387 3512 2444 immortalem.
3557 2393 3610 2438 et
3663 2385 3813 2452 regni
3853 2383 3981 2450 ejus

2405 2492 2511 2531 non
2553 2477 2669 2531 fore
2701 2475 2992 2545 aliquando
3023 2475 3202 2530 ﬁnem.
3241 2477 3379 2542 Ergo
3407 2477 3498 2545 qui
3530 2475 3635 2530 scit
3664 2475 3825 2528 talem
3851 2489 3980 2529 esse

2405 2567 2596 2632 Deum,
2621 2567 2845 2637 quinam
2881 2567 3133 2622 eumdem
3164 2580 3272 2620 non
3299 2567 3539 2620 amabit?
3563 2565 3837 2635 quomodo
3862 2579 3979 2618 non

2404 2663 2565 2715 etiam
2617 2661 2854 2714 animam
2910 2675 3064 2715 suam
3122 2659 3176 2713 in
3227 2669 3455 2713 mortem
3516 2674 3610 2726 pro
3641 2659 3758 2726 ejus
3790 2672 3981 2710 amore

2407 2757 2620 2810 tradere
2653 2755 2941 2809 conabitur
2965 2795 2979 2817 ,
3010 2763 3068 2807 tit
3098 2754 3298 2823 dignus
3333 2754 3424 2817 sit,
3473 2768 3580 2806 non
3617 2752 3793 2804 dicam
3827 2750 3984 2803 ﬁlius

2405 2846 2543 2913 ejus,
2574 2855 2625 2899 et
2656 2846 2850 2911 heres,
2878 2846 2972 2901 sed
3009 2861 3150 2900 unus
3197 2850 3389 2901 saltem
3447 2863 3477 2902 e
3527 2847 3803 2917 germanis
3852 2847 3980 2912 ejus

2405 2938 2578 2992 servis
2614 2938 2716 3007 ipsi
2758 2939 2982 3006 prepius
3031 2939 3444 3002 assistentibus,
3501 2940 3656 2993 ﬁeri?
3687 2939 3743 2991 Si
3792 2947 3983 2991 autem

2405 3030 2585 3084 omnis
2615 3029 2706 3096 qui
2739 3029 2792 3082 in
2827 3044 3002 3098 agone
3040 3030 3348 3093 contendit,
3381 3041 3434 3083 et
3468 3031 3718 3083 mandata
3753 3029 3839 3081 Dei
3876 3043 3983 3081 cu-

2405 3119 2591 3182 stodit,
2622 3119 2700 3172 sic
2729 3127 2790 3171 ut
2814 3120 2881 3171 ab
2909 3119 2975 3171 iis
3015 3134 3121 3172 tton
3155 3118 3442 3183 deﬂectat;
3480 3120 3686 3188 Deique
3715 3120 3857 3172 ﬁlius
3891 3117 3983 3171 fa-

2408 3217 2547 3271 ctus,
2573 3208 2752 3262 denuo
2784 3209 3048 3272 nascitur,
3079 3219 3133 3274 et
3170 3226 3265 3280 pro
3289 3227 3414 3265 vere
3472 3211 3612 3264 ﬁdeli
3639 3212 3986 3266 Christiano-

2408 3315 2514 3368 que
2549 3301 2616 3353 ab
2647 3299 2905 3354 omnibus
2937 3303 3271 3370 agnoscitur,
3301 3316 3398 3354 nos
3423 3317 3549 3356 vero
3577 3303 3825 3355 mandata
3854 3303 3986 3369 ejus

2408 3394 2830 3453 contemnimus,
2895 3403 2947 3446 et
3000 3394 3173 3463 legem
3238 3393 3333 3448 Dei
3373 3402 3758 3462 'aspernamur
3794 3393 3986 3461 (quos,

2408 3484 2625 3553 quando
2660 3486 2852 3540 iterum
2886 3501 3006 3539 cum
3043 3486 3210 3554 gloria
3271 3496 3323 3539 ct
3348 3486 3547 3540 virtute
3573 3485 3850 3539 tremenda
3889 3499 3988 3540 ve-

2408 3577 2541 3638 niet,
2573 3575 2855 3643 suppliciis
2898 3575 3175 3646 subjiciet)
3221 3575 3276 3629 in
3322 3583 3512 3630 nostra
3544 3575 3646 3628 ﬁde
3677 3576 3808 3642 ipsis
3842 3591 3987 3641 ope-

2409 3666 2561 3720 ribus
2591 3665 2836 3721 inﬁtleles
2870 3683 2968 3720 nos
3003 3667 3368 3732 ostendimus,
3416 3667 3467 3720 in
3516 3665 3832 3719 inﬁdelitate
3885 3678 3986 3719 att-

2409 3767 2513 3812 tem
2551 3757 2734 3812 verbis
2765 3758 2938 3811 solum
2977 3757 3182 3810 ﬁdeles.
3224 3756 3404 3811 Nolite
3439 3772 3646 3822 errare,
3693 3759 3808 3810 sine
3841 3771 3984 3824 ope-

2407 3849 2557 3902 ribus
2608 3849 2738 3902 nihil
2781 3850 2940 3903 nobis
2983 3851 3096 3902 sola
3130 3849 3263 3903 ﬁdes
3314 3849 3556 3918 proderit
3589 3851 3664 3914 ";
3701 3858 3785 3904 est
3827 3850 3984 3903 enim

2407 3949 2648 4002 mortua,
2683 3943 2885 3993 mortui
2917 3941 3082 3993 vitam
3116 3957 3225 3995 non
3255 3941 3654 4010 adipiscuntur,
3692 3941 3794 3994 nisi
3818 3940 3984 4008 prius

2405 4048 2504 4102 per
2530 4031 2938 4085 exsecutionem
2969 4032 3350 4085 mandatorum
3385 4033 3521 4086 hanc
3546 4033 3887 4102 quaesierint.
3919 4031 3986 4086 In

2406 4137 2510 4192 qua
2550 4119 2898 4176 exsecutione
2931 4122 3080 4176 velut
3113 4122 3327 4176 fructus
3361 4137 3484 4178 cum
3516 4138 3677 4176 usura
3709 4123 3980 4190 produci-

2406 4223 2495 4268 tur
2531 4214 2583 4267 in
2625 4213 2778 4267 vobis
2807 4213 3061 4278 charitas,
3099 4213 3442 4283 elcemosyna
3507 4229 3632 4283 erga
3664 4214 3982 4282 proximum

2409 4308 2741 4375 compassio,
2767 4306 3154 4366 mansuetudo,
3201 4306 3482 4360 humilitas
3503 4345 3517 4369 ,
3550 4308 3817 4376 lacrymaz,
3852 4316 3986 4359 ten-

2407 4399 2667 4452 tationmn
2702 4397 2985 4467 patientia,
3021 4397 3368 4461 eastimouia,
3401 4400 3610 4466 puritas
3647 4401 3843 4459 cordis.
3873 4415 3983 4466 per

733 4492 803 4543 rit
835 4492 1025 4551 denuo,
1069 4501 1168 4537 non
1219 4491 1386 4549 potest
1420 4482 1588 4532 videre
1629 4496 1842 4548 regnum
1883 4479 1976 4531 Dei
2010 4479 2071 4528 “.
2105 4476 2170 4529 Et
2200 4479 2298 4530 itc-
2327 4498 2565 4561 unam
2606 4490 2897 4559 dignamur
2942 4489 3149 4542 visione
3200 4488 3332 4552 Dei;
3381 4500 3434 4541 et
3479 4490 3532 4541 in
3583 4505 3686 4557 qua
3733 4490 3981 4558 Spiritus

736 4598 854 4635 rum
882 4597 894 4630 :
924 4580 1044 4646 Ipse
1077 4595 1162 4630 vos
1195 4576 1476 4641 baptizabit
1508 4576 1558 4626 in
1585 4573 1786 4641 Spiritu
1813 4582 1993 4626 sancto
2023 4584 2069 4625 et
2104 4573 2210 4640 igni
2236 4573 2298 4625 ”.

741 4673 848 4726 lloc
875 4673 1017 4725 enim
1049 4676 1132 4723 est
1163 4680 1347 4721 semen
1368 4666 1591 4728 Christi,
1616 4682 1707 4734 per
1740 4666 1881 4732 quod
1911 4680 2010 4717 nos
2041 4664 2300 4717 moi-tales

733 4765 1113 4834 cognationem
1171 4759 1290 4827 ejus
1347 4759 1720 4826 adipiscimur.
1773 4755 2058 4808 Oderintus
2120 4755 2302 4822 itaque

735 4857 1021 4917 mundum,
1053 4862 1107 4906 et
1167 4868 1225 4904 ea
1279 4865 1400 4917 qua:
1458 4857 1584 4902 sunt
1637 4848 1688 4899 in
1742 4847 1964 4900 mundo.
2013 4847 2302 4902 Oderimus

734 4961 979 5011 carnem,
998 4953 1048 4998 et
1069 4958 1188 5012 quae
1206 4943 1329 4994 inde
1351 4939 1621 5009 pullulant
1639 4939 1902 4991 motiones
1921 4941 2089 4990 malae.
2113 4938 2302 4991 Oderi-

736 5056 858 5094 mus
883 5053 1098 5092 omnem
1129 5050 1349 5104 pravam
1384 5034 1756 5101 cupiditatem,
1788 5043 1839 5085 et
1870 5033 2151 5085 avaritiam
2184 5032 2306 5085 iun-

735 5132 904 5184 ditus.
937 5130 993 5181 Id
1031 5128 1211 5180 facere
1246 5125 1566 5193 poterimus,
1604 5126 1646 5177 si
1681 5123 2100 5190 magnitudinem
2144 5139 2303 5176 exce—

735 5230 910 5291 ptura:
943 5233 1043 5271 nos
1081 5218 1266 5285 gloriae
1289 5257 1302 5278 ,
1338 5217 1520 5285 gaudii
1566 5215 1997 5282 deliciarumque
2032 5215 2301 5282 cogitabi-

732 5329 877 5367 mus.
919 5309 1058 5376 Quid
1093 5325 1237 5377 ergo,
1269 5309 1423 5371 cedo,
1454 5309 1505 5360 itt
1543 5308 1680 5361 coelo
1723 5317 1772 5359 et
1812 5309 1865 5359 in
1912 5318 2051 5360 terra
2101 5305 2296 5373 majus,

737 5421 897 5472 quam
922 5403 1011 5455 Dei
1042 5402 1231 5463 ﬁlium,
1252 5410 1305 5454 et
1334 5400 1624 5462 luercdem,
1647 5408 1699 5452 et
1726 5398 2063 5452 cohaeredcm
2091 5397 2294 5451 Christi

739 5496 893 5550 ﬁeri?
922 5493 1061 5545 l‘iihil
1097 5493 1302 5560 utique.
1333 5490 1656 5559 Quicunque
1680 5491 1821 5543 enim
1851 5488 2219 5553 crediderunt,
2245 5496 2300 5540 et

1405 5701 1424 5728 ⁸
1461 5700 1659 5752 Ηωέιιι.
1708 5718 1786 5757 ιιι,
1844 5703 1894 5754 8,
1924 5703 2001 5752 Ili.

1857 5775 1894 5800 ”
1928 5771 1938 5821 I
1972 5771 2126 5822 .Ιιι;ιιι.

742 5700 979 5754 ’Mattii.
1042 5717 1172 5759 χχιι,
1249 5701 1327 5750 li.

744 5777 781 5801 ‘"'
815 5776 973 5824 JU‘Jll.
1007 5787 1044 5829 l.
1081 5771 1166 5823 10.
1248 5772 1289 5798 ⁸³
1333 5770 1347 5821 Ι
1397 5768 1553 5823 antn.
1596 5787 1670 5834 Ill,
1722 5776 1774 5824 9.

2080 5702 2097 5728 ³
2126 5700 2280 5751 .ioatt.
2320 5715 2435 5754 vttt.
2468 5701 2553 5752 lii.

2210 5785 2259 5832 ν,
2300 5771 2382 5821 18.

2407 4581 2580 4637 sancti
2636 4582 2902 4635 adventus
2952 4587 3112 4647 atque
3154 4578 3482 4632 illuminatio
3529 4580 3634 4633 sita
3682 4589 3799 4642 est,
3845 4596 3983 4649 quae

2407 4675 2588 4729 denuo
2626 4689 2724 4727 nos
2757 4681 3001 4743 generat,
3025 4681 3076 4725 et
3112 4671 3210 4734 Dei
3262 4670 3403 4724 ﬁlios
3431 4670 3614 4735 elﬁcit,
3657 4670 3982 4726 Christum-

2408 4783 2512 4834 que
2552 4764 2917 4833 superinduit,
2948 4773 3000 4816 et
3055 4763 3247 4815 animm
3285 4762 3584 4829 lampadem
3615 4763 3883 4825 accendit.
3921 4775 3985 4820 et

2409 4857 2548 4909 ﬁlios
2574 4853 2924 4916 lttcisreddit,
2959 4862 3012 4907 et
3041 4853 3106 4905 ab
3124 4853 3302 4906 anima
3334 4862 3515 4907 nostra
3556 4855 3806 4909 tenebras
3845 4857 3942 4912 dis

2407 4950 2580 5016 pellit.
2648 4956 2700 5000 et
2750 4947 3005 5013 deinceps
3054 4946 3165 5013 jam
3217 4956 3428 5000 aeterna
3480 4951 3602 5000 vita:
3659 4958 3980 5016 consortes,

2401 5037 2548 5104 quod
2603 5049 3019 5102 cognoscau‘tus,
3075 5033 3224 5088 facit.
3277 5035 3455 5099 Quare
3509 5051 3576 5090 ne
3640 5037 3982 5105 quibusdam

2403 5127 2523 5180 aliis
2555 5126 2886 5189 actionibus,
2918 5133 2971 5179 et
3026 5126 3161 5180 solis
3194 5126 3385 5180 conﬁsi
3421 5127 3648 5196 jejuniis
3689 5130 3833 5193 dico,
3887 5134 3984 5184 vi-

2403 5221 2573 5289 giliis,
2605 5231 2655 5273 et
2694 5219 2816 5270 aliis
2849 5220 3093 5286 corporis
3135 5218 3600 5285 alllictationibus,
3639 5221 3776 5275 hanc
3813 5239 3986 5278 man-

2404 5313 2654 5366 datorum
2685 5310 2774 5362 Dci
2806 5311 3171 5364 obedientiam
3202 5311 3598 5380 vilipendamus
3625 5331 3640 5380 ;
3675 5317 3828 5382 quasi
3865 5331 3981 5384 per

2408 5403 2528 5454 illas
2565 5402 2682 5454 sine
2708 5401 2809 5453 hac
2849 5400 3044 5453 salvari
3078 5416 3360 5468 queamus.
3397 5403 3506 5458 Hoc
3528 5405 3670 5457 enim
3708 5407 3820 5460 ﬁeri
3856 5423 3982 5462 non

2409 5505 2605 5564 potest,
2650 5510 2752 5546 nou
2791 5502 2986 5562 potest,
3021 5493 3264 5561 inquam,
3294 5496 3432 5561 ﬁeri,
3465 5497 3630 5566 idque
3668 5499 3767 5553 tibi
3804 5503 3982 5569 quin-

2635 5704 2675 5730 ’°
2722 5701 2881 5757 Juan.
2923 5718 2999 5769 Ill,
3029 5705 3081 5757 5.
3163 5705 3202 5734 ¹¹
3243 5704 3376 5757 Ibid.

2499 5706 2554 5776 fi.
2635 5706 2675 5730 '°
2722 5706 2881 5776 Jtlllll,
2923 5718 2999 5769 Ill,
3029 5706 3110 5776 5._
3163 5706 3202 5734 “
3243 5706 3413 5776 Ibid,
3458 5708 3497 5736 “
3526 5706 3716 5762 Matth.
3755 5723 3833 5776 tu,
3881 5710 3981 5767 II.

2465 5771 2504 5798 ¹⁵
2533 5771 2687 5823 Joult.
2727 5790 2778 5837 γ,
2823 5774 2908 5826 Η.
3005 5777 3041 5804 ¹⁷
3089 5773 3199 5831 lac.
3261 5790 3316 5839 11.
3357 5775 3446 5829 20-
