4156 6340
233 251 248 276 ν

204 375 301 436 ἱῒ)

1532 363 1814 426 URATIO
1850 364 2082 424 XXIII.

3330 361 3437 427 477.0

202 501 308 557 que
343 485 584 554 virgines
637 483 794 538 fatua:
825 481 1209 554 persuadeant,
1244 480 1446 551 quique
1495 489 1662 532 multa
1692 478 1770 532 si-
1802 489 1844 544 Α
1873 475 2099 530 Praestat
2118 474 2283 538 enim,
2314 473 2561 543 discipuli
2588 473 2914 542 discipulum
2941 475 3143 537 vocari,
3175 489 3334 542 quam
3369 478 3434 527 ad

203 593 307 650 ειη
365 584 419 632 et
438 575 695 646 prodigia
746 583 1148 645 perpetrarunt.
1182 573 1319 638 Quid
1353 571 1496 641 quod
1529 571 1768 625 charita-

204 676 308 720 tem
344 665 399 718 in
455 679 548 728 se,
595 673 651 720 et
695 663 1027 723 sanctissimi
1091 660 1327 731 Spiritus
1381 661 1607 730 gratiam
1665 675 1769 711 non

201 757 488 821 haberem,
552 772 582 810 a
641 757 870 812 Domino
914 757 1282 813 audiverunt:
1317 754 1573 818 Discedite
1616 771 1647 806 a
1692 769 1771 806 me

205 851 432 916 operarii
473 849 768 918 iniquitatis
813 863 832 902 :
880 865 982 902 non
1024 849 1161 902 enim
1206 847 1323 901 novi
1370 862 1455 899 vos
1503 847 1564 911 ¹⁸,
1630 845 1773 899 unde

205 940 347 995 sitis.
382 937 494 993 Nec
544 941 631 993 isti
671 939 850 1003 modo,
887 941 980 993 sed
1041 955 1162 993 cum
1211 938 1335 993 istis
1379 937 1469 992 alii
1515 948 1772 1007 prmlerea

209 1048 311 1085 non
339 1031 527 1100 pauci,
560 1030 652 1100 qui
685 1030 904 1084 fuerunt
931 1030 1149 1100 quidem
1185 1044 1213 1080 a
1243 1028 1450 1084 sanctis
1485 1027 1768 1097 apostolis,

209 1138 512 1192 eorumque
555 1122 968 1177 successoribus
999 1121 1280 1190 baptizati,
1318 1134 1505 1174 verum
1539 1119 1773 1186 Spiritus

213 1212 391 1264 sancti
447 1211 622 1278 gratia
657 1221 877 1280 propter
932 1210 1296 1279 improbitatis
1345 1209 1772 1276 magnitudinem

206 1308 551 1354 caruerunt:
592 1315 692 1354 nec
723 1300 888 1354 vitam
913 1299 1197 1355 vocatione
1253 1315 1360 1369 qua
1396 1298 1570 1353 vocati
1596 1305 1773 1360 erant,

203 1400 633 1446 consentaneam
676 1401 938 1463 egerunt:
968 1394 1067 1446 nec
1099 1391 1191 1446 Dei
1219 1392 1312 1444 (iiii
1343 1391 1596 1461 appellati
1621 1399 1772 1452 sunt,

204 1482 296 1538 sed
329 1498 464 1539 caro
494 1495 547 1538 et
579 1484 802 1554 sanguis
843 1493 1199 1548 manserunt;
1233 1497 1332 1538 nec
1368 1498 1435 1536 an
1480 1494 1626 1538 esset
1660 1498 1778 1536 ont-

206 1572 337 1625 nino
366 1572 609 1642 Spiritus
663 1583 888 1628 sanctus
935 1571 1219 1625 credentes
1254 1589 1270 1626 :
1301 1587 1400 1625 nec
1446 1571 1594 1624 illurn
1631 1586 1776 1640 quae-

207 1671 430 1724 rentes;
467 1678 566 1718 nec
605 1679 663 1717 se
697 1673 1017 1733 accepturos
1051 1670 1452 1732 exspectantes.
1489 1659 1647 1716 Unde
1673 1663 1778 1715 hu-

203 1751 450 1821 justnodi
507 1754 756 1809 homines
809 1769 911 1809 nec
963 1753 1361 1809 desideriorum
1417 1754 1622 1818 carnis,
1676 1768 1778 1806 nec

1875 584 2133 624 numeros
2166 584 2296 623 suos
2318 567 2478 621 vitam
2510 569 2815 634 instituere,
2843 568 3433 638 inutilesque'propritn

1877 660 2174 714 voluntatis
2207 658 2421 713 fruetus
2451 656 2765 728 decerpere.
2802 660 3030 725 Quando
3072 662 3234 730 igitur
3271 663 3337 716 ab
3369 678 3434 715 eo

1875 748 2084 811 audies,
2114 749 2202 803 exi
2232 750 2298 803 de
2327 758 2467 804 terra
2505 751 2804 806 voluntatis
2843 761 2964 817 tute,
3012 760 3066 806 et
3115 753 3182 805 de
3231 768 3435 822 cogna-

1875 840 2024 894 tione
2050 856 2245 895 sensus
2280 843 2380 907 tui,
2414 858 2482 897 ne
2518 843 2810 907 cuncteris,
2864 859 2997 898 neve
3038 845 3356 907 erubescas,
3406 863 3438 896 a

1874 947 2013 986 vana
2064 933 2233 1001 gloria
2276 936 2448 989 victus
2500 935 2770 989 videlicet.
2825 934 2880 988 Si
2933 935 3438 1006 dixeritzAgeduut

1875 1027 1994 1080 veni
2033 1027 2085 1080 in
2123 1037 2321 1080 terram
2359 1028 2702 1091 ohedientim,
2736 1043 2897 1098 quam
2944 1031 3258 1081 monstrabo
3315 1027 3436 1092 tibi,

1876 1136 2057 1184 curre,
2091 1121 2160 1172 mi
2199 1120 2384 1182 frater,
2420 1131 2680 1187 quantum
2725 1129 2878 1186 potes
2907 1135 2921 1172 :
2958 1135 3024 1170 ne
3054 1119 3148 1172 des
3183 1134 3435 1171 somnum

1876 1211 2050 1266 oculis
2083 1212 2211 1274 tuis,
2245 1227 2310 1265 ne
2338 1212 2578 1280 pigritia,
2609 1218 2703 1264 aut
2733 1212 2936 1266 desidia
2961 1211 3280 1274 dissolutus,
3309 1224 3439 1262 eon-

1879 1304 2063 1357 trahas
2098 1317 2271 1374 genua
2332 1312 2445 1356 tua.
2487 1301 2756 1356 Fortassis
2804 1303 2946 1355 enim
3006 1303 3115 1355 illic
3163 1300 3444 1369 apparebit

1884 1396 1982 1449 tibi
2017 1397 2180 1460 Deus,
2211 1397 2302 1465 qui
2346 1406 2550 1465 patrem
2587 1396 2879 1448 multorum
2924 1395 3149 1449 ﬁliorum
3185 1407 3233 1450 te
3265 1398 3438 1450 factu-

1881 1501 1996 1552 rus,
2056 1494 2369 1554 terramque
2422 1485 2804 1555 promissionis
2858 1483 2954 1536 tibi
3001 1484 3304 1537 donaturus
3339 1497 3444 1542 est.

1881 1592 2045 1646 quam
2095 1576 2459 1630 [nereditatem
2507 1577 2638 1644 justi
2688 1577 2948 1629 duntaxat
3005 1575 3248 1630 adibuttt.
3290 1577 3342 1628 Si
3393 1588 3445 1631 to

1881 1684 2098 1724 sursum
2149 1670 2202 1723 in
2254 1677 2490 1723 n'ontem
2541 1669 2777 1732 duxerit,
2833 1668 3058 1737 impigre
3111 1658 3443 1722 conscende.

1879 1759 2092 1814 Etenim
2127 1770 2211 1816 sat
2253 1760 2390 1824 scio,
2436 1761 2711 1814 Christum
2754 1762 3200 1830 transﬁguratum
3232 1801 3237 1806 -
3273 1771 3325 1815 et
3365 1762 3448 1814 di-

211 1845 559 1899 turbidarum
609 1844 952 1901 affectionum
1006 1860 1295 1915 capessere
1339 1847 1626 1915 imperium
1675 1860 1778 1898 un-
1811 1823 1852 1877 Β
1882 1851 2008 1904 vino
2035 1851 2234 1904 lumine
2255 1850 2455 1904 clarius
2488 1850 2605 1918 ipso
2642 1849 2757 1902 sole
2782 1851 3144 1904 eoilucentem
3186 1852 3447 1919 aspicies,

210 1949 374 2005 quam
410 1943 687 2004 poterunt,
720 1952 819 1991 nec
849 1936 1020 1991 ullum
1054 1937 1330 2006 egregium
1361 1937 1579 1992 virtutis
1616 1937 1782 1990 docu-

210 2035 454 2079 mentum
489 2026 838 2095 praebebunt,
877 2042 1000 2080 cum
1032 2026 1299 2082 Dominus
1327 2025 1474 2081 dicat
1505 2044 1517 2079 :
1550 2025 1672 2080 Sine
1703 2044 1782 2080 me

211 2118 340 2169 nihil
395 2119 610 2184 potestis
655 2118 830 2186 facere
860 2119 925 2173 “.
979 2117 1086 2172 Sed
1123 2118 1489 2184 elaboremus,
1529 2119 1780 2183 obsecro,

208 2219 390 2278 patres
421 2217 475 2262 et
515 2209 731 2275 fratres,
781 2218 836 2266 et
884 2216 1149 2277 quantum
1187 2210 1241 2263 in
1287 2209 1440 2264 nobis
1475 2220 1578 2271 est,
1616 2219 1672 2262 ut
1715 2209 1782 2262 de

208 2308 408 2356 caetero
434 2302 743 2368 charitatis,
774 2313 824 2356 et
863 2301 1101 2371 Spiritus
1131 2302 1305 2357 sancti
1341 2301 1780 2356 communionem

209 2407 644 2462 promereamur,
677 2410 787 2464 quo
830 2404 886 2450 et
924 2395 1237 2464 praesentia,
1300 2406 1352 2447 et
1400 2394 1583 2448 futura
1640 2394 1784 2448 bona

211 2497 592 2552 assequamur,
639 2484 816 2555 gratia
877 2492 932 2539 et
981 2483 1322 2553 benignitate
1352 2481 1566 2536 Domini
1610 2481 1783 2536 nostri

213 2571 333 2629 iesu
383 2575 613 2640 Christi,
663 2577 748 2630 cui
805 2576 974 2645 gloria
1037 2577 1093 2629 in
1165 2573 1360 2629 saecula
1422 2575 1778 2628 saeculorum.

209 2666 406 2722 Amen.

752 2779 1010 2835 ORATIO
1068 2777 1260 2833 XXIII.

213 2871 289 2927 De
325 2874 673 2943 abnegatione
723 2880 773 2926 et
795 2873 1028 2943 exscidia
1050 2873 1278 2943 propriae
1308 2870 1615 2943 uoluntatis.
1663 2869 1782 2943 Qua

283 2941 492 2998 ratione
521 2947 626 2996 vita
661 2944 889 2996 ascetica
928 2942 1144 2994 colenda
1172 2941 1278 3003 sit;
1311 2942 1365 2992 in
1398 2957 1502 3008 qua
1540 2942 1785 3008 expediat

284 3014 478 3068 habere
509 3013 713 3074 ducem,
756 3012 810 3065 id
837 3023 946 3072 est,
989 3011 1204 3064 Patrem
1249 3011 1598 3076 spiritualem,
1633 3010 1785 3075 cujus

285 3101 443 3149 opera
480 3085 744 3142 virtutem,
790 3082 1128 3149 asceticwque
1173 3080 1304 3132 artis
1355 3095 1482 3137 onus
1555 3080 1787 3149 perdiffi-

289 3148 387 3207 cile
421 3153 618 3205 discas.
673 3151 748 3203 De
787 3151 888 3218 ﬁde
919 3151 971 3202 in
1019 3148 1208 3201 Patres
1259 3149 1593 3216 spirituales,
1629 3159 1675 3201 et
1710 3148 1787 3200 oi-

288 3223 434 3275 sione
460 3222 697 3282 luminis,
730 3238 760 3271 a
788 3235 888 3286 quo
915 3219 1222 3271 illuminata
1251 3218 1418 3271 omnis
1451 3222 1628 3271 anima
1662 3233 1788 3285 pro-

284 3294 394 3362 ﬁcit
435 3293 491 3344 in
522 3291 777 3343 cltaritate
807 3303 931 3358 ergo
961 3287 1150 3341 Deum.

283 3404 419 3461 Cum
461 3412 516 3456 te
560 3401 619 3456 in
673 3400 945 3462 coenobio,
999 3399 1190 3462 frater,
1246 3399 1622 3462 collocaveris,
1678 3399 1787 3454 noli

213 3506 454 3567 patrem,
489 3509 518 3548 a
549 3507 660 3562 quo
691 3491 954 3546 detonsus
976 3506 1035 3546 es
1063 3491 1360 3556 adversari,
1393 3492 1606 3544 tametsi
1636 3505 1788 3545 scor-

215 3599 305 3650 tis,
342 3595 436 3641 aut
468 3583 678 3653 poculis
701 3581 964 3646 deditum,
992 3590 1045 3635 et
1069 3582 1332 3651 opinione
1355 3589 1448 3635 tua
1474 3582 1787 3636 monasterii

214 3693 302 3732 res
334 3676 476 3730 male
511 3674 979 3728 administrantem
1012 3673 1218 3736 videas,
1253 3681 1415 3740 atque
1448 3674 1610 3726 etiam
1664 3688 1788 3728 ver-

212 3765 438 3821 beribus
464 3769 517 3817 et
547 3761 865 3830 ignominia,
897 3762 1191 3829 multisque
1242 3761 1363 3816 aliis
1398 3759 1780 3815 vexationibus

217 3857 287 3911 ab
315 3855 508 3910 eodem
542 3853 797 3909 ameiare.
823 3850 900 3907 Ne
929 3853 1118 3908 sedeto
1148 3867 1274 3907 cum
1307 3853 1415 3906 illis
1464 3853 1554 3921 qui
1589 3853 1784 3922 probra

215 3947 271 4001 in
305 3961 430 4001 eum
465 3953 718 4013 torquent
749 3961 764 3996 :
796 3959 933 3997 neve
966 3943 1245 3998 ambulato
1272 3959 1397 3997 cum
1441 3943 1504 3997 iis
1536 3943 1628 4012 qui
1670 3959 1786 3997 ma-

215 4039 328 4093 lum
360 4036 411 4091 ei
444 4036 849 4090 machinantur.
879 4034 1227 4099 Quaecunque
1270 4044 1450 4089 autem
1496 4035 1784 4089 laudabilia

213 4129 556 4184 factitantem
586 4131 789 4192 cernis,
820 4143 882 4182 ea
913 4129 966 4182 in
1002 4133 1166 4183 corde
1196 4137 1288 4182 tuo
1323 4137 1575 4190 reconde,
1612 4142 1783 4194 eaque

214 4223 602 4279 tantummodo
632 4222 950 4276 meminisse
988 4219 1276 4274 contende.
1315 4219 1446 4284 Quae
1479 4233 1604 4271 vero
1633 4219 1783 4271 inde-

214 4319 418 4380 centia,
463 4324 516 4370 et
547 4314 793 4384 improba
825 4314 909 4368 vel
945 4321 1188 4382 agentem
1217 4312 1301 4364 vel
1339 4311 1646 4378 loquentem
1680 4323 1782 4362 no-

214 4410 439 4469 laveris,
468 4421 531 4460 ea
561 4407 768 4460 tibimet
803 4405 1034 4466 ascribe,
1066 4410 1118 4456 et
1161 4403 1213 4455 in
1260 4403 1498 4470 peccatis
1530 4401 1632 4454 tuis
1673 4416 1777 4452 uu-

1886 1955 1984 1993 nec
2046 1942 2325 1994 sustinens
2377 1940 2615 2002 intueri,
2661 1956 2779 2006 qua:
2825 1956 3100 2007 nunquam
3150 1943 3447 2009 spectasti,

1886 2045 2096 2100 pronus
2128 2031 2359 2084 fortasse
2386 2031 2588 2092 cades,
2644 2044 2938 2098 vocemque
2984 2031 3161 2085 Patris
3216 2031 3452 2100 desuper

1884 2120 2111 2184 audies,
2175 2131 2229 2176 et
2276 2121 2476 2176 nubem
2521 2121 2937 2176 obumbrantem
2971 2163 2984 2185 ,
3046 2136 3109 2176 ac
3153 2123 3450 2192 prophetas

1883 2222 2147 2278 astantes,
2180 2221 2234 2266 et
2264 2227 2386 2267 eum
2415 2212 2662 2265 vivorum
2688 2217 3136 2280 mortuorumque
3165 2211 3449 2264 Dominum

1883 2320 2001 2359 esse
2023 2305 2408 2358 conﬁrmantes
2432 2302 2642 2357 videbis
2670 2302 2734 2355 ⁸⁸.
2765 2302 2821 2355 Si
2857 2312 2907 2356 te
2932 2304 3083 2371 sequi
3117 2305 3449 2369 hortabitur,

1888 2396 2116 2449 lidenter
2155 2411 2276 2447 cum
2310 2411 2374 2449 eo
2410 2409 2507 2462 per
2541 2393 2738 2462 oppida
2785 2395 2942 2453 vade,
2981 2395 3277 2447 tuaximum
3325 2396 3454 2451 inde

1887 2487 2122 2543 fructum
2156 2495 2436 2553 capturus,
2479 2485 2524 2540 si
2579 2489 2633 2539 in
2689 2485 2862 2553 ipsum
2899 2485 3072 2539 solum
3126 2492 3451 2557 respexeris.

1888 2576 1943 2631 Si
1995 2592 2119 2630 cum
2177 2574 2527 2635 fornicariis,
2575 2581 2629 2628 et
2679 2575 2985 2644 publicanis
3035 2579 3452 2633 manducantem

1885 2680 2076 2719 cernes
2098 2664 2166 2726 “,
2192 2663 2328 2716 nihil
2351 2677 2747 2725 commoveare,
2779 2679 2876 2717 nec
2903 2666 3196 2718 humanum
3227 2667 3452 2735 aliquid,

1887 2757 1982 2808 sed
2015 2755 2196 2808 omnia
2241 2754 2434 2806 affectu
2470 2755 2695 2808 sinistro
2730 2757 2977 2807 carentia
3009 2797 3021 2818 ,
3056 2768 3106 2808 et
3142 2768 3332 2811 sancta
3389 2761 3455 2811 de

1888 2845 2008 2914 ipso
2032 2845 2226 2914 cogita.
2254 2844 2383 2896 item
2418 2842 2549 2896 illud
2577 2859 2592 2896 :
2616 2842 2866 2898 Omnibus
2892 2845 3066 2897 omnia
3109 2845 3280 2913 [actus
3312 2864 3451 2911 sum,

1888 2947 1944 2990 ut
1991 2952 2167 2989 omnes
2214 2936 2541 3001 lucrarer",
2589 2935 2644 2988 in
2692 2937 2875 2989 animo
2927 2951 3116 3001 versa,
3155 2936 3282 2991 dum
3330 2954 3450 2992 eum

1889 3027 2143 3082 humanis
2167 3042 2225 3081 se
2241 3025 2532 3081 affectibus
2560 3014 3005 3093 attemperantem
3035 3027 3318 3081 observas.
3348 3025 3454 3082 Sed

1812 3140 1854 3198 ο
1887 3133 2063 3188 neque
2107 3117 2151 3172 si
2204 3117 2376 3172 oculis
2437 3116 2544 3170 tuis
2595 3117 2776 3170 videas
2829 3115 3077 3184 aliquid,
3113 3119 3369 3172 universe
3403 3129 3457 3170 et

1891 3211 2048 3279 plane
2079 3209 2183 3264 illis
2218 3210 2424 3263 credito
2451 3226 2465 3262 :
2495 3208 2756 3262 falluntur
2799 3209 2946 3268 enim
2979 3209 3140 3262 etiam
3178 3211 3229 3261 hi
3258 3248 3273 3273 ,
3309 3211 3456 3278 quod

1889 3309 2149 3371 expertus
2197 3299 2344 3354 novi.
2404 3300 2582 3368 Ipsum
2632 3312 2890 3367 sequens,
2933 3299 3118 3368 illique
3165 3301 3310 3353 dicto
3355 3317 3456 3354 au-

1891 3393 2066 3469 diens,
2118 3408 2184 3446 ne
2232 3391 2459 3446 comites
2494 3401 2547 3444 et
2591 3393 2770 3445 socios
2805 3399 2927 3444 tuos
2959 3391 3267 3455 considera,
3317 3407 3452 3446 neve

1888 3483 2041 3538 dicas
2081 3483 2148 3538 de
2191 3483 2374 3551 aliquo
2409 3498 2422 3534 :
2461 3480 2704 3544 Domine,
2738 3480 2820 3532 hic
2871 3489 3047 3533 autem
3088 3481 3326 3549 quid"?
3359 3487 3451 3538 set'

1889 3576 1985 3628 tibi
2017 3589 2229 3644 semper
2280 3573 2518 3636 attende,
2551 3581 2605 3626 et
2648 3579 2776 3624 ante
2817 3572 3008 3625 oculos
3057 3583 3284 3626 mortem
3333 3590 3450 3643 pro-

1891 3682 2054 3736 pone,
2091 3682 2152 3720 ac
2183 3679 2363 3720 tecum
2402 3653 2668 3735 expende,
2709 3678 2815 3734 qua
2863 3664 3062 3717 virtute
3091 3664 3257 3717 Deum
3292 3666 3427 3735 glori

1889 3746 2045 3812 ﬁcos.

1957 3849 2033 3904 Ne
2061 3848 2411 3918 supercilium
2456 3846 2618 3899 toilas
2650 3854 2870 3915 propter
2900 3846 3223 3914 magistrum
3264 3856 3415 3898 tuutn
3437 3887 3451 3906 ,

1888 3945 1932 3996 si
1965 3941 2230 3994 honorere
2259 3954 2286 3992 a
2321 3938 2617 4006 majoribus
2647 3953 2660 3990 :
2694 3952 2799 3990 non
2824 3976 2838 4001 ,
2876 3938 3015 4004 quod
3052 3945 3271 4004 propter
3303 3937 3449 3991 illius

1887 4029 2082 4082 famam
2117 4027 2313 4080 multos
2347 4026 2440 4079 tibi
2502 4026 2866 4092 obsequentes
2899 4023 3098 4078 habeas
3125 4040 3136 4074 :
3164 4025 3253 4078 sed
3283 4025 3454 4092 gaude

1886 4120 2083 4186 potius,
2110 4119 2153 4172 si
2187 4131 2380 4171 nomen
2417 4126 2564 4168 tuum
2590 4115 2642 4168 in
2661 4117 2799 4169 ccelo
2825 4115 3151 4168 humilitatis
3177 4119 3444 4184 scriptum

1886 4211 1956 4266 sit
1980 4211 2046 4263 “.
2094 4209 2247 4274 Quod
2283 4208 2325 4260 si
2357 4209 2515 4261 etiam
2555 4206 2801 4259 umbram
2838 4217 2981 4258 tuam
3019 4206 3221 4260 videris
3245 4207 3449 4260 dmmo-

1888 4304 2048 4356 nibus
2087 4300 2508 4360 formidabilem,
2562 4312 2628 4351 ne
2673 4298 2769 4352 tibi
2818 4298 2977 4362 istuc,
3011 4298 3104 4350 sed
3158 4299 3329 4366 patris
3371 4301 3446 4350 tui

1886 4395 2136 4465 precibus
2165 4391 2426 4455 attribue,
2461 4399 2514 4442 et
2544 4389 2774 4458 amplius
2811 4397 2861 4441 te
2890 4387 3277 4441 fortnidabunt.
3310 4389 3362 4440 Si
3395 4397 3447 4439 te

213 4517 389 4561 ntera,
437 4507 492 4553 et
533 4513 658 4552 cum
714 4495 975 4566 lacrymis
1020 4493 1393 4563 pmnitentiam
1450 4506 1549 4561 age
1581 4507 1594 4542 :
1627 4491 1776 4544 illum
1810 4463 1855 4520 θ
1884 4485 1938 4537 in
1973 4497 2183 4542 mensa,
2214 4489 2266 4535 et
2296 4482 2519 4549 propius
2551 4478 2793 4533 assidere
2829 4477 3155 4539 hortabitur,
3199 4493 3441 4546 agnosce

211 4609 312 4664 pro
341 4592 458 4646 viro
487 4598 675 4644 sancto
709 4590 869 4652 habe,
902 4596 954 4642 et
987 4601 1173 4654 preces
1201 4584 1320 4654 ejus
1351 4584 1593 4652 itnplora.
1624 4582 1778 4648 Quod

210 4685 258 4740 si
302 4686 357 4738 in
397 4681 645 4736 eoenobio
696 4694 799 4733 non
836 4678 994 4738 vivis,
1031 4677 1196 4730 Deum
1249 4677 1489 4743 impense
1533 4688 1648 4735 ora,
1706 4672 1780 4724 uti

212 4776 492 4830 hominem
528 4772 627 4826 tibi
660 4770 1022 4830 demonstret,
1056 4768 1148 4836 qui
1183 4775 1235 4820 te
1277 4763 1561 4819 commode
1587 4771 1779 4831 regat:

212 4882 487 4940 quemque
542 4867 634 4919 ille
690 4874 785 4918 aut
838 4869 1052 4916 secreto
1107 4873 1202 4929 per
1250 4857 1625 4925 semetipsum,
1690 4864 1782 4906 aut

215 4969 401 5030 aperte
452 4973 548 5026 per
591 4956 827 5023 aliquem
860 4965 1139 5006 servorum
1178 4963 1404 5004 suorum
1455 4945 1777 5008 ostenderit,

214 5068 339 5108 cum
378 5062 503 5120 pete
530 5090 545 5115 ,
582 5063 681 5100 nec
711 5046 868 5099 aliter
895 5057 1059 5112 quam
1096 5044 1143 5096 si
1177 5042 1453 5096 Christum
1485 5041 1781 5107 aspiceres,

218 5154 267 5196 et
318 5144 684 5208 alloquerere,
720 5143 1033 5189 venerator.
1087 5130 1223 5183 Nam
1262 5145 1368 5183 non
1415 5143 1575 5184 secus
1619 5141 1778 5194 quam

215 5235 319 5302 ipsi
371 5231 482 5285 Deo
524 5232 646 5298 ejus
695 5225 959 5280 voluntati
995 5237 1183 5291 parere
1231 5222 1394 5276 debes
1427 5236 1442 5272 :
1479 5229 1538 5273 ut
1577 5234 1696 5286 qua:
1725 5216 1781 5270 in

214 5342 330 5390 rem
380 5334 529 5376 tuam
578 5327 726 5382 sunt,
780 5317 847 5370 ab
885 5316 976 5369 illo
1016 5315 1248 5368 doceare
1286 5328 1298 5362 :
1333 5325 1561 5379 quaeque
1609 5312 1652 5362 is
1686 5307 1782 5361 tibi

216 5415 461 5479 dixerit,
534 5413 656 5466 sine
713 5408 820 5462 ulla
871 5406 1208 5460 haesitatione
1269 5405 1322 5456 in
1371 5416 1507 5471 Opus
1571 5398 1780 5459 confer,

155 5503 159 5506 ’
214 5508 469 5578 quamvis
528 5504 624 5558 tibi
675 5517 784 5556 non
846 5500 1006 5561 bona,
1061 5506 1117 5552 et
1168 5495 1429 5549 damnosa
1481 5491 1782 5545 videantur.

888 5701 931 5732 ¹⁹
960 5696 1117 5752 Joan.
1151 5712 1239 5755 xv,
1289 5695 1342 5749 5.

815 5773 860 5804 ’⁸
893 5768 1023 5824 Luc.
1081 5782 1134 5831 ι,
1190 5765 1278 5818 ‘20.

290 5710 333 5739 "
389 5708 520 5761 Luc.
566 5718 686 5762 xm.
720 5701 810 5756 27.

217 5783 265 5820 ’⁸
298 5778 456 5836 JOan.
499 5790 616 5841 xu,
648 5772 739 5826 2|.

1422 5688 1705 5789 ""Ma‘tth,
1746 5686 1925 5789 xvndql
1959 5700 2108 5755 seqq.
2173 5686 2212 5714 ’ί
2260 5681 2448 5734 Matth.
2484 5695 2556 5746 Ix,
2604 5676 2690 5741 i0,
2749 5675 2835 5727 il.

1357 5764 1401 5798 ’⁵
1458 5761 1644 5814 Matth.
1701 5773 1786 5824 xx,
1839 5761 1928 5808 9.7.

1888 4576 2116 4644 gratiam
2159 4580 2212 4626 et
2255 4571 2497 4631 admitte,
2552 4571 2812 4636 illumque
2862 4568 3059 4621 tacitus
3106 4577 3295 4622 sancte
3352 4571 3450 4645 ob-

1882 4681 2060 4727 serva,
2104 4673 2155 4716 et
2187 4663 2322 4725 cole,
2349 4671 2402 4715 et
2437 4677 2503 4714 ne
2537 4659 2664 4730 quid
2702 4660 2768 4713 de
2797 4659 3081 4726 appositis,
3117 4657 3218 4711 nisi
3255 4659 3445 4726 preci-

1886 4757 1988 4811 bus
2017 4755 2084 4807 ab
2110 4769 2174 4807 eo
2200 4752 2378 4818 factis,
2412 4752 2616 4819 attinge
2644 4765 2656 4801 :
2689 4765 2788 4803 nec
2820 4750 2956 4801 citra
2989 4749 3106 4816 ejus
3134 4748 3348 4816 jussum
3384 4765 3449 4802 ac

1887 4847 2220 4900 voluntatem
2269 4843 2421 4895 alteri
2467 4841 2682 4909 porrige
2728 4854 2741 4892 :
2789 4853 2888 4892 nec
2921 4838 3230 4907 quempiam
3290 4840 3450 4890 a‘teri

1885 4936 2140 5009 praeferre
2167 4937 2322 4988 aude.
2354 4933 2507 4998 Quod
2540 4932 2587 4985 si
2623 4939 2744 4999 post
2779 4946 2966 4983 omnes
3017 4929 3154 4982 alios
3204 4936 3254 4980 te
3286 4944 3414 4980 voca
3443 4955 3454 4965 -

1885 5030 1983 5090 bit.
2015 5043 2147 5081 cave
2191 5027 2370 5080 dicere
2406 5041 2417 5076 :
2461 5021 2751 5084 Adextris,
2801 5029 2893 5074 aut
2938 5020 3174 5074 sinistris
3227 5018 3450 5078 sedebo,

1885 5136 2008 5174 cum
2042 5120 2146 5173 hoc
2176 5119 2296 5173 aliis
2325 5126 2572 5186 paratum
2612 5128 2732 5168 esse
2769 5127 2876 5165 non
2904 5111 3140 5181 ignores,
3175 5119 3228 5163 et
3265 5111 3454 5162 audie-

1884 5214 1960 5266 ris
1995 5229 2008 5265 :
2039 5212 2142 5278 Qui
2174 5215 2280 5264 t'utt
2305 5209 2534 5262 omnium
2566 5206 2768 5275 primus
2795 5220 2923 5266 esse,
2956 5202 3022 5254 sit
3053 5202 3284 5255 omnium
3317 5202 3450 5253 ulti—

1887 5321 2002 5357 mus
2026 5304 2091 5356 ".
2126 5301 2337 5355 Partem
2383 5297 2656 5359 intimam,
2694 5300 2751 5347 ut
2795 5294 2983 5362 prima:
3017 5291 3446 5345 COIICiiiilliiCt‘lil

1890 5394 2234 5463 amplectere,
2268 5401 2322 5444 et
2353 5389 2667 5458 magistrum
2706 5385 2870 5453 dilige
2895 5423 2910 5447 ,
2954 5384 3150 5452 quippe
3185 5382 3273 5449 qui
3306 5381 3446 5432 scite

1890 5500 1987 5555 per
2013 5484 2137 5537 vilia
2177 5490 2230 5534 et
2271 5479 2481 5549 abjecta
2523 5475 2588 5530 ad
2635 5473 2840 5544 majora
2873 5485 2921 5527 te
2957 5472 3165 5526 laboret
3198 5470 3448 5524 exciere.

2939 5672 3027 5726 "l
3065 5670 3193 5726 Cor.
3234 5683 3308 5732 l\‘,
3360 5667 3450 5718 9.9..
