4128 6338
659 345 758 409 Ii'il

1915 347 2293 408 SYMEONIS
2332 347 2695 443 JUNlORlS

3800 343 3906 410 432

650 465 843 530 Neque
876 478 1002 516 vero
1043 475 1136 531 per
1171 460 1535 528 arrogantiam
1571 456 1780 528 primus
1811 471 1933 511 cum
1974 459 2091 528 ipso
2125 473 2236 510 ma-
2265 469 2304 520 Α
2338 474 2458 513 sum
2493 467 2546 515 te
2578 459 2808 523 vocarit,
2851 469 2904 514 et
2934 459 2998 514 ad
3030 461 3419 530 quiescendum
3452 461 3726 526 hortatus,
3753 460 3906 515 dixe-

637 571 788 607 onum
821 555 874 607 in
910 553 1256 622 paropsidem
1295 552 1530 621 intiuges
1569 565 1582 602 :
1617 550 1774 620 cujus
1811 549 1954 603 enim
1994 550 2063 603 sit
2115 549 2230 603 haec

659 647 912 711 audacia,
948 663 1051 699 non
1079 655 1131 700 te
1178 643 1333 714 fugit.
1367 642 1420 697 Si
1453 643 1548 697 tibi
1595 643 1756 712 pedes
1789 642 2012 698 abluere
2043 641 2228 698 volue-

657 741 902 805 rit,eum
958 749 1015 792 ut
1052 739 1331 792 dominum
1382 746 1437 790 ct
1491 736 1807 804 magistrum
1860 750 2127 800 reverere,
2177 742 2230 788 et

659 836 914 888 renitere.
949 831 1043 883 Sin
1075 831 1273 884 dixerit
1311 845 1326 882 :
1372 825 1493 881 Nisi
1535 826 1689 895 pedes
1739 826 1834 880 tibi
1883 829 2078 892 lavero,
2127 841 2230 879 non

652 926 866 979 habebis
899 932 1104 992 partem
1140 939 1335 976 mecum
1356 922 1424 987 ",
1449 923 1613 976 etiam
1649 931 1822 987 totum
1849 935 2048 990 corpus
2079 930 2227 972 tuum

655 1016 986 1070 abluendum
1034 1016 1290 1070 alacriter
1344 1028 1556 1083 expone
1592 1031 1607 1068 :
1647 1025 1703 1069 ut
1737 1029 1798 1068 ex
1849 1013 1934 1066 his
1978 1026 2098 1081 quae
2131 1008 2229 1063 tibi

656 1108 813 1171 tiunt,
851 1106 1242 1162 sublimitatem
1279 1118 1328 1162 et
1363 1122 1612 1176 magnam
1671 1104 2032 1166 humilitatis,
2065 1104 2228 1156 etiam

654 1202 788 1254 deos
823 1200 1104 1265 facientis,
1136 1202 1438 1271 intelligas,
1478 1211 1532 1255 et
1565 1202 1826 1269 majorem
1861 1207 1992 1252 tunc
2021 1198 2227 1251 utilitao

655 1301 761 1343 tem
790 1290 1016 1354 referas,
1052 1293 1096 1345 si
1136 1291 1561 1353 animadvertas,
1592 1307 1752 1359 quam
1786 1291 1829 1344 si
1864 1298 1918 1342 tu
1949 1293 2119 1358 patris
2150 1288 2228 1340 tui

655 1384 820 1450 pedes
855 1385 1142 1438 abluisses.
1185 1385 1238 1437 Si
1285 1385 1482 1438 dixerit
1530 1387 1670 1436 inter
1727 1381 2163 1435 accumbendum
2211 1396 2224 1430 :

657 1473 804 1528 Unus
836 1493 897 1528 ex
928 1477 1066 1529 robis
1094 1493 1172 1529 me
1202 1477 1373 1529 tradet
1415 1477 1485 1536 ",
1531 1486 1621 1527 aut
1652 1474 1986 1528 scandalizat
2019 1488 2126 1536 me,
2159 1487 2229 1526 ne

656 1579 805 1635 tegas
836 1568 1022 1620 dolum
1060 1587 1071 1620 :
1113 1569 1205 1621 sed
1241 1569 1284 1622 si
1317 1570 1576 1622 conscius
1627 1567 1723 1621 tibi
1767 1583 1850 1628 es,
1903 1565 2164 1620 confitere
2211 1583 2225 1619 :

655 1661 740 1712 sin
785 1670 987 1722 autem,
1020 1661 1084 1712 ad
1118 1659 1281 1728 pedes
1309 1662 1428 1729 ejus
1465 1662 1517 1713 in
1567 1660 1759 1711 faciem
1794 1667 1941 1711 tuam
1980 1666 2227 1726 prostra-

654 1761 757 1813 tus,
825 1768 947 1802 eum
1010 1752 1260 1820 Iacrytnis
1312 1752 1624 1820 interroga:
1662 1749 1933 1818 Numquid
1975 1765 2066 1820 ego
2089 1764 2227 1811 sum,

2341 550 2412 604 rit
2449 570 2461 605 :
2497 552 2624 606 sedc
2667 553 2774 616 hic,
2815 559 2868 605 et
2899 552 3118 622 publico
3147 553 3380 618 abstine,
3440 553 3602 607 donec
3657 551 3903 606 induaris

2336 643 2531 698 virtute.
2563 661 2626 698 επ
2649 644 2758 698 alto
2781 645 2846 708 ⁸³,
2881 659 3003 698 cum
3035 645 3184 699 firma
3212 661 3310 716 spe
3338 653 3391 700 et
3418 645 3728 716 inexplebili
3769 659 3902 716 gau-

2336 740 2428 794 dio
2463 740 2622 813 obedi
2651 757 2662 792 :
2699 757 2860 796 verax
2901 742 3194 810 siquidem,
3233 743 3429 797 fratres
3471 743 3597 806 mei,
3629 744 3754 797 talis
3785 756 3900 794 ma-

2338 829 2526 900 gister,
2557 839 2610 884 et
2633 844 2659 883 a
2688 831 2970 886 mendacio
2998 831 3209 888 alienus
3233 841 3338 889 est.
3366 833 3724 903 Superven'et
3752 846 3904 886 nam-

2338 937 2442 989 que
2475 923 2528 976 in
2565 931 2616 976 te
2649 923 2809 980 etiam
2841 939 2987 978 nunc
3017 939 3116 993 par
3143 926 3474 980 sanctissimi
3511 925 3753 994 Spiritus
3789 925 3901 975 vir-

2337 1021 2446 1079 tus,
2481 1029 2589 1068 non
2630 1016 2683 1068 in
2726 1015 2909 1084 specie
2956 1015 3117 1084 ignis,
3150 1023 3208 1068 ut
3254 1031 3420 1069 sensu
3464 1015 3667 1084 percipi
3715 1016 3904 1084 possit,

2339 1120 2646 1174 apparens;
2683 1121 2779 1158 nec
2811 1120 2932 1159 eum
2969 1106 3138 1158 multo
3178 1107 3387 1168 sonitu,
3421 1107 3474 1158 in
3509 1106 3704 1174 spiritu
3741 1106 3905 1158 vehe-

2340 1196 2505 1247 menti
2540 1194 2674 1261 (ltaec
2701 1195 2843 1247 enim
2878 1201 3098 1264 propter
3125 1193 3433 1248 incredulos
3466 1191 3606 1245 facta
3636 1194 3787 1258 sunt)
3814 1191 3908 1245 sel

2340 1286 2393 1339 in
2443 1289 2624 1356 specie
2669 1287 2911 1351 luminis,
2945 1285 3087 1354 quod
3145 1285 3310 1338 menti
3367 1295 3534 1352 patet,
3576 1298 3699 1338 cum
3755 1283 3907 1336 omni

2339 1375 2732 1447 tranquillitate
2763 1389 2814 1431 ct
2851 1378 3198 1446 jucunditate
3239 1376 3432 1441 animi,
3478 1379 3580 1439 sic,
3611 1387 3671 1429 ut
3704 1374 3909 1429 intelli-

2339 1488 2456 1541 gas,
2491 1472 2586 1524 tibi
2619 1472 2899 1541 apparebit
2944 1487 2956 1522 :
3001 1468 3143 1539 quod
3185 1470 3376 1525 salerni
3449 1485 3511 1524 ac
3559 1469 3717 1538 primi
3761 1468 3911 1521 illius

2338 1565 2562 1619 luminis
2597 1566 2950 1633 prommium,
3014 1571 3066 1617 et
3095 1563 3272 1634 fulgor
3312 1579 3375 1616 ac
3396 1561 3628 1616 scintilla
3662 1559 3909 1630 quaedam

2339 1659 2684 1726 sentpiteruze
2713 1655 3068 1711 beatitudinis
3086 1665 3188 1711 est.
3208 1655 3319 1710 Hoc
3347 1655 3724 1708 nuncluceute
3750 1650 3912 1705 Iunti-

2340 1765 2428 1810 ne.
2462 1749 2641 1803 ouinis
2673 1750 2915 1819 inquieta
2990 1764 3054 1802 ac
3090 1749 3399 1803 turbulenta
3432 1747 3689 1817 cogitatio
3725 1744 3912 1812 dispe-

656 1843 877 1895 llomine
909 1842 1002 1893 ‘1‘?
1041 1843 1252 1894 ιζιυιιίιιι
1291 1843 1341 1894 in
1373 1842 1640 1908 plurimis,
1674 1854 1718 1893 ct
1759 1858 1848 1910 per
1874 1842 2228 1910 ignorantiam
2262 1819 2306 1875 Β
2338 1842 2429 1902 rit,
2471 1850 2524 1895 et
2567 1844 2746 1896 omnis
2793 1841 3119 1896 concitatior
3170 1841 3336 1894 animi
3384 1839 3551 1893 motio
3583 1838 3910 1907 dissipatur,

651 1935 964 2001 nﬂ'eudimus
1006 1933 1070 1984 ’³.
1118 1933 1285 1985 l’orro
1329 1934 1379 1984 in
1438 1941 1629 2000 pectus
1687 1931 1864 1983 i’atris
1910 1930 2231 1983 recumbere

653 2042 762 2078 non
819 2024 1076 2078 conducit
1124 2024 1241 2075 tibi.
1293 2023 1424 2074 Nam
1477 2022 1579 2076 etsi
1615 2020 1855 2075 Joannes
1896 2033 2005 2090 pra:
2062 2020 2229 2072 multa

656 2134 782 2185 erga
832 2117 1111 2171 Christum
1147 2116 1434 2176 charitalc,
1475 2123 1531 2168 ut
1569 2130 1692 2168 cum
1750 2115 1966 2168 homine
2011 2114 2120 2182 egit
2169 2111 2231 2164 li-

659 2214 805 2268 bere,
850 2208 1205 2260 nihilominus
1245 2217 1299 2260 et
1328 2207 1442 2275 ipse
1479 2221 1600 2259 cum
1635 2207 1914 2268 omnibus,
1946 2221 2071 2258 eum
2113 2219 2230 2257 om-

657 2301 747 2352 nia
784 2300 1029 2361 fecisset,
1062 2298 1302 2366 seipsum
1337 2299 1582 2352 inutilem
1626 2312 1839 2352 servum
1875 2310 2073 2349 vocare
2106 2295 2230 2364 jus-

655 2411 748 2448 sus
779 2403 885 2448 est.
926 2393 979 2445 Si
1014 2391 1212 2444 videris
1241 2392 1431 2445 ducem
1475 2399 1628 2444 tuum
1670 2403 1834 2457 supra
1871 2397 2078 2439 natura:
2117 2399 2232 2438 mo-

652 2501 763 2539 rem
799 2485 934 2536 mira
963 2482 1147 2547 edere,
1191 2482 1444 2548 famaque
1475 2479 1800 2543 clarescere,
1833 2477 2014 2539 crede,
2043 2486 2095 2530 ct
2131 2476 2226 2527 ιω-

655 2591 794 2634 tare.
834 2575 1054 2641 lteoque
1083 2573 1290 2642 gratias
1339 2584 1458 2640 age,
1493 2570 1638 2638 quod
1688 2567 2000 2637 hujusmodi
2052 2567 2229 2634 magi-

652 2680 827 2722 sltttut
879 2668 1106 2719 sortitus
1152 2681 1232 2720 es.
1269 2662 1371 2716 Sed
1413 2679 1479 2716 ne
1532 2663 1699 2716 invidi
1761 2659 2079 2716 scandalum
2133 2648 2228 2711 tibi

651 2765 888 2830 pariant,
926 2779 1048 2813 t'ttttt
1078 2774 1199 2814 eum
1234 2758 1302 2812 ab
1331 2758 1438 2812 illis
1471 2757 1701 2812 fortasse
1733 2754 2047 2823 ignominiis
2089 2752 2230 2806 mul-

653 2857 777 2920 tari,
806 2867 858 2906 et
890 2853 1062 2920 alapis
1093 2852 1250 2915 credi,
1294 2858 1346 2904 et
1384 2850 1586 2918 raptari
1619 2848 1930 2917 conspicics
1959 2864 1972 2899 :
2003 2847 2134 2915 quin
2173 2851 2231 2898 ut

654 2946 893 3001 fervidus
945 2945 1035 2995 illc
1088 2941 1277 2995 Petrus
1313 2940 1551 3009 gladium
1603 2941 1802 3006 arripe,
1856 2939 2088 3006 ejusque
2137 2937 2230 3004 qtti

651 3048 841 3093 contra
889 3043 1094 3103 patrem
1147 3041 1298 3085 tuum
1347 3031 1637 3091 blaterare,
1677 3037 1772 3082 aut
1809 3045 1932 3082 eum
1966 3029 2230 3097 attingere

2333 1932 2511 1988 omnis
2541 1934 2788 2002 corporis
2823 1933 3047 1987 morbus
3083 1940 3324 1986 sanatur.
3361 1929 3514 1984 Tunc
3543 1931 3684 1985 oculi
3724 1928 3911 1984 cordis

2335 2026 2412 2079 tui
2453 2035 2778 2095 purgantur,
2819 2033 3162 2093 cernuntque
3192 2025 3384 2088 Deum,
3417 2023 3561 2092 quod
3591 2024 3642 2075 in
3671 2021 3910 2076 beatitu-

2333 2119 2553 2173 dinibus
2580 2119 2844 2187 scriptum
2869 2128 2952 2172 est
2981 2118 3046 2170 ³².
3075 2116 3228 2170 Tunc
3255 2118 3400 2171 velut
3423 2117 3475 2170 in
3502 2116 3725 2185 speculo
3748 2128 3909 2182 parra

2333 2215 2512 2260 errata
2549 2221 2647 2258 sua
2687 2206 2903 2258 intuens
2935 2206 3142 2268 anima,
3188 2205 3240 2258 in
3279 2198 3533 2275 abyssum
3588 2205 3910 2258 humilitatis

2333 2296 2606 2366 dejicitur,
2643 2305 3033 2365 perspectaque
3069 2297 3252 2366 gloria:
3305 2297 3703 2366 magnitudine,
3757 2297 3905 2350 omni

2335 2389 2520 2443 lzetitia
2553 2400 2604 2443 et
2638 2391 2914 2459 voluptate
2960 2392 3222 2458 repletur,
3267 2400 3320 2444 et
3353 2391 3629 2459 insperato
3673 2391 3907 2444 attonita

2335 2483 2618 2547 miraculo,
2658 2483 2910 2552 lacrymis
2948 2483 3181 2536 ubertim
3228 2491 3417 2536 rorat:
3453 2494 3615 2551 atque
3651 2484 3723 2538 ita
3758 2493 3911 2540 totus

2335 2574 2496 2629 homo
2547 2576 2891 2640 immolatur,
2945 2583 2998 2629 et
3044 2577 3211 2628 Deum
3265 2576 3563 2645 cognoscit,
3614 2577 3682 2630 ab
3731 2591 3914 2644 eoque

2333 2669 2568 2736 primum
2617 2670 2987 2737 cognoscitur.
3021 2665 3146 2720 Haec
3193 2682 3432 2736 namque
3487 2669 3620 2722 sola'
3659 2669 3912 2721 omnium

2333 2760 2638 2813 ccelcstium
2694 2773 2757 2812 ac
2814 2761 3175 2820 terrestrium,
3220 2759 3568 2826 praesentium
3606 2769 3659 2812 et
3694 2759 3916 2814 futuro-

2333 2867 2476 2915 rum,
2509 2851 2904 2916 tristilicor'um,
2936 2851 3387 2918 iretilicorumque
3437 2853 3911 2920 contemptionem

2336 2944 2537 2998 homini
2575 2945 2874 3010 ingenerat,
2908 2959 3068 3010 quem
3099 2944 3260 2997 simul
3294 2944 3529 2996 amicum
3559 2943 3673 3006 Dei,
3721 2955 3774 2997 et
3814 2942 3914 2996 Fi-

2335 3036 2464 3087 lium
2511 3034 2805 3095 Altissimi,
2841 3041 2893 3086 et
2931 3035 3095 3087 licunt
3141 3034 3426 3103 (quantum
3462 3035 3683 3103 quidem
3722 3037 3776 3087 in
3813 3035 3915 3088 ho-

655 3144 760 3181 non
797 3137 1011 3178 veretur
1049 3139 1152 3175 non
1185 3121 1483 3176 auriculam
1518 3121 1719 3183 solum,
1755 3119 1849 3175 sed
1887 3130 1941 3174 et
2003 3136 2224 3173 manum
2255 3149 2300 3212 α
2335 3128 2532 3180 minem
2565 3128 2731 3196 cadit)
2765 3125 2943 3180 omen,

654 3230 705 3270 et
739 3221 975 3286 linguam
1009 3221 1251 3283 amputa.
1298 3213 1452 3277 Quod
1487 3213 1530 3266 si
1583 3213 1768 3276 etiam,
1802 3221 1862 3265 ut
1904 3213 2017 3274 ille,
2060 3214 2227 3265 casti-

657 3325 802 3378 gcre,
840 3306 1062 3358 omnino
1098 3317 1278 3357 tamen
1316 3303 1386 3356 ob
1433 3303 1704 3372 egregiam
1737 3301 1893 3356 fidem
1954 3312 2004 3355 et
2051 3303 2229 3353 chari-

653 3409 817 3454 tatem
850 3400 1021 3464 magis
1048 3393 1364 3446 iaudabere.
1413 3391 1531 3454 Sin,
1581 3403 1638 3444 ιιι
1684 3392 1868 3457 homo,
1907 3393 2228 3460 perterritus

653 3491 862 3544 dixeris
899 3507 912 3543 :
957 3487 1082 3540 Non
1115 3487 1230 3539 novi
1281 3485 1539 3537 hominem
1560 3484 1628 3547 ³ο,
1667 3497 1883 3536 rursum
1936 3497 2100 3550 super
2130 3484 2227 3534 hoc

655 3599 841 3636 amare
876 3583 1049 3650 plora,
1082 3592 1130 3631 et
1170 3595 1235 3630 ne.
1266 3578 1643 3644 desperatione
1678 3575 2032 3627 abSOl'bCHI't‘.
2071 3575 2225 3638 Quod

654 3679 700 3730 si
738 3675 898 3734 laxis,
933 3686 1251 3741 persuasum
1310 3671 1480 3721 habeo
1529 3668 1665 3728 fore,
1700 3678 1756 3718 ut
1791 3667 1876 3719 ille
1907 3677 1957 3719 te
1993 3667 2224 3735 primum

656 3771 718 3819 ad
757 3785 812 3820 se
846 3767 1100 3817 attrahat.
1131 3763 1186 3816 Si
1219 3777 1341 3814 cum
1370 3770 1625 3828 tanquam
1657 3759 1979 3812 sceleratum
2011 3759 2060 3809 in
2095 3775 2225 3810 rru-

655 3879 771 3913 emn
805 3859 966 3927 alligi,
1003 3866 1057 3908 ct
1088 3872 1182 3924 pro
1217 3856 1500 3908 sceleratis
1543 3853 1676 3905 mori
1712 3852 2009 3919 aspexeris,
2049 3852 2092 3903 si
2124 3865 2209 3919 po-

657 3964 756 4010 tes,
795 3963 1174 4001 t‘oattnnrct'c:
1213 3956 1305 3999 aut
1348 3954 1492 3998 certe
1526 3961 1590 3996 tte
1637 3943 1795 3996 malis
1832 3954 1890 3996 ut
1939 3945 2136 4005 maius,
2174 3952 2228 3995 et

660 4043 900 4112 proditor
940 4052 988 4091 te
1034 4039 1287 4106 adjuugc,
1330 4051 1502 4104 neque
1541 4051 1662 4089 cum
1695 4035 1825 4103 ipsis
1857 4035 1910 4088 in
1963 4037 2228 4105 sanguine

658 4137 932 4191 tinnit-cuti
971 4134 1348 4196 communica;
1385 4132 1480 4186 scd
1510 4141 1565 4183 ut
1596 4131 1695 4198 qui
1727 4148 1789 4184 ex
1825 4132 2140 4194 timiditate,
2177 4141 2230 4183 et

658 4229 982 4283 infractionc
1041 4225 1207 4276 animi
1260 4225 1535 4292 paulisper
1573 4227 1842 4290 pastorem
1894 4224 2226 4287 dcsvrucris,

659 4324 814 4372 lilcm
869 4320 919 4371 itt
954 4318 1102 4370 illum
1149 4317 1213 4368 de
1255 4318 1467 4385 integro
1503 4316 1738 4371 custodi.
1780 4316 1833 4367 Si
1873 4316 2103 4368 vinculis
2155 4317 2228 4367 le.-

658 4416 896 4474 vabitur,
931 4427 990 4464 ac
1051 4411 1377 4472 dimittetur,
1437 4411 1631 4461 itcrtttu
1689 4409 1906 4468 accede,
1963 4423 2024 4458 ac
2079 4409 2230 4459 velut

2410 3220 2541 3272 Vide
2575 3220 2759 3288 igitur,
2801 3219 2984 3283 frater,
3036 3236 3100 3273 ne
3153 3226 3289 3273 forte
3339 3227 3538 3288 praeter
3569 3221 3912 3276 voluntatem

2339 3311 2639 3364 deteriores
2672 3312 2940 3380 sequaris.
2974 3309 3106 3363 Nam
3159 3312 3251 3379 qui
3298 3312 3684 3381 perspicientia
3720 3313 3867 3367 valet
3897 3354 3913 3378 ,

2333 3403 2518 3472 lupum
2580 3403 2645 3455 ab
2686 3417 2804 3464 ove,
2840 3403 3102 3456 latronem
3159 3418 3186 3454 a
3237 3412 3458 3472 pastore
3520 3402 3908 3458 internoscct:

2333 3499 2472 3548 sicut
2506 3495 2761 3547 nimirum
2798 3497 2912 3563 ipse
2950 3495 3214 3547 Dominus
3243 3508 3307 3546 ac
3357 3492 3499 3548 Deus
3545 3504 3732 3551 noster
3762 3495 3914 3548 amr-

2335 3588 2540 3641 marit:
2584 3587 2871 3650 Attcttdite,
2906 3588 3104 3654 inquit,
3137 3602 3167 3636 a
3202 3585 3354 3651 falsis
3387 3585 3672 3653 prophetis,
3707 3587 3796 3654 qui
3825 3603 3916 3639 tc-

2332 3679 2482 3730 niunt
2520 3680 2586 3730 ad
2618 3694 2701 3730 vos
2731 3680 2783 3729 in
2815 3680 3133 3730 vestimentis
3163 3678 3358 3741 ovium,
3387 3677 3708 3730 intrinsecus
3728 3689 3910 3730 autent

2333 3785 2451 3826 sunt
2503 3773 2614 3838 lupi
2663 3786 2897 3837 rapaces.
2946 3770 2988 3821 Λ
3040 3768 3300 3836 fructibus
3350 3784 3530 3820 eorum
3583 3771 3911 3839 cognoscetis

2331 3881 2415 3915 eos
2460 3864 2521 3917 ³³.
2559 3861 2629 3915 Ut
2663 3863 2803 3914 enim
2839 3861 3002 3913 arbor
3043 3877 3103 3914 cx
3139 3862 3319 3913 fructu
3346 3901 3360 3924 ,
3397 3863 3477 3915 sic
3503 3861 3663 3914 homo
3694 3878 3756 3914 ex
3794 3877 3910 3915 ser-

2333 3971 2489 4007 mone
2521 3962 2573 4005 et
2599 3969 2762 4022 opere
2791 3968 2890 4005 suo
2922 3953 3097 4019 qualis
3139 3953 3209 4006 sit
3245 3955 3600 4022 cognoscitur
3627 3965 3642 4006 τ
3669 3953 3762 4007 sed
3805 3969 3908 4008 co-

2333 4047 2615 4115 gnoscitur
2649 4045 2805 4099 abiis
2867 4045 2920 4097 in
2950 4046 3149 4112 quibus
3177 4061 3310 4100 sana
3336 4054 3418 4100 est
3443 4047 3604 4110 ratio,
3627 4054 3682 4100 et
3713 4047 3915 4100 animae

2333 4155 2526 4193 sensus
2561 4147 2798 4191 eortstat.
2833 4137 3024 4191 Cmtcri
3071 4155 3306 4207 namque
3348 4140 3593 4193 homines
3632 4137 3794 4191 etiam
3838 4141 3912 4194 ad

2335 4233 2446 4298 ipsa
2491 4246 2656 4298 opera
2720 4231 3078 4284 disecrnenda
3139 4230 3336 4298 stupidi
3394 4246 3456 4283 ac
3514 4229 3692 4284 stolidi
3754 4239 3911 4283 sunt.

2334 4322 2650 4389 Quempiaut
2690 4337 2752 4372 ex
2794 4322 2974 4374 inedia
3026 4331 3330 4391 captantem
3364 4335 3552 4373 auram
3579 4321 3909 4388 popularem

2335 4415 2582 4466 videntes
2615 4415 3020 4473 commendant,
3048 4422 3099 4465 ct
3127 4429 3246 4466 cum
3278 4412 3584 4465 humilitate.
3611 4417 3911 4464 comeden-

659 4516 950 4572 martyrem
988 4505 1216 4570 amplius
1247 4515 1525 4554 vent-rare.
1561 4499 1711 4564 Quod
1746 4499 1789 4550 si
1825 4499 1874 4550 in
1919 4501 2231 4550 tculaliolti-
2264 4482 2309 4537 ί)
2339 4517 2442 4557 tem
2475 4507 2748 4556 damnant.
2788 4506 2963 4556 Alium
2989 4505 3042 4556 in
3064 4505 3372 4557 humilitate
3392 4503 3512 4559 cibo
3537 4504 3904 4558 abstinentem

661 4599 758 4648 bus
791 4595 1024 4646 animant
1063 4593 1390 4653 reddiderit,
1423 4605 1622 4656 corpus
1657 4589 1773 4654 ejus
1807 4589 1922 4640 sine
1973 4599 2112 4637 metu
2147 4605 2226 4638 re-

659 4689 834 4756 quire,
862 4696 914 4739 ct
946 4686 1073 4737 illttd
1113 4684 1282 4736 multo
1336 4684 1506 4749 magis
1542 4696 1703 4749 quam
1750 4682 1936 4730 \‘it‘t'tts
1989 4695 2224 4746 praesrns

660 4785 889 4840 lzonora,
946 4788 1330 4845 unguentoque
1389 4773 1716 4834 delibutum,
1770 4780 2087 4839 sumptuost-
2138 4782 2223 4822 lil-

660 4874 824 4922 tunla.
859 4871 1182 4934 Quanquam
1217 4866 1359 4918 enim
1407 4882 1513 4917 non
1551 4871 1668 4932 post
1709 4864 1945 4914 triduttm
1979 4873 2226 4916 extremo

657 4964 741 5014 die
778 4965 1021 5031 profecto
1059 4975 1179 5012 cum
1215 4959 1485 5010 universis
1517 4965 1783 5022 resurget.
1817 4955 1989 5006 (Irede
2021 4965 2222 5018 autem,

662 5056 808 5106 iiltnn
852 5071 971 5104 eum
1014 5051 1206 5103 fiducia
1237 5060 1415 5104 astare
1446 5047 1577 5112 Deo,
1613 5049 1826 5100 tametsi
1866 5061 2064 5115 corpus
2103 5049 2222 5114 ejus

659 5147 913 5211 sepulcro
952 5147 1046 5196 abs
1083 5153 1133 5196 te
1182 5141 1459 5194 conditum
1507 5142 1703 5208 jaCeat,
1742 5156 1804 5192 ac
1848 5139 1965 5191 sine
2006 5138 2221 5190 dubita-

660 5241 807 5290 tionc
841 5254 1024 5304 pret-es
1059 5236 1300 5302 ejusdem
1351 5248 1608 5300 exposco,
1647 5245 1699 5284 et
1733 5231 2092 5300 opitulabitur
2124 5230 2216 5282 tibi

662 5329 770 5390 hic,
791 5337 949 5394 tthttc
976 5328 1026 5378 in
1053 5326 1295 5377 adversis
1321 5325 1574 5375 omnibus
1606 5321 1846 5372 tuebitur
1875 5330 1946 5381 te,
1966 5330 2018 5372 ct
2040 5335 2067 5371 c
2101 5334 2215 5369 cor-

660 5435 789 5484 pore
821 5420 1164 5469 exet-dentem
1203 5416 1457 5480 recipiet,
1489 5424 1854 5471 :eternamquc
1890 5411 2226 5460 mansionem

663 5513 987 5579 pt'a‘paraltit
1019 5510 1136 5561 tibi.
1176 5509 1229 5558 Si
1277 5516 1392 5574 [Vhl
1427 5503 1608 5555 omnia
1639 5519 1755 5570 quas
1789 5502 2047 5562 diximus,
2079 5516 2228 5554 scor-

733 5713 778 5743 “
816 5703 1094 5772 Janfxut,
1160 5711 1242 5762 18.
1321 5712 1359 5738 ετ
1398 5709 1583 5760 Matth.
1622 5727 1768 5770 κκιιί,
1811 5712 1913 5786 21..
1979 5711 2022 5741 ’³
2062 5708 2192 5763 Ibid.
2234 5705 2327 5759 “2'2.

673 5785 751 5841 ill.
828 5785 870 5813 "‘
905 5786 1091 5835 Matth.
1124 5799 1169 5844 ι’,
1212 5783 1225 5830 l
1261 5797 1409 5846 οιξμλιι.
1501 5783 1530 5808 λδ
1568 5782 1698 5833 ibid.
1724 5797 1814 5844 \tt,
1859 5782 1936 5829 iii.

2335 4613 2428 4665 pro
2473 4599 2747 4666 ityttOCt'illl
2787 4597 3017 4658 habent;
3066 4608 3253 4650 contra
3300 4597 3557 4665 ingluviei
3612 4597 3854 4652 deditum
3887 4637 3905 4662 ,

2335 4690 2658 4754 Sitttpiirem,
2695 4696 2743 4739 et
2775 4687 2997 4740 minimc
3026 4688 3076 4739 in
3111 4687 3286 4756 epulis
3320 4699 3634 4742 accuratum
3668 4690 3904 4756 ducunt,

2335 4783 2422 4849 qui
2459 4797 2579 4832 eum
2634 4781 2823 4832 (-t‘cbrt)
2871 4780 3193 4833 accumbere
3247 4781 3626 4844 delectantur,
3679 4783 3907 4838 vitiosos

2336 4873 2462 4925 inde
2506 4873 2816 4924 alTertiones
2868 4886 2998 4923 suas
3028 4873 3398 4926 consolantes.
3435 4873 3576 4937 Quin
3610 4875 3775 4925 etiam
3809 4893 3901 4926 st:-

2339 4965 2439 5016 letu
2506 4964 2864 5024 simulantes,
2923 4961 3238 5030 facetasque
3299 4979 3469 5030 nugas
3523 4965 3906 5033 intempestive

2333 5055 2668 5115 eilutientes,
2699 5065 2750 5105 et
2787 5053 3027 5120 gestibus
3075 5053 3348 5106 indecoris
3406 5054 3573 5107 risum
3608 5055 3729 5107 aliis
3772 5069 3902 5124 mo,-

2333 5158 2538 5206 vcnles,
2569 5149 2715 5197 velut
2759 5145 2850 5212 qui
2889 5161 2980 5210 per
3013 5147 3188 5197 studia
3237 5145 3567 5210 istiusmodi,
3604 5157 3810 5214 gestus.
3841 5156 3902 5199 et

2331 5251 2610 5289 sermones
2646 5235 2900 5286 virtutem
2948 5251 3135 5293 suam,
3175 5244 3227 5288 ct
3274 5235 3538 5286 ἀπάθειαν
3567 5245 3748 5303 tegere
3808 5253 3906 5289 co-

2331 5335 2529 5377 nentur
2570 5323 2694 5374 dum
2741 5333 3011 5390 reputant,
3051 5339 3142 5376 eos
3176 5324 3266 5391 qui
3303 5340 3422 5377 cum
3457 5326 3736 5394 religione,
3772 5344 3898 5379 cum

2331 5418 2527 5468 virtute
2610 5425 2663 5466 ct
2717 5414 3064 5482 simplicitate
3104 5417 3285 5469 cntdis
3339 5416 3500 5469 vitam
3560 5415 3895 5480 traducunt,

2332 5521 2454 5558 vere
2485 5512 2725 5565 sanctos,
2755 5511 2811 5554 ιιι
2841 5504 3052 5570 aliquos
3081 5505 3145 5558 dc
3175 5506 3299 5559 faece
3321 5506 3465 5574 vulgi
3499 5505 3653 5559 falsis
3681 5507 3899 5558 ratiun-

2397 5704 2576 5758 “Jac.
2619 5718 2699 5766 ιιι,
2735 5704 2789 5755 ‘2.
2868 5702 2912 5733 ³ο
2945 5703 3132 5757 Matth.
3173 5719 3315 5766 xxvi,
3353 5702 3441 5757 7'3.
3517 5705 3558 5735 ³¹
3606 5703 3744 5758 Luc.
3784 5725 3898 5775 xu,
