4128 6338
155 446 258 511 433

1495 442 1775 507 ORATIO
1797 443 2007 505 XXIV.

3298 443 3401 506 4314

156 563 296 620 culis
328 558 628 630 decipiant,
657 558 835 628 iisque
869 562 1241 613 antevertunt.
1291 554 1492 610 Adhzec
1526 555 1618 609 alii
1649 554 1731 608 lo-
1763 551 1809 608 Δ
1837 557 1900 610 Ει
1934 559 2106 613 sancti
2136 559 2326 614 Patres
2366 557 2622 614 Ecclesiae
2653 559 2860 615 lumina
2896 576 2959 615 ac
2987 561 3257 630 magistri,
3317 564 3400 614 ni-

155 667 409 724 quaeem,
449 655 502 705 et
537 648 1038 713 ostendabundum,
1074 647 1385 718 appositum
1429 645 1494 699 ad
1529 645 1732 700 docen-

157 745 310 808 dum,
343 752 398 798 et
433 741 771 814 spiritualem
801 756 925 798 esse
961 742 1278 797 existimant
1311 759 1322 794 :
1370 741 1729 802 taciturnum,

160 849 214 894 et
254 838 428 891 otiosa
460 837 625 891 verba
658 843 938 892 caventem
971 835 1180 897 sedulo,
1216 841 1484 903 agrestem
1518 842 1572 888 et
1608 847 1731 885 mu-

164 939 274 983 tum
309 929 692 998 pronuntiant.
721 927 823 981 Alii
851 928 904 980 in
939 927 1144 996 Spiritu
1177 934 1369 981 sancto
1395 926 1730 993 loquentem,

160 1031 218 1075 ut
253 1023 360 1075 alta
396 1021 696 1089 sapientem
748 1035 811 1074 ac
857 1019 1152 1090 superbum
1181 1027 1525 1080 aversantur,
1553 1017 1734 1072 verbis

159 1113 280 1182 ejus
323 1113 542 1167 attoniti
577 1111 747 1182 magis
776 1150 791 1173 ,
827 1125 988 1179 quam
1028 1109 1338 1177 eompuncti
1366 1122 1385 1159 τ
1415 1118 1608 1161 natura
1644 1123 1738 1158 au-

162 1214 294 1269 tem,
328 1214 419 1257 aut
449 1220 517 1258 ex
547 1203 964 1272 disciplinarum
1005 1200 1196 1270 peritia
1223 1215 1318 1255 ore
1349 1200 1584 1254 rotundo
1620 1198 1732 1254 dis-

161 1303 459 1360 serentem,
507 1302 560 1348 et
612 1302 805 1346 contra
853 1293 1083 1347 salutem
1133 1305 1284 1345 suam
1342 1290 1690 1344 mentientem
1719 1329 1732 1352 ,

161 1400 328 1454 supra
365 1386 580 1438 modum
622 1385 1004 1438 commendant
1074 1387 1129 1436 e't
1162 1383 1414 1453 probant.
1453 1384 1630 1450 Atque
1663 1383 1736 1434 ita

160 1476 346 1530 nullus
381 1476 520 1528 inter
549 1475 644 1529 hos
671 1483 776 1537 est,
807 1475 897 1558 qui
925 1483 1092 1536 recte,
1125 1483 1179 1526 et
1214 1482 1274 1527 ut
1301 1488 1358 1527 se
1395 1473 1581 1535 habet,
1619 1488 1731 1525 rem

161 1566 370 1630 videre,
406 1566 824 1636 dijudicareque
877 1566 1070 1634 possit.
1121 1564 1248 1618 Rari
1301 1573 1429 1620 sunt
1478 1564 1648 1628 enim,
1686 1570 1740 1617 et

159 1659 248 1711 his
278 1661 616 1727 temporibus
662 1660 1041 1728 potissimum,
1075 1656 1165 1726 qui
1211 1656 1423 1711 animos
1470 1657 1608 1710 bene
1654 1671 1737 1710 re-

161 1764 309 1818 gere,
339 1764 638 1817 eorumque
677 1750 900 1806 morbos
929 1751 1096 1819 probe
1121 1765 1318 1804 curare
1353 1749 1556 1803 sciant.
1586 1745 1740 1815 Jeju-

160 1841 249 1893 nia
278 1841 448 1904 enim,
480 1850 533 1894 et
563 1840 779 1909 vigilias
807 1848 861 1895 et
897 1842 1132 1910 speciem
1173 1841 1389 1910 pietatis
1426 1840 1581 1893 multi
1615 1839 1731 1894 for-
1767 1881 1808 1935 Β

163 1938 316 1985 tasse
361 1929 732 1994 simularunt,
777 1938 871 1985 aut
921 1932 1085 1986 etiam
1127 1947 1292 2001 opere
1328 1939 1730 1998 exercuerunt,

163 2036 266 2076 nec
298 2037 471 2089 pauca
508 2038 538 2076 e
568 2030 790 2090 pectore
829 2023 1186 2092 depromere,
1220 2031 1275 2075 et
1324 2023 1506 2076 verbis
1541 2021 1737 2078 docere

163 2113 352 2181 plures
381 2111 539 2166 facile
575 2121 802 2179 possunt
838 2129 853 2166 :
884 2120 968 2167 ast
989 2113 1080 2179 qui
1108 2127 1231 2166 cum
1263 2113 1522 2184 lacrymis
1556 2124 1737 2169 motus

162 2218 192 2257 a
225 2203 438 2258 ratione
469 2217 691 2257 aversos
725 2203 1069 2265 exscindant,
1098 2204 1443 2274 virtutesque
1483 2218 1737 2273 compre-

167 2293 426 2367 hensivas
481 2295 554 2347 ita
608 2293 929 2363 possideant
969 2303 1027 2347 ut
1075 2295 1142 2349 iis
1179 2296 1400 2364 spoliari
1434 2305 1736 2364 nequeant,

164 2384 423 2454 perpauci
497 2383 866 2452 reperiuntur.
934 2384 1177 2439 Virtutes
1255 2387 1738 2453 comprehensivas

164 2476 502 2554 appellamus
559 2475 961 2539 humilitatem,
1019 2476 1339 2530 vitiosarum
1390 2475 1738 2531 aﬂ'ectionum

160 2565 572 2636 jugulatricem,
604 2575 660 2621 et
698 2567 945 2624 caelestis
989 2577 1154 2636 atque
1217 2569 1479 2638 angelicae
1509 2573 1741 2638 apathite

165 2654 622 2708 conciliatricetn.
673 2655 805 2709 item
865 2656 1224 2722 charitatem,
1282 2673 1402 2727 qua:
1460 2675 1739 2729 nunquam

167 2754 297 2811 stat,
338 2761 516 2814 neque
556 2747 739 2811 cadit;
789 2746 884 2802 sed
919 2747 1193 2817 prioribus
1243 2763 1459 2818 semper
1506 2752 1739 2819 adjicit,

167 2837 502 2892 desiderium
550 2839 846 2899 desiderio.
891 2855 1130 2894 amorem
1191 2854 1382 2895 amore
1429 2843 1741 2898 cumulatis.

167 2927 246 2982 Ex
278 2943 385 2995 qua
419 2927 676 2984 discretio
709 2931 944 2995 exsistit,
983 2945 1104 3000 quas
1147 2939 1200 2984 et
1248 2914 1504 3001 seipsam,
1553 2942 1607 2988 et
1657 2949 1744 2988 se-

166 3029 400 3087 quentes
430 3035 487 3074 se
517 3033 665 3075 recta
693 3021 865 3086 ducit,
891 3033 942 3076 et
975 3023 1114 3079 bene
1145 3025 1486 3092 procedendo
1519 3040 1580 3078 ac
1615 3042 1743 3094 pro-

169 3111 403 3167 flcicndo
457 3127 628 3176 mare,
653 3113 798 3182 quod
846 3113 960 3169 sola
1015 3115 1376 3185 intelligentia
1417 3118 1738 3186 percipitur,

1836 649 1910 704 hil
1943 650 2165 719 scriptis
2197 649 2529 704 mandarunt
2558 689 2572 712 ,
2605 658 2696 704 aut
2732 666 2862 705 voce
2895 650 3221 714 docuerunt,
3256 650 3409 718 quod

1837 745 1939 814 ipsi
1984 745 2137 815 prius
2173 743 2316 798 facto
2345 757 2452 797 non
2482 741 2887 811 praestitissent,
2922 751 2975 796 et
3007 744 3098 796 ubi
3138 743 3402 812 prarstite-

1836 847 1983 899 runt,
2026 851 2112 888 res
2142 835 2247 889 illis
2279 834 2548 888 successit
2585 847 2648 886 ex
2683 834 2966 886 sententia.
2996 835 3208 886 Eten'm
3242 832 3405 885 disci-

1837 923 1948 993 puli
1981 922 2240 991 magistro
2276 924 2364 976 tali
2392 937 2612 992 Operam
2647 913 2838 976 dantes
2868 961 2882 984 ,
2937 928 3002 975 ad
3052 925 3172 990 ejus
3227 922 3406 975 imita.

1836 1015 2040 1068 tionem
2072 1014 2372 1066 incitantur
2407 1031 2420 1067 :
2456 1028 2554 1067 nec
2596 1022 2804 1066 tantum
2832 1028 2895 1066 ex
2920 1014 3024 1066 illis
3057 1014 3400 1068 sermonibus

1837 1108 2146 1177 proficiunt,
2184 1117 2442 1176 quantum
2490 1107 2764 1177 praeclaris
2803 1107 3046 1176 ejuSdem
3098 1105 3406 1159 actionibus

1837 1208 1891 1253 et
1927 1201 2171 1269 exemplo
2213 1199 2278 1252 ad
2306 1199 2556 1252 virtutem
2589 1198 2980 1267 capessendam
3018 1197 3405 1260 exardescunt,

1838 1297 1892 1344 et
1932 1289 2123 1344 iisdem
2159 1290 2401 1358 vestigiis
2437 1288 2689 1343 incedere
2721 1297 3011 1358 coguntur.
3043 1288 3111 1340 At
3137 1287 3302 1348 enim,
3330 1300 3409 1338 va:

1840 1383 1996 1437 nobis
2022 1423 2036 1447 ,
2081 1384 2274 1437 fratres
2303 1420 2318 1445 .
2351 1398 2473 1437 cum
2507 1383 2558 1434 in
2591 1381 2748 1435 istam
2783 1374 3160 1434 conﬁdentiam
3185 1419 3198 1440 ,
3253 1389 3305 1432 et
3350 1378 3410 1430 in

1839 1476 1939 1530 has
1970 1475 2222 1528 tenebras
2264 1474 2898 1538 monachi-incidimus,
2954 1482 3013 1526 ut
3061 1489 3157 1525 vos
3203 1471 3403 1525 Christi

1840 1582 1967 1622 oves
1999 1567 2117 1620 sine
2141 1566 2360 1622 Christo
2387 1583 2610 1635 pascere
2631 1567 3071 1636 aggrederentur,
3101 1579 3161 1616 ac
3190 1571 3406 1632 propter

1839 1659 2191 1726 voluptatem,
2219 1657 2610 1726 commodaque
2644 1657 2914 1724 corporis',
2935 1665 2983 1709 et
3016 1651 3402 1722 acquirendam

1840 1749 2151 1817 pecuniam,
2194 1749 2568 1816 honoremque
2598 1748 2666 1801 ab
2691 1748 3004 1801 hominibus
3043 1748 3161 1815 (vae
3194 1745 3406 1812 abiecto

1841 1840 1973 1892 mihi
2006 1848 2168 1908 atque
2201 1840 2438 1906 misero)
2464 1839 2818 1907 apostolicam
2873 1837 3188 1904 dignitatem
3225 1835 3405 1890 omni-

1838 1930 2014 1984 modis
2049 1945 2328 1985 assumere
2363 1930 2766 1989 coutendimus,
2804 1930 3128 1997 illorumth
3162 1935 3406 1994 potesta-

1839 2032 1945 2078 tem
1978 2039 2111 2077 auro
2143 2037 2471 2087 mereamur,
2497 2038 2594 2076 nec
2627 2022 2792 2076 Deum
2825 2025 3078 2076 timentes
3107 2062 3120 2084 ,
3153 2038 3252 2075 nec
3310 2021 3407 2075 lto-

1839 2113 2016 2168 mines
2051 2129 2152 2169 nos
2183 2113 2456 2167 intuentes
2510 2111 2752 2166 reveriti.
2809 2111 2887 2165 Ae
2941 2113 3138 2165 solium
3189 2111 3407 2177 quidem

1839 2207 1982 2274 regis
2016 2205 2106 2259 illo
2139 2205 2309 2258 invito
2339 2203 2708 2260 conscendere
2743 2217 2900 2258 nemo
2951 2205 3135 2256 audet.
3173 2201 3276 2256 Sed
3313 2218 3410 2255 uc-

1839 2313 1946 2366 que
1977 2297 2318 2368 grammatici
2360 2337 2374 2360 ,
2435 2304 2529 2350 aut
2579 2295 2813 2349 rhetoris
2860 2295 3091 2362 alicujus
3145 2288 3411 2359 occupare

1841 2388 2044 2453 locum,
2071 2387 2164 2456 qui
2192 2387 2361 2441 idiota
2403 2385 2492 2450 sit,
2531 2403 2706 2454 neque
2739 2387 2995 2439 audiente
3044 2387 3238 2455 populo
3269 2386 3413 2439 S‘cri.

1843 2462 2033 2549 pturas
2060 2479 2314 2541 recitare,
2346 2478 2438 2547 qui
2464 2478 2673 2533 litteras
2693 2477 2882 2540 nescit,
2918 2491 3039 2530 cum
3071 2493 3167 2532 nos
3197 2477 3410 2530 interim

1846 2571 2126 2639 apostolici
2163 2570 2408 2624 muneris
2460 2569 2870 2637 amplitudinem
2928 2568 3274 2637 quaerimus;
3317 2577 3413 2622 aut

1844 2662 2006 2717 etiam
2035 2660 2272 2716 delatam
2307 2675 2411 2715 non
2449 2661 2751 2728 rejicimus,
2790 2661 2877 2728 qui
2909 2661 3136 2730 gratiam
3191 2645 3412 2729 aposto-

1845 2755 2021 2808 lorum
2055 2753 2295 2808 nondum
2328 2754 2639 2821 accepimus
2693 2769 2868 2822 neque
2933 2754 3144 2807 fructus
3195 2757 3314 2822 ejus
3358 2755 3411 2807 in

1847 2847 2002 2901 nobis
2036 2846 2316 2901 demessos
2352 2846 2678 2914 aspeximus.
2734 2847 2800 2900 Et
2830 2847 3100 2913 quomodo
3127 2887 3140 2908 ,
3173 2845 3366 2899 fratres
3399 2885 3412 2902 .

1847 2948 2050 2993 tantam
2077 2939 2316 2993 audacia:
2353 2938 2782 3007 magnitudinem
2816 2939 3105 3007 concipere
3156 2952 3264 2991 non
3305 2935 3417 2990 for-

1851 3030 2161 3084 midamus?
2191 3029 2362 3084 Dicite
2394 3029 2547 3094 mihi,
2587 3029 2791 3093 dilecti,
2827 3030 2872 3083 si
2915 3030 3174 3098 frequens
3206 3029 3329 3091 ista,
3361 3034 3416 3082 et

1852 3122 2029 3191 ampla
2057 3122 2248 3177 civitas
2280 3122 2592 3191 quempiam
2625 3122 2938 3187 advocaret,
2969 3136 3032 3176 ac
3060 3121 3263 3175 diceret
3295 3135 3307 3170 :
3339 3119 3416 3174 Te

168 3201 408 3271 trajicit;
457 3220 620 3273 quam
672 3214 727 3257 et
763 3213 820 3258 tu
873 3204 1039 3260 Deum
1088 3222 1314 3275 poscere
1365 3209 1554 3272 debes,
1603 3211 1816 3267 nuncC
1851 3213 2220 3282 praepositum,
2253 3223 2301 3267 et
2335 3213 2678 3281 imperatoris
2733 3213 3209 3282 protovestiarium
3261 3228 3415 3268 crea-

171 3294 432 3354 maxime.
462 3309 573 3364 quo
599 3311 686 3351 res
714 3303 838 3350 tuas
867 3297 1167 3351 secundum
1197 3299 1316 3367 ejus
1347 3300 1744 3370 beneplacitum

171 3384 456 3441 discernas
509 3395 671 3455 atque
714 3386 1004 3455 dijudices,
1050 3397 1104 3442 et
1142 3390 1215 3443 ita
1251 3390 1468 3446 labores
1517 3402 1750 3450 conten.

170 3468 408 3543 dasque,
443 3485 500 3530 ut
531 3477 810 3530 Christum
844 3487 896 3532 et
927 3479 979 3532 in
1021 3479 1124 3532 hac
1156 3481 1266 3534 vita
1302 3482 1611 3548 adjutorem
1637 3527 1654 3551 ,
1694 3496 1749 3542 et

174 3568 228 3618 in
263 3566 447 3620 futura
500 3567 765 3634 claritatis
801 3578 914 3624 sua:
954 3570 1285 3640 voluptatem
1324 3572 1528 3627 affatim
1565 3585 1620 3630 et
1651 3578 1749 3633 tibi

176 3658 581 3730 impertientem
639 3659 906 3716 invenias.
942 3661 1011 3715 Et
1061 3678 1238 3732 neque
1267 3673 1326 3716 ut
1355 3675 1631 3733 pastorem
1661 3684 1750 3722 se-

177 3752 369 3819 quaris
395 3752 609 3821 lupum,
646 3766 821 3820 neque
854 3752 1106 3808 morbido
1135 3755 1282 3824 gregi
1326 3763 1376 3811 te
1413 3757 1748 3821 immisceas,

178 3857 358 3911 neque
409 3845 560 3896 solus
609 3858 857 3898 seorsum
917 3845 1226 3914 reperiare;
1273 3855 1331 3900 ut
1380 3865 1559 3917 neque
1593 3860 1688 3905 aut
1721 3867 1748 3904 a

177 3935 309 4004 lupo
335 3934 640 3989 animarum
679 3936 972 4003 perditore,
1008 3943 1103 3991 aut
1127 3953 1155 3990 a
1203 3938 1382 3993 bellua
1415 3940 1752 4010 interceptus

177 4026 559 4093 conspiciare;
597 4034 689 4080 aut
734 4026 844 4080 alio
893 4035 1056 4095 atque
1101 4027 1210 4080 alio
1253 4029 1447 4082 morbo
1485 4040 1747 4099 mgrotus,

177 4117 480 4172 secundum
518 4115 756 4170 animam
789 4116 1055 4180 intereas;
1091 4126 1183 4169 aut
1208 4133 1330 4172 eum
1364 4121 1513 4176 solus
1543 4122 1754 4176 cecide-

177 4211 271 4275 ris,
304 4211 437 4263 illud
504 4207 587 4261 Va:
622 4209 673 4260 in
716 4215 767 4262 te
793 4207 1021 4276 quadret
1052 4207 1119 4261 ³⁸.
1152 4206 1253 4273 Qui
1295 4210 1437 4262 enim
1499 4211 1642 4264 bono
1696 4228 1755 4267 se

175 4300 500 4371 praeceptori
548 4299 858 4361 tradiderit,
893 4300 1028 4352 nihil
1071 4299 1299 4354 istorum
1335 4301 1592 4367 curabit,
1660 4303 1754 4358 sed

177 4391 578 4448 sollicitudinis
613 4407 829 4457 eXpers,
861 4391 966 4444 vita
1001 4399 1245 4461 peracta,
1288 4392 1341 4445 in
1369 4392 1592 4450 Christo
1620 4393 1751 4452 Jesu

179 4482 413 4538 Domino
444 4490 631 4538 nostro
656 4481 977 4537 salvabitur.

724 4595 980 4652 ORATIO
1012 4595 1207 4654 XXIV.

783 4729 1165 4769 ARGUIIENTUI.

182 4836 374 4891 Ducem
407 4830 612 4886 Christi
638 4829 803 4898 gregis
838 4829 1041 4881 ratione
1071 4827 1281 4893 praediti
1307 4828 1534 4898 primum
1559 4839 1749 4884 semet-

249 4907 424 4971 ipsum
465 4897 1067 4971 accurateiconsiderare
1133 4907 1178 4948 et
1215 4897 1489 4971 expiarare
1514 4900 1702 4971 debere
1733 4920 1752 4965 ,-

248 4969 440 5041 quippe
490 4987 640 5039 quem
685 4969 883 5041 discere
906 5007 921 5028 ,
955 4978 1008 5041 ‘ct
1045 4970 1255 5041 exsequi
1295 4969 1751 5041 Deigvolunlalem

249 5036 454 5110 semper
484 5036 705 5102 oportet,
740 5047 788 5110 et
816 5038 896 5110 ita
931 5036 1136 5110 demum
1177 5037 1309 5089 alios
1360 5037 1586 5110 idipsum
1640 5039 1750 5093 do-

248 5107 368 5166 cere
396 5128 500 5181 quo
523 5124 698 5181 sermo
728 5108 982 5158 doctrinm
1007 5107 1121 5181 ejus
1148 5122 1272 5181 eum
1295 5109 1498 5181 actione
1523 5110 1746 5178 conjun-

249 5192 386 5246 ctus,
409 5176 756 5234 auditoribus
795 5186 975 5242 gratus
1009 5176 1236 5230 accidat.
1273 5176 1482 5244 Alioqui
1523 5176 1747 5232 salutem

252 5253 350 5304 sibi
389 5266 545 5303 suam
592 5249 696 5315 ipse
735 5255 915 5303 curet,
967 5262 1029 5297 ne
1072 5256 1178 5296 tum
1229 5247 1350 5306 sibi,
1401 5257 1508 5298 tum
1561 5249 1744 5314 quibus

248 5330 465 5389 prwest,
494 5317 776 5384 perniciem
812 5324 966 5379 atque
995 5315 1269 5366 interitum
1295 5326 1449 5367 ereet.

252 5411 521 5463 Dominus
560 5416 746 5461 noster
777 5406 939 5459 Jesus
976 5404 1226 5459 Christus
1269 5421 1382 5459 non
1432 5406 1608 5460 solum
1657 5408 1752 5462 do-

187 5512 396 5558 centem
428 5503 648 5555 beatum
685 5496 940 5567 praedicat
980 5513 996 5552 :
1041 5495 1136 5550 sed
1181 5511 1303 5549 eum
1355 5511 1611 5566 quoque,
1664 5501 1756 5567 qui

191 5596 336 5657 fecit,
371 5602 501 5647 ante
531 5607 692 5660 quam
728 5590 945 5643 doceret
981 5607 994 5642 :
1033 5589 1250 5653 Beatus,
1283 5588 1476 5658 inquit,
1507 5607 1593 5658 qui
1628 5591 1753 5659 fecit

189 5693 238 5740 οε
263 5683 468 5746 docuit,
501 5681 586 5734 hic
613 5695 833 5750 magnus
868 5679 1209 5732 vocabiturin
1230 5697 1384 5751 regno
1415 5684 1663 5740 cwlorum
1688 5685 1755 5738 ³⁸.

261 5872 307 5906 ιι
358 5871 540 5928 Rede.
591 5880 663 5934 ιν,
711 5867 793 5924 10,
877 5869 917 5900 ³⁸
946 5865 1131 5920 Matth.
1166 5881 1218 5934 v,
1274 5869 1357 5924 i9.

1849 3306 2054 3370 bimus,
2090 3312 2146 3358 tu
2177 3304 2327 3360 solus
2359 3304 2591 3358 ascende
2620 3305 2673 3358 in
2703 3305 2904 3372 regiam
2939 3345 2952 3365 ,
2981 3304 3368 3373 ingressusque
3401 3343 3414 3367 ,

1852 3412 2073 3451 causam
2103 3406 2346 3452 nostram
2377 3394 2519 3465 apud
2556 3396 2938 3464 imperatorem
2975 3407 3094 3462 age,
3129 3397 3418 3464 ipsumque

1849 3505 2093 3560 precare,
2133 3501 2187 3544 ut
2217 3491 2328 3544 haec
2358 3500 2412 3545 et
2438 3491 2526 3546 illa
2543 3491 2702 3545 nobis
2730 3498 2966 3560 praestet.
3001 3490 3056 3545 Si
3083 3491 3126 3545 is
3153 3491 3413 3558 palatium

1849 3599 2130 3653 nunquam
2166 3583 2514 3650 intravisset;
2549 3581 2644 3637 sed
2671 3591 2778 3635 tam
2813 3582 2945 3651 ipsis
3003 3582 3195 3638 aulicis
3242 3583 3418 3636 omni-

1853 3675 1993 3737 bus,
2031 3689 2189 3744 quam
2239 3675 2554 3744 imperatori
2586 3674 2803 3743 ignotus
2856 3681 3036 3736 esset,
3097 3689 3224 3727 num
3278 3675 3418 3728 istuc

1855 3781 2092 3831 unquam
2128 3765 2307 3821 facere
2337 3805 2351 3828 ,
2386 3774 2479 3820 aut
2509 3765 2832 3836 dignitatem
2869 3765 3025 3821 istam
3057 3767 3196 3821 inire
3247 3766 3416 3820 susti-

1853 3861 2055 3914 neret?
2137 3859 2286 3911 Adeo
2369 3858 2668 3926 projectum
2744 3857 2859 3911 fore
2903 3859 3173 3912 neminem
3227 3873 3414 3912 omnes

1853 3949 2041 4019 procul
2069 3948 2236 4002 dubio
2271 3947 2585 4013 fatebimur,
2621 3957 2676 4002 et
2704 3965 2956 4004 suasores
2989 3949 3126 4004 istos
3178 3959 3234 4001 ut
3269 3950 3419 4004 insa-

1854 4056 1953 4096 nos
1982 4049 2037 4094 et
2068 4048 2309 4111 amentes
2341 4039 2796 4108 reprehensurum
2874 4049 2924 4094 et
2976 4042 3261 4094 irrisurum
3289 4078 3303 4102 ,
3337 4041 3419 4094 di-

1854 4133 2222 4206 gnitatemque
2255 4147 2359 4185 non
2398 4139 2456 4184 ut
2485 4132 2741 4196 honoris,
2779 4131 2872 4186 sed
2913 4139 2970 4185 ut
3007 4132 3325 4197 dedecoris,
3365 4143 3418 4187 et

1855 4224 2104 4294 supplicii
2139 4222 2417 4276 materiam
2455 4223 2890 4290 repudiaturum.
2925 4222 2977 4275 Si
3049 4223 3215 4292 igitur
3246 4224 3298 4277 in
3337 4242 3420 4280 re-

1857 4317 1960 4371 bus
1986 4315 2241 4370 humanis
2278 4316 2414 4376 haec,
2443 4323 2496 4368 et
2526 4315 2726 4368 similia
2756 4317 3098 4371 committere
3130 4316 3278 4370 nefas
3311 4327 3415 4379 est,

1859 4424 2038 4464 nonne
2078 4408 2340 4461 horribile
2371 4417 2452 4461 est
2486 4423 2548 4461 ac
2580 4408 2796 4461 videtur
2828 4447 2843 4470 ,
2881 4408 3073 4463 fratres
3102 4449 3114 4470 ,
3158 4409 3418 4478 apostoli-

1792 4515 1976 4589 Dcam
2033 4498 2349 4567 dignitatem
2397 4499 2796 4554 inconsiderate
2849 4501 3166 4569 suscipere,
3238 4511 3290 4554 et
3350 4503 3415 4554 ad

1860 4590 2236 4645 inaccessibile
2268 4590 2448 4644 lumen
2503 4591 2761 4645 accedere
2785 4631 2800 4655 ,
2857 4593 3293 4661 mediatoresque
3317 4634 3330 4658 ,
3367 4602 3421 4646 et

1856 4681 2182 4751 interpretes
2225 4682 2316 4736 Dei
2349 4691 2401 4735 et
2431 4682 2713 4736 hominum
2757 4683 2868 4738 fieri
2896 4685 2918 4737 ?
2949 4683 3419 4753 Numievequid-

1857 4775 2004 4839 dam,
2035 4784 2087 4829 et
2119 4774 2442 4845 despicabilo
2482 4774 2646 4844 hujus
2682 4776 2758 4830 rei
2816 4786 3075 4831 conatum
3116 4779 3419 4832 ducimus?

1856 4864 1999 4920 Proh
2024 4866 2174 4919 dolor
2207 4865 2459 4929 lfratres,
2485 4867 2765 4934 quoniam,
2802 4875 2862 4921 ut
2898 4883 3107 4932 vereor,
3147 4871 3199 4922 in
3230 4885 3422 4938 quam-

1856 4958 1979 5012 dam
2034 4958 2380 5012 tenebrarum
2428 4959 2842 5014 universitatem
2887 4961 3124 5014 devoluti
3176 4979 3367 5017 sumus
3401 5003 3416 5027 ,

1860 5056 2023 5114 atque
2059 5047 2260 5104 idcirco
2294 5066 2457 5119 quam
2489 5048 2685 5104 audaci
2713 5065 2814 5104 nos
2843 5053 3083 5106 facinore
3114 5053 3422 5109 obstrinxe-

1857 5135 2050 5198 rimus,
2085 5151 2190 5189 non
2222 5136 2484 5192 videmus.
2517 5135 2648 5190 Nam
2676 5138 2719 5190 si
2745 5138 3052 5194 videremus
3081 5181 3093 5203 ,
3138 5156 3423 5209 nunquam.

1854 5241 1919 5279 eo
1948 5226 2288 5293 arrogantiae,
2323 5228 2769 5296 contidentiaaque
2809 5230 3270 5297 processissemus
3298 5272 3311 5296 ,
3358 5242 3418 5285 ut

1856 5315 2056 5371 divinis
2087 5317 2250 5372 rebus
2281 5318 2672 5375 insultaremus
2697 5361 2712 5385 ,
2752 5321 3067 5390 maioreque
3109 5322 3314 5376 honore
3353 5339 3418 5378 ae

1856 5410 2053 5464 timore
2085 5417 2360 5464 terrenum
2387 5452 2402 5476 ,
2430 5425 2590 5479 quam
2624 5412 2979 5466 immortalem
3035 5427 3214 5482 regem
3253 5413 3416 5468 Chri-

1864 5507 2009 5554 stum
2034 5499 2354 5554 coleremus.
2397 5499 2666 5566 Quocirca
2693 5517 2792 5556 nos
2824 5503 2972 5572 ipsos
3002 5513 3288 5570 excutere,
3322 5521 3419 5560 ex-

1853 5593 2223 5661 aminareque,
2259 5601 2314 5646 et
2341 5592 2407 5646 ad
2448 5593 2593 5648 hunc
2645 5595 3015 5665 magistratum
3057 5596 3278 5666 indigne
3323 5612 3415 5652 cov

1858 5696 2053 5742 nantes
2082 5686 2399 5754 ascendere,
2429 5687 2576 5743 omni
2598 5689 2807 5742 ratione
2828 5695 3090 5755 evertere,
3113 5704 3414 5762 eorumque
