4128 6338
706 418 811 477 4.35

1946 418 2709 515 SYMEONISJUNIORIS

3833 424 3937 495 436

709 537 955 592 consiliis
992 538 1204 593 obviam
1241 540 1319 597 ire
1349 557 1417 597 ne
1449 541 1768 599 desinamus
1791 583 1807 608 ,
1842 542 1935 597 sed
1986 556 2084 613 pro
2126 537 2267 595 virili
2298 519 2345 593 Ᾰ
2375 548 2551 608 tuum,
2583 552 2637 600 et
2669 545 3085 623 commissarum
3111 530 3207 601 tibi
3248 545 3429 602 ovium
3460 584 3475 611 ,
3510 548 3594 604 vel
3629 546 3811 618 potius
3842 559 3945 617 pa-

708 639 894 683 nostra
925 634 1167 702 appetitu
1200 635 1395 690 rationi
1428 634 1575 692 haud
1608 645 1978 708 consentaneo
2010 650 2106 692 eos
2139 640 2266 704 pro-

712 719 894 775 hibere
915 734 998 777 stu
1012 724 1259 793 dcamus,
1278 737 1331 782 ut
1351 738 1404 785 et
1425 731 1569 799 ipsos
1588 722 1937 785 damnatione
1956 716 2271 794 liberemus,

709 820 760 867 et
797 830 901 870 nos
933 819 1098 873 vitam
1131 820 1465 878 securiorem
1497 822 1787 894 agitemus.

776 910 954 964 Porro
983 912 1076 981 qui
1109 913 1161 966 in
1190 923 1362 970 semet
1408 916 1697 987 diligenter
1744 916 2026 986 inquirens
2051 954 2066 980 ,
2118 914 2266 969 omni

704 1000 889 1069 gloria:
918 1002 1193 1059 desiderio
1222 1008 1485 1072 solutum,
1519 1023 1618 1062 nec
1652 1008 1819 1062 ullum
1849 1007 1903 1062 in
1937 1022 1997 1063 se
2020 1007 2268 1076 volupta-

705 1090 799 1156 tis,
838 1101 932 1147 aut
993 1108 1269 1164 corporeae
1318 1086 1630 1165 cupiditatis
1673 1099 1963 1171 vestigium
2016 1097 2267 1162 invenit,

706 1184 1067 1254 avaritiaque,
1108 1194 1161 1242 et
1211 1190 1590 1245 malevolentia
1636 1192 1705 1246 ob
1750 1182 1954 1245 illatam
2013 1189 2266 1259 injuriam

702 1283 1018 1342 purgatum,
1049 1277 1289 1346 perfecte
1320 1289 1688 1344 mansuetum,
1723 1287 1775 1334 et
1800 1278 1960 1334 irasci
1994 1277 2264 1342 nescium,

701 1371 762 1415 nt
790 1366 905 1419 sola
960 1369 1242 1425 auditione
1274 1371 1513 1427 nominis
1546 1367 1752 1425 Christi
1801 1369 1919 1439 ejus
1966 1366 2153 1423 amore
2205 1381 2268 1421 ae

701 1456 981 1515 desiderio
1014 1460 1349 1515 accendatur
1375 1502 1389 1526 ,
1423 1468 1477 1516 et
1529 1446 1816 1531 oppleatur
1862 1460 2117 1532 lacrymis
2146 1498 2161 1524 ,
2214 1464 2269 1512 et

702 1550 928 1617 insuper
960 1549 1333 1618 proximorum
1374 1550 1491 1604 vice
1512 1549 1716 1624 lugeat,
1751 1544 2035 1621 alienaque
2068 1546 2267 1602 delicta

700 1654 799 1695 sua
832 1641 1064 1696 aestimet
1094 1681 1107 1705 ,
1142 1655 1205 1694 ac
1236 1655 1295 1695 se
1328 1640 1590 1711 majorem
1646 1636 1900 1694 omnibus
1928 1643 2267 1707 peccatorem

700 1749 767 1786 ex
801 1733 985 1787 animo
1027 1741 1260 1802 reputet,
1292 1748 1355 1787 ac
1386 1740 1681 1801 postremo,
1714 1731 1760 1787 si
1816 1724 2040 1785 uberem
2094 1728 2267 1786 sancti

2376 642 2522 692 trum
2562 645 2615 693 et
2647 624 2874 695 fratrum
2905 624 3121 694 tuorum
3168 628 3478 710 perspICere
3516 641 3721 709 poteris
3746 678 3762 702 ,
3799 640 3944 694 bene

2376 727 2498 785 illos
2529 715 2938 793 internoseens,
2973 733 3036 786 ac
3085 743 3184 799 pro
3216 717 3281 785 eo
3312 737 3370 785 ttt
3401 728 3557 785 decet
3603 730 3942 799 gubernans.

2377 819 2622 877 Ecclesia
2657 822 2825 889 enim,
2852 812 2955 877 seu
2984 825 3292 877 conventus
3325 831 3377 876 et
3420 823 3767 891 congregatio
3820 835 3944 877 mo-

2376 914 2677 969 nachorum
2696 929 2904 989 corpus
2924 899 3191 983 quoddam
3213 906 3318 979 e‘st',
3345 921 3402 968 ttt
3421 914 3578 968 audis
3604 929 3669 968 ex
3690 911 3860 967 Paulo
3876 911 3950 945 ⁸⁸⁸

2378 1003 2444 1060 de
2474 1001 2923 1062 Christianorum
2956 1005 3200 1061 Ecclesia
3234 1046 3251 1071 ,
3285 1012 3339 1061 et
3367 1005 3484 1075 ejus
3509 1013 3673 1074 caput
3734 1020 3951 1075 praepo-

2376 1096 2539 1151 situs.
2579 1093 2701 1150 Jam‘
2723 1096 3183 1167 quemadmodum
3217 1106 3415 1151 caetera
3439 1097 3681 1162 corporis
3703 1096 3947 1151 membra

2376 1186 2590 1258 singula
2616 1204 2863 1244 seorsum
2887 1178 3041 1243 suam
3063 1180 3337 1259 propriam
3363 1186 3696 1241 iunctionem
3724 1186 3947 1253 habent,

2376 1278 2435 1333 ut
2471 1295 2566 1348 pes
2600 1274 2947 1344 ambulandi,
3004 1274 3203 1333 manus
3257 1277 3475 1334 tenendi
3529 1283 3584 1332 et
3628 1277 3889 1345 operandi
3927 1314 3946 1341 ,

2376 1379 2537 1438 caput
2569 1378 2747 1426 autem
2780 1370 2949 1426 totius
2985 1370 3159 1424 instar
3187 1377 3289 1435 est,
3318 1375 3508 1439 utpote
3536 1367 3591 1423 in
3628 1382 3736 1435 quo
3756 1382 3950 1421 omnes

2374 1477 2593 1529 sensus,
2624 1472 2675 1517 et
2704 1478 2877 1527 mens,
2902 1472 2957 1516 et
2985 1462 3126 1516 ratio
3152 1460 3401 1515 habitant
3426 1477 3442 1527 ;
3476 1461 3558 1515 sic
3586 1461 3641 1513 et
3671 1458 3723 1512 in
3755 1472 3950 1511 mona-

2375 1552 2542 1608 sterio
2574 1552 2771 1607 fratres
2802 1558 2909 1607 non
2959 1551 3161 1607 omnes
3192 1548 3374 1606 omnia
3400 1590 3416 1616 ,
3467 1550 3562 1605 sed
3617 1550 3758 1603 alius
3804 1546 3952 1601 aliud

2374 1643 2632 1713 quiddam
2676 1642 2908 1710 efﬁcere,
2937 1651 2991 1700 et
3018 1632 3081 1715 in.
3106 1638 3209 1698 hoc
3236 1638 3322 1699 vel
3353 1642 3446 1697 illo
3477 1640 3796 1695 ministrare
3818 1653 3955 1691 cen-

2377 1735 2575 1789 suevit.
2605 1734 2760 1790 Unde
2792 1737 2844 1789 in
2874 1741 3015 1791 ccetu
3051 1735 3154 1790 s'ub
3185 1725 3349 1788 u’nitrs
3394 1729 3705 1786 obedientia
3742 1728 3955 1796 degen-

703 1824 939 1893 Spiritus
972 1825 1222 1895 gratiam,
1258 1825 1391 1879 solis
1423 1823 1598 1878 instar
1641 1821 1697 1876 in
1744 1836 1803 1877 se
1842 1821 2135 1877 micantem
2168 1860 2184 1885 ,
2215 1827 2264 1876 et

2377 1826 2507 1881 tium
2533 1826 2621 1880 vix
2647 1842 2831 1893 unam,
2858 1836 2951 1881 aut
2981 1822 3118 1883 duas
3136 1824 3365 1881 virtutes
3388 1824 3441 1877 in
3460 1825 3653 1878 eodem
3676 1819 3953 1875 invenias.

704 1889 1358 1984 interiora'cordis-ejus
1401 1915 1771 1985 perticientem
1838 1914 2017 1979 videt,
2071 1920 2126 1969 et
2176 1912 2268 1968 ubi
2303 1889 2345 1946 Β
2376 1907 2486 1966 Nec
2553 1889 2828 1979 mirump
2861 1912 3104 1970 membra
3161 1899 3304 1968 enim
3357 1908 3719 1982 particulatim
3771 1914 3953 1972 sunt;

701 2009 1028 2065 miraculum
1066 2008 1118 2061 in
1149 2022 1207 2062 se
1232 2005 1521 2061 manifeste
1538 2006 1839 2075 perpetrari
1863 2004 2267 2068 animadvertit,

701 2109 760 2154 ut
789 2099 976 2153 ardeat
1010 2097 1232 2168 quidem
1281 2097 1337 2151 in
1389 2112 1498 2165 eo,
1552 2095 1698 2168 quod
1743 2096 1851 2167 igni
1902 2096 2267 2152 inaccessibili

702 2192 942 2256 uniatur,
974 2205 1079 2244 non
1110 2196 1291 2244 autem
1321 2189 1710 2255 comburator,
1742 2189 1798 2242 in
1825 2202 1888 2243 eo
1921 2226 1937 2253 ,
1966 2187 2111 2260 quod
2149 2189 2267 2259 ejus

701 2283 879 2336 anima
908 2280 1054 2336 omni
1090 2280 1306 2335 turbido
1340 2289 1491 2335 motu
1523 2287 1676 2333 vacet
1714 2288 2013 2348 :przeterea
2043 2319 2060 2347 ,
2108 2266 2152 2334 si
2186 2280 2265 2334 sic

704 2372 1045 2439 Immiliatur,
1084 2379 1144 2426 ut
1172 2386 1230 2426 se
1259 2371 1405 2426 haud
1437 2371 1717 2435 idoneum,
1743 2378 1797 2424 et
1826 2369 2130 2440 indignum,
2164 2369 2265 2421 hu-

702 2474 876 2514 manae
910 2468 1124 2513 naturae
1150 2454 1518 2512 infirmitatem
1545 2456 1728 2511 seiens
1757 2494 1771 2519 ,
1798 2451 2113 2521 arbitretur,
2149 2454 2268 2509 fidit

700 2568 828 2609 vero
859 2567 1107 2621 supernae
1142 2550 1349 2618 gratiae,
1387 2558 1441 2605 et
1470 2549 1785 2622 aptitudini,
1816 2562 1980 2620 quam
2031 2536 2123 2601 illa
2158 2547 2267 2603 lar-

700 2646 844 2713 gitur
872 2684 888 2708 ,
929 2652 978 2697 et
1037 2642 1224 2703 eadem
1272 2630 1713 2713 itavpostulante
1763 2639 1959 2694 munus
2011 2638 2265 2693 alacriter

699 2736 955 2800 capessit,
984 2749 1198 2791 omnem
1230 2734 1522 2793 humanam
1576 2720 2046 2785 ratiocinationem
2076 2728 2263 2797 repel-

700 2826 839 2891 lens,
872 2840 1219 2894 ammamque
1244 2826 1417 2893 ipsam
1452 2826 1671 2893 prepter
1697 2820 1868 2875 solum
1902 2819 1993 2873 Dei
2034 2818 2264 2873 manda-

701 2914 1299 2983 tum,charitatemque
1344 2914 1574 2983 proximi
1625 2928 1723 2983 pro
1780 2912 2042 2967 tratribus
2098 2909 2261 2984 morti

700 3006 937 3076 ohjectat
966 3025 979 3061 :
1013 3006 1059 3061 si
1095 3006 1320 3076 insuper
1353 3012 1586 3061 mentem
1622 3019 1769 3059 omni
1800 2996 2076 3057 mundana
2111 3001 2263 3071 cogi-

698 3100 905 3153 tatione
938 3093 1236 3151 immunem
1265 3096 1467 3161 habet,
1500 3098 1551 3149 et
1586 3095 1769 3151 lucida
1818 3086 2140 3149 humilitatis
2175 3100 2263 3146 tu-

692 3188 821 3261 lnica
857 3195 1146 3259 coopertus
1187 3196 1308 3252 est,
1363 3194 1435 3266 ut.
1467 3200 1597 3255 erga
1642 3170 1921 3256 adjutores
1978 3201 2107 3241 suos
2158 3198 2258 3239 nec

700 3279 913 3333 modice
948 3275 1205 3333 alliciatur
1232 3316 1247 3341 ,
1277 3271 1519 3348 sed'pa'ri
1555 3276 1799 3337 bonitate
1826 3319 1841 3343 ,
1887 3267 2123 3333 candore
2146 3319 2163 3345 ,
2208 3288 2261 3335 et

702 3364 1011 3425 innocentia
1042 3369 1226 3425 cordis
1260 3370 1344 3425 sui
1375 3369 1429 3424 in
1451 3385 1641 3427 omnes
1668 3371 1751 3426 est
1771 3388 1785 3439 ;
1807 3387 1873 3426 ne
1892 3363 2025 3426 tunc
2048 3372 2266 3441 quidem

699 3461 838 3516 citra
873 3464 1045 3531 patris
1084 3460 1169 3518 sui
1202 3461 1488 3518 consilium
1535 3469 1598 3517 ac
1652 3464 1989 3518 voluntatem
2038 3466 2265 3534 provin-

700 3552 839 3605 ciam
874 3550 1155 3622 suscipere
1189 3554 1386 3608 audeat
1422 3572 1434 3607 :
1473 3554 1567 3607 sed
1592 3554 1838 3608 humiliet
1867 3570 1945 3619 se,
1965 3562 2016 3609 et
2038 3570 2104 3609 eo
2130 3547 2267 3609 bene

701 3650 959 3711 precante
981 3642 1315 3712 jubenteque
1346 3642 1401 3698 id
1432 3643 1621 3708 faciat,
1660 3644 2158 3715 praefecturamque
2194 3633 2266 3701 ob

701 3736 872 3790 solam
904 3731 1134 3788 fratrum
1164 3732 1398 3789 salutem
1436 3736 1692 3805 accipiat.
1725 3734 1924 3791 Verum
1957 3738 2001 3791 si
2054 3733 2265 3807 patrem

702 3842 858 3879 suum
892 3826 1232 3893 spiritualem
1274 3825 1521 3901 ejusdem
1552 3813 1778 3897 spiritus
1811 3820 2130 3897 participem
2160 3868 2175 3893 ,
2210 3835 2265 3883 et

701 3922 892 3971 eadem
924 3917 1236 3985 cognitione
1266 3932 1332 3971 ae
1361 3918 1507 3972 dono
1533 3917 1811 3987 dignatum
1843 3918 2031 3985 novit,
2066 3914 2125 3973 ut
2156 3920 2264 3974 non

701 4007 900 4062 divina
926 4007 1193 4062 voluntati
1225 4016 1505 4063 contraria
1529 4047 1545 4074 ,
1595 4008 1692 4064 sed
1740 4008 2038 4064 secundum
2084 4005 2263 4080 ipsum

703 4100 905 4153 donum
935 4107 988 4153 et
1018 4114 1335 4155 mensuram
1368 4100 1623 4170 loquatur
1648 4098 1721 4167 ei,
1744 4117 1864 4171 quae
1888 4100 1999 4156 Deo
2028 4102 2262 4172 placent,

703 4198 756 4243 ct
781 4190 898 4260 ejus
929 4190 1127 4244 animae
1157 4191 1487 4255 conducant,
1516 4206 1626 4262 quo
1652 4208 1761 4247 non
1786 4192 1915 4258 Deo,
1938 4192 2031 4249 sed
2056 4188 2264 4247 homini

705 4280 966 4334 obediens
997 4280 1327 4347 inveniatur,
1364 4289 1417 4334 et
1444 4280 1613 4350 gloria
1655 4282 1962 4351 collatoque
1993 4281 2094 4337 sibi
2120 4282 2265 4337 done

702 4379 950 4425 exuatur.
988 4370 1044 4425 Si
1070 4372 1212 4425 enim
1244 4375 1547 4440 adjutorem
1589 4374 1894 4439 bonum,et
1924 4372 2264 4442 Spiritualem

704 4460 1072 4514 consiliarium
1110 4460 1400 4524 invenerit,
1443 4461 1610 4514 tutius
1661 4461 1800 4515 istuc
1850 4477 2049 4515 munus
2085 4464 2265 4531 auspi-

2376 2002 2581 2075 prteses
2628 2018 2807 2062 autem
2845 2047 2860 2072 ,
2921 2008 3037 2062 sive
3089 2006 3415 2077 praepositus
3479 2016 3669 2057 omnes
3717 1999 3955 2054 virtutes

2375 2099 2655 2169 poscitur;
2698 2106 2797 2154 nec
2827 2098 3000 2155 solum
3030 2100 3153 2154 illas
3182 2108 3305 2168 qlia:
3334 2099 3389 2151 in
3421 2095 3622 2157 anima,
3655 2092 3749 2148 sed
3781 2090 3953 2146 etiam

2375 2205 2497 2259 quae
2527 2192 2580 2244 in
2611 2204 2841 2261 corpore
2872 2186 3242 2261 subjiciuntur
3269 2204 3284 2241 :
3326 2197 3380 2243 et
3407 2191 3631 2255 insuper
3663 2198 3786 2238 cum
3834 2182 3956 2234 vir-

2374 2279 2582 2335 tutibus
2606 2295 2724 2350 ipsa
2759 2280 3010 2351 mystica,
3042 2264 3346 2347 magnaque
3393 2276 3741 2331 charismata.
3792 2271 3955 2327 Sicut

2375 2365 2610 2438 namque
2640 2370 2749 2426 viri
2782 2378 2968 2439 caput,
3007 2368 3075 2424 ab
3109 2378 3331 2424 externa
3363 2364 3799 2421 conformatione
3827 2402 3841 2427 ,
3891 2372 3953 2419 et

2374 2460 2569 2517 decora
2626 2447 2809 2530 specie
2857 2450 3151 2524 eximiam,
3203 2459 3410 2513 honore
3460 2455 3678 2527 dignam
3728 2446 3953 2523 praeiert

2371 2542 2693 2621 elegantiam
2726 2566 2739 2603 :
2776 2544 3151 2605 verumtamen
3178 2550 3282 2605 nisi
3318 2563 3471 2603 mens
3505 2548 3560 2601 in
3606 2562 3672 2601 eo
3716 2545 3893 2615 vigeat
3934 2582 3952 2608 ,

2373 2631 2678 2714 sensusque
2739 2636 2961 2708 salvos,
3035 2651 3089 2697 et
3136 2644 3376 2712 integros
3455 2642 3695 2705 habeat,
3752 2637 3956 2691 inutile

2367 2724 2666 2806 judicatttr,
2698 2724 3084 2807 sperniturque
3118 2734 3186 2787 ab
3232 2732 3542 2787 omnibus:
3594 2731 3669 2785 ita
3715 2726 3847 2783 sane
3892 2734 3957 2781 et

2372 2826 2683 2898 praefectus.
2718 2819 2837 2879 Non
2877 2815 3023 2880 enim
3060 2819 3436 2879 tantummodo
3483 2822 3549 2875 ab
3596 2819 3794 2873 anima;
3890 2823 3955 2869 et

2370 2918 2619 2988 corporis
2650 2916 2870 2972 dotibus
2901 2914 3083 2969 ornari
3168 2922 3223 2968 et
3272 2911 3477 2980 fulgere
3504 2948 3520 2976 ,
3557 2923 3745 2963 verum
3779 2907 3950 2961 etiam

2371 3025 2399 3063 a
2428 3006 2775 3064 eharismatis
2809 2998 3192 3076 spiritualibtts
3228 2991 3352 3072 plus
3392 2999 3669 3055 honestari
3725 2997 3888 3079 debet
3932 3012 3949 3049 :

2371 3098 2639 3168 siquidem
2702 3095 2849 3150 aliud
2912 3102 2997 3150 est
3052 3095 3274 3158 virtus,
3326 3101 3379 3147 et
3445 3089 3591 3144 aliud
3644 3088 3952 3144 charisma.

2372 3188 2676 3245 Virtutibus
2711 3186 2854 3241 enim
2888 3184 3069 3241 studio
3121 3198 3184 3238 ac
3240 3180 3515 3251 diligentia
3557 3183 3745 3235 nosu'a
3801 3185 3955 3233 recte

2376 3280 2651 3348 idngimur
2677 3324 2688 3345 ,
2716 3286 2769 3331 et
2802 3277 3008 3331 nostris
3039 3274 3124 3329 ea?
3167 3274 3447 3328 laboribus
3504 3258 3902 3340 Comparantur
3935 3283 3951 3323 :

2370 3371 2674 3442 spiritualia
2704 3382 2835 3423 vero
2870 3360 3201 3423 charismata
3240 3365 3379 3418 dona
3431 3371 3609 3427 sunt,
3647 3374 3770 3432 quae
3826 3375 3955 3415 cer-

2371 3456 2612 3516 tantibus
2641 3475 2668 3513 a
2714 3458 2823 3513 Deo
2863 3455 3083 3512 dantur.
3120 3452 3280 3510 Verbi
3312 3469 3502 3519 causa,
3529 3454 3799 3522 jejunium
3843 3492 3859 3513 ,
3894 3457 3954 3505 et

2369 3544 2599 3609 castitas
2653 3553 2878 3606 virtutes
2925 3560 3045 3605 sunt
3076 3590 3091 3612 ,
3154 3547 3423 3603 mareidas
3475 3544 3676 3602 etenim
3710 3543 3955 3597 reddunt

2367 3654 2695 3714 voluptates,
2730 3651 2782 3697 et
2809 3642 3058 3711 corporis
3100 3638 3353 3695 incendia
3388 3641 3740 3706 compescunt
3772 3650 3786 3688 :
3827 3646 3950 3701 qua

2366 3730 2587 3806 quidem
2621 3742 2821 3788 nostra:
2852 3730 3145 3785 voluntatis
3194 3729 3247 3785 et
3309 3726 3521 3782 arbitrii
3577 3734 3743 3794 Opera
3794 3731 3983 3799 sunt._

2367 3828 2436 3881 At
2467 3841 2594 3881 vero
2629 3827 2748 3880 sine
2788 3824 3103 3887 amictione,
3136 3837 3198 3876 ac
3255 3821 3439 3876 labore
3496 3813 3595 3872 has
3638 3830 3903 3871 exercere
3929 3854 3947 3881 ,

2366 3928 2421 3976 et
2448 3918 2512 3973 ad
2544 3917 2947 3981 castimoniam,
2999 3916 3419 3981 absolutamque
3464 3909 3950 3980 perturbationum

2367 4011 2695 4066 vacuitatem
2726 4010 3032 4079 pervenire,
3068 4007 3170 4060 hoc
3194 4008 3396 4060 donum
3432 4002 3544 4068 Dei,
3574 4011 3628 4058 et
3659 4000 3947 4055 charisma

2368 4114 2639 4156 summum
2682 4108 2789 4158 est.
2817 4098 3074 4164 Rursum,
3110 4097 3223 4161 irae,
3258 4103 3309 4150 et
3334 4092 3808 4148 excandescentia:
3832 4090 3948 4144 im-

2368 4209 2580 4265 perare,
2608 4194 2789 4263 magni
2820 4189 3141 4247 certaminis
3166 4199 3249 4243 est
3275 4228 3287 4251 ,
3324 4186 3633 4253 laborisque
3683 4199 3791 4238 non
3825 4198 3951 4238 me-

2368 4284 2593 4339 diocris.
2638 4283 2713 4337 Eo
2743 4287 2923 4337 autem
2956 4282 3162 4344 venire,
3195 4292 3252 4333 ut
3282 4280 3456 4334 abhis
3487 4283 3689 4331 motum
3721 4276 3941 4329 nullum

2369 4375 2573 4431 sentias
2598 4412 2614 4439 ,
2639 4383 2693 4426 et
2755 4372 2937 4425 cordis
2993 4368 3438 4437 tranquillitatem
3462 4401 3478 4428 ,
3530 4360 3952 4432 perfectamque

2368 4464 2847 4519 mansuetudinem
2904 4459 3228 4531 possideas,
3279 4456 3452 4511 solius
3505 4454 3599 4507 Dei
3651 4466 3832 4521 opus,
3889 4457 3951 4505 et

701 4548 1007 4612 cabitur,et
1032 4548 1291 4601 humilius
1313 4546 1380 4601 de
1401 4562 1458 4601 se
1479 4548 1697 4603 sentiet.
1722 4546 1847 4601 Haec
1871 4548 2056 4616 itaque
2079 4547 2262 4601 omnia
2294 4548 2338 4604 D
2370 4558 2518 4611 illius
2546 4556 2751 4610 dextrae
2793 4558 3021 4607 mutatio
3049 4562 3130 4606 est
3171 4550 3236 4603 ³⁸.
3296 4546 3533 4601 Rursum
3563 4586 3577 4610 ,
3626 4545 3953 4613 dispergere

702 4652 754 4693 ct
784 4639 867 4693 his
901 4640 1051 4707 plura
1087 4639 1133 4693 Si
1167 4638 1357 4693 videns
1387 4636 1608 4705 viderit,
1655 4654 1781 4693 vere
1808 4639 2065 4701 inveniet,
2089 4645 2143 4692 et
2168 4652 2264 4707 per

702 4731 942 4800 scipsum
982 4738 1291 4798 cognoscet,
1317 4730 1427 4783 imo
1458 4744 1587 4783 vero
1612 4744 1639 4782 a
1674 4728 2041 4798 Solejustitiae
2061 4720 2259 4794 discet,

702 4826 744 4872 si
784 4823 919 4875 forte
946 4822 1106 4875 etiam
1136 4820 1189 4873 in
1223 4821 1391 4875 solem
1425 4819 1715 4891 aliquando
1753 4819 1944 4875 oculos
2001 4820 2259 4876 intendit.

702 4914 857 4980 Quod
884 4916 928 4969 si
978 4930 1097 4983 quae
1146 4922 1517 4983 praetexuntur
1562 4914 1694 4967 talia
1741 4922 1797 4967 et
1860 4920 1970 4966 tam
2021 4911 2261 4967 diﬂicilia

701 5016 850 5069 sunt,
886 5022 985 5059 nec
1018 5006 1175 5061 facile
1204 5014 1287 5061 est
1318 5004 1637 5075 intelligere,
1664 5004 1940 5074 quomodo
1958 5003 2260 5060 secundum

701 5098 869 5151 Deum
908 5098 1061 5164 ilant,
1094 5106 1295 5166 quanto
1316 5098 1532 5151 tandem
1554 5097 1834 5164 operosior
1861 5096 1964 5148 erit
1984 5096 2060 5149 rei
2087 5095 2260 5165 ipsius

700 5202 999 5259 aggressio,
1036 5200 1089 5242 et
1115 5189 1537 5253 administratio,
1561 5197 1613 5243 et
1644 5189 1709 5241 ad
1737 5187 2066 5243 tentationes
2094 5186 2260 5243 suti'e-

701 5281 895 5334 rendas
924 5280 1273 5347 patientia,et
1294 5282 1347 5334 in
1375 5279 1531 5335 bellis
1549 5277 1853 5335 istiusmodi
1894 5275 2260 5336 subtilissima

701 5372 1045 5431 diiudicatio.

771 5464 973 5529 Quare,
1013 5473 1165 5531 pater
1201 5464 1505 5535 spiritualis
1537 5465 1703 5519 etiam
1742 5472 1905 5533 atque
1951 5465 2113 5518 etiam
2167 5480 2260 5519 cor

702 5564 855 5609 tuum
880 5556 1145 5623 inspecta,
1168 5557 1383 5611 oculum
1407 5544 1568 5611 animi
1596 5556 1673 5609 tui
1697 5558 1866 5626 magis
1888 5572 2099 5626 semper
2121 5558 2260 5619 lava,

709 5664 1009 5718 purumque
1045 5656 1097 5701 et
1124 5650 1383 5703 mundum
1414 5663 1675 5703 conserva
1702 5688 1714 5711 ,
1746 5663 1841 5716 per
1889 5664 2048 5717 quem
2082 5658 2135 5703 ct
2172 5664 2264 5702 cor

794 5830 856 5861 ’δ’
908 5828 1064 5883 Rom.
1132 5845 1229 5890 xu.
1270 5830 1298 5883 4
1331 5846 1485 5892 scitu.
1562 5828 1603 5859 ³⁸
1641 5826 1783 5881 Psal.
1822 5842 1998 5892 Laxvr,
2038 5827 2113 5880 il.

2373 4663 2434 4703 ac
2460 4648 2790 4701 distribuere
2819 4645 3108 4700 facultates
3141 4654 3330 4696 omnes
3384 4637 3717 4707 pauperibus
3742 4677 3757 4701 ,
3790 4649 3954 4689 men-

2371 4742 2661 4809 dieumque
2694 4738 2827 4801 ﬁeri,
2860 4747 2914 4791 et
2948 4740 3143 4804 stipem
3192 4745 3384 4802 cogere
3412 4769 3427 4794 ,
3452 4728 3625 4783 nostri
3676 4738 3761 4781 est
3813 4741 3955 4794 pro-

2371 4833 2532 4903 positi
2600 4842 2763 4900 atque
2802 4828 3039 4883 consilii.
3076 4825 3183 4880 Sed
3216 4820 3350 4878 nihil
3370 4819 3778 4888 concupiscere,
3809 4819 3952 4884 quin

2333 4940 2493 4980 tcum
2547 4922 2747 4992 gaudio
2800 4929 2855 4973 et
2911 4919 3190 4987 voluptate
3235 4912 3602 4969 mendicitatis
3643 4909 3955 4964 durissima

2370 5013 2608 5086 perferre
2645 5009 3004 5072 incommoda,
3035 5007 3261 5075 mystica
3303 5002 3549 5074 quaedam
3582 5039 3598 5065 ,
3649 5007 3705 5055 et
3752 4999 3952 5056 divina

2368 5105 2612 5173 operatio
2635 5111 2737 5157 est.
2779 5099 2869 5155 Sic
2898 5098 3150 5167 quaelibet
3182 5095 3325 5149 actio
3371 5094 3513 5148 bona
3561 5098 3614 5146 et
3666 5091 3903 5145 honesta
3934 5128 3952 5155 ,

2370 5196 2671 5253 secundum
2707 5194 2799 5248 Dei
2836 5193 3003 5259 legem
3041 5196 3318 5257 suscepta,
3356 5184 3529 5239 virtus
3572 5182 3796 5237 dicitur;
3829 5180 3956 5235 τε-

2371 5304 2493 5343 men
2560 5288 2703 5343 sicut
2750 5282 2987 5353 agricola
3046 5280 3221 5336 solum
3271 5276 3497 5341 arando,
3529 5272 3827 5334 fodiendo,
3889 5282 3955 5329 et

2372 5378 2576 5433 semina
2614 5377 2781 5429 humo
2811 5371 3093 5429 obruendo
3127 5368 3358 5430 laborat,
3388 5364 3483 5421 Dei
3523 5373 3702 5417 autem
3736 5376 3956 5416 munus

2369 5478 2474 5533 est,
2509 5476 2565 5521 ut
2594 5466 2779 5521 eadem
2813 5464 3018 5519 semina
3046 5456 3551 5531 comprehendant,
3598 5461 3652 5506 et
3691 5450 3951 5505 fructum

2370 5557 2546 5611 ferant
2580 5554 2903 5608 matutinum
2933 5564 2995 5604 ac
3029 5549 3376 5603 serotinum:
3441 5542 3515 5596 ita
3576 5551 3629 5592 et
3676 5538 3731 5591 in
3780 5542 3955 5607 spiri.

2370 5647 2605 5702 tualibus
2636 5644 2853 5699 omnino
2884 5640 3177 5697 usuvenire
3206 5632 3531 5705 comperiee.
3563 5628 3826 5685 Nostrum
3860 5638 3954 5683 est
