4128 6338
173 416 275 479 43Ἱ

1453 404 1745 470 ORATIO
1782 403 1989 469 XXIV.

3276 402 3387 468 438

176 529 378 585 nullam
415 525 692 582 actionem
711 522 1120 594 subterfugere,
1166 530 1221 579 et
1272 538 1394 578 cum
1431 522 1615 576 labore
1672 534 1735 571 at:
1765 516 1809 574 Α
1838 521 2108 589 perfectos
2147 520 2396 586 reddens.
2430 523 2629 577 nemini
2664 524 2716 577 in
2751 522 2859 577 ullo
2901 521 3153 577 cedentes
3187 562 3198 582 ,
3240 533 3380 582 totos

175 622 375 679 sudore
409 619 670 673 virtutum
706 628 1003 675 sementem
1042 617 1219 673 facere
1250 634 1263 671 :
1310 615 1404 670 Dei
1426 614 1597 670 solius
1636 612 1735 666 do-

177 728 306 769 num
340 721 395 767 et
430 712 797 767 misericordia
830 720 888 765 ut
916 710 1086 767 imber
1118 723 1333 781 quoque
1384 707 1735 777 benignitatis

174 806 316 872 ejus,
350 812 403 857 et
429 805 615 873 gratiae
643 812 843 859 terram
879 803 1126 858 eordium
1153 810 1463 858 nostrorum
1520 798 1730 867 irriget,

174 903 227 948 et
261 909 330 947 ex
374 882 543 949 sterili
602 895 917 963 frugiferam
982 893 1221 950 efﬁciat:
1275 901 1333 947 ut
1396 891 1441 947 si
1505 903 1731 959 granum

174 987 467 1046 sermonis,
495 987 635 1055 quod
669 986 721 1039 in
751 986 959 1041 animas
990 993 1206 1040 nostras
1251 982 1485 1045 cecidit,
1536 980 1733 1035 divina

173 1074 476 1129 clementiae
535 1077 819 1132 humorem
884 1079 1194 1148 acceperit,
1254 1076 1509 1139 oriatur.
1572 1084 1732 1143 ειαυθ

175 1178 455 1231 augescat,
492 1176 545 1221 et
590 1168 645 1222 in
682 1169 931 1223 arborem
987 1183 1267 1239 procerem
1319 1172 1627 1227 excrescat,
1678 1164 1729 1219 in

171 1256 384 1311 virilem
449 1259 701 1314 videlicet
752 1258 1141 1329 perfectionem
1214 1274 1483 1315 mensurae
1554 1257 1731 1312 aetatis

171 1348 527 1417 plenitudinis
556 1351 765 1406 Christi
804 1353 872 1407 ³⁷.

239 1438 318 1493 Te
351 1442 517 1508 igitur
549 1453 824 1511 pastorem
853 1442 1036 1499 ovium
1077 1444 1281 1500 Christi
1325 1443 1729 1508 omnivirtute,

170 1541 226 1586 ut
257 1532 520 1597 diximus,
551 1551 655 1605 qua
678 1536 925 1604 spiritus,
956 1552 1062 1606 qua
1094 1538 1340 1606 corporis
1373 1535 1729 1604 conspicuum

170 1640 293 1679 esse
348 1635 605 1694 oportet,
664 1635 722 1681 ut
781 1636 943 1696 caput
998 1628 1196 1696 reliqui
1259 1629 1553 1697 corporis;
1614 1627 1732 1697 eius

166 1730 365 1783 nempe
397 1731 516 1783 quae
547 1717 645 1770 tibi
677 1718 869 1772 subest
903 1717 1219 1775 lsrneliticte
1253 1718 1517 1774 Ecclesiae
1546 1735 1560 1773 :
1623 1732 1733 1787 quo

168 1808 367 1863 fratres
404 1817 659 1879 tanquam
689 1810 745 1863 in
777 1811 1135 1882 archetypum
1164 1812 1425 1866 bonitatis
1461 1812 1514 1868 in
1563 1820 1614 1866 te
1650 1811 1732 1864 in-

168 1901 409 1959 tuentes,
442 1898 546 1965 ipsi
574 1913 792 1968 quoque
820 1899 1015 1962 bonos,
1049 1915 1112 1954 ac
1142 1901 1353 1970 regales
1384 1901 1730 1957 characteres
1760 1884 1805 1939 Β

166 2002 330 2055 quam
368 1990 600 2044 maxime
630 1991 849 2045 sibimet
906 1991 1241 2059 inscuipant.
1293 1992 1369 2047 Ne
1419 2006 1548 2063 ergo
1597 1993 1730 2046 tuba

164 2096 424 2136 resonare
456 2083 511 2135 in
545 2091 597 2136 te
630 2099 872 2151 unquam
903 2083 1121 2138 desinat
1160 2100 1175 2140 :
1224 2085 1320 2139 sed
1360 2085 1481 2139 aliis
1511 2084 1726 2154 quidem

164 2183 450 2225 venturam
488 2188 652 2240 super
690 2174 1088 2242 inobedientes,
1123 2186 1174 2232 et
1198 2176 1515 2247 prmfractos
1542 2179 1731 2232 rhom-

164 2263 373 2332 pineam
415 2270 716 2332 pra-nuntia
760 2284 774 2320 :
820 2269 950 2324 utsi
994 2270 1088 2323 tibi
1137 2285 1256 2324 non
1289 2270 1730 2339 obtemperetur,

166 2364 314 2408 tuam
351 2355 544 2409 saltem
585 2370 616 2410 a
666 2356 898 2411 terribili
946 2356 1030 2412 ira
1083 2357 1175 2411 Dei
1229 2373 1413 2413 serves
1466 2361 1729 2415 animam.

165 2440 316 2498 Alios
346 2451 527 2500 autem
556 2446 807 2512 admone,
838 2447 995 2513 doce,
1030 2462 1183 2517 roga.
1219 2449 1273 2501 Si
1313 2452 1406 2517 qui
1454 2450 1726 2505 interdum

166 2535 690 2604 reprehensionibus
752 2546 808 2593 et
838 2539 1316 2609 objurgationibus
1342 2549 1560 2606 egeant,
1587 2542 1729 2597 insta

161 2632 471 2693 opportune
497 2667 517 2692 ,
557 2629 875 2696 importune
899 2666 915 2695 ,
940 2624 1127 2699 argue
1147 2669 1163 2693 ,
1204 2632 1423 2699 increpa
1452 2672 1467 2696 ,
1498 2642 1730 2689 conatus

164 2733 352 2773 eorum
385 2720 451 2772 ad
482 2720 683 2773 malum
718 2721 1039 2789 comprime,
1068 2729 1125 2776 ut
1150 2723 1247 2777 tibi
1267 2726 1483 2777 mandat
1511 2725 1731 2779 divinus

168 2810 465 2878 Apostolus
501 2811 567 2865 ³⁸.
594 2810 815 2865 Viscera
866 2820 959 2867 tua
1003 2814 1263 2870 omnibus
1315 2815 1578 2869 fratribus
1623 2816 1730 2871 tuis

163 2901 452 2967 mquaiiter
478 2901 651 2970 aperi,
681 2909 966 2971 totumque
992 2902 1280 2973 collegium
1308 2904 1471 2973 dilige
1495 2945 1509 2967 ,
1542 2915 1595 2959 et
1628 2904 1730 2957 ho«

166 3007 351 3046 norem
387 2995 589 3062 cuique
620 3008 719 3062 pro
754 2992 1021 3064 dignitate
1054 2994 1340 3064 (quantum
1377 2996 1588 3049 scilicet
1612 2995 1730 3063 ejus

162 3088 345 3142 virtus
366 3088 629 3153 meretur)
670 3086 872 3151 tribue,
902 3088 1173 3155 splrituali
1229 3102 1291 3141 ac
1333 3088 1533 3142 virtute
1590 3103 1729 3154 prae-

1836 624 2039 677 castos,
2078 624 2131 671 et
2158 630 2186 669 a
2218 616 2451 672 sordidis
2505 617 2760 685 cperibus
2800 630 2966 685 puros
3021 614 3237 669 Christo
3287 625 3379 669 tuo

1836 708 2110 774 offerens;
2142 717 2296 776 teque
2326 710 2502 775 ipsum
2556 710 2764 778 magnis
2810 717 2862 762 et
2926 707 3237 761 caelestibus
3296 723 3381 761 re-

1836 800 2301 854 munerationibus
2330 800 2550 868 dignum
2596 798 2878 868 prrestabis
2906 837 2921 861 ,
2972 797 3380 853 contubernalis

1835 891 2203 960 apostolorum
2236 901 2290 945 et
2335 899 2608 957 pastorum
2656 890 2854 944 Christi
2906 889 3078 943 factus
3112 929 3126 953 ,
3170 896 3223 942 ct
3274 903 3380 939 una

1833 999 1958 1038 cum
1992 984 2110 1050 ipso
2137 982 2229 1037 Dei
2271 981 2410 1036 Filio
2450 983 2502 1035 in
2536 984 2744 1037 infinita
2788 981 2981 1036 saecula
3032 992 3381 1049 regnaturus.

1905 1074 2029 1130 Vita
2079 1082 2170 1128 tua
2232 1074 2551 1141 inculpata,
2618 1083 2671 1128 et
2714 1083 2860 1127 recta
2917 1074 2971 1126 in
3046 1073 3224 1126 medio
3276 1070 3385 1124 frao

1832 1176 2019 1233 trum,
2080 1181 2143 1220 ac
2198 1176 2409 1235 patrum
2477 1172 2696 1220 tuorum
2752 1178 2851 1233 pro
2909 1179 3115 1218 canone
3166 1180 3261 1219 seu
3292 1179 3382 1217 re-

1834 1260 1958 1331 gula
2016 1267 2134 1314 esto
2182 1258 2457 1327 pr0posita
2495 1298 2510 1323 ,
2575 1257 2643 1311 ad
2718 1272 2879 1326 quam
2950 1256 3180 1310 aliorum
3248 1256 3383 1309 obii.

1833 1352 2112 1421 quitates,
2174 1348 2657 1418 tortuositatesque
2702 1347 3027 1417 dirigantur.
3085 1345 3162 1401 Ne
3226 1345 3385 1399 vani-

1837 1450 2005 1496 tatum
2039 1441 2224 1494 mundi
2252 1441 2327 1495 sis
2356 1452 2547 1493 amans
2577 1477 2590 1499 ,
2621 1453 2689 1491 ne
2715 1437 2897 1507 gloria:
2919 1476 2934 1499 ,
2960 1452 3027 1491 ne
3057 1436 3239 1506 volupt
3259 1437 3346 1490 itis
3366 1476 3384 1500 ,

1834 1549 1903 1588 ne
1932 1546 2267 1595 mensarum,
2302 1545 2371 1586 ne
2397 1531 2527 1585 viui.
2559 1528 2637 1584 Ne
2672 1529 2747 1584 sis
2778 1538 3029 1598 nugator,
3060 1536 3152 1582 aut
3176 1529 3385 1583 scurri-

1835 1630 1923 1692 lis,
1957 1637 2052 1682 aut
2079 1642 2323 1684 avarus:
2367 1641 2435 1680 ne
2462 1624 2791 1687 iracundus,
2851 1637 2918 1676 ne
2968 1622 3150 1687 inanis
3201 1623 3385 1690 gloria:

1833 1720 2085 1789 cupidus,
2118 1734 2187 1774 ne
2210 1716 2636 1773 contumeliosus
2665 1756 2680 1781 ,
2712 1730 2782 1770 ne
2811 1714 3023 1784 injuriae
3050 1726 3258 1769 memor
3284 1752 3299 1777 ,
3333 1723 3387 1767 et

1836 1814 2034 1867 malum
2076 1827 2173 1881 pro
2205 1812 2345 1866 maio
2383 1808 2725 1879 rependens:
2764 1808 2857 1863 sed
2900 1816 3016 1863 esto
3047 1806 3225 1876 potius
3254 1821 3375 1875 pau-

1834 1920 1949 1975 per,
1990 1905 2238 1974 gloriam,
2277 1917 2601 1971 omnemque
2646 1901 2771 1955 vita:
2817 1900 2980 1970 hujus
3029 1901 3385 1968 voluptatem,

1833 2007 1889 2055 et
1917 2001 2098 2052 carnis
2129 1997 2352 2051 delicias
2384 1996 2505 2048 odio
2532 1995 2757 2058 habens,
2785 1994 3018 2049 demisso
3039 1994 3242 2057 animo,
3273 1991 3388 2045 fru-

1834 2091 1993 2163 galis,
2032 2090 2095 2144 ad
2137 2087 2615 2157 compunctionem
2667 2084 2863 2148 facilis,
2916 2082 3188 2152 placidus,
3232 2096 3389 2134 man-

1833 2192 2045 2249 suetus;
2069 2196 2265 2250 expers
2289 2180 2403 2244 irae,
2432 2194 2538 2233 non
2561 2192 2778 2237 avarus,
2798 2177 3125 2236 incuriosus,
3148 2173 3389 2242 quietus,

1831 2272 2088 2326 decenter
2118 2270 2370 2328 vestitus,
2406 2268 2639 2337 patiens.
2687 2266 2885 2328 ﬁdelis,
2928 2267 3233 2324 continens.
3272 2262 3390 2317 sine

1833 2362 2225 2425 sollicitudine,
2276 2360 2525 2430 vigilans,
2581 2358 2839 2425 diligens,
2889 2356 3188 2418 :rmulator,
3239 2370 3391 2408 com-

1832 2454 2207 2510 mendatarum
2242 2453 2337 2506 tibi
2373 2452 2699 2513 animarum,
2735 2464 2841 2503 non
2874 2463 3030 2503 secus
3070 2461 3229 2517 quam
3267 2458 3390 2500 tuo-

1832 2562 1953 2601 rum
1990 2546 2160 2614 ipsius
2205 2544 2570 2599 membrorum
2608 2557 2795 2596 curam
2830 2556 3055 2611 gerens;
3092 2551 3163 2605 ct,
3212 2541 3259 2596 si
3303 2556 3399 2595 res

1833 2640 2089 2708 postulet,
2135 2654 2231 2707 pro
2272 2652 2593 2706 unaquaque
2630 2636 2845 2691 illarum
2880 2637 3041 2690 etiam
3089 2647 3232 2690 tuam
3276 2637 3392 2690 ani.

1833 2746 1973 2784 mam
2012 2746 2235 2799 ponens,
2272 2729 2405 2782 nihil
2438 2727 2714 2795 quidpiam
2753 2726 3091 2781 mundanum
3132 2727 3385 2781 cbaritati

1832 2837 1956 2890 erga
2003 2821 2126 2874 illos
2181 2820 2497 2890 praeferens.
2550 2820 2761 2873 Etenim
2809 2827 3090 2888 postquam
3135 2818 3274 2882 aliis,
3322 2818 3387 2871 ad

1830 2927 2047 2981 gregem
2083 2912 2294 2965 Domini
2337 2925 2400 2964 ac
2434 2910 2525 2965 Dei
2566 2910 2646 2964 tui
2690 2910 2916 2964 rationis
2959 2919 3261 2977 compotem
3298 2924 3390 2978 pa-

1831 3004 2113 3065 scendum,
2170 3003 2577 3073 regendumque
2626 3002 2884 3073 praelatus
2932 3017 3013 3064 es,
3069 3008 3284 3070 oportet
3338 3010 3389 3054 te

1826 3094 1979 3161 juxta
2006 3093 2229 3151 verbum
2260 3093 2405 3162 ejus,
2434 3094 2625 3163 spiritu
2660 3103 2713 3149 et
2745 3094 3051 3148 humilitate
3077 3103 3165 3147 tua
3195 3109 3388 3149 secun-

161 3180 273 3233 dito
306 3195 374 3233 ne
402 3179 552 3232 illum
583 3179 801 3247 quidem
817 3172 1173 3248 anteponens,
1200 3194 1359 3248 quem
1388 3180 1445 3232 in
1478 3180 1723 3234 ministe-
1756 3205 1798 3264 ο
1833 3185 1961 3247 dum
2010 3184 2197 3248 Deum,
2254 3184 2501 3238 ultimum
2550 3200 2671 3239 esse
2711 3185 2973 3247 omnium,
3021 3193 3081 3239 ut
3131 3192 3390 3253 tauquam

161 3269 256 3323 riis
284 3268 463 3337 gregis
492 3269 569 3321 tui
622 3269 926 3337 principem
978 3268 1163 3323 habes.
1217 3266 1321 3333 Qui
1371 3269 1514 3323 enim
1562 3268 1726 3321 mini-

162 3366 363 3423 strant,
396 3367 603 3429 septem
638 3359 1023 3421 diaconorum,
1061 3359 1126 3413 de
1157 3358 1361 3427 quibus
1388 3367 1472 3413 est
1500 3357 1553 3411 in
1579 3358 1727 3414 Actis

162 3451 480 3518 apostolicis
510 3452 574 3514 ⁸⁸,
620 3450 935 3515 dignitatem
982 3448 1329 3518 ofﬁciumque
1366 3450 1724 3517 adumbrant;

160 3543 252 3609 qui
285 3542 447 3595 etiam
486 3540 631 3618 velut
672 3539 911 3608 Spiritus
964 3540 1415 3596 administratorii
1464 3550 1632 3606 sunt,
1673 3544 1725 3596 in

162 3632 530 3687 ministerium
565 3632 738 3695 missi,
772 3639 827 3687 et
860 3633 1094 3698 sincere,
1122 3642 1182 3687 ut
1219 3634 1320 3700 illi,
1359 3635 1724 3705 fideliterque,

160 3740 224 3779 ac
260 3724 468 3779 nullius
501 3726 682 3793 turpis
708 3724 848 3779 lucri
875 3726 1049 3795 gratia
1082 3725 1479 3788 ministrantes,
1516 3742 1729 3782 merce-

161 3818 281 3873 dem
315 3818 511 3870 merito
544 3825 597 3871 et
629 3832 883 3887 magnam
919 3827 1034 3870 tum
1101 3818 1191 3871 hic
1222 3858 1237 3883 ,
1271 3826 1385 3871 tum
1420 3818 1529 3873 illic
1583 3818 1728 3873 reci—

162 3906 338 3977 piunt.
372 3909 640 3964 Cmterum
673 3911 765 3978 qui
800 3896 1060 3974 orationi,
1093 3910 1262 3978 quieti
1336 3917 1391 3964 et
1422 3909 1728 3965 ministerio

161 3998 310 4053 verbi
346 3986 592 4064 instant',
651 3999 706 4051 in
752 3998 1015 4066 patientia
1064 3998 1476 4053 exercitationis
1500 4013 1727 4067 operum

162 4089 775 4159 prastantissimoruru,
804 4089 1046 4157 ipsorum
1076 4089 1443 4157 apostolorum
1476 4097 1531 4143 et
1574 4103 1729 4159 cory—

163 4180 441 4246 phazorum
477 4178 853 4233 excellentiam
890 4187 1069 4233 tecum
1123 4186 1548 4247 repraesentant;
1590 4192 1728 4247 quos

164 4279 216 4327 et
242 4271 297 4325 in
331 4270 623 4338 Evangelia
651 4270 951 4338 spiritualis
991 4269 1252 4323 doctrina
1285 4276 1393 4322 tum
1436 4270 1727 4325 auxiliares

163 4359 415 4423 habebis,
449 4359 678 4412 fratrum
702 4373 872 4411 onera
904 4357 1267 4425 suscipientes
1289 4398 1303 4422 ,
1346 4368 1399 4413 et
1446 4358 1727 4415 laboribus

164 4454 219 4502 te
249 4448 514 4509 levantes,
547 4446 599 4499 in
636 4446 814 4500 medio
842 4446 1095 4500 videlicet
1140 4447 1473 4516 reliquorum
1501 4489 1514 4513 ,
1556 4456 1616 4502 ut
1644 4450 1725 4502 la-

168 4540 323 4607 pides
356 4538 628 4607 pretiosos
647 4546 949 4593 versantes.
980 4537 1038 4589 in
1073 4539 1175 4592 hoc
1201 4554 1424 4594 munere
1448 4540 1596 4594 nulla
1630 4541 1727 4596 tibi

164 4630 387 4697 requies
419 4630 688 4697 corporis,
723 4630 872 4683 nulla
903 4629 1217 4683 oblectatio.
1250 4627 1450 4691 Noctes
1504 4631 1727 4700 perinde

164 4732 223 4775 ut
258 4723 379 4777 dies
435 4723 489 4775 in
539 4737 725 4776 curam
779 4723 1215 4777 concreditarum
1262 4724 1360 4778 tibi
1418 4724 1722 4779 animarum

164 4812 469 4882 impendes,
502 4828 569 4866 ne
603 4826 706 4879 qua
736 4828 803 4865 ex
837 4814 971 4880 ipsis
1003 4827 1029 4864 s
1060 4813 1235 4868 bestia
1267 4813 1606 4884 excipiatur;
1630 4825 1724 4870 aut

164 4904 230 4956 ab
263 4919 399 4957 urso
434 4904 894 4971 concupiscentiae
924 4904 1181 4959 devorata
1208 4944 1224 4968 ,
1258 4915 1351 4959 aut
1398 4921 1429 4959 a
1484 4908 1719 4961 dracone

159 4993 463 5048 iracundia;
508 4994 786 5059 absorpta,
822 5002 915 5047 aut
950 5010 979 5048 a
1017 4995 1316 5065 gryphibus
1345 4996 1710 5064 superbarum

161 5084 550 5153 cogitationum
571 5070 863 5153 discerpta,
888 5092 941 5139 et
975 5100 1080 5139 una
1112 5088 1273 5143 unius
1313 5086 1721 5147 diversitatibus

162 5177 549 5245 hujuscemodi
576 5179 845 5237 distracta
876 5194 941 5233 ac
995 5179 1257 5253 dissipata
1287 5220 1303 5245 ,
1362 5180 1528 5242 multa
1580 5181 1719 5244 ﬂat:

164 5270 256 5325 sed
287 5279 347 5323 ut
376 5284 586 5340 gregem
619 5278 770 5323 tuum
806 5271 1152 5333 incolumem,
1190 5272 1513 5337 fecundum,
1544 5280 1720 5325 totum

162 5360 460 5417 virtutibus
493 5363 680 5418 multis
731 5364 1129 5429 fructuarium,
1179 5364 1364 5418 divina
1414 5366 1722 5435 cognitione

163 5450 519 5516 illustratum,
560 5470 665 5508 non
708 5450 1166 5523 scabiosum,non
1192 5465 1438 5511 truncum
1472 5458 1720 5525 auribus,

165 5550 254 5595 aut
293 5545 455 5611 plane
488 5544 739 5599 claudum
770 5547 1003 5617 principi
1040 5557 1316 5617 pastorum
1349 5547 1393 5580 ⁸ο
1412 5564 1719 5605 conserves.

168 5633 255 5689 Sic
284 5636 432 5692 enim
465 5634 750 5694 et’multos
780 5638 1048 5702 servabis,
1075 5639 1127 5693 in
1157 5641 1415 5710 Operibus
1469 5641 1721 5709 perfectis

1830 3276 2043 3331 validus
2072 3276 2419 3330 infirmitates
2445 3276 2804 3330 invalidorum
2830 3284 3142 3341 sustentes;
3182 3283 3244 3329 ut
3273 3290 3386 3331 me-

1829 3368 1989 3423 dicus
2020 3379 2196 3421 autem
2230 3368 2528 3422 secundum
2563 3368 2797 3421 animum
2837 3368 3209 3437 :egrotantium
3244 3382 3387 3421 mor-

1831 3460 1953 3523 bos,
1985 3466 2039 3514 et
2068 3458 2384 3514 affectiones
2417 3474 2611 3525 cures;
2650 3467 2707 3511 ut
2740 3467 2945 3528 pastor,
2978 3458 3121 3527 quod
3151 3465 3299 3512 errat
3332 3459 3385 3511 in

1827 3549 1970 3603 viam
2012 3548 2266 3609 reducas,
2311 3558 2365 3605 et
2410 3550 2554 3618 quod
2600 3550 2735 3603 bene
2782 3550 2943 3613 valet,
2988 3548 3407 3626 virtutibus’fe-I

1829 3640 2069 3695 cundum
2117 3640 2333 3703 reddas,
2386 3640 2567 3694 scabie
2604 3655 2733 3695 vero
2772 3648 3039 3709 opertum,
3077 3648 3130 3691 et
3163 3639 3386 3691 incora-

1830 3731 1963 3796 bile,
1994 3745 2022 3785 a
2056 3747 2216 3801 grege
2247 3738 2341 3785 tuo
2372 3731 2682 3798 abscindas,
2715 3746 2781 3784 ne
2811 3730 2973 3784 etiam
3009 3730 3157 3783 sanis
3194 3728 3384 3782 ovibus

1832 3824 1940 3878 tuis
1972 3823 2114 3877 luem
2149 3822 2380 3876 aﬂ‘ricet.
2424 3821 2634 3876 Domini
2688 3823 2765 3876 tui
2810 3837 3023 3892 gregem
3067 3836 3261 3890 augere
3306 3823 3384 3875 la-

1829 3916 1984 3973 bora.
2040 3914 2119 3970 Ne
2157 3915 2222 3969 ad
2270 3914 2642 3977 remissiones,
2687 3921 2782 3967 aut
2810 3914 3105 3968 suavitates
3136 3914 3382 3980 corporis

1831 4008 2111 4069 deflectas,
2163 4021 2339 4075 neque
2378 4006 2582 4067 lanam,
2620 4013 2674 4059 et
2710 4005 2920 4073 adipem
2963 4005 3142 4059 ovium
3175 4005 3380 4059 Christi

1830 4111 2109 4168 perperam
2139 4110 2451 4154 consumas.
2478 4096 2568 4149 tibi
2602 4095 2952 4163 magisquam
2983 4092 3244 4149 fratribus
3275 4096 3383 4149 tuis

1830 4188 2143 4244 monasterii
2198 4202 2330 4254 opes
2375 4187 2438 4240 ad
2490 4189 2797 4253 voluptates
2823 4194 2943 4237 tuas
2980 4186 3031 4238 iu
3066 4185 3377 4238 thesaurum

1831 4278 2153 4333 recondens.
2182 4276 2258 4330 Ne
2287 4283 2505 4345 propter
2531 4275 2806 4328 hominum
2833 4273 3058 4344 gloriam
3087 4275 3379 4344 quidquam

1830 4383 2010 4423 rerum
2064 4367 2129 4421 ad
2182 4364 2571 4419 monasterium
2627 4376 2776 4418 tuum
2822 4364 3203 4433 pertinentium
3256 4380 3382 4433 ngas

1829 4466 1924 4513 aut
1972 4458 2238 4526 corrigas.
2286 4454 2365 4508 Ne
2411 4470 2559 4508 ames
2614 4454 2804 4509 crebro
2858 4454 3070 4522 prodire
3117 4455 3169 4507 in
3223 4454 3383 4509 mulis

1757 4524 1804 4583 θ
1834 4524 2414 4619 splendide'instratis,
2452 4561 2575 4601 cum
2624 4561 2815 4615 magno
2845 4546 3259 4614 praecedentium
3294 4561 3379 4599 se-

1833 4640 2221 4709 quentiumque
2268 4637 2596 4692 famulorum
2649 4638 2929 4691 comitatu.
2988 4636 3235 4691 Sufficiat
3285 4637 3377 4691 tibi

1828 4732 1915 4806 vel
1951 4731 2117 4787 semel
2150 4732 2203 4784 in
2236 4744 2420 4784 mense
2452 4728 2594 4783 foras
2622 4729 2792 4788 exire,
2827 4737 2879 4782 et
2908 4730 3085 4798 gregis
3116 4729 3381 4797 tuinegoo

1828 4822 1903 4876 tia
1946 4822 2170 4890 majoris
2219 4820 2477 4875 momenti
2512 4820 2688 4874 obire.
2725 4818 2929 4873 Caetera
2974 4819 3242 4873 curabunt
3284 4819 3375 4887 qui

1827 4914 2154 4977 ministrant,
2182 4914 2277 4981 qui
2322 4912 2418 4966 abs
2458 4920 2509 4965 te
2542 4912 2851 4966 ministerio
2874 4912 3047 4975 verbi,
3078 4921 3142 4966 et
3181 4926 3376 4979 procu-

1826 5004 2025 5059 rationi
2066 5004 2316 5065 fratrum,
2362 5016 2485 5056 cum
2540 5002 2792 5071 precibus
2829 5002 3056 5063 intento.
3096 5018 3373 5071 nunquam

1826 5095 2222 5151 distrahuntur.
2290 5093 2368 5148 Ne
2428 5094 2522 5147 tibi
2580 5094 2770 5162 epulas
2826 5103 3196 5162 soniptuosas,
3253 5079 3377 5147 filiis

1827 5186 2089 5255 abiectas,
2122 5185 2384 5253 plebeias,
2421 5192 2473 5240 et
2518 5185 2825 5239 inconditas
2864 5199 2997 5254 para
3029 5203 3042 5239 :
3088 5186 3180 5241 sed
3222 5200 3375 5239 com-

1826 5276 2008 5330 munis
2033 5290 2243 5339 meusa,
2282 5277 2400 5331 sine
2431 5276 2612 5344 aliquo
2647 5277 2816 5330 morbi
2850 5277 3111 5345 periculo,
3150 5286 3202 5331 et
3234 5277 3374 5329 invi-

1826 5366 2029 5420 tatione
2055 5365 2375 5429 amicorum,
2400 5364 2495 5418 tibi
2529 5380 2651 5418 cum
2681 5365 2806 5419 filiis
2832 5367 2940 5419 tuis
2976 5358 3113 5428 esto,
3143 5380 3375 5434 quorum

1828 5456 1970 5512 idem
2006 5464 2185 5511 tecum
2218 5471 2434 5517 sensus,
2476 5455 2615 5511 idem
2661 5456 2961 5510 institutum
3002 5456 3141 5518 vitae,
3170 5454 3372 5509 siveex

1828 5549 2001 5602 coctis
2027 5547 2286 5611 oleribus,
2315 5554 2368 5600 et
2399 5546 2783 5621 leguminibus,
2812 5546 2925 5607 sive
2951 5561 3014 5599 ex
3038 5544 3185 5613 pisce
3208 5545 3375 5596 semel

1827 5654 1923 5709 per
1964 5637 2374 5700 hcbdomadem,
2426 5635 2707 5690 Dominico
2748 5635 2853 5701 dic,
2904 5646 2955 5691 et
3005 5635 3141 5692 festo
3178 5634 3367 5705 despo.

237 5814 281 5846 ’τ
307 5812 511 5883 Ephes.
548 5830 619 5879 ιν,
652 5814 737 5873 i5.
813 5816 856 5849 ”
886 5814 928 5870 li
959 5814 1097 5871 Tim.
1133 5832 1205 5885 ιν,
1236 5817 1257 5872 i
1304 5833 1457 5888 seqq.
1532 5822 1577 5853 "
1616 5822 1728 5875 Act.

1829 5819 1892 5886 ,l
1925 5834 2077 5889 seqq.
2154 5817 2417 5875 ⁸⁸1Ροιτ.
2441 5834 2492 5883 ν,
2520 5817 2570 5873 ι.
