4156 6340
710 336 819 402 439

1950 349 2332 410 SYMEONIS
2377 349 2749 414 JUNIORIS

3867 361 3970 424 440

717 456 827 511 tlco
855 458 980 529 (hoc
1019 467 1122 523 est,
1160 456 1581 514 solemnioribus
1617 459 1828 514 Domini
1871 459 2025 515 festis
2063 478 2158 531 per
2190 479 2289 516 an-
2316 458 2368 518 Δ
2395 461 2539 528 piam
2565 462 2758 518 affixus
2784 476 2866 528 es,
2898 470 2952 518 et
2983 464 3189 520 idcirco
3222 463 3552 523 horrendum
3581 470 3670 525 Dei
3695 472 3967 540 judicium

716 551 869 615 num)
899 568 926 605 a
959 553 1182 608 cellario
1216 555 1582 608 communiter
1615 560 1858 622 paretur.
1894 552 1994 609 Ubi
2024 554 2161 608 nihil
2192 571 2289 610 ex-

711 643 886 707 sistit,
914 644 1060 714 quod
1096 645 1292 699 animae
1327 633 1641 714 periculum"
1676 644 1892 713 aderat,
1908 645 2148 701 "cavebis
2186 647 2287 713 ira,

713 742 767 787 ct
793 734 1034 791 clamore
1065 746 1257 792 contra
1286 735 1483 792 fratres
1548 752 1610 792 ac
1645 738 1787 794 filios
1810 747 1935 792 tuos
1966 744 2286 810 insurgere;

716 827 812 882 sed
839 829 956 882 miti
987 845 1240 884 sermone
1269 841 1316 884 et
1353 830 1589 900 alloquio
1616 831 1841 888 docebis
1867 847 1984 896 eos,
2010 833 2290 901 quomodo

712 935 1161 992 unumquemque
1224 923 1528 988 ambulare,
1587 933 1639 978 et
1706 927 1758 978 in
1813 925 1993 978 medio
2056 924 2288 980 fratrum

712 1013 1029 1066 conversari
1062 1014 1276 1069 deceat.
1312 1013 1591 1078 Iuniores,
1629 1024 1682 1070 et
1715 1017 1958 1070 nondum
1990 1017 2289 1072 confirma-

711 1112 796 1156 tos
841 1105 1083 1161 monebis
1118 1121 1344 1176 parcere
1379 1110 1481 1164 sibi
1530 1110 1689 1180 ipsis,
1738 1117 1790 1164 et
1826 1109 1950 1164 aliis
1999 1109 2286 1176 fratribus,

711 1208 783 1249 ne
827 1198 1223 1267 aspicientibus
1273 1200 1515 1267 incessu,
1564 1203 1942 1271 moribusque,
1983 1217 2047 1256 ac
2091 1203 2288 1257 studiis

709 1288 1090 1359 incompositis
1114 1293 1445 1350 offendiculo
1471 1296 1601 1352 sint.
1637 1297 1737 1363 Qui
1774 1297 1826 1351 in
1861 1307 2006 1353 statu
2033 1299 2288 1369 religioso

711 1379 922 1438 diutius
961 1383 1236 1450 vixerunt,
1280 1403 1375 1442 eos
1415 1375 1666 1458 prudenti
1697 1389 1945 1443 oratione
1975 1390 2041 1445 ad
2076 1391 2286 1460 patien-

710 1473 842 1529 tiam
874 1478 1236 1533 tentationnm
1277 1482 1346 1535 ab
1374 1481 1601 1536 inimico
1630 1484 2154 1551 supervenienlium,
2187 1485 2290 1538 hu-

711 1565 1017 1634 militatem,
1076 1571 1464 1626 contritionem
1529 1572 2286 1644 cordis,”compunctiOnem,

708 1654 1000 1728 lacrymas,
1029 1661 1387 1731 diligentiam,
1425 1665 1852 1733 persolutionem
1886 1666 2286 1734 precationum,

2398 567 2505 605 non
2549 551 2798 623 effugias.
2847 551 3000 608 Scito
3042 554 3188 610 enim
3233 556 3529 625 unicuique
3567 558 3758 613 talium
3793 560 3860 614 ab
3902 561 3970 616 iis

2395 644 2488 712 qui
2556 654 2920 714 spectatores,
2974 655 3028 700 et
3081 646 3336 717 discipuli
3389 651 3657 705 sermonis
3724 651 3971 716 fuerunt,

2396 735 2573 789 locum
2609 739 3025 792 convenientem
3058 739 3159 809 (9),
3199 755 3264 794 ac
3298 739 3422 808 jure
3458 742 3788 797 destinatum
3821 759 3971 806 esse,

2394 843 2631 898 quorum
2681 831 3014 894 canonibus,
3070 833 3668 905 eonstitutionibusque
3725 836 3974 906 legendis

2396 920 2716 978 incumbere
2771 924 3088 977 necessario
3137 924 3305 978 debes
3347 937 3400 979 ut
3451 941 3516 978 ne
3561 927 3798 996 ignores,
3848 942 3973 996 quae

2394 1011 2737 1065 credentium
2779 1011 2832 1066 in
2873 1011 3149 1068 Christum
3183 1013 3509 1068 abscondita
3545 1015 3655 1067 sint
3686 1018 3969 1086 mysteria,

2393 1113 2446 1157 et
2483 1117 2546 1157 ne
2591 1119 2808 1173 pecces,
2855 1103 2982 1158 dum
3020 1105 3209 1173 pietati
3240 1121 3364 1171 erga
3397 1106 3566 1159 Deum
3602 1121 3791 1176 parum
3827 1123 3970 1162 con-

2393 1201 2656 1247 sentanea
2709 1195 2872 1263 geris.
2929 1192 3258 1264 Spirituales
3305 1195 3443 1250 filios
3500 1206 3620 1250 tuos
3661 1199 3967 1252 secundum

2397 1285 2713 1354 Scripturas
2748 1287 3036 1357 religiosos
3075 1288 3260 1353 redde,
3305 1303 3510 1358 eosque
3541 1303 3568 1341 a
3597 1291 3769 1347 sacris
3799 1301 3852 1346 et
3880 1295 3972 1346 di—

2393 1379 2534 1432 vinis
2566 1379 2723 1443 locis,
2765 1380 2927 1434 simul
2973 1391 3031 1435 et
3061 1382 3208 1437 vasis
3239 1383 3444 1452 templi.
3485 1382 3580 1437 Dei
3619 1385 3971 1449 sanctificati,

2391 1478 2445 1524 et
2473 1470 2757 1525 ministerii
2782 1473 2902 1542 ejus
2935 1473 3212 1528 abstinere
3240 1473 3375 1528 docc
3403 1474 3670 1545 siquidem
3697 1477 3967 1545 scriptum

2391 1570 2474 1616 est
2499 1581 2510 1616 :
2538 1562 2733 1617 Beatus
2767 1565 2943 1631 homo,
2974 1567 3063 1635 qui
3093 1582 3295 1633 semper
3336 1575 3412 1621 est
3445 1568 3668 1637 pavidus
3691 1567 3759 1633 “,
3797 1584 3970 1638 quan-

2393 1651 2683 1720 doquidem
2717 1656 2849 1711 solis
2879 1659 3238 1724 consecratis,
3269 1666 3324 1712 et
3357 1659 3448 1728 qui
3477 1674 3540 1713 ex
3571 1660 3970 1715 certaminibus

707 1749 928 1806 beatum
984 1753 1225 1820 luctum,
1283 1769 1336 1812 et
1397 1757 1462 1811 ad
1520 1757 1688 1812 verbo
1745 1773 2019 1830 apereque
2079 1760 2280 1816 caeteris

2395 1758 2458 1796 ac
2501 1745 2817 1813 pmnitentia
2844 1763 2940 1816 per
2971 1747 3239 1819 lacrymas
3267 1751 3465 1804 multas
3501 1751 3743 1820 purgati,
3777 1752 3974 1804 imma-

709 1845 1171 1901 commodandum
1209 1849 1446 1903 erudies.
1483 1848 1808 1906 Sacerdotes
1840 1851 2092 1920 pietatem
2124 1852 2284 1907 doce-

711 1931 822 1996 bis,
873 1935 1134 2003 quietem,
1180 1938 1494 1995 divinarum
1513 1941 1927 2011 Scripturarum
1965 1943 2284 1999 meditatio-

703 2036 853 2084 nem,
908 2037 1222 2080 acruratam
1279 2031 1706 2098 apostolicorum
1760 2048 2056 2098 canonum,
2109 2035 2283 2088 tradi-

705 2114 1060 2187 tionumque‘
1103 2119 1413 2185 scientiam,
1483 2125 1798 2193 doginatum
1886 2126 2280 2191 sinceritatem,

705 2207 891 2261 cordis
946 2209 1268 2278 puritatem,
1335 2214 1389 2267 in
1445 2216 1701 2285 precibus
1785 2221 2150 2273 constantiam
2231 2227 2285 2272 et

703 2303 1213 2371 compunctionem,
1257 2307 1312 2361 in
1358 2309 1556 2363 timore
1584 2318 1638 2364 et
1673 2296 1909 2366 tremore
1948 2311 2014 2364 ad
2059 2310 2151 2364 Dei
2194 2326 2283 2366 so-

705 2392 836 2446 lium
870 2397 1264 2465 assistentiam,
1302 2400 1556 2455 sacriticii
1599 2403 1940 2472 mysterium,
1991 2403 2284 2456 revelatio-

703 2500 828 2540 nem
864 2490 1250 2557 mysteriorum
1296 2493 1410 2558 Dei,
1446 2495 1704 2563 quoniam
1737 2496 2040 2550 secundum
2071 2495 2283 2549 Domini

706 2589 895 2629 vocem
917 2577 984 2641 “,
1028 2579 1164 2647 ipsis
1214 2581 1399 2636 datum
1448 2593 1532 2637 est
1570 2599 1731 2638 nosse
1769 2585 2093 2654 mysterium
2131 2583 2284 2654 regni

704 2665 822 2734 Dei,
857 2679 916 2724 ut
947 2672 1041 2724 toti
1078 2672 1307 2727 fratrum
1357 2675 1723 2739 multitudini,
1755 2684 1807 2731 et
1838 2677 2114 2732 extraneis
2146 2677 2285 2730 divi-

704 2777 834 2815 num
868 2763 972 2826 sal,
1005 2776 1057 2818 et
1087 2765 1294 2828 lumen,
1329 2768 1555 2823 verbum
1601 2769 1728 2824 vitae
1772 2770 1826 2824 in
1876 2771 2072 2840 seipsis
2107 2768 2284 2824 conti-

703 2862 897 2909 nentes
929 2855 1079 2912 fiant.
1115 2856 1270 2923 Quod
1307 2859 1350 2912 si
1385 2861 1548 2914 etiam
1581 2871 1775 2916 contra
1813 2862 2184 2926 turbulentos,
2228 2869 2284 2941 et

700 2948 1048 3004 inordinatos
1096 2951 1395 3020 aliquando
1449 2961 1499 3006 te
1544 2953 1596 3006 in
1636 2953 1780 3022 virga
1831 2960 1884 3007 et
1921 2952 2116 3007 baculo
2157 2965 2281 3006 cum

702 3041 917 3094 ratione
943 3043 1106 3096 irasci
1133 3052 1367 3111 oportet,
1396 3055 1455 3099 ut
1481 3045 1684 3099 malum
1713 3045 1931 3115 aliquod
1961 3045 2278 3115 prohibeas,

2394 1836 2822 1906 culatornmque
2847 1837 3052 1893 Christi
3083 1841 3463 1911 mysteriorum
3495 1841 3786 1910 participes
3813 1852 3973 1908 sunt,

2391 1930 2779 1995 sanetilicatis,
2819 1942 2872 1985 et
2902 1925 3335 2002 religiosissimis
3367 1936 3760 1989 monachorum
3801 1936 3974 1988 mini-

2388 2025 2614 2077 sterium
2647 2024 2855 2090 talium,
2888 2032 2942 2080 et
2973 2027 3332 2081 contreetatio
3360 2041 3391 2080 a
3419 2026 3689 2092 Patribus,
3751 2035 3803 2082 et
3843 2044 3977 2096 apo-

2388 2116 2541 2172 stolis
2581 2117 2756 2172 dicata
2794 2126 2897 2173 est.
2939 2117 3058 2172 Non
3107 2120 3383 2184 omnibus,
3408 2129 3462 2174 et
3511 2121 3710 2189 cuique
3753 2123 3960 2174 volenti

2389 2210 2697 2279 ingressum
2753 2210 2918 2266 divini
2981 2211 3342 2274 tabernaculi,
3403 2211 3496 2266 sed
3544 2214 3778 2266 sacratis
3826 2214 3973 2266 dun-

2386 2310 2558 2366 taxat,
2595 2313 2651 2356 ut
2681 2304 2887 2358 dictum
2923 2312 3028 2367 est,
3078 2313 3132 2357 et
3173 2303 3548 2368 sanetificatis,
3603 2303 3966 2372 religiosissi-

2386 2396 2603 2465 misque
2649 2395 2934 2458 fratribus,
2975 2403 3028 2450 et
3065 2396 3316 2465 patribus
3359 2395 3468 2450 tuis
3503 2395 3823 2465 permittito.
3863 2394 3972 2448 lte-

2388 2486 2578 2555 liquis,
2620 2495 2674 2541 et
2719 2486 3033 2541 inordinate
3069 2486 3484 2541 ambulantibus
3516 2486 3660 2557 (vide
3694 2484 3823 2554 quid
3863 2484 3971 2538 tibi

2388 2576 2628 2647 dicatur)
2665 2579 2842 2646 ipsum
2876 2577 3121 2632 claudes.
3162 2576 3311 2630 Multi
3351 2578 3570 2646 quippe,
3609 2577 3738 2630 mihi
3774 2577 3966 2641 crede,

2387 2678 2611 2739 propter
2641 2677 3017 2738 contemptum
3054 2669 3366 2724 istiusmodi
3404 2684 3581 2724 rerum
3622 2685 3651 2724 e
3678 2669 3786 2723 vita
3822 2683 3968 2738 pne-

2388 2762 2527 2817 senti
2555 2763 2840 2818 tolluntur.
2881 2763 2944 2817 Et
2994 2762 3171 2832 plane,
3221 2763 3266 2818 si
3312 2763 3417 2818 hoc
3467 2773 3795 2833 praeceptum
3835 2761 3974 2814 vili-

2386 2853 2664 2921 peuderis,
2697 2855 2922 2924 sanguis
2946 2857 3013 2909 de
3043 2855 3145 2909 hac
3173 2854 3282 2908 vita
3323 2853 3667 2909 sublatorum
3693 2852 3760 2906 de
3788 2852 3971 2906 mani-

2388 2947 2490 3001 bus
2521 2947 2631 3001 tuis
2663 2947 2973 3016 requiretur
2996 2947 3062 2979 ⁸³⁸

2457 3039 2584 3094 11ωο
2616 3050 2766 3104 sunt,
2802 3050 2856 3095 et
2895 3041 3048 3109 plura
3086 3041 3192 3105 his,
3227 3056 3260 3095 o
3292 3048 3478 3110 pastor
3515 3041 3698 3096 ovium
3731 3039 3966 3106 Christi,

703 3141 756 3186 et
792 3133 1103 3208 pestiferam
1142 3135 1284 3188 inter
1332 3151 1426 3192 eos
1466 3138 1642 3192 labem
1696 3138 1988 3207 reprimas,
2036 3154 2104 3191 ne
2143 3151 2280 3207 Opus
2311 3129 2353 3186 C
2389 3147 2511 3202 quae
2540 3133 2604 3185 ad
2636 3133 2816 3202 gregis
2843 3134 2920 3187 tui
2948 3133 3253 3188 cuswdiam
3285 3133 3526 3201 perfecte
3555 3133 3716 3196 scire,
3751 3141 3804 3186 et
3841 3141 3969 3187 stu-

706 3226 932 3288 malum,
995 3237 1048 3278 et
1102 3227 1331 3282 affectus
1387 3228 1616 3285 vitiosus
1673 3231 1726 3284 in
1776 3231 2019 3286 deterius
2069 3238 2277 3300 serpat,

707 3332 883 3385 neque
917 3317 1057 3372 istnc
1090 3320 1411 3386 apostolicis
1441 3321 1964 3386 Constitutionibus,
2001 3331 2054 3377 ct
2079 3324 2281 3378 divinis

705 3407 960 3462 l‘atribus
985 3407 1222 3463 alienum
1244 3409 1544 3478 jndieatur.
1572 3412 1766 3466 Omnis
1791 3413 2060 3483 siquidem
2089 3413 2278 3478 motio,

702 3506 759 3550 et
803 3501 948 3553 actio
986 3511 1194 3563 nostra,
1241 3517 1360 3569 qum
1410 3503 1813 3572 improbitatem
1849 3509 2173 3576 compescit,
2217 3523 2279 3562 ac

705 3590 1076 3660 persequitur,
1102 3590 1331 3658 justitire
1355 3600 1534 3644 autem
1577 3608 1640 3646 ac
1663 3593 1850 3648 virtuti
1882 3597 2276 3664 patrocinatur,

705 3682 995 3736 laudabilis
1039 3690 1145 3746 est,
1197 3691 1250 3739 et
1302 3683 1410 3738 Deo
1444 3684 1651 3751 placet,
1699 3686 1977 3756 justisque
2005 3689 2278 3743 omnibus

704 3776 967 3843 probatur
1017 3776 1272 3830 maxime.
1319 3775 1499 3831 Testis
1544 3776 1728 3841 Jesus,
1783 3780 1876 3849 qui
1925 3791 2276 3837 contumaces

702 3862 920 3918 Jndaaos
971 3881 1036 3919 ex
1083 3866 1245 3922 domo
1294 3869 1560 3922 orationis
1610 3870 1830 3922 domum
1889 3872 2278 3940 negotiationis

708 3954 994 4017 facientes,
1030 3955 1244 4026 flagello
1286 3958 1580 4027 percussit,
1617 3969 1671 4014 et
1705 3975 1921 4014 mensas
1962 3963 2276 4016 nummula-

702 4048 910 4101 riorum
951 4049 1236 4105 evertit“.
1279 4049 1357 4106 Ne
1406 4053 1573 4122 igitur
1610 4063 1912 4122 prmtcxens
1957 4066 2278 4111 mansuetu-

701 4140 909 4204 dinem,
955 4154 1174 4212 pr0pter
1215 4144 1385 4198 solam
1419 4146 1633 4199 laudem
1669 4147 1961 4202 humanam
2007 4148 2276 4202 modicum

700 4230 978 4300 quidpiam
1012 4242 1210 4300 praeter
1239 4235 1332 4288 Dei
1366 4236 1680 4290 mandatum
1717 4238 2016 4293 admissum
2049 4241 2112 4292 ael
2143 4240 2278 4294 sub-

703 4325 1014 4377 versionem
1052 4326 1481 4394 apostolicorum
1513 4342 1808 4394 canonum,
1847 4340 1898 4386 et
1931 4332 2278 4385 constitutio-

699 4429 854 4476 num,
901 4418 1404 4488 contumeliamque
1451 4420 1574 4474 vitae
1606 4423 1956 4492 evangelicae,
2006 4432 2059 4477 et
2103 4433 2277 4479 status

702 4507 989 4562 nionastiei
1051 4510 1394 4578 neglexeris;
1458 4499 1551 4565 sed
1610 4510 1794 4566 Jesum
1857 4531 1919 4568 ac
1984 4515 2273 4569 Dominum

703 4605 858 4651 tuum
902 4599 1170 4665 imitatus,
1215 4600 1532 4666 iufremens,
1576 4617 1638 4657 ac
1665 4605 1896 4673 teipsnm
1931 4607 2050 4659 sine
2084 4607 2274 4661 turba-

704 4690 851 4743 tione
899 4692 1156 4755 turbans,
1207 4693 1459 4746 mandata
1505 4693 1624 4758 Dei,
1677 4703 1730 4747 et
1771 4710 2006 4749 canones
2047 4698 2114 4750 ab
2157 4696 2276 4765 ejus

703 4781 964 4850 apostolis
1003 4784 1351 4854 praescriptos
1389 4784 1671 4842 ulciscere.
1707 4785 1844 4853 Cum
1877 4789 2132 4842 omnibus
2158 4791 2275 4846 istis

702 4878 868 4929 etiam
918 4877 1188 4946 cujusque
1240 4877 1602 4947 cogitationes
1648 4881 1940 4950 diligenter
1987 4884 2275 4952 investiga,

703 4977 764 5022 ut
795 4969 967 5034 noris,
1000 4972 1090 5039 qui
1129 4986 1192 5024 ex
1232 4972 1369 5040 ipsis
1403 4971 1468 5024 ad
1505 4976 1992 5039 comprecantium,
2027 4984 2078 5027 et
2110 4991 2276 5029 com-

706 5063 1106 5117 municantium
1134 5074 1337 5118 coetum
1369 5065 1717 5130 admittendi,
1746 5074 1799 5121 et
1827 5069 2026 5135 quibus
2056 5085 2278 5123 excom-

707 5153 1078 5206 municatione
1095 5169 1158 5210 ac
1187 5156 1509 5223 paenitentia
1541 5171 1665 5210 cum
1700 5158 1981 5228 lacrymis,
2014 5161 2277 5213 statione-

700 5263 808 5315 que
840 5246 1222 5314 ptenitentium
1258 5264 1397 5317 Opus
1429 5250 1521 5312 sit,
1557 5265 1624 5303 ne
1658 5249 1954 5305 Ecclesiam
1997 5267 2093 5320 pro
2139 5259 2276 5305 tem-

699 5339 792 5408 plo
839 5348 1032 5393 sancto
1083 5340 1398 5408 speluncam
1450 5342 1747 5406 latronum,
1787 5352 1881 5396 aut
1924 5344 2154 5413 lupanar
2193 5345 2274 5397 vel

702 5434 846 5490 scias
884 5436 967 5487 vel
1002 5433 1239 5489 insciens
1297 5433 1527 5501 faciens,
1565 5436 1695 5490 dum
1729 5452 1826 5505 per
1867 5436 2119 5491 affectum
2149 5439 2271 5491 cui-

771 5576 814 5606 ’τ’
844 5575 976 5628 Luc.
1016 5591 1134 5636 vni,
1164 5575 1248 5628 10.

701 5648 744 5679 δ’
779 5647 934 5700 Dcut.
972 5663 1044 5709 IV,
1087 5646 1155 5698 ⁸24

773 5766 850 5834 {9)
891 5767 962 5818 De
1004 5767 1121 5819 loco
1155 5766 1537 5834 pmnitentium
1575 5765 1698 5819 vide
1737 5767 1894 5834 epist.
1938 5766 1991 5819 5.
2025 5764 2267 5834 Gregorii

706 5837 1095 5907 Thaumaturgi
1122 5854 1244 5891 ean.
1279 5853 1356 5890 xi.
1384 5835 1495 5890 Bal.
1528 5836 1684 5891 Sum.
1715 5836 1766 5890 in
1800 5838 2022 5892 selioliis
2046 5836 2114 5891 ad
2143 5851 2267 5891 can.

1328 5575 1372 5605 δ’
1403 5574 1560 5629 Joan.
1594 5593 1651 5642 ιι,
1694 5577 1711 5629 Ι
1761 5593 1913 5646 seqq.

2305 4465 2357 4524 D

2017 5575 2060 5606 ⁸³
2088 5576 2250 5631 Prov.
2311 5593 2476 5630 xxviii
2507 5617 2518 5639 ,
2565 5576 2644 5628 Η.
2692 5574 2757 5604 ⁵³⁸
2797 5571 2990 5625 Ιῧχρςιι.
3051 5586 3146 5632 ill,
3190 5569 3274 5621 18.

2387 3225 2542 3281 diose
2576 3226 2755 3281 facere
2795 3227 2987 3283 debes.
3025 3228 3262 3284 Proinde
3293 3229 3335 3282 si
3369 3229 3536 3290 nosti,
3569 3236 3620 3283 te
3649 3228 3712 3281 ad
3755 3235 3969 3282 tantam

2385 3314 2768 3370 sufficientiam
2803 3331 3176 3386 progressum,
3220 3324 3485 3386 tantaque
3519 3315 3844 3400 charismata
3882 3315 3974 3371 fe—

2386 3406 2563 3460 liciter
2619 3407 2899 3476 adeptum,
2952 3421 3016 3460 ex
3071 3406 3189 3461 solo
3237 3406 3486 3460 elucente
3539 3421 3601 3460 ex
3657 3414 3708 3460 te
3754 3405 3972 3461 lumine

2384 3495 2652 3550 bonorum
2690 3511 2944 3565 Operam,
2985 3504 3038 3550 et
3079 3495 3276 3550 divina:
3313 3495 3599 3564 sapientiae
3636 3509 3701 3548 ac
3737 3496 3973 3558 notitiae,

2385 3587 2452 3640 ad
2501 3587 2921 3642 illuminandnm
2963 3601 3153 3641 omnes
3197 3587 3537 3640 familiariter
3587 3585 3850 3642 adeuntes
3899 3589 3966 3641 ad

2386 3685 2438 3731 te
2473 3687 2616 3740 tuos,
2677 3677 2994 3747 alienosque
3059 3685 3110 3730 et
3158 3693 3282 3746 rege
3327 3677 3555 3730 fidenter
3601 3690 3730 3730 oves
3759 3675 3964 3730 Christi

2386 3769 2580 3826 scienti
2619 3783 2872 3823 sermone
2903 3769 3116 3822 collatae
3147 3769 3244 3822 tibi
3282 3768 3492 3837 gratiae,
3529 3774 3583 3821 et
3611 3769 3824 3827 actione
3851 3767 3967 3822 vir-

2386 3863 2519 3916 tutis
2563 3860 2862 3916 secundum
2903 3860 3122 3913 modum
3160 3868 3213 3912 et
3240 3859 3412 3928 legem
3449 3858 3543 3912 tibi
3592 3859 3744 3928 prius
3778 3858 3966 3912 datam

2385 3956 2651 4022 desuper;
2689 3963 2938 4034 etlpasce
2970 3966 3140 4021 agnos
3171 3951 3291 4020 ejus
3325 3952 3378 4004 in
3411 3951 3628 4018 pascuis
3660 3949 3965 4006 salutiferis

2384 4045 2767 4100 mandatorum
2800 4045 2969 4106 illius,
3007 4045 3181 4097 donec
3226 4052 3502 4105 crescant,
3535 4052 3588 4096 et
3630 4043 3680 4096 in
3733 4058 3965 4098 mensu-

2383 4153 2495 4192 ram
2525 4139 2701 4190 aetatis
2736 4133 3091 4204 plenitudinis
3120 4133 3635 4187 Christioccurrant
3660 4131 3724 4197 “,
3748 4141 3801 4186 et
3833 4133 3965 4187 inde

2381 4229 2663 4299 prtemium
2693 4241 3054 4295 consequere,
3085 4223 3305 4294 quando
3334 4239 3456 4279 cum
3487 4223 3755 4292 apostolis
3777 4223 3968 4276 consi-

2382 4322 2536 4377 debis
2595 4333 2646 4376 et
2685 4320 2982 4374 habitabis.
3015 4318 3108 4372 Sin
3145 4319 3346 4378 minus,
3391 4315 3530 4386 apud
3566 4323 3616 4369 te
3648 4315 3826 4385 ipsum
3861 4329 3963 4384 pa-

2384 4414 2513 4480 vita,
2561 4413 2606 4467 si
2653 4411 2784 4482 quid
2838 4411 2970 4464 mihi
3018 4409 3196 4464 credis
3238 4410 3304 4463 de
3339 4407 3515 4461 salute
3551 4417 3641 4460 tua
3674 4407 3961 4461 sollicito:

2386 4505 2658 4576 siquidem
2727 4503 2873 4558 Deus
2935 4511 3122 4556 noster
3184 4502 3323 4571 ignis
3387 4515 3720 4558 consumens
3785 4507 3869 4554 est
3894 4498 3966 4562 δ’,

2386 4613 2546 4670 quem
2600 4597 2756 4652 decet
2809 4596 2986 4650 omnis
3039 4594 3232 4664 gloria,
3276 4594 3454 4646 honor
3531 4601 3584 4646 et
3626 4591 3870 4646 adoratio
3907 4590 3963 4645 in

2386 4691 2606 4746 saecula.
2647 4689 2840 4742 Amen.

2899 4775 3203 4834 ORATIO
3260 4774 3450 4829 XXV.

2976 4883 3362 4924 Αιλῡυωεκτυη.

2387 4966 2466 5020 De
2503 4965 2811 5034 primordiis
2859 4967 2978 5018 vitta
3021 4962 3306 5014 admodum
3343 4959 3612 5034 frugiferis
3645 4975 3708 5012 ac
3746 4960 3963 5034 saluta-

2466 5032 2633 5099 ribus,
2691 5054 2784 5104 pro
2837 5037 2899 5088 iis
2960 5034 3048 5102 qui
3102 5048 3268 5099 nuper
3308 5032 3533 5104 mundo,
3577 5040 3626 5082 et
3680 5032 3965 5104 mundanis

2464 5100 2842 5163 renuntiantes,
2896 5100 2978 5157 ad'
3016 5105 3177 5156 vitam
3235 5101 3531 5153 solitariam
3589 5100 3963 5166 confugerunt,

2463 5189 2510 5232 et
2561 5177 2802 5229 doctrina
2837 5177 2904 5228 ad
2943 5184 3176 5243 tyrones,
3219 5187 3307 5224 seu
3349 5169 3567 5223 novitios
3601 5171 3749 5239 longe
3781 5172 3963 5224 utilis-

2460 5265 2617 5302 sima.

2461 5342 2805 5408 Quicunque,
2851 5337 3068 5401 fratres,
3101 5333 3304 5386 mundo
3337 5342 3389 5386 et
3425 5331 3491 5386 iis
3519 5345 3639 5400 qua:
3664 5330 3717 5384 in
3749 5331 3961 5386 mundo

2390 5445 2520 5489 sunt
2557 5433 2826 5486 universis
2863 5444 3054 5483 recens
3089 5424 3446 5488 renuntiavit,
3488 5439 3655 5492 seque
3689 5423 3752 5476 ad
3790 5423 3958 5478 vitam

3377 5565 3420 5595 ⁸⁵
3465 5562 3663 5629 Ephcs.
3728 5582 3803 5627 IV,
3863 5569 3954 5624 15.

2379 5767 2474 5818 cit.
2523 5770 2650 5820 Ant.
2704 5762 3068 5834 Augustinum
3119 5757 3170 5812 in
3217 5760 3359 5815 notis
3395 5758 3461 5813 ad
3493 5757 3745 5812 eumdem
3787 5770 3957 5812 cana—

2380 5852 2522 5890 [16111.
