4128 6338
283 364 385 430 441

1604 378 1887 441 ORATIO
1919 377 2096 446 XXV.

3426 387 3531 452 “2

286 491 343 538 et
375 481 613 539 stadium
649 482 1046 541 monachorum
1074 486 1329 556 contulit,
1363 488 1407 546 si
1477 491 1694 559 quidem
1733 495 1856 561 pro-
1882 491 1933 553 Α
1959 494 2055 550 tibi
2080 503 2131 551 et
2157 494 2295 550 hanc
2330 495 2528 567 legem,
2556 499 2625 552 ne
2660 504 2788 552 ante
2815 493 3063 564 ultimam
3090 499 3456 566 precationem
3497 516 3529 556 e

283 587 407 650 pter
443 579 616 635 Deum
665 581 718 636 id
765 581 913 649 fecit,
941 592 994 638 et
1013 583 1152 638 hanc
1193 593 1364 640 artem
1406 589 1606 641 artium
1649 587 1859 644 discere

282 671 594 736 constituit,
638 688 906 745 suumque
942 691 971 729 e
1011 676 1213 732 mundo
1248 677 1551 733 discessum
1588 695 1694 734 non
1735 681 1856 734 ina-

283 777 408 818 nem
437 779 555 818 esse
592 765 892 830 desiderat,
934 767 1002 822 ab
1043 768 1162 838 ipso
1201 770 1382 824 statim
1414 771 1569 824 initio
1601 771 1855 842 impiger-

282 854 445 916 rime,
489 863 542 908 et
592 857 985 912 ardentissima
1042 875 1161 914 cum
1211 862 1510 923 voluntate,
1554 863 1858 932 proposito-

284 962 395 1015 que
441 949 508 1001 ad
547 949 769 1005 virtutis
814 967 978 1018 opera
1024 952 1342 1008 incumbere
1377 954 1554 1009 debet.
1594 956 1769 1022 Atque
1800 963 1859 1009 ut

280 1035 554 1091 elementa
591 1045 642 1091 et
678 1041 946 1110 principia
979 1044 1219 1097 scientia
1251 1043 1628 1108 scientiarum,
1660 1048 1854 1112 nostri,

281 1127 532 1197 inquam,
595 1131 833 1202 religiosi
885 1134 1122 1189 instituti
1179 1144 1230 1190 et
1280 1138 1571 1208 ἀσκήσεως
1625 1138 1708 1193 his
1762 1138 1855 1208 qui

281 1232 460 1288 nuper
481 1236 512 1276 e
538 1225 740 1277 mundo
765 1225 831 1278 ad
863 1240 982 1280 eam
1017 1234 1273 1296 tanquam
1308 1228 1373 1280 ad
1404 1230 1646 1284 scholam
1679 1245 1858 1299 quan-

282 1308 409 1364 dam
461 1324 836 1380 accesserunt,
895 1318 1302 1374 introductione
1350 1323 1586 1388 quadam
1634 1324 1858 1392 scriptis

281 1402 591 1468 tradamus,
626 1408 802 1476 primo
841 1410 960 1463 loco
1000 1411 1157 1477 ipsis,
1192 1421 1245 1464 et
1279 1413 1370 1480 qui
1409 1427 1504 1466 nos
1540 1426 1856 1482 sequentur,

285 1496 401 1549 lucc
426 1497 620 1552 rudius
649 1504 1075 1570 summatimque
1104 1502 1474 1571 praecipimus.
1511 1504 1664 1560 Scire
1697 1507 1859 1576 igitur

281 1584 430 1649 licet,
479 1589 571 1656 qui
618 1589 729 1658 jam
772 1599 1052 1645 terrenum
1103 1594 1378 1648 hominem
1416 1603 1539 1650 cum
1571 1596 1858 1666 prudentia

282 1692 380 1731 sua
418 1692 514 1744 per
550 1693 612 1734 ea
648 1696 766 1749 quae
806 1693 1074 1753 apparent
1105 1689 1276 1750 exuit,
1309 1689 1699 1756 caelestemque
1730 1705 1854 1744 cum

280 1769 470 1824 habitu
506 1773 808 1828 monastico
837 1775 1032 1841 induit,
1065 1789 1225 1834 nocte
1258 1780 1456 1844 media,
1489 1789 1615 1836 ante
1636 1781 1854 1837 dilucu-

281 1860 394 1914 lum
420 1877 647 1933 surgere
676 1864 897 1929 debere,
934 1885 1151 1937 precem
1193 1873 1567 1939 prmscriptam
1604 1870 1854 1936 fundere,

278 1963 442 2024 atque
492 1955 568 2009 ita
632 1957 848 2012 demum
903 1975 1026 2013 cum
1081 1961 1341 2022 omnibus
1395 1964 1458 2016 ad
1511 1963 1856 2034 doxologiam

277 2048 626 2117 congregari.
667 2065 839 2119 eaque
883 2048 1247 2116 considerate,
1308 2063 1361 2107 et
1407 2054 1693 2124 vigilanter
1731 2069 1858 2123 per-

276 2133 453 2204 fungi,
514 2147 574 2191 ut
626 2137 692 2191 ad
758 2141 1087 2211 principium
1140 2142 1445 2214 hymnodiaa
1493 2153 1736 2200 attentus
1786 2145 1859 2200 sit

274 2226 651 2295 vehementer,
692 2232 807 2284 sive
841 2231 907 2286 ad
943 2233 1381 2303 hexapsalmum,
1425 2236 1492 2289 ad
1523 2235 1855 2298 versiculos,

275 2318 344 2370 ad
369 2318 682 2383 lectionem,
707 2323 843 2377 citra
867 2339 1085 2379 omnem
1115 2326 1388 2395 pigritiam
1412 2343 1426 2390 ;
1453 2341 1562 2380 non
1588 2326 1859 2381 discincto

273 2426 528 2482 corpore,
569 2426 624 2468 et
660 2410 850 2482 pedem
883 2423 1008 2469 ante
1042 2417 1233 2485 pedem
1266 2418 1566 2479 collocsns,
1609 2426 1703 2472 aut
1738 2433 1860 2470 mu-

275 2505 379 2566 ris,
433 2506 776 2560 columnisve
824 2521 884 2561 se
937 2507 1239 2561 acclinans.
1295 2507 1490 2562 Manus
1541 2520 1858 2564 constanter

271 2596 520 2665 junctas,
555 2598 718 2667 pedes
747 2599 1030 2666 aequaliter
1067 2599 1120 2652 in
1163 2608 1304 2654 terra
1336 2601 1581 2655 iirmatos
1611 2600 1845 2664 habere,

276 2697 445 2756 caput
487 2703 594 2741 non
651 2689 753 2743 hac
806 2688 931 2742 illac
983 2689 1211 2756 agitare,
1253 2698 1306 2743 et
1353 2699 1668 2744 autrorsum
1721 2687 1856 2743 illud

276 2777 580 2842 inﬂectere,
615 2787 796 2834 mente
828 2795 936 2833 non
971 2779 1175 2845 elIerri,
1209 2772 1313 2834 nec
1345 2781 1561 2835 curiosa
1591 2780 1856 2851 cogitare,

278 2878 376 2924 aut
410 2884 535 2924 cum
571 2871 1085 2940 negligentiorihus,
1115 2881 1169 2926 et
1213 2872 1355 2928 inter
1388 2889 1448 2928 se
1482 2871 1856 2930 fabulantibus

276 2974 343 3014 ac
373 2963 794 3017 susurrantibus
818 2978 848 3016 a
881 2963 1079 3030 coeptis
1107 2963 1302 3017 abduci
1330 2981 1345 3017 :
1379 2965 1508 3033 quin
1536 2967 1720 3035 potius
1756 2979 1855 3021 nec

276 3051 491 3111 oculos,
538 3067 640 3106 nec
695 3053 939 3107 animum
996 3054 1052 3107 in
1096 3054 1330 3108 sublime
1382 3055 1591 3118 tollere,
1642 3054 1855 3123 solique

1883 1830 1934 1889 Β

1963 587 2160 657 syuaxi
2209 589 2328 643 sine
2383 601 2576 656 magna
2621 588 2971 651 necessitate,
3019 597 3111 641 aut
3159 592 3404 659 corporis
3450 591 3534 647 le-

1959 681 2122 734 vandi
2155 696 2393 749 unquam
2426 695 2590 735 exeas
2627 696 2642 731 :
2679 680 2773 733 sed
2807 679 2863 732 in
2904 680 3142 734 statione
3174 688 3291 742 tua,
3325 688 3384 734 ut
3415 683 3528 737 dlc-

1959 784 2074 827 tum
2115 782 2219 834 est,
2267 788 2552 842 persevera
2603 789 2616 825 :
2675 771 2946 840 siquidem
2995 772 3084 839 qui
3131 775 3529 838 petseueraverit

1961 881 2124 935 usque
2145 867 2196 918 in
2219 866 2394 932 ﬁnem,
2420 864 2520 928 hic,
2548 872 2606 917 ut
2630 862 2894 928 scriptum
2919 868 3121 924 exstat,
3149 862 3325 916 salvus
3349 863 3526 916 erit“.

1958 959 2077 1015 Non
2134 959 2236 1013 hoc
2287 967 2530 1017 tantum:
2577 957 2670 1011 sed
2722 955 2959 1024 primum
3003 953 3217 1020 quidem
3261 955 3524 1008 auxilium

1959 1052 2188 1113 occulte,
2225 1057 2284 1102 ut
2331 1061 2437 1100 non
2488 1047 2684 1100 sentiat
2717 1063 2730 1099 :
2768 1044 2968 1099 deinde
2997 1043 3159 1098 ctiam
3213 1051 3271 1096 ut
3303 1046 3524 1110 sentiat,

1960 1142 2230 1213 pauloque
2281 1148 2407 1212 post
2465 1141 2518 1192 in
2580 1139 2983 1191 illuminatione
3040 1137 3106 1190 ab
3165 1137 3528 1205 omnipotenti

1962 1236 2069 1289 Deo
2103 1236 2346 1301 accipiet.
2388 1232 2651 1286 Absoluta
2685 1230 2954 1283 matutina
2988 1228 3294 1296 doxologia,
3339 1229 3525 1281 statim

1960 1328 2244 1393 egrediens
2290 1343 2356 1380 ne
2396 1327 2463 1378 ab
2506 1323 2688 1392 hujus,
2735 1330 2831 1376 aut
2872 1321 3017 1376 illius
3047 1337 3140 1376 ore
3180 1321 3443 1390 pendere,
3476 1328 3532 1375 et

1960 1420 2135 1474 otiosa
2169 1418 2402 1486 colloqui
2436 1415 2692 1485 incipias.
2727 1412 2927 1467 Verum
2959 1422 3243 1482 postquam
3278 1426 3528 1466 seorsum

1962 1511 2016 1565 in
2061 1511 2194 1563 ceila
2239 1517 2586 1567 consuetam,
2633 1514 2692 1575 et
2737 1506 2957 1574 longam
2995 1503 3367 1572 precationem
3401 1519 3529 1558 cum

1962 1602 2237 1671 lacrymis,
2268 1609 2320 1656 et
2352 1599 2674 1654 adoratione
2713 1596 2879 1650 multa
2915 1595 3266 1665 persolveris,
3299 1593 3362 1648 ad
3392 1609 3531 1664 opus

1961 1693 2180 1765 aliquod
2228 1705 2547 1760 corporeum
2598 1686 2919 1758 aggredere,
2976 1686 3271 1755 statimque
3321 1699 3388 1738 eo
3437 1684 3531 1742 de-

1961 1800 2142 1848 curre,
2196 1785 2308 1838 sive
2351 1782 2718 1836 ministerium
2763 1787 2849 1833 est
2880 1778 2946 1832 ad
2981 1776 3372 1840 ministerium,
3417 1775 3534 1830 sive

1961 1891 2097 1946 opus
2148 1888 2407 1927 manuum
2463 1873 2530 1925 ad
2570 1885 2707 1940 opus
2753 1884 3038 1932 manuum,
3099 1869 3216 1922 sive
3260 1867 3423 1925 lectio
3464 1866 3532 1920 ad

1962 1967 2277 2023 lectionem.
2320 1961 2395 2015 Ne
2427 1975 2595 2031 porro
2634 1959 2848 2014 otiosus
2874 1959 3100 2012 omnino
3131 1958 3184 2011 in
3219 1957 3354 2028 cella
3384 1955 3533 2011 desi-

1961 2059 2091 2113 dere
2129 2058 2283 2115 velis,
2317 2070 2408 2120 ne,
2440 2052 2585 2124 quod
2613 2052 2760 2105 dictu
2798 2049 2990 2104 nefas:
3029 2048 3285 2104 Otiositas
3322 2057 3369 2100 te
3398 2047 3534 2100 mul-

1961 2160 2071 2204 tam
2122 2148 2386 2200 malitiam
2431 2148 2614 2197 doceat
2637 2143 2705 2196 ".
2752 2140 2858 2196 Sed
2911 2154 3085 2209 neque
3135 2139 3529 2192 monasterium

1961 2239 2279 2299 Ollalilhllla,
2311 2237 2756 2305 laborantesque,
2786 2240 2880 2286 aut
2914 2233 3289 2286 ministrantes
3314 2229 3536 2284 curiose

1960 2333 2211 2388 observa.
2243 2327 2470 2384 Custodi
2499 2333 2680 2380 autem
2723 2324 3019 2386 silentium,
3048 2332 3100 2377 et
3130 2322 3346 2375 abstine
3380 2328 3434 2375 te
3463 2321 3532 2402 ab

1959 2424 2201 2479 omnium
2253 2419 2626 2475 familiaritate
2707 2424 2759 2470 et
2807 2414 3224 2480 consuetudine,
3276 2427 3398 2482 qua:
3448 2419 3534 2468 est

1959 2531 2090 2570 vera
2143 2512 2527 2584 peregrinitas.
2586 2507 2706 2562 Tibi
2763 2507 2888 2569 soli,
2949 2514 3003 2568 et,
3059 2505 3207 2574 operi
3270 2517 3530 2557 manuum

1959 2609 2343 2677 qualecunque
2384 2612 2491 2665 est,
2537 2599 2776 2655 attende.
2823 2598 3054 2651 Alterius
3095 2596 3310 2660 cellam,
3357 2595 3460 2649 nisi
3496 2609 3527 2648 a

1959 2707 2116 2770 patre
2173 2706 2267 2752 tuo
2318 2693 2613 2762 spirituali,
2665 2698 2759 2744 aut
2826 2703 2853 2741 a
2907 2687 3225 2742 monasterii
3271 2693 3526 2741 curatore

1961 2790 2162 2844 missus
2196 2789 2272 2842 sis
2316 2784 2451 2853 (10),
2496 2798 2563 2837 ne
2606 2779 2937 2850 ingrediare.
2975 2777 3093 2844 Quo
3133 2791 3269 2830 cum
3290 2776 3528 2840 veneris,

1959 2897 2092 2937 cave
2138 2895 2274 2934 neve
2317 2878 2493 2942 dicas,
2539 2890 2674 2928 neve
2723 2873 2916 2927 audias
2961 2869 3241 2940 quidpiam
3282 2878 3434 2923 extra
3476 2868 3534 2922 id

1959 2970 2102 3041 quod
2137 2985 2226 3024 res
2255 2966 2510 3038 postulat,
2541 2965 2697 3034 cujus
2729 2977 2857 3033 ergo
2883 2963 3086 3016 missus
3113 2975 3172 3016 es
3203 2976 3218 3013 :
3252 2959 3346 3014 sed
3403 2973 3530 3012 cum

1960 3062 2196 3116 breviter
2223 3056 2599 3129 responderis,
2629 3066 2914 3110 revertere.
2951 3052 3103 3118 Quod
3133 3050 3182 3121 si
3207 3053 3258 3104 in
3285 3050 3526 3104 transitu

275 3143 617 3210 DSalmOdiiP.
648 3151 701 3199 ει
744 3144 993 3207 “Ciloni.
1036 3155 1089 3199 ει
1118 3146 1306 3198 Virtuti
1341 3160 1531 3199 eorum
1562 3161 1683 3215 quae
1710 3147 1856 3214 psal-
1882 3162 1924 3219 c
1962 3155 2182 3208 fratrem
2217 3152 2415 3214 solum,
2445 3159 2537 3202 aut
2570 3163 2690 3202 cum
2720 3147 2888 3200 altero
2917 3144 3218 3207 sedentem,
3245 3152 3298 3195 et
3327 3141 3528 3194 intem-

278 3233 490 3298 luntur,
528 3245 696 3303 atque
723 3251 752 3290 e
782 3235 983 3290 divinis
1033 3235 1331 3304 Scripturis
1366 3238 1640 3307 leguntur,
1676 3237 1855 3307 quoad

276 3326 399 3394 ejus
442 3325 560 3380 fieri
603 3335 803 3395 potest,
837 3334 1105 3381 attentum
1137 3343 1196 3383 se
1228 3330 1492 3398 prmhere,
1538 3339 1596 3383 ut
1628 3345 1697 3384 ne
1726 3329 1857 3397 quid

277 3428 406 3468 eum
461 3428 571 3467 non
621 3415 1108 3470 adnimadversum
1163 3426 1448 3485 praetereat
1499 3436 1513 3472 :
1561 3434 1747 3473 verum
1790 3436 1855 3474 ex

278 3504 542 3559 omnibus
575 3505 939 3574 pinguescens
974 3505 1092 3576 ejus
1135 3506 1339 3569 anima,
1374 3509 1440 3561 ad
1473 3511 1857 3578 compunctio—

278 3610 430 3660 nem,
474 3595 843 3651 humilitatem
922 3603 979 3651 et
1018 3597 1474 3652 illuminatiunem
1521 3600 1697 3654 sancti
1734 3599 1858 3670 Spi-

278 3686 422 3742 ritus
450 3687 746 3757 pertingat.
1741 3709 1744 3714 ·

353 3776 626 3844 Quocirca
663 3793 760 3834 vos
793 3779 1080 3835 universos
1117 3789 1377 3850 tanquam
1410 3796 1603 3846 unum,
1639 3781 1854 3844 Patres,

277 3867 576 3931 fratres,et
602 3870 694 3924 lilii
733 3871 861 3936 mei,
900 3871 1153 3934 obsecro,
1191 3881 1244 3926 et
1272 3871 1376 3926 hoc
1407 3882 1467 3925 ut
1497 3871 1667 3941 legem
1703 3872 1855 3926 salu-

280 3969 454 4015 tarem
481 3961 670 4030 iubeo,
704 3971 763 4014 ut
803 3965 1187 4032 unusquisque
1213 3971 1455 4017 vestrum
1496 3964 1602 4019 tale
1634 3963 1851 4017 initium

279 4051 350 4104 ad
392 4065 535 4121 Opus
565 4053 806 4117 virtutis,
847 4056 957 4109 imo
1001 4070 1130 4110 vero
1167 4056 1231 4108 ad
1259 4069 1396 4123 opus
1431 4055 1519 4110 Dei
1552 4055 1715 4110 faciat
1743 4055 1860 4124 (per

277 4143 430 4212 quod
479 4151 534 4197 et
581 4147 888 4200 mercedem
936 4148 1218 4201 laboribus
1261 4149 1467 4202 nostris
1513 4147 1860 4217 responden-

280 4243 415 4299 tem,
452 4249 552 4289 ceu
598 4237 667 4290 ab
711 4251 776 4290 eo
810 4237 900 4306 qui
947 4239 1121 4292 bonos
1165 4247 1308 4291 amet
1345 4239 1670 4307 accipimus)
1706 4245 1765 4290 ut
1813 4237 1860 4291 si

280 4307 399 4378 fieri
437 4337 626 4392 queat,
664 4344 826 4382 nemo
867 4337 1112 4382 nostrum
1164 4331 1282 4384 siue
1328 4329 1586 4400 lacrymis
1636 4329 1703 4382 ad
1747 4328 1862 4383 oili-

277 4417 427 4472 cium
485 4427 539 4472 et
567 4419 858 4475 lectionem
889 4422 1135 4475 accedat.
1168 4421 1224 4474 Si
1258 4422 1426 4484 enim,
1462 4422 1533 4474 mi
1566 4419 1756 4486 frater,
1782 4422 1859 4476 ita

1964 3243 2174 3314 pestive
2199 3240 2527 3310 garrientem
2557 3235 2860 3305 aspexeris,
2899 3234 3076 3302 capite
3107 3231 3428 3300 profundius
3451 3232 3536 3283 in.

1964 3334 2168 3387 clinato
2203 3329 2402 3382 tacitus
2434 3326 2665 3396 praeteri.
2702 3323 2826 3379 Noli
2858 3325 3133 3386 accedere,
3171 3332 3224 3376 et
3254 3335 3358 3375 una
3393 3334 3535 3373 con-

1962 3420 2163 3482 sidere,
2207 3432 2416 3471 memor
2465 3416 2609 3470 illius
2652 3430 2719 3468 ex
2760 3413 2976 3469 Psalmo
3014 3433 3028 3468 :
3068 3413 3266 3467 Beatus
3299 3412 3399 3474 vir,
3442 3411 3534 3480 qui

1960 3531 2067 3570 non
2090 3512 2221 3566 abiit
2252 3513 2305 3564 in
2338 3509 2554 3564 consilio
2584 3509 2890 3577 impiorum,
2921 3519 2972 3560 et
3000 3508 3055 3560 in
3085 3507 3166 3560 via
3193 3513 3531 3574 peccatorum

1964 3620 2066 3657 non
2111 3603 2274 3665 stetit,
2320 3609 2367 3654 et
2411 3601 2466 3653 in
2513 3597 2768 3652 cathedra
2811 3597 3127 3664 pestilentiw
3163 3612 3268 3648 non
3311 3593 3530 3648 sedit".

1962 3693 2290 3748 Pestilentes
2325 3704 2562 3758 namque
2602 3696 2729 3742 sunt
2760 3685 3096 3756 huiusmodi,
3131 3685 3274 3743 sicut
3307 3691 3360 3736 et
3390 3682 3533 3736 Pau-

1959 3785 2046 3839 lus
2069 3785 2146 3838 ait
2169 3801 2184 3838 :
2220 3781 2572 3849 Corrumpunt
2607 3781 2767 3833 bonos
2798 3794 2967 3831 mores
2990 3776 3252 3844 colloquia
3279 3789 3446 3842 praua
3465 3774 3532 3826 “.

1959 3875 2077 3931 Jam
2111 3877 2156 3930 si
2191 3874 2321 3945 quid
2352 3873 2519 3946 pestis
2550 3880 2653 3935 est,
2675 3871 2812 3925 idem
2839 3878 2920 3924 est
2949 3878 3001 3924 et
3027 3867 3328 3937 corruptio.
3354 3864 3539 3930 Quare

1963 3983 2085 4022 cum
2118 3966 2299 4021 otiosa
2338 3964 2731 4024 fabulantihus,
2775 3961 2998 4024 dilecte,
3036 3974 3106 4013 ne
3142 3957 3381 4022 sederis;
3431 3971 3542 4010 nec

1963 4058 2115 4112 dicas
2141 4075 2155 4110 :
2187 4055 2416 4109 Audiam
2444 4059 2498 4105 et
2525 4066 2623 4122 ego
2649 4050 2778 4120 quid
2806 4048 3138 4118 loquamini;
3167 4047 3262 4100 sed
3293 4053 3352 4099 ut
3375 4045 3534 4100 modo

1964 4148 2194 4211 aiebam,
2229 4146 2330 4201 sub
2359 4144 2529 4198 misso
2556 4149 2866 4196 reverenter
2896 4139 3091 4208 capite,
3126 4136 3358 4206 praeteri.

2039 4238 2325 4292 Silentium
2399 4243 2452 4290 et
2494 4245 2695 4290 statum
2738 4232 3222 4300 conditionemque
3260 4227 3536 4297 peregrini

1965 4345 2138 4387 serva.
2205 4328 2530 4391 Silentium,
2594 4327 2721 4380 dum
2781 4322 3102 4391 tibimetipsi
3165 4331 3355 4375 tacens
3424 4320 3535 4383 ais,

1965 4421 2226 4492 quidnam
2257 4434 2357 4490 ego
2385 4419 2514 4473 boni
2545 4433 2767 4487 possum
2805 4415 3076 4485 proloqui.
3107 4413 3199 4481 qui
3237 4420 3383 4466 totus
3409 4426 3532 4464 sum

277 4517 336 4563 te
361 4509 429 4562 ad
455 4524 596 4579 Opus
627 4510 731 4565 hoc
757 4511 1143 4577 assuefeceris,
1176 4512 1329 4566 brevi
1358 4520 1601 4581 tempore
1634 4526 1858 4581 proces-
1889 4486 1938 4544 D
1967 4486 2164 4577 lutum,
2203 4522 2257 4566 et
2295 4486 2522 4564 fatuus?
2547 4486 2668 4562 imo
2702 4507 2867 4562 etiam
2904 4507 3127 4576 hospes,
3167 4514 3220 4558 et
3251 4505 3534 4572 indiguus,

277 4615 378 4659 sus
423 4600 647 4666 efﬁcies,
690 4610 742 4657 et
781 4603 835 4656 in
867 4605 1043 4656 virum
1086 4601 1411 4672 perfectum,
1448 4603 1502 4656 in
1543 4619 1854 4657 mensuram

277 4694 460 4749 aetatis
507 4694 863 4763 plenitudinis
904 4693 1107 4749 Christi
1147 4710 1428 4751 occurres.
1460 4696 1678 4752 instans
1710 4699 1853 4752 enim

279 4786 381 4839 tibi
414 4785 541 4854 ipsi,
574 4803 644 4841 ne
675 4787 810 4840 citra
846 4787 1118 4858 lacrymas
1150 4789 1530 4858 praescriptum
1577 4788 1854 4852 Ecclesiae,

277 4892 379 4932 seu
438 4879 882 4948 congregationis
941 4879 1187 4934 ofﬁcium
1253 4881 1538 4944 decurras,
1607 4881 1855 4935 habitum

281 4967 415 5020 boni
459 4967 623 5035 hujus
667 4969 1014 5037 adipisceris,
1059 4979 1224 5040 atque
1258 4971 1311 5024 in
1357 4973 1472 5038 ipsa
1507 4971 1854 5041 stichologia,

277 5067 334 5113 et
366 5061 626 5128 tropariis
654 5076 775 5130 qua:
815 5061 1025 5128 psallis,
1072 5063 1237 5115 alitur
1282 5063 1500 5116 animus
1545 5070 1691 5125 tuus,
1726 5063 1854 5117 dum

277 5150 502 5204 divinos
533 5165 723 5205 eorum
754 5167 976 5216 sensus,
1013 5153 1065 5204 in
1099 5167 1156 5206 se
1185 5154 1397 5222 recipit,
1435 5163 1487 5206 et
1519 5169 1614 5222 per
1646 5168 1706 5207 ea
1737 5170 1857 5223 quae

278 5244 565 5305 dicuntur,
612 5241 678 5296 ad
709 5257 773 5296 ea
811 5259 928 5312 qua:
974 5242 1371 5312 intelliguntur,
1414 5259 1566 5297 mens
1599 5244 1852 5311 provehi-

277 5344 396 5399 tur,
450 5335 707 5403 dulcique
746 5334 874 5389 ﬂetu
908 5335 1143 5397 stillans,
1191 5335 1260 5387 ita
1305 5335 1358 5387 in
1400 5344 1547 5388 creta
1595 5337 1848 5398 fratrum,

277 5434 340 5482 ut
377 5429 429 5480 in
468 5428 609 5482 cmlo
654 5442 778 5482 cum
819 5426 994 5481 beatis
1041 5427 1314 5482 mentibus
1350 5425 1508 5479 vivis.
1555 5425 1652 5479 Fer
1685 5426 1852 5494 igitur

355 5635 403 5668 δ’
455 5633 651 5687 Matth.
705 5649 758 5694 x,
797 5631 886 5685 9.2.
969 5630 1012 5662 ⁵⁷
1061 5628 1233 5682 Eccli.
1288 5643 1485 5689 χχχιιι,
1553 5627 1646 5680 29.

1722 5626 1769 5658 ""
1808 5624 1953 5680 Psal.
1981 5638 2019 5688 ι,
2056 5622 2110 5675 i.

1964 4607 2059 4677 qui
2104 4606 2315 4673 loquar,
2354 4612 2448 4656 aut
2476 4602 2710 4666 audiam,
2747 4608 2839 4653 aut
2883 4601 3026 4653 inter
3058 4596 3306 4652 homines
3346 4608 3546 4648 nume--

1966 4714 2073 4753 rer.
2104 4695 2547 4765 Peregrinitatem
2587 4708 2735 4756 vero,
2775 4692 3069 4761 fugamque
3100 4688 3279 4742 omnis
3303 4701 3534 4756 consgr—

1967 4789 2049 4849 tii,
2095 4788 2224 4840 dum
2282 4786 2396 4838 haec
2432 4783 2661 4852 cogitas,
2707 4791 2757 4834 et
2799 4781 3015 4833 tibimet
3051 4777 3281 4840 oceiuis,
3327 4772 3538 4828 consti-

1966 4889 2124 4935 tuens
2153 4878 2250 4932 tibi
2284 4883 2506 4946 peccata
2536 4883 2626 4927 tua
2667 4880 2794 4925 ante
2828 4870 3035 4930 oculos,
3069 4884 3170 4923 nec
3199 4865 3545 4935 primoribus

1965 4973 2228 5026 duntaxat
2253 4968 2445 5030 labris,
2469 4965 2562 5020 sed
2588 4979 2653 5018 ex
2686 4961 3000 5031 praecordiis
3033 4960 3167 5012 dicis
3201 4977 3213 5010 :
3243 4957 3378 5021 Quis
3412 4972 3540 5011 sum

1966 5079 2065 5134 ego
2114 5061 2363 5130 abjectus
2415 5064 2468 5111 et
2517 5055 2664 5117 vilis,
2713 5051 2967 5122 ignobilis
3014 5056 3067 5102 et
3115 5047 3421 5109 mendicus,
3477 5054 3536 5099 ut

1965 5152 2155 5206 cellam
2217 5147 2443 5201 alterius
2507 5141 2771 5200 subeam?
2820 5151 3003 5193 nonne
3057 5145 3116 5189 ut
3171 5150 3256 5187 me
3315 5134 3537 5196 viderit,

1962 5242 2120 5313 quasi
2173 5247 2477 5293 monstrum
2532 5232 2918 5288 aversabitur?
2969 5242 3150 5283 nonne
3191 5227 3356 5285 dicet,
3401 5222 3538 5292 quid

1962 5332 2335 5390 exsecrandus
2367 5331 2474 5383 iste
2517 5329 2583 5381 ad
2631 5341 2718 5380 me
2761 5324 2930 5385 venit,
2967 5329 3026 5374 ut
3058 5317 3306 5372 cellulam
3353 5329 3537 5368 meam

1963 5421 2231 5477 incestet?
2269 5419 2333 5472 Et
2375 5429 2689 5487 quanquam
2743 5426 2774 5466 a
2823 5407 3088 5482 principio
3130 5404 3246 5460 hac
3297 5399 3441 5470 apud
3478 5407 3540 5454 te

2187 5621 2232 5654 δ’
2263 5619 2280 5672 1
2312 5619 2438 5673 Cor.
2467 5634 2552 5682 xv,
2595 5617 2687 5672 33.

355 5830 469 5906 (10)
506 5833 648 5902 Περὶ
687 5829 778 5883 τοῦ
807 5828 1113 5883 διακοπτθῦ
1136 5828 1231 5896 τῆς
1260 5827 1426 5895 μονῆς
1457 5826 1576 5882 viJu
1602 5823 1855 5879 Cassiani.

1961 5821 2092 5875 illal.
2128 5835 2236 5883 mu,
2274 5835 2394 5881 cup.
2433 5817 2454 5868 1
2491 5816 2538 5869 cl
2577 5815 2639 5870 ἳν-
