4156 6340
651 423 761 490 “3

1887 432 2269 497 SYMEONIS
2307 433 2694 498 JUNIORIS.

3788 424 3893 490 ιιι

656 541 839 594 dicere
883 553 994 595 non
1041 539 1293 611 potuisti,
1341 547 1521 597 tamen
1561 541 1764 598 sensim
1795 544 1959 599 etiam
1993 543 2058 598 ad
2096 546 2220 607 hoc,
2252 545 2298 604 Α
2326 543 2634 613 quempiam
2654 540 2852 614 sedere
2873 537 3247 612 conspicuis;
3281 539 3510 611 perinde
3531 554 3595 596 ac
3626 539 3671 598 si
3701 549 3892 596 omnes

656 631 830 702 gratia
871 631 970 687 tibi
1003 641 1335 702 cooperante
1367 636 1674 703 pervenies.
1703 635 1938 690 Tantum
1970 635 2095 689 audi
2138 649 2225 690 me

659 722 958 790 humilem;
993 731 1207 780 tantum
1241 724 1324 778 fac
1357 724 1554 780 horum
1598 727 1838 792 initium,
1879 727 2063 793 frater,
2098 735 2224 781 tan-

659 823 775 869 tum
814 813 928 869 haec
958 815 1156 882 facere,
1187 824 1239 870 et
1271 832 1453 886 agere,
1487 827 1541 872 et
1574 819 1721 888 loqui
1757 817 1962 882 ordire,
1995 819 2225 874 et‘Deus

656 913 713 959 te
739 921 847 958 non
880 905 1096 960 deseret
1123 929 1136 960 :
1173 909 1308 961 mire
1335 909 1477 962 enim
1512 918 1566 963 te
1594 919 1765 978 amat,
1799 919 1958 980 teque
1986 911 2051 965 ad
2081 910 2226 980 agni-

659 995 863 1049 tionem
889 997 1136 1052 veritatis
1162 1000 1348 1052 venire
1365 999 1432 1065 '°,
1463 1008 1516 1055 et
1541 999 1739 1056 salvari
1765 1001 2059 1057 desiderat.
2088 1003 2223 1057 Cum

663 1094 877 1153 tempus
921 1101 1092 1153 usque
1139 1089 1204 1140 ad
1261 1088 1447 1142 horam
1497 1090 1752 1162 Iiturgiir,
1798 1107 1894 1147 seu
1936 1093 2113 1147 missae
2145 1093 2226 1149 sic

656 1179 1013 1241 transegeris.
1046 1179 1241 1233 iterum
1280 1196 1476 1252 magno
1508 1184 1716 1248 studio,
1754 1194 1806 1239 et
1838 1186 2122 1241 alacritate
2156 1185 2224 1240 ad

668 1273 901 1338 synasin
949 1271 1103 1324 vade.
1158 1269 1250 1325 Sta
1302 1288 1363 1326 ea
1407 1272 1600 1339 forma,
1645 1291 1806 1342 quam
1858 1277 1912 1330 in
1957 1280 2224 1334 matutina

658 1356 950 1427 doxologia
981 1361 1076 1414 tibi
1116 1365 1576 1433 praseripsimus,
1610 1377 1662 1421 et
1697 1369 1875 1422 luctus
1904 1371 2222 1439 neutiquam

659 1449 1002 1506 obliviscere.
1041 1455 1172 1508 Asta
1217 1471 1341 1508 cum
1380 1468 1637 1522 tremore,
1683 1469 1867 1528 utpote
1904 1460 2100 1514 Filium
2133 1461 2223 1517 Dei

656 1551 879 1610 propter
906 1552 958 1598 te
991 1547 1291 1600 sacrificari
1322 1550 1691 1620 conspiciens,
1729 1562 1782 1606 et
1821 1552 1865 1606 si
1911 1553 2108 1621 dignus
2140 1568 2223 1618 es,

655 1640 822 1702 atque
856 1636 919 1686 ad
964 1636 1065 1690 hoc
1097 1639 1373 1708 expiatus,
1406 1641 1456 1694 in
1502 1643 1697 1698 timore
1721 1652 1772 1697 et
1803 1646 2001 1713 gaudio
2026 1645 2225 1701 accede

658 1725 1165 1781 communicaturus
1210 1729 1364 1784 bonis
1411 1732 1888 1787 inenarrabilibus.
1943 1734 2074 1791 Post
2130 1753 2226 1791 ex-

659 1824 862 1868 tremas
907 1833 1093 1884 preces
1133 1835 1410 1887 egressus,
1459 1839 1580 1876 cum
1623 1825 1877 1880 omnibus
1913 1826 2222 1881 accubitum

657 1903 756 1968 ito,
801 1919 900 1960 nec
929 1917 978 1961 te
1011 1924 1040 1960 a
1073 1907 1332 1966 fratribus
1358 1913 1462 1967 tuis
1489 1928 1700 1979 separa.
1735 1916 1798 1970 Et
1826 1917 2092 1985 siquidem
2124 1920 2228 1972 mi-

661 1997 898 2051 nistrare
927 2000 1228 2066 jubeberis,
1263 2013 1380 2057 asta
1409 2017 1465 2058 ut
1492 2005 1734 2072 Christo,
1768 2023 1873 2062 non
1909 2017 1968 2062 ιιι
1997 2009 2228 2063 homini-

659 2088 783 2147 bus.
828 2091 1046 2173 sincero
1089 2094 1302 2158 affectu,
1347 2105 1400 2149 et
1435 2114 1502 2151 ex
1535 2099 1823 2162 charitate,
1853 2102 2130 2163 omnibus,
2169 2114 2225 2156 ιιι

659 2181 890 2244 sanctis,
914 2184 995 2234 vel
1028 2186 1232 2253 potius,
1261 2189 1405 2241 sicut
1426 2189 1767 2256 dicebamus,
1799 2200 1857 2245 ut
1883 2193 1981 2259 ipsi
2005 2193 2222 2250 Christo

659 2271 1076 2329 ministraturus
1108 2293 1120 2329 :
1155 2279 1340 2331 animo
1366 2280 1610 2350 singulos
1647 2282 1813 2337 veluti
1847 2285 2223 2352 complesans,

653 2370 713 2416 et
749 2363 983 2430 teipsttm
1022 2367 1325 2422 intentione
1355 2385 1417 2424 ac
1445 2370 1726 2426 voluntate
1760 2382 1930 2426 totum
1964 2391 2058 2444 per
2089 2378 2220 2431 cha-

654 2453 874 2506 ritatem
914 2455 995 2509 eis
1027 2459 1368 2526 impendens,
1415 2468 1470 2516 et
1504 2470 1556 2515 te
1584 2477 1649 2517 ex
1685 2464 1990 2519 ministerio
2023 2467 2128 2521 isto
2155 2467 2222 2522 ad

655 2546 1001 2600 ssnctimonii
1073 2547 1314 2604 fructum
1383 2553 1796 2622 percipiendum
1865 2558 2219 2612 confirmans.

654 2633 812 2698 Quod
842 2637 885 2688 si
918 2653 1118 2693 mensre
1145 2657 1265 2693 cum
1302 2645 1511 2698 caeteris
1537 2655 1593 2697 ttt
1626 2661 1844 2715 quoque
1877 2649 2224 2714 accubtteris,

652 2738 721 2776 cn
756 2727 885 2793 quid
921 2729 1038 2792 tibi,
1079 2739 1136 2781 ttt
1163 2731 1362 2785 dilecto
1405 2735 1567 2800 patri,
1616 2751 1680 2790 ac
1729 2735 1879 2792 fratri
1923 2755 2043 2794 meo
2073 2755 2224 2795 utan-

655 2812 800 2866 dem.
850 2814 928 2868 Ad
963 2822 1243 2884 appositas
1281 2821 1471 2888 epulas
1503 2837 1570 2876 ne
1615 2823 1849 2880 festinus
1887 2842 1948 2879 ac
1983 2843 2224 2898 praeceps

656 2918 874 2957 manum
916 2908 1198 2969 extend—as,
1239 2921 1528 2980 antequam
1567 2915 1813 2970 seniores
1855 2917 1922 2972 de
1963 2919 2222 2974 fratribus

653 2995 938 3049 comedere
960 2997 1310 3068 incipiant,et
1329 3012 1620 3072 antequam
1641 3021 1873 3075 superne
1891 3023 1919 3061 a
1940 3010 2223 3066 sacerdote

656 3085 880 3140 recitata
930 3088 999 3142 s‘it
1043 3090 1370 3147 benedictio.
1403 3094 1649 3162 Cumque
1685 3099 1852 3151 simul
1878 3114 2002 3152 cum
2038 3099 2221 3156 fratri-

2328 635 2406 690 illl
2452 633 2654 690 divites.
2684 633 2804 689 sint.
2833 632 3151 700 virtutibus,
3192 640 3250 686 tu
3281 640 3460 688 autem
3494 631 3804 698 mendicus,
3839 642 3894 703 et

2327 724 2531 790 nudus,
2563 733 2616 780 et
2656 724 2749 794 qui
2782 725 2924 778 inter
2955 738 3050 779 eos
3079 737 3322 792 versere,
3362 737 3663 794 eorumque
3705 724 3892 779 vultus

2328 819 2584 890 aspicias,
2615 818 3053 886 indignissimus.

2397 913 2666 968 Catterum
2697 909 2877 964 cibum
2921 918 3185 975 tacturus,
3232 925 3451 964 rursum
3504 908 3607 966 ista
3640 917 3894 979 peccato-

2327 1022 2451 1061 rum
2513 1014 2730 1058 tuorum
2797 1004 3118 1058 recordatus
3173 1003 3479 1072 cogitabis:
3532 1003 3612 1057 An
3671 1017 3776 1056 non
3842 999 3893 1054 in

2320 1095 2603 1166 judicium.
2648 1102 2702 1149 et
2736 1092 3254 1148 condemnationem
3291 1093 3402 1156 fiat,
3452 1093 3498 1147 si
3527 1093 3655 1162 quid
3689 1108 3753 1146 ex
3802 1106 3891 1161 ap-

2326 1187 2522 1258 positis
2549 1185 2884 1256 contigero‘l
2925 1184 3034 1241 Deo
3076 1187 3218 1239 enim
3254 1186 3347 1256 qui
3401 1184 3514 1240 haec
3563 1184 3890 1253 procreavit,

2328 1280 2594 1347 nobisque
2645 1279 2912 1353 ves-cenda
2973 1279 3200 1349 largitus
3255 1287 3360 1344 est,
3415 1292 3517 1348 ego
3563 1276 3631 1331 ab
3664 1275 3889 1330 infantia

2327 1385 2444 1425 mea
2474 1369 2796 1424 inobediens
2849 1369 2949 1434 fui,
2979 1379 3032 1424 et
3067 1375 3287 1424 sanctas
3323 1368 3470 1438 leges
3505 1366 3626 1435 ejus
3655 1380 3764 1420 non
3797 1380 3882 1417 cu-

2327 1462 2548 1516 Stodivi.
2584 1460 2647 1514 Et
2678 1461 2950 1529 quomodo
2980 1459 3140 1514 bonis
3170 1461 3343 1529 ipsius
3371 1458 3600 1527 proinde
3630 1467 3687 1511 ιιι
3716 1457 3886 1512 sancti

2325 1553 2514 1608 Patres
2547 1553 2638 1608 isti
2671 1569 2772 1621 ego
2801 1567 3017 1622 quoque
3066 1553 3323 1620 indignus
3362 1559 3416 1605 et
3448 1566 3574 1604 rcus
3603 1548 3892 1620 perfruar!

2324 1643 2443 1710 Quo
2473 1645 2624 1698 vultu
2659 1652 2784 1699 ante
2818 1645 3008 1698 oculos
3045 1643 3256 1699 Domini
3290 1643 3392 1697 mei
3429 1657 3528 1703 ego
3553 1656 3784 1711 nequam
3843 1647 3898 1694 et

2326 1735 2609 1803 improbus
2672 1744 2727 1788 et
2783 1736 3029 1804 ingratus
3080 1749 3289 1799 servus,
3340 1736 3658 1804 priusquam
3701 1746 3898 1801 pecca-

2328 1831 2506 1877 torum
2585 1839 2669 1878 me
2744 1825 3083 1892 paenituerit,
3122 1832 3176 1878 et
3240 1823 3307 1876 ab
3358 1822 3499 1876 illius
3567 1819 3898 1886 benignitate

2329 1914 2542 1967 veniam
2582 1911 2818 1982 perfecte
2852 1913 3176 1980 acceperim,
3209 1913 3343 1966 sicut
3372 1910 3463 1980 qui
3496 1925 3602 1963 non
3635 1923 3899 1977 peccave-

2330 2011 2478 2070 runt,
2502 2012 2594 2057 aut
2618 2020 2742 2058 cum
2776 2012 3116 2072 peccassent,
3147 2018 3244 2071 per
3271 1998 3649 2070 paenitentiam
3681 1999 3898 2051 veniam

2328 2094 2707 2162 impetrarunt,
2747 2093 2862 2162 ipse
2919 2093 3127 2162 pariter
3179 2091 3487 2152 comedam,
3517 2097 3571 2143 et
3603 2088 3783 2142 bibam
3842 2095 3901 2142 et

2328 2198 2450 2237 cum
2493 2185 2698 2238 sanctis
2723 2184 3028 2252 gaudeam?
3080 2182 3236 2236 Nullo
3269 2180 3448 2245 modo,
3503 2180 3594 2235 sed
3649 2180 3773 2233 cibo
3845 2187 3901 2232 et

2327 2273 2548 2343 potione
2585 2275 2760 2328 solum
2802 2282 2943 2339 utar,
2995 2289 3063 2327 ne
3093 2273 3200 2325 vita
3233 2273 3501 2335 deficiam,
3538 2279 3590 2324 et
3627 2270 3899 2338 meipsum

2327 2366 2635 2426 macerabo.
2666 2364 2922 2419 cruciabo
2984 2373 3036 2417 et
3066 2362 3361 2425 damnabo,
3394 2370 3453 2416 ut
3486 2362 3627 2416 Dens
3656 2360 3898 2430 desuper

2329 2458 2655 2525 respiciens,
2697 2465 2750 2509 et
2789 2455 3072 2525 angustias
3121 2456 3598 2526 voluntariamque
3646 2453 3898 2509 afﬂictio-

2325 2562 2450 2601 nem
2488 2560 2663 2600 meam
2723 2547 2965 2612 intuens,
3034 2547 3381 2609 misereatur,
3436 2554 3491 2600 et
3540 2548 3710 2600 multa
3743 2529 3894 2600 'mibi

2325 2642 2546 2702 peccata
2585 2648 2701 2685 mea
2751 2633 3017 2702 ignoscat.
3057 2631 3180 2685 Haec
3234 2633 3400 2701 igitur
3449 2633 3649 2700 cogita,
3699 2632 3899 2686 horum

2327 2723 2623 2776 identidem
2678 2727 2971 2778 m‘em‘tmto.
3013 2724 3214 2778 Adhzec
3248 2724 3450 2792 impera
3503 2724 3600 2778 tibi
3635 2731 3712 2777 tot
3738 2723 3900 2792 bolos

2325 2814 2510 2877 edere,
2544 2823 2603 2867 ut
2639 2816 2898 2867 saturitas
2930 2830 3037 2867 non
3075 2822 3360 2882 sequatur,
3393 2813 3563 2867 multo
3599 2812 3892 2882 pauciores

2325 2909 2535 2976 utique,
2570 2924 2730 2977 quam
2763 2924 2859 2978 pro
2886 2907 3234 2972 necessitate,
3272 2917 3326 2960 et
3359 2921 3522 2976 quam
3552 2920 3897 2970 concoquere

2325 3015 2537 3068 posses.
2570 2999 2701 3054 Item
2738 3017 2928 3064 unum,
2965 3007 3057 3052 aut
3089 2999 3197 3052 duo
3231 3002 3449 3067 pocula,
3473 3005 3527 3052 et
3563 2997 3614 3051 id
3636 3012 3739 3052 una
3761 2998 3897 3052 hora

2327 3092 2429 3146 diei
2465 3092 2764 3148 constituta
2804 3106 3040 3144 sumere.
3083 3089 3219 3143 Cum
3267 3088 3532 3154 comedis,
3587 3104 3654 3142 ne
3687 3089 3895 3156 cogita-

657 3179 759 3232 bus
793 3194 854 3233 ac
899 3182 1146 3248 patribus
1175 3187 1281 3239 tuis
1316 3201 1518 3255 corpus
1555 3189 1676 3241 cibo
1713 3189 1935 3244 reﬁcere
1965 3194 2219 3260 ρωρει-ίε,
2250 3213 2292 3271 c
2328 3185 2457 3238 tioni
2493 3183 2745 3238 subeunti
2778 3182 2962 3243 cedas.
2989 3191 3047 3235 ut
3073 3180 3277 3250 aliquid
3304 3182 3369 3234 de
3397 3181 3666 3250 appositis
3699 3181 3894 3250 eligas,

655 3271 876 3327 attende
915 3274 1031 3336 tibi,
1081 3291 1243 3342 quam
1289 3280 1772 3347 compositissime,
1816 3291 1868 3336 et
1911 3279 2105 3339 tacitus
2136 3301 2221 3341 se-

652 3362 809 3424 dens,
853 3378 974 3416 cum
1025 3367 1169 3419 nullo
1204 3369 1422 3435 penitus
1455 3370 1682 3438 loquens
1709 3414 1722 3435 ,
1766 3373 1818 3426 in
1863 3375 2095 3428 lectione
2130 3378 2224 3432 de-

658 3455 818 3515 fixus,
857 3463 908 3506 et
945 3464 1001 3509 ttt
1030 3470 1251 3526 corpus,
1281 3459 1363 3513 sic
1396 3460 1636 3514 animum
1663 3479 1880 3532 quoque
1913 3482 1980 3520 ex
2021 3469 2222 3522 divinis

657 3548 832 3600 sancti
888 3546 1123 3614 Spiritus
1173 3551 1410 3605 oraculis
1462 3552 1631 3606 alens.
1675 3555 1896 3622 Oportet
1949 3560 2093 3612 enim
2147 3569 2220 3624 te,

656 3652 780 3690 cum
824 3639 1072 3703 geminus
1112 3655 1212 3703 Sis,
1248 3657 1312 3694 ex
1357 3657 1564 3707 antmo,
1616 3645 1861 3714 inquam,
1901 3657 1955 3702 et
1993 3666 2224 3719 corpore

655 3737 938 3791 constans,
983 3732 1374 3786 convenienter
1399 3735 1616 3802 gemino
1650 3738 1910 3792 alimento
1949 3755 2011 3794 ac
2035 3757 2222 3796 mensa

661 3818 760 3870 uti.
806 3818 870 3871 Et
903 3833 1026 3872 cum
1063 3836 1266 3887 corpus
1308 3824 1402 3878 tibi
1445 3825 1516 3878 sit
1557 3836 1837 3894 terrestre,
1876 3831 2020 3898 quod
2053 3848 2220 3888 sensu

659 3909 980 3976 percipitur,
1031 3912 1245 3967 animus
1297 3929 1446 3979 vero,
1498 3917 1590 3984 qui
1643 3919 1756 3973 sola
1811 3923 2025 3977 ratione
2066 3937 2222 3979 com-

658 3999 1033 4066 prehenditur,
1075 4016 1136 4054 ac
1156 4002 1374 4058 divinus
1414 4016 1520 4068 est,
1563 4005 1696 4061 illud
1737 4009 1900 4064 etiant
1952 4012 2226 4067 sensibili-

659 4087 786 4152 bus,
834 4098 888 4143 et
934 4106 965 4144 e
1010 4101 1151 4145 terra
1195 4096 1548 4151 nascentibus
1584 4097 1804 4162 eduliis,
1840 4101 2224 4157 huncintelle-

656 4181 1272 4253 ctualibus,divinisq.ue
1296 4184 1711 4254 Scripturarum
1737 4188 1968 4258 dapibus
1992 4195 2220 4251 nutrire.

653 4271 837 4339 Itaque
869 4285 1051 4340 partes
1083 4275 1136 4326 in
1177 4289 1361 4328 mensa
1388 4277 1686 4344 appositas,
1718 4294 1841 4348 quae
1879 4282 2019 4335 forte
2047 4283 2224 4352 major

655 4375 745 4416 aut
781 4363 959 4416 minor
990 4363 1062 4417 sit
1102 4365 1320 4418 curiose
1365 4382 1433 4420 ne
1478 4367 1736 4436 inspicias
1770 4387 1783 4423 :
1827 4371 1923 4425 sed
1960 4389 2080 4439 quae
2121 4373 2222 4429 tibi

654 4455 879 4525 praebita
918 4453 1104 4520 fuerit,
1153 4472 1269 4512 eam
1313 4473 1438 4513 cum
1487 4461 1636 4514 omni
1672 4462 1970 4530 gratiarum
2007 4466 2222 4519 actione

2325 3273 2465 3342 quod
2500 3273 2757 3326 absumas
2787 3291 2798 3325 :
2837 3272 2930 3326 sed
2967 3286 3097 3326 cave
3133 3287 3200 3325 ne
3236 3271 3367 3340 quid
3422 3273 3699 3336 comedas,
3746 3271 3897 3341 quod

2326 3366 2423 3420 tibi
2464 3364 2708 3433 sapidum
2741 3365 2856 3417 fore
2884 3365 3062 3417 visum
3095 3374 3217 3418 est:
3267 3363 3381 3417 sola
3433 3377 3565 3416 vero
3599 3379 3718 3432 qua
3767 3372 3896 3418 ante

2327 3466 2378 3510 te
2413 3469 2559 3519 sunt,
2597 3455 2840 3510 comede.
2897 3455 3035 3520 Quin
3075 3455 3236 3508 etiam
3279 3455 3324 3510 si
3357 3454 3495 3508 forte
3535 3455 3764 3519 fructus,
3800 3462 3896 3507 aut

2327 3548 2432 3600 alia
2486 3547 2733 3617 qttzedam
2783 3547 3006 3612 bellaria
3061 3545 3285 3611 fuerint,
3321 3557 3370 3599 et
3409 3562 3580 3598 unum
3631 3546 3892 3610 quiddam

2329 3638 2421 3694 tibi
2451 3639 2720 3702 arriserit,
2742 3638 3050 3706 dixeritque
3078 3639 3242 3690 tacita
3265 3638 3556 3704 cogitatio:
3601 3635 3894 3690 Pulchrum

2324 3739 2406 3784 est
2434 3729 2584 3792 illud,
2613 3731 2796 3798 accipe
2845 3739 2897 3782 et
2927 3729 3173 3792 comede,
3205 3729 3270 3781 da
3303 3743 3523 3796 operam
3553 3744 3622 3783 ne
3652 3729 3891 3792 vincare.

2326 3837 2461 3876 neve
2495 3830 2686 3890 tangas
2725 3822 2854 3874 illud
2884 3838 2898 3886 ;
2931 3822 3150 3890 quando
3186 3835 3281 3890 per
3305 3819 3451 3873 aliud
3485 3819 3620 3873 nihil
3652 3819 3895 3874 Adamus

2325 3928 2355 3967 e
2397 3913 2654 3983 paradiso
2718 3914 3116 3970 exterminatus
3157 3920 3263 3975 est,
3330 3912 3434 3966 nisi
3489 3912 3615 3979 quia
3681 3911 3898 3966 arboris

2325 4005 2538 4061 fructus
2573 4004 2798 4074 pulcher
2824 4005 2895 4064 ei.
2924 4011 2979 4058 et
3010 4004 3183 4058 bonus
3218 4002 3285 4058 ad
3336 4003 3665 4059 vescendum
3723 4016 3893 4074 appa-

2324 4096 2454 4157 ruit,
2487 4100 2540 4146 et
2574 4091 2810 4146 comedit
2846 4106 2910 4144 ex
2939 4090 3078 4156 ipso,
3109 4090 3338 4160 ideoque
3366 4090 3574 4157 eiectus
3608 4096 3662 4143 et
3695 4088 3895 4158 expul-

2326 4201 2444 4253 sus,
2493 4192 2776 4252 morteque
2856 4190 2910 4236 et
2942 4182 3297 4249 corruptione
3327 4181 3620 4235 damnatus
3652 4188 3756 4234 est.
3785 4176 3892 4244 Qui

2324 4291 2453 4344 ergo
2489 4276 2542 4328 in
2601 4273 3121 4344 paradisumillum,
3177 4270 3259 4324 vel
3321 4272 3501 4341 potius
3552 4273 3605 4324 in
3667 4283 3893 4340 regnum

2325 4369 2592 4424 caelorum
2645 4367 2844 4421 reverti
2898 4367 3105 4429 volunt,
3156 4364 3553 4418 continentiam
3610 4361 3727 4416 sine
3784 4360 3893 4414 ulla

2327 4458 2770 4530 transgressione
2797 4458 2958 4512 etiam
2990 4456 3055 4509 ad
3085 4457 3198 4509 haec
3221 4470 3392 4523 usque
3420 4468 3638 4519 servare
3657 4451 3892 4518 debent,

656 4558 966 4616 susceptam
1011 4549 1256 4612 comede,
1313 4549 1477 4619 idque
1513 4559 1904 4621 temperanter,
1953 4556 2006 4615 in
2041 4559 2220 4612 omni.
2252 4541 2299 4599 Ι)
2326 4567 2393 4606 ne
2427 4550 2686 4619 paulatim
2724 4550 2776 4601 in
2825 4547 3084 4615 majores,
3119 4555 3172 4598 et
3205 4547 3397 4599 noxias
3431 4544 3756 4614 cupiditates
3808 4543 3895 4597 in-

652 4639 756 4692 itus
811 4639 1154 4694 saturitatem
1223 4639 1470 4711 fugiens;
1529 4643 1818 4715 indignum
1865 4646 2115 4701 videlicet
2168 4655 2223 4715 te.

653 4728 879 4784 fratrum
914 4746 1103 4786 mensa
1134 4741 1412 4800 reputans,
1447 4735 1684 4803 taliaque
1726 4745 1903 4790 tecum
1948 4740 2171 4793 volvens
2202 4755 2214 4790 ε

652 4819 786 4885 Quis
829 4836 948 4874 sum
994 4837 1093 4892 ego
1125 4822 1373 4891 abjcctus
1403 4831 1457 4877 et
1489 4826 1695 4880 nuUius
1738 4827 1919 4894 pretii,
1959 4837 2017 4881 ut
2067 4829 2220 4887 hisee

651 4913 859 4965 sanctis
888 4913 1181 4977 assideant,
1206 4926 1259 4968 et
1287 4915 1478 4970 cibum
1504 4933 1609 4974 una
1640 4919 1891 4987 capiam?
1919 4919 2008 4974 Sic
2039 4928 2219 4974 tecum

651 5000 901 5069 loquens,
936 5010 1055 5056 toto
1103 5004 1268 5058 corde
1306 5016 1358 5060 te
1397 5007 1576 5070 solum
1623 5017 1970 5077 peccatoretu.
2006 5011 2214 5066 ducito.

651 5089 1122 5158 Quemadmodum
1169 5081 1453 5152 mendicus
1493 5099 1726 5166 aliquis.
1757 5110 1809 5156 et
1843 5101 2039 5168 pannis
2065 5102 2214 5158 obsi-

652 5190 764 5242 tus.
803 5181 846 5234 si
879 5183 932 5233 in
969 5183 1207 5238 medium
1242 5186 1550 5258 principum
1583 5185 1650 5244 ac
1672 5191 1904 5245 divitum
1935 5193 2217 5262 splendide

651 5282 1086 5340 sumptuoseque
1124 5277 1453 5338 vestitos-um
1502 5279 1780 5345 inciderit,
1817 5281 2112 5347 erubescit,
2155 5297 2219 5338 ac

654 5362 848 5417 timore
889 5362 1166 5429 perfusus.
1210 5382 1282 5421 ne
1331 5372 1774 5441 appropinquare
1829 5371 2071 5441 quidem,
2122 5382 2216 5429 aut

652 5452 879 5509 liberius
914 5458 1174 5510 accedene
1201 5457 1272 5514 ad
1314 5475 1643 5529 quemquam
1677 5476 1865 5516 eorum
1904 5465 2089 5518 audet.
2129 5463 2214 5518 Si.

657 5542 861 5597 militer
895 5555 947 5595 ιιι
995 5561 1122 5615 erga
1155 5563 1346 5604 omnes
1379 5560 1428 5606 te
1466 5567 1613 5622 gere,
1655 5553 1830 5607 locum
1877 5563 2212 5622 postremum

660 5647 877 5702 semper
902 5637 1130 5707 eligens,
1157 5650 1209 5694 et
1231 5656 1291 5697 os
1324 5642 1529 5712 pudore
1559 5644 1901 5715 suﬂundens,
1931 5661 2055 5705 cum
2089 5652 2215 5701 ante

729 5810 777 5844 ⁸⁸
811 5809 831 5853 π
872 5809 1014 5868 Tini.
1049 5829 1108 5885 tt,
1145 5813 1199 5871 ι.

2320 4650 2566 4706 currant.
2603 4639 2659 4694 Si
2698 4647 2751 4694 te
2785 4639 2979 4692 fratres
3015 4635 3176 4691 simul
3235 4635 3627 4690 accumbentes
3666 4635 3895 4688 bortan.

2321 4739 2432 4796 tur,
2467 4740 2524 4784 ut
2558 4730 2792 4800 amplius
2831 4729 3108 4790 comedas,
3167 4739 3261 4781 aut
3309 4727 3487 4788 bibas,
3545 4723 3683 4779 nihil
3742 4724 3892 4779 aliud

2318 4799 2702 4886 respondebis.
2737 4821 2838 4874 nisi
2895 4818 3038 4882 quod
3090 4817 3298 4886 junctis
3350 4816 3604 4870 manibns
3659 4799 3890 4886 paul-um

2321 4929 2638 4982 assurgens,
2689 4910 2953 4967 inclinato
3002 4909 3199 4978 capite,
3263 4921 3329 4960 ac
3377 4923 3509 4961 voce
3559 4907 3666 4959 leni
3695 4907 3889 4961 dices:

2319 5006 2561 5076 ignosce.
2595 5003 2683 5057 Sic
2733 5015 2950 5068 semper
2983 5000 3036 5053 in
3069 4997 3329 5053 omnibus
3380 4997 3727 5069 respondeiq.
3779 4994 3890 5050 Nec

2318 5110 2648 5167 quemquam
2683 5094 2750 5148 de
2781 5094 2892 5146 tuis
2940 5091 3192 5160 reliquiis
3229 5091 3459 5153 honora,
3514 5104 3613 5142 nec
3666 5088 3731 5140 ab
3757 5086 3885 5142 aliis

2318 5191 2615 5261 quidquam
2671 5187 2882 5254 accipe.
2927 5181 2982 5238 Si
3023 5184 3211 5237 vinum
3271 5197 3376 5236 non
3418 5182 3585 5259 bibis.
3640 5179 3767 5233 illud
3821 5195 3890 5235 ne

2319 5295 2546 5351 poscas:
2573 5275 2669 5338 sed
2704 5292 2804 5331 nec
2833 5277 2987 5330 alteri
3033 5274 3274 5341 cuipiam
3307 5288 3372 5325 ex
3414 5268 3681 5324 fratribus
3710 5270 3890 5336 porri-

2322 5386 2442 5441 gas.
2485 5369 2590 5427 nisi
2633 5368 2772 5422 forte
2821 5367 3144 5435 peregrinus
3205 5372 3312 5425 est,
3368 5370 3420 5415 et
3461 5376 3595 5415 usus
3655 5359 3888 5427 alicujus

2323 5462 2496 5531 gratia
2527 5459 2592 5514 ad
2628 5468 2680 5513 te
2721 5459 2886 5518 venit,
2924 5453 3049 5508 Noli
3078 5468 3315 5521 unquam
3365 5467 3488 5505 cum
3543 5451 3723 5519 aliquo
3756 5459 3886 5504 ante

2323 5560 2538 5621 tempus
2565 5561 2804 5616 gustare,
2839 5562 2941 5600 nec
2973 5545 3185 5614 vesperi
3212 5543 3516 5604 comedere,
3547 5551 3637 5594 aut
3671 5541 3887 5605 bibere,

2321 5645 2416 5698 aut
2447 5657 2665 5700 cenare
2693 5641 2924 5704 iterum;
2977 5637 3102 5692 hinc
3146 5634 3290 5690 enim
3324 5633 3465 5688 mala
3501 5632 3682 5687 omnia
3723 5631 3891 5699 profl-
