4128 6338
661 393 763 451 M7

1902 398 2285 460 SYMEONIS
2327 396 2697 462 JUNIORIS

3800 409 3903 474 448

661 503 905 573 quamvis
937 505 1140 576 tu‘ipse
1170 509 1344 566 oculis
1375 510 1482 567 tuis
1515 513 1878 598 fornicantem
1913 517 2130 579 videas,
2156 527 2223 568 ne
2253 515 2300 573 Α
2329 514 2494 567 ritum
2524 518 2808 582 veniemus,
2832 524 2880 572 et
2905 521 3231 575 mansionem
3260 523 3402 590 apud
3425 540 3541 579 eum
3564 525 3817 594 faciemus
3835 528 3902 582 '°.

661 595 1071 663 scandalizeris,
1121 613 1224 656 nec
1258 595 1416 657 ﬁdem
1470 610 1621 659 luam
1675 605 1730 659 in
1765 595 1946 676 ipsum
1983 608 2223 670 minuas,

660 683 1044 755 obtemperans
1079 687 1320 747 dicenti:
1368 693 1547 750 Nolite
1564 688 1846 768 judicare;
1862 709 1912 755 et
1943 718 2044 754 non
2074 701 2227 769 Judi-

660 776 915 832 cabimini
944 782 1012 834 ³¹.
1049 781 1142 836 Sic
1173 791 1224 838 te
1260 785 1516 852 faciente,
1567 799 1627 859 et
1650 800 1900 848 certante
1950 796 2220 864 quotidie,

659 879 767 920 non
798 872 1266 936 procrastitinahit
1313 878 1465 935 Deus’
1495 889 1545 936 te
1580 883 1803 942 visitare
1833 886 2088 958 desuper,
2129 889 2224 943 sed

658 957 921 1052 auxilium
956 962 1244 1052 deisancto
1278 969 1587 1029 habitacula
1618 992 1721 1032 suo
1752 980 1947 1047 mittet,
1973 957 2025 1037 et
2048 985 2223 1052 gratia

658 1047 988 1144 sanctissimi
1025 1051 1259 1121 Spiritus
1284 1060 1404 1128 ejus
1432 1065 1784 1122 ohumbrabit
1815 1071 1930 1134 tibi,
1961 1047 2224 1144 brevique

658 1136 711 1187 in
768 1137 1021 1197 instituto
1072 1153 1168 1200 tuo
1221 1166 1564 1222 progressus,
1614 1160 1950 1228 spiritualem
2003 1136 2220 1221 aetatem

657 1231 885 1296 augebis
913 1249 927 1282 :
951 1234 1018 1288 Et
1052 1239 1106 1290 in
1134 1242 1299 1296 virum
1319 1250 1602 1314 perfectum
1632 1269 1894 1319 occurres,
1914 1257 1970 1310 in
2010 1275 2222 1313 mensus

655 1331 769 1412 ra‘m
789 1324 962 1378 atatis
995 1328 1337 1394 plenitudinis
1386 1335 1663 1406 Christi”,
1685 1344 2047 1412 illuminalus,
2066 1358 2118 1405 et
2142 1353 2223 1405 lu-

654 1407 800 1466 mine
831 1414 1163 1485 cognitionis
1194 1439 1385 1482 omnes
1416 1437 1593 1486 tecum
1627 1434 1970 1494 familiariter
1996 1459 2220 1499 versan-

648 1589 989 1692 illuminans,
1048 1618 1112 1659 ac
1148 1606 1340 1677 Deum,
1392 1615 1485 1683 qui
1532 1618 1735 1672 donum
1773 1624 1944 1677 sancti
1986 1627 2091 1692 sui,
2151 1646 2216 1686 ac

652 1681 850 1780 ινξνίιὶςί
901 1688 1136 1758 Spiritus
1190 1681 1508 1771 impertivit,
1570 1713 1811 1769 moribus
1865 1727 1919 1770 et
1968 1681 2216 1780 oralione

645 1770 994 1879 glprilicans;
1050 1801 1210 1854 quem
1248 1792 1404 1850 decet
1453 1800 1635 1857 omnis
1689 1805 1888 1874 gloria,
1924 1810 2118 1879 honor,
2159 1825 2213 1869 et

650 1864 900 1925 adoratio
951 1889 1098 1965 nunc
1128 1892 1182 1936 et
1211 1899 1447 1957 semper,
1501 1901 1556 1947 et
1592 1894 1646 1948 in
1697 1886 1941 1958 omnium
1981 1864 2213 1965 saeculo-

650 1965 771 2005 rum
801 1960 1181 2025 aeternitatem.
1213 1972 1403 2031 Amen.

1156 2033 1419 2120 ὀιιΑτιο
1490 2067 1693 2130 xxvr.

1235 2153 1624 2218 Ancuueurou.

637 2963 763 3068 rum
786 2956 1099 3059 applicarit,
1154 2984 1276 3025 cum
1315 2976 1510 3035 timore
1563 3000 1628 3039 ac
1659 2956 1891 3049 tremore
1921 2956 2113 3068 mtilto,
2151 3015 2205 3060 et

637 3049 914 3158 Iconten'tis
957 3056 1234 3124 precibus,
1265 3065 1442 3149 eidem
1477 3085 1535 3127 se
1568 3077 1892 3149 subjiciens,

2335 603 2443 659 Et:
2488 604 2548 659 Si
2580 625 2689 674 vos,
2738 626 2856 664 cum
2885 613 3000 666 sitis
3032 613 3181 678 mali,
3211 617 3378 670 nostis
3413 617 3549 672 bona
3597 620 3727 672 data
3773 621 3903 673 dare

2333 700 2462 768 ﬁliis
2490 705 2694 768 vestris,
2729 714 2923 773 quanto
2958 709 3124 776 magis
3168 711 3330 763 Pater
3363 723 3528 766 vester
3557 712 3772 767 calcatis
3804 713 3901 764 du-

2333 791 2408 844 bit
2442 793 2685 857 spiritum
2739 795 2927 849 bonum
2962 800 3253 862 petentibus
3304 819 3358 856 se
3395 803 3474 871 ",‘l
3531 805 3589 858 In
3641 805 3728 859 his
3769 821 3900 873 ergo

2333 883 2844 952 pollicitatidnibus,
2895 898 2950 942 ct
2975 891 3266 958 promissis
3298 893 3416 957 Dei,
3450 892 3561 948 .lide
3593 911 3702 949 non
3735 878 3910 948 dubia.

2333 987 2586 1041 sperans,
2627 984 2686 1027 ut
2734 975 3002 1039 diximus.
3039 981 3210 1035 multa
3245 984 3549 1052 alacritate,
3599 986 3898 1056 cupidissio

2330 1079 2529 1134 meque
2586 1067 2770 1121 omnia
2823 1070 2943 1139 ejus
3015 1077 3268 1149 mandata
3319 1077 3548 1149 impigre
3603 1079 3894 1143 observat;

2330 1177 2563 1231 quorum
2598 1165 2835 1232 primum
2875 1169 2977 1222 hoc
3011 1178 3096 1224 est
3121 1141 3157 1222 τ’
3191 1169 3565 1224 Paenitentiam
3613 1175 3771 1242 agite,
3805 1189 3899 1240 ap-

2327 1255 2705 1323 propinquavit
2744 1259 2883 1312 enim
2919 1277 3132 1330 regnum
3155 1263 3404 1315 calorum
3435 1263 3499 1316 θ’.
3534 1262 3599 1315 Ει
3629 1279 3846 1316 rursum
3879 1280 3891 1314 :

2328 1349 2581 1414 Pulsate,
2607 1358 2658 1405 et
2699 1354 2967 1418 aperietur
3001 1352 3165 1406 vobis.
3230 1353 3416 1408 Omnis
3470 1357 3606 1408 enim
3641 1355 3731 1422 qui
3766 1355 3897 1421 petit

2329 1441 2542 1507 accipit,
2603 1450 2652 1494 et
2684 1443 2774 1510 qui
2802 1444 2989 1510 quazrit
3031 1443 3245 1503 invenit,
3308 1455 3353 1495 et
3406 1443 3640 1508 pulsanti
3692 1446 3895 1511 aperie-

2277 1519 2284 1526 ’
2328 1538 2415 1582 tur
2444 1531 2509 1585 ⁸³.
2547 1532 2676 1585 Post
2711 1532 2826 1585 haec
2859 1532 3055 1586 docere
3085 1549 3185 1586 nos
3216 1533 3401 1587 volens
3432 1532 3595 1599 Deus,
3625 1536 3893 1604 quemad-

2327 1622 2573 1684 modum,
2617 1634 2670 1676 et
2702 1624 2964 1690 qualibus
2999 1625 3210 1689 veritis,
3265 1633 3359 1677 aut
3398 1626 3659 1693 operibus
3709 1635 3895 1694 petere

2325 1723 2591 1782 oporteat,
2645 1714 2820 1781 inquit
2852 1729 2864 1764 :
2916 1715 3020 1780 Qui
3052 1716 3157 1768 oult
3200 1716 3337 1768 inter
3373 1732 3463 1768 vos
3499 1732 3608 1770 esse
3666 1717 3893 1784 primus,

2324 1807 2391 1859 sit
2425 1808 2657 1859 omnium
2700 1805 2945 1870 ultimus,
2982 1814 3031 1859 et
3062 1807 3297 1866 omnium
3340 1824 3542 1872 servus,
3574 1818 3620 1861 et
3657 1809 3893 1862 omnium

2322 1897 2644 1952 minister“.
2696 1898 2810 1961 .Qui
2867 1899 3004 1952 enim
3052 1901 3277 1966 seipsum
3325 1901 3527 1954 exultat
3583 1901 3897 1956 ltumiliabi-

2320 1998 2445 2040 tur:
2489 1987 2579 2057 qui
2626 2004 2741 2041 vero
2771 1991 2997 2055 seipsum
3047 1992 3310 2057 humiliat,
3342 1992 3667 2046 exaltabitur
3698 1995 3764 2048 ”.

2395 2075 2517 2130 "me
2547 2079 2754 2144 omnia,
2796 2087 2849 2132 et
2887 2079 2972 2134 his
3028 2080 3256 2141 similia,
3313 2083 3402 2150 qui
3455 2081 3664 2155 jugitur
3707 2086 3893 2140 animo

2317 2175 2524 2231 versat,
2567 2177 2639 2221 etv
2677 2167 2730 2220 in
2762 2168 2896 2237 ipsis
2931 2170 3071 2234 dies,
3109 2181 3409 2240 noctesque
3456 2183 3532 2228 est
3565 2186 3891 2245 oceltpatus,

2315 2259 2738 2331 intelligensque
2783 2271 2836 2316 et
2866 2267 3108 2319 sentiens
3143 2281 3205 2320 ea
3251 2278 3488 2336 reputat,
3545 2281 3598 2323 et
3645 2255 3896 2326 studiose

2316 2350 2465 2414 facit,
2503 2353 2763 2421 paulatim
2797 2356 3143 2413 obliviscitur
3179 2359 3390 2423 mundi,
3441 2375 3624 2414 rerum
3674 2364 3890 2426 mundi,

2315 2459 2497 2498 rerum
2552 2445 2719 2517 hujus
2758 2448 2904 2513 vitae,
2974 2461 3355 2519 cognatorum,
3415 2468 3595 2506 rerum
3654 2455 3895 2524 denique

2313 2553 2562 2602 suarum,
2593 2549 2648 2593 et
2683 2540 3142 2596 consuetudinem
3201 2544 3569 2609 spiritualium
3622 2561 3722 2614 pro
3766 2561 3893 2614 por-

2311 2631 2461 2685 tione
2499 2632 2670 2700 capit.
2722 2629 2814 2686 Sic
2872 2642 3052 2686 autem
3097 2633 3151 2687 in
3206 2633 3324 2689 dies
3377 2635 3690 2704 proﬁciens.
3752 2653 3892 2706 quo-

2310 2724 2473 2779 modo
2532 2726 2893 2794 cogitationes
2951 2727 3346 2796 pristinarum,
3400 2743 3494 2782 seu
3561 2731 3888 2800 anticipata-

2310 2829 2430 2868 rum
2485 2816 2802 2884 opinionum
2873 2819 3078 2873 sensim
3142 2822 3418 2884 recedant,
3481 2824 3765 2891 experitur
3827 2839 3890 2879 ac

2306 2906 2500 2962 sensit.
2552 2905 2752 2963 Deinde
2775 2925 2884 2978 quo
2945 2920 3103 2980 pacto
3159 2913 3288 2983 ipsae
3337 2913 3444 2967 illae
3489 2916 3775 2984 opiniones
3823 2932 3886 2972 ac

2305 2998 2588 3052 sententiae
2651 3001 2986 3065 minuantur,
3057 3009 3108 3054 et
3164 3003 3459 3057 emollitum
3494 3020 3586 3058 cor
3610 3004 3885 3060 humilita-

2307 3091 2411 3138 tem
2479 3086 2872 3154 amplectatur:
2934 3099 2986 3143 et
3017 3092 3290 3160 quomodo
3343 3102 3531 3160 postea
3573 3096 3747 3163 ipsum
3791 3113 3884 3150 cor

1125 3147 1138 3160 .
1392 3146 1393 3149 η
1578 3128 1892 3149 γ.νν-⁴--,,,..,,,
1942 3128 2204 3158 υνυηυη..
2307 3128 2411 3138 --.η
2479 3128 2823 3154 ...υιηνυηηνμ
2860 3130 2872 3142 .
2934 3128 2986 3143 ι.-
3017 3128 3290 3160 Ὶυυιιιυυν
3344 3128 3531 3160 νυοιυιι
3573 3128 3747 3163 ιμθυιιι
3791 3128 3870 3150 cur

898 3154 990 3253 ‘eo
1034 3154 1306 3207 actionum
1370 3173 1494 3214 cum
1532 3167 1729 3226 virtute
1783 3179 2198 3247 conjunctarum
2232 3183 2274 3241 C
2308 3177 2669 3244 cogitationes
2725 3180 3109 3246 humilitatem,
3184 3186 3566 3253 ingenerantes
3591 3188 3875 3253 producat.

677 3223 686 3234 ι
741 3225 772 3256 ‘0
842 3230 851 3240 ο
1308 3250 1317 3262 σ
1406 3253 1417 3265 ι
1621 3220 1728 3226 Ῠῂῄν
1786 3220 2195 3247 νυυδι...ι.α¹υ“¹

635 3220 1006 3341 plsf‘tpljtiiatn,
1055 3248 1108 3341 et
1139 3257 1609 3325 exercitationem,
1640 3278 1873 3337 quaeque
1909 3279 2195 3341 pmnitenti

633 3309 880 3373 facienda
900 3323 1028 3390 siut,
1061 3331 1288 3391 docetur
1313 3355 1377 3396 ac
1408 3309 1672 3419 percipit?
1686 3309 2170 3427 Τιπῖιξξοῖξτωέξῖξιξ

634 3413 688 3516 et
721 3414 1011 3516 tremorem
1066 3437 1189 3480 eum
1225 3436 1442 3498 postulo
1493 3443 1745 3516 intelligi,
1779 3468 1847 3507 ne
1903 3459 1993 3511 tali
2051 3415 2195 3516 hom;

635 3494 949 3612 frustretur,
979 3519 1034 3564 et
1065 3524 1122 3569 ut
1152 3525 1421 3589 reprobus
1469 3494 1852 3597 mandaro’rum
2040 3494 2200 3612 g2:

623 3597 809 3657 .cutor,
845 3597 910 3651 ad
946 3599 1120 3672 ignem
1155 3617 1552 3685 sempiternum
1587 3634 2001 3698 condemnetur.

630 3692 916 3795 sermones
961 3695 1081 3763 ejus
1116 3707 1270 3772 quasi
1320 3725 1385 3765 ex
1427 3731 1523 3772 ore
1571 3717 1665 3776 Dei
1712 3732 2012 3795 procedere
2048 3692 2195 3794 arbi;

629 3777 828 3901 irattzr,
863 3792 917 3836 et
948 3794 1107 3855 quasi
1141 3795 1193 3849 in
1227 3799 1423 3859 iisdem
1455 3777 1855 3886 custodiendis,
1883 3835 1978 3878 aut
2009 3777 2198 3901 despi-

665 3879 748 3901 ,οη
797 3887 838 3901 η
877 3876 982 3901 Α.-

629 3869 840 3977 οἱιῖηάίξ
877 3876 985 3932 vita
1022 3889 1225 3943 aeterna
1260 3903 1585 3968 verteretur,
1641 3869 1903 3968 accura'te
1936 3931 2032 3974 eos
2069 3869 2193 3977 :5;-

632 3963 1001 4078 Ia:;.t\tque
1043 3973 1122 4076 ita
1178 3995 1302 4037 cum
1341 3985 1444 4043 ﬁde
1504 3963 2194 4078 indubitataﬁc‘mperilrm

624 4059 914 4158 prpt‘ni's‘sis
961 4060 1055 4158 Dei
1089 4071 1350 4142 pendens,
1394 4085 1638 4152 quotidie
1685 4059 2191 4158 secundum-Deum-

623 4139 860 4250 prolicit,
907 4158 960 4202 et
995 4153 1078 4241 via
1113 4139 1494 4235 progrediens,
1551 4185 1709 4233 aetate
1745 4139 2192 4250 ειρὶτίιιιειιίωιέιῖἐθἶ

621 4237 754 4338 scit,
799 4237 1012 4338 virque
1052 4250 1330 4318 perfectus
1381 4261 1436 4314 in
1493 4249 1714 4324 Christo
1749 4237 2190 4338 Deoevaditr‘a

620 4325 1332 4444 guinis-igiturpromissis
1406 4352 1546 4410 Audi
1579 4325 2188 4444 ιηιειιίεὲξιιὲέξξιῖὲιῖᾇ

623 4412 892 4526 Dominus
923 4437 1110 4484 noster
1138 4433 1303 4494 Jesus
1333 4441 1585 4504 Christus
1632 4412 1793 4511 nobi‘;
1826 4412 2186 4526 polli’ceiatur:

2311 3268 2436 3325 Haec
2482 3279 2664 3325 autem
2700 3272 2772 3326 ita
2803 3275 3113 3343 experiens,
3144 3277 3232 3330 vix
3268 3277 3334 3331 ad
3377 3280 3876 3347 compunctionem,

2309 3373 2361 3414 et
2391 3361 2574 3416 ﬂetum
2611 3364 2930 3432 adducitur,
2966 3367 3062 3420 sed
3107 3377 3285 3422 tamen
3339 3369 3636 3423 adducitur
3687 3370 3872 3425 multis

2309 3452 2786 3516 tribulationibus.
2819 3465 2872 3508 et
2901 3456 3021 3523 plus
3048 3457 3418 3523 humiliatum,
3456 3461 3692 3528 amplius
3723 3474 3872 3514 com-

2309 3542 2592 3610 pungitur.
2651 3543 2785 3598 Nam
2842 3545 3125 3602 humilitas
3179 3548 3385 3602 luctum
3442 3551 3634 3619 gignit,
3697 3552 3874 3607 luctus

2308 3634 2626 3703 genitricem
2659 3651 2811 3689 suam
2843 3637 2959 3702 alit,
2981 3648 3035 3692 et
3067 3653 3318 3694 crescere
3359 3641 3508 3695 facit.
3543 3642 3664 3711 Ipsa
3697 3654 3871 3697 autem

2306 3726 2694 3780 mandatorum
2733 3743 2827 3796 per
2879 3729 3245 3798 humilitatem
3281 3731 3591 3784 observatio
3653 3734 3706 3801 (ο
3764 3750 3872 3789 rem

2306 3813 2705 3882 admirandam)
2749 3816 2937 3869 sordes
2971 3831 3160 3871 omnes
3192 3834 3255 3871 ex
3289 3819 3469 3872 anima
3503 3820 3658 3874 eluit.
3698 3819 3870 3876 Etiam

2304 3918 2518 3957 omnem
2552 3903 2895 3959 aﬂ‘ectionem
2948 3905 3146 3960 rationi
3187 3908 3592 3974 adversantem,
3653 3918 3707 3962 et
3739 3924 3871 3964 con-

2304 3995 2696 4062 cupiscentiam
2725 3997 2945 4060 malam,
3002 4014 3342 4068 corpoream,
3404 4001 3648 4070 inquam,
3702 4014 3756 4058 et
3805 4004 3870 4057 ad

2302 4087 2468 4138 vitam
2524 4087 2684 4140 istam
2762 4089 3124 4156 pertinentem
3177 4091 3420 4159 expellit.
3486 4091 3602 4156 Qua
3663 4097 3872 4149 ratione

2302 4175 2467 4232 homo
2503 4178 2802 4232 secundum
2835 4180 3074 4232 animam
3116 4180 3183 4234 ab
3219 4183 3366 4234 omni
3406 4191 3621 4235 terrena
3658 4183 3870 4252 cupidi-

2301 4278 2412 4326 tate
2443 4271 2708 4325 asseritur
2763 4286 2825 4326 ac
2857 4272 3160 4339 liberatur;
3219 4290 3323 4327 non
3359 4275 3532 4330 solum
3572 4290 3597 4326 a
3637 4275 3869 4331 vinculis

2299 4364 2612 4431 corporeis,
2669 4362 2764 4418 sed
2801 4364 3048 4418 similiter
3103 4365 3256 4418 ac'si
3314 4366 3438 4435 quis
3493 4378 3655 4421 exuta
3715 4379 3869 4426 veste

2299 4465 2447 4512 totus
2478 4457 2656 4511 nudus
2697 4456 2808 4511 ﬁat.
2843 4455 2908 4509 Et
2934 4456 3054 4524 jure
3081 4458 3322 4526 quidem.
3369 4459 3688 4514 Absolvitur
3721 4465 3863 4517 enim

618 4507 788 4565 Amen
816 4531 970 4570 amen
1001 4519 1118 4574 dico
1164 4528 1325 4588 vobis.
1361 4536 1485 4601 quia
1535 4545 1788 4609 gaudium
1826 4507 1935 4605 rerit
1966 4556 2019 4609 in
2060 4562 2190 4616 ctelo
2221 4527 2266 4583 Β
2299 4547 2535 4617 primum
2574 4549 2754 4602 anima
2789 4563 2818 4601 a
2854 4557 3100 4618 stupore,
3157 4565 3322 4618 quem
3372 4551 3672 4619 Apostolus
3719 4555 3866 4608 vela-

618 4617 776 4667 super
807 4623 908 4708 ιιΒο
936 4626 1210 4678 peccatore
1243 4629 1610 4690 paenitentiam
1646 4651 1832 4708 agente
1858 4645 1925 4699 ⁵⁸.
1988 4650 2050 4705 Et
2083 4653 2189 4708 ite-

619 4707 740 4747 rum
773 4697 929 4806 :"Qui
953 4710 1090 4761 venit
1123 4713 1193 4765 ad
1221 4734 1300 4771 me
1344 4718 1480 4791 (tali
1512 4697 1764 4788 videlicet
1813 4697 2189 4812 itinerejeum

614 4799 722 4896 »εἴη
753 4789 968 4896 ejiciarn
1001 4799 1147 4865 foras
1182 4807 1246 4861 ".
1291 4809 1354 4864 Et
1385 4829 1603 4870 rursum
1633 4837 1646 4874 :
1690 4823 1793 4889 Qui
1824 4829 1957 4896 sitit,
2015 4789 2189 4892 ueniat

711 4902 808 4945 me,
841 4902 895 4994 et
923 4902 1065 4992 atoat
1093 4902 1159 4947 ".
1187 4902 1286 4950 Et:
1326 4902 1431 4966 Qui
1452 4910 1618 4963 credit
1653 4914 1705 4966 in
1737 4933 1837 4984 me,
1866 4938 1969 4977 non
1999 4939 2185 4994 gusta-

614 4964 690 5075 bit
751 4984 968 5029 mortem
1012 4981 1066 5034 in
1109 4997 1370 5044 aternum
1396 4994 1462 5048 ".
1495 4996 1561 5053 Et
1595 5004 1761 5059 alibi:
1807 4964 2187 5075 (’Ionvverjimi‘ni

607 5059 687 5160 ad
728 5079 828 5131 me,
862 5079 912 5122 et
959 5087 1236 5132 convertar
1277 5085 1345 5136 ad
1375 5103 1462 5143 vos
1504 5091 1569 5146 ⁸⁸.
1624 5084 1729 5150 Et":

615 5165 794 5266 omnis
821 5160 912 5266 (Illi
944 5161 1221 5237 laboratis,
1261 5185 1311 5228 et
1337 5183 1544 5235 onerati
1569 5188 1714 5250 estis,
1747 5203 1793 5244 et
1820 5209 1913 5262 ego
1947 5160 2182 5266 reficiam

615 5257 704 5296 vos
733 5247 800 5302 ⁸³.
842 5249 908 5322 Et
940 5254 1048 5354 alio
1086 5260 1249 5318 loco:
1294 5267 1399 5333 Qui
1448 5271 1601 5350 habet
1651 5247 1909 5339 manda‘t’a
1941 5247 2181 5357 inim—ei

613 5344 1149 5449 Lernal't‘ggmille-es't
1193 5356 1282 5449 qui
1311 5358 1486 5429 diligit
1519 5345 1620 5420 me.
1661 5368 1766 5432 Qui
1798 5386 1974 5429 autem
2003 5344 2178 5449 diiigit

613 5431 716 5480 me,
750 5418 995 5491 diligitur
1034 5447 1068 5483 α
1103 5418 1268 5491 Patre
1298 5418 1433 5509 meo:
1459 5458 1505 5500 et
1528 5418 1619 5518 ego

687 5625 876 5702 Matth.
906 5651 1024 5702 'vn,
1060 5637 1110 5692 1.

610 5696 662 5728 ⁸⁸
689 5695 853 5757 Zach.
882 5719 920 5762 ι.
961 5695 1014 5761 δέ

615 5780 713 5836 vn,
740 5770 794 5828 8.

1184 5645 1230 5731 ξ’
1259 5645 1462 5731 ξριιες.
1499 5668 1571 5731 tv,
1601 5658 1685 5731 15.
1761 5662 1808 5694 “
1833 5664 1967 5721 Luc.
2003 5685 2091 5731 xv,
2122 5670 2172 5723 7.

1095 5711 1140 5744 "
1170 5711 1359 5771 Matth.
1397 5736 1473 5775 XI.
1499 5711 1587 5778 28.

873 5774 916 5806 “
939 5777 1103 5836 Marc.
1148 5797 1223 5851 Ix,
1275 5787 1364 5844 54.
1443 5774 1702 5853 “Matth.

2250 5674 2294 5705 ⁸⁸
2323 5671 2479 5726 Joan.
2516 5688 2594 5737 vt,
2624 5674 2712 5728 37.

1666 5730 1711 5760 “
1745 5731 1761 5784 Ι
1797 5731 1954 5789 Joan.
1991 5730 2097 5798 xw,
2133 5741 2326 5794 (21-Ξὸ.

2295 4655 2416 4693 men
2445 4640 2682 4708 appellat
2706 4641 2770 4707 ⁸⁸,
2801 4642 2892 4710 qui
2921 4641 3229 4696 Judreorum
3261 4643 3668 4698 incredulorum
3698 4646 3865 4700 corda

2293 4741 2546 4800 occupat.
2577 4731 2690 4786 lmo
2721 4741 2775 4786 et
2825 4747 2972 4786 nunc
3005 4733 3207 4797 omnis,
3264 4734 3356 4802 qui
3402 4736 3671 4789 mandatis
3714 4751 3864 4790 nova:

2290 4823 2478 4893 gratiae
2516 4838 2622 4876 non
2661 4833 2925 4892 quantum
2978 4832 3153 4892 potest
3202 4839 3266 4878 ac
3321 4825 3482 4887 valet,
3539 4836 3594 4879 et
3631 4827 3859 4882 ferventi

2291 4916 2473 4968 animo
2507 4922 2682 4982 paret,
2715 4913 2819 4967 hoc
2855 4912 3098 4966 velamen
3135 4914 3273 4978 parti
3304 4913 3628 4982 iutelligenti
3664 4917 3858 4970 animae

2292 5021 2406 5060 sua:
2433 5006 2839 5074 superpositum
2876 5005 3058 5070 habet,
3090 5014 3143 5059 et
3172 5005 3238 5058 ad
3273 5006 3663 5060 sublimitatem
3709 5011 3860 5079 agni-

2293 5098 2458 5151 tionis
2495 5097 2586 5150 lilii
2618 5096 2707 5151 Dei
2740 5097 2972 5151 subvehi
3022 5099 3234 5166 nequit.
3291 5095 3446 5150 Sicut
3495 5099 3718 5168 insuper
3771 5101 3856 5169 qui

2290 5190 2589 5245 secundum
2624 5205 2822 5258 corpus
2861 5198 3059 5245 exutus
3093 5199 3197 5254 est,
3247 5189 3473 5245 vulnera
3526 5193 3579 5243 in
3629 5207 3856 5261 corpore

2291 5299 2391 5338 suo
2425 5284 2618 5337 videt:
2663 5282 2737 5334 ita
2779 5281 2881 5336 iste
2914 5280 3138 5335 vitiosos
3192 5279 3423 5336 affectus
3465 5282 3703 5335 animam
3742 5283 3855 5349 ejus

2287 5375 2597 5429 obtinentes
2628 5382 2761 5428 tunc
2794 5373 2998 5442 liquido
3042 5371 3303 5441 perspicit
3359 5374 3614 5442 (exempli
3668 5389 3849 5437 causa,

2287 5481 2533 5521 amorem
2564 5465 2770 5535 gloria,
2807 5465 3116 5529 avaritiam,
3155 5464 3480 5529 iniuriarum
3512 5467 3848 5531 memoriam,

3358 5671 3402 5702 ⁵⁷
3431 5671 3590 5726 Joan.
3612 5690 3729 5736 vnt,
3761 5672 3844 5727 52.

3577 5743 3622 5774 ⁶³
3658 5743 3844 5797 Matth.

2792 5673 2835 5705 "
2869 5670 3027 5726 Joan.
3052 5688 3149 5734 vn,
3192 5672 3281 5726 37.

2405 5745 2444 5773 "
2479 5741 2670 5798 Matth.
2711 5759 2823 5807 vm,
2853 5743 2936 5797 11.
3014 5743 3056 5775 ⁸³
3097 5741 3287 5798 Matth.
3325 5758 3405 5806 ιιι,
3447 5744 3496 5799 1.

2087 5809 2131 5841 ⁸⁸
2156 5808 2194 5863 ΙΙ
2223 5810 2348 5867 Cor.
2387 5828 2464 5879 ιιι,
2497 5811 2582 5866 15.
