4128 6338
205 367 304 426 ιω

1497 377 1784 440 ORATIO
1814 380 2032 447 XXVI.

3328 401 3443 467 [ὓ

201 485 382 539 odium
419 483 740 553 fraternum,
777 486 1059 567 invidiam,
1105 488 1302 557 zelum,
1332 493 1761 557 contentionem,
1793 497 1837 554 Α
1865 512 1983 549 rum
2034 507 2208 553 autem
2241 515 2343 554 non
2369 502 2596 557 audiunt
2622 505 2704 560 “.
2752 503 3013 579 Reliquos
3059 511 3302 567 omnium
3339 517 3438 570 lzo-

198 573 657 630 existimationem
675 575 992 645 praeclaram
1018 576 1124 641 sui,
1144 587 1198 634 et
1220 579 1460 650 reliquos
1482 581 1762 652 deinceps)

199 667 453 719 mandata
504 672 564 719 ut
595 667 919 735 medicinas,
969 673 1304 728 tentationes
1359 681 1426 727 ut
1458 682 1760 736 cauterem.

197 773 289 813 seu
320 755 522 812 ferrum
556 759 928 831 cbirurgicum
964 764 1048 818 his
1078 766 1384 835 imponens,
1418 765 1764 821 humiliatus-

198 865 302 918 que
358 864 422 902 ac
457 849 680 920 lugens,
715 859 772 906 et
814 868 973 923 opem
1007 855 1246 911 divinam
1282 858 1538 912 ardenter
1565 858 1763 928 exqui-

199 956 349 1003 rens,
411 942 642 1010 gratiam
699 945 874 999 sancti
927 945 1167 1016 Spiritus
1238 947 1644 1016 advenientem,
1702 964 1765 1004 ac

196 1031 439 1102 singulos
478 1035 801 1091 evellentem
856 1040 1540 1110 perimentemque'videt,
1593 1041 1765 1097 donec

197 1125 432 1179 animam
489 1127 608 1196 ejus
657 1130 726 1183 ab
759 1131 1013 1186 omnibus
1086 1133 1206 1188 istis
1258 1134 1476 1188 tandem
1529 1135 1765 1203 perfecte

198 1214 426 1268 liberam
455 1217 668 1272 reddat.
694 1217 813 1273 Non
847 1221 991 1274 enim
1024 1220 1174 1275 illam
1206 1237 1271 1276 ex
1309 1231 1483 1292 parte,
1516 1226 1610 1279 sed
1645 1238 1764 1278 om-

198 1306 330 1360 nino
365 1323 429 1361 ac
476 1325 610 1381 pure
665 1309 985 1366 Paracletus
1041 1330 1284 1383 praesens
1331 1316 1389 1371 in
1456 1319 1763 1374 libertatem

196 1399 478 1454 vindicare
509 1403 643 1458 vult.
684 1403 820 1457 Cum
873 1407 1171 1463 nominatis
1200 1411 1343 1463 enim
1382 1409 1764 1467 affectionibus

194 1490 456 1561 quidquid
495 1503 577 1548 est
606 1495 1028 1563 mtestitudinis,
1079 1500 1344 1568 quidquid
1401 1489 1762 1572 negligentiae,

196 1581 467 1650 quidquid
519 1583 763 1646 desidiae,
817 1585 1160 1655 ignorantiae,
1209 1590 1527 1657 oblivionis,
1565 1595 1765 1663 gastri-

197 1673 437 1741 margiae,
472 1674 641 1728 studii
674 1675 1034 1746 voluptuarii,
1094 1680 1232 1746 haec,
1281 1681 1530 1749 inquam,
1580 1685 1762 1739 omnia

195 1761 363 1831 fugat,
427 1757 676 1835 adeoque
727 1768 1006 1823 hominem
1072 1780 1323 1838 renovat,
1385 1783 1438 1828 et
1492 1775 1762 1830 instaurat

193 1856 372 1910 anima
400 1858 560 1920 simul
586 1868 638 1912 et
668 1874 918 1928 corpore,
945 1847 1138 1917 utnon
1166 1865 1408 1919 interitui
1439 1866 1757 1932 obnoxium,

192 1956 245 2001 et
281 1949 645 2016 ponderosum
699 1960 861 2030 atque
889 1967 1159 2018 crassum,
1215 1958 1308 2011 sed
1373 1959 1676 2025 Spirituale,
1709 1967 1763 2014 et

191 2055 390 2108 expers
430 2044 691 2108 materiae,
725 2051 781 2096 et
805 2045 918 2111 jam
959 2045 1238 2111 idoneum,
1292 2050 1435 2116 quod
1480 2050 1534 2103 in
1564 2051 1760 2105 coelum

191 2133 459 2202 rapiatur,
500 2149 701 2202 corpus
731 2144 947 2204 gestare
980 2136 1246 2192 videatur.
1281 2138 1389 2193 Nec
1419 2142 1562 2195 istud
1586 2141 1758 2196 solum

189 2225 361 2296 gratia
396 2224 633 2293 Spiritus
694 2227 748 2280 in
805 2242 868 2281 eo
926 2215 1225 2297 operatur:
1290 2232 1383 2284 sed
1415 2247 1517 2285 nec
1562 2232 1758 2287 intueri

189 2299 468 2384 quidpiam
533 2317 879 2371 sensibilium
940 2318 990 2372 ei
1059 2319 1512 2388 permittit:,vel
1577 2323 1759 2390 petius

187 2408 348 2472 quasi
377 2421 486 2460 non
511 2406 838 2471 intueretur,
873 2409 948 2460 ita
973 2424 1097 2462 eum
1131 2410 1230 2464 has
1254 2424 1342 2464 res
1377 2411 1575 2464 intueri
1606 2411 1757 2465 facit.

186 2495 323 2550 Nam
361 2513 483 2552 cum
525 2513 676 2554 mens
709 2498 917 2567 iisquae
963 2498 1357 2569 intelliguntur,
1389 2517 1445 2555 se
1470 2501 1758 2565 dediderit,

188 2588 258 2642 ab
298 2588 382 2642 his
414 2604 534 2657 qua:
583 2590 639 2642 in
676 2605 903 2644 sensum
951 2591 1156 2643 cadunt
1207 2599 1317 2644 tota
1355 2590 1606 2657 discedit,
1655 2595 1757 2647 etsi

191 2694 253 2732 ea
287 2681 476 2735 videre
533 2689 585 2734 et
616 2681 1053 2736 animadvertere
1084 2691 1326 2750 putetur.
1359 2682 1470 2738 “Sic
1510 2684 1676 2753 igitur
1704 2685 1756 2738 in

187 2773 298 2836 his,
340 2789 539 2842 nempe
586 2788 708 2842 quae
765 2774 1127 2841 intelligentia
1162 2776 1280 2829 sola
1329 2775 1756 2844 perspiciuntur,

187 2868 516 2932 itnmorans,
571 2867 874 2920 secundum
927 2875 1200 2929 sanctum,
1267 2867 1428 2936 cujus
1481 2869 1573 2922 illa
1614 2885 1755 2924 vox:

187 2957 398 3011 Nostra
431 2969 603 3012 autem
644 2960 972 3012 conversatio
1003 2962 1065 3011 in'
1091 2961 1232 3013 caelia
1259 2970 1358 3024 est,
1392 2975 1493 3012 non
1523 2973 1759 3014 contem.

183 3051 455 3116 piantibus
487 3052 636 3105 nobis
669 3069 784 3121 qua:
831 3052 1087 3114 videntur,
1138 3050 1229 3104 sed
1261 3069 1378 3121 qua:
1425 3069 1525 3105 non
1581 3055 1758 3106 viden-

1869 586 2074 640 minum
2119 604 2397 648 sermones
2449 595 2597 648 audit
2643 596 2730 649 illa
2783 599 3001 667 quidem
3031 643 3048 668 ,
3094 619 3202 659 non
3257 614 3444 664 tamen

1868 675 2143 743 admittit,
2188 696 2290 745 nec
2334 683 2400 736 ad
2452 699 2511 738 se
2562 695 2848 753 penetrare
2906 693 3145 761 patitur;
3194 698 3285 751 sed
3341 713 3438 756 eos

1874 778 2148 832 aversata,
2180 787 2381 829 vacuos
2408 775 2653 831 dimittit.
2694 781 2996 850 Aliquando
3030 801 3129 840 nec
3150 789 3436 858 allapsum,

1873 866 1968 912 aut
2000 862 2215 929 pulsum
2259 879 2442 919 eorum
2471 869 2699 938 percipit
2741 887 2758 924 :
2798 873 2890 926 sed
2921 890 3226 946 quanquam
3262 876 3434 947 audit,

1866 953 2031 1007 veluti
2065 954 2265 1010 surdus
2283 972 2388 1010 non
2407 962 2631 1016 audiens
2656 957 2951 1035 ",sicerg‘a
2978 983 3070 1022 eos
3102 986 3222 1026 sese
3251 972 3436 1028 habet.

1866 1039 2101 1096 Proinde
2144 1059 2268 1125 cum
2303 1046 2426 1100 talis
2456 1052 2709 1115 evaserit,
2745 1053 2928 1107 statim
2963 1053 3102 1110 Deus
3130 1074 3247 1114 eam
3277 1061 3440 1114 inha-

1864 1131 2036 1199 bitat,
2077 1137 2322 1206 iiuntque
2374 1139 2426 1192 in
2466 1155 2529 1193 ea
2567 1158 2900 1214 quaecunque
2942 1147 3240 1216 cupiverit,
3271 1153 3434 1206 etiam

1864 1236 2028 1292 supra
2085 1242 2246 1296 quam
2305 1230 2592 1299 cupiverit.
2644 1234 2788 1288 Deus
2824 1236 2966 1291 enim
3000 1254 3121 1291 cum
3176 1239 3248 1294 sit
3277 1256 3436 1295 omne

1865 1314 2068 1368 bonum
2095 1356 2110 1380 ,
2146 1319 2379 1372 animam
2410 1363 2424 1384 ,
2482 1323 2686 1391 inqua
2738 1325 2918 1380 sedem
2966 1331 3250 1396 posuerit,
3288 1332 3431 1385 omni

1867 1406 2010 1461 bono
2044 1409 2230 1478 implet
2260 1449 2273 1474 ,
2308 1423 2568 1480 quantum
2601 1417 2739 1483 potis
2772 1426 2856 1472 est
2889 1427 3076 1471 natura
3109 1433 3294 1476 nostra
3329 1423 3431 1477 im-

1865 1498 2035 1568 pleri;
2071 1497 2211 1554 Deus
2257 1503 2458 1571 quippe
2496 1520 2522 1555 ει
2574 1506 2719 1559 nulla
2767 1522 2825 1561 re
2855 1510 3327 1579 condituscapitur'
3369 1527 3432 1567 ac

1865 1593 2188 1646 sustinetur.
2234 1592 2379 1647 Bona
2435 1604 2612 1648 autem
2655 1597 2744 1649 illa
2777 1599 3061 1669 intelligo:
3096 1589 3225 1664 Qua:
3251 1605 3431 1657 acutus

1863 1699 1966 1735 non
1991 1683 2148 1746 vidit,
2187 1693 2235 1738 et
2268 1687 2413 1739 auris
2446 1703 2546 1740 non
2594 1688 2827 1754 audivit,
2875 1708 2965 1743 nec
3005 1693 3060 1745 in
3092 1710 3180 1746 cor
3208 1697 3433 1749 hominis

1865 1773 2213 1828 ascenderunt
2243 1777 2290 1806 ⁷ο
2330 1818 2342 1841 ,
2373 1777 2490 1845 ejus
2527 1789 2652 1846 puta
2677 1816 2692 1841 ,
2726 1781 2818 1847 qui
2849 1781 2970 1836 talis
2998 1783 3236 1837 nondum
3264 1786 3434 1839 exsti-

1866 1866 1952 1920 tit.
2006 1866 2183 1931 Quare
2217 1869 2379 1922 etiam
2421 1868 2577 1923 docet
2611 1869 2916 1938 huiusmodi
2962 1872 3234 1927 hominem
3264 1873 3432 1928 babi—

1867 1965 1987 2010 tans
2019 1958 2074 2010 in
2108 1972 2172 2012 eo
2206 1958 2348 2012 Deus
2380 1997 2396 2024 ,
2432 1959 2498 2013 de
2532 1961 2764 2025 futuris,
2799 1971 2853 2016 ct
2895 1964 3290 2030 praesentibus;
3329 1979 3432 2020 nec

1865 2049 2050 2110 verbo,
2079 2049 2170 2103 sed
2199 2064 2383 2118 opere,
2415 2051 2772 2119 experientia,
2802 2059 2855 2106 et
2882 2057 3058 2120 reipsa
3090 2055 3431 2108 intellectua-

1865 2138 1941 2193 les
1973 2139 2092 2208 ejus
2127 2141 2314 2195 oculos
2347 2143 2596 2196 revelans
2626 2183 2639 2206 ,
2680 2157 3015 2212 quaecunque
3049 2144 3198 2207 vult,
3231 2154 3283 2199 et
3313 2160 3434 2214 qua:

1863 2231 1909 2286 ei
1944 2233 2257 2286 conducunt
2285 2274 2300 2297 ,
2337 2233 2695 2288 demonstrat.
2725 2235 2928 2290 Caetera
2958 2252 3064 2289 non
3097 2236 3430 2305 indaganda.

1862 2327 1964 2367 nec
2005 2316 2293 2382 quaerenda
2325 2355 2338 2380 ,
2372 2331 2472 2369 nec
2525 2315 2738 2371 curiose
2788 2319 3081 2372 scrutanda
3113 2319 3305 2374 suadet
3333 2321 3374 2351 ⁷³
3411 2337 3427 2384 ;

1862 2405 2296 2474 quandoquidem
2330 2421 2430 2460 nec
2461 2421 2581 2475 qum
2608 2406 2751 2460 Deus
2780 2407 2878 2474 ipsi
2914 2409 3117 2462 revelat
3156 2421 3210 2463 ct
3238 2419 3427 2464 osten-

1865 2496 1982 2560 dit,
2031 2496 2148 2551 sine
2195 2498 2538 2560 reverentia,
2577 2513 2642 2552 ac
2693 2497 2862 2553 libere
2912 2509 3089 2567 potest
3118 2504 3428 2571 perspicere

1861 2597 2021 2657 atque
2060 2589 2258 2642 intueri
2294 2607 2307 2642 :
2347 2589 2440 2643 sed
2473 2589 2626 2659 quasi
2667 2605 2763 2658 per
2818 2598 3167 2646 transennam
3204 2593 3430 2661 profun-

1860 2679 2082 2732 ditatem
2130 2681 2439 2734 divitiarum
2492 2682 2813 2749 sapientiai,
2842 2694 2894 2737 et
2952 2685 3282 2754 cognitionis
3329 2687 3425 2742 Dei

1862 2769 2177 2838 inspiciens,
2211 2787 2336 2824 mox
2364 2779 2597 2835 aestuat,
2639 2782 2693 2825 et
2724 2775 3057 2841 percellitur,
3091 2785 3260 2830 semet
3284 2778 3431 2845 aspi-

1860 2860 2008 2914 ciens
2036 2899 2050 2922 ,
2090 2870 2145 2913 et
2173 2861 2415 2932 cogitans
2444 2862 2567 2930 quis
2595 2862 2664 2916 sit
2691 2900 2705 2925 ,
2746 2872 2800 2916 et
2829 2864 3084 2932 qualibus
3117 2867 3426 2935 spectandis

1861 2949 2113 3018 dignatus
2144 2952 2232 3007 sit.
2287 2952 2708 3021 Magnitudinem
2740 2955 2881 3008 enim
2941 2957 3287 3026 benignitatis
3325 2958 3423 3014 Dei

1860 3043 2246 3103 considerans,
2288 3051 2340 3096 et
2366 3044 2752 3112 obstupescens
2775 3083 2790 3106 ,
2823 3061 2987 3114 seque
3033 3049 3220 3100 talium
3256 3049 3429 3104 bono-

186 3155 275 3195 (nr
313 3147 378 3207 ετ,
411 3144 480 3196 ibi
507 3145 799 3207 detinetur,
832 3144 1192 3208 llluminatur,
1227 3146 1449 3199 assiduo
1481 3145 1751 3214 spirituali
1781 3135 1823 3194 ϐ
1859 3148 1975 3185 rum
2028 3134 2339 3201 speetaculo
2393 3144 2507 3187 ιοιο
2533 3145 2749 3202 pectore
2801 3137 3079 3206 indignum
3137 3148 3426 3204 statuens.

183 3244 349 3289 astate
379 3249 708 3303 augescens,
761 3243 813 3287 ct
870 3235 1110 3286 infantiae
1156 3235 1410 3288 sensibus
1453 3237 1752 3300 evacuatis,

181 3327 238 3379 in
300 3327 517 3377 virilem
568 3323 963 3392 perfectionem
1019 3324 1336 3392 proficiens.
1413 3325 1757 3394 Quapropter

175 3416 339 3483 juxta
376 3428 689 3468 mensuram
743 3425 958 3480 quoque
989 3411 1162 3465 aetatis
1198 3411 1360 3479 hujus
1399 3426 1529 3476 suae,
1561 3427 1759 3466 secun-

181 3509 317 3561 dum
356 3508 502 3559 vires
537 3513 589 3557 et
616 3503 924 3558 functiones
975 3503 1171 3554 animae
1206 3503 1548 3565 imniutatur,
1582 3511 1635 3555 et
1689 3504 1756 3555 ad

182 3596 448 3649 mandata
505 3594 595 3648 Dei
648 3591 945 3646 factitanda
996 3591 1193 3644 fortior
1241 3606 1303 3644 ac
1344 3594 1615 3660 potentior
1674 3593 1752 3645 iit.

178 3689 318 3752 Quae
347 3683 597 3754 quotidie
653 3682 905 3748 implens,
959 3697 1055 3748 pro
1087 3682 1338 3748 portione
1391 3684 1757 3735 exsecutiouis

181 3791 382 3829 eorum
411 3771 611 3825 adhuc
662 3779 945 3838 purgatur,
983 3769 1340 3839 splendescit,
1379 3772 1754 3836 collustratur,

180 3876 516 3933 magnorum
595 3860 980 3929 mysteriorum
1057 3859 1417 3912 revelationes
1485 3868 1754 3925 meretur,

176 3969 425 4024 quorum
455 3951 886 4020 profunditatem
923 3964 1083 4003 nemo
1133 3949 1346 4003 illorum
1395 3951 1487 4017 qui
1516 3951 1568 4002 in
1609 3965 1759 4006 eam-

175 4048 308 4101 dem
347 4043 640 4112 puritatem
674 4049 733 4093 ut
761 4040 1144 4104 aveherentur,
1202 4054 1307 4092 non
1337 4040 1756 4104 contenderunt,

179 4147 279 4192 aut
309 4135 454 4189 vidit
487 4148 750 4203 unquam,
786 4139 878 4184 aut
909 4130 1092 4184 videre
1124 4140 1320 4200 potest.

250 4225 517 4297 Mysteria
578 4235 750 4277 autem
816 4223 958 4286 dico,
1014 4237 1136 4290 quae
1194 4237 1316 4276 cum
1377 4224 1444 4278 ab
1505 4222 1758 4277 omnibus

172 4321 502 4378 videantur,
538 4332 644 4382 non
691 4324 870 4367 tamen
933 4313 1490 4382 comprehunduntur.
1549 4312 1757 4368 Etenim

183 4425 353 4465 mens
390 4423 421 4461 a
455 4408 659 4476 Spiritu
695 4407 1014 4459 innovatore
1045 4405 1341 4459 illuminata
1372 4443 1386 4468 ,
1426 4404 1588 4458 etiam
1628 4419 1760 4458 ocu-

176 4505 261 4557 los
292 4514 476 4554 novos
499 4540 512 4562 ,
542 4513 701 4551 aures
733 4497 859 4550 item
896 4510 1063 4548 novas
1099 4495 1364 4562 acquirit,
1398 4503 1448 4546 et
1476 4496 1540 4547 de
1567 4503 1761 4547 caetero

178 4611 292 4649 non
325 4600 389 4645 ut
426 4591 588 4643 homo
620 4588 895 4641 sensibilia
925 4586 1275 4648 seusibiliter,
1306 4585 1398 4638 sed
1446 4594 1502 4638 ut
1547 4586 1763 4639 homine

175 4687 294 4753 jam
347 4681 623 4750 superior,
660 4679 932 4731 seusibilia
978 4686 1030 4731 et
1085 4690 1343 4744 corporea
1386 4677 1757 4742 spiritualiter,

175 4789 231 4832 ct
264 4789 541 4844 tanquam
574 4771 958 4858 similitudines
1021 4770 1514 4838 inaspectabiliuin,
1545 4785 1760 4823 eorum-

177 4890 292 4940 que
365 4870 575 4922 formas
643 4867 786 4919 velut
841 4862 1102 4916 informes
1165 4876 1227 4915 ac
1277 4860 1455 4928 specie
1523 4872 1769 4915 carentes

178 4968 469 5020 intuetur,
500 4957 756 5026 auditque
787 4994 800 5020 ,
832 4971 937 5008 non
989 4962 1047 5007 ut
1098 4953 1365 5022 quispiam
1406 4953 1602 5006 dixerit
1631 4989 1644 5014 ,
1679 4968 1771 5005 vo-

177 5071 302 5107 t'elll
335 5093 350 5114 ,
388 5059 484 5102 aut
534 5062 693 5100 voces
727 5045 1048 5110 hominum;
1085 5045 1176 5097 sed
1209 5044 1377 5097 solius
1405 5083 1417 5106 ,
1452 5052 1503 5096 et
1538 5043 1769 5096 viventis

177 5140 358 5196 Verbi
396 5180 410 5203 ,
456 5135 674 5205 quando
709 5150 802 5204 per
839 5135 1126 5186 humanam
1162 5147 1346 5184 vocem
1389 5145 1445 5184 se
1477 5132 1764 5184 exeruerit.

178 5234 300 5288 Hoc
356 5231 529 5292 enim,
568 5235 619 5280 et
659 5228 854 5289 solum,
887 5234 1140 5292 tanquam
1175 5233 1354 5275 uotum
1386 5222 1508 5283 sibi,
1543 5232 1594 5274 ct
1625 5224 1761 5273 alni--

177 5339 310 5379 cum
357 5337 459 5389 per
491 5334 649 5370 aures
678 5319 853 5369 anima
882 5318 1145 5384 suscipit,
1178 5316 1335 5383 eique
1380 5314 1584 5366 aditum
1630 5328 1762 5366 con-

176 5415 382 5477 cedit,
419 5419 472 5464 et
529 5417 802 5476 receptum
858 5408 1028 5461 libens
1080 5406 1418 5475 amplectitur
1459 5422 1469 5456 :
1504 5405 1642 5457 sicut
1692 5402 1764 5454 ait

179 5507 467 5561 Dominus
500 5519 511 5554 :
552 5501 678 5555 Ores
715 5515 838 5551 mea:
873 5514 1041 5550 vocem
1073 5513 1240 5550 meam
1277 5495 1532 5559 audiunt,
1566 5493 1767 5546 alieno-

253 5711 303 5744 67
337 5709 578 5774 Philipp.
626 5725 684 5774 ll,
716 5709 818 5769 εὶος
853 5710 893 5763 ll
928 5710 1048 5764 C0r.
1075 5726 1143 5771 iv,
1179 5711 1264 5762 18.

178 5784 276 5838 35.
363 5782 411 5811 ⁷³
443 5780 484 5833 ll
520 5778 653 5838 llcz,
707 5797 800 5839 vii,
844 5782 927 5835 18.
1006 5781 1046 5812 ⁷³
1083 5782 1247 5833 tit-cli.
1286 5795 1363 5841 Ill,
1389 5781 1475 5833 ἓξ.

1375 5711 1417 5740 ⁸⁸
1443 5710 1594 5765 Joan.
1635 5726 1686 5775 ς,
1730 5707 1814 5762 16.

1859 3239 1959 3278 nec
1985 3224 2048 3277 ad
2078 3239 2139 3277 ea
2167 3233 2352 3293 aperte
2381 3226 2674 3293 respicere,
2712 3240 2807 3279 nec
2840 3241 2902 3280 ea
2927 3243 3248 3296 pernoscere
3273 3233 3423 3286 vult:

1860 3317 1952 3370 sed
1988 3316 2180 3371 timore
2228 3324 2281 3370 et
2332 3323 2602 3379 tremore,
2657 3331 2720 3370 ac
2757 3320 3060 3374 reverentia
3117 3330 3426 3377 coarctatus

1859 3408 2127 3461 exclamat
2158 3426 2170 3461 :
2231 3407 2359 3472 Quis
2396 3423 2513 3460 sum
2543 3413 2670 3477 ego,
2713 3408 2966 3476 Dominef,
3007 3421 3054 3464 et
3087 3428 3203 3480 qua:
3239 3413 3424 3466 domus

1859 3500 2026 3565 patris
2075 3498 2177 3548 mei
2230 3498 2275 3529 "
2324 3537 2337 3560 ,
2387 3499 2640 3564 quoniam
2702 3500 2824 3551 talia
2889 3503 3144 3569 mysteria
3202 3503 3425 3573 indigno

1862 3589 2197 3643 committere
2229 3603 2334 3640 non
2367 3588 2628 3641 dubitasti
2655 3629 2668 3650 ,
2719 3605 2912 3658 meque
2943 3600 3214 3645 tantorum
3253 3596 3424 3647 bono-

1862 3696 1979 3733 rum
2012 3690 2227 3732 tuorum
2261 3696 2366 3732 non
2399 3680 2559 3732 modo
2601 3681 3109 3748 contemplatorem,
3143 3685 3234 3738 sed
3261 3686 3422 3738 etiam

1863 3772 2175 3839 participem
2243 3781 2296 3824 et
2381 3781 2686 3823 consortem
2755 3773 3151 3827 admirabiliter
3207 3775 3426 3830 fecisti?

1862 3862 2006 3914 Talis
2065 3862 2250 3929 itaque
2286 3860 2376 3929 qui
2405 3861 2514 3928 jam
2553 3876 2714 3930 super
2755 3876 2970 3917 omnem
3017 3872 3318 3918 creaturam
3363 3881 3422 3919 se

1862 3953 2092 4014 extulit,
2125 3961 2272 4005 retro
2309 3952 2485 4004 redire
2508 3991 2525 4016 ,
2562 3960 2613 4006 et
2639 3967 2756 4020 quze
2783 3960 3046 4007 creaturae
3079 3963 3203 4007 sunt
3226 3996 3240 4016 ,
3276 3956 3328 4008 in
3355 3956 3422 4009 iis

1863 4044 2078 4095 curiose
2104 4041 2439 4109 inquirendis
2475 4043 2675 4096 versari
2715 4041 2930 4098 minime
2971 4043 3102 4095 vult.
3134 4044 3267 4097 Nam
3298 4059 3418 4097 cum

1863 4133 2175 4202 angelorum
2231 4130 2512 4184 Dominum
2559 4130 2808 4200 possides
2856 4169 2871 4193 ,
2922 4133 3212 4186 essentiam
3248 4133 3300 4184 et
3329 4148 3424 4186 na-

1864 4229 2042 4274 turam
2097 4220 2518 4274 ministrantium
2578 4220 2623 4272 ei
2677 4220 2988 4288 angelorum
3057 4221 3421 4290 pervestigare

1866 4313 2120 4365 abhorret
2145 4351 2157 4371 ,
2195 4326 2313 4364 cum
2349 4310 2516 4374 sciat,
2574 4309 2681 4364 Deo
2728 4326 2834 4364 non
2872 4311 3115 4379 placere,
3148 4311 3420 4365 hominem

1867 4419 1985 4473 quae
2013 4416 2174 4471 supra
2221 4402 2489 4455 hominem
2523 4410 2686 4465 sunt,
2732 4416 2827 4469 per
2866 4403 3232 4456 curiositatem
3270 4401 3421 4454 inda-

1867 4512 2014 4564 gare.
2055 4494 2108 4547 Si
2142 4494 2282 4548 enim
2321 4493 2458 4563 jussi
2497 4508 2683 4548 sumus
2715 4493 2925 4546 divinas
2959 4492 3268 4560 Scripturas
3307 4506 3418 4544 non

1869 4587 2084 4641 curiose
2130 4585 2403 4639 discutere
2443 4583 2487 4612 ⁷³
2536 4621 2550 4643 ,
2583 4585 2752 4636 multo
2785 4584 2953 4650 magis
2998 4597 3160 4648 supra
3209 4596 3270 4633 ea
3303 4596 3421 4645 quzu

1868 4677 2064 4742 scripta
2139 4681 2302 4735 sunt,
2361 4687 2461 4724 nos
2530 4671 2772 4723 curiosos
2826 4684 2946 4723 esse
2995 4669 3216 4720 omnino
3280 4665 3418 4717 haud

1869 4775 2099 4835 oportet.
2136 4764 2280 4817 Talis
2324 4761 2489 4814 Deum
2538 4762 2712 4819 videt,
2747 4765 3004 4826 quantum
3049 4756 3160 4808 ﬁeri
3203 4764 3417 4823 potest,

1866 4867 1920 4911 et
1959 4863 2218 4924 quantum
2265 4854 2365 4919 ipsi
2403 4851 2510 4903 Deo
2542 4849 2704 4910 libet,
2739 4856 2792 4900 et
2828 4861 3041 4914 semper
3080 4860 3200 4898 eum
3237 4844 3421 4897 videre

1867 4949 2082 5010 studet,
2118 4957 2279 5014 atque
2309 4953 2367 4996 ut
2401 4952 2521 5011 post
2563 4940 2768 4994 obitum
2799 4939 3014 5000 videat,
3051 4947 3306 5005 perpetuo
3335 4951 3420 4989 ro.

1867 5049 1993 5110 gat,
2023 5051 2073 5091 et
2101 5039 2211 5091 sola
2247 5038 2362 5104 ejus
2391 5035 2594 5086 visione
2617 5040 2905 5084 contentus
2939 5069 2953 5093 ,
2989 5029 3120 5080 nihil
3158 5036 3417 5095 praeterea

1866 5131 2111 5199 requirit.
2170 5127 2316 5180 Unde
2365 5140 2463 5177 nec
2508 5123 2671 5176 Deum
2720 5136 2782 5174 ac
2830 5119 3113 5173 Dominum
3150 5132 3351 5178 suum,
3390 5131 3416 5165 a

1866 5240 1973 5291 quo
2025 5221 2256 5287 repletur
2296 5217 2493 5269 lumine
2525 5254 2538 5276 ,
2597 5223 2649 5268 et
2705 5229 2732 5265 a
2783 5229 2888 5279 quo
2918 5212 3033 5262 vita:
3079 5209 3335 5268 sincerae,
3370 5215 3422 5257 et

1867 5317 2195 5378 incorruptae
2236 5308 2561 5375 voluptatem
2620 5303 2818 5365 habet,
2865 5301 3167 5366 relinquere
3198 5335 3213 5358 ,
3247 5304 3299 5348 et
3354 5296 3419 5345 ad

1871 5421 1966 5461 sua
1998 5403 2207 5456 vincula
2241 5400 2508 5467 respicere
2536 5395 2701 5464 cupit.
2734 5393 2878 5447 Talis
2911 5393 3081 5453 visus,
3115 5390 3225 5442 sive
3256 5388 3421 5441 desu-

1877 5513 1969 5557 per
2009 5511 2037 5549 a
2078 5493 2186 5547 Deo
2235 5491 2530 5545 illustratus
2555 5528 2570 5554 ,
2602 5497 2654 5542 et
2707 5487 2837 5573 ipse.
2864 5484 3250 5553 praecellentem
3301 5481 3421 5547 ejus

1892 5705 1932 5736 θ’
1961 5702 2095 5757 Psal.
2141 5713 2341 5764 xxxvii,
2390 5697 2471 5750 Η.
2571 5697 2613 5728 ⁷⁸
2643 5697 2663 5752 ι
2694 5695 2821 5751 Cor.
2862 5706 2918 5756 ll,
2951 5687 3001 5742 9.
3100 5689 3140 5718 '”
3171 5687 3420 5757 Μυκη,
