4156 6340
622 351 724 415 451

1864 346 2243 411 SYMEONIS
2271 350 2635 415 IUNIORIS

3784 348 3896 423 ἧς)ίέ

627 467 855 540 gloriam
908 467 1215 532 videns,ut
1278 466 1339 521 at
1398 464 1520 521 aliis
1548 462 1772 535 qualis,
1804 472 1858 518 et
1892 464 1945 517 in
1995 471 2198 533 quanta
2227 464 2422 523 Aortu
2474 468 2652 532 insitis
2705 471 3050 535 obsidentur,
3099 469 3241 525 etin
3290 470 3473 525 lumen
3512 472 3658 539 quod
3709 474 3896 527 animo

626 560 798 630 gloria
850 560 922 615 sit
969 560 1252 619 videatur.
1310 559 1411 612 hoc
1464 556 1538 610 illi
1604 557 1658 609 in
1717 564 1951 611 mentem
2016 556 2201 608 venire

626 666 905 720 nunquam
961 659 1161 721 potest.
1222 648 1487 713 Quaelibet
1540 647 1683 701 enim
1768 655 1958 703 sancta
2023 646 2202 699 anima

624 741 775 798 omni
818 742 1115 812 cupiditate
1149 738 1338 808 gloriae
1375 745 1530 791 vacat
1564 752 1579 790 :
1613 736 1883 806 siquidem
1926 736 2069 804 regia
2104 774 2118 800 ,
2150 744 2204 791 et

623 832 969 889 lucidissima
1030 831 1257 901 spiritus
1315 829 1501 885 tunica
1547 838 1739 884 ornata
1774 869 1787 891 ,
1820 838 1873 883 et
1938 827 2202 886 immensa

624 923 719 981 Dei
761 924 932 994 gloria
979 922 1219 992 repleta,
1263 936 1369 975 non
1403 920 1581 975 solum
1638 920 1928 973 humanam
1974 919 2201 987 gloriam

623 1032 725 1087 pro
759 1015 930 1071 nihilo
958 1023 1151 1085 putat,
1189 1016 1283 1068 sed
1312 1012 1537 1067 omnino
1570 1027 1674 1067 nec
1720 1011 1787 1066 ad
1822 1010 2058 1064 oblatam
2097 1010 2201 1073 sibi

622 1121 743 1162 sese
772 1106 1063 1160 convertit.
1094 1105 1143 1159 A
1176 1103 1285 1160 Deo
1312 1104 1514 1173 quippe
1544 1104 1657 1157 visa
1679 1141 1694 1165 ,
1730 1110 1783 1155 et
1810 1101 1927 1170 ipsa
1954 1100 2200 1154 vicissim

619 1212 743 1253 eum
779 1198 967 1253 videns
993 1236 1008 1260 ,
1036 1198 1202 1251 alium
1248 1198 1486 1266 aliquem
1532 1196 1811 1251 hominem
1846 1192 2029 1251 videre
2058 1233 2073 1258 ,
2108 1200 2202 1247 aut

620 1288 690 1343 ab
716 1289 825 1343 alio
852 1289 1025 1343 videri
1060 1303 1345 1357 nunquam
1386 1286 1743 1343 desiderabit.

690 1378 1059 1444 Quamobrem
1094 1379 1324 1433 obsecro
1351 1393 1447 1432 vos
1473 1417 1487 1440 ,
1521 1376 1718 1429 fratres
1755 1376 1808 1428 in
1849 1373 2090 1436 Christo.
2132 1389 2200 1429 ne

616 1470 802 1523 verbis
830 1470 1095 1525 duntaxat
1122 1469 1417 1524 ineffabilia
1445 1468 1657 1522 discere
1685 1466 1913 1520 velimus
1932 1506 1945 1531 ,
1974 1466 2118 1535 quod
2145 1472 2199 1519 et

613 1561 934 1615 docentibus
988 1570 1042 1616 et
1091 1559 1443 1614 audientibus
1513 1574 1668 1627 atque
1708 1567 1795 1612 est
1837 1556 2194 1626 impossibile.

612 1650 801 1720 Neque
844 1652 990 1705 enim
1021 1651 1119 1721 qui
1152 1666 1275 1720 quae
1320 1650 1442 1707 solo
1480 1650 1754 1703 intellectu
1784 1650 2186 1718 percipiuntur,

611 1754 664 1797 et
688 1742 873 1796 divina
902 1750 1029 1796 sunt
1052 1743 1286 1805 docent,
1320 1755 1382 1794 ea
1416 1738 1723 1795 manifestis
1775 1740 2038 1809 exemplis
2073 1756 2195 1809 pcr-

2304 565 2357 610 et
2407 559 2732 628 cogitatione
2777 562 3021 615 cernitur
3053 559 3301 629 quodque
3325 560 3533 626 primus
3585 561 3673 614 ille
3731 575 3895 632 pater

2305 649 2525 711 amisit,
2554 662 2830 720 aspectum
2858 651 3091 721 defigere
3126 649 3352 713 nolunt,
3377 650 3431 703 hi
3459 650 3511 704 in
3539 651 3656 721 ipso
3688 655 3893 708 lumine

2306 749 2465 794 natos
2495 780 2511 806 ,
2558 750 2611 797 et
2668 758 2788 812 quae
2837 743 3062 797 luminis
3114 750 3243 796 sunt
3289 741 3653 810 disserentes,
3702 759 3893 799 eorum

2305 834 2651 890 sermonibus
2688 835 2920 899 perculsi
2949 874 2964 899 ,
3003 850 3098 904 pro
3131 833 3383 888 hostibus
3417 834 3521 888 sibi
3550 817 3887 888 adversariis

2303 921 2533 976 ducunt.
2579 921 3045 988 Quemadmodum
3095 938 3330 991 namque
3375 924 3561 977 radius
3597 923 3764 986 solis,
3792 925 3893 979 ubi

2303 1013 2523 1065 domum
2570 1015 2882 1082 quampiam
2916 1013 3205 1067 obscuram
3248 1012 3532 1067 intraverit
3565 1058 3577 1077 ,
3614 1015 3875 1068 tenebras

2306 1113 2366 1160 ut
2408 1103 2649 1158 iaculum
2680 1113 2950 1174 penetrat,
2972 1120 3033 1158 ac
3057 1105 3295 1159 dissecat
3331 1104 3439 1158 :ita
3479 1106 3802 1175 spirituaiis,
3833 1114 3893 1159 et

2304 1198 2480 1251 sancti
2534 1197 2632 1250 viri
2683 1212 2712 1249 a
2770 1195 2877 1250 Deo
2933 1196 3197 1264 inspirata
3244 1196 3458 1261 oratio,
3514 1210 3615 1251 ceu
3676 1197 3893 1267 gladius

2290 1300 2503 1354 ,anceps
2530 1302 2623 1343 cor
2666 1285 2902 1342 hominis
2931 1287 3168 1341 carnalis
3213 1288 3531 1342 consauciat
3558 1325 3573 1349 ,
3611 1287 3773 1355 idque
3806 1287 3881 1340 ad

2301 1378 2791 1432 contradictionem
2820 1389 2870 1431 et
2901 1378 3085 1433 odium
3112 1421 3126 1444 ,
3161 1394 3268 1448 pra:
3296 1379 3603 1447 ignorantia
3624 1420 3636 1441 ,
3672 1388 3724 1433 et
3752 1378 3889 1432 infi-

2301 1468 2526 1523 delitate
2587 1472 2825 1525 coacitat
2867 1488 2880 1523 :
2919 1470 3022 1537 Qui
3069 1482 3242 1525 autem
3284 1472 3552 1525 existimat
3590 1488 3645 1526 se
3682 1471 3891 1541 aliquid

2299 1562 2453 1627 scire,
2490 1578 2607 1615 cum
2640 1562 2768 1616 nihil
2796 1564 2926 1616 sciat
2960 1563 3005 1596 ⁷⁸
3038 1602 3051 1627 ,
3087 1564 3302 1618 etiamsi
3353 1563 3602 1630 angelum
3649 1564 3713 1618 de
3744 1565 3891 1619 coelo

2298 1656 2362 1709 ad
2394 1671 2453 1710 se
2498 1655 2924 1711 descendentem
2980 1655 3211 1717 viderit,
3246 1662 3304 1708 ut
3336 1655 3540 1708 malum
3578 1655 3884 1710 daemonem

2298 1745 2616 1801 adversatur
2650 1763 2663 1797 :
2706 1758 2758 1800 et
2794 1746 3047 1814 quamvis
3089 1744 3410 1815 Apostolum
3439 1784 3453 1808 ,
3483 1747 3727 1813 quamvis
3762 1760 3892 1813 pro-

613 1833 804 1902 spicue
857 1834 1238 1887 demonstrare
1262 1870 1279 1896 ,
1314 1846 1616 1900 eorumque
1673 1830 1957 1885 veritatem
1990 1868 2005 1895 ,
2048 1840 2106 1885 ut
2138 1834 2193 1886 in
2223 1801 2271 1863 Β
2301 1834 2515 1903 phetam
2547 1834 2663 1895 Dei.
2691 1801 2852 1895 etiam
2885 1835 3060 1903 ipsum
3096 1801 3155 1887 ui
3188 1834 3351 1887 alium
3386 1801 3671 1902 quemdam
3707 1801 3887 1888 Simo-

611 1923 827 1994 negotio
882 1923 1067 1990 aliquo
1135 1920 1364 1976 solertes
1396 1960 1411 1985 ,
1467 1935 1531 1974 ac
1586 1920 1699 1973 triti
1756 1930 2193 1987 repraesentare:

615 2029 719 2069 nec
766 2015 857 2083 qui
887 2014 1178 2079 docentur,
1210 2028 1274 2072 ex
1327 2012 1505 2081 verbis
1558 2013 1692 2069 solis
1725 2028 1913 2069 eorum
1944 2027 2065 2081 quae
2109 2013 2196 2067 di-

623 2116 822 2159 cuntur
863 2104 1191 2160 evidentiam
1239 2104 1453 2167 discere
1482 2111 1717 2173 possunt
1764 2104 1901 2159 :sed
1944 2105 2191 2166 actione,

624 2197 908 2251 laboribus
965 2205 1016 2252 et
1096 2197 1389 2253 sudoribus
1450 2197 1568 2265 ipsa
1598 2197 2097 2265 comprehendere,
2140 2204 2195 2250 et

610 2288 965 2358 contemplari
1014 2288 1332 2345 studeamus
1366 2306 1379 2343 :
1420 2297 1479 2342 ut
1513 2288 1558 2343 si
1591 2288 1715 2341 inde
1762 2290 1923 2343 etiam
1956 2290 2193 2347 rationes

608 2380 801 2434 horum
834 2420 848 2443 ,
898 2380 1046 2436 velut
1077 2396 1233 2435 sacra
1280 2380 1539 2451 mysteria
1595 2380 1739 2435 docti
1797 2380 2062 2437 fuerimus
2088 2422 2102 2446 ,
2132 2398 2192 2444 et

608 2471 947 2537 glorificetur
975 2471 1119 2526 Deus
1140 2512 1154 2537 ,
1186 2472 1266 2525 sic
1296 2472 1453 2525 nobis
1482 2471 1837 2537 habentibus,
1872 2481 1926 2526 et
1961 2489 2061 2527 nos
2091 2488 2188 2542 per

606 2563 817 2615 illorum
876 2564 1240 2633 cognitionem
1298 2563 1666 2631 glorificemus
1726 2578 1851 2620 eum
1888 2602 1903 2627 ,
1962 2564 2188 2633 ipseque

602 2653 869 2721 glorificet
915 2668 1015 2709 uos
1053 2655 1108 2707 in
1164 2655 1284 2723 ipso
1317 2652 1533 2707 Christo
1579 2652 1687 2708 Deo
1732 2664 1965 2719 nostro;
2021 2671 2187 2725 quem

604 2748 760 2797 decet
794 2744 971 2797 omnis
1015 2745 1185 2813 gloria
1210 2784 1225 2809 ,
1260 2744 1438 2799 honor
1476 2756 1528 2798 et
1560 2746 1802 2799 adoratio
1832 2760 1951 2799 cum
1988 2745 2146 2800 Patre
2171 2788 2186 2813 ,

605 2842 661 2890 et
693 2834 1049 2888 sanctissimo
1081 2848 1145 2887 ac
1173 2834 1385 2888 vivifico
1414 2834 1623 2904 Spiritu
1650 2850 1840 2902 ,nunc
1866 2842 1921 2892 et
1947 2851 2185 2908 semper,

600 2935 654 2980 et
680 2927 737 2982 in
764 2927 961 2982 sucula
986 2926 1337 2983 surculorum.
1373 2927 1568 2982 Amen.

1126 3038 1386 3094 ORATIO
1452 3039 1662 3094 XXVII.

1192 3166 1552 3207 ARGUHENTUM

599 3263 915 3335 De_turbida
982 3276 1032 3335 et
1052 3281 1081 3335 At
1110 3265 1290 3332 nﬁdeli
1344 3282 1406 3316 ac
1435 3280 1599 3332 prava
1624 3266 1921 3334 aﬂ'ectione.
1953 3272 2085 3335 Quae
2114 3276 2186 3327 sit

670 3332 931 3409 [Mucium
961 3333 1088 3409 [iiiis
1124 3335 1254 3386 lucis
1286 3334 1639 3409 consociatio,
1663 3332 1734 3388 "et
1775 3332 2001 3409 quonam
2032 3353 2185 3409 pacto

667 3403 723 3482 ξπ
771 3404 878 3481 illis
928 3404 1217 3482 efﬁciatur.
1265 3403 1344 3454 Ad
1385 3404 1586 3482 ﬁnem,
1632 3407 1929 3462 sacerdotio
1972 3403 2186 3482 indigne

666 3473 817 3541 [ungi
853 3475 1163 3530 audentiam
1191 3475 1491 3526 insectatio.

670 3563 918 3633 Semper,
946 3563 1179 3621 etomni
1217 3574 1457 3633 tempore
1479 3604 1494 3628 ,
1524 3565 1723 3621 fratres
1748 3606 1763 3631 ,
1794 3568 1939 3624 inter
1961 3587 2020 3627 se
2051 3587 2185 3627 con-

598 3657 768 3710 traria
801 3666 929 3711 sunt
958 3658 1045 3709 lux
1068 3666 1119 3711 et
1144 3656 1401 3716 tenebrae.
1426 3657 1561 3712 fides
1583 3668 1637 3712 et
1666 3659 1979 3727 infidelitas,
1998 3664 2184 3732 cogni-

603 3750 680 3803 tio
712 3757 768 3803 et
819 3748 1123 3817 ignorantia
1146 3787 1161 3812 ,
1202 3749 1443 3802 charitas
1473 3758 1526 3803 et
1552 3748 1759 3805 odium.
1803 3750 1936 3806 Nam
1971 3769 2091 3809 cum
2115 3756 2184 3810 ab

608 3839 767 3893 initio
816 3838 1043 3893 dixisset
1084 3838 1265 3903 Deus,
1319 3837 1447 3893 Fiat
1488 3840 1585 3894 tua:
1623 3844 1667 3873 ⁷⁵
1707 3884 1721 3907 ,
1779 3859 1952 3914 eaque
2012 3848 2183 3901 exsti-

600 3932 760 3985 tisset
784 3972 799 3996 ,
831 3930 979 3984 illico
1017 3931 1253 3985 tenebrae
1285 3940 1644 3989 evanuerunt.
1679 3933 1822 3991 Luce
1853 3938 2136 3995 occidente
2161 3980 2176 4006 ,

596 4024 783 4077 statim
821 4035 926 4075 nox
960 4020 1144 4076 rediit.
1192 4021 1376 4078 Adam,
1398 4038 1527 4078 vero
1568 4023 1673 4081 fide
1702 4025 1755 4080 in
1784 4027 1958 4082 Deum
1993 4031 2178 4084 muni-

597 4125 685 4167 tus
715 4127 779 4166 ac
807 4119 980 4176 tutus,
1022 4111 1318 4167 immortali
1358 4115 1530 4183 gloria
1562 4101 1998 4180 circumfluebat.
2029 4130 2085 4175 et
2121 4123 2176 4176 in

596 4205 853 4272 paradiso
882 4214 1023 4260 erat.
1072 4205 1154 4259 Ab
1186 4207 1410 4261 inimico
1442 4216 1623 4263 autem
1684 4210 1751 4263 ad
1802 4210 2175 4273 infidelitatem

596 4294 1073 4360 detortus,.morte
1103 4298 1419 4361 damnatus,
1453 4305 1506 4349 et
1540 4297 1793 4364 paradiso
1830 4302 2173 4364 exturbatus,

596 4400 693 4454 pro
736 4386 920 4441 divina
974 4387 1349 4455 spiritualique
1400 4388 1714 4456 cognitione
1757 4391 2033 4445 carnalem
2069 4407 2160 4446 co-

594 4478 896 4546 gnitionem
931 4479 1163 4547 recepit.
1212 4478 1424 4533 Etenim
1455 4478 1633 4534 oculis
1676 4480 1871 4537 animae
1898 4483 2121 4537 orbatus
2150 4500 2185 4547 ,‘

594 4569 815 4637 vitaque
868 4570 1092 4638 perenni
1125 4570 1396 4639 spoliatus
1424 4610 1444 4633 .
1473 4572 1752 4639 corporeis
1794 4572 1969 4626 oculis
2003 4575 2169 4643 coepit

594 4660 877 4727 aspicere,
913 4658 1093 4729 lisque
1142 4661 1499 4715 sensibilibus
1545 4671 1600 4715 et
1646 4664 2070 4731 aspectabilibus
2101 4682 2167 4719 ex

592 4751 957 4806 commotione
979 4752 1236 4821 adjectis,
1264 4754 1520 4822 cognovit
1541 4753 1707 4808 Evam
1737 4769 1959 4810 uxorem
1987 4772 2166 4821 suam,

592 4857 713 4910 qua:
745 4844 995 4911 concepit
1017 4851 1072 4897 et
1126 4844 1337 4913 peperit
1359 4843 1492 4898 Cain
1522 4843 1588 4897 ⁷⁸.
1624 4843 1792 4900 Ροιϊο
1829 4846 1955 4901 talis
1983 4850 2170 4918 cogni-

592 4938 670 4987 tio
699 4950 821 4988 vere
849 4936 1028 4989 omnis
1056 4937 1181 4989 boni
1206 4936 1510 5005 ignorantia
1550 4944 1655 4991 est.
1687 4936 1801 4992 Nisi
1835 4940 1979 4997 enim
2012 4941 2163 5008 prius

592 5028 829 5080 divinam
892 5029 1259 5097 cognitionem
1334 5030 1709 5098 visionemque
1797 5031 2159 5099 perdidisset,

590 5133 867 5186 nunquam
922 5119 973 5171 in
1030 5119 1190 5172 istam
1252 5120 1617 5187 cognitionem
1672 5122 1960 5177 devolutus
1994 5136 2158 5179 esset.

591 5209 683 5261 Sic
713 5209 905 5263 deinde
929 5221 981 5264 et
1007 5210 1141 5265 Cain
1176 5210 1318 5265 filius
1346 5211 1467 5278 ejus
1498 5252 1511 5275 ,
1537 5212 1641 5266 nisi
1674 5223 1800 5267 ante
1837 5216 1891 5269 in
1926 5217 2110 5271 odium
2144 5260 2158 5283 ,

587 5310 641 5353 et
692 5302 951 5355 invidiam
998 5317 1127 5371 erga
1165 5304 1296 5357 Abel
1349 5304 1570 5358 fratrem
1626 5321 1783 5361 suum
1818 5309 2155 5375 exarsisset,

588 5408 696 5445 non
724 5394 772 5447 el
805 5406 989 5447 necem
1017 5395 1305 5449 attulisset.
1329 5394 1604 5466 Quotquot
1628 5398 1792 5468 igitur
1821 5402 2057 5455 tenebris
2084 5403 2153 5457 ab

658 5548 703 5577 '"
732 5545 866 5601 Gen.
900 5563 939 5610 ι,
986 5548 1039 5601 3.
1118 5548 1163 5579 "
1222 5548 1359 5603 Gen.
1421 5566 1498 5611 tv.
1555 5553 1605 5605 Ι.

1681 5556 1728 5587 ⁷⁸
1758 5555 1777 5609 l
1805 5555 1931 5611 Cor.
1957 5574 2073 5622 vin,
2110 5560 2166 5615 2.

589 5770 611 5785 κ
660 5704 789 5785 (iam
806 5704 983 5761 Verba
1008 5705 1190 5785 (ξηραί)
1217 5720 1346 5785 sunt
1388 5710 1531 5763 ista:
1570 5712 1627 5762 Ὠ
1687 5712 1781 5785 τοῦ
1833 5714 2131 5783 θαύματος,

586 5776 668 5829 ὅτι
701 5776 982 5838 avectam;
1014 5778 1130 5845 θεῷ
1170 5777 1381 5833 ἑνοῦται
1417 5784 1824 5850 πνευματικῶς,
1874 5776 1967 5838 καὶ
2038 5776 2140 5837 σωγ-

2302 1942 2423 1980 nem
2468 1926 2680 1997 Magum
2728 1927 3131 1990 abominetur;
3175 1934 3227 1979 et
3263 1925 3410 1996 quod
3467 1938 3722 1981 extremae
3768 1934 3890 1981 sto-

2298 2016 2529 2072 liditatis
2589 2028 2717 2081 est,
2768 2032 2947 2071 caecus
3020 2016 3289 2070 videntem
3346 2023 3407 2069 ut
3465 2031 3670 2070 caecum
3729 2017 3889 2070 ducit

2298 2110 2500 2178 quique
2528 2109 2754 2177 ipsemet
2789 2123 2978 2163 revera
3013 2118 3242 2178 nugator
3270 2114 3353 2162 est
3383 2146 3397 2172 ,
3430 2108 3551 2177 ejus
3588 2108 3747 2162 verba
3784 2123 3887 2176 pro

2296 2201 2456 2270 nugis
2486 2201 2670 2255 habet.
2720 2199 2785 2254 Et
2811 2201 3087 2269 quomodo
3118 2214 3329 2262 caicus,
3360 2198 3403 2253 si
3434 2199 3527 2268 qui
3582 2208 3742 2253 ποί-ιιι
3779 2215 3889 2253 sac-

2296 2292 2420 2362 pius
2463 2278 2742 2346 affirnieut
2795 2293 2964 2346 solem
3009 2292 3191 2345 lucere
3215 2329 3230 2353 ,
3262 2290 3418 2345 fidem
3474 2291 3552 2344 eis
3586 2290 3830 2359 adjuugit
3866 2329 3883 2354 ,

2295 2393 2348 2439 et
2401 2398 2617 2436 rursum
2664 2384 2717 2435 in
2782 2382 3005 2436 meridie
3051 2381 3223 2435 lucem
3271 2395 3392 2435 esse
3420 2379 3728 2434 dicentibus
3766 2395 3882 2433 non

2295 2475 2507 2539 credit,
2549 2474 2839 2542 suspicans
2896 2489 2955 2528 se
2996 2473 3064 2527 ab
3114 2475 3361 2540 utrisque
3400 2472 3573 2541 decipi
3612 2490 3627 2528 :
3665 2480 3717 2526 et
3747 2473 3869 2527 sive

2293 2564 2469 2620 lucem
2516 2564 2568 2617 in
2613 2565 2699 2617 die
2728 2603 2743 2629 ,
2789 2565 2902 2619 sive
2954 2563 3205 2618 tenebras
3251 2563 3307 2616 in
3341 2571 3500 2618 nocte
3547 2563 3648 2616 sibi
3677 2564 3881 2631 praedi-

2294 2667 2482 2711 cantes
2517 2656 2801 2724 ambiguus
2836 2655 3014 2723 rejicit
3050 2671 3063 2707 :
3102 2655 3176 2707 ita
3215 2655 3306 2723 qui
3345 2655 3399 2706 in
3434 2653 3675 2708 tenebris
3706 2654 3879 2707 animi

2292 2750 2762 2817 perturbationum
2840 2747 3073 2812 sedent,
3150 2762 3485 2817 sensumque
3562 2747 3877 2816 ignorantia

2291 2841 2628 2900 obcaecatum
2662 2840 2893 2903 habent,
2929 2838 3010 2892 vel
3038 2840 3220 2907 potius
3243 2877 3257 2901 ,
3294 2839 3384 2906 qui
3416 2853 3635 2909 sensum
3669 2838 3874 2893 Christi

2292 2949 2397 2987 non
2430 2933 2629 2984 habent
2657 2970 2672 2995 ,
2714 2933 2887 3001 ipsius
2923 2945 3147 2985 sensum
3192 2930 3481 2984 habentem
3512 2971 3526 2994 ,
3560 2931 3704 2984 velut
3746 2932 3875 2997 ejus

2290 3034 2680 3093 expertem,et
2733 3040 2838 3076 nou
2882 3023 3165 3077 habentem
3218 3024 3362 3076 velut
3406 3023 3525 3089 ejus
3555 3030 3869 3091 compotem

2198 3122 2255 3183 -ο
2288 3122 2560 3184 reputant.
2599 3114 2671 3168 De
2701 3114 2898 3184 quibus
2933 3115 3067 3167 bene
3106 3113 3272 3166 David
3310 3115 3603 3183 propheta:
3637 3112 3869 3177 Stultus,

2288 3216 2335 3258 et
2373 3205 2626 3272 insipiens
2656 3204 2898 3272 peribunt
2933 3204 2978 3235 ⁷⁷
3002 3243 3016 3258 .
3054 3203 3322 3268 Quocirca
3365 3203 3497 3258 tales
3526 3212 3693 3259 totam
3728 3204 3876 3258 divi-

2288 3312 2415 3359 nam
2438 3297 2775 3365 Scripturam
2825 3278 3122 3351 secundum
3158 3295 3409 3367 proprias
3458 3297 3697 3363 ipsorum
3730 3312 3874 3351 con-

2288 3388 2657 3457 cupiscentias
2721 3386 3064 3457 depravant,
3116 3395 3167 3440 et
3232 3401 3329 3454 pro
3402 3386 3615 3441 vitiosis
3672 3402 3870 3443 eorum

2289 3481 2571 3539 affectibus
2596 3520 2609 3545 ,
2646 3495 2785 3548 quos
2815 3479 2869 3532 in
2901 3478 3016 3541 ipsa
3048 3494 3154 3533 non
3193 3479 3493 3543 inveniunt,
3527 3477 3622 3533 sed
3651 3478 3875 3534 adulte-

2286 3583 2483 3627 rantes-
2526 3586 2645 3627 eam
2707 3572 3006 3639 patiuntur,
3039 3578 3418 3638 corrumpunt.
3474 3569 3621 3624 Cedo
3677 3572 3869 3639 igitur,

2287 3664 2381 3733 qui
2412 3663 2480 3718 de
2510 3663 2676 3717 rebus
2704 3676 2986 3731 perperam
3031 3662 3297 3723 indicant,
3331 3675 3432 3714 nec
3460 3677 3570 3731 prae
3604 3677 3873 3731 arrogan-

2285 3755 2361 3808 tia
2402 3753 2587 3808 doceri
2623 3767 2682 3807 se
2730 3751 2960 3813 sinunt,
2992 3760 3046 3805 et
3079 3751 3203 3803 caeci
3235 3756 3402 3813 sunt,
3446 3761 3591 3805 recte
3623 3768 3867 3819 unquam

2286 3859 2407 3914 per,
2436 3843 2762 3912 semetipsos
2825 3856 3020 3903 sensus
3076 3840 3211 3893 lucis
3259 3839 3632 3909 cognoscent?
3676 3839 3870 3897 Oculis

2286 3943 2519 4003 captus,
2554 3949 2655 3988 nec
2682 3938 2854 3988 lucem
2890 3933 3106 3985 intuens
3140 3971 3153 3995 ,
3183 3930 3274 3997 qui
3316 3931 3529 3986 tandem
3563 3931 3770 3985 litteras
3802 3932 3865 3986 in

2285 4025 2405 4079 luce
2434 4024 2618 4095 leget?
2665 4024 2769 4090 Qui
2823 4038 2955 4083 vero,
2979 4037 3156 4076 caecus
3190 4032 3273 4075 est
3312 4037 3475 4076 sensu
3504 4061 3520 4086 ,
3564 4032 3615 4074 et
3654 4022 3863 4076 Christi

2285 4131 2507 4172 sensum
2542 4116 2597 4168 in
2630 4130 2687 4169 se
2717 4130 2825 4169 non
2859 4114 3055 4177 habet,
3086 4113 3357 4182 quomodo
3387 4115 3440 4167 in
3472 4113 3675 4167 lumine
3698 4114 3864 4167 Chri-

2284 4217 2352 4263 sti
2380 4223 2574 4263 sensus
2605 4207 2876 4274 repositos
2904 4220 2967 4259 ac
2996 4204 3307 4258 reconditos
3335 4204 3536 4267 videre,
3571 4211 3624 4256 et
3655 4220 3867 4271 expen-

2282 4302 2410 4355 dere
2460 4300 2684 4369 potest?
2712 4297 2857 4351 Talis
2885 4338 2898 4361 ,
2930 4296 3180 4365 quamvis
3236 4295 3433 4349 millies
3485 4297 3862 4352 exterioribus

2282 4394 2455 4449 oculis
2488 4391 2691 4461 scripta
2749 4404 2969 4445 sensum
3008 4388 3276 4441 moventia
3313 4386 3495 4456 legat,
3536 4402 3810 4454 nunquam
3840 4426 3858 4449 ,

2276 4485 2490 4553 Opinor,
2523 4481 2825 4551 spiritualia
2854 4519 2869 4544 ,
2904 4488 2956 4534 et
3008 4479 3246 4531 materia:
3304 4479 3542 4545 expertia
3570 4516 3585 4540 ,
3639 4485 3692 4530 et
3744 4478 3858 4532 luci

2277 4579 2474 4634 similia
2542 4576 2597 4629 iu
2668 4584 2937 4628 nocturno
3004 4587 3067 4625 ac
3126 4571 3416 4625 tenebroso
3492 4571 3608 4625 loco
3669 4571 3860 4626 videre

2275 4675 2458 4736 queat.
2501 4664 2670 4718 Nemo
2702 4662 2883 4730 itaque
2916 4675 3012 4715 vos
3056 4662 3298 4714 seducat.
3351 4659 3491 4714 Deus
3517 4660 3605 4713 lux
3645 4669 3725 4714 est
3756 4700 3769 4720 .
3796 4671 3859 4713 et

2276 4759 2477 4826 quibus
2513 4755 2843 4825 conjunctus
2877 4753 3078 4817 fuerit,
3114 4768 3237 4804 cum
3269 4753 3333 4805 iis
3368 4767 3463 4820 pro
3507 4753 3670 4819 gradu
3703 4752 3857 4819 puri-

2276 4853 2407 4907 tatis
2440 4853 2685 4920 ipsorum
2719 4848 3018 4902 claritatem
3062 4861 3215 4900 suam
3252 4843 3641 4897 communicat.
3673 4845 3856 4908 Atque

2272 4952 2399 4999 tunc
2433 4943 2699 4997 exstincta
2728 4939 2943 5008 lampas
2982 4936 3175 4989 anima:
3207 4975 3220 4996 ,
3254 4934 3307 4987 ld
3364 4942 3447 4988 est
3474 4974 3488 4994 .
3524 4949 3674 4985 mens
3706 4934 3853 4987 divi.

2270 5050 2399 5089 num
2463 5033 2638 5101 ignem
2694 5044 2753 5083 se
2813 5026 3279 5095 circumplexum,
3346 5032 3397 5077 et
3454 5022 3854 5077 redaccensum

2270 5139 2396 5180 esse
2432 5121 2734 5191 cognoscit.

2339 5215 2383 5270 Ο
2415 5216 2548 5268 mira
2584 5228 2669 5265 res
2697 5252 2712 5275 ,
2758 5211 2919 5263 homo
2975 5208 3083 5261 Deo
3124 5202 3483 5274 spiritualiter
3532 5201 3853 5269 corporali-

2269 5317 2459 5376 terqiie
2501 5306 2685 5359 unitur
2709 5302 2824 5369 (15)
2862 5318 2873 5353 :
2908 5297 3177 5367 siquidem
3209 5295 3388 5348 anima
3426 5310 3534 5348 non
3567 5309 3595 5347 a
3624 5304 3803 5347 mente
3830 5331 3850 5359 ,

2265 5414 2365 5456 nec
2409 5398 2482 5452 ab
2538 5396 2716 5447 auinla
2742 5407 2940 5461 corpus
2967 5387 3291 5457 seiungitur,
3329 5395 3384 5439 et
3417 5385 3619 5439 unione
3647 5400 3853 5440 essen-

2247 5558 2463 5614 ""Psal.
2522 5569 2708 5615 vam,
2775 5552 2863 5606 11.

2246 5713 2513 5791 postumi,
2545 5712 2797 5791 εἴπερ-οὐ
2840 5711 3136 5791 χῳιριίςετςι
3178 5710 3280 5791 ’τοῦ
3315 5707 3417 5791 1)ρῦ
3460 5706 3669 5791 iiii/uxr};
3715 5706 3849 5791 (ξῦδὶ

2247 5777 2347 5853 Ῑτῆς
2374 5784 2552 5853 ψυχῆς
2580 5784 2637 5834 τὸ
2667 5777 3016 5851 ὰῶμαξάηὰ
3049 5784 3112 5849 τῇ
3139 5779 3413 5841 οὖσιωδώς
3456 5777 3645 5830 ἑνώσει
3690 5777 3846 5845 vivs-
