4128 6338
285 368 398 432 458

1652 378 1940 440 ORATIO
1990 381 2243 447 XXV-II.

3423 406 3528 470 454

284 479 402 532 tiali
424 518 439 542 ,
469 479 654 534 etianr
676 479 841 535 homo
882 498 979 553 per
1024 494 1254 553 gratiam
1287 489 1717 560 τρισυπόστατος
1748 492 1810 546 iit

1958 494 2358 564 etconspicui
2404 510 2734 571 appareant.
2790 505 2925 572 Quis
2995 524 3125 581 ergo
3176 513 3524 578 Christianus

288 584 432 624 unus
482 585 576 639 per
601 570 957 640 adoptionem
1014 577 1154 633 Deus
1180 618 1198 644 ,
1231 594 1297 635 ex
1339 596 1569 651 corpore
1600 581 1853 639 videlicet

284 668 341 712 ct
400 660 580 714 anima
607 698 624 727 ,
657 669 709 716 et
764 662 944 733 (cujus
1000 664 1176 724 iactus
1209 679 1293 725 est
1323 672 1617 743 particeps)
1671 674 1855 730 divino

284 748 495 821 Spiritu
537 765 796 811 constans
825 798 839 822 ,
872 757 1233 831 lmpleturque
1266 775 1417 819 tunc
1468 766 1600 820 illud
1636 765 1853 823 Davidis

282 841 592 913 prephetm:
618 847 725 918 Ego
745 851 885 906 dixi:
900 852 989 907 Dii
1020 856 1165 920 estis,
1184 866 1233 913 et
1248 858 1349 925 ﬁlii
1376 857 1587 913 Excelsi
1606 861 1850 916 omnes".

282 932 409 989 Filii
442 938 654 999 Excelsi
685 944 985 998 secundum
1020 930 1305 1018 imaginem
1336 950 1621 1018 videlicet,
1656 956 1851 1008 simili-

284 1027 645 1101 tudinemque
670 1034 939 1089 Altissimi
977 1054 992 1090 :
1024 1038 1208 1094 divina
1255 1044 1549 1111 progenies
1573 1059 1639 1098 ex
1670 1045 1852 1101 divino

284 1118 520 1188 Spiritu;
562 1126 767 1193 quibus
795 1128 930 1181 dixit
963 1132 1158 1185 merito
1192 1130 1455 1188 Dominus
1484 1174 1497 1197 ,
1530 1150 1853 1205 semperque

277 1208 448 1265 dicit:
476 1210 682 1269 Manete
701 1216 756 1269 in
784 1234 881 1284 me,
913 1228 969 1271 ut
992 1220 1221 1290 fructum
1247 1210 1467 1277 multum
1497 1227 1734 1294 offeratis
1755 1226 1849 1291 "'_'.

277 1296 540 1353 Fructum
575 1302 828 1374 intelligit
856 1322 1042 1362 eorum
1084 1313 1294 1380 copiam
1327 1354 1341 1377 ,
1364 1315 1458 1383 qui
1489 1318 1630 1383 apud
1666 1317 1843 1386 ipsum

276 1393 609 1452 salvantur:
666 1394 916 1465 Palmes,
962 1405 1169 1472 inquit,
1214 1408 1321 1460 nisi
1365 1411 1616 1463 manserit
1662 1411 1715 1463 in
1747 1412 1849 1465 vite

275 1485 470 1538 arescit
499 1526 515 1552 ,
545 1496 593 1541 et
628 1488 685 1541 in
716 1491 885 1559 ignem
935 1494 1184 1547 mittitur.
1226 1494 1441 1551 Manete
1484 1501 1647 1569 igitur
1672 1518 1760 1555 vos
1794 1504 1848 1555 in

275 1590 380 1637 me,
412 1587 461 1629 et
484 1594 575 1646 ego
605 1581 659 1632 in
692 1582 834 1634 vobis
859 1583 905 1615 "
935 1622 949 1636 .
987 1584 1271 1650 Quomodo
1307 1589 1471 1659 igitur
1525 1602 1742 1649 maneat
1794 1596 1847 1651 in

276 1667 482 1732 nobis,
540 1680 594 1724 et
650 1675 924 1740 quomodo
980 1677 1220 1751 vicissim
1278 1697 1377 1737 nos
1431 1700 1751 1743 maneamus
1792 1689 1848 1742 in

1956 583 2122 639 hosce
2148 586 2487 649 Christianos
2523 596 2866 653 nominabit?
2916 614 2927 625 '

2026 673 2227 731 Verum
2269 680 2529 739 hactenus
2580 695 2771 743 contra
2821 704 2915 746 eos
2947 708 3037 763 qui
3071 698 3252 752 omnia
3303 701 3444 755 seire
3472 716 3527 760 et

1953 761 2135 822 dicere
2192 782 2501 841 conantur,
2551 787 2603 832 et
2648 761 2978 837 existimant-
3042 802 3097 841 se
3152 790 3353 859 aliquid
3405 807 3530 849 esse

1953 869 2074 910 cum
2130 861 2263 914 nihil
2303 865 2445 931 sint,
2478 870 2627 923 velut
2672 872 2724 925 in
2779 875 2936 943 cippo
2970 880 3156 946 quales
3199 885 3309 937 sint
3363 885 3530 940 (-Zhrio

1954 950 2121 1002 stiani
2168 952 2453 1009 docuimus
2500 970 2603 1013 :ut
2637 976 2756 1017 sese
2792 979 2914 1018 cum
2965 970 3253 1038 archetypo
3302 988 3523 1042 cmnpa-

1953 1048 2138 1094 rantes
2163 1079 2177 1104 ,
2225 1054 2487 1111 quantum
2528 1063 2566 1099 -a
2602 1064 2872 1118 germane
2924 1055 3249 1114 Christianis
3290 1062 3519 1127 absint,

1952 1129 2271 1199 intelligant.
2307 1135 2387 1189 Ad
2422 1154 2517 1192 vos
2545 1150 2727 1194 autem
2758 1144 2957 1199 Christi
2990 1164 3195 1215 servos,
3228 1162 3281 1204 et
3306 1154 3522 1210 discere

1953 1220 2262 1287 cupientes,
2300 1239 2618 1297 paratosque
2648 1233 2713 1284 ad
2747 1236 3112 1301 audiendum,
3147 1243 3521 1301 universitatis

1952 1308 2216 1366 Dominus
2270 1330 2365 1384 per
2404 1332 2592 1373 saneta
2631 1322 2918 1392 Evangelia
2969 1341 3065 1380 sua
3111 1330 3307 1383 clamat
3335 1349 3349 1383 :
3376 1332 3515 1385 Dum

1954 1400 2118 1454 lucem
2167 1404 2399 1471 habetis,
2445 1410 2515 1461 ad
2568 1411 2737 1468 lumen
2786 1417 3009 1479 currite,
3044 1435 3110 1472 ne
3158 1435 3243 1473 vos
3294 1424 3518 1478 tenebrc

1954 1496 2384 1561 comprehendant
2421 1500 2465 1531 ⁸³
2491 1540 2504 1553 .
2534 1501 2751 1557 Currite
2792 1521 2888 1573 per
2928 1510 3298 1575 pmniteutiam
3336 1513 3391 1565 in
3425 1517 3516 1568 via

1954 1586 2330 1641 mandatorum
2364 1591 2505 1657 ejus,
2538 1594 2760 1647 currite.
2796 1596 3011 1651 Currite
3044 1598 3172 1652 dum
3199 1602 3507 1668 durativeius

1956 1674 2297 1741 illuminatio,
2331 1682 2642 1752 priusiluam
2674 1703 2779 1740 nox
2813 1690 3004 1743 mortis
3028 1705 3125 1743 vos
3152 1693 3507 1758 comprehen-

269 1756 415 1825 ipso,
457 1760 719 1816 Dominus
774 1765 895 1835 ipse
929 1767 1113 1823 docuit
1150 1771 1255 1825 illis
1285 1775 1487 1841 verbis.
1526 1776 1625 1840 Tu,
1664 1778 1849 1847 Eat",
1887 1812 1929 1871 Β
1957 1768 2152 1832 ἀειγει
2179 1772 2243 1826 ad
2276 1774 2527 1829 tenebras
2564 1779 2922 1845 sempiternas
2952 1756 3339 1836 amandemini.
3370 1784 3507 1838 Cur-

273 1848 331 1900 in
362 1866 471 1915 me,
506 1861 555 1903 et
585 1868 675 1923 ego
697 1855 747 1906 in
782 1865 861 1920 te,
898 1867 947 1911 et
969 1859 1023 1911 lii
1044 1860 1099 1913 in
1137 1878 1247 1928 me,
1269 1874 1316 1918 et
1348 1882 1439 1934 ego
1460 1867 1513 1920 in
1545 1867 1653 1922 illis
1671 1868 1748 1925 ‘°.
1781 1871 1844 1925 Et

268 1939 420 1994 istud
455 1944 641 1998 volens
671 1948 995 2004 conﬁrmare
1025 1990 1039 2014 ,
1072 1952 1266 2008 iterato
1296 1958 1371 2009 ait
1403 1974 1416 2010 :
1456 1956 1527 2011 Hi
1556 1960 1610 2011 in
1651 1977 1762 2025 me,
1795 1972 1843 2015 et

267 2041 319 2083 et
358 2048 450 2102 ego
482 2035 533 2086 in
550 2036 688 2101 illis,
719 2038 795 2091 sic
830 2049 887 2091 ut
919 2049 997 2105 tu,
1025 2040 1205 2108 Pater,
1246 2047 1299 2099 in
1331 2063 1441 2112 me,
1477 2058 1526 2102 et
1549 2066 1641 2119 ego
1680 2053 1841 2117 inte,

268 2133 327 2175 ut
368 2135 418 2177 et
452 2127 551 2193 ipsi
576 2129 628 2180 in
659 2129 808 2182 nobis
837 2146 999 2184 unum
1033 2135 1137 2187 sint
1188 2135 1234 2167 “
1263 2176 1277 2190 .
1310 2138 1503 2193 Adhuc
1554 2158 1733 2211 porro,
1784 2154 1845 2200 ut

268 2214 622 2272 audientibus
676 2220 884 2288 plenam
948 2224 1103 2278 iidem
1141 2241 1203 2281 ac
1253 2239 1461 2283 certam
1487 2232 1689 2299 faciat,
1729 2236 1844 2293 haec

269 2307 517 2375 adjungit
555 2328 568 2362 :
602 2308 750 2363 Sicut
783 2322 837 2365 tu
865 2328 945 2367 me
965 2315 1199 2369 dilexisti
1222 2357 1237 2381 ,
1277 2335 1370 2388 ego
1403 2320 1522 2375 illos
1548 2325 1752 2379 dilexi:
1792 2338 1841 2382 et

264 2398 493 2464 gloriam
522 2417 679 2467 quam
710 2402 902 2457 dedisti
938 2407 1097 2469 mihi,
1134 2408 1255 2460 dedi
1288 2411 1363 2462 eis
1384 2450 1398 2475 ,
1430 2420 1486 2464 ut
1516 2415 1619 2467 sint
1650 2432 1841 2481 unum,

269 2491 413 2542 sicut
449 2510 544 2546 nos
589 2511 749 2548 unum
778 2514 959 2552 sumus
998 2501 1043 2531 "
1068 2540 1082 2554 .
1115 2500 1269 2557 Patet
1308 2520 1459 2574 ergo,
1492 2507 1632 2562 sicut
1665 2518 1844 2565 manet

267 2575 437 2633 Pater
487 2582 538 2634 in
586 2584 723 2639 Filio
750 2602 871 2651 suo,
904 2599 958 2641 et
984 2589 1131 2644 Flius
1159 2593 1211 2644 in
1239 2594 1356 2647 sinu
1392 2595 1568 2651 Patris
1594 2636 1607 2663 ,
1650 2615 1843 2654 secun-

266 2670 402 2723 dum
436 2683 684 2729 naturam
738 2694 752 2729 :
803 2677 879 2732 sic
915 2681 1073 2733 etiam
1106 2682 1197 2750 qui
1242 2682 1295 2736 in
1338 2687 1564 2740 veritate
1595 2689 1841 2745 credide-

265 2772 401 2815 runt
429 2802 443 2824 ,
495 2774 549 2818 et
587 2782 682 2834 per
737 2768 1000 2837 Spiritum
1052 2782 1299 2827 sanctum
1343 2780 1641 2846 regenerati
1674 2790 1838 2845 sunt,

262 2851 586 2925 Christique
637 2872 701 2911 ac
753 2859 843 2914 Dei
885 2865 980 2930 per
1024 2864 1143 2930 ejus
1174 2866 1375 2921 donnm
1417 2867 1545 2922 facti
1575 2879 1703 2925 sunt
1732 2871 1843 2926 fra-

263 2953 382 2998 tres
408 2985 423 3011 ,
456 2955 510 3000 et
539 2947 629 3002 lilii
663 2949 753 3004 Dei
790 2990 805 3016 ,
833 2961 887 3005 et
920 2953 1213 3023 adoptione
1244 2959 1354 3020 dii,
1407 2974 1627 3015 manere
1658 2978 1753 3018 eos
1787 2966 1841 3017 in

264 3037 384 3093 Deo
415 3056 509 3107 per
542 3044 771 3108 gratiam
801 3083 817 3109 ,
853 3053 908 3099 et
940 3045 1107 3100 Deum
1140 3048 1192 3101 in
1224 3048 1352 3103 illis.

1960 1864 2093 1926 rite,
2136 1864 2398 1930 quaerite,
2447 1865 2680 1934 pulsate,
2724 1877 2781 1921 ut
2828 1870 2990 1936 janua
3044 1872 3192 1938 regni
3243 1875 3509 1926 emtoer

1948 1954 2106 2007 vobis
2138 1955 2432 2022 aperiatur,
2464 1965 2517 2009 et
2542 1958 2664 2011 sitia
2719 1959 2859 2012 intra
2891 1960 3044 2023 illud,
3074 1969 3127 2013 et
3158 1961 3331 2030 ipsum
3365 1963 3507 2018 intra

1947 2059 2043 2098 vos
2098 2046 2441 2113 possideatis.
2491 2046 2592 2112 Qui
2631 2044 2775 2102 enim
2810 2059 2935 2104 ante
2976 2052 3043 2104 de
3087 2051 3188 2105 hac
3218 2053 3323 2105 vita
3360 2055 3507 2107 exic-

1949 2144 2107 2201 ruut,
2145 2151 2303 2205 quam
2341 2138 2393 2199 id
2439 2140 2835 2209 acquisissent,
2878 2143 2967 2196 tibi
3000 2143 3209 2197 tandem
3250 2146 3316 2197 ad
3359 2160 3507 2199 mor-

1946 2235 2067 2280 tuos
2116 2227 2340 2295 profecti
2396 2229 2528 2283 illud
2574 2232 3010 2298 reperient?Hic
3039 2249 3166 2302 ergo
3193 2244 3407 2303 petere,
3448 2246 3504 2291 ct

1943 2330 2223 2382 qnmrere,
2270 2322 2323 2369 et
2395 2318 2612 2383 pulsare
2661 2319 2715 2370 in
2768 2319 3077 2384 pmnitentia
3144 2329 3196 2374 et
3248 2322 3505 2391 lacrymis

1940 2405 2081 2474 jussi
2139 2420 2363 2470 sumus;
2415 2414 2468 2461 et
2515 2406 2595 2461 sic
2642 2404 3003 2471 facientibus,
3042 2409 3299 2465 Dominus
3350 2412 3398 2464 id
3446 2428 3505 2479 se

1944 2496 2099 2550 nobis
2144 2497 2393 2550 daturum
2431 2503 2513 2550 est
2545 2498 2836 2565 pollicitus.
2878 2499 3029 2562 Quod
3062 2500 3105 2553 si
3147 2500 3248 2555 hoc
3286 2500 3459 2556 facere
3483 2539 3503 2565 ,

1942 2596 1995 2641 et
2023 2586 2241 2639 Christo
2268 2585 2495 2640 Domino
2520 2586 2740 2640 obedire
2773 2586 3213 2652 detrectabimus,
3244 2599 3300 2641 ut
3325 2592 3503 2644 adhuc

1942 2675 2260 2741 superstites
2312 2676 2380 2729 ab
2435 2675 2554 2742 ip‘so
2611 2691 2833 2744 regnum
2892 2679 3154 2732 cmlorum
3210 2679 3346 2731 intra
3398 2696 3496 2733 nos

1942 2766 2189 2833 accipere
2234 2764 2551 2820 festinemus
2580 2805 2595 2829 ,
2630 2781 2809 2821 nonne
2860 2781 2981 2819 cum
3038 2767 3163 2821 illuc
3198 2769 3503 2823 excesseri-

1944 2869 2083 2914 tuus.
2114 2855 2307 2910 merito
2337 2856 2602 2910 dicentem
2645 2857 2802 2910 nobis
2839 2858 3122 2912 audiemus
3152 2898 3166 2921 ,
3194 2858 3323 2927 quid
3356 2873 3501 2912 nunc

1941 2945 2216 3017 quaeritis,
2246 2947 2389 3015 quod
2422 2961 2450 2997 a
2479 2960 2566 3001 me
2591 2946 2832 2999 oblatum
2871 2946 3021 3000 vobis
3050 2947 3291 3015 accipere
3323 2949 3501 3001 nolui-

1940 3039 2084 3092 stis?
2112 3037 2302 3092 Nonne
2336 3052 2707 3107 saepenumero
2737 3038 2988 3091 hortante
3019 3052 3104 3092 me
3124 3079 3140 3103 ,
3192 3048 3251 3091 ut
3280 3038 3497 3093 labora-

339 3128 510 3194 Quam
564 3132 634 3186 ob
664 3147 885 3188 causam
925 3137 1017 3205 qui
1050 3136 1185 3191 ιειεε
1236 3153 1342 3194 non
1376 3154 1667 3197 evaserunt
1691 3184 1707 3209 ,
1740 3153 1906 3210 ηεαο
1940 3128 2070 3183 retis
2097 3166 2113 3192 ,
2147 3137 2201 3182 et
2259 3129 2312 3183 ld
2360 3142 2394 3189 ,ε
2441 3143 2527 3183 me
2571 3129 2861 3182 sumeretts
2889 3165 2905 3190 ,
2946 3140 3041 3182 vos
3076 3128 3371 3181 recusastis
3397 3167 3413 3193 ,
3445 3137 3499 3182 et

260 3222 521 3286 actione,
576 3234 631 3278 et
685 3227 1036 3294 cognitione,
1086 3232 1531 3301 spectationeque
1580 3236 1835 3294 universe

258 3323 396 3367 sunt
425 3314 713 3382 immutati,
743 3319 1015 3386 quomodo
1042 3322 1249 3389 seipsos
1278 3325 1548 3393 appellare
1570 3327 1826 3383 Christia-

261 3420 369 3460 nos
415 3421 522 3459 non
577 3419 829 3463 verentur
864 3410 889 3462 τ
938 3418 1212 3479 quomodo
1254 3429 1315 3470 os
1364 3417 1573 3485 aperire
1600 3456 1616 3482 ,
1660 3419 1833 3488 deque

257 3497 494 3551 occultis
539 3500 814 3569 mysteriis
840 3541 856 3567 ,
894 3504 1041 3557 velut
1076 3520 1240 3574 super
1283 3516 1512 3563 stratum
1545 3512 1830 3577 neglectim

254 3589 507 3657 iacentes
541 3591 884 3660 impudenter
915 3594 1063 3664 loqui
1092 3597 1292 3651 audent
1320 3598 1345 3641 ν
1378 3600 1653 3667 quomodo
1687 3602 1830 3657 inter

257 3680 620 3747 Christianos,
655 3694 707 3736 et
734 3684 1044 3752 spirituales
1070 3701 1128 3741 se
1164 3704 1451 3744 numerare
1480 3705 1585 3743 non
1619 3686 1832 3758 pudet?

256 3774 539 3839 quomodo
590 3777 935 3830 sacerdotum
986 3794 1290 3833 assessores
1320 3819 1335 3843 ,
1382 3782 1734 3851 corporisque
1778 3792 1831 3838 et

255 3866 543 3933 sanguinis
606 3865 1128 3934 Domini'sacriﬁci,
1161 3877 1215 3922 et
1267 3871 1499 3925 ministri
1551 3886 1672 3927 esse
1722 3889 1830 3928 non

256 3956 727 4020 perhorrescunt?
787 3955 1018 4011 Prorsus
1078 3958 1265 4011 mirari
1317 3960 1449 4014 satis
1508 3975 1616 4013 non
1668 3977 1827 4030 queo.

253 4044 365 4098 Sed
397 4045 653 4099 nimirum
684 4048 905 4102 caecitas
941 4048 1157 4112 mentis,
1189 4056 1247 4102 ut
1275 4047 1477 4103 dictum
1522 4061 1624 4115 est,
1659 4051 1829 4105 illius-

251 4151 367 4205 que
418 4136 644 4192 comites
695 4148 883 4206 stupor
922 4146 974 4191 et
1024 4140 1290 4203 stultitia,
1323 4150 1375 4194 et
1426 4142 1551 4195 hinc
1596 4156 1831 4196 nascens

252 4229 564 4298 arrogantia
595 4268 609 4292 ,
651 4229 759 4284 tale
790 4244 983 4282 aurum
1008 4269 1023 4295 ,
1074 4231 1641 4301 pretiosissimumque
1694 4234 1832 4302 lapi-

250 4319 379 4372 dem
412 4320 586 4389 ipsum
619 4318 901 4374 Dominum
943 4330 1186 4375 nostrum
1227 4320 1414 4375 Jesum
1445 4321 1740 4387 Christum,
1772 4330 1830 4377 ut

252 4411 432 4463 lutum
483 4410 803 4464 conculcare
860 4410 1004 4466 facit.
1041 4410 1084 4465 0
1133 4412 1413 4465 audaciam
1469 4413 1782 4467 horribilem
1811 4453 1826 4477 ,

246 4501 415 4570 cujus
446 4502 676 4570 impulsu
706 4510 958 4571 tanquam
992 4503 1273 4557 sublimem
1305 4503 1529 4573 gradum
1561 4518 1824 4564 conscen-

244 4594 414 4656 dunt,
446 4602 503 4647 ut
532 4592 605 4647 ibi
630 4601 861 4658 stantes,
886 4593 1085 4648 intimae
1114 4593 1447 4648 multitudini
1474 4593 1821 4660 excellentes,

359 4776 406 4808 "
487 4775 632 4831 Psal.
720 4788 909 4841 Lxxxt,
1005 4776 1058 4833 6.
1191 4775 1456 4831 "'Joan.
1532 4794 1623 4840 xv,
1691 4775 1756 4836 4,

242 4844 301 4875 ⁸⁸
327 4843 463 4900 Ibid.
492 4846 583 4899 ‘22.
659 4845 706 4877 "
736 4843 894 4899 Joan.
925 4861 1026 4909 xu,
1060 4844 1150 4900 55.
1224 4846 1271 4878 "
1294 4844 1456 4902 Joan.
1490 4863 1571 4910 tu,
1601 4846 1690 4900 56.
1769 4844 1815 4877 ³³

240 5048 341 5083 ται
369 5028 793 5099 τρισυπᾷστατος
847 5026 985 5099 stara
1017 5030 1210 5099 xdptv,
1267 5029 1361 5099 καὶ
1408 5031 1436 5082 ὁ
1498 5029 1804 5099 ἄνθρωπος,

242 5048 341 5083 ται
369 5046 399 5080 τ
444 5046 793 5089 reuma-raro;
847 5046 985 5079 κατα
1017 5046 1198 5097 χαριν,
1267 5046 1361 5082 και
1408 5046 1436 5082 ο
1498 5046 1804 5099 ανυρωπος,

242 5099 333 5162 εἶς
394 5046 537 5150 bases:
570 5096 690 5172 iich
720 5098 782 5147 ὲκ
843 5095 1090 5172 (δώματος
1130 5097 1223 5172 stat
1255 5097 1452 5172 ψυχῆς,
1502 5102 1594 5152 καὶ
1633 5096 1804 5172 οὗπερ

248 5168 542 5236 μετείληφε
575 5166 719 5255 θείου
744 5165 1072 5255 πνεύματος,
1101 5169 1192 5218 καὶ
1215 5165 1514 5235 πληροῦται
1550 5165 1807 5255 τηνωεαῦἒ-

378 5237 393 5255 \
435 5234 805 5255 Av_-,_,_-i.'_
868 5233 1215 5255 ___-,__,,,1,,
1295 5240 1315 5255 Δ
1366 5238 1447 5255 ne.
1488 5238 1543 5255 In

242 5233 317 5290 ἔτι
342 5237 403 5288 τὸ
429 5233 711 5304 εἰρημένον
733 5234 839 5304 ὑπο
866 5233 959 5304 τοῦ
982 5241 1259 5304 προφήτου
1284 5233 1447 5290 Δὰὄίδ
1488 5233 1629 5302 Ἐγῶ
1655 5235 1802 5293 εἶπα·

242 5307 377 5360 Θεοί
400 5302 795 5374 ὲστεζκαξ-υἱοὶ
827 5302 1085 5374 Ὑψίστου
1106 5302 1335 5367 πάντες,
1361 5306 1480 5359 καθ’
1504 5310 1687 5361 εἰκόνα
1714 5310 1807 5374 δη-

239 5376 401 5443 λαδὴ.
438 5374 530 5428 καὶ
554 5372 695 5445 ᾃκᾳθξ
734 5372 991 5445 ὁμοιωᾳιν
1020 5375 1113 5425 τοῦ
1167 5374 1440 5445 Ὑψίστου,
1492 5380 1651 5445 γεννή
1665 5372 1807 5442 ματᾷ

246 5441 377 5498 Daiei
396 5445 459 5496 ὲκ
487 5442 579 5496 τοῦ
608 5441 753 5513 θείορ
789 5441 1124 5513 Πνεύᾼματος.
1162 5441 1433 5508 Occurrit,
1466 5441 1606 5513 quod
1638 5441 1804 5501 Jure-

237 5516 531 5567 consultus
552 5554 568 5576 ,
597 5512 662 5586 Π.
708 5511 782 5563 De
817 5511 1007 5579 legibus
1028 5524 1261 5586 ,_monet
1293 5532 1305 5567 :
1352 5511 1630 5583 Benignius
1672 5520 1803 5586 leges

238 5582 654 5649 interpretanda:
684 5589 827 5643 sunt,
850 5597 952 5649 quo
984 5580 1219 5633 voluntas
1244 5600 1424 5637 earum
1458 5580 1805 5641 conservetur.

242 5653 311 5706 Et
343 5670 356 5705 :
389 5652 453 5705 In
489 5652 735 5720 ambigua
763 5666 882 5703 voce
910 5651 1032 5718 legis
1059 5692 1073 5716 ,
1111 5667 1171 5704 ea
1200 5656 1371 5719 potius
1404 5656 1701 5719 accipienda
1728 5666 1804 5708 est

237 5723 560 5789 signiﬁcatio
581 5763 595 5784 ,
635 5736 750 5789 quis
783 5721 907 5773 vitio
932 5729 1073 5773 caret
1104 5737 1121 5774 :
1156 5726 1441 5786 prcesertim
1483 5740 1599 5776 cuin
1644 5726 1800 5777 etiam

239 5793 486 5846 sciuntas
521 5792 645 5861 legis
672 5805 735 5845 ea:
764 5792 855 5843 hoc
880 5790 1054 5858 colligi
1083 5794 1265 5859 possit.
1298 5792 1440 5849 idem
1474 5808 1569 5862 ego
1610 5795 1662 5848 in
1702 5796 1802 5848 hac

1951 3219 2353 3285 contemp‘sistis
2419 3236 2433 3271 :
2494 3217 2984 3286 pereuntiumque,
3048 3230 3111 3270 ac
3161 3226 3496 3271 terrenorum

1935 3312 2263 3380 voluptatem
2319 3309 2677 3379 praetulistis?
2727 3307 2937 3373 Quibus
2978 3322 3106 3380 ergo
3153 3307 3312 3362 factis
3340 3348 3354 3373 ,
3406 3316 3498 3361 aut

1934 3414 2040 3469 qua
2090 3400 2333 3453 oratione
2389 3397 2443 3452 id
2488 3397 2544 3450 in
2598 3405 2872 3465 posterum
2924 3397 3167 3451 invenire
3209 3395 3501 3465 poteritis’i

1934 3490 2295 3559 Quapropter,
2349 3487 2538 3541 Patres
2586 3497 2638 3541 et
2689 3488 2885 3544 fratres
2931 3490 3070 3553 mei,
3115 3504 3298 3557 qumso
3352 3503 3447 3544 vos
3477 3525 3496 3554 τ

1932 3582 2079 3636 omni
2136 3578 2421 3634 sedulitate
2452 3576 2717 3632 mandata
2742 3578 2835 3633 Dei
2869 3580 3042 3633 nostri
3078 3578 3490 3645 custodiamus,

1932 3687 2039 3742 quo
2071 3671 2237 3725 vitam
2290 3684 2624 3739 regnumque
2670 3678 2928 3724 aeternum
2982 3684 3411 3740 consequamur;
3439 3684 3493 3726 et

1932 3779 2000 3818 ne
2030 3763 2315 3817 audiamus
2346 3776 2487 3816 nunc
2533 3761 2747 3830 quidem
2781 3779 2796 3815 :
2839 3760 2943 3825 Qui
2988 3778 3094 3816 non
3127 3762 3297 3815 obedit
3332 3761 3489 3826 Filio,

1934 3871 2035 3908 non
2067 3853 2261 3907 videbit
2284 3854 2485 3905 vitam:
2520 3853 2609 3906 sed
2635 3852 2721 3905 ira
2753 3848 2850 3904 Dei
2890 3860 3063 3904 manet
3084 3867 3237 3919 super
3259 3868 3374 3905 eum
3400 3853 3489 3916 ";

1933 3948 1986 4001 in
2039 3947 2222 4001 futuro
2252 3953 2427 3998 autem
2460 3942 2679 4010 saeculo,
2714 3940 2908 3994 Nescio
2937 3943 3073 4013 unde
3106 3942 3221 3994 sitis
3243 3942 3296 3974 ’⁸⁵
3333 3958 3347 3995 :
3390 3942 3488 3996 sed

1932 4024 2274 4092 benedictam'
2295 4034 2474 4104 potius
2507 4032 2652 4085 illam
2686 4045 2870 4085 vocem
2898 4030 3264 4099 excipiamus:
3288 4029 3494 4090 Venite.

1931 4126 2184 4182 benedicti
2210 4123 2391 4177 Patris
2420 4122 2555 4186 mei,
2586 4120 2829 4188 percipite
2854 4136 3071 4188 regnum
3102 4120 3241 4173 vobis
3274 4135 3487 4188 prcepa—

1932 4231 2109 4273 ratum
2165 4216 2210 4248 ⁸⁸
2243 4252 2259 4279 ,
2313 4214 2567 4283 quoniam
2614 4211 2839 4267 salutem
2875 4222 3105 4266 vestram
3157 4214 3486 4265 esurientem

1932 4328 2018 4366 me
2049 4325 2141 4378 per
2168 4306 2599 4363 observationem
2632 4304 3015 4357 mandatorum
3050 4317 3295 4357 meorum
3336 4305 3493 4370 pavi-

1934 4404 2053 4463 stis,
2086 4399 2334 4467 potastis,
2370 4396 2686 4460 vestivlstis,
2718 4394 3032 4462 collegistis,
3066 4402 3121 4446 et
3163 4393 3385 4447 venistis
3418 4393 3489 4446 ad

1862 4468 1907 4523 θ
1937 4511 2041 4559 me,
2082 4500 2307 4563 purgate
2335 4491 2496 4545 corda
2530 4496 2705 4543 vestra
2734 4489 2800 4541 ab
2830 4489 2976 4543 omni
3006 4488 3235 4550 macula,
3267 4497 3321 4541 et
3360 4502 3484 4542 sor-

1933 4588 2093 4643 dibus
2123 4584 2352 4657 peccati.
2401 4582 2475 4637 De
2498 4582 2710 4651 reliquo
2739 4580 2978 4635 iruimini
3012 4581 3166 4634 bonis
3197 4581 3329 4634 meis
3357 4594 3485 4631 Cum

2004 4772 2049 4803 "
2087 4768 2227 4825 Ibid.
2278 4768 2333 4823 4.
2443 4766 2490 4798 ⁸⁸
2516 4766 2672 4818 Joan.
2727 4779 2880 4829 xvn,
2940 4762 3030 4815 2|.
3140 4762 3184 4794 “
3221 4761 3482 4827 11)ἱά.25,

1881 4811 1897 4829 ’
1928 4811 2403 4903 Μειιὶιίνῖένίὶὶ.
2478 4811 2693 4889 “ibid.
2724 4811 2817 4889 Si.

1911 5037 2182 5094 Simeonis
2214 5036 2463 5091 oratione
2492 5036 2802 5091 faciendum
2835 5053 2957 5091 esse
2979 5040 3120 5092 dico.
3160 5038 3311 5093 ‘Nam
3345 5044 3471 5101 illud

1915 5109 2173 5169 absunbt'bc
2220 5106 2446 5165 évtbast,
2474 5121 2573 5161 nec
2621 5108 2687 5160 ad
2736 5107 2935 5169 Deum,
2971 5122 3074 5160 nec
3131 5109 3194 5162 ad
3245 5114 3469 5176 gratiam

1912 5177 2251 5231 referendum
2284 5185 2386 5231 est.
2418 5176 2621 5243 (Neque
2654 5176 2798 5228 enim
2836 5176 2993 5229 homo
3019 5178 3197 5240 justus
3229 5192 3319 5232 aut
3346 5200 3466 5237 cum

1909 5246 2041 5308 Deo,
2080 5255 2171 5299 aut
2206 5261 2329 5298 cum
2387 5247 2561 5311 gratia
2616 5246 2975 5298 essentialitcr
3016 5248 3218 5307 unitur)
3252 5250 3342 5301 sed
3395 5253 3462 5304 ad

1909 5318 2081 5386 solum
2152 5315 2588 5386 coniunctionem
2654 5315 2896 5386 corporis
2952 5325 3002 5367 ct
3060 5317 3295 5379 animae;
3351 5334 3471 5386 Quae

1911 5384 2095 5451 utique
2142 5384 2448 5438 cssentialis
2494 5393 2607 5448 est;
2636 5390 2689 5435 et
2734 5385 2858 5450 quia
2909 5398 3143 5450 corpus,
3190 5384 3467 5441 animaret

1914 5456 2081 5523 gratia
2127 5464 2255 5507 sunt
2307 5468 2393 5505 res
2441 5453 2591 5505 trinae
2638 5453 2691 5503 in
2722 5455 2925 5523 eodem
2966 5456 3302 5521 composito;
3346 5459 3465 5510 ideo

1916 5521 1984 5575 in
2027 5524 2295 5590 hominem
2334 5537 2425 5583 per
2448 5524 2672 5588 gratiam
2709 5521 2817 5575 ﬁeri
2852 5521 2972 5573 Θεὸν
3010 5525 3457 5590 τρισυπὸπτατον.

1916 5592 2009 5645 Ubi
2062 5584 2167 5643 vox
2218 5584 2643 5659 τρισυπόᾶτατος
2686 5591 2976 5659 improprie
3044 5584 3106 5645 ἐι
3172 5594 3463 5647 secundum

1911 5661 2317 5731 similitudinem
2362 5660 2534 5730 accipi
2574 5660 2769 5725 debet;
2805 5670 2863 5715 ut
2904 5662 3016 5731 ipse
3070 5662 3287 5716 Simeou
3332 5665 3465 5719 satis

1910 5745 2178 5800 superque
2206 5728 2462 5785 declarat.
