4128 6338
584 376 698 441 455

1825 371 2208 434 SYMEONIS
2250 371 2618 434 JUNIORIS

3739 368 3845 430 456

585 490 866 562 voluptate
932 487 1300 557 inexplicabili
1331 527 1348 553 .
1401 503 1523 542 cum
1581 488 1690 540 vita
1755 488 2044 542 immortali
2103 500 2166 540 ac
2197 491 2242 547 Α
2275 490 2564 551 adhuc..et
2597 491 2833 558 quodam
2861 503 3026 544 onere
3060 488 3432 559 prcssus,vim
3458 493 3519 542 ut
3542 502 3653 542 uno
3679 490 3846 542 vei’lm

588 583 917 652 sempiterna
947 621 960 646 ,
991 596 1097 651 qua
1130 583 1408 651 contingat
1442 597 1539 636 nos
1581 595 1774 634 amnes
1815 581 2007 649 potiri,
2045 595 2168 647 gra-

590 676 661 728 tia
689 683 743 730 et
782 673 1120 744 benignitate
1160 673 1373 727 Domini
1409 673 1584 728 nostri
1629 661 1768 728 Jesu'
1789 671 1993 726 Christi
2024 711 2039 734 ,
2081 672 2165 724 cui

593 765 766 835 gloria
798 775 852 820 et
889 765 1177 834 imperium
1208 780 1332 820 cum
1359 765 1520 819 Patre
1550 764 1804 836 principii
1835 773 2082 834 experte,
2117 772 2171 818 et

592 857 940 910 sanctissimo
973 855 1294 924 viviﬁcoque
1345 857 1548 926 Spiritu
1603 869 1748 910 nunc
1775 862 1828 908 et
1855 869 2087 924 semper,
2119 863 2172 909 et

592 959 689 1014 per
713 943 918 998 infinita
953 945 1170 999 saecula.
1200 947 1392 999 Amen.

1110 1055 1370 1112 ORATIO
1395 1057 1640 1113 XXVlll.

1190 1172 1589 1227 Ancuuuarvn.

597 1260 674 1315 De
693 1263 1101 1338 _corruptorib_us
1149 1280 1230 1338 _ac
1258 1266 1519 1330 pestiferis
1548 1266 1842 1338 nominibus
1883 1268 2170 1338 fugiendis,

668 1331 831 1401 deque
862 1332 1208 1398 repudiandis
1243 1350 1424 1386 eorum
1478 1336 1833 1394 sermonibus.
1874 1331 2171 1393 et'cultura

669 1404 878 1454 virtutis
912 1402 1238 1467 arripienda.
1271 1403 1344 1454 De
1369 1404 1562 1456 indicio
1588 1406 1848 1459 libertatis
1879 1410 2092 1471 animm,
2124 1418 2172 1461 et

668 1472 782 1542 quis
835 1487 1036 1542 crucem
1098 1488 1246 1523 suam
1304 1474 1511 1534 tollens,
1569 1473 1843 1528 Christum
1903 1489 2170 1542 sequatur.

671 1541 1128 1604 Quemadmodum
1157 1543 1339 1605 ﬁdeles
1367 1542 1460 1595 Dei
1493 1545 1639 1596 bonis
1667 1541 2029 1610 ineffabilibus
2063 1559 2173 1599 tum

673 1612 723 1685 i_n
751 1612 845 1685 hoc
889 1621 1009 1685 tum_
1031 1613 1082 1662 in
1108 1612 1290 1685 futuro
1336 1613 1532 1685 sarculo
1567 1613 1842 1680 fruantur.
1906 1616 1980 1669 De
2021 1618 2174 1685 justo

673 1679 767 1732 Dei
803 1695 956 1746 super
979 1682 1166 1746 justis,
1196 1691 1241 1733 et
1268 1683 1632 1746 peccatoribus
1666 1685 1895 1750 judicio.

674 1767 940 1838 Quisquis
989 1771 1155 1823 Deum
1191 1773 1438 1825 invenire
1467 1775 1765 1837 desiderat,
1819 1777 2045 1846 abneget
2093 1793 2177 1831 se—

603 1861 922 1928 metipsum,
955 1869 1005 1914 et
1035 1862 1232 1915 animae
1283 1877 1395 1916 suae
1432 1879 1497 1916 ne
1537 1875 1724 1932 parcat
1759 1883 1771 1918 :
1809 1867 1901 1920 sed
1941 1869 2178 1922 inimici-

599 1953 711 2007 tias
744 1953 885 2006 inter
916 1947 998 2014 se,
1028 1963 1080 2006 et
1110 1967 1304 2007 omnes
1350 1956 1656 2010 secundum
1703 1973 1922 2013 carnem
1987 1962 2181 2016 ambu-

608 2041 790 2095 lantes
860 2051 1070 2110 ponat,
1142 2058 1208 2096 ne
1276 2044 1513 2114 alicujus
1581 2046 1775 2100 horum
1835 2050 2182 2104 sermonibus

604 2133 934 2187 hortatoriis
966 2133 1252 2198 incitatus,
1303 2147 1449 2190 retro
1498 2149 1870 2193 convertatur.
1921 2140 2011 2195 .Ne
2058 2157 2182 2194 cum

608 2223 770 2279 iisin
825 2224 1086 2278 cathedra
1147 2225 1373 2291 sedeat;
1424 2243 1524 2280 nec
1584 2230 1859 2298 colloquia
1909 2245 2032 2284 cum
2078 2232 2185 2286 illis

605 2315 751 2368 mala
787 2323 954 2379 serat,
988 2331 1083 2384 per
1115 2332 1234 2386 qua:
1271 2319 1424 2372 virus
1467 2321 1519 2371 in
1556 2322 1795 2374 animam
1831 2321 2180 2386 infundatur,

606 2418 663 2460 et
694 2408 810 2476 ipse
849 2408 1123 2476 prioribus
1217 2425 1453 2478 nequam
1517 2414 1784 2478 consiliis,
1837 2416 2187 2484 cogitationi-

611 2499 823 2567 busque
851 2501 1130 2554 immorari
1169 2511 1422 2570 cegatur.
1456 2503 1630 2558 [Ionio
1655 2520 1778 2558 cum
1810 2507 1972 2560 hamo
1999 2524 2183 2562 escam

606 2590 786 2653 time;
821 2591 945 2644 audi
972 2601 1149 2654 me,et
1182 2595 1369 2661 prOcul
1393 2595 1458 2648 ab
1492 2594 1600 2648 illis
1633 2597 1821 2650 recede
1856 2613 1919 2652 ne
1945 2600 2185 2652 animam

618 2689 766 2732 tuam
825 2680 1020 2733 iterum
1074 2682 1137 2734 ad
1191 2683 1394 2736 inferos
1445 2685 1709 2739 deducas.
1764 2685 1993 2739 Mentem
2040 2696 2188 2741 tuam

614 2774 740 2840 fige,
772 2780 824 2824 et
854 2774 1165 2836 constabili,
1209 2783 1261 2827 et
1295 2790 1362 2828 ne
1412 2776 1554 2828 illam
1591 2779 1657 2829 ad
1707 2793 1863 2843 vana,
1912 2789 1964 2832 et
2009 2781 2188 2834 inania

615 2863 889 2915 audienda
927 2865 1112 2932 vagari
1146 2866 1317 2921 sinas.
1356 2866 1430 2921 Ne
1460 2870 1648 2937 pedem
1679 2871 1908 2924 referas.
1938 2872 2014 2925 Ne
2041 2875 2192 2943 piger

613 2953 713 3016 sis,
759 2969 893 3007 neve
928 2958 1180 3010 socordia
1205 2974 1447 3026 gravere,
1507 2972 1558 3013 et
1601 2965 1930 3032 opprimere.
1984 2964 2061 3020 Ne
2099 2967 2193 3022 des

615 3060 868 3099 somnum
912 3048 1086 3103 oculis
1116 3051 1241 3112 tuis,
1283 3067 1387 3105 neu
1418 3063 1601 3119 guttur
1635 3065 1786 3108 tuum
1813 3057 2049 3124 alicujus
2083 3059 2190 3112 cibi

2273 582 2476 641 dicam,
2533 593 2596 632 ac
2656 579 3000 647 tyrannidem
3054 594 3113 633 se
3157 579 3371 649 perpeti
3420 576 3719 639 existimat,
3779 589 3843 628 ac

2273 670 2504 740 proinde
2561 669 2765 723 invitus
2830 671 2915 725 his
2981 669 3255 740 fungitur,
3325 683 3393 723 ne
3435 667 3482 722 is
3521 683 3550 722 e
3590 664 3845 719 manibus

2272 763 2476 818 diaboli
2503 778 2558 817 se
2580 766 2841 829 evasisse,
2877 779 3066 816 verum
3101 761 3336 831 improbi
3365 761 3579 831 tyranni
3619 758 3847 840 imperio

2274 857 2439 914 etiam
2475 870 2604 908 num
2640 855 2950 923 subjectum
3007 855 3238 924 intelligi
3278 854 3597 908 arbitretur.
3630 851 3727 904 Ast
3759 850 3848 901 nlsi

2277 961 2399 1000 eum
2459 947 2658 1014 gaudio
2712 955 2764 1001 et
2813 948 3158 1017 jucunditate
3214 947 3380 1000 animi
3413 961 3470 1000 se
3509 951 3754 998 orantem
3788 957 3852 994 ac

2274 1039 2627 1108 psallentem,
2661 1050 3012 1110 mentemque
3059 1041 3244 1106 omnia
3280 1039 3446 1108 hujus
3481 1040 3610 1092 vita:
3642 1033 3853 1090 blandi-

2277 1142 2480 1198 menta,
2516 1132 2858 1202 etquidquid
2884 1147 2942 1186 ea
2979 1133 3030 1185 in
3067 1133 3240 1201 pretio
3265 1131 3448 1193 habet,
3473 1135 3850 1184 exsecrantem

2277 1225 2622 1291 cognoverit,
2683 1233 2796 1278 tum
2842 1226 3062 1278 demum
3113 1224 3216 1277 sub
3265 1222 3472 1277 Chris:i
3527 1233 3756 1290 regnum
3795 1231 3854 1270 se

2278 1314 2618 1369 successisse
2655 1314 2866 1370 credat.
2909 1315 3024 1368 Hoc
3065 1314 3460 1384 redemptionis
3500 1322 3551 1365 et
3585 1309 3856 1366 libertatis

2281 1405 2634 1460 manifestum
2668 1416 3052 1476 argumentum
3089 1415 3194 1472 est,
3229 1407 3297 1462 de
3323 1419 3431 1475 qua
3458 1404 3680 1474 scripsit
3709 1401 3858 1470 Apo-

2281 1499 2501 1552 stolus:
2540 1496 2607 1551 In
2643 1498 2910 1566 libertate,
2972 1515 3077 1568 qua
3147 1515 3238 1553 nos
3293 1497 3534 1551 Christus
3594 1494 3857 1557 liberavit,

2280 1598 2417 1642 state
2445 1588 2512 1641 ⁸⁸.
2573 1589 2717 1658 Ergo
2790 1591 3172 1659 unusquisque
3225 1588 3292 1642 ad
3345 1589 3488 1641 hanc
3549 1587 3859 1640 libertatem

2281 1679 2691 1748 adipiscendam
2729 1689 3009 1750 properet,
3044 1695 3278 1750 eamque
3307 1693 3336 1731 a
3368 1679 3594 1734 Christo
3627 1675 3856 1744 ﬂagitet.

2281 1770 2380 1823 Sin
2408 1780 2728 1826 consuetam
2767 1773 3000 1842 synaxin
3060 1772 3289 1827 moleste
3321 1769 3447 1837 fer‘t,
3480 1779 3533 1824 et
3570 1769 3833 1839 longitudi

2285 1864 2371 1915 nis
2401 1863 2757 1934 hymnorum,
2814 1864 2907 1931 qui
2955 1863 3067 1916 Deo
3115 1871 3392 1916 canuntur
3428 1877 3551 1915 eum
3589 1861 3772 1922 taedet,
3809 1867 3864 1912 et

2287 1955 2580 2025 frangitur,
2610 1955 2862 2025 profecto
2899 1957 3078 2009 nescit
3113 1974 3126 2009 :
3163 1955 3337 2020 Quam
3367 1954 3549 2008 dulcia
3598 1955 3708 2007 sint
3755 1951 3865 2006 ele-

2285 2050 2407 2120 quia
2445 2046 2538 2100 Dei
2569 2047 2620 2119 in
2660 2047 2908 2116 faucibus
2940 2027 3278 2117 diligentium
3309 2063 3450 2110 eum,
3483 2054 3532 2099 et
3570 2061 3730 2114 super
3762 2043 3864 2096 mel

2288 2156 2348 2193 ac
2380 2141 2561 2208 favum
2596 2140 2649 2192 in
2675 2157 2765 2194 ore
2791 2141 3219 2209 cognoscentium
3249 2139 3423 2202 ipsum
3455 2137 3500 2169 ⁸⁸
3537 2154 3548 2188 :
3587 2137 3679 2191 sed
3718 2143 3867 2188 totus

2288 2247 2440 2296 caro,
2495 2248 2694 2303 nempe
2757 2235 2965 2287 carnali
3024 2232 3290 2301 praeditus
3340 2230 3546 2289 animo,
3590 2238 3642 2282 et
3685 2227 3861 2294 magis

2289 2326 2501 2379 carnali
2555 2341 2744 2390 sensu,
2801 2341 2906 2378 non
2951 2333 3131 2394 potest
3191 2321 3561 2392 spiritualiter
3620 2327 3866 2389 gustare,

2290 2432 2411 2486 qun
2437 2433 2468 2470 a
2502 2416 2608 2469 Deo
2637 2418 2763 2470 data
2793 2425 2922 2471 sunt
2955 2416 3112 2470 nobis
3146 2414 3431 2478 beneficia,
3458 2427 3646 2465 verum
3683 2409 3867 2462 omnia

2291 2510 2474 2563 divina
2505 2511 2550 2562 ei
2583 2524 2766 2562 amara
2802 2509 3088 2573 videntur;
3129 2516 3182 2560 et
3217 2505 3347 2558 illud
3384 2525 3396 2557 :
3426 2504 3667 2565 Gustare,
3699 2510 3749 2554 et
3781 2501 3864 2553 oi-

2290 2604 2427 2667 dete,
2463 2603 2713 2671 quoniam
2748 2602 2925 2654 suavis
2954 2610 3031 2653 est
3067 2599 3322 2652 Dominus
3341 2599 3409 2663 '°,
3443 2597 3680 2666 ignorat.
3712 2593 3864 2660 Quod

2291 2694 2384 2762 qui
2421 2693 2706 2747 evidenter
2755 2708 2865 2746 non
2915 2692 3040 2755 scit,
3077 2707 3104 2744 a
3143 2675 3452 2753 charitate,
3490 2697 3544 2742 et
3584 2686 3870 2741 dulcedine

2294 2783 2388 2838 Dei
2416 2786 2630 2837 alienus
2667 2794 2774 2837 est.
2832 2783 2934 2848 Qui
2993 2797 3156 2849 porro
3194 2787 3388 2851 gustus
3434 2780 3626 2833 horum
3679 2792 3870 2831 exsors

2295 2881 2401 2935 est,
2439 2875 2571 2942 proh
2597 2873 2752 2925 dolor
2775 2873 2785 2925 l
2809 2873 2907 2924 ‘Dei
2946 2873 3223 2935 inimicus,
3257 2880 3310 2924 et
3342 2885 3367 2921 a
3401 2885 3568 2940 regno
3607 2868 3867 2922 ctelorum

2295 2975 2615 3029 extraneus,
2651 2981 2715 3019 ac
2749 2965 3074 3032 peregrinus
3111 2971 3220 3017 est.
3250 2962 3425 3027 Quam
3455 2961 3626 3022 enim,
3660 2974 3866 3028 quaso,

2297 3058 2460 3110 aliam
2513 3070 2666 3125 spem
2724 3055 2965 3118 habebit,
3018 3062 3114 3108 aut
3169 3055 3332 3123 cujus
3391 3052 3529 3105 alius
3582 3050 3872 3104 dilectione

615 3138 891 3191 suavitate
933 3138 1272 3206 demulceas,
1335 3144 1511 3199 donec
1567 3147 1758 3200 videas
1814 3163 1910 3216 per
1951 3149 2104 3218 quid,
2141 3158 2264 3215 etc
2299 3148 2714 3218 implicabitur,
2774 3155 2869 3200 aut
2910 3162 2938 3198 a
2989 3161 3099 3215 quo
3150 3144 3588 3198 consolationem
3627 3157 3722 3194 seu
3759 3139 3866 3202 hic,

615 3235 842 3295 propter
870 3229 1001 3298 quid
1034 3231 1211 3284 vocati
1260 3235 1457 3299 simus,
1496 3245 1546 3287 et
1579 3251 1841 3304 quorsum
1882 3241 2188 3294 secundum

619 3331 845 3385 scopum
904 3329 1058 3372 tuum
1095 3321 1346 3377 festines.
1381 3325 1703 3393 llujusmodi
1741 3331 2191 3398 cogitationibus,

614 3423 742 3462 cum
780 3421 830 3462 te
863 3413 1158 3475 subierint,
1196 3414 1376 3469 locum
1425 3433 1530 3476 non
1568 3420 1868 3488 relinques.
1917 3422 2056 3488 Quid
2093 3425 2194 3479 tibi

619 3499 826 3562 labore,
873 3511 925 3555 et
959 3504 1062 3557 ista
1101 3506 1415 3574 importuna
1455 3510 1845 3580 defatigatione
1879 3529 2016 3583 opus
2067 3518 2195 3571 est?

616 3588 858 3657 Tempus
906 3595 1019 3662 jam
1057 3599 1370 3665 implevisti,
1424 3602 1537 3655 haec
1585 3603 1670 3656 bis
1718 3615 1907 3673 terque
1955 3607 2189 3674 faciens,

618 3698 721 3739 nec
752 3685 920 3738 ullum
956 3688 1079 3741 inde
1114 3687 1350 3744 fructum
1381 3696 1728 3761 perspexisti.
1769 3695 1867 3760 Ne,
1896 3698 2064 3752 frater
2096 3703 2192 3765 mi,

619 3790 690 3828 ne
752 3778 855 3830 hoc
903 3778 1100 3846 laqueo
1146 3781 1463 3850 impliceris,
1525 3802 1660 3840 neve
1715 3791 1915 3856 prodas
1962 3792 2194 3847 salutem

621 3875 771 3920 tuam
811 3886 826 3924 :
864 3872 956 3925 sed
1022 3872 1326 3941 impensius
1368 3893 1430 3930 ac
1481 3884 1803 3947 generosius
1859 3884 1922 3935 ad
1977 3887 2197 3939 virtutis

618 3972 755 4027 Opus
784 3961 1038 4015 incumbe
1063 3965 1261 4031 potius,
1295 3967 1625 4038 Patrumque
1650 3980 1866 4026 tuorum
1893 3977 2194 4030 secundum

624 4049 795 4104 Deum
849 4055 1222 4120 sermonibus,
1282 4071 1336 4111 ct
1389 4059 1832 4119 inStitutionibus
1883 4082 1949 4119 ne
1996 4067 2193 4122 diﬂide.

620 4135 908 4193 Constitue
940 4142 1105 4207 igitur
1141 4146 1285 4212 apud
1323 4149 1589 4213 animum,
1618 4165 1647 4203 a
1681 4153 1787 4204 vita
1814 4152 2001 4214 citius.
2032 4171 2192 4222 quam

623 4229 694 4282 ab
738 4231 840 4284 hac
874 4233 1025 4287 vitali
1085 4234 1442 4304 inquisitione
1482 4242 1785 4298 discedere.
1835 4243 1989 4309 Quod
2037 4247 2078 4299 si
2127 4247 2195 4300 ab

623 4321 781 4376 initio
816 4325 948 4377 nihil
981 4337 1275 4382 cunctatus
1313 4330 1561 4399 fecisses,
1599 4335 1870 4403 benignus
1911 4337 2049 4392 Deus
2088 4356 2192 4392 non

625 4420 676 4462 te
717 4411 1085 4481 despexisset,
1133 4417 1338 4488 tibique
1382 4420 1637 4477 desiderii
1680 4426 1757 4479 tui
1805 4425 2048 4482 fructum
2099 4445 2196 4497 pro

622 4513 777 4556 CCNO
811 4518 1199 4563 CODCCSSISSCL

699 4617 869 4670 Media
936 4629 1096 4674 nocte
1147 4637 1526 4689 experrectus,
1584 4638 1859 4682 memento
1921 4631 2040 4698 ejus
2102 4633 2194 4700 qui

625 4708 765 4759 dixit
799 4723 812 4759 :
854 4708 1030 4762 Media
1067 4722 1216 4764 nocte
1270 4717 1548 4782 surgebam
1597 4725 1664 4770 ad
1711 4721 2068 4786 conﬁtendum
2104 4723 2197 4775 tibi

627 4815 780 4865 super
816 4801 1020 4867 judicia
1047 4804 1274 4871 justitite
1307 4814 1410 4858 tua:
1440 4808 1507 4860 ".
1549 4809 1610 4860 Et
1657 4813 1862 4876 gratias
1918 4830 2017 4883 age.
2060 4815 2191 4879 Deo,

630 4892 721 4957 qui
757 4900 806 4943 te
830 4895 892 4944 ad
928 4895 1115 4950 laudes
1147 4896 1315 4964 ipsius
1343 4900 1620 4954 canendas
1642 4917 1670 4956 e
1689 4918 1882 4957 somno
1905 4908 2196 4972 excitavit;

635 4979 830 5046 gaude,
860 4991 910 5034 et
945 4985 1177 5047 exsulta,
1201 4991 1328 5054 quia
1357 4987 1557 5056 dignus
1588 5006 1645 5045 es
1672 4991 1916 5056 habitus,
1947 4996 2037 5063 qui
2071 5012 2199 5050 cum

637 5073 843 5125 sanctis
867 5073 1073 5141 angelis
1097 5075 1262 5129 Deum
1289 5080 1654 5135 concelebres.
1688 5082 2033 5140 Christianus
2054 5089 2199 5141 enim

635 5172 912 5229 peccator,
975 5165 1041 5219 de
1093 5166 1316 5237 flagitiis
1373 5181 1642 5228 anteactae
1701 5176 1824 5230 vita:
1871 5178 2087 5243 dolens,
2143 5189 2196 5233 et

632 5254 802 5306 vitam
857 5255 968 5310 Deo
1013 5270 1223 5324 gratam
1304 5263 1640 5332 instituens,
1691 5268 1794 5321 nisi
1855 5272 1921 5323 ad
1983 5272 2196 5328 divinas

642 5358 898 5412 synaxes,
955 5357 1008 5400 et
1069 5364 1260 5405 sacras
1327 5355 1684 5422 psalmodias,
1741 5368 1792 5413 et
1845 5364 2194 5430 precationes

637 5436 902 5499 laetitiam,
935 5439 1296 5504 alacritatem,
1333 5446 1547 5514 taleque
1572 5450 1834 5513 studium,
1861 5461 1911 5506 et
1945 5455 2200 5507 attentio-

638 5542 786 5588 nem.
851 5542 1107 5596 quantam
1155 5542 1209 5586 et
1270 5538 1485 5603 qualem
1537 5550 1692 5594 antea
1752 5542 1816 5595 ad
1863 5545 2197 5614 voluptates,

640 5620 872 5691 vitaeque
901 5623 1324 5692 improbitatem,
1359 5631 1636 5697 ostendit;
1661 5635 1754 5688 sed
1781 5636 1923 5689 velut
1945 5638 2198 5693 laborans

719 5737 763 5768 "
793 5737 940 5793 Psal.

644 5820 756 5872 th,
789 5812 879 5862 (εἳ.

1012 5755 1203 5808 cxvnt,
1252 5746 1337 5798 62.
1458 5745 1706 5804 "Galat.
1761 5769 1834 5817 tv,
1893 5754 1981 5807 δῖ.

2087 5756 2132 5787 ⁸⁵
2165 5754 2311 5809 Psal.
2371 5771 2534 5811 cxvnt
2563 5797 2577 5822 ,
2628 5758 2750 5813 105.

2297 3257 2394 3296 seu
2427 3247 2550 3309 post
2584 3240 2792 3294 obitum
2827 3239 3111 3292 inveniet?
3145 3238 3201 3292 ιιι
3228 3239 3331 3308 die.
3351 3251 3476 3290 vero
3499 3235 3714 3304 judicii,
3738 3235 3861 3304 quid

2297 3332 2678 3400 respondebit,
2704 3331 2929 3400 quando
2960 3330 3214 3384 Christus
3257 3329 3438 3382 veniet
3465 3328 3696 3381 reddere
3751 3328 3870 3379 uni-

2298 3425 2500 3493 cuique
2549 3422 2851 3476 secundum
2900 3435 3067 3490 opera
3114 3421 3277 3473 sua"
3320 3420 3586 3487 :quando
3619 3432 3648 3469 a
3688 3431 3868 3469 mona-

2298 3513 2440 3577 chis,
2469 3511 2560 3580 qui
2593 3527 2649 3564 se
2676 3510 2752 3562 illi
2784 3525 2968 3563 coram
3006 3509 3192 3563 multis
3225 3509 3455 3562 testibus
3485 3517 3866 3576 aggregarunt,

2297 3614 2454 3672 pacta
2485 3618 2605 3671 qua:
2640 3603 2706 3655 ad
2741 3612 2991 3656 sanctum
3056 3603 3262 3664 altare,
3310 3610 3363 3653 et
3413 3614 3596 3653 coram
3656 3600 3863 3655 Sanctis

2299 3695 2510 3762 angelis
2536 3693 2655 3760 ejus
2695 3694 3039 3762 praestituros
3102 3708 3165 3746 ac
3197 3701 3515 3747 servaturos
3553 3707 3610 3744 se
3647 3693 3862 3761 pepige-

2300 3797 2446 3852 runt,
2492 3788 2762 3855 requiret.

2369 3897 2509 3963 Quid
2545 3899 2690 3952 enim
2725 3896 3043 3966 interrogati
3073 3894 3517 3966 respondemus?
3552 3893 3772 3955 Annon,
3801 3894 3861 3945 all

2300 3997 2554 4044 sanctum
2614 3991 2814 4054 altare,
2848 3997 2898 4044 et
2942 3988 3010 4042 ad
3046 4002 3265 4042 sacrum
3323 3987 3466 4038 hunc
3515 3994 3863 4049 conventum,

2298 4083 2466 4135 vitam
2524 4082 2907 4146 monasticam,
2939 4089 2994 4134 et
3043 4082 3164 4133 vitae
3215 4078 3525 4132 institutum
3563 4080 3865 4148 angelicum

2299 4175 2496 4228 sectari
2532 4174 2910 4226 desiderantes
2958 4186 3058 4226 nos
3086 4171 3432 4225 accessisse?
3461 4170 3604 4236 Quid
3631 4173 3774 4225 enim
3803 4171 3865 4223 ad

2299 4267 2512 4334 singula
2545 4263 2878 4320 referimus?
2919 4279 3101 4317 nonne
3147 4263 3275 4315 illud
3308 4281 3319 4314 :
3350 4261 3547 4323 Etiam,
3583 4263 3870 4314 venerande

2300 4355 2458 4410 Pater
2490 4359 2513 4410 7
2545 4357 2818 4410 Sacerdos
2845 4366 3048 4419 autem,
3082 4356 3211 4423 quid
3253 4369 3472 4406 rursum
3512 4355 3668 4406 nobis
3695 4353 3868 4404 dicit?

2303 4447 2532 4512 Scitote,
2568 4449 2785 4512 fratres,
2825 4450 3037 4505 venisse
3068 4463 3184 4510 vos,
3214 4455 3270 4498 ut
3299 4445 3564 4497 militibus
3600 4459 3662 4496 ac
3698 4443 3869 4496 famu-

2230 4523 2274 4577 D
2307 4538 2371 4592 lis
2403 4537 2610 4592 Christi
2673 4540 2817 4607 regis
2848 4539 3089 4591 caelestis
3133 4534 3592 4594 adnumeretnini,
3643 4533 3868 4604 ideoque.

2305 4625 2373 4677 ad
2407 4627 2734 4680 tentationes
2769 4642 2864 4680 vos
2899 4636 3239 4695 comparate.
3285 4623 3550 4678 Videbitis
3581 4626 3729 4679 enim
3763 4627 3865 4691 jam

2304 4717 2430 4771 hinc
2484 4718 2766 4770 inimicum
2817 4734 3007 4772 omnes
3072 4728 3216 4772 artes
3253 4733 3381 4772 suas
3433 4718 3724 4770 adversum
3778 4725 3870 4769 vas

2302 4809 2603 4863 ferventius
2633 4810 2896 4879 experiri.
2937 4809 3226 4879 Oportebit
3266 4809 3435 4878 igitur
3456 4817 3510 4862 et
3544 4806 3780 4871 esurire,
3821 4816 3870 4857 et

2302 4903 2478 4965 sitire,
2523 4912 2578 4956 et
2631 4902 2832 4971 algere,
2897 4902 3250 4972 ignominiam
3289 4901 3558 4969 accipere,
3615 4900 3866 4968 conspui,

2307 4993 2479 5061 alapis
2505 4993 2660 5056 caedi,
2714 4994 3071 5057 subsannari,
3106 5003 3159 5046 et
3190 4992 3397 5061 quaevis
3429 4991 3612 5044 tristia
3649 4999 3870 5060 propter

2308 5085 2477 5138 Deum
2541 5084 2802 5154 perferre.
2863 5083 3003 5147 Quid
3062 5098 3161 5137 nos
3212 5092 3325 5135 tum
3376 5083 3442 5135 ad
3479 5083 3628 5136 ista?
3691 5096 3869 5135 nonne

2306 5189 2568 5242 passuros
2638 5184 2692 5228 et
2742 5175 3077 5228 toleraturos
3133 5173 3317 5225 omnia
3383 5172 3773 5239 promittimus,
3819 5180 3867 5225 et

2305 5269 2438 5322 illud
2466 5270 2708 5322 solemne
2738 5287 2750 5322 :
2790 5266 2990 5334 Etiam,
3027 5267 3311 5320 reverende
3340 5266 3522 5330 Pater,
3555 5268 3621 5319 ad
3651 5280 3867 5320 omnem

2306 5359 2798 5428 interrogationem
2853 5376 2945 5428 per
3005 5359 3321 5428 patientiam
3377 5359 3726 5413 feren-lorum
3782 5360 3867 5412 in-

2308 5454 2722 5506 commodorum
2771 5454 3168 5507 enuntiamus?
3216 5452 3408 5506 Nonne
3450 5454 3865 5515 continentiam,

2307 5544 2545 5613 vigilias,
2599 5545 2966 5598 obedientiam
3008 5560 3180 5615 usque
3232 5546 3299 5599 ad
3344 5554 3576 5599 mortem
3615 5555 3866 5599 servatu-

2310 5651 2422 5701 ros,
2463 5638 2777 5708 praeposito,
2843 5642 3053 5709 totique
3108 5639 3338 5694 fratrum
3393 5639 3624 5709 collegio
3686 5654 3868 5692 curam

2855 5760 2898 5792 ’°
2947 5759 3094 5818 Psal.
3177 5777 3380 5823 xxxiii,
3429 5760 3480 5813 9.
3591 5761 3634 5792 “
3678 5758 3867 5814 Matt't.
