4156 6340
195 404 296 466 ιὲιτ
1517 399 1795 462 ()RATlO

1896 397 2115 459 XVIII.
3315 390 3424 454 ιεε

201 517 312 572 Deo
330 528 386 573 et
407 517 618 588 angelis
641 515 1053 586 promittimus?
1077 516 1252 582 Quam
1280 515 1351 571 ob
1384 529 1609 571 causam
1634 519 1764 572 vero
1792 529 1834 585 Α
1868 517 1984 577 litis,
2033 522 2082 568 et
2123 512 2245 568 tolle
2299 528 2504 567 crucem
2546 522 2714 578 ιιιαιιι,
2754 523 2804 568 ει
2852 516 2968 568 rem“
3001 526 3214 580 sequere
3251 513 3421 578 ius”,

187 609 458 672 militare.
486 608 810 679 Christique
872 607 1232 664 bellatoribus
1256 608 1534 664 περιιδειί
1592 605 1766 664 volui-

202 699 371 754 mus?
405 713 592 755 nonne
632 709 692 755 ιιι
725 709 918 755 contra
956 701 1144 758 hostes
1185 703 1289 758 sub
1321 708 1607 772 aspectum
1654 715 1768 755 non

204 791 490 846 venientes
520 805 914 861 pugnaremus,
951 793 1235 849 utcontra
1263 779 1583 849 concitatos.
1599 791 1770 847 animi

205 893 387 939 motus
406 882 613 940 bellum
645 870 1070 956 capesseremne
1096 887 1122 941 2
1155 885 1220 942 Et
1249 901 1415 951 nunc,
1449 885 1679 956 perinde
1709 892 1773 940 ut

204 978 255 1032 si
285 984 441 1046 pacta
475 973 748 1032 conventa
795 993 959 1034 nemo
989 995 1019 1034 a
1044 979 1204 1035 nobis
1231 991 1533 1035 exacturus
1567 979 1640 1034 sit
1668 993 1791 1035 nos.

206 1066 448 1136 geritis
481 1083 497 1121 :
535 1066 814 1136 solutique
855 1068 1055 1122 timore
1097 1067 1193 1122 Dei
1246 1075 1303 1122 et
1355 1067 1609 1122 mandata
1653 1069 1771 1135 ejus

204 1167 624 1213 contemnentes
671 1158 928 1213 vivimus.
964 1157 1095 1212 Mihi
1142 1158 1393 1229 equidem
1431 1159 1484 1212 in
1536 1168 1772 1214 mentem

203 1250 356 1303 venit
407 1247 714 1313 admirari,
772 1250 1050 1318 quomodo
1107 1247 1162 1302 in
1221 1255 1431 1302 tantam
1483 1248 1774 1319 caliginem

207 1340 764 1410 praecipitaverimus,
799 1341 1094 1410 omniaque
1144 1355 1270 1396 cum
1319 1339 1628 1394 animorum
1675 1355 1775 1394 no.

207 1443 450 1487 utrorum
476 1431 806 1486 detrimento
833 1432 1094 1486 faciamus
1131 1448 1148 1486 :
1186 1445 1422 1500 cumque
1455 1429 1777 1499 nosmetipsi

205 1523 543 1594 iugulentur,
572 1525 625 1579 id
655 1533 911 1593 tanquam
953 1523 1058 1578 vivi
1099 1537 1163 1577 ac
1187 1525 1514 1588 superstites
1538 1537 1648 1576 non
1680 1537 1779 1576 cu-

212 1631 440 1671 remus:
473 1626 676 1670 etcum
702 1615 808 1686 ipsi
839 1630 939 1669 nos
979 1623 1331 1684 peccatorum
1367 1613 1604 1668 vinculis
1645 1627 1782 1668 con-

209 1707 581 1774 stringamus,
625 1708 800 1762 etiam
849 1704 1109 1772 gaudium
1146 1705 1441 1773 agitemus,
1473 1705 1784 1758 committa-

210 1813 450 1866 uiusque
473 1797 661 1852 omnia
684 1811 805 1868 qua:
832 1796 975 1852 Deus
1007 1797 1144 1860 odit,
1171 1808 1224 1850 et
1249 1806 1371 1867 qua:
1392 1795 1447 1850 in
1477 1798 1782 1867 gehennam

1869 607 2223 670 tentationes,
2257 619 2321 660 ac
2352 603 2741 662 tribulatione:
2784 604 2966 660 crucis
3012 605 3234 660 nomine
3289 605 3428 661 iusi-

1869 711 2070 752 nuans.
2109 695 2248 751 Dare
2274 710 2440 766 porro
2478 695 2685 760 omnia,
2720 699 2980 765 pecunias
3019 711 3083 752 ac
3112 696 3427 767 possessio-

1879 803 2000 850 nes.
2074 786 2392 842 incursibus
2442 796 2627 841 autem
2680 788 3040 843 tentatiouum
3096 788 3428 859 reliquorum

1872 881 2198 935 acerborum
2273 895 2337 934 ac
2391 880 2750 935 molestorum
2809 896 2920 935 non
2967 883 3186 937 excelso
3245 881 3428 938 animo

1872 972 2158 1036 resistere,
2189 972 2386 1027 animae
2424 973 2651 1043 ignavae,
2683 987 2748 1027 ac
2779 989 2875 1028 sua
2899 979 3182 1037 commoda
3211 991 3318 1030 non
3345 977 3432 1029 in-

1876 1065 2172 1135 tciligentis
2203 1066 2337 1120 inihi
2374 1068 2615 1122 videtur.
2675 1066 2820 1123 Nihil
2864 1069 3007 1122 enim
3035 1071 3286 1137 pecuniis
3315 1079 3436 1124 tau-

1873 1153 2160 1208 tummodo
2208 1154 2439 1225 aliisque
2465 1160 2629 1213 rebus
2663 1157 2988 1226 alijiciendis
3015 1172 3078 1212 ac
3104 1158 3434 1226 deferendis,

1875 1251 1930 1298 et
1963 1244 2029 1298 ad
2064 1244 2232 1298 vitam
2264 1245 2565 1300 solitariam
2603 1247 2964 1318 confugiendo
2994 1249 3298 1318 proficitur,
3328 1253 3434 1307 nisi

1879 1334 1935 1389 in
1962 1336 2394 1402 tentationibus,
2429 1347 2485 1392 et
2525 1340 2993 1409 tribulationibus,
3039 1351 3092 1396 et
3134 1341 3439 1400 secundum

1884 1433 2056 1489 Deum
2088 1435 2352 1491 molestiis
2381 1451 2551 1503 usque
2594 1435 2661 1490 ad
2695 1436 2854 1489 tinem
2882 1450 3218 1506 perseveres.
3251 1435 3441 1502 Neque

1886 1525 2032 1579 enim
2051 1523 2301 1581 Christus
2319 1526 2460 1580 Deus
2480 1536 2666 1582 noster
2682 1526 2735 1579 in
2756 1539 2936 1580 rerum
2972 1535 3274 1580 nostrarum
3296 1525 3444 1595 abjc-

1882 1612 2088 1674 ctione,
2113 1613 2206 1665 sed
2243 1612 2295 1665 in
2328 1613 2590 1680 patientia
2624 1625 2810 1668 nostra
2835 1613 3049 1669 animas
3072 1623 3291 1670 nostras
3314 1631 3448 1686 pos-

1884 1718 2135 1759 cessuros
2167 1703 2456 1760 allirmavit
2488 1705 2557 1760 ”.
2580 1704 2925 1762 Facultatum
2976 1707 3032 1761 in
3063 1705 3334 1779 pauperes
3363 1710 3451 1765 di-

1887 1795 2295 1860 stributionem,
2321 1808 2374 1852 et
2400 1796 2584 1867 fugam
2623 1797 2807 1852 saeculi
2845 1799 3039 1854 bonam
3072 1810 3235 1870 atque
3265 1800 3449 1866 utilem

214 1888 361 1957 ignis
396 1889 615 1945 animas
658 1899 878 1944 nostras
925 1888 1242 1950 deturbent,
1278 1879 1336 1941 et
1378 1901 1444 1942 ea
1503 1886 1722 1941 vincula
1752 1902 1781 1940 a
1816 1885 1856 1939 Β
1885 1903 2009 1942 esse
2040 1898 2297 1943 constat:
2333 1899 2706 1945 verumtamen
2743 1893 2858 1946 sola
2899 1907 2998 1960 per
3022 1893 3279 1963 seipsam,
3311 1905 3450 1950 citra

213 1980 376 2034 nobis
399 1978 732 2044 auferentes,
756 1980 913 2049 quasi
937 1979 1260 2034 truculentae
1285 1978 1497 2042 bestia),
1523 1977 1785 2033 devorare

212 2085 503 2127 conemur.
553 2070 689 2126 Nam
727 2073 834 2126 sia
864 2071 1122 2142 quopiam
1183 2069 1450 2123 fuerimus
1515 2069 1785 2138 impediti,

214 2178 286 2216 ne
318 2159 453 2232 quid
490 2175 682 2216 contra
723 2161 937 2215 animas
985 2171 1207 2215 nostras
1265 2159 1576 2224 moliamur,
1637 2159 1788 2212 illum

215 2270 374 2310 more
405 2268 606 2309 canum
660 2253 981 2308 rabidorum
1038 2253 1386 2312 allatramus,
1433 2259 1487 2305 et
1536 2251 1790 2305 convitiis

217 2345 572 2409 incessimus,
610 2358 710 2398 nec
755 2344 1085 2406 desinimus,
1133 2343 1309 2396 donec
1359 2356 1420 2396 re
1479 2349 1790 2411 perpetrata

217 2438 421 2492 animis
454 2437 658 2491 nostris
692 2437 923 2491 exitium
957 2435 1398 2489 conflavsrimus.
1425 2432 1784 2488 l’ostmodum

220 2532 290 2584 aii
319 2528 634 2596 huiusmodi
662 2524 1082 2597 perversitatem
1113 2525 1436 2590 assuefacti;
1471 2527 1794 2580 naturaliter

220 2623 488 2690 perversi,
538 2629 701 2687 atque
753 2618 990 2686 improbi
1036 2618 1339 2684 reddimur,
1399 2633 1501 2672 nec
1557 2620 1794 2687 amplius

221 2715 368 2768 cmlo
400 2723 566 2779 caput
597 2711 786 2764 tollere
827 2712 976 2764 libet.
1023 2709 1125 2763 Ubi
1177 2717 1299 2776 post
1348 2708 1632 2762 hominum
1677 2725 1794 2764 me-

225 2805 458 2856 moriam
489 2803 688 2855 similis
725 2803 1064 2854 machinatio
1112 2803 1299 2854 audita
1352 2802 1481 2856 est?
1515 2801 1652 2866 Quis
1686 2801 1798 2854 da:-

226 2911 356 2950 nion
413 2895 632 2948 modum
683 2893 1008 2961 perditionis
1053 2895 1156 2946 hoc
1201 2891 1461 2961 majorem
1507 2891 1798 2947 adversum

228 2988 444 3040 animas
477 2996 698 3038 nostras
754 2984 1089 3053 excogitabit
1143 2984 1252 3036 imo
1297 2992 1469 3046 certe,
1514 2983 1645 3052 quid
1699 2985 1800 3037 hoc

225 3079 465 3145 amplius
500 3088 691 3130 contra
721 3091 821 3129 nos
865 3079 1138 3129 daemones
1183 3091 1305 3127 cuzn
1338 3076 1486 3128 omni
1547 3083 1703 3140 Cura,
1747 3082 1801 3128 et

228 3168 607 3222 sollicitudine
641 3167 888 3220 invenire
917 3167 1206 3235 poterunt?
1234 3166 1528 3220 Monaehos
1553 3166 1668 3220 fore
1696 3181 1799 3220 nos

228 3254 655 3323 spopondinius,
684 3265 735 3308 et
767 3272 834 3308 cn
892 3271 1056 3324 supra
1105 3257 1414 3309 mundanus
1466 3258 1802 3326 improbitati

229 3363 337 3399 rios
376 3345 744 3410 alligavimus.
777 3346 858 3398 Ad
892 3344 1117 3410 famem,
1139 3347 1308 3414 sitim,
1328 3347 1674 3403 aliiictionem
1713 3365 1805 3403 suo

231 3437 575 3498 stiuendam,
617 3445 680 3488 ut
713 3447 838 3490 ante
888 3437 1230 3499 dicebamus,
1289 3439 1550 3506 descripti
1591 3455 1803 3506 sumus,

229 3540 290 3581 ct
328 3539 550 3595 propter
582 3527 802 3578 unicum
846 3527 1002 3593 panis
1049 3525 1284 3579 frustum
1333 3528 1508 3595 (quod
1537 3527 1677 3582 forte
1709 3545 1807 3583 ex-

231 3630 318 3672 tza
376 3616 795 3669 delinitumcibi
843 3615 1096 3668 sumendi
1162 3627 1380 3684 tempus
1435 3618 1802 3686 requirimus)

233 3708 426 3762 verbis
453 3704 684 3769 velitari,
712 3719 765 3758 et
793 3708 989 3774 piobra
1023 3707 1226 3772 jactare
1266 3721 1374 3757 non
1409 3708 1804 3760 erubescimus.

232 3798 511 3852 Omnibus
545 3813 664 3866 qua:
690 3797 742 3848 in
776 3798 980 3849 mundo
1014 3807 1164 3860 sunt,
1192 3797 1503 3849 renuntiare
1534 3799 1806 3860 venimus,

234 3892 586 3960 parentibus,
620 3891 866 3957 inquam,
901 3891 1186 3949 fratribus,
1218 3898 1270 3940 et
1303 3889 1514 3946 amicis.
1543 3901 1594 3940 et
1626 3899 1807 3941 tamen

233 3988 363 4038 ilos
396 3986 459 4037 de
483 3983 801 4036 monasterii
829 3982 1060 4050 panibus
1091 3982 1237 4033 alere
1270 3981 1448 4047 potius
1484 3994 1591 4031 non
1622 3995 1808 4032 cessa-

233 4093 385 4130 inus.
439 4075 700 4127 Mundum
771 4083 827 4125 ut
891 4073 1104 4123 hostem
1174 4072 1432 4137 fugimus,
1480 4079 1532 4122 et
1593 4071 1810 4123 interim

235 4168 576 4225 mundanus,
607 4175 659 4216 et
692 4179 813 4230 quae
850 4162 1036 4214 mundi
1085 4171 1236 4224 sunt,
1277 4161 1399 4229 plus
1430 4175 1592 4227 quam
1646 4160 1810 4213 Chri-

233 4273 389 4312 stum
427 4256 607 4321 ipsum
633 4254 936 4321 diligimus.

313 4347 419 4413 Qui
456 4358 638 4399 autem
676 4346 894 4413 assequi
925 4343 1034 4395 vult
1081 4357 1201 4411 qua}
1230 4342 1400 4410 cupit,
1430 4353 1482 4396 et
1512 4344 1810 4407 desiderat,

237 4446 388 4498 bona
417 4441 513 4495 Dei
553 4439 828 4500 videlicet,
871 4449 929 4491 ct
969 4453 1035 4491 ex
1072 4438 1293 4490 homine
1328 4438 1380 4488 in
1416 4438 1664 4504 angelum
1708 4449 1786 4489 ter

1887 1981 2250 2034 tentationum
2273 1983 2640 2048 telerantiain,
2660 1982 2932 2038 hominem
2951 1986 3253 2040 secundum
3277 1985 3448 2043 Deum

1889 2069 2193 2138 perfectum
2247 2074 2477 2128 reddere
2535 2089 2644 2128 non
2703 2085 2903 2144 patest.
2950 2058 3106 2143 Quod
3153 2087 3214 2133 ut
3266 2079 3337 2133 ita
3392 2094 3453 2134 se

1889 2157 2114 2225 habere,
2135 2171 2188 2216 et
2213 2163 2285 2216 ita
2313 2161 2423 2217 Deo
2450 2163 2666 2232 placere
2691 2165 2903 2228 credas,
2927 2167 3054 2221 audi
3089 2167 3263 2238 ipsius
3290 2169 3455 2225 verba

1893 2251 1958 2302 ad
1995 2252 2214 2306 divitem
2252 2271 2266 2307 :
2301 2254 2363 2308 Si
2391 2253 2465 2308 eis
2488 2254 2744 2322 perfectus
2779 2272 2911 2318 esse,
2945 2258 3102 2311 renda
3130 2275 3246 2327 qua
3275 2260 3454 2324 habes,

1891 2352 1942 2396 et
1973 2344 2041 2395 da
2066 2344 2403 2411 pauperibus,
2450 2355 2500 2399 et
2529 2345 2654 2400 tolle
2696 2362 2902 2399 crucem
2939 2357 3107 2414 luant,
3157 2360 3207 2402 et
3232 2351 3347 2404 veni
3379 2366 3460 2405 se-

1893 2449 2053 2500 quere
2085 2449 2186 2490 me.
2219 2432 2500 2489 Vocabulo
2532 2437 2726 2503 crucis,
2762 2445 2821 2489 ut
2857 2437 3064 2493 dictum
3095 2449 3180 2494 est
3231 2443 3462 2496 tribula-

1895 2523 2072 2578 tioues
2098 2535 2150 2579 et
2181 2527 2830 2584 tentalionesobscurius
2864 2529 3154 2600 significat.
3188 2529 3459 2597 Quoniam

1896 2618 2039 2668 enim
2068 2614 2285 2685 regnum
2309 2618 2573 2671 caelorum
2605 2619 2707 2673 vim
2743 2621 2968 2688 patitur,
3007 2632 3058 2676 et
3112 2625 3322 2679 riofenti
3374 2644 3465 2682 ra-

1897 2709 2046 2778 piunt
2079 2709 2214 2761 illud
2247 2708 2316 2775 “,
2345 2709 2616 2780 aliterque
2649 2711 2826 2767 fidelis
2868 2714 2924 2767 in
2958 2715 3161 2786 ipsum,
3207 2721 3314 2774 nisi
3363 2736 3463 2792 per

1899 2809 2190 2868 angustam
2240 2810 2452 2870 portam
2501 2802 2940 2869 tribulationum,
2999 2817 3052 2860 et
3101 2814 3464 2867 tentationnm

1899 2889 2127 2944 introire
2154 2893 2365 2962 nequit,
2399 2897 2597 2948 metito
2643 2895 2827 2951 divina
2863 2878 3139 2965 Scriptura
3172 2903 3417 2972 praecipit
3447 2923 3467 2962 ι

1901 2980 2212 3036 Contendite
2267 2983 2472 3038 intrare
2525 3000 2614 3054 per
2675 2996 2958 3056 unguatam
3014 3001 3222 3057 portam
3271 2992 3338 3046 ⁸⁸.
3403 2994 3471 3048 Et

1903 3073 2100 3126 iterum
2139 3091 2153 3128 ε
2188 3074 2251 3127 In
2281 3077 2540 3144 patientia
2572 3087 2739 3131 vestra
2766 3081 3096 3147 possidebitis
3132 3085 3338 3140 animus
3380 3104 3470 3142 vc-

1827 3203 1872 3262 c
1905 3175 2046 3218 atras
2069 3169 2132 3218 ⁸⁸.
2169 3165 2233 3219 Ει
2269 3185 2282 3220 :
2319 3167 2422 3221 [ἐν
2468 3169 2663 3223 multas
2708 3171 3076 3262 tribulationis:
3125 3187 3325 3243 Oportet
3375 3191 3469 3232 nos

1907 3259 2108 3310 intrare
2135 3260 2188 3312 in
2225 3276 2440 3328 regnum
2463 3261 2736 3325 caelorum,
2770 3274 2825 3314 ιιι
2851 3272 2903 3317 et
2939 3241 3065 3319 alibi
3101 3241 3470 3340 idVScriptura

1909 3359 2144 3403 testatur
2177 3352 2244 3407 ”.
2278 3351 2412 3418 Fili,
2451 3353 2703 3407 accedens
2748 3356 2817 3408 ad
2850 3359 3146 3412 servitutem
3197 3362 3289 3413 Dei
3339 3378 3476 3430 pra:-

1907 3455 2042 3507 ναι-α
2102 3443 2337 3494 animum
2391 3455 2535 3496 tuane
2578 3446 2646 3497 ad
2685 3448 3042 3502 tentationem.
3103 3449 3346 3519 Deprinte
3384 3469 3476 3508 cor

1911 3543 2077 3596 tuum,
2105 3544 2151 3586 et
2171 3534 2371 3605 sustine
2387 3535 2453 3590 ".
2474 3535 2872 3604 EtAposzolus:
2900 3539 3054 3606 Quod
3075 3544 3123 3594 si
3145 3553 3294 3596 extra
3316 3546 3479 3599 disci-

1910 3626 2109 3689 plinam
2145 3633 2292 3688 estis,
2327 3629 2480 3696 cujus
2513 3631 2797 3696 participes
2830 3631 2960 3698 facti
2986 3641 3108 3686 sunt
3138 3650 3332 3700 omnes,
3354 3653 3475 3708 ergo

1915 3718 2168 3779 adulteri,
2193 3727 2242 3770 et
2282 3735 2383 3771 non
2413 3719 2514 3786 ﬁlii
2540 3722 2668 3774 estis
2705 3723 2771 3775 ”.
2807 3721 2868 3774 Et
2917 3724 3024 3776 alio
3078 3725 3201 3780 loco
3231 3743 3246 3781 :
3279 3727 3475 3788 Omnia

1913 3819 2034 3867 (ιιιω
2073 3804 2165 3855 tibi
2203 3805 2538 3869 inferuntur,
2583 3818 2642 3860 ut
2668 3812 2808 3863 bona
2855 3813 3095 3879 suscipe,
3134 3816 3318 3872 sciens
3355 3821 3476 3874 sine

1916 3888 2028 3941 Deo
2063 3892 2195 3944 nihil
2222 3892 2358 3948 ﬁeri.
2396 3895 2494 3964 Qui
2543 3899 2688 3950 enim
2729 3897 2966 3954 fortunis
3015 3904 3130 3956 suis
3162 3905 3216 3957 in
3255 3916 3475 3975 egentes

1914 3983 2125 4035 collatis
2155 4001 2182 4036 c
2208 3986 2410 4040 mundo
2437 3996 2490 4040 et
2522 3990 2682 4044 rebus
2717 3990 2837 4059 ejus
2861 3993 3082 4059 recedit,
3116 3996 3168 4048 in
3204 4013 3298 4065 spe
3328 4015 3473 4055 mer-

1916 4075 2086 4135 Ceilis,
2123 4085 2175 4127 et
2209 4079 2485 4143 voluptate
2521 4081 2691 4132 multa
2726 4091 2906 4150 gestat
2959 4088 3371 4149 conscientiam,
3409 4093 3476 4147 Et

1919 4164 2220 4233 aliquando
2279 4183 2414 4221 vana
2469 4170 2642 4238 gloria
2708 4174 3014 4228 mercedem
3077 4177 3288 4232 furatur
3371 4183 3474 4248 Qui

1919 4273 2069 4322 vero,
2121 4270 2410 4329 postquam
2459 4266 2643 4319 omnia
2695 4265 2843 4320 dedit
2900 4271 3252 4337 pauperibus,
3310 4278 3472 4328 etiam

1921 4354 2144 4405 molesta
2173 4356 2429 4422 snstinet,
2454 4371 2506 4410 et
2540 4360 2744 4427 gratias
2775 4360 2904 4426 agit,
2931 4370 2983 4414 et
3010 4363 3236 4416 adversa
3267 4368 3475 4433 pallet.-

1920 4450 2000 4511 tcr
2039 4443 2259 4509 perfert,
2301 4445 2352 4496 in
2397 4461 2459 4498 eo
2486 4447 2706 4515 quidem
2750 4452 3040 4503 maximam
3093 4454 3471 4522 acerbitatem,
3555 4465 3561 4474 ·

237 4548 478 4592 rcslt‘cm
529 4537 787 4604 migrare,
848 4534 1254 4587 alllictationem
1309 4533 1559 4598 corporis
1589 4528 1813 4592 amabit,
1849 4535 1890 4587 [ι
1925 4533 2183 4597 laborem,
2215 4550 2277 4588 ac
2317 4536 2561 4590 dolorem
2585 4539 2750 4590 sentit
2783 4556 2796 4591 :
2831 4542 2923 4592 sed
2953 4557 3194 4609 praesens
3223 4560 3288 4600 ac
3323 4547 3471 4600 futu-

237 4632 514 4684 Inalorum
569 4628 974 4695 perpessionem
1035 4627 1437 4693 amplectetur,
1490 4625 1817 4678 tentationes

238 4733 304 4776 ut
327 4723 510 4776 omnis
539 4720 666 4773 boni
707 4719 810 4772 sibi
841 4718 1254 4772 coneiliatrices
1287 4717 1436 4770 haud
1495 4717 1818 4786 aspernabi-

239 4828 358 4869 tur.
389 4815 457 4868 Ut
486 4816 632 4867 enim
663 4827 860 4866 aurum
897 4814 1068 4862 multa
1111 4810 1372 4863 infectum
1411 4811 1672 4877 aerugine,
1709 4811 1816 4864 nisi

238 4910 303 4963 in
335 4921 543 4976 prunas
574 4907 920 4974 conjiciatur,
947 4914 1000 4955 et
1029 4903 1240 4955 malleis
1271 4902 1554 4962 tundatur,
1591 4901 1812 4968 purgari

239 5004 432 5061 aliter,
488 5007 653 5066 atque
706 4999 759 5050 in
797 4999 1091 5065 pristinum
1130 4995 1395 5062 fulgorem
1433 4994 1647 5046 restitui
1703 5010 1812 5047 non

240 5102 428 5166 potest
457 5111 470 5147 :
496 5094 575 5146 sic
600 5092 780 5144 anima
806 5104 1022 5160 quoque
1047 5086 1502 5156 peccatizerugine
1530 5095 1811 5153 cooperta,

238 5195 302 5242 et
329 5186 399 5240 ad
431 5200 708 5238 summum
751 5183 896 5237 facta
933 5181 1166 5244 inutilis,
1222 5181 1328 5232 alia
1363 5183 1446 5231 via
1481 5180 1723 5249 purgari,
1757 5189 1810 5232 et

239 5281 529 5348 antiquam
564 5292 889 5346 recuperare
929 5273 1388 5343 pulchritudinem
1438 5273 1647 5341 nequit,
1706 5271 1809 5325 nisi

243 5371 656 5427 tentalionibus
703 5368 961 5435 jactetur,
996 5374 1051 5419 et
1082 5365 1496 5418 tribulationum
1550 5363 1815 5417 conflatu-

242 5483 368 5521 rain
400 5465 616 5520 subeat.
647 5461 781 5515 Nam
808 5471 861 5515 et
893 5463 1032 5515 ismc
1084 5459 1296 5514 Domini
1351 5458 1527 5512 nostri
1587 5457 1812 5510 verbum

241 5557 569 5615 subindicat
602 5573 617 5609 :
659 5553 827 5608 Vende
857 5553 1140 5621 facultates
1193 5562 1334 5615 tuas,
1375 5560 1424 5604 et
1453 5551 1520 5602 da
1569 5550 1820 5617 pauperi-

1923 4640 2042 4678 rum
2107 4628 2413 4694 praemium,
2471 4631 2855 4698 ingentemque
2915 4635 3327 4690 retributionem
3377 4655 3477 4708 pro

1923 4719 2169 4786 perfugio
2199 4719 2405 4784 habet;
2451 4729 2636 4788 utpote
2669 4722 2760 4789 qui
2796 4725 3086 4790 passiones
3121 4725 3322 4780 Christi
3351 4729 3477 4780 imi-

1919 4819 2082 4872 tetur,
2120 4824 2358 4878 eumque
2393 4811 2446 4863 in
2480 4811 2673 4864 diebus
2713 4815 3099 4876 Ientationum,
3138 4824 3191 4866 et
3229 4817 3478 4871 adversi-

1919 4909 2092 4952 tatum
2121 4902 2440 4954 irruentium
2481 4911 2767 4967 sustineat,
2797 4913 2850 4956 ct
2878 4918 3174 4974 exspectet.
3207 4909 3474 4975 Quocirca

1925 5006 2021 5043 oro
2050 5006 2165 5054 vos,
2192 4995 2384 5045 fratres
2414 4993 2465 5045 in
2499 4992 2740 5056 Christo,
2775 4995 2966 5050 demus
3005 5011 3223 5063 Operam
3277 5017 3474 5054 secun-

1923 5083 2051 5135 dum
2103 5099 2286 5137 vocem
2320 5083 2552 5148 Domini,
2589 5083 2678 5138 Dei
2710 5099 2773 5137 ac
2807 5086 3100 5140 Saivaloris
3137 5091 3308 5143 nostri
3340 5089 3471 5144 Jesn

1921 5177 2144 5238 Christi,
2189 5185 2248 5228 ut
2277 5186 2561 5247 postquam
2589 5181 2812 5242 mundo,
2838 5188 2889 5233 et
2919 5180 3002 5232 his
3032 5196 3151 5248 quae
3183 5181 3234 5233 in
3271 5184 3474 5235 mundo

1924 5274 2056 5318 sunt
2091 5265 2470 5329 valediximus,
2499 5283 2591 5334 per
2614 5277 2904 5337 augustam
2937 5279 3146 5336 portam
3187 5270 3473 5332 intremus,

1922 5373 2044 5426 qua:
2073 5360 2308 5413 carnalis
2340 5360 2510 5412 nostri
2550 5375 2766 5424 sensus,
2795 5371 2847 5414 ct
2881 5362 3170 5414 voluntatis
3204 5362 3473 5427 prtecisio,

1923 5462 1976 5503 et
2011 5450 2134 5518 fuga
2163 5461 2266 5504 est.
2319 5451 2428 5504 [Nisi
2469 5454 2614 5505 enim
2672 5454 2844 5517 carni,
2898 5453 3379 5520 concupiscentiis,
3412 5471 3477 5507 ac

1924 5543 2300 5598 roiuiitatibus
2343 5543 2461 5612 ejus
2519 5545 2844 5610 moriamur,
2879 5545 3278 5606 remissionem,
3311 5545 3476 5599 abso-

316 5765 364 5795 ”
400 5761 587 5817 Matth.
647 5778 762 5823 six.
794 5763 885 5815 2i.
959 5759 1006 5790 ”
1038 5757 1166 5812 Luc.
1211 5775 1323 5818 ni.
1361 5769 1445 5812 tu.
1522 5762 1566 5790 ’δ
1593 5757 1782 5811 Matth.
1816 5771 1888 5820 xi,
1923 5755 2005 5807 ιιι.
2082 5751 2125 5784 ’⁸
2153 5750 2340 5804 Matth.
2391 5766 2486 5817 ru,
2526 5749 2611 5804 15.
2691 5749 2734 5779 ’⁸
2767 5748 2899 5802 Luc.
2930 5761 3054 5813 rm,
3101 5746 3186 5800 i9.
3287 5747 3478 5802 "Act.

241 5851 360 5901 xrv,
417 5834 506 5888 2i.
583 5832 823 5885 “Eccii.
859 5845 918 5892 ti.
952 5831 1080 5893 1,2.
1155 5829 1198 5859 ”
1232 5831 1395 5885 ilcbr.
1450 5843 1543 5894 xtl,
1600 5835 1651 5884 3.

571 5929 842 5987 Parum.
871 5927 985 5984 Gn.
1019 5924 1212 5986 CXX.

3056 5906 3123 5966 lli

4013 40 4079 96 \‘

3981 115 4081 188 Ὗ
