4156 6340
715 353 822 414 43‘)
1938 353 2317 414 SYMEONIS
2354 353 2446 416 JU
2463 355 2726 418 NIORIS
3855 366 3962 427 430

713 471 1092 536 lntionemque
1119 466 1410 531 malorum,
1431 475 1481 520 ct
1501 465 1830 532 libertatem,
1852 477 1904 522 et
1922 477 2238 540 sequentem
2264 482 2291 519 a
2324 475 2366 529 Α
2397 473 2645 540 cujusvis
2677 476 2912 530 nominis
2942 493 3036 546 per
3065 476 3443 546 pmnitentiam
3485 477 3548 532 ad
3589 493 3648 533 se
3688 481 3961 539 venientis

714 557 1804 630 sanetoSpirituconsolationemadipisci
1824 575 1928 612 non
1949 562 2282 629 poterimus:
2392 580 2488 617 cur
2548 567 2845 624 illuminas.
2899 579 2980 620 est
3032 569 3370 639 inpossibile
3403 585 3420 624 ι
3455 571 3720 644 siquidem
3773 575 3962 628 mundi

712 669 834 722 quae
868 653 970 706 nisi
1011 651 1378 720 superveniat,
1424 666 1582 703 nemo
1615 650 1901 704 Dominum
1938 668 2035 706 nec
2079 655 2130 706 in
2180 654 2285 706 hoc
2389 657 2554 709 corde
2586 657 2750 710 Deum
2795 659 3044 711 vident‘.

719 759 821 798 nec
851 744 904 796 in
933 742 1117 796 futuro
1149 741 1348 794 saeculo
1379 741 1599 795 videbit.
1637 741 1772 794 Nam
1805 752 1951 796 recte
1981 753 2032 796 te
2067 744 2283 806 fecisse,
2464 745 2748 800 Eulamur
2785 749 2967 816 itaque
3009 760 3208 817 patres,
3244 748 3463 814 fratres,
3490 760 3543 805 et
3586 753 3681 805 lilii
3719 753 3822 806 mei
3858 768 3960 821 per

715 852 838 888 eum
864 850 1056 888 omnes
1082 833 1374 887 facultates
1402 842 1526 888 tuas
1559 835 1611 886 in
1648 849 1918 902 pauperes
1951 835 2284 888 distribuisti
2388 837 2725 908 diligentiam
2781 841 2835 893 in
2873 840 3142 904 muribus,
3175 849 3228 894 et
3254 842 3436 909 jugem
3490 845 3826 898 occultarum
3861 859 3962 897 co-

716 929 798 993 (si
831 940 1012 981 tamen
1044 926 1178 979 nihil
1211 927 1308 980 libi
1338 927 1591 995 exemplo
1625 926 1851 979 Anania:
1907 928 2054 980 illius
2106 942 2284 980 reser-
2387 932 2716 999 gitatiunum
2743 931 3148 986 confessionem
3177 948 3274 986 cor
3302 949 3499 1002 purum
3530 936 3799 990 obtinere.
3827 935 3964 1001 Quae

715 1020 854 1072 vasti
891 1019 1248 1086 ')etatlh:cc
1291 1018 1516 1081 mundo,
1566 1026 1619 1071 et
1678 1017 1746 1071 iis
1796 1035 1917 1086 qua:
1975 1019 2027 1071 in
2082 1019 2284 1070 mundo
2387 1018 2532 1069 enim
2574 1018 2909 1088 frequenter,
2960 1032 3013 1072 et
3070 1023 3316 1089 quotidie
3365 1024 3421 1075 lit
3471 1037 3497 1074 a
3550 1025 3712 1079 nobis
3764 1028 3962 1078 haruat

712 1123 840 1168 sunt
874 1111 1225 1174 renuntiasti,
1269 1111 1610 1178 desertisque
1662 1109 1825 1177 hujus
1860 1111 1981 1162 vita:
2025 1109 2175 1163 curis
2216 1109 2282 1162 ad
2393 1110 2695 1174 confessio,
2734 1113 2779 1164 si
2816 1127 2880 1165 ex
2919 1114 3101 1166 animo
3132 1091 3430 1180 pmnitente
3461 1118 3738 1182 procedat,
3777 1119 3968 1185 resipi-

713 1213 931 1273 p0rtum
961 1214 1178 1256 atterite
1209 1205 1332 1256 vitae
1359 1203 1681 1265 cucurristi,
1706 1204 1940 1271 speciem
1971 1209 2024 1254 et
2056 1205 2281 1271 figurant
2405 1202 2675 1256 scentiam
2707 1204 3064 1272 doloremque
3111 1207 3165 1259 in
3205 1208 3364 1262 nobis
3399 1207 3695 1271 factorum,
3733 1213 3966 1265 medita-

712 1297 937 1364 pietatis
969 1295 1218 1359 indutus,
1252 1310 1352 1364 ego
1378 1309 1597 1363 quoque
1628 1311 1732 1347 non
1777 1296 2012 1352 inllcior.
2047 1305 2101 1348 et
2138 1305 2187 1345 le
2215 1294 2284 1348 ob
2387 1305 2635 1349 torumve
2667 1309 2947 1365 Operatnr,
2981 1300 3070 1366 qui
3103 1315 3165 1352 ex
3218 1302 3428 1355 intimis
3463 1304 3658 1355 aninne
3692 1305 3965 1373 Iaerymas

713 1387 816 1440 hoc
847 1386 1084 1440 studium
1115 1387 1316 1438 laudo:
1349 1385 1442 1439 sed
1472 1387 1696 1454 insuper
1722 1385 2070 1453 prudentiam
2097 1385 2282 1437 carnis
2384 1388 2531 1450 eiet;
2577 1388 2832 1456 lacrymze
2873 1390 3112 1442 animam
3154 1403 3407 1460 purgant,
3452 1403 3505 1446 et
3539 1395 3786 1462 ingentia
3830 1410 3966 1464 pec-

708 1482 859 1530 vetet
891 1480 1142 1529 tunicam
1176 1493 1396 1534 exuere.
1429 1487 1480 1530 ct
1508 1477 1811 1530 serundum
1846 1476 2066 1536 stolam,
2119 1490 2279 1544 quam
2384 1491 2501 1530 cata
2537 1481 2755 1543 delent;
2781 1481 2981 1549 quibus
3013 1483 3230 1545 deletis,
3266 1494 3440 1538 sancit
3471 1485 3711 1553 Spiritus
3743 1487 3965 1541 solatii:

711 1585 808 1640 per
843 1569 1121 1624 Christum
1185 1569 1436 1633 induisti,
1501 1583 1684 1621 mores
1739 1569 1957 1628 anitum,
1997 1567 2282 1634 ipsamque
2384 1567 2787 1635 permulcetur,
2851 1585 2917 1621 ex
2984 1575 3409 1641 compunctione
3469 1574 3676 1629 fluento
3725 1580 3964 1646 quodam

710 1662 1051 1730 spiritualem
1102 1662 1451 1729 prudentiam
1517 1662 1794 1728 possidere
1850 1674 2077 1712 necesse
2141 1667 2225 1710 est
2262 1673 2275 1710 :
2391 1658 2710 1712 dulcedinis
2740 1659 3022 1727 irrigatur,
3053 1663 3200 1715 unde
3227 1665 3497 1732 quotidie,
3542 1667 3615 1718 ita
3655 1675 3711 1719 ut
3755 1668 3967 1720 intelli-

710 1770 888 1823 neqne
921 1754 1023 1806 hoc
1050 1753 1248 1816 solum,
1281 1753 1373 1806 sed
1401 1755 1562 1805 etiam
1590 1768 1682 1820 per
1717 1751 2093 1819 pmnitentiam
2129 1750 2275 1802 tnni-
2318 1818 2355 1828 __
2387 1753 2566 1820 gentia
2604 1753 2960 1819 percipiatur,
2992 1755 3318 1823 pinguescit,
3365 1767 3420 1810 et
3473 1757 3681 1811 fructus
3727 1760 3966 1828 spiritus

708 1863 828 1902 cam
865 1849 1120 1910 lucidam,
1156 1847 1248 1916 qui
1282 1857 1365 1900 est
1400 1847 1514 1914 ipse
1575 1845 1819 1914 Spiritus
1885 1852 2133 1902 sanctus,
2181 1858 2278 1896 su-
2317 1818 2358 1873 Π
2391 1841 2525 1906 aiit;
2584 1856 2724 1910 quos
2785 1851 3031 1911 tempore
3084 1847 3408 1912 congruenti
3475 1863 3571 1900 ceu
3626 1818 3963 1900 frumentum

708 1942 1080 2012 perindttcre;
1120 1939 1266 2008 quod
1321 1939 1424 1993 nisi
1461 1954 1558 2006 per
1589 1946 1936 1991 constantem
1990 1936 2280 1989 mandato-
2390 1934 2561 1985 multo
2593 1948 2718 1986 eum
2765 1933 2976 1988 ftcnore
3007 1936 3071 1986 ad
3103 1950 3162 1988 se
3190 1939 3241 1988 in
3272 1938 3435 1990 vitam
3482 1939 3867 2003 immortalem,
3899 1955 3967 1994 ac

710 2051 833 2089 rum
865 2033 1326 2096 observationem,
1378 2041 1430 2084 et
1467 2031 1809 2083 tolerantiam
1861 2029 2278 2081 tribulationum
2388 2025 2778 2093 sempiternam
2829 2025 2966 2078 citra
3007 2025 3166 2078 ullam
3214 2029 3653 2097 absumptionem
3712 2033 3967 2084 nutrien-

710 2141 817 2179 non
856 2133 943 2177 est
982 2134 1039 2176 ut
1073 2123 1186 2176 fiat.
1221 2121 1416 2175 Pressa
1464 2121 1609 2174 enim
1671 2136 1765 2189 per
1816 2121 2170 2181 tentationes,
2212 2119 2280 2172 ad
2389 2116 2515 2170 dam
2553 2111 2737 2169 on‘ert.
2795 2116 2928 2169 Cum
2984 2118 3267 2186 bin-usque
3325 2121 3511 2173 studio
3565 2137 3665 2175 suo
3705 2125 3970 2191 praeclare

709 2217 982 2288 lat-rymas
1037 2225 1454 2279 commovetur;
1497 2216 1748 2283 lacryma:
1807 2228 1904 2266 eor
1961 2222 2278 2282 purgantes,
2388 2209 2722 2275 pervenerit,
2763 2207 2872 2260 Deo
2917 2207 3226 2271 familiaris,
3265 2219 3317 2263 et
3362 2212 3702 2266 domicilium
3751 2214 3955 2268 habita.

708 2312 992 2379 templum,
1025 2319 1078 2361 et
1113 2309 1482 2362 diversorium
1516 2307 1760 2374 Spiritus
1794 2307 1970 2359 sancti
2014 2305 2277 2358 elliciunt.

2389 2298 2688 2365 columque
2755 2308 3127 2353 sacrosamtm
3163 2299 3445 2356 Trinitatis
3474 2305 3676 2366 evadit,
3710 2321 3842 2374 pure
3876 2308 3961 2360 in-

707 2404 819 2460 Νιιε
849 2405 990 2460 enim
1027 2403 1184 2456 nobis
1209 2403 1274 2455 ad
1309 2402 1568 2465 salutem,
1599 2412 1651 2454 et
1689 2398 2081 2468 perfectionem
2128 2397 2281 2450 solus
2389 2398 2548 2444 tuens
2577 2389 2744 2443 Deum
2781 2389 3169 2444 fabricatorem
3197 2408 3396 2458 .suum,
3435 2405 3488 2448 et
3521 2411 3642 2448 cum
3685 2399 3800 2465 ipso
3833 2378 3968 2452 ver-

708 2500 962 2561 vestitus,
988 2505 1040 2549 et
1068 2495 1307 2548 exterior
1332 2503 1524 2546 statuae
1548 2504 1780 2545 ornatus
1815 2490 2014 2544 sufﬁcit
2049 2508 2062 2543 :
2097 2489 2190 2543 sed
2223 2496 2281 2540 ut

2387 2494 2515 2533 sans
2553 2481 2821 2548 quotidie,
2868 2495 2896 2530 e
2927 2496 3178 2548 corpore,
3224 2497 3278 2536 et
3311 2485 3536 2546 mundo,
3588 2494 3643 2539 et
3679 2502 3801 2541 aere
3852 2490 3967 2543 isto

705 2589 1059 2650 exteriorem.
1093 2587 1164 2640 ita
1207 2585 1521 2638 interiorem
1568 2583 1842 2636 hominem
1883 2591 2131 2634 nostrum
2187 2595 2280 2632 or-
2387 2574 2607 2631 excidit,
2639 2583 2692 2626 et
2731 2574 3045 2637 virtutibus,
3101 2586 3266 2643 atque
3318 2577 3418 2630 alis
3469 2578 3757 2632 cbaritatis
3787 2597 3813 2630 a
3848 2579 3969 2634 Deo

708 2698 841 2736 nare
897 2681 1100 2732 amictu
1140 2677 1402 2745 Spiritus,
1455 2684 1713 2742 totosque
1767 2683 1820 2728 et
1861 2673 2104 2743 integros
2153 2685 2276 2724 cum
2386 2664 2595 2717 elevata
2631 2665 2684 2718 in
2721 2665 2922 2719 coelum
2958 2669 3286 2726 ascendens.
3341 2685 3463 2722 cum
3501 2674 3761 2725 omnibus
3789 2674 3968 2740 jttSilS

708 2774 912 2832 anima,
953 2780 1006 2824 et
1048 2784 1275 2836 corpore
1316 2767 1425 2820 Deo
1454 2782 1513 2820 se
1541 2765 1740 2818 oﬂ‘erre
1770 2772 2010 2832 oportet.
2047 2762 2111 2814 Et
2158 2777 2281 2814 eur-
2387 2771 2416 2807 a
2452 2757 2736 2811 laboribus
2769 2760 2886 2812 suis
2934 2760 3253 2828 requiescit,
3302 2772 3354 2815 et
3404 2773 3486 2817 est
3533 2764 3584 2816 in
3635 2764 3842 2817 infinito
3901 2781 3969 2818 ac

709 2865 950 2934 ροηιριη
1001 2860 1222 2930 quidem
1277 2857 1729 2915 exercitationem
1785 2863 2006 2924 propter
2060 2854 2278 2906 virtutis
2387 2848 2574 2902 divino
2608 2852 2836 2914 lumine,
2893 2851 2983 2904 ubi
3033 2854 3408 2920 apostolorum
3463 2855 3696 2919 Christi,
3757 2868 3969 2928 marty-

706 2957 921 3010 |;.bores
952 2969 1258 3017 assumere,
1295 2962 1354 3005 ut
1397 2950 1616 3019 egregie
1666 2948 1912 3002 molestis
1972 2945 2275 3001 secundum
2387 2956 2533 3004 ritur,
2565 2949 2882 2994 sanctorum
2933 2952 2985 2996 et
3013 2944 3257 2996 omnium
3291 2960 3660 3015 supernarum
3696 2948 3966 3002 virtutum

709 3049 876 3103 Deum
910 3061 1322 3106 assuescamus,
1355 3052 1405 3098 et
1435 3044 1674 3095 feramus
1702 3039 1934 3109 ingenue
1969 3038 2274 3089 amaritiem
2386 3033 2610 3087 ordines
2640 3049 2745 3085 una
2785 3033 2970 3088 choris
3006 3035 3312 3101 indulgent.
3415 3038 3568 3091 llune
3599 3039 3788 3107 itaque
3843 3049 3963 3092 sta-

701 3140 917 3210 jejnnii,
958 3137 1326 3190 dillicultatem
1358 3132 1738 3195 continentiae,
1771 3130 2158 3183 necessitatem
2196 3129 2276 3180 vi-
2306 3167 2350 3223 ε
2391 3135 2527 3187 tum,
2582 3123 2781 3177 fratres
2843 3125 2894 3176 in
2939 3125 3184 3190 Christo,
3238 3143 3338 3180 nos
3373 3144 3590 3197 quoque
3625 3131 3967 3197 COItIplt'Clﬂ-

706 3235 984 3302 giliarum,
1025 3227 1336 3281 aliiictionis
1390 3239 1552 3278 omne
1602 3238 1776 3291 genus
1811 3239 1825 3276 :
1859 3221 2061 3289 pietate
2097 3228 2276 3272 autem
2314 3215 2349 3223 “
2387 3230 2508 3267 mur
2546 3233 2612 3269 ne
2639 3217 2848 3270 sanctis
2883 3215 3141 3270 Patribus
3175 3221 3379 3273 nostris
3406 3221 3695 3276 inferiores
3729 3225 3911 3277 simus
3949 3241 3964 3276 :

707 3324 931 3393 spiritus
961 3320 1176 3373 erudire
1203 3318 1440 3369 animam
1465 3318 1530 3369 ad
1561 3314 1880 3382 sapiendum
1915 3327 2035 3380 qua:
2065 3319 2280 3378 oportet
2384 3308 2479 3360 sed
2516 3317 2572 3360 ut
2610 3322 2704 3376 per
2741 3310 3191 3362 exercitationem
3249 3328 3428 3364 rerum
3486 3315 3872 3375 benestarum,
3908 3326 3969 3370 et

709 3430 926 3485 sapere,
979 3419 1030 3464 ct
1083 3409 1452 3463 meditandam
1507 3420 1725 3472 semper
1778 3406 1942 3456 vitam
1993 3411 2279 3463 aeternam,
2385 3414 2482 3466 per
2519 3399 2889 3451 obedientiam
2947 3400 3151 3453 Christi
3203 3403 3607 3468 mandatorum,
3662 3406 3715 3456 in
3774 3407 3966 3457 virum

706 3521 830 3560 esse
883 3502 1170 3564 humilem,
1216 3501 1424 3557 mitem,
1483 3497 1804 3561 contritum,
1863 3503 2278 3562 compunctum,
2384 3489 2688 3555 perfectum
2715 3489 3032 3553 evadamus,
3077 3492 3128 3542 in
3170 3507 3478 3546 mensuram
3509 3497 3688 3548 anatis
3723 3496 3971 3563 plenitu-

707 3598 976 3667 lugentem
1014 3593 1258 3657 assidue,
1295 3598 1348 3643 et
1378 3590 1556 3642 lucem
1594 3586 1824 3654 Spiritus
1863 3599 1955 3653 per
1988 3597 2178 3650 preces
2213 3580 2277 3630 ad
2384 3580 2528 3633 «linis
2559 3580 2763 3633 Christi
2792 3581 2833 3634 ³.
2883 3581 3030 3634 Nihil
3088 3582 3231 3634 enim
3287 3586 3562 3650 prohibet,
3615 3588 3660 3638 si
3699 3589 3966 3642 velimus.

707 3705 766 3744 se
793 3688 1122 3745 elicientcm,
1170 3698 1290 3751 quae
1323 3689 1376 3733 et
1417 3681 1611 3732 adesse
1651 3677 1726 3728 illi
1759 3691 1855 3743 per
1896 3671 2275 3742 poeiiitcntiam
2385 3671 2474 3725 Sic
2506 3681 2559 3726 et
2601 3672 2766 3725 Deum
2802 3673 2961 3727 nobis
2992 3674 3127 3741 ipsis
3159 3676 3619 3742 gloriﬁcabimns,
3651 3689 3703 3730 et
3737 3680 3883 3733 Deus
3937 3696 3965 3732 1

707 3780 1172 3835 [υττεηιίδείιηεηι
1243 3787 1601 3833 consuevere,
1644 3780 1884 3837 purgatze
1932 3781 2028 3834 per
2083 3763 2280 3817 uberes
2385 3763 2540 3817 nobis
2583 3764 2772 3816 ltetitia
2803 3763 3086 3827 aflicietur,
3118 3775 3168 3818 et
3194 3781 3259 3818 ex
3295 3766 3397 3820 hac
3437 3768 3548 3820 vita
3580 3769 3966 3835 demigrantes

708 3876 1001 3943 lacrymas,
1039 3871 1157 3924 sine
1190 3868 1392 3936 quibus
1429 3878 1527 3916 nec
1565 3862 1804 3914 tunicam
1845 3859 1965 3926 ejus
2002 3855 2276 3918 mundari,
2381 3871 2505 3909 eum
2543 3855 2906 3918 inveniemus,
2933 3858 3023 3925 qui
3050 3873 3148 3909 nos
3172 3869 3229 3910 ut
3273 3875 3500 3928 magnus
3536 3862 3768 3915 Abrahae
3797 3864 3968 3917 sinus

709 3982 810 4022 nec
849 3967 901 4018 in
935 3965 1165 4018 sublime
1217 3955 1703 4026 contemplationis
1738 3970 1856 4008 eam
1894 3954 2187 4006 ascendere
2219 3950 2283 4002 li-
2381 3949 2435 4003 in
2472 3963 2636 4016 regno
2694 3949 2959 4008 caelorum
3004 3952 3263 4018 excipiat,
3303 3961 3351 4004 et
3395 3953 3597 4006 foveat.
3664 3954 3722 4007 Et
3763 3958 3855 4020 qui
3901 3960 3961 4008 in

708 4067 814 4112 (ιρι,
848 4055 980 4110 Nam
1012 4065 1068 4107 υι
1095 4053 1479 4105 vestimentum
1510 4063 1538 4102 e
1572 4063 1730 4100 emno
1757 4045 2029 4108 alicunde,
2061 4051 2116 4095 et
2143 4051 2282 4094 stcr-
2382 4038 2566 4090 medio
2603 4041 2862 4102 tumultu,
2895 4051 2947 4091 et
2987 4044 3238 4108 strepitu,
3266 4052 3317 4094 et
3343 4044 3436 4110 qui
3486 4043 3539 4096 in
3573 4043 3863 4106 cmuobiis,
3908 4055 3968 4098 et

711 4149 938 4218 quilinio
976 4144 1201 4198 nimium
1256 4137 1874 4210 quantumdeftedaturn
1903 4175 1918 4195 .
1963 4135 2066 4188 nisi
2137 4149 2278 4203 aqua
2381 4131 2471 4197 qui
2510 4129 2563 4181 in
2601 4131 2898 4190 montibus,
2935 4146 2995 4183 ac
3026 4132 3304 4199 speluncis
3357 4143 3506 4197 sunt,
3571 4135 3967 4205 mandatisque

714 4239 905 4301 multa,
935 4245 987 4290 et
1019 4235 1211 4289 crebro
1241 4232 1474 4302 pedibus
1505 4230 1778 4288 calcatum
1826 4242 1934 4280 non
1972 4237 2234 4294 purgatur
2262 4241 2276 4277 :
2380 4220 2584 4274 Christi
2613 4224 3003 4276 convenienter
3034 4224 3242 4287 vivunt,
3293 4226 3596 4286 salvantur,
3649 4236 3699 4279 et
3736 4231 3964 4294 magnis

714 4347 794 4387 ste
827 4350 879 4385 et
907 4331 1100 4382 anima;
1132 4327 1302 4379 vestis
1341 4339 1408 4378 ex
1450 4323 1604 4385 luto,
1663 4331 1716 4375 et
1765 4319 2117 4386 sterquilinio
2155 4332 2280 4387 pec-
2381 4330 2409 4368 a
2446 4313 2555 4367 Deo
2584 4313 2746 4366 donis
2778 4314 3078 4382 dignantur
3117 4333 3129 4367 :
3173 4312 3508 4370 Voluntatem
3563 4318 3699 4368 enim
3757 4319 3962 4374 timen-

714 4424 980 4477 ratricum
1043 4419 1398 4473 alfectionum
1449 4421 1691 4484 turpata,
1742 4414 1842 4467 nisi
1891 4427 1985 4481 per
2044 4411 2275 4464 ubertim
2383 4406 2512 4456 tium
2556 4420 2610 4456 se
2637 4404 2820 4472 faciet,
2859 4414 2909 4457 et
2948 4406 3361 4473 deprecationem
3391 4425 3570 4460 eorum
3608 4412 3878 4475 exaudiet,
3911 4424 3965 4467 et

711 4514 943 4567 fluentes
975 4510 1267 4580 laerymas,
1307 4507 1804 4574 tentationnmque,
1861 4511 1918 4557 et
1965 4502 2272 4556 tribulatio-
2310 4513 2353 4568 ι)
2383 4495 2606 4550 salvabit
2630 4512 2716 4549 eos
2745 4496 2784 4550 ⁸.
2819 4496 2915 4552 Ubi
2953 4499 3136 4562 timor,
3172 4500 3246 4551 ait
3270 4498 3491 4553 divinus
3522 4500 3840 4571 Gregorius,
3882 4507 3963 4558 ibi

711 4621 842 4660 num
895 4601 1242 4654 tolerantiam
1297 4613 1325 4650 a
1359 4597 1614 4651 sordibus
1666 4609 1771 4648 non
1824 4592 2084 4646 abluitur.
2141 4589 2274 4643 Nam
2379 4589 2765 4642 mandatorum
2799 4591 3079 4654 custodia;
3118 4592 3211 4645 ubi
3253 4593 3632 4647 mandatorum
3667 4600 3962 4661 custodia,

712 4712 835 4749 cum
870 4709 898 4746 a
929 4691 1181 4760 eorp0ris
1220 4689 1388 4742 nostri
1439 4687 1750 4741 substantia
1785 4685 2112 4738 naturaliter
2158 4684 2279 4736 dote
2380 4679 2451 4732 ibi
2478 4683 2662 4733 carnis
2688 4682 3368 4750 purgatio;nempenubis
3396 4685 3806 4740 obtenebrantis
3831 4690 3965 4743 ani-

712 4788 982 4840 ﬂuxiones
1017 4784 1310 4845 exsistant,
1349 4795 1453 4832 una
1493 4778 1737 4846 superior
1769 4777 2157 4845 lacrymarum,
2196 4777 2244 4828 al
2380 4788 2549 4836 mam,
2593 4787 2696 4826 nec
2731 4775 2969 4828 sitientis
2998 4774 3242 4828 divinum
3278 4776 3495 4829 radium
3546 4778 3690 4830 clare
3722 4783 3964 4835 intueri.

715 4889 830 4931 tera
863 4874 1110 4933 inferior,
1145 4887 1171 4924 a
1210 4872 1466 4923 facultate
1503 4868 1727 4938 genitali
1773 4887 1786 4923 :
1828 4874 1881 4921 et
1909 4868 2023 4920 haec
2057 4867 2274 4934 quidem
2380 4868 2484 4924 Ubi
2520 4869 2797 4936 purgatio,
2852 4869 2925 4922 ibi
2966 4869 3315 4925 illuminatio.
3373 4870 3704 4926 lllnminatio
3764 4889 3962 4932 autem

712 4967 756 5019 si
795 4974 982 5017 centra
1027 4977 1186 5029 quam
1221 4971 1432 5021 natura,
1473 4969 1525 5012 et
1560 4958 1768 5024 legibus
1815 4957 2119 5009 insxitutum
2169 4964 2276 5010 est.
2379 4959 2635 5013 desiderii
2662 4961 2900 5028 impletio
2934 4961 3042 5023 his,
3076 4962 3166 5028 qui
3201 4964 3462 5024 maxima.
3490 4975 3582 5016 aut
3625 4981 3963 5034 mastmum,

711 5060 825 5119 fiat,
868 5055 1103 5106 animam
1163 5052 1537 5113 contaminet;
1588 5050 1702 5112 illa,
1753 5049 1797 5102 si
1835 5063 1901 5101 ex
1938 5049 2278 5115 pmnitndine
2381 5062 2473 5106 aut
2505 5054 2791 5122 plusquam
2827 5069 3083 5121 magnum
3112 5064 3391 5123 appetunt.
3435 5053 3622 5123 Itaque
3673 5071 3796 5109 cttm
3833 5059 3964 5115 haec

715 5151 995 5220 procedat,
1035 5147 1282 5200 eamdem
1324 5153 1534 5214 purget,
1583 5159 1678 5196 eos
1707 5144 1797 5212 qui
1850 5144 2183 5206 turbulenta,
2226 5152 2280 5197 et
2381 5144 2539 5207 dixit,
2582 5145 2740 5197 linem
2780 5160 2886 5198 non
2917 5146 3076 5198 finem
3112 5161 3235 5199 esse
3278 5149 3457 5200 omnis
3489 5148 3685 5200 anima:
3739 5149 3966 5204 illumi-

713 5258 834 5296 cnm
891 5249 1114 5309 peccato
1146 5239 1440 5304 conjuncta
1472 5237 1652 5288 cordis
1689 5235 1948 5295 nimione,
2006 5235 2275 5301 cupidita-
2383 5239 2658 5291 nationetn
2704 5237 2938 5305 Spiritus
2965 5238 3312 5305 significavit,
3343 5253 3504 5307 quam
3533 5240 3760 5307 adeptus
3793 5245 3963 5312 quis,

714 5347 824 5388 tum
863 5347 889 5383 a
924 5330 1132 5382 ratione
1157 5331 1457 5382 alienarum
1488 5328 1688 5379 formas
1711 5327 1811 5379 sibi
1846 5326 2272 5390 insculpserunt,
2383 5333 2542 5386 finem
2591 5331 2836 5398 quidem,
2873 5339 2927 5384 et
2964 5340 3265 5385 extremum
3323 5331 3662 5384 sensibilium
3698 5337 3962 5389 omnium

715 5441 764 5482 gl
822 5430 894 5480 ίιε,
959 5429 1196 5480 animum
1269 5425 1648 5491 inqttinal'tllll,
1715 5421 1965 5488 plurimis
2019 5420 2274 5490 laerytnis
2383 5423 2819 5492 comprehendit,
2857 5423 3183 5490 principium
3219 5432 3400 5475 autem
3437 5424 3774 5490 Cognitionis
3831 5431 3965 5496 spi-

713 5521 986 5583 ntnndari,
1021 5521 1369 5584 tunicamque
1402 5518 1593 5569 animae
1615 5516 1958 5584 purissimam
1988 5529 2273 5584 acquirere
2381 5518 2660 5571 ritualium
2691 5516 2913 5568 invenit.
2950 5514 3314 5580 Quamobrem
3348 5516 3423 5569 uti
3454 5531 3674 5569 cursum
3715 5522 3962 5574 manda-

713 5623 944 5684 (pert-vt.
984 5613 1197 5678 Alioqui
1239 5610 1419 5662 videre
1452 5607 1643 5673 Deum,
1672 5610 1846 5676 ipsum
1883 5609 2084 5674 lumen,
2118 5605 2264 5676 quod
2383 5619 2561 5664 torutt:
2597 5607 2800 5662 Christi
2839 5610 3106 5675 patienter
3152 5609 3450 5667 laborando
3477 5611 3714 5665 curratis
3741 5625 3863 5679 oro,
3901 5627 3960 5671 et

786 5796 804 5826 ⁸
833 5798 958 5848 Aet.
1018 5811 1068 5855 v,
1137 5793 1158 5844 l
1217 5807 1369 5860 seqq.
1451 5792 1470 5820 ’
1500 5788 1691 5841 Matth.
1730 5806 1776 5850 τ,
1816 5791 1866 5843 8.
1948 5794 1963 5818 ‘
2003 5793 2197 5860 Fpirrs.
2233 5809 2305 5856 l\',
2357 5792 2440 5843 Η.
2516 5790 2533 5820 ⁵
2569 5790 2710 5842 l‘sal.
2747 5804 2922 5852 C!.LlY,
2968 5788 3052 5845 19.
