4156 6340
270 322 369 383 461
1592 322 1824 382 ΟΙῖΛΤΙ

1929 323 2171 384 (XVIII.
3383 325 3489 390 462

273 437 438 491 facies
471 443 666 491 vestrae
705 450 813 490 non
863 434 1274 492 confundentur
1308 455 1323 493 :
1361 438 1457 494 sed
1505 441 1646 494 sicut
1679 441 1906 499 cuili-A
1948 444 2276 499 invocanaut
2329 459 2413 498 me
2471 455 2707 512 semper.
2793 441 2971 507 Mane,
3045 445 3219 516 inquit
3299 449 3483 514 David,

271 529 361 582 bet
397 528 683 594 patienter,
718 536 1145 596 coastanlerque
1175 529 1421 598 pulsanti
1457 539 1642 600 portas
1673 532 1826 601 regni

270 620 355 674 sui
386 620 578 686 aperit,
604 629 657 674 et
683 619 775 672 dat
805 619 1014 689 petenti
1045 621 1308 689 Spiritum
1346 631 1579 688 rectum,
1617 633 1670 676 et
1698 638 1828 677 san-

269 709 600 773 ctissimum,
633 724 734 764 nec
760 709 872 763 ﬁcri
908 719 1102 780 potest,
1145 721 1200 764 ut
1234 719 1346 766 tota
1374 712 1552 766 anima
1580 728 1828 782 quaerens

270 817 384 855 non
418 802 681 865 inveniat,
716 809 771 854 ct
819 802 1053 857 ditescat
1087 802 1294 857 divitiis
1351 805 1614 858 donorum
1665 806 1824 874 ejus:

266 893 350 947 sic
389 903 439 946 et
471 906 564 945 nos
592 893 643 944 in
677 893 836 946 bonis
859 891 978 961 ejus
1008 892 1399 954 inelfabilibus,
1431 909 1576 948 nunc
1608 897 1827 965 quidem

267 1001 332 1037 ex
367 995 536 1052 parte,
573 999 694 1036 cum
721 983 1100 1052 intelligentia,
1129 994 1181 1038 et
1213 986 1527 1055 cognitione
1563 997 1828 1056 praestan-

264 1076 509 1140 tiorutn;
549 1075 602 1126 in
647 1075 831 1127 futuro
872 1083 1049 1128 autem
1103 1077 1306 1129 satculo
1357 1075 1591 1145 perfecte
1618 1087 1672 1132 et
1702 1093 1831 1132 con-

267 1175 539 1217 summate
589 1178 714 1216 cum
753 1165 961 1218 sanctis
1009 1166 1269 1222 omnibus
1323 1167 1551 1223 delicias
1609 1179 1829 1224 nostras

267 1258 588 1310 halcatnus.
627 1255 851 1309 Elerna
900 1259 1098 1327 quippe
1134 1258 1273 1324 bona
1301 1274 1328 1311 a
1363 1259 1473 1314 Deo
1524 1261 1736 1323 electis,
1779 1271 1832 1315 et

265 1349 549 1401 salvandis
583 1348 776 1416 partim
804 1348 912 1416 jam
947 1365 1094 1402 nunc
1140 1350 1363 1419 pignora
1424 1349 1646 1418 dantur,
1697 1353 1831 1430 ipsi;

265 1441 574 1509 proposita,
614 1439 875 1503 revelata,
939 1443 1282 1507 apparentia,
1336 1449 1391 1495 et
1441 1443 1580 1503 visa,
1635 1445 1828 1513 partitn

266 1540 392 1602 post
427 1539 682 1593 mortem,
712 1540 766 1582 et
803 1531 1260 1584 resurrectionem
1281 1532 1627 1600 contingunt.

344 1622 546 1673 Discite
582 1622 766 1690 igitur,
802 1621 983 1674 dilecti
1041 1620 1259 1683 fratres,
1328 1622 1646 1678 thesaurum
1686 1626 1834 1680 inex-

263 1713 597 1782 plicabilem,
653 1729 814 1779 super
844 1728 1055 1767 omnem
1092 1715 1456 1784 principatum
1515 1725 1567 1769 et
1595 1725 1831 1785 potesta-

267 1815 402 1865 tem,
454 1803 612 1867 cujus
660 1802 1030 1856 hereditatem
1089 1782 1222 1870 justi
1257 1782 1458 1859 adituri
1523 1782 1671 1872 sunt,
1723 1825 1829 1863 non
1862 1782 1902 1835 Β

265 1895 320 1947 itt
357 1895 542 1947 futuro
575 1899 776 1949 saeculo
811 1896 1091 1958 duntaxat,
1145 1894 1238 1948 sed
1281 1897 1391 1963 jam
1437 1897 1836 1965 quodammodo

263 1997 393 2040 ante
428 1988 640 2052 oculos,
686 1995 740 2041 et
776 2003 988 2051 manus,
1023 1998 1076 2040 et
1131 1986 1296 2056 pedes
1340 1999 1559 2042 nostros
1591 1989 1839 2058 proposi-

264 2086 382 2129 tum
410 2092 534 2130 esse
560 2094 573 2140 ;
603 2094 762 2147 quem
794 2093 891 2134 nos
928 2080 1122 2132 anima!
1144 2080 1329 2133 oculos
1363 2096 1473 2149 pra:
1505 2082 1833 2150 ignorantia,

262 2168 613 2234 inﬁdelitate,
658 2187 820 2225 sensu
852 2174 1350 2240 perturbationum,
1403 2177 1561 2243 quasi
1599 2162 1832 2246 quadam

262 2263 500 2331 caligine
529 2263 709 2328 otiosi,
745 2272 800 2318 et
856 2267 1068 2329 ctecati,
1101 2282 1208 2320 non
1285 2267 1530 2323 videmus
1560 2287 1573 2324 :
1620 2268 1832 2335 Venite,

259 2356 472 2408 credite
531 2356 848 2409 thesaurum
905 2358 1091 2421 istum,
1153 2372 1311 2426 quem
1366 2358 1520 2412 vobis
1574 2361 1829 2427 praedico,

260 2448 454 2500 lumen
489 2447 673 2500 tnundi
712 2462 832 2502 esse
867 2465 880 2502 :
919 2447 1028 2517 Ego
1069 2466 1182 2502 sum
1229 2451 1538 2502 resurrectio
1578 2459 1626 2503 et
1662 2451 1832 2505 vita”.

258 2536 375 2607 Ego
416 2555 533 2591 sum
574 2557 791 2609 granum
825 2542 1029 2607 sinapis
1066 2543 1107 2605 ⁸,
1147 2543 1288 2610 quod
1340 2543 1393 2594 in
1431 2543 1834 2596 terravabscon—

257 2631 432 2683 ditur.
471 2631 582 2700 Ego
634 2647 756 2686 sum
786 2635 1078 2700 margarita
1112 2634 1156 2697 ’,
1204 2649 1324 2701 quze
1360 2648 1388 2685 a
1421 2635 1671 2688 lidelibus
1701 2635 1836 2688 etni-

258 2731 373 2775 tur.
433 2723 542 2789 Ego
571 2740 691 2778 sum
731 2741 943 2793 regnum
1003 2724 1247 2777 caelorum
1277 2725 1322 2786 ⁸,
1375 2727 1514 2794 quod
1563 2727 1700 2780 intra
1741 2742 1835 2782 vos

257 2814 415 2868 latet.
452 2815 518 2868 Et
569 2815 1034 2883 quemadmodum
1093 2831 1288 2870 cernor
1363 2817 1548 2871 abhis
1597 2819 1686 2886 qui
1749 2835 1834 2874 me

256 2919 408 2957 nunc
488 2905 848 2972 quzcsiel‘unt,
926 2913 980 2958 et
1065 2907 1549 2962 inveneruntzsic
1595 2909 1830 2977 fulgebo,

255 2995 310 3045 in
350 2994 478 3057 illis,
517 3005 571 3046 et
604 3010 768 3061 super
807 3009 998 3048 omnes
1055 2996 1226 3049 caelos
1259 2997 1524 3050 residens.
1587 3000 1697 3067 Ego
1737 2999 1830 3068 qui

252 3084 423 3136 etiam
476 3085 562 3135 hic
613 3093 811 3136 natura
846 3099 872 3136 a
908 3082 1063 3138 vobis
1129 3099 1236 3138 non
1289 3087 1499 3155 capior,
1561 3087 1898 3174 etinvisi-C

256 3174 388 3227 bilis
437 3174 650 3235 videor,
693 3189 798 3226 non
870 3182 1111 3241 quantus
1186 3189 1304 3228 sum
1371 3191 1456 3230 tne
1509 3178 1825 3239 ostendens,

252 3281 573 3336 quanquam
611 3274 757 3320 totus
794 3281 988 3318 maneo
1015 3266 1107 3335 qui
1139 3282 1281 3327 sum,
1315 3266 1442 3320 dum
1471 3268 1696 3335 videor;
1736 3269 1827 3323 sed

252 3367 527 3424 quantum
593 3371 680 3407 me
733 3355 1034 3408 videntium
1090 3363 1392 3418 natura,et
1441 3359 1612 3410 virtus
1661 3342 1826 3426 capit.

253 3447 370 3513 Ego
431 3461 551 3498 sum
622 3445 999 3513 fermentum’,
1063 3445 1209 3514 quod
1289 3455 1574 3514 acceptum
1651 3450 1828 3502 anima

254 3536 408 3586 misit
441 3535 632 3587 intres
673 3543 856 3600 partes
899 3547 1051 3592 suas,
1117 3543 1169 3585 et
1244 3534 1604 3587 t'crtnentat'ttr
1687 3536 1827 3606 ipsa,

254 3633 308 3674 et
343 3633 452 3674 tota
503 3623 634 3673 milii
678 3623 873 3676 similis
921 3623 1172 3676 ellicitur.
1210 3624 1379 3688 Quale
1428 3625 1570 3677 enim
1598 3624 1832 3679 fermen-

257 3728 372 3764 ttzm
404 3753 418 3775 ,
460 3714 584 3766 talis
617 3712 671 3765 fit
701 3714 864 3766 etiam
926 3712 1122 3778 farina,
1160 3729 1283 3781 quae
1339 3713 1465 3767 huic
1495 3730 1616 3768 cum
1663 3730 1825 3783 aqua,

253 3816 309 3859 ct
345 3805 458 3857 sale
495 3807 759 3860 tuiSt-etnr
786 3845 799 3858 .
853 3803 955 3869 Qui
1011 3799 1181 3869 enim,
1223 3805 1419 3875 inquit,
1480 3822 1691 3861 mecum
1720 3815 1823 3870 est,

255 3895 640 3948 coanaturalis
684 3895 844 3948 Pater
890 3910 1061 3956 meus,
1109 3905 1162 3947 et
1203 3895 1322 3964 ejus
1355 3895 1614 3964 Spiritus,
1645 3897 1827 3952 idonei

254 3993 450 4035 natura
522 3991 671 4042 sunt,
750 3991 807 4035 ut
857 3997 955 4050 pro
1012 3997 1176 4052 aqua,
1231 3993 1286 4037 et
1351 3985 1466 4040 sale
1509 3987 1643 4040 sint.
1713 3986 1826 4056 Ego

252 4088 357 4141 pro
392 4072 642 4125 sensibili
686 4071 1047 4140 intelligibilis
1113 4074 1400 4142 paradisus
1448 4079 1622 4132 servis
1687 4080 1824 4132 meis

252 4167 442 4214 tactus
497 4177 643 4222 smn,
690 4162 741 4213 in
773 4177 880 4228 quo
914 4163 1123 4216 colloco
1180 4179 1372 4220 omnes
1420 4167 1704 4222 credentes
1767 4171 1824 4225 in

254 4269 365 4316 tne,
407 4265 464 4308 et
504 4264 853 4324 regeneratos
883 4269 975 4323 per
1009 4255 1305 4324 Spiritum:
1336 4257 1426 4325 qui
1458 4272 1682 4326 peccare
1711 4275 1826 4314 am-

252 4344 398 4412 plius
431 4360 542 4397 non
597 4357 862 4414 possunt;
938 4360 1038 4400 nec
1107 4349 1361 4416 princeps
1417 4349 1579 4418 hujus
1634 4354 1821 4406 mundi

1929 533 2122 584 exaudi
2150 548 2230 585 me
2271 524 2333 586 ‘°.
2377 530 2534 585 Mane
2574 532 2758 585 astabo
2812 534 2908 586 tibi
2979 545 3028 588 et
3093 537 3268 591 videbo
3297 541 3361 595 “.
3427 542 3490 596 Et

1930 622 2070 676 alius
2103 640 2118 676 :
2151 622 2293 677 Tunc
2320 631 2547 689 erumpet
2584 625 2735 692 quasi
2762 641 2914 679 mane
2940 627 3114 680 lunten
3143 639 3308 693 tuum,
3337 642 3384 686 et
3405 651 3492 687 δα.

1931 714 2070 766 nitas
2113 724 2203 766 tua
2239 716 2392 769 citius
2422 715 2624 768 orietur
2661 716 2724 779 ",
2761 717 2977 785 quando
3026 727 3080 772 ct
3139 728 3194 772 ιιι
3241 721 3490 780 videlicet

1934 803 2189 858 mandata
2219 821 2336 859 mea
2378 805 2765 860 custodiveris.
2797 807 2860 860 Et
2889 809 3014 878 qttid
3075 811 3270 866 attinet
3310 815 3492 868 omnia

1931 911 2272 964 percensere,
2324 913 2444 965 quae
2486 897 2631 954 Deus
2679 899 2871 956 salutis
2913 913 3109 956 nostra:
3171 905 3360 961 sitiens
3424 907 3488 959 ad

1931 1002 2033 1041 nos
2081 989 2369 1058 loquitur?
2408 991 2512 1047 nisi
2566 993 2814 1057 omnino,
2863 1006 2922 1048 ut
2953 1011 3046 1065 per
3080 999 3259 1050 omnia
3285 1015 3492 1068 cogno-

1934 1079 2102 1133 scatis
2145 1090 2199 1134 et
2272 1082 2530 1154 credatis,
2587 1083 2841 1138 sedentes
2893 1087 2946 1139 in
2999 1087 3239 1142 tenebris
3309 1093 3490 1160 magni

1931 1169 2154 1226 luminis
2188 1171 2449 1241 fulgorem
2519 1177 2708 1231 videre
2750 1188 3022 1244 oportere,
3071 1180 3113 1232 sl
3192 1180 3492 1250 quidquam

1931 1263 2138 1316 vident.
2187 1265 2251 1318 Et
2297 1281 2362 1318 tte
2408 1268 2499 1335 qui
2537 1270 2603 1322 de
2645 1267 2798 1321 vobis
2835 1268 3086 1335 cogitent,
3125 1269 3344 1325 fulsisse
3371 1273 3494 1340 qui-

1931 1353 2082 1418 dem,‘
2100 1355 2193 1409 sed
2225 1358 2315 1426 qui
2344 1357 2522 1412 adhuc
2543 1360 2835 1428 incorpore
2865 1368 2990 1413 sunt
3018 1361 3285 1426 homines,
3317 1364 3495 1431 ipsum

1937 1449 2123 1502 videre
2165 1465 2272 1504 non
2323 1465 2498 1518 posse.
2533 1449 2586 1502 Si
2611 1446 2755 1504 cnim
2808 1447 2908 1505 hoc
2955 1453 3068 1504 fieri
3106 1468 3208 1506 non
3251 1463 3482 1519 poterat,

1937 1537 2066 1608 quid
2114 1539 2270 1597 luxit,
2311 1547 2365 1593 et
2407 1538 2551 1594 lucet
2579 1537 2773 1603 adhuc,
2811 1555 2931 1593 cum
2981 1541 3047 1593 ab
3079 1542 3157 1596 eis
3207 1557 3312 1594 non
3363 1555 3484 1593 ecr-

1933 1628 2141 1682 natur?
2185 1627 2297 1684 Imo
2333 1645 2462 1684 vero
2500 1631 2682 1684 lumen
2734 1645 2950 1701 semper
3004 1639 3143 1692 erat,
3203 1639 3255 1684 et
3286 1646 3496 1700 semper

1933 1716 2093 1781 luxit,
2131 1727 2183 1772 et
2215 1720 2360 1773 lueet
2409 1718 2461 1773 in
2538 1720 2623 1774 his
2652 1722 2742 1790 qui
2783 1721 2998 1790 purgati
3051 1729 3199 1782 sunt,
3252 1720 3385 1774 etin
3421 1731 3498 1773 te-

1938 1809 2119 1865 nebris
2140 1810 2456 1878 apparebat,
2481 1821 2536 1865 et
2571 1813 2807 1866 tenebrai
2826 1811 2878 1865 id
2921 1827 3030 1864 non
3073 1797 3501 1880 comprehende-

1937 1899 2068 1952 bant
2099 1899 2161 1952 ”.
2205 1899 2271 1952 Et
2319 1916 2464 1955 nunc
2531 1903 2691 1966 lucet,
2739 1911 2793 1961 et
2844 1905 3077 1956 tenebrae
3120 1903 3172 1956 id
3201 1919 3306 1956 non
3341 1919 3492 1957 com-

1937 1989 2300 2058 prehendunt,
2358 1991 2471 2045 sive
2506 2007 2615 2046 non
2647 2002 2893 2061 tangunt.
2937 1995 3091 2060 Quod
3124 2005 3303 2048 autem
3338 1996 3495 2060 dixit,

1936 2081 2063 2148 quia
2097 2090 2273 2134 ortum
2301 2089 2384 2135 est
2408 2081 2608 2150 popqu
2655 2085 2866 2137 sedenti
2894 2086 2946 2137 in
2978 2085 3281 2148 tenebris“,
3317 2086 3372 2140 id
3391 2093 3496 2149 est,

1937 2173 2097 2227 modo
2135 2175 2401 2243 placuisse
2443 2176 2663 2230 revelari
2707 2177 2772 2230 iis
2811 2178 2862 2230 in
2907 2178 3105 2246 quibus
3162 2189 3216 2233 et
3276 2180 3499 2234 manife-

1937 2273 2135 2316 statur.
2180 2263 2286 2317 Alii
2323 2267 2466 2318 enim
2525 2264 2576 2316 itt
2617 2265 2858 2320 tenebris
2890 2274 3190 2329 versantes,
3231 2267 3362 2324 illud
3392 2283 3497 2320 non

1935 2356 2422 2424 comprehendunt.
2495 2356 2784 2410 Invisibilis
2858 2358 3023 2424 enim,
3085 2366 3214 2410 tunc
3278 2357 3496 2426 quidem

1935 2461 2030 2515 per
2057 2462 2256 2513 corpus
2297 2449 2444 2500 visus
2482 2457 2565 2500 est
2593 2448 2866 2512 omnibus,
2899 2448 2988 2516 qui
3021 2458 3494 2517 aspexerunteuut

1934 2539 2283 2593 credentibus
2314 2547 2369 2592 et
2398 2553 2508 2591 non
2550 2537 2919 2594 credentibus.
2978 2539 3149 2592 Etiam
3197 2539 3499 2594 divinitatis

1935 2629 2055 2700 eius
2101 2631 2281 2683 lumen
2334 2631 2613 2695 cegnitum
2669 2637 2724 2682 ct
2780 2629 3076 2682 revelatum
3127 2637 3204 2682 cst
3233 2629 3361 2681 solis
3389 2630 3498 2690 illis

1936 2737 2034 2792 per
2079 2734 2242 2790 opera
2290 2719 2562 2781 fidelibus,
2596 2720 2686 2788 qui
2728 2728 2781 2772 ct
2810 2717 3061 2772 dicebant
3086 2719 3174 2771 ei:
3215 2715 3346 2770 Ecce
3381 2734 3494 2780 nos,

1935 2813 2179 2876 Domine,
2233 2809 2539 2878 reliquimus
2571 2811 2770 2876 omnia,
2802 2819 2852 2863 et
2897 2810 3060 2862 secuti
3129 2826 3309 2861 sumus
3359 2811 3494 2864 te”.

1935 2903 2091 2969 Quod
2130 2904 2227 2966 ait,
2261 2904 2458 2968 omnia,
2492 2917 2555 2955 ea
2587 2917 2717 2955 voce
2766 2901 3045 2971 pecunias,
3088 2900 3487 2969 possessiones,

1935 2995 2262 3058 voluntates,
2309 2991 2678 3060 contemptum
2741 2991 3079 3059 hujusvitaz
3129 2999 3182 3044 et
3216 2991 3497 3050 abomina-

1935 3076 2135 3140 tioneut
2171 3085 2309 3150 ejus,
2351 3092 2568 3152 prOpter
2609 3091 2830 3154 ‘gustum
2880 3082 3224 3136 subsistenlis
3253 3083 3306 3134 in
3337 3082 3494 3135 nobis

1931 3185 1984 3230 et
2022 3187 2236 3231 atternaa
2268 3177 2414 3229 illius
2474 3176 2598 3227 vitae
2654 3175 2968 3241 complexus
3027 3181 3128 3226 est.
3181 3170 3291 3224 lloc
3349 3173 3491 3225 enim

1930 3268 2088 3337 plane
2120 3266 2334 3320 dulcius
2364 3273 2468 3330 est,
2499 3274 2550 3318 et
2579 3264 3012 3330 anteponendum
3041 3262 3314 3325 omnibus,
3349 3262 3493 3330 quod

1931 3366 2014 3413 est
2047 3359 2159 3425 ipse
2196 3355 2354 3409 Deus.
2398 3355 2546 3417 Haec,
2597 3355 2794 3406 fratres
2844 3352 2971 3415 mei,
3008 3362 3134 3406 sunt
3173 3351 3265 3403 Dei
3317 3351 3494 3404 admi-

1932 3447 2142 3500 rabilia.
2176 3444 2530 3498 Misereamur
2561 3444 2743 3510 itaque
2766 3441 2935 3494 nOStri
2991 3441 3232 3508 ipsorum
3283 3455 3487 3508 quaeso,

1931 3547 1984 3593 et
2021 3538 2181 3606 hujus
2218 3536 2338 3589 vitae
2391 3533 2685 3604 participes
2714 3533 2829 3587 fieri
2871 3533 3240 3596 elaboremus,
3264 3547 3382 3603 qum
3407 3543 3492 3587 est

1929 3631 2112 3682 lumen
2151 3626 2265 3690 Dei,
2313 3626 2427 3694 ipse
2482 3623 2716 3692 Spiritus
2757 3634 2996 3687 sanctus,
3057 3625 3138 3678 sui
3194 3625 3489 3692 participes

1929 3717 2294 3782 sanctificans,
2325 3723 2386 3769 et
2422 3714 2552 3768 deos
2583 3729 2675 3782 per
2727 3713 3067 3780 adoptionem
3103 3711 3322 3766 faciens.
3357 3711 3490 3766 Cre-

1929 3809 2123 3862 damus
2156 3816 2269 3860 toto
2304 3806 2488 3861 animo
2520 3807 2574 3858 in
2629 3803 2819 3868 Deum,
2884 3811 3106 3867 terram,
3183 3812 3235 3856 et
3307 3803 3490 3856 omnia

1929 3894 2311 3966 praetereuntis
2350 3894 2743 3958 relinquamus,
2797 3893 2860 3944 ad
2889 3891 3034 3944 illum
3065 3892 3411 3956 accedamus,
3439 3890 3492 3944 ci

1927 3991 2320 4045 adurereamus,
2368 3983 2622 4050 quoniam
2670 3982 2845 4034 adhuc
2887 3981 3173 4044 modicum,
3209 3992 3258 4033 et
3289 3982 3490 4034 coelum

1926 4091 1989 4130 ac
2016 4088 2159 4129 terra
2197 4074 2529 4135 transibunt,
2565 4077 2619 4124 et
2660 4078 2809 4124 extra
2865 4070 3016 4126 illum
3046 4085 3154 4122 non
3185 4078 3267 4125 est
3289 4079 3486 4136 status,

1926 4181 2026 4222 nec
2058 4164 2348 4227 terminus,
2413 4176 2516 4216 nec
2571 4160 2955 4230 comprehendi
2997 4168 3195 4230 potest,
3225 4177 3334 4231 quo
3364 4178 3488 4232 pec-

1925 4265 2136 4311 catores
2163 4253 2434 4309 decidant.
2480 4252 2624 4308 Deus
2673 4251 2814 4306 enim
2869 4247 2990 4320 capi
3021 4267 3126 4305 non
3160 4262 3357 4321 potest,
3389 4269 3487 4310 nec

1925 4347 2202 4402 intellectu
2252 4345 2666 4414 comprehendi.
2697 4345 2830 4409 Quis
2870 4344 3035 4413 igitur
3071 4346 3224 4400 locus
3256 4355 3363 4414 est,
3399 4347 3489 4401 dic

252 4435 558 4504 quidquam
611 4437 900 4491 adversum
935 4437 1056 4492 illos
1117 4438 1279 4492 valet.
1332 4440 1447 4510 Ego
1501 4443 1646 4496 enini
1698 4434 2082 4504 suthnihi,
2118 4452 2284 4506 regno
2307 4437 2427 4505 ejus
2471 4437 2852 4491 excidentium.

251 4526 308 4579 in
343 4528 474 4588 illis.
509 4539 562 4581 et
594 4529 694 4598 ipsi
742 4529 794 4580 in
829 4544 934 4591 me,
991 4538 1046 4583 et
1099 4531 1329 4584 vincunt
1379 4534 1664 4596 mundum,
1690 4536 1818 4602 quia

248 4627 408 4670 extra
443 4621 704 4670 mundum
766 4627 916 4683 sunt,
971 4635 1165 4689 meque
1192 4619 1548 4674 fortissimum
1574 4624 1817 4676 omnium

246 4723 437 4762 secum
495 4709 717 4762 habent.
779 4710 890 4776 Ego
948 4727 1065 4764 sum
1107 4713 1227 4765 fons
1257 4712 1467 4766 lucidus
1495 4712 1820 4769 immortalis

246 4800 440 4854 ﬂuenti
498 4815 563 4855 ac
625 4802 798 4866 ﬂuvii,
861 4803 913 4854 in
958 4818 1066 4870 quo
1114 4819 1222 4858 non
1270 4814 1391 4872 post
1429 4814 1684 4867 mortem,
1717 4804 1813 4859 sed

243 4893 305 4947 in
339 4893 518 4954 horas,
571 4893 663 4962 qui
703 4909 787 4946 me
822 4902 931 4946 toto
975 4902 1202 4962 pectore
1262 4895 1518 4964 diligunt,
1569 4910 1708 4965 aqua
1749 4912 1816 4950 ex

248 4999 340 5038 me
369 4983 646 5037 deﬂuente
687 4985 964 5049 lavantur,
1035 5000 1344 5053 corpusque
1385 4995 1438 5039 et
1486 4987 1718 5039 animam
1751 4989 1820 5040 ab

246 5091 310 5130 ea
341 5075 461 5128 labe
507 5082 765 5144 purgant,
821 5082 874 5126 ct
944 5073 1042 5126 toti
1096 5074 1271 5126 instar
1325 5074 1610 5144 lampadis,
1660 5086 1714 5130 et
1764 5078 1817 5130 in

247 5167 487 5235 Speciem
542 5166 679 5217 radii
710 5165 841 5218 solis
869 5164 1090 5221 micant.
1140 5163 1253 5234 Ego
1281 5179 1399 5219 sum
1436 5168 1527 5235 qui
1553 5167 1604 5220 in
1635 5166 1812 5231 horas,

256 5265 315 5307 ut
356 5269 536 5318 mane,
591 5252 644 5306 iit
692 5253 779 5306 bis
810 5254 1048 5317 exorior,
1089 5263 1143 5308 et
1193 5254 1378 5308 videor
1422 5257 1504 5309 sol
1537 5272 1632 5324 per
1663 5257 1817 5310 intel-

246 5347 485 5408 lectum;
531 5344 672 5397 sicut
725 5344 851 5396 olim
907 5360 1125 5414 quoque
1166 5347 1220 5399 in
1267 5346 1544 5416 prOphetis
1581 5348 1814 5400 manife-

242 5435 455 5487 stabam
493 5435 785 5505 meipsum,
839 5436 1051 5506 ipsique
1100 5438 1344 5494 videntes
1409 5437 1723 5503 laudabant,
1761 5446 1815 5492 et

355 5653 378 5685 ³
410 5649 566 5704 Joan.
595 5667 670 5707 χι.
699 5650 790 5703 9.5.
870 5651 890 5680 ‘
926 5650 1115 5706 Matth.
1145 5669 1296 5714 xxtn,
1341 5655 1428 5706 3|.
1507 5656 1524 5684 ⁷
1561 5653 1692 5707 ΗιὶσΙ.
1727 5657 1810 5707 .tfi.

1996 4527 2174 4597 Cogor
2201 4527 2507 4590 lamentari,
2549 4535 2602 4580 et
2629 4540 2723 4592 cor
2781 4541 2958 4580 meum
2999 4527 3243 4592 comedo,
3274 4537 3328 4583 et
3376 4544 3490 4584 ma-

1926 4635 2102 4686 ceror,
2137 4635 2260 4674 cum
2292 4619 2470 4687 cogito
2528 4617 2820 4671 Dominum
2869 4628 2976 4672 tam
3049 4621 3360 4674 ntnnilicum
3431 4631 3488 4676 et

1928 4713 2245 4775 humanum,
2272 4720 2329 4763 ut
2354 4717 2574 4779 pr0pter
2605 4710 2775 4773 solam
2797 4710 2850 4762 in
2870 4725 2928 4764 se
2945 4710 3102 4764 fidem
3150 4712 3275 4764 talia
3329 4712 3486 4768 nobis

1924 4800 2206 4870 largiatur,
2240 4815 2362 4869 quae
2393 4811 2657 4863 mentem,
2693 4800 2959 4864 auditum,
3015 4810 3068 4854 et
3099 4802 3482 4871 cogitationem

1926 4901 2207 4959 superant,
2240 4905 2339 4944 nec
2368 4891 2419 4942 in
2449 4906 2545 4944 cor
2575 4891 2807 4944 hominis
2838 4889 3200 4945 ascenderunt
3220 4907 3479 4960 unquam;

1925 4995 2017 5033 eos
2057 4992 2236 5053 autem
2273 4982 2417 5034 velut
2445 4981 2643 5035 bestias
2680 4979 2935 5048 praeferre
2971 4991 3164 5034 terram
3201 4983 3397 5047 solam,
3423 4993 3480 5035 et

1923 5081 2156 5134 tet-reita,
2192 5073 2346 5124 nobis
2378 5086 2470 5140 per
2517 5074 2738 5124 multam
2777 5071 3203 5125 misericordiam
3234 5072 3298 5125 ad
3331 5071 3481 5125 sum-

1923 5167 2158 5218 cientem
2186 5165 2430 5232 corporis
2477 5178 2633 5216 usum
2695 5163 2988 5231 impertita,
3029 5173 3087 5216 ut
3141 5178 3205 5217 ex
3256 5164 3341 5217 his
3367 5179 3482 5216 mo-

1922 5255 2106 5308 derate
2140 5266 2191 5307 et
2233 5269 2329 5322 pro
2361 5253 2607 5322 portione
2661 5255 2892 5317 alamnr,
2941 5262 2995 5308 et
3051 5254 3228 5306 anima
3286 5261 3474 5306 nostra

1925 5347 2059 5398 citra
2093 5346 2533 5411 impedimentum
2594 5344 2660 5398 ad
2719 5359 2948 5411 superna
2995 5343 3294 5412 gradiatur,
3357 5345 3473 5412 ipsa

1923 5451 2137 5506 (ιιιοιιιιρ
2171 5434 2519 5489 intellectuali
2562 5442 2716 5506 pastu
2761 5448 2824 5486 ex
2862 5432 3088 5503 Spiritu,
3114 5434 3268 5504 juxta
3318 5448 3474 5489 men-

1886 5655 2063 5708 “Luc.
2107 5671 2233 5715 xvn.
2270 5653 2359 5708 20.
2438 5656 2457 5685 ⁹
2492 5654 2679 5710 Matth.
2709 5672 2831 5721 itttt,
2890 5656 2978 5714 35.
3058 5658 3098 5688 ¹⁹
3126 5656 3273 5714 Psal.
3328 5672 3378 5710 v.
3411 5656 3465 5710 4-

253 5724 294 5755 "
327 5723 467 5776 Ibid.
501 5722 550 5773 5.
633 5721 676 5749 “¹
708 5719 812 5772 lsa.
854 5737 1004 5785 tvm,
1031 5723 1081 5774 8.
1161 5723 1202 5753 ”
1235 5723 1390 5776 Joan.
1428 5739 1465 5788 ι,
1501 5723 1551 5777 5.
1631 5726 1671 5755 ⁸³
1697 5724 1825 5778 λιείω

1929 5725 1968 5778 Ξ.
2050 5726 2092 5756 ¹³
2125 5725 2310 5778 Matth.
2345 5741 2455 5788 nx,
2489 5723 2578 5776 27.

3847 10 4134 128 \\;
