4156 6340
642 327 752 397 163

648 459 840 506 suram
859 444 1198 517 purgationis
1260 454 1316 504 et
1371 454 1635 504 ascensus
1668 448 1776 505 sui
1819 451 2065 503 nutrita.
2109 446 2226 504 Hoc

1879 334 2258 397 SYMEONIS
2297 333 2666 396 IUNIORIS

3795 344 3904 410 ιδι

2340 447 2522 502 noctis
2561 447 2850 517 caliginem
2927 451 3186 507 exoriens
3257 455 3339 510 sol
3395 454 3652 528 dispellit.
3691 459 3766 515 Et
3806 463 3910 516 erit

641 540 791 598 enim
818 547 904 595 est
938 538 1220 606 homo,vet
1258 542 1360 596 hoc
1393 541 1502 600 ﬁne
1547 541 1782 612 conditi,
1804 552 1856 598 et
1897 545 1969 598 ob
2001 543 2149 597 istud
2172 543 2226 597 in
2257 532 2300 589 Α
2331 538 2551 607 proprie
2591 537 2912 597 Deussolos
2958 559 3065 597 non
3127 545 3268 629 potis
3310 548 3433 618 capi
3462 550 3606 605 inter
3661 566 3740 629 ea,
3784 569 3909 622 quia

643 635 912 691 mundum
954 637 1227 706 procreati
1282 633 1496 699 sumus,
1527 641 1590 690 ut
1653 634 1742 689 hic
1798 634 2007 707 paucis
2041 633 2218 690 aﬂ'ecti

643 724 948 791 beneﬁciis,
985 741 1081 796 per
1107 717 1406 798 gratiarum
1448 726 1748 790 actionem,
1809 742 1863 807 et
1896 727 2042 796 pium
2087 741 2218 796 erga

639 814 814 872 Deum
849 816 1125 881 allectum,
1154 816 1480 886 majoribus,
1527 824 1580 871 et
1635 820 1856 874 aeternis
1922 819 2032 873 illic
2096 835 2218 888 per—

633 905 906 961 fruamur.
965 908 1036 961 At
1085 908 1253 973 enim,
1309 908 1446 978 proh
1497 900 1686 965 dolor!
1722 911 1854 964 nihil
1890 925 2115 982 prorsus
2151 911 2218 964 de

632 995 836 1054 futuris
875 998 1122 1063 solliciti,
1173 1000 1368 1069 ingrati
1397 1001 1563 1067 etiam
1626 1002 1692 1058 de
1727 1002 1812 1056 his
1843 1018 2059 1067 smnus,
2093 1018 2214 1072 qua:

631 1087 979 1146 Iit-manibus
1012 1083 1296 1159 habemus,
1337 1101 1393 1147 et
1455 1096 1732 1148 daemones
1779 1095 2078 1158 imitamur,
2129 1093 2214 1148 vel

633 1181 974 1236 daemonibus
1027 1183 1214 1248 etiam,
1253 1186 1301 1239 si
1337 1201 1465 1240 vera
1501 1187 1727 1240 dicenda
1766 1195 1920 1253 sunt,
1973 1186 2214 1240 deterio-

633 1289 719 1328 res
768 1290 985 1330 sumus.
1021 1278 1197 1346 Atque
1253 1277 1464 1332 idcirco
1493 1288 1546 1333 et
1575 1281 1823 1335 atrocius
1877 1279 2210 1348 supplicium

632 1366 790 1420 nobis
822 1364 1069 1428 debetur,
1104 1359 1313 1436 quanto
1352 1379 1405 1424 et
1436 1371 1909 1440 przestantioribus
1929 1371 2209 1428 beneﬁciis

631 1457 897 1512 cumulati
920 1473 1134 1525 sumus,
1187 1469 1242 1513 et
1303 1461 1469 1515 Deum
1540 1471 1760 1532 propter
1813 1477 1915 1516 nos
1970 1463 2206 1516 similem

629 1546 826 1611 nostri,
860 1546 979 1602 solo
1017 1558 1238 1617 peccato
1279 1560 1527 1620 excepto,
1559 1552 2204 1622 factum-cognoscimus,

629 1647 687 1692 ut
730 1652 828 1693 nos
863 1641 930 1693 ah
985 1647 1174 1696 errore
1202 1651 1256 1695 et
1289 1652 1516 1710 peccato
1573 1644 1852 1699 liberaret.
1920 1647 2024 1700 Sed
2074 1646 2206 1715 quid

628 1729 694 1785 de
727 1731 810 1784 his
849 1732 1129 1800 sigillatim
1177 1734 1343 1787 verba
1373 1733 1553 1789 facere
1590 1751 1728 1804 opus
1755 1737 1887 1792 est?
1925 1736 2202 1805 Profecto,

628 1821 793 1874 verbo
841 1829 1052 1876 tantum
1086 1822 1401 1889 credentes;
1432 1823 1588 1878 factis
1636 1840 1922 1896 negamus.
1955 1830 2201 1882 utetiam

2326 645 2437 685 non
2489 633 2801 701 capiuntur,
2866 644 2920 687 et
2974 635 3030 689 in
3110 626 3763 710 inco'mpreltensihilibus
3813 646 3905 700 in-

2326 724 2841 793 comprehensibilis
2896 726 3032 787 solis
3069 727 3253 796 dignis
3281 745 3566 800 apparens,
3626 749 3726 806 pro
3749 734 3906 792 incn-

2326 829 2453 868 sura
2487 814 2605 868 tidei
2661 815 2712 867 in
2777 817 2975 885 ipsum.
3034 818 3368 876 Peccatores
3398 836 3526 876 vero
3555 835 3714 878 erunt
3754 836 3811 880 ut
3847 828 3902 880 in

2326 900 2534 956 lumine
2565 905 2740 972 operti
2773 920 2834 956 ac
2884 908 3202 961 circumfusi
3260 912 3519 976 tenebris,
3573 913 3628 968 in
3704 918 3904 984 gaudio

2322 991 2734 1055 erubescentes,
2771 1003 2825 1048 et
2858 995 2911 1049 in
2973 997 3161 1050 laztit'ta
3203 999 3306 1069 ipsi
3341 1001 3706 1069 tabescentes,
3730 1020 3782 1061 et
3814 1023 3906 1061 ar-

2321 1083 2510 1138 dentes
2543 1085 2894 1151 horribiliter,
2933 1095 2986 1142 et
3018 1090 3247 1145 diversis
3297 1080 3520 1148 suarum
3548 1093 3900 1153 affet-tinuum

2322 1175 2613 1242 generibus
2653 1179 2921 1232 cruciati:
2951 1181 3092 1234 sicut
3167 1183 3374 1241 scilicet
3397 1195 3446 1239 et
3478 1185 3610 1254 justi
3644 1190 3902 1248 alumine

2321 1266 2657 1331 collustrati,
2675 1277 2729 1324 et
2752 1269 2989 1325 diversis
3016 1273 3311 1328 virtutibus
3336 1281 3511 1331 ornati
3535 1282 3899 1349 apparebunt.

2323 1354 2460 1410 Nam
2505 1351 2671 1424 Deus,
2707 1362 2801 1430 qui
2847 1363 3148 1416 secundum
3181 1373 3429 1420 naturam
3468 1385 3624 1423 suam
3658 1373 3899 1429 Charitas

2319 1455 2421 1510 est,
2476 1458 2530 1502 ct
2560 1461 2812 1512 vocatur,
2857 1467 2957 1507 nec
3004 1455 3293 1510 danmatos
3339 1457 3476 1522 odit,
3524 1464 3671 1515 onmi
3701 1463 3898 1519 all‘ectu

2318 1538 2644 1593 naturaliter
2695 1540 2856 1606 liber,
2915 1557 3067 1596 neca
3108 1543 3539 1617 damnatisjure
3583 1553 3707 1605 odio
3734 1555 3899 1608 habe-

2316 1635 2403 1680 tur
2436 1644 2450 1680 :
2493 1629 2590 1683 sed
2620 1631 2950 1699 quibuscum
2981 1644 3171 1689 nostra
3206 1638 3488 1695 voluntate
3536 1652 3591 1696 et
3620 1647 3895 1700 sententia

2314 1719 2368 1771 in
2408 1720 2510 1774 hoc
2552 1722 2753 1776 smculo
2814 1739 3107 1792 pravorum
3185 1729 3494 1783 studiorum
3569 1734 3893 1790 societatem

2311 1810 2599 1880 elegimus,
2638 1829 2763 1868 cum
2816 1815 2900 1871 his
2969 1825 3030 1870 ut
3083 1820 3301 1884 merito,
3354 1831 3404 1875 et
3464 1827 3784 1882 necessario
3836 1828 3893 1882 in

626 1912 817 1966 beatus
886 1911 1088 1969 Paulus
1171 1914 1546 1969 infidelitatem
1604 1894 2012 1986 reprehendens
2073 1919 2195 1974 ait:

2313 1901 2499 1958 futuro
2540 1906 2761 1971 saeculo,
2816 1911 3065 1976 quamvis
3100 1909 3348 1964 nolentes
3396 1912 3589 1979 simus,
3626 1919 3893 1970 eondeu-

624 2003 1037 2074 Conﬁtenturse
1115 2006 1277 2062 Deum
1331 2026 1499 2073 nosse,
1529 2009 1688 2077 factis
1748 2019 1920 2063 autem
1987 2021 2198 2079 negant,

624 2096 943 2162 abominati,
978 2105 1025 2149 et
1062 2098 1412 2164 incredibiles,
1445 2109 1491 2152 et
1527 2100 1594 2152 ad
1663 2117 1811 2154 omne
1842 2117 1969 2170 opus
2009 2102 2198 2154 bonum

625 2188 834 2255 reprobi
863 2189 925 2240 ¹⁸.
952 2190 1032 2241 An
1063 2204 1168 2242 non
1210 2189 1412 2259 ubique
1429 2191 1632 2244 Christi
1667 2207 1864 2246 nomen
1906 2195 2202 2260 personat?

622 2280 679 2332 in
717 2279 967 2344 urbibus,
1022 2280 1076 2334 in
1127 2281 1283 2345 vicis,
1345 2284 1398 2336 in
1454 2282 1743 2348 creuebiis,
1783 2285 1835 2338 in
1894 2287 2196 2340 montibus.

619 2371 835 2438 Quaere,
873 2373 915 2427 si
954 2373 1145 2441 placet,
1175 2383 1228 2428 et
1247 2383 1499 2429 scrutare
1531 2375 1842 2445 diligenter,
1878 2393 1944 2431 an
1979 2389 2199 2432 servent

620 2464 877 2515 mandata
912 2461 1052 2530 ejus,
1099 2473 1152 2516 et
1193 2464 1274 2516 vix
1341 2465 1585 2520 invenies
1660 2483 1825 2520 unum
1861 2485 1889 2521 e
1930 2470 2196 2536 millibus,

620 2562 681 2607 ut
717 2554 948 2608 dilectus
982 2555 1069 2609 ille
1121 2555 1426 2624 discipulus
1470 2556 1708 2612 Joannes
1741 2560 1816 2611 ait
1850 2577 1862 2612 :
1901 2557 2085 2612 Omnis
2105 2559 2195 2625 qui

618 2657 819 2712 peccat,
860 2661 962 2698 non
996 2645 1121 2698 ridit
1156 2645 1342 2710 Deum,
1378 2663 1538 2715 neque
1574 2649 1712 2700 norit
1744 2664 1861 2707 eum
1898 2648 1959 2701 ”.
2000 2647 2064 2700 Et
2098 2650 2198 2700 itc-

623 2749 740 2784 I'Illll
776 2749 789 2785 :
835 2731 1018 2787 Omnis
1063 2735 1152 2802 qui
1185 2735 1314 2802 facit
1351 2747 1646 2802 peccatum,
1704 2753 1767 2788 ea:
1797 2738 2004 2790 diabolo
2029 2739 2189 2793 est“.

619 2822 724 2878 Ubi
763 2825 945 2893 igitur,
984 2826 1125 2878 bona
1175 2842 1294 2892 qua:
1324 2836 1449 2879 snnt
1491 2829 1542 2879 in
1584 2828 1835 2882 inanibus
1869 2830 2073 2882 nostris
2107 2846 2192 2883 re-

619 2917 770 2983 linqu
808 2929 952 2980 ntes,
1001 2917 1258 2970 inanibus
1328 2930 1531 2984 autem,
1595 2932 1646 2974 et
1691 2921 1851 2976 lluxis
1928 2922 2096 2977 dediti
2143 2935 2193 2978 et

617 3007 784 3073 aliixi,
827 3023 975 3078 spent
1008 3010 1318 3065 habemus?

689 3101 758 3156 Ut
817 3118 982 3171 porro
1019 3105 1086 3156 ad
1146 3104 1392 3176 singulos
1447 3107 1672 3160 vanitati
1707 3108 2045 3161 adhaerentes
2079 3125 2192 3162 ser-

616 3207 833 3245 monetn
864 3201 1200 3259 convertam,
1231 3211 1348 3266 age,
1388 3212 1495 3265 quo
1541 3206 1696 3264 pacto
1733 3199 1889 3263 dicis,
1927 3200 2038 3251 iure
2070 3215 2188 3251 Olll-
2218 3226 2260 3282 ο

615 3285 705 3336 nia
751 3285 896 3348 novi,
934 3294 986 3338 et
1020 3302 1103 3339 me
1138 3289 1438 3352 nor-talem,
1470 3302 1522 3341 et
1585 3291 1832 3342 umbram
1890 3306 2009 3344 esse
2070 3308 2190 3359 qua:

617 3375 891 3440 videntur,
927 3385 979 3430 et
1017 3389 1246 3432 mortem
1284 3381 1660 3447 itnprortsam,
1695 3393 1748 3435 et
1792 3383 2015 3450 gloriam
2069 3385 2190 3451 jus-

615 3477 790 3519 tornm
829 3471 1574 3535 retentam,cteonlttsionem
1624 3485 1973 3542 peccatorum
1999 3491 2190 3530 carere

613 3562 736 3624 line,
772 3570 826 3614 et
859 3562 1076 3615 interim
1132 3565 1199 3617 ab
1242 3566 1592 3633 improbitate
1642 3582 1748 3620 non
1817 3569 2077 3621 desistis?
2132 3570 2187 3622 Si

610 3654 753 3707 enim
795 3655 964 3718 vides,
1012 3659 1285 3722 quomodo
1345 3667 1603 3724 tanquam
1656 3674 1834 3712 etecus
1881 3659 1959 3712 Oli
1990 3659 2184 3719 ndens,

611 3751 1332 3814 .‘otumcorpus,totamque
1376 3749 1614 3800 animam
1659 3751 1977 3819 dcuigratus
1999 3751 2097 3804 es?
2130 3752 2184 3804 Si

609 3837 752 3891 nosti
778 3837 1024 3898 ineliora,
1047 3838 1319 3904 quomodo
1349 3841 1504 3907 quasi
1531 3855 1724 3907 expers
1768 3857 1986 3902 sensus,
2031 3844 2184 3896 dete-

610 3927 753 3980 riora
788 3931 1036 3997 sequeris
1070 3931 1090 3981 ?
1126 3930 1183 3982 Si
1244 3932 1384 3984 nosti
1445 3933 1627 3985 omnia
1672 3947 1793 3988 esse
1830 3935 2100 4001 umbram,
2135 3943 2187 3989 et

609 4023 794 4073 omnia
853 4023 1129 4087 praeterire
1204 4038 1325 4090 quae
1386 4025 1663 4087 videntur,
1735 4041 1844 4079 non
1901 4028 2184 4081 erubescis

609 4125 732 4163 cum
769 4114 959 4163 umbra
1009 4114 1310 4173 colludere,
1360 4125 1414 4168 et
1485 4116 1707 4170 liuentia
1780 4133 1878 4184 pro
1926 4121 2184 4174 thesauro

609 4203 910 4270 colligere?
958 4219 1066 4256 non
1121 4204 1363 4258 advortis
1424 4215 1496 4269 te,
1566 4218 1620 4260 ut
1676 4223 1925 4276 puerum,
1987 4212 2040 4263 in
2089 4228 2183 4264 vas

609 4293 958 4345 confractum
993 4294 1211 4349 haurire
1239 4296 1261 4348 ?
1288 4305 1342 4349 et
1373 4306 1424 4351 te
1451 4305 1614 4366 putas
1640 4300 1734 4352 tibi
1758 4302 2178 4356 amicissimum.

606 4380 1009 4435 Perabsurdum
1044 4399 1176 4437 sane
1215 4392 1268 4437 et
1297 4400 1460 4452 grave
1514 4395 1618 4450 est,
1670 4400 1880 4456 putare,
1941 4400 1991 4444 et
2036 4393 2145 4445 eii-

607 4481 657 4524 st
685 4487 872 4535 mare;
955 4488 1080 4524 nam
1151 4489 1246 4542 per
1311 4476 1426 4529 ha-c
1477 4492 1601 4530 esse
1655 4478 1922 4534 aufertur.
1984 4482 2176 4549 Homo,

606 4565 811 4619 eredin‘
841 4563 1119 4618 Christum
1165 4580 1289 4620 esse
1345 4567 1558 4619 Deum?
1605 4567 1662 4621 Si
1695 4571 1895 4634 credis,
1942 4574 2091 4637 time,
2116 4585 2170 4628 et
2212 4560 2252 4613 θ

608 4653 865 4708 inundata
917 4654 1038 4721 ejus
1081 4668 1262 4708 serva.
1322 4656 1380 4707 Si
1439 4673 1544 4709 non
1586 4659 1788 4722 credis,
1855 4668 1908 4714 at
1974 4664 2164 4716 saltem

607 4751 880 4799 tIiBHIOIICS
913 4746 1081 4813 ipsos,
1129 4761 1268 4814 quos
1341 4745 1568 4800 forsitan
1603 4750 1706 4804 tide
1740 4751 2017 4820 digniores
2055 4758 2169 4807 exi—

607 4839 826 4898 stimas,
860 4838 1156 4907 interroga.
1195 4836 1356 4892 Disce
1391 4840 1459 4891 ab
1489 4840 1578 4906 iis,
1612 4855 1640 4892 a
1672 4841 1870 4910 quibus
1909 4844 1960 4898 in
1995 4847 2170 4899 servi-

609 4941 780 4984 tutem
816 4931 1066 4981 reductus
1124 4943 1209 4992 es,
1258 4938 1314 4981 et
1395 4945 1533 4996 quos
1591 4934 1860 4998 sequeris,
1918 4937 2171 5001 quoniam

607 5033 717 5072 non
749 5028 832 5072 est
859 5019 1001 5070 alius
1040 5017 1181 5071 Deus
1213 5028 1408 5083 praeter
1464 5020 1638 5082 illum,
1673 5024 1761 5074 eui
1792 5024 1975 5080 nullus
2033 5027 2176 5078 assi-

606 5110 850 5169 milatnr,
917 5123 1019 5162 nec
1071 5109 1371 5175 comparari
1432 5119 1633 5179 potest,
1707 5114 1951 5166 omnium
2028 5117 2172 5168 enim

610 5199 870 5252 Dominus
902 5199 1016 5264 ipse
1066 5205 1168 5258 est,
1239 5200 1484 5252 omnium
1535 5217 1649 5265 rex,
1712 5203 1962 5255 conditor
2014 5205 2172 5269 lucis,

611 5297 660 5341 et
691 5290 815 5340 vita:
878 5289 1114 5340 arbiter.
1154 5287 1270 5356 Ipse
1337 5291 1519 5343 lumen
1563 5293 1690 5343 illud
1744 5293 2031 5352 ineﬂaliile,
2086 5296 2171 5348 in-

610 5379 968 5443 accessibile,
1041 5381 1131 5446 qui
1211 5382 1361 5434 solus
1413 5391 1518 5434 cst.
1600 5384 1719 5450 Ipse
1792 5389 1847 5438 in
1936 5387 2169 5440 adventu

608 5487 712 5526 suo
774 5472 1060 5538 dissipabit
1117 5470 1315 5525 afacie
1374 5488 1470 5525 sua
1553 5473 1804 5528 inimicos
1883 5491 2035 5540 suos,
2120 5486 2173 5532 et

614 5562 705 5634 qui
767 5577 876 5616 non
938 5562 1302 5618 obediverunt
1376 5563 1646 5619 mandatis
1705 5568 1842 5636 ejus,
1908 5571 2175 5637 quomodo

683 5740 729 5774 “
762 5739 867 5796 Tit.
915 5757 951 5805 ι,
989 5741 1071 5794 16.
1130 5739 1164 5770 ⁸⁷
1192 5740 1376 5797 IJoan.
1428 5760 1507 5807 tu,
1564 5747 1616 5799 6.
1697 5746 1736 5776 ”
1771 5745 1906 5804 Ibid.
1946 5752 2002 5802 Β.

2305 1994 2579 2048 nabimur.
2605 1997 2817 2050 Etenim
2848 2011 3004 2065 prout
3049 2001 3279 2070 quisque
3311 2002 3556 2068 alIectus,
3593 2020 3655 2060 ac
3696 2007 3890 2078 dispo-

2305 2084 2446 2138 situs
2500 2094 2606 2149 est,
2641 2086 2784 2142 Deus
2818 2091 3002 2143 unitos
3023 2092 3301 2158 omnibus,
3337 2094 3389 2147 in
3417 2093 3522 2149 line
3562 2099 3890 2154 saeculorum

2304 2175 2442 2228 sicut
2480 2177 2630 2229 novit
2669 2179 2807 2245 ipse,
2851 2197 3068 2234 sensum
3124 2183 3323 2253 cuique
3359 2187 3580 2253 praebet,
3613 2193 3891 2258 quomodo

2303 2266 2370 2317 ab
2407 2267 2528 2334 ipso
2580 2269 2849 2326 formatus
2906 2274 2997 2327 sit.
3054 2273 3240 2343 Dignis
3298 2276 3464 2346 igitur
3507 2294 3603 2347 per
3649 2285 3888 2350 gratiam

2303 2362 2491 2413 nnitus
2539 2378 2703 2429 supra
2769 2377 3049 2430 naturam,
3120 2370 3329 2434 divina,
3385 2380 3438 2424 et
3493 2389 3706 2429 omnem
3734 2378 3889 2446 engi-

2300 2456 2562 2509 tationem
2623 2472 2890 2526 superans
2945 2463 3196 2530 voluptas
3225 2480 3349 2517 esse
3400 2468 3705 2521 consuevit.
3738 2467 3888 2524 Indi-

2300 2546 2423 2612 gnis
2463 2555 2646 2600 autem
2681 2560 2883 2616 prartcr
2916 2553 3150 2619 gratiam
3181 2555 3390 2620 unitns,
3418 2571 3611 2625 praeter
3635 2571 3888 2615 naturam

2299 2633 2595 2690 Secundum
2633 2643 2991 2707 privationem
3049 2644 3214 2713 hujus
3257 2650 3443 2716 grati-.e
3490 2654 3880 2713 Constitnt‘um,

2298 2737 2348 2780 (-t
2391 2727 2726 2785 ineffabilem
2764 2734 3006 2788 dolorem
3055 2733 3237 2791 facere
3269 2741 3428 2803 solet,
3482 2753 3622 2796 utet
3653 2760 3888 2814 magnus

2298 2815 2595 2886 Gregorius
2615 2819 2924 2891 Theologus
2947 2827 3021 2877 ait
3051 2843 3063 2877 :
3095 2825 3137 2878 0
3155 2828 3413 2893 Trinitas,
3439 2847 3560 2900 qua:
3582 2835 3884 2904 aliquando

2296 2909 2574 2972 omnibus,
2598 2913 2719 2966 aliis
2758 2916 3150 2984 illustratione,
3179 2921 3300 2975 aliis
3335 2926 3622 2978 vocatione
3656 2929 3881 2997 cognita

2298 2998 2473 3052 fuisti.
2535 2999 2626 3054 Sic
2665 3005 2826 3071 igitur
2862 3010 3225 3075 corporaliter
3265 3013 3313 3063 in
3351 3013 3655 3082 Seripturfs
3683 3018 3884 3073 divini-

2297 3098 2384 3145 tus
2448 3094 2726 3162 inspiratis
2776 3099 2887 3151 hrec
2946 3104 3120 3169 posita
3176 3105 3466 3167 iureni,et
3516 3109 3883 3176 spiritualiter

2294 3184 2518 3238 edoctus
2551 3202 2668 3237 sum
2707 3203 2731 3237 a
2764 3190 2992 3256 Spiritu,
3059 3201 3128 3270 et
3156 3195 3221 3246 ad
3255 3212 3349 3250 vos
3402 3199 3560 3266 plene
3601 3201 3882 3256 instriet-

2294 3276 2392 3330 dos
2420 3291 2481 3329 ex
2518 3281 2686 3333 multa
2743 3286 3030 3351 churitate,
3095 3288 3226 3340 nih'l
3285 3293 3615 3347 subtrahens
3673 3298 3878 3366 seripsi

2292 3366 2436 3420 dicta
2479 3371 2630 3433 mihi,
2669 3383 2719 3424 et
2748 3374 3044 3441 declar.:ta,
3066 3388 3138 3430 'ct
3165 3379 3319 3448 jussa
3348 3397 3376 3434 a
3419 3382 3646 3438 Domino
3679 3398 3876 3441 nostro

2291 3455 2421 3510 Jesu
2451 3458 2692 3522 Christo,
2773 3476 2870 3530 prt‘
2941 3467 3278 3519 adorandum
3345 3480 3397 3522 et
3445 3484 3696 3525 sanctum
3746 3478 3874 3543 ejus

2291 3545 2575 3613 Spiritum,
2620 3551 2685 3602 de
2740 3554 3072 3608 sobiimibus
3118 3557 3301 3623 donis,
3354 3570 3404 3613 et
3444 3563 3874 3620 charismatihuu

2291 3640 2454 3691 simul
2535 3642 2790 3712 principii
2854 3650 3097 3714 expertis
3154 3649 3264 3713 Dei,
3349 3661 3400 3704 et
3475 3657 3648 3721 patris
3721 3659 3873 3725 ejus.

2291 3728 2531 3793 Quorum
2572 3736 2748 3788 utsint
2785 3739 3096 3807 partit-ipes,
3122 3743 3212 3809 qui
3241 3760 3360 3795 eum
3381 3746 3564 3800 labore
3591 3760 3869 3815 quarrnnt,

2292 3823 2356 3874 iis
2389 3839 2602 3892 semper
2653 3831 2907 3881 concedit
2952 3847 3045 3899 per
3099 3834 3278 3897 Iidem,
3315 3837 3426 3902 ipse
3495 3840 3657 3890 etiau
3720 3857 3870 3895 nunc

2289 3910 2488 3975 bonus,
2554 3925 2604 3966 et
2640 3917 2959 3972 benef-actor
2992 3935 3182 3976 noster
3227 3925 3389 3978 Deus.
3427 3927 3586 3990 Ecce,
3643 3944 3869 3984 annun-

2290 4002 2414 4054 tiavi
2459 4007 2611 4059 vobis
2669 4010 2874 4074 omnia,
2941 4023 2993 4066 ct
3069 4021 3331 4069 talentum
3407 4035 3512 4071 non
3578 4021 3864 4078 ab.~condi.

2287 4089 2676 4164 Unusquisque
2711 4099 2877 4166 igitur
2939 4115 3172 4158 restrum
3209 4108 3275 4159 de
3319 4119 3516 4162 cretero
3555 4111 3696 4177 quod
3750 4114 3870 4166 ruit

2287 4185 2495 4253 eliget:
2529 4203 2626 4256 ego
2669 4192 2810 4243 enim
2881 4198 3024 4261 quod
3078 4198 3142 4250 ad
3210 4215 3307 4253 vos
3368 4203 3585 4266 attinet,
3630 4203 3865 4259 crimine

2290 4292 2448 4343 vaco,
2489 4279 2540 4330 in
2577 4281 2793 4335 Christo
2834 4283 2957 4338 .Iesn
3027 4287 3260 4342 Domino
3302 4304 3514 4357 n05tro,
3550 4294 3636 4347 cui
3685 4295 3863 4364 gloria

2285 4373 2338 4417 et
2371 4366 2659 4434 imperium
2698 4386 2821 4425 cum
2850 4373 3005 4427 Patre
3038 4377 3287 4449 principii
3326 4395 3545 4450 erpertc
3569 4393 3622 4437 et
3662 4395 3863 4440 sancto

2286 4453 2494 4524 Spiritu
2525 4460 2575 4512 in
2611 4465 2830 4515 sarcula.
2865 4466 3058 4519 Anien.

2835 4577 3090 4634 ORATIO
3126 4580 3290 4636 XXIX

2850 4694 3246 4756 Aacuusuruu.

2285 4804 2473 4854 Omnes
2506 4805 2736 4885 homines
2760 4827 2790 4885 ᾳ
2817 4808 3017 4885 Christo
3041 4829 3140 4864 non
3162 4814 3504 4875 illuminatos.
3541 4835 3696 4874 cteros
3719 4837 3856 4885 esse,

2359 4888 2450 4923 nec
2475 4888 2633 4947 opera
2686 4876 2812 4930 lucis
2847 4879 3040 4945 e/ﬁcere
3084 4898 3246 4942 posse.
3283 4900 3375 4936 nec
3402 4888 3452 4938 in
3484 4889 3565 4939 via
3597 4901 3731 4944 recte
3775 4876 3860 4947 vi;

2353 4944 2503 5019 randi
2531 4947 2791 5019 progredi.
2827 4944 2999 5011 Quare
3025 4952 3557 5019 circumspiciendum.
3583 4969 3631 5010 et
3659 4944 3857 5016 adver-

2355 5011 2566 5064 tendum
2598 5011 2853 5085 animum.
2889 5033 2958 5068 an
2987 5034 3103 5070 vero
3129 5011 3312 5072 itinere
3333 5026 3384 5074 in
3408 5026 3589 5078 calum
3615 5011 3858 5085 ambule—

2354 5095 2489 5137 mus.
2527 5085 2662 5163 quod
2705 5087 2755 5137 in
2786 5084 2882 5165 Ι)ςὶ
2907 5090 3166 5140 "tendatis
3212 5091 3368 5143 situm
3411 5103 3502 5146 est.
3535 5094 3637 5157 Qui
3665 5084 3854 5165 parvis

2351 5154 2572 5233 peccatis
2619 5157 3456 5233 succumbuntL-eosmagnorum
3499 5154 3675 5218 servos
3699 5154 3848 5233 ﬁeri.

2355 5216 2547 5280 Quibus
2566 5225 2850 5276 actionibus
2862 5228 2925 5278 ab
2939 5216 3198 5296 a'ﬂ’ectibus
3214 5216 3482 5283 iitaudatis
3498 5216 3845 5293 vindicentur;

2352 5301 2820 5366 Quemadmodum
2878 5328 3054 5367 caecus
3117 5316 3448 5389 ingrediens,
3502 5327 3630 5380 velit
3681 5329 3852 5399 nolit,

2281 5394 2512 5460 pedibus
2551 5398 2809 5467 offendit;
2854 5405 2932 5458 sic
2995 5407 3156 5462 homo
3194 5412 3368 5467 oculis
3405 5418 3598 5472 anima:
3627 5420 3729 5474 sub
3757 5394 3856 5474 in;

2281 5486 2639 5556 telligentiam
2685 5492 3026 5561 cadentibus,
3083 5514 3190 5553 non
3255 5513 3383 5559 ante
3428 5511 3629 5576 apertis
3657 5511 3725 5561 ab
3753 5523 3858 5576 eo,

2283 5579 2376 5646 qui
2410 5588 2466 5635 ut
2515 5595 2782 5639 caecorum
2808 5587 2998 5643 oculos
3029 5592 3287 5662 aperiret,
3321 5595 3617 5653 humanum
3642 5613 3860 5670 corpus
