4128 6338
245 459 349 519 4δὸ

230 575 542 637 assumpsit,
599 581 708 622 non
747 572 929 637 potest
962 583 1070 623 non
1120 568 1262 622 viam
1320 567 1480 635 hujus
1503 570 1625 623 vitae
1678 584 1794 622 car-

228 664 401 734 pendo
452 661 800 729 delinquere:
835 661 1014 716 adhuc
1086 662 1231 715 enim
1288 677 1466 716 caecus
1515 671 1618 726 est,
1649 671 1703 714 et
1725 661 1788 713 ad

231 759 274 812 il
311 755 454 826 quod
501 755 718 823 proprie
762 754 964 807 malum
1006 763 1108 816 est.
1169 754 1377 808 abono
1414 755 1796 806 internoscena

234 850 357 903 dum
393 861 633 915 superno
672 846 967 915 divinoque
1031 846 1256 909 lumine,
1309 861 1447 911 Opus
1478 835 1668 898 'lzalxet.
1716 842 1794 896 Ab

238 940 378 993 omni
439 938 603 1009 igitur
670 946 930 1008 peccante
963 939 1080 992 hac
1132 950 1370 1007 quatuor
1420 937 1791 1004 requiruntur.

234 1029 295 1084 Ut
330 1035 628 1098 cognoscat
652 1026 794 1080 unde
816 1027 1054 1094 privetur
1082 1027 1303 1092 lumine,
1334 1026 1561 1081 edoctus
1591 1037 1795 1096 myste-

232 1122 394 1183 rium,
429 1136 496 1173 ne
526 1120 594 1172 sit
626 1119 899 1186 stupidus.
944 1118 1233 1172 Confessio
1259 1129 1630 1187 peccatorum,
1651 1128 1702 1168 ιιι
1725 1117 1796 1170 sit

234 1200 415 1268 verus.
444 1211 592 1280 Fuga
629 1211 978 1262 occasionum
1021 1217 1074 1262 et
1107 1223 1420 1272 causarum,
1469 1208 1669 1278 quibus
1727 1207 1795 1260 ad

240 1302 568 1372 peccandum
603 1301 925 1368 impellitur,
966 1315 1033 1354 ne
1080 1300 1150 1354 sit
1184 1301 1381 1354 stultus
1410 1307 1464 1354 et
1509 1299 1792 1368 insipiens.

235 1391 536 1455 Postremo,
578 1401 633 1443 ιιι
683 1391 949 1444 medicum
1000 1400 1149 1459 petat
1209 1405 1236 1443 a
1271 1392 1388 1446 solo
1447 1389 1665 1445 Christo
1689 1405 1799 1443 me-

236 1486 376 1544 dico.
419 1484 510 1550 qui
543 1483 812 1537 contritos
849 1492 1026 1546 sanat,
1061 1490 1117 1536 et
1172 1481 1334 1536 modo
1383 1482 1616 1551 quodam
1644 1481 1797 1534 inex-

238 1576 468 1646 plicabili
506 1573 866 1628 contritiones
897 1575 1109 1644 alligat,
1168 1575 1410 1643 dicitque
1445 1591 1460 1627 :
1500 1573 1661 1626 Fides
1707 1582 1798 1625 tua

237 1679 281 1720 to
305 1667 512 1721 saluum
556 1666 699 1733 fecit,
755 1667 882 1719 carie
906 1668 958 1718 iu
1008 1683 1131 1732 pare
1169 1667 1213 1696 "
1241 1681 1255 1718 ε
1288 1666 1487 1734 alioqui
1519 1666 1661 1717 enim
1688 1665 1797 1718 vita

238 1759 287 1812 in
340 1738 509 1824 pace,
547 1759 792 1824 citraque
835 1757 1018 1825 lapsus
1047 1758 1164 1826 drgi
1207 1771 1312 1810 non
1374 1765 1572 1825 potest.
1607 1755 1681 1809 Ex
1715 1756 1796 1808 his

238 1849 468 1916 primunt
514 1847 642 1901 illud
675 1849 874 1902 bonum
914 1857 1036 1914 est;
1077 1849 1376 1904 secundum
1423 1851 1662 1911 melius;
1692 1857 1797 1901 ter-

241 1939 369 1990 tium
419 1941 801 2006 prastantius;
838 1951 1091 2006 quartum
1146 1942 1364 2010 proprie
1395 1941 1624 2000 bonum,
1648 1948 1800 1994 extra

241 2027 382 2096 quod
429 2044 536 2082 non
589 2030 748 2084 datur
790 2031 977 2096 salus;
1016 2032 1092 2085 uti
1126 2033 1243 2084 sine
1273 2033 1444 2084 tribus
1484 2030 1809 2084 anteceden-

242 2120 388 2171 tillus
452 2127 706 2186 quartum
791 2120 892 2174 hoc
959 2120 1215 2174 Christus
1293 2119 1508 2189 operari
1595 2118 1806 2182 nequit.

242 2207 408 2261 Valde
438 2211 704 2279 siquidem
753 2226 889 2280 opus
934 2212 1118 2277 habet,
1181 2220 1240 2264 ttt
1300 2227 1399 2266 nos
1458 2211 1607 2280 ipsos
1655 2211 1807 2279 prius

242 2313 627 2362 agnoscamus.
710 2317 819 2371 quo
873 2304 1070 2369 sanati,
1123 2304 1313 2356 demus
1393 2301 1617 2371 gloriam
1671 2301 1804 2356 Deo.

241 2388 358 2454 Qud
385 2391 527 2443 enim
558 2402 716 2459 pacto
750 2394 1021 2460 quispiam
1083 2392 1274 2460 adepta
1333 2392 1569 2445 sanitate
1595 2393 1808 2444 medico

239 2481 444 2547 gratias
484 2491 626 2549 agat,
672 2482 717 2535 si
773 2483 945 2536 morbi
980 2481 1433 2550 magnitudinem,
1463 2481 1806 2549 gravitatem,

239 2582 290 2623 et
324 2586 592 2623 summam
644 2574 781 2638 ejus
810 2571 1109 2639 depellendi
1143 2571 1513 2624 diliicnltatem
1551 2579 1672 2622 ante
1697 2585 1805 2621 nun

242 2662 920 2728 perspexerithnaxime.
981 2665 1038 2716 si.
1064 2664 1110 2715 is
1166 2663 1234 2717 ab
1288 2663 1396 2714 alio
1455 2660 1606 2713 nullo
1638 2659 1806 2712 medi-

240 2768 428 2806 CO'UID
493 2754 669 2806 curari
737 2763 920 2822 queat.
978 2754 1211 2808 Meretur
1279 2756 1419 2817 cnim
1473 2757 1802 2825 supplicium

244 2842 606 2909 ditissimum,
673 2845 1048 2912 quicuratus
1117 2848 1327 2901 medico
1386 2863 1487 2916 pro
1545 2848 1807 2917 dignitate

237 2925 444 3001 gratias
484 2951 589 2988 non
620 2938 750 3003 agit.
786 2937 859 2988 Ac
908 2945 1192 3005 pr0pterca
1234 2953 1356 2990 cum
1412 2953 1438 2990 a
1472 2953 1579 3006 quo
1609 2953 1810 2992 sanan~

241 3025 345 3077 dus
404 3034 527 3087 est,,
568 3042 731 3082 nosse
790 3029 970 3086 debet.
1033 3031 1168 3084 Hinc
1201 3031 1446 3095 visitare,
1505 3037 1577 3096 et,
1613 3044 1808 3084 sanare

238 3100 584 3169 infirmitates
633 3126 846 3170 nostras
911 3133 1051 3182 smne
1121 3130 1381 3181 moratur,
1452 3119 1806 3186 quantumvis

241 3205 584 3274 imploretur.
608 3209 787 3262 Parcit
816 3210 958 3262 enim
996 3197 1174 3274 nobis,
1201 3226 1267 3262 ne
1301 3211 1494 3279 ingrati
1520 3213 1585 3264 ad
1618 3227 1807 3280 pmttas

241 3298 480 3375 majores
516 3298 891 3353 devolramur.
930 3300 1296 3364 Quamobrem
1331 3311 1601 3371 quotquot
1631 3303 1810 3355 homi-

244 3389 330 3442 nis
377 3390 646 3444 vocabulo
703 3406 1014 3451 censemur.
1086 3392 1465 3459 dispiciamus,
1518 3401 1569 3446 et
1634 3401 1810 3446 atten-

244 3473 446 3536 damus
483 3482 637 3535 nuhis
689 3498 913 3536 necesse
963 3491 1064 3542 est,
1117 3483 1302 3536 ﬁdeles
1361 3484 1514 3550 juxta
1541 3493 1704 3553 atque
1729 3483 1813 3536 in-

245 3562 454 3635 lltlcle’s.
486 3573 634 3641 parvi
680 3585 842 3641 atque
896 3573 1121 3643 magni:
1168 3583 1225 3627 ut
1281 3576 1526 3628 infideles
1580 3576 1800 3644 quidem

246 3658 708 3736 adcognitionem
768 3673 819 3718 et
879 3668 1032 3719 iidem
1105 3667 1196 3720 Dei
1264 3666 1564 3720 conditoris
1638 3665 1808 3719 nostri

241 3761 568 3813 veniamus:
615 3758 820 3818 fideles.
880 3770 939 3810 ut
994 3759 1102 3810 vita
1181 3758 1264 3824 pic
1319 3766 1460 3818 :xcta.
1528 3758 1702 3811 eidem
1756 3757 1807 3809 in

236 3852 387 3902 omni
417 3864 580 3916 opere
618 3849 761 3902 bono
832 3849 1111 3916 placentes
1161 3863 1564 3916 appareamus;
1627 3850 1804 3917 parvi,

239 3949 300 3994 ut
329 3941 556 4010 magnis
596 3950 812 4008 prepter
843 3940 1126 3993 Dominum
1165 3940 1522 4007 subjiciath
1552 3956 1566 4003 ;
1608 3940 1807 4010 magni,

237 4040 296 4084 ut
327 4047 456 4100 erga
496 4045 687 4099 parvos
721 4033 975 4097 tauquam
1029 4040 1279 4098 parentes
1315 4046 1438 4099 erga
1470 4031 1671 4086 liberos
1701 4031 1813 4083 alli-

237 4121 480 4184 ciamur,
541 4131 760 4189 pr0pter
820 4121 1134 4174 mandatum
1211 4121 1446 4186 Domini,
1534 4122 1808 4175 dicrnlis:

238 4211 515 4275 Quamdiu
581 4210 776 4276 fecistis
834 4211 926 4262 uni
970 4212 1192 4264 istorum
1245 4227 1309 4264 ea:
1354 4213 1585 4265 minimis
1657 4213 1808 4277 meis,

237 4301 371 4355 mihi
397 4301 596 4368 fecistis
620 4301 664 4331 ⁸ο
697 4301 812 4355 Non
849 4303 1016 4363 enim,
1053 4302 1193 4369 quod
1243 4301 1461 4370 quidam
1496 4302 1806 4369 epiuantur,

231 4391 300 4447 de
361 4391 701 4460 pauperibus
757 4397 1159 4456 tantummodo,
1233 4400 1286 4446 et
1339 4394 1482 4446 victu
1547 4407 1809 4461 corporeo

1575 456 1724 516 ΟΒΛ
1744 457 1872 518 'I'lO
1905 460 2118 520 XXIX.

3363 453 3470 520 466

1829 575 1871 630 Α
1903 595 2104 650 tiamus
2136 597 2412 662 omnibus,
2466 603 2522 650 ct
2561 595 2626 650 ad
2691 603 2978 668 angustant
3040 603 3200 662 atque
3255 597 3466 648 arctam

1895 687 2038 741 viam
2071 689 2442 755 procedimus.
2492 695 2546 742 et
2573 703 2602 742 a
2639 688 2862 754 mutulo,
2911 685 3310 751 mundanisque
3341 689 3471 738 cot‘

1895 776 2157 844 pnraliter
2205 776 2608 845 quodammodo
2644 785 3009 844 amputatrur,
3068 780 3122 826 et
3149 773 3217 824 ab
3243 769 3348 823 alia
3376 784 3462 824 re-

1899 870 2080 938 gione.
2137 869 2277 930 loco,
2303 879 2353 923 et
2381 869 2513 924 urbe
2565 868 2630 922 ad
2674 868 2832 921 aliam
2866 865 3277 926 habitationem,
3311 876 3454 915 man-

1899 963 2218 1028 sionemque
2258 960 2539 1024 abeuntes,
2597 958 2663 1013 ad
2719 957 2977 1019 stadium,
3014 955 3067 1010 in
3099 970 3207 1024 quo
3241 951 3464 1008 virtutis

1896 1053 2044 1123 viget
2068 1051 2409 1117 exercitatio,
2459 1051 2798 1116 devenimus,
2833 1064 2928 1120 per
2968 1047 3276 1104 institutum
3318 1044 3467 1107 vitae.

1897 1152 1960 1200 et
1981 1153 2182 1198 sanctae
2231 1141 2443 1196 vivendi
2497 1157 2741 1197 normam
2783 1155 2883 1212 pro
2921 1155 3021 1196 suo
3049 1138 3282 1207 quisque
3316 1135 3465 1190 arhié

1901 1233 2008 1286 trio
2045 1232 2379 1295 incedentes,
2419 1241 2511 1285 aut
2544 1232 2704 1284 etiam
2774 1231 3165 1292 accelerantes,
3240 1239 3472 1281 curren-

1905 1331 2097 1390 tesque
2128 1330 2180 1375 et
2238 1321 2482 1392 vestigiis
2561 1320 2770 1373 Domini
2840 1321 3011 1374 nostri
3065 1319 3192 1374 Jesu
3259 1315 3468 1372 Christi

1903 1412 2238 1475 insistentes.
2275 1421 2427 1467 utne
2474 1413 2706 1481 amplius
2733 1411 2894 1466 rebus
2943 1412 3197 1479 perituris
3230 1409 3469 1462 delecte-

1903 1519 2046 1567 tnur,
2076 1511 2130 1557 et
2181 1503 2431 1558 voluntas
2457 1504 2640 1558 carnis
2677 1502 2941 1558 voluntati
3004 1501 3231 1568 spiritus
3269 1499 3473 1553 subda-

1901 1603 2013 1654 tur.
2037 1594 2246 1650 idcirco
2285 1611 2314 1648 e
2349 1596 2554 1649 mundo
2596 1595 2937 1658 secedentes,
2991 1594 3171 1647 statim
3211 1590 3466 1666 mandata

1903 1687 2115 1741 Domini
2202 1686 2567 1754 capessimus,
2666 1695 2722 1741 et
2813 1688 2933 1754 ejus
3005 1683 3179 1753 jussis
3257 1682 3470 1736 obtem-

1898 1785 2152 1849 perantes
2180 1818 2195 1842 ,
2215 1778 2356 1831 viam
2415 1779 2468 1831 in
2500 1777 2698 1831 coelum
2748 1777 3007 1830 ferentem
3035 1775 3401 1842 auspicantur.

1975 1867 2074 1921 llic
2105 1883 2264 1936 porro
2292 1867 2422 1944 mihi
2453 1867 2787 1936 pensiculate
2822 1866 3095 1920 dictorum
3125 1864 3231 1916 vim
3277 1863 3466 1918 consi-

1910 1959 2060 2014 dera.
2088 1959 2324 2012 informa
2355 1960 2535 2013 animo
2557 1959 2697 2012 viam
2725 1960 2860 2013 bene
2886 1960 3093 2018 tritam,
3119 1970 3283 2026 quam
3312 1955 3473 2031 longa

1909 2059 2015 2111 est.
2051 2049 2282 2117 pedibus
2312 2050 2521 2123 scilicet
2552 2064 2737 2103 eorum
2764 2050 2855 2118 qui
2889 2053 3305 2117 praecesserunt.
3334 2044 3474 2098 [lino

1909 2140 2038 2204 inde
2073 2149 2302 2194 montes.
2335 2140 2520 2205 silvas,
2545 2156 2706 2210 rupes
2736 2142 2997 2202 excelsas,
3029 2138 3282 2207 scOpuios
3310 2142 3479 2203 atque

1909 2231 2078 2285 valles
2114 2230 2360 2298 concipe.
2393 2229 2528 2283 Cum
2566 2230 2651 2282 his
2689 2230 3040 2284 nihilominus
3073 2242 3312 2296 campos,
3346 2227 3474 2280 hor-

1908 2329 2017 2386 tos,
2073 2322 2190 2375 loca
2242 2321 2482 2388 jucttnda
2518 2329 2570 2374 et
2601 2320 2882 2383 umbrosa,
2922 2319 3187 2386 longeque
3217 2314 3476 2380 arumnisv

1910 2414 2071 2476 sima,
2110 2423 2164 2466 et
2219 2412 2524 2480 omnigenis
2573 2411 2838 2491 fructibus
2887 2411 3235 2463 abundantia.
3271 2407 3476 2467 Deinde

1910 2518 2017 2557 non
2043 2505 2368 2556 mediocrem
2400 2504 2695 2557 bestiarum
2723 2501 3144 2561 multitudinem,
3172 2500 3476 2552 latronum-

1909 2610 2035 2663 que.
2069 2605 2120 2648 et
2141 2594 2462 2648 sicariorum
2504 2594 2691 2662 globos
2711 2607 2816 2661 per
2844 2592 2962 2645 loea
2995 2592 3081 2644 illa
3103 2590 3474 2645 absconditos.

1911 2686 2004 2740 llis
2037 2687 2110 2740 ita
2167 2700 2224 2740 se
2282 2685 2626 2748 habentibus,
2667 2701 2730 2738 ex
2778 2684 2928 2738 hisce
2981 2683 3114 2735 locis
3168 2682 3349 2735 nullus
3383 2689 3476 2735 aut

1908 2777 2172 2831 i‘uescabit
2223 2792 2344 2842 nos,
2400 2791 2729 2843 sensumque
2789 2785 3031 2828 nostrum
3087 2771 3470 2836 commovi-hit,

1909 2874 2002 2917 aut
2034 2879 2226 2918 nocere
2277 2865 2433 2919 nobis
2465 2868 2678 2934 poterit.
2717 2865 3070 2934 sequentibus
3098 2873 3339 2924 sanctos,
3377 2863 3473 2932 qui

1909 2956 2252 3022 prmiveruut,
2277 2955 2572 3021 eademque
2595 2955 2783 3008 semita
2808 2953 3232 3018 ambulantibus,
3258 2967 3363 3021 qua
3393 2952 3475 3006 illi

1909 3045 2341 3099 ambulaverunt.
2378 3046 2758 3100 incedentibus
2780 3046 2978 3115 quippe
3013 3045 3170 3098 nobis
3205 3059 3298 3112 per
3328 3043 3475 3098 viam

1910 3135 2284 3189 mandatorum
2318 3136 2409 3188 Dei
2442 3151 2504 3190 ac
2547 3135 2758 3189 Domini
2802 3137 2970 3190 nostri
3007 3138 3249 3202 citraque
3285 3148 3476 3202 respe-

1911 3236 2057 3279 ctum
2092 3227 2159 3280 ad
2192 3242 2252 3280 ea
2281 3243 2401 3296 qua:
2433 3237 2580 3281 retro
2611 3235 2738 3281 sunt
2773 3227 2954 3281 omnia
2979 3243 3096 3295 qua:
3120 3226 3315 3280 audisti
3346 3240 3476 3293 per-

1911 3319 2238 3384 meantibus,
2285 3334 2443 3373 nemo
2477 3334 2652 3388 neque
2708 3319 2974 3373 latronum
3013 3318 3248 3382 illorum,
3301 3329 3478 3386 neque

1911 3406 2209 3460 helluarum
2244 3418 2426 3475 aperte
2461 3423 2522 3462 ac
2561 3418 2806 3475 proterve
2863 3408 3106 3472 insultat,
3140 3417 3234 3460 aut
3279 3420 3477 3475 appro-

1912 3497 2172 3564 pinquare
2203 3499 2384 3552 audet.
2415 3498 2798 3553 Verumtamen
2835 3500 2968 3553 alias
3003 3499 3283 3566 remotius,
3339 3498 3474 3552 alias

1908 3584 2174 3647 vicinius;
2208 3587 2295 3637 alii
2332 3585 2508 3641 minas
2540 3588 2839 3647 intendunt,
2876 3588 3186 3661 caedemque
3216 3587 3477 3655 spiranti-

1911 3677 2012 3730 bus
2043 3677 2215 3730 oculis
2251 3694 2348 3732 nos
2379 3678 2616 3744 obeunt;
2673 3680 2763 3733 alii
2804 3680 3122 3746 quibusdam
3151 3674 3474 3733 delinimen4

1914 3769 1981 3820 t~is
2021 3776 2072 3820 et
2123 3768 2401 3822 blanditiis
2458 3770 2756 3838 amicisque
2793 3770 3080 3838 colloquiis
3135 3770 3472 3824 vicissitudi-

1911 3875 2030 3913 nem
2065 3869 2132 3912 et'
2165 3861 2616 3915 intermissionem
2659 3862 2812 3917 nobis
2842 3863 3095 3934 oﬂ‘erunt,
3131 3872 3182 3917 et
3200 3872 3470 3917 ostentant

1910 3947 2155 4001 locarum
2209 3963 2306 4016 per
2343 3963 2594 4017 regiones
2641 3949 3053 4008 delectamenta.
3093 3956 3146 4001 et
3197 3945 3485 4000 fructuum

1912 4038 2145 4107 speciem
2185 4039 2626 4106 pulcherrimam,
2662 4038 3056 4106 hortanturque
3088 4047 3147 4092 ut
3191 4038 3479 4106 paululum

1913 4129 2332 4198 requiesccntes,
2364 4129 2597 4182 laborem
2633 4129 2729 4181 via:
2763 4130 3127 4193 consolemur,
3159 4136 3211 4182 et
3243 4129 3312 4183 de
3353 4127 3475 4181 fru-

1912 4221 2086 4274 ctibus
2134 4221 2295 4273 edere
2329 4219 2580 4280 suadent.
2637 4219 2756 4287 plus
2787 4220 3098 4286 voluptatis,
3157 4233 3318 4288 quam
3376 4233 3477 4285 pro

1911 4325 2096 4364 eorum
2127 4305 2344 4378 aspectu
2374 4309 2750 4363 ali‘erentibus.
2784 4307 2974 4363 Multos
2998 4309 3220 4376 insuper
3247 4308 3472 4376 laqueos

1911 4403 2088 4467 nobis,
2123 4402 2548 4467 occasionesque
2584 4402 2648 4453 ad
2692 4399 3019 4468 capiendum
3046 4400 3247 4463 varias,
3277 4398 3469 4454 callide

229 4486 528 4553 egentibus
562 4484 665 4537 hoc
695 4484 853 4547 dixit,
907 4486 1000 4539 sed
1058 4487 1125 4538 de
1160 4485 1420 4538 fratribus
1451 4485 1574 4538 item
1606 4485 1810 4538 nostris
1836 4493 1888 4554 ι)
1916 4492 2252 4555 excogitant;
2287 4505 2388 4542 nec
2423 4487 2476 4541 id
2505 4504 2598 4558 per
2631 4489 2772 4542 diem
2806 4489 3003 4552 solum,
3036 4489 3127 4542 sed
3161 4504 3253 4559 per
3281 4497 3488 4544 ηοριρε.

232 4577 522 4632 omnibus.
566 4575 659 4644 qui
699 4590 805 4629 non
864 4574 999 4628 fame
1028 4577 1206 4643 panis.
1263 4584 1316 4628 et
1357 4576 1447 4628 siti
1483 4591 1656 4643 aquae,
1719 4577 1812 4628 sed

233 4667 518 4732 segnitiei,
560 4674 613 4720 et
659 4667 1044 4720 inobedientia:
1102 4666 1485 4720 mandatorum
1537 4664 1632 4719 Dei
1680 4682 1809 4720 con-

236 4759 554 4812 tahescunt.
627 4757 830 4812 Omnes
897 4757 1077 4826 itaque
1157 4772 1470 4820 curramus,
1528 4766 1811 4826 antequam

231 4850 402 4904 nobis
444 4858 820 4917 per.mortetu
882 4840 1214 4917 pmnitentia:
1285 4847 1452 4914 janua
1511 4848 1813 4902 claudatur.

231 4940 567 5003 Curramus,
649 4948 709 4992 ut
779 4948 902 4991 ante
965 4941 1168 4992 exitum
1260 4939 1809 5005 comprehendamus.

229 5029 613 5095 Festincmus,
660 5040 721 5084 ut
772 5032 1126 5097 accipiamus.
1183 5031 1497 5096 Pulsemus,
1536 5039 1590 5081 ut
1629 5031 1808 5098 priuso

228 5138 401 5192 quam
437 5122 507 5175 de
542 5123 643 5174 hac
676 5121 798 5174 luce
838 5121 1155 5196 migremns,
1189 5119 1424 5187 paradisi
1463 5129 1670 5187 portam
1706 5119 1810 5173 Do-

229 5215 423 5269 minus
454 5213 615 5267 nobis
657 5220 885 5275 reseret,
935 5221 988 5264 et
1021 5211 1258 5277 seipsutn
1296 5209 1626 5263 manifestet.
1681 5207 1810 5261 Stu-

226 5304 723 5374 deamusregnum
752 5303 1008 5357 malorum
1079 5301 1220 5354 intra
1251 5315 1350 5352 nos
1405 5301 1709 5367 acquirere,
1761 5307 1814 5352 et

225 5393 475 5464 idipsum
529 5408 882 5462 cognoscere.
948 5407 1009 5445 ac
1043 5392 1264 5453 sentire.
1305 5401 1357 5444 et
1409 5407 1475 5443 ne
1536 5389 1654 5443 sine
1719 5389 1808 5442 illo

227 5488 363 5543 hinc
398 5486 767 5540 discedamus.
806 5486 1015 5538 Idcirco
1048 5487 1191 5538 enim
1226 5493 1276 5537 et
1327 5483 1523 5538 Chriszi
1553 5482 1805 5536 mandato

225 5594 329 5648 pro
365 5566 630 5634 Subsidia,
681 5578 907 5643 utimur,
977 5587 1160 5643 utpote
1225 5587 1444 5646 propter
1480 5592 1600 5638 nos,
1658 5576 1809 5627 inlir-

228 5673 598 5746 mitatemque
624 5682 863 5735 nostram
943 5671 1277 5741 praescripto.
1355 5670 1557 5725 Idcirco
1613 5682 1806 5724 renun-

306 5857 349 5889 "
394 5853 537 5910 Luc.

607 5869 702 5918 vn.
757 5856 846 5912 50.
921 5858 964 5890 ¹⁰
1022 5855 1208 5910 Matth.
1251 5871 1372 5922 xxv,
1410 5855 1495 5912 60.

1916 4581 2075 4634 etiam
2112 4597 2124 4632 :
2153 4594 2251 4632 nec
2279 4578 2560 4648 vigilantes
2593 4578 2773 4640 modo,
2801 4593 2985 4632 verum
3010 4578 3170 4632 etiam
3198 4577 3472 4630 dormien-

1918 4681 1998 4724 tes
2027 4671 2442 4738 aggrediuntur;
2481 4669 2750 4722 interdum
2783 4670 2998 4738 quidem
3046 4668 3468 4733 titillationibus,

1918 4770 1969 4814 et
1996 4760 2404 4814 exorationibus
2430 4775 2444 4824 ;
2481 4758 2752 4812 interdum
2781 4760 3023 4812 ciborum
3056 4758 3483 4813 interdicturum-

1917 4861 2107 4921 gustu;
2142 4852 2410 4905 interdum
2434 4867 2553 4904 cum
2580 4852 2814 4914 facibus,
2856 4847 3190 4916 lampadibus
3227 4858 3280 4903 et
3319 4850 3468 4903 ensi-

1916 4941 2018 4995 bus
2056 4952 2307 5009 tauquam
2343 4942 2598 5004 latrones,
2627 4948 2680 4994 et
2706 4954 2856 4992 more
2885 4939 3155 4992 latronum
3187 4954 3287 4993 nos
3317 4938 3472 4993 inva-

1910 5032 2088 5097 dunt,
2141 5040 2510 5100 terroremque
2575 5032 2768 5084 mortis
2811 5030 3092 5084 incutiunt.
3161 5028 3469 5082 Percellunt

1913 5139 2034 5186 nos,
2065 5123 2401 5177 arbitrantes
2427 5124 2588 5176 etiam
2615 5124 2646 5176 a
2672 5131 2817 5176 recto
2844 5123 3034 5174 itinere
3058 5134 3368 5174 aversuros.
3405 5121 3469 5173 Et

1911 5214 2156 5269 nonnulli
2191 5213 2407 5280 quidem
2443 5213 2508 5267 de
2553 5214 2690 5281 ipsis
2724 5219 2944 5264 monent
2984 5210 3096 5263 ticri
3140 5225 3245 5262 non
3287 5224 3468 5278 posse.

1921 5311 1976 5353 ut
2011 5301 2248 5370 quandiu
2289 5301 2543 5361 vivimus,
2599 5302 2758 5370 hujus
2797 5301 2895 5353 via:
2928 5299 3268 5353 diﬂicultates
3298 5299 3465 5352 susti-

1915 5405 2155 5444 neamus.
2199 5389 2324 5450 Alii.
2371 5389 2484 5444 hac
2534 5405 2654 5444 esse
2688 5387 3024 5458 infrugifera,
3071 5396 3124 5441 et
3153 5402 3274 5453 qua-
3316 5386 3468 5441 labo-

1915 5481 2160 5535 rantibus
2223 5481 2426 5537 nullam
2491 5489 2694 5550 queant
2751 5481 3036 5536 utilitatem
3097 5493 3301 5546 parcre.
3361 5477 3464 5531 Alii

1913 5587 2190 5638 nunquam
2219 5587 2337 5626 esse
2374 5587 2474 5626 nec
2521 5572 2636 5626 fore
2667 5571 2822 5625 fmetn
2854 5569 3016 5638 hujus
3061 5570 3179 5630 vite.
3215 5583 3276 5621 eo
3309 5581 3468 5638 argu-

1914 5669 2117 5729 mento,
2157 5663 2298 5730 quod
2334 5662 2660 5735 quibusdam
2701 5679 2786 5715 rcs
2834 5676 3022 5733 parum
3081 5659 3308 5714 feliciter
3341 5675 3464 5729 pro-
