4128 6338
655 447 754 514 ιω

1882 451 2264 516 SYMEONIS
2293 455 2666 522 JUNIOBIS

3796 448 3910 512 US

656 563 905 629 cesserit,
935 571 1076 622 eteo
1105 563 1159 620 in
1189 564 1380 635 primis
1402 563 1548 635 quod
1581 564 1671 635 qul
1706 564 1936 620 multum
1969 567 2232 637 temporis
2260 576 2307 632 Α
2336 569 2600 626 adversus
2623 585 2770 637 eum,
2800 585 2908 625 non
2943 574 3306 630 murmurare,
3341 583 3449 623 non
3508 566 3756 631 illudere,
3794 581 3906 622 non

653 654 712 710 in
765 655 868 713 hoc
932 657 1148 712 vivendi
1204 673 1400 728 genere
1434 657 1834 723 contriverunt,
1889 640 2098 713 nullum
2154 674 2222 714 ex

657 748 1016 805 diuturnitate
1069 749 1307 806 fructum
1342 751 1699 822 reportarint,
1731 751 1859 806 dum
1892 752 2133 822 putarint
2165 767 2225 806 se

656 855 880 894 cursum
915 843 1293 897 mandatorum
1327 843 1421 897 Dei
1465 859 1706 908 currere,
1736 853 1788 897 et
1815 843 1865 897 id
1898 859 2003 898 non
2032 860 2224 899 sccuu-

655 931 784 985 dum
823 933 1134 997 scientiam,
1197 950 1260 989 ac
1299 950 1434 990 sano
1466 934 1674 1004 judicio
1708 936 2079 1004 praestiterint,
2131 933 2224 988 sed

655 1023 721 1076 ad
758 1039 1038 1088 numeros,
1074 1042 1214 1095 quos
1243 1028 1348 1082 sibi
1383 1029 1660 1093 finxerint,
1692 1036 1745 1082 et
1772 1029 1837 1083 ad
1890 1030 2224 1099 opinionem,

657 1129 823 1184 quam
851 1115 918 1170 de
950 1132 1006 1171 se
1037 1117 1136 1187 ipsi
1195 1119 1360 1174 stulte
1409 1120 1698 1176 habuerint
1728 1136 1744 1174 :
1779 1121 1981 1189 quibus
2033 1121 2228 1175 merito

653 1217 817 1271 etiam
842 1227 1061 1287 gressus
1084 1215 1385 1267 secundum
1419 1212 1584 1267 Deum
1613 1212 1998 1283 praecidantur.
2031 1213 2227 1278 illusis,

653 1318 710 1361 et
739 1309 803 1362 ad
834 1323 897 1362 ea
927 1322 1049 1376 quae
1102 1315 1250 1360 retro
1297 1314 1426 1361 sunt
1475 1307 1896 1373 revertentibus,
1929 1321 2096 1374 seque
2135 1320 2231 1374 per

653 1400 1040 1470 negligentiam
1075 1401 1329 1470 maligno,
1364 1398 1430 1454 ad
1464 1413 1615 1471 suam
1651 1398 1704 1452 in
1735 1399 1868 1473 ipsis
1893 1399 2229 1455 voluntatem

651 1492 976 1561 explendam
1006 1492 1369 1548 tradentibus.

726 1583 833 1638 Sed
870 1600 968 1640 cur
997 1600 1096 1656 ego
1127 1585 1228 1640 ista
1259 1587 1399 1657 apud
1434 1603 1531 1643 vos
1567 1585 1767 1643 fratres
1794 1599 1946 1640 meos
1975 1582 2234 1652 spiritus.

655 1675 733 1731 les
779 1676 1033 1733 dissero?
1087 1678 1222 1743 Quia
1274 1695 1560 1734 numerum
1615 1680 1888 1735 excedunt
1938 1675 2235 1731 adversarii

654 1770 829 1823 nostri
859 1770 1083 1834 diaboli,
1122 1771 1596 1840 malignorumqne
1619 1770 1742 1840 ejus
1772 1769 2066 1838 spirituum
2099 1767 2238 1821 insi-

654 1858 759 1914 dia:
799 1869 852 1913 et
887 1860 1198 1916 teudiculze.
1250 1860 1676 1916 Consideremus
1728 1877 1829 1916 nos
1861 1860 2009 1929 ipsos
2039 1859 2093 1913 in
2125 1859 2234 1923 via,

2327 661 2576 728 irridere,
2610 663 2662 716 in
2686 663 2891 733 judicio
2920 677 3199 731 nunquam
3228 676 3329 716 nec
3359 674 3551 730 parva,
3578 675 3678 714 nec
3709 674 3906 728 magna

2324 751 2393 806 de
2422 768 2482 807 re
2531 753 2886 809 contendere.
2935 753 3422 809 Persuasissimum
3474 769 3603 823 ergo
3634 751 3908 815 trabeatis,

2327 841 2526 899 fratres
2559 845 2660 899 mei
2693 844 2901 912 dilecti,
2943 845 3074 898 nihil
3108 852 3217 897 tam
3267 844 3425 899 facile
3476 844 3707 901 salutem
3752 843 3910 898 vobis

2327 937 2769 1002 conciliaturum,
2797 953 2960 1006 quam
3002 939 3183 992 divina
3213 937 3515 992 Salvatoris
3541 938 3693 1006 jussa
3726 932 3908 990 laees-

2329 1044 2471 1084 sere.
2508 1030 2874 1087 Nihilominus
2921 1031 3108 1087 multis
3158 1032 3438 1102 lacrymis,
3473 1030 3643 1083 multo
3689 1031 3911 1095 timore,

2331 1124 2502 1176 multa
2531 1124 2813 1192 patientia,
2837 1127 3348 1194 perseverantiaque
3380 1123 3432 1174 in
3465 1123 3718 1190 precibus
3745 1123 3908 1176 nobis

2330 1230 2471 1284 opus
2501 1226 2606 1280 est,
2636 1225 2696 1270 ut
2733 1207 3122 1271 saltem'unius
3152 1215 3305 1270 verbi
3360 1215 3571 1268 Domini
3603 1215 3778 1269 virtus
3819 1230 3912 1268 re-

2329 1308 2543 1363 veletur
2577 1309 2756 1373 nobis,
2788 1317 2847 1361 ut
2875 1322 3170 1363 noscamus
3205 1307 3348 1375 quod
3381 1306 3434 1360 in
3489 1306 3671 1376 parvis
3699 1321 3914 1360 sermo-

2331 1401 2496 1456 nibus
2526 1399 2647 1470 ejus
2679 1400 3057 1455 absconditum
3089 1407 3174 1454 est
3213 1398 3556 1469 mysterium,
3589 1405 3648 1450 ut
3679 1412 3775 1466 pro
3801 1411 3914 1451 uno

2335 1492 2488 1561 apice
2517 1492 2898 1546 mandatorum
2939 1491 3144 1547 Christi
3190 1492 3402 1544 animas
3449 1500 3669 1543 nostras
3707 1501 3915 1557 ponere

2336 1597 2408 1635 ne
2439 1581 2776 1636 dubitemus.
2821 1580 3013 1635 Sermo
3047 1581 3193 1636 enim
3229 1579 3318 1633 Dei
3353 1587 3617 1640 armatus,
3659 1589 3712 1632 et
3753 1575 3914 1645 quasi

2337 1669 2550 1740 gladius
2575 1684 2776 1738 anceps
2807 1671 2874 1736 ³⁸,
2910 1680 2965 1724 et
3004 1684 3035 1723 a
3066 1683 3175 1739 quo
3201 1669 3328 1739 quis
3368 1667 3546 1723 victus
3574 1676 3676 1732 est,
3712 1667 3833 1736 ejus
3861 1674 3916 1721 et

2337 1775 2530 1816 servus
2557 1771 2641 1817 est
2659 1759 2725 1815 ".

2395 1851 2481 1906 'Ut
2504 1860 2683 1906 autem
2709 1854 2953 1923 exemplo
2983 1869 3199 1924 quoque
3227 1854 3490 1910 credibile
3519 1853 3734 1914 faciam.
3767 1849 3916 1921 quod

654 1949 723 2003 de
749 1966 857 2018 qua
899 1951 1156 2019 diximus,
1187 1952 1278 2022 qui
1317 1953 1400 2006 vel
1439 1966 1616 2021 nuper
1663 1965 1782 2006 eam
1836 1950 2116 2011 inivimus,
2152 1949 2234 2002 vel
2269 1917 2310 1975 Β
2339 1945 2481 2011 dico,
2511 1960 2609 2000 vos
2648 1945 3015 2015 interrogabo.
3052 1946 3150 2001 Cui
3181 1963 3304 2002 cum
3341 1947 3549 2008 decem,
3585 1956 3677 1999 aut
3706 1943 3917 1997 duode-

655 2042 862 2096 diutius
891 2043 942 2096 in
970 2060 1030 2096 ea
1067 2044 1429 2111 perreximus,
1480 2054 1533 2097 et
1572 2043 1640 2097 ab
1674 2042 1930 2096 omnibus
1960 2040 2080 2096 istis
2115 2055 2236 2109 quae

655 2133 813 2187 dictae
837 2143 963 2189 sunt
991 2133 1183 2190 bestiis
1207 2145 1259 2189 et
1281 2134 1611 2199 latronibus,
1637 2133 1805 2188 multa
1834 2133 2052 2201 quidem
2085 2132 2231 2200 passi

654 2238 846 2278 eorum
877 2239 998 2292 quae
1021 2225 1595 2286 commemoravimus,
1627 2224 1799 2292 gratia
1827 2231 2003 2276 autem
2029 2220 2232 2275 Christi

655 2329 835 2382 neque
862 2314 1271 2367 adulationibus
1301 2313 1531 2382 decepti,
1561 2326 1734 2380 neque
1757 2310 2023 2378 elegantia
2049 2323 2229 2362 rerum

658 2406 1036 2475 apparentium
1065 2404 1131 2459 ad
1161 2406 1492 2474 voluptatem
1529 2402 1715 2457 furtim
1747 2402 2023 2471 pertracti,
2056 2415 2234 2470 neque

657 2500 851 2554 timore
878 2506 972 2550 aut
1003 2498 1165 2550 minis
1191 2496 1256 2549 ad
1287 2495 1673 2548 declinandum
1709 2493 1776 2546 de
1825 2501 1974 2545 recta
2003 2492 2110 2552 via,
2139 2499 2234 2544 aut

655 2577 686 2640 a
715 2603 1010 2657 progressu
1035 2586 1403 2640 desistendum
1435 2585 1639 2645 inflexi.
1673 2598 1850 2651 neque
1877 2597 2002 2636 vero
2030 2589 2234 2634 retror-

656 2695 777 2734 sum
810 2678 1057 2733 conversi
1080 2692 1295 2741 sumus,
1325 2675 1418 2732 sed
1446 2678 1648 2743 potius,
1678 2681 1732 2728 et
1752 2673 1969 2743 quidem
2003 2679 2233 2726 conterr-

656 2772 765 2825 tius
818 2772 1113 2825 currimus.
1172 2767 1312 2822 Num
1365 2769 1418 2821 in
1477 2767 1570 2819 tali
1629 2775 1770 2821 statu
1821 2773 1874 2818 et
1920 2764 2232 2819 conditione

652 2871 864 2926 nostra,
898 2861 1102 2932 quievit
1154 2877 1184 2916 a
1239 2860 1396 2916 nobis
1436 2858 1822 2929 oppugnandis
1855 2856 2123 2922 Satanas;
2177 2865 2232 2910 et

652 2970 784 3010 num
838 2953 1133 3023 aliquando
1167 2952 1383 3007 tandem
1437 2952 1728 3021 quieturus
1760 2949 1880 3003 est?
1939 2940 2228 3017 Nunquam

653 3061 806 3102 sane.
841 3047 1109 3112 Quocirca
1142 3045 1285 3100 Detts
1331 3060 1548 3114 semper
1579 3043 1735 3097 nobis
1767 3056 1983 3096 summo
2011 3041 2231 3095 deside-

652 3138 759 3216 rio,
805 3146 1026 3206 totaque
1077 3146 1255 3190 mente
1288 3137 1531 3190 orandus
1581 3144 1686 3199 est,
1729 3149 1796 3187 ne
1828 3148 1931 3187 nos
1989 3145 2228 3199 unquam

651 3227 890 3286 inescari
922 3244 949 3282 a
983 3230 1242 3299 maligno,
1281 3237 1376 3281 aut
1407 3225 1519 3279 falli
1546 3224 1802 3294 patiatur.
1840 3223 1964 3277 Haec
1996 3236 2168 3292 pauca
2201 3237 2230 3276 e
2259 3263 2302 3323 Ο

653 3320 841 3374 multis
879 3318 1284 3373 decertantibus
1318 3315 1738 3384 disputavimus.

726 3411 800 3464 De
831 3410 897 3464 iis
922 3424 1104 3477 porro,
1138 3408 1230 3478 qui
1260 3409 1410 3462 nullo
1433 3407 1777 3471 discrimine,
1804 3412 1860 3459 et
1887 3402 2022 3458 nihil
2047 3402 2234 3457 omnia

655 3503 956 3574 pendentes
996 3503 1096 3555 hac
1126 3503 1233 3566 via,
1273 3511 1326 3556 et
1356 3503 1468 3555 vita
1506 3499 1910 3569 ingrediuntur,
1959 3495 2088 3566 quid
2131 3509 2231 3564 ego

654 3595 871 3648 dicam?
905 3593 1347 3662 quandoquidem
1398 3591 1547 3646 velut
1599 3590 1827 3658 stupidas
1873 3604 2001 3642 aves
2053 3587 2230 3640 omnis

654 3685 868 3756 generis
903 3684 1104 3738 diaboli
1166 3683 1374 3752 laqueis
1428 3682 1772 3743 irretiuutur,
1827 3686 2000 3734 semet
2055 3680 2231 3733 cuivis

657 3776 872 3833 atTectui
907 3775 1165 3829 dedentes
1195 3789 1257 3828 ac
1287 3773 1682 3841 ntancipantes.
1719 3779 1771 3825 et
1807 3787 1985 3826 escam
2017 3786 2232 3838 semper

657 3871 898 3938 maligno
949 3883 1009 3923 se
1064 3867 1405 3934 objicientes,
1469 3866 1859 3931 circumeunti,
1903 3875 1952 3918 et
2007 3865 2233 3934 rugienti

656 3966 828 4018 instar
865 3961 1052 4024 (conis,
1103 3960 1456 4030 qurerentique
1496 3975 1645 4029 quem
1687 3959 1890 4011 devoret
1913 3959 1978 4021 “,
2013 3967 2066 4011 et
2096 3958 2231 4012 muri

656 4065 984 4127 praeoptarit,
1021 4069 1182 4124 quam
1215 4067 1244 4106 e
1283 4051 1537 4106 dentibus
1569 4061 1620 4105 et
1671 4050 1922 4104 faucibus
1959 4051 2075 4119 ejus
2105 4065 2233 4103 cru-

657 4150 956 4205 delissimis
988 4147 1222 4206 extrahi.
1253 4144 1456 4199 liortor
1503 4146 1707 4213 itaque,
1742 4152 1794 4197 et
1822 4158 2016 4198 omnes
2046 4150 2232 4196 oratos

657 4244 784 4298 volo
816 4243 867 4296 in
899 4241 1115 4295 Christo
1151 4238 1305 4304 Jesu,
1356 4248 1414 4293 ut
1443 4237 1797 4305 sibimetipsis
1846 4235 2148 4300 attendant,
2180 4244 2233 4288 et

660 4336 1035 4404 unusquisque
1059 4349 1167 4390 non
1202 4333 1325 4402 plus
1358 4346 1518 4400 quam
1551 4340 1786 4399 oportet,
1814 4331 1905 4384 sed
1936 4330 2002 4383 ad
2025 4328 2235 4384 sobrie-

659 4433 822 4478 tatem
870 4422 1047 4490 sapiat
1077 4424 1144 4486 “,
1196 4421 1570 4489 dircctamque
1629 4420 1796 4484 viam,
1847 4434 1967 4487 qua:
2006 4418 2144 4472 Deus
2179 4425 2232 4472 et

659 4517 911 4573 Christus
937 4525 1043 4580 est,
1075 4514 1318 4566 ambulet
1354 4513 1459 4581 (cui
1493 4519 1546 4565 ct
1578 4514 1906 4578 respondere
1935 4510 2231 4579 Oportebit.

2336 2038 2441 2090 eiut
2471 2037 2606 2092 viris
2638 2048 2890 2106 suscepta
2923 2050 3007 2092 est
3038 2039 3345 2099 dimicatio.
3379 2037 3507 2091 dum
3563 2050 3757 2090 manus
3788 2048 3916 2087 cum

2337 2129 2404 2182 iis
2435 2130 2696 2194 conserit,
2733 2130 2775 2184 si
2811 2130 3202 2198 antesignanos
3257 2139 3310 2183 et
3352 2129 3684 2184 fortissimos
3720 2139 3914 2180 eorum

2335 2220 2499 2274 simul
2527 2221 2698 2290 prima
2731 2222 3090 2291 impressione
3129 2224 3179 2275 in
3220 2221 3396 2291 fugam
3450 2219 3795 2289 compulerit,
3830 2232 3920 2270 re-

2335 2311 2519 2379 liquos
2561 2313 2954 2375 vulneraverit,
3012 2328 3074 2366 ac
3127 2313 3505 2381 prostraverit,
3561 2327 3727 2364 unum
3764 2324 3916 2371 vero,

2335 2414 2429 2456 aut
2456 2403 2595 2458 duos
2631 2420 2695 2457 ex
2728 2404 2815 2457 his
2843 2404 3316 2472 despicabiliores,
3362 2403 3796 2469 infirmioresque
3829 2416 3919 2454 re-

2335 2492 2493 2545 lietos
2519 2504 2703 2560 postea
2737 2493 2946 2556 timide,
2978 2501 3031 2547 et
3062 2510 3184 2547 cum
3223 2494 3501 2548 blanditiis
3534 2493 3725 2562 procul
3763 2491 3920 2547 ad’se

2336 2583 2618 2636 venientes
2652 2583 2863 2650 viderit,
2897 2600 2998 2646 nec
3031 2601 3328 2640 occurrens
3358 2600 3452 2638 eos
3482 2583 3916 2653 comprehende-

2335 2679 2426 2743 rit,
2463 2697 2659 2734 manus
2699 2696 2835 2749 pone
2882 2683 3205 2754 revinxerit,
3262 2692 3354 2736 aut
3394 2681 3678 2745 occiderit,
3730 2693 3914 2732 nonne

2336 2773 2549 2828 Saeviter
2589 2773 2656 2826 ab
2689 2775 2755 2826 iis
2787 2773 2903 2842 ipse
2928 2774 3324 2828 trucidabitur?
3356 2775 3411 2827 Si
3451 2774 3594 2827 enim
3630 2788 3692 2825 ex
3721 2786 3920 2840 super-

2335 2864 2422 2919 bia
2447 2873 2500 2917 et
2522 2865 2836 2932 arrogantia
2864 2865 3122 2935 projectis
3147 2866 3314 2918 armis
3339 2865 3671 2931 recubuerit,
3696 2847 3920 2932 illisque

2336 2959 2672 3026 contemptis
2708 2960 2940 3028 supinus
2996 2961 3335 3022 dormiverit,
3372 2975 3438 3013 an
3495 2975 3603 3014 non
3653 2959 3833 3013 sciens
3863 2964 3920 3010 et

2337 3053 2523 3107 volens
2558 3052 2612 3105 in
2650 3054 2970 3107 servitutem
3029 3052 3246 3108 miseris
3299 3053 3409 3107 illis
3443 3067 3501 3106 se
3544 3033 3804 3104 tradidit?
3836 3047 3917 3103 An

2335 3158 2445 3196 non
2472 3145 2563 3212 qui
2598 3154 3034 3212 supervenerunt
3064 3145 3171 3197 duo
3195 3160 3259 3198 ex
3286 3144 3414 3208 illis,
3441 3153 3533 3196 aut
3557 3143 3716 3196 etiam
3746 3156 3917 3205 unus,

2336 3235 2559 3304 ligatum
2597 3250 2721 3289 eum
2756 3236 2806 3289 in
2838 3250 2939 3290 suo
2972 3236 3243 3304 mancipio
3277 3235 3519 3297 habebit,
3548 3244 3601 3288 et
3630 3248 3728 3302 pro
3759 3246 3920 3288 servo

2337 3327 2608 3381 abducet?
2661 3336 2754 3382 aut
2813 3328 2858 3382 si
2915 3328 3077 3382 etiam
3139 3327 3697 3396 gladiojugulaverit,
3757 3325 3920 3379 faciet

2337 3416 2591 3486 omnibus
2653 3418 2975 3472 mortalibus
3031 3417 3370 3470 ludibrium?
3418 3419 3612 3470 Annon
3651 3426 3918 3484 praeterea

2338 3517 2528 3562 omnes
2568 3507 2652 3561 sui
2696 3509 3056 3578 negligentem
3087 3517 3141 3562 et
3193 3507 3556 3562 confidentem
3597 3507 3768 3569 illum,
3809 3507 3920 3560 imo

2339 3597 2646 3650 dementem
2707 3612 2769 3651 ac
2827 3598 3104 3667 stupidum
3177 3601 3371 3652 merito
3435 3606 3635 3653 caésum
3699 3598 3923 3652 dicent?

2339 3686 2573 3744 Omnino
2602 3691 2745 3743 enim
2785 3706 2890 3744 non
2924 3699 3031 3744 tam
3071 3690 3358 3745 laudabilis
3399 3692 3501 3744 erit
3552 3701 3773 3758 propter
3814 3705 3920 3758 pu-

2340 3794 2498 3847 gnam
2530 3789 2582 3832 et
2610 3780 2890 3834 victoriam
2924 3779 3065 3833 illam
3099 3789 3286 3834 contra
3339 3782 3610 3842 fortiores.
3644 3797 3808 3851 quam
3838 3782 3921 3836 vi-

2343 3873 2685 3941 tuperabilis,
2751 3873 3170 3935 abominandus.
3226 3882 3280 3928 et
3352 3875 3766 3942 vilipendendus
3823 3891 3918 3954 seu

2340 3978 2555 4028 servus,
2587 3979 2682 4018 seu
2716 3973 2988 4027 mortuus,
3022 3973 3078 4016 ut
3107 3965 3274 4018 libere
3303 3965 3505 4028 dicam,
3534 3967 3676 4035 quod
3711 3967 3780 4019 ab
3809 3979 3920 4020 uno

2340 4057 2436 4111 illo
2475 4057 2653 4111 victus
2691 4056 2782 4112 sit.
2819 4057 2909 4112 Sic
2945 4057 3135 4125 igitur,
3194 4056 3392 4112 fratres
3435 4058 3538 4111 mei
3578 4059 3918 4120 charissitni,

2341 4148 2478 4202 nihil
2510 4147 2669 4202 nobis
2699 4147 2964 4216 proderit,
2998 4147 3042 4200 si
3073 4149 3374 4215 majoribus
3406 4149 3917 4216 perturbationibus

2340 4239 2617 4300 edomitis,
2657 4238 2712 4292 in
2769 4239 3043 4291 minorum
3111 4248 3372 4307 poteSIate
3423 4240 3616 4294 simus.
3671 4240 3918 4308 Exempli

2341 4332 2511 4401 gratia
2548 4329 2757 4400 (eadem
2797 4331 2939 4385 enim
2993 4347 3190 4386 rursus
3251 4330 3450 4396 dicam,
3489 4340 3542 4384 et
3587 4331 3772 4385 dicere
3809 4348 3916 4384 non

2341 4423 2610 4493 desinam)
2644 4424 2687 4474 si
2716 4425 2895 4476 carnis
2922 4424 3334 4492 inquinamenta
3368 4423 3623 4486 vitemus,
3656 4423 3699 4476 si
3733 4425 3801 4476 ab
3833 4423 3919 4476 in-

2340 4516 2510 4578 vidia,
2548 4523 2601 4570 et
2627 4515 2791 4570 furtis
2834 4516 3011 4584 magni
3063 4514 3322 4568 momenti
3361 4515 3753 4576 abstineamus,
3795 4515 3839 4570 si
3887 4530 3918 4569 a

658 4618 715 4660 ut
737 4607 883 4674 justo
904 4605 1102 4666 Jmlici,
1135 4611 1188 4657 et
1222 4603 1314 4670 qui
1347 4602 1725 4657 circumscribi
1758 4601 1964 4669 nequit)
2001 4616 2107 4654 non
2135 4601 2232 4654 de-
2267 4622 2310 4672 ι)
2344 4603 2563 4665 nefariis
2593 4617 2889 4670 puerorum
2928 4603 3232 4665 amoribus,
3263 4609 3316 4656 et
3360 4618 3550 4657 aversa
3584 4603 3834 4663 libidine.
3871 4605 3918 4659 si

660 4698 927 4752 cliuantes
954 4696 1019 4748 ad
1045 4696 1313 4756 dextram,
1348 4708 1447 4746 nec
1477 4693 1543 4746 ad
1575 4692 1848 4747 sinistram
1875 4692 1920 4722 "
1953 4709 1964 4744 :
1994 4690 2087 4744 sed
2113 4689 2233 4757 ejus

662 4793 885 4860 vestigia
953 4799 1215 4860 perpetuo
1276 4795 1606 4858 prementes,
1672 4787 1727 4840 in
1789 4785 2060 4839 mandatis
2114 4784 2233 4852 ejus

661 4886 914 4938 omnibus
967 4883 1172 4950 absque
1212 4881 1319 4935 ttllu
1377 4879 1680 4934 omissione
1727 4875 2124 4934 custodiendis.
2178 4883 2235 4926 ut

663 4974 943 5030 salvemini
979 4975 1123 5027 sicut
1173 4987 1367 5041 caprea
1402 4985 1432 5025 e
1482 4968 1735 5031 maculis,
1779 4976 1834 5021 et
1866 4980 2054 5034 passer
2082 4978 2113 5018 e
2152 4965 2231 5018 la-

661 5083 801 5136 queo
828 5067 892 5121 “.
957 5067 1198 5119 Primum
1255 5065 1454 5134 quippe
1505 5064 1822 5117 mandatum
1855 5069 1960 5126 est,
2007 5061 2233 5130 diligere

662 5162 951 5215 Dominum
990 5159 1180 5222 Deum,
1227 5166 1281 5210 et
1313 5160 1563 5210 mandata
1597 5154 1717 5222 ejus
1747 5167 1966 5208 servare
1987 5154 2054 5214 ’⁸,
2086 5153 2230 5206 sicut

663 5253 778 5321 ipse
807 5253 881 5302 ait
919 5249 1062 5314 :Qui
1093 5249 1266 5316 diligit
1309 5263 1409 5310 me,
1452 5245 1708 5300 mandata
1739 5261 1852 5298 mea
1899 5245 2132 5298 custodit
2163 5244 2228 5297 ".

662 5341 996 5399 Secundum.
1023 5339 1249 5408 diligere
1276 5338 1416 5392 inter
1447 5353 1527 5400 se,
1566 5337 1705 5390 sicut
1740 5335 1855 5405 ipse
1901 5335 2041 5390 Deus
2073 5351 2231 5388 mun-

663 5434 790 5487 dum
820 5431 1024 5485 dilexit.
1067 5429 1204 5484 Vera
1255 5440 1432 5482 autem
1465 5429 1683 5483 dilectio
1719 5429 1804 5482 his
1843 5427 1999 5497 quasi
2037 5426 2234 5480 chara-

666 5524 909 5578 cteribus
956 5522 1308 5591 cognoscitur
1338 5520 1406 5586 ",
1444 5521 1704 5575 adversus
1735 5520 1956 5574 fratrem
1990 5533 2100 5572 non
2148 5519 2234 5571 in-

669 5614 806 5677 ﬂari,
839 5629 934 5666 nec
959 5613 1157 5678 elici-ri,
1191 5627 1288 5666 nec
1339 5613 1583 5666 aemulari
1639 5613 1815 5676 illum,
1855 5612 1948 5666 sed
1990 5613 2234 5666 aemulari

670 5709 870 5762 bonum
907 5722 918 5756 :
956 5722 1060 5758 non
1097 5721 1256 5774 agere
1297 5720 1602 5774 perperam,
1645 5720 1750 5757 non
1795 5719 1918 5759 esse
1972 5705 2233 5759 audacem

744 5824 788 5855 ¹¹
823 5822 1010 5875 IPelr.
1033 5838 1081 5882 ν,
1104 5821 1156 5875 8.
1233 5823 1276 5852 ³³
1307 5823 1462 5875 Rom.
1497 5836 1590 5875 su.
1618 5820 1669 5871 ’5.

675 5894 716 5928 ⁸⁷
752 5892 923 5949 lCor.
988 5907 1101 5958 \ttt,
1140 5891 1155 5944 l
1201 5907 1356 5962 seqq.
1433 5893 1476 5924 ³⁸
1509 5890 1676 5944 llebr.
1730 5905 1802 5955 ιν,
1849 5890 1930 5943 l2.

1774 5819 1818 5849 ³³
1853 5819 2006 5872 Deut.
2052 5834 2185 5871 xvii.
2229 5818 2312 5870 ll.

2046 5888 2089 5920 "
2121 5887 2162 5942 ll
2198 5886 2340 5944 Petr.
2377 5904 2435 5955 tt,
2474 5889 2556 5944 l‘J.

2342 4709 2371 4747 a
2433 4694 2683 4759 mollitie,
2739 4702 2793 4747 et
2846 4695 2990 4747 oumi
3040 4695 3142 4747 alia
3195 4694 3915 4763 petulantiatemperemus,

2337 4787 2468 4840 vitio
2523 4796 2702 4841 tamen
2756 4786 2984 4850 ventris,
3039 4797 3132 4839 aut
3165 4788 3335 4840 multo
3385 4787 3532 4849 vino,
3571 4799 3662 4841 aut
3699 4785 3915 4851 somno,

2340 4886 2433 4931 aut
2463 4878 2697 4942 iuertim,
2723 4888 2814 4930 aut
2843 4877 3097 4946 pigritire,
3129 4878 3574 4943 contradictioni,
3599 4879 3919 4933 inobedien-

2341 4971 2446 5034 tiae,
2476 4971 2895 5023 murmurationi
2926 4979 3180 5037 tanquam
3215 4971 3382 5031 servi,
3412 4978 3463 5022 et
3487 4969 3774 5038 l'lagriones
3797 4971 3921 5024 sub-

2335 5062 2614 5130 jiciamur,
2653 5077 2840 5129 quem,
2901 5061 3150 5122 obsecro,
3188 5076 3250 5113 cx
3305 5061 3421 5114 sola
3461 5076 3686 5128 operum
3741 5063 3919 5129 pessi-

2339 5150 2898 5214 morumﬁabstinentia
2917 5150 3153 5203 fructum
3173 5148 3616 5218 consequentur?
3687 5149 3742 5203 Si
3776 5153 3921 5205 clam

2340 5243 2496 5313 panis
2558 5241 2858 5310 fragmenta
2917 5241 3264 5310 surripiutus.
3303 5248 3356 5294 et
3415 5241 3771 5304 comedimus,
3825 5250 3919 5295 aut

2341 5336 2620 5405 quippiam
2674 5334 2819 5387 aliud
2876 5333 3096 5387 aliunde
3170 5334 3523 5402 sublegimus,
3572 5333 3734 5402 idque
3780 5335 3917 5386 citra

2341 5427 2670 5498 permissum
2701 5424 2939 5494 praefecti
2974 5424 3172 5488 nostri,
3213 5425 3307 5493 qui
3343 5440 3441 5478 nos
3477 5426 3688 5494 peccati
3716 5426 3916 5477 inmm-

2343 5535 2440 5574 nes
2468 5517 2817 5588 pronuntiet?
2847 5518 2900 5570 Si
2929 5533 2957 5571 a
2983 5518 3172 5587 synaxi
3210 5518 3414 5584 absque
3439 5531 3638 5586 magna
3665 5515 3926 5583 corporis

2342 5611 2740 5673 imbecillitate,
2776 5619 2866 5663 aut
2896 5612 3219 5665 necessitate
3248 5611 3431 5680 aliqua
3461 5621 3656 5678 sponte
3681 5608 3922 5662 abfueri-

2347 5704 2506 5758 tnus?
2544 5701 2596 5756 Si
2637 5701 2849 5756 fluctus
2880 5704 3273 5769 custodientes,
3307 5703 3376 5758 ab
3407 5702 3542 5772 ipsis
3587 5700 3768 5773 gulam
3807 5714 3919 5752 non

2391 5819 2436 5850 "
2465 5817 2625 5874 Prov.
2651 5834 2723 5886 χι,
2753 5817 2834 5875 13.
2912 5823 2954 5854 ³⁵
2989 5821 3144 5877 Deut.
3174 5837 3222 5876 vi
3244 5865 3256 5889 ,
3289 5824 3340 5878 5.
3419 5820 3463 5855 ¹⁶
3493 5819 3650 5874 Joan.
3687 5831 3798 5873 xiv.
3830 5817 3918 5872 l5.
