4156 6340
263 367 374 427 4ης)

1623 373 1908 435 ORATIO
1945 376 2126 440 XXX.

3376 365 3484 431 4το

262 489 736 545 continuerimus?
767 491 974 545 Etenim
1006 489 1133 558 quid
1164 489 1308 543 aliud
1359 488 1622 542 Adamum
1678 503 1708 542 e
1737 503 1799 557 pa
1855 487 1902 546 Α
1929 489 2256 548 descendere
2313 499 2364 544 in
2413 501 2637 552 terram,
2693 492 2745 542 in
2779 501 2950 557 eaque
2979 486 3277 542 consistere
3332 482 3481 536 nullo

262 583 444 637 radiso
466 584 650 648 ejcc‘t,
679 583 948 653 mortique
981 580 1224 636 dedidit?
1257 581 1394 647 Quid
1432 595 1494 633 ex
1516 579 1824 648 graviorum

262 672 478 725 illorum
509 674 774 729 vitatione
795 674 1064 728 commodi
1093 671 1510 728 nanciscemur?
1543 670 1651 724 Nec
1680 667 1825 722 enim

262 765 538 832 quispiam
568 774 684 819 toto
712 780 939 834 corpore
970 766 1138 828 lacer,
1184 763 1378 818 deinde
1428 761 1677 830 pluribus
1709 775 1826 813 tne—

260 852 605 914 dicamentis,
646 865 836 922 praeter
859 871 1018 908 unam
1050 854 1315 908 modicam
1349 853 1556 921 plagam
1584 859 1826 914 curatus,

259 941 369 996 diri
412 959 582 997 sanus
616 954 812 1012 potest,
847 947 893 999 si
949 946 1190 1000 vulneris
1226 959 1419 1012 parvas
1455 942 1735 1009 reliquias,
1771 949 1830 994 ut

262 1033 509 1088 foramen
543 1052 677 1103 acus
727 1039 902 1092 adhuc
945 1037 1294 1092 circumferat
1340 1057 1354 1092 :
1401 1035 1498 1090 sed
1545 1033 1634 1103 qui
1667 1033 1827 1087 etiam

259 1127 549 1181 vulnerum
603 1129 908 1193 cicatrices,
947 1130 989 1183 si
1029 1139 1223 1197 potest.
1276 1126 1577 1190 sustulerit,
1619 1124 1705 1178 ille
1736 1139 1832 1175 cu-

261 1227 417 1271 ratus
453 1217 834 1285 praedicabiwr
866 1221 936 1275 ob
967 1221 1236 1274 munibus.
1274 1219 1349 1273 Ne
1379 1219 1543 1287 igitur
1575 1217 1674 1271 ista
1708 1229 1832 1283 par-

262 1305 618 1362 viducamus:
663 1311 754 1364 sed
798 1320 1016 1379 propter
1039 1327 1100 1365 ea
1129 1311 1264 1366 alios
1292 1311 1535 1378 punitos,
1570 1316 1623 1361 et
1663 1307 1830 1360 vehe-

260 1408 475 1451 menter
506 1401 789 1455 damnatos
821 1403 1126 1468 audientes,
1155 1403 1296 1468 quod
1335 1417 1433 1455 nos
1489 1401 1613 1454 inde
1654 1414 1831 1453 nocu-

262 1500 505 1544 mcntum
545 1501 748 1556 manet,
783 1496 908 1548 totis
942 1496 1152 1549 viribus
1201 1493 1492 1564 fugiamus.
1536 1493 1599 1547 Et
1647 1506 1827 1552 nemo,

261 1580 625 1648 dilectissimi,
676 1584 728 1636 in
783 1585 967 1652 aliquo
1005 1585 1219 1646 horum,
1271 1591 1365 1636 aut
1410 1582 1516 1635 alio
1573 1583 1828 1650 quopiam

262 1675 601 1736 turbulento,
663 1690 724 1729 ae
762 1679 955 1732 vitioso
1009 1677 1204 1730 affectu
1257 1676 1324 1731 de
1361 1686 1560 1732 czetero
1614 1690 1830 1744 perma-

261 1775 426 1830 neat;
455 1767 547 1820 Sed
595 1767 721 1822 hinc
769 1769 879 1834 jam
941 1769 1245 1840 profligato,
1301 1768 1630 1838 parnitentiae
1665 1767 1830 1821 faciat

263 1851 498 1922 initium,
536 1869 588 1911 et
643 1874 701 1914 se
756 1860 953 1914 victum
1013 1860 1186 1916 fuisse
1219 1861 1465 1914 confiteri
1515 1875 1580 1914 ne
1631 1869 1827 1924 cesset,
1863 1840 1902 1894 Β

261 1946 438 2002 donec
471 1951 795 2015 pudefactus
825 1959 1114 2020 suggestor
1146 1953 1422 2015 inimicus,
1460 1953 1528 2005 ab
1560 1966 1625 2005 eo
1657 1966 1832 2020 oppu-

261 2040 480 2106 gnando
535 2042 868 2098 discesserit.
900 2043 978 2096 Ne
1012 2043 1323 2098 dominetur
1373 2043 1544 2098 nostri
1604 2041 1830 2108 invidia,

261 2146 331 2182 ne
366 2131 467 2196 ira,
501 2149 566 2185 ne
600 2134 751 2188 furor
778 2145 828 2188 et
860 2135 1086 2198 clamor,
1120 2150 1184 2188 ex
1238 2135 1438 2204 quibus
1480 2133 1829 2201 turpiloquia,

258 2231 315 2274 et
374 2225 716 2279 contumelia:
765 2227 1009 2295 generari
1060 2234 1486 2281 consueverunt.
1549 2226 1622 2280 Ne
1653 2225 1830 2281 inanis

259 2311 451 2379 glorii,
492 2315 766 2379 Superbia,
809 2317 892 2368 sui
930 2315 1222 2368 admiratio
1262 2313 1419 2369 nobis
1474 2314 1828 2382 imperantes,

261 2401 316 2453 in
349 2403 675 2468 profundum
711 2405 908 2459 inferni
940 2422 1037 2460 nos
1072 2406 1294 2460 trahant
1325 2421 1339 2458 :
1378 2421 1565 2461 verum
1599 2407 1684 2462 his
1712 2421 1834 2460 om—

259 2494 426 2548 nibus
488 2498 675 2563 procul
734 2498 1128 2564 exterminatis,
1180 2497 1411 2553 virtutes
1463 2513 1652 2554 eorum
1708 2498 1832 2553 loco

258 2600 671 2655 comparemus.

329 2679 435 2733 Sed
469 2689 720 2735 occurrat
781 2683 920 2739 forte
956 2687 1248 2756 quispiam,
1302 2700 1424 2739 cum
1484 2693 1594 2737 tam
1648 2687 1832 2738 multa:

259 2769 394 2829 sint,
433 2778 486 2826 et
515 2773 938 2829 innumerabiles
978 2774 1366 2845 propemodum
1399 2789 1518 2843 quae
1551 2774 1832 2828 recensita!

260 2871 390 2914 sunt
439 2865 711 2919 motiones
765 2865 819 2919 in
877 2867 1303 2934 reprehensione
1335 2861 1547 2935 positae,
1587 2865 1709 2934 quis
1739 2879 1831 2920 eas

259 2966 453 3006 omnes
517 2955 776 3018 serutari,
844 2965 899 3009 et
937 2956 1300 3010 abuniversis
1335 2970 1526 3010 cavere
1582 2955 1685 3010 sibi
1738 2970 1835 3025 po-

259 3052 387 3105 test,
425 3055 482 3097 ut
534 3061 600 3099 ne
631 3046 699 3100 ab
729 3062 832 3099 una
881 3048 1098 3115 quidem
1156 3048 1488 3116 occupetur?
1517 3046 1687 3113 Quis?
1732 3062 1832 3113 ego

1931 581 2091 635 modo
2125 580 2176 634 in
2204 589 2474 650 posterum
2503 577 2720 635 voletis.
2750 579 2850 633 Per
2877 587 3076 633 terram
3110 589 3272 647 porro
3290 586 3484 628 carna-

1928 673 2053 734 lem,
2084 689 2177 742 per
2207 688 2382 729 aerem
2412 673 2710 744 spiritalem
2749 688 2990 736 sensum,
3024 672 3363 739 cogitataque
3397 666 3480 719 in-

1927 763 2130 830 telligo.
2159 762 2294 818 Nam
2325 764 2367 818 si
2404 779 2556 818 mens
2581 764 2762 833 pravis
2791 761 3234 830 cegitationibus,
3278 765 3332 810 et
3365 769 3486 809 mo-

1929 856 2074 910 tibus
2106 856 2378 926 expedita,
2405 874 2564 926 quam
2603 858 2853 912 Christus
2887 855 3027 908 Deus
3069 854 3222 908 nobis
3258 849 3484 906 donavit

1931 944 2232 1001 libertatem
2263 947 2558 1015 aspiciendi
2583 947 2890 1002 facultatem
2917 943 3224 1013 prmbuerit,
3258 942 3322 996 ad
3372 937 3483 1010 pri-

1930 1037 2127 1090 stinam
2189 1039 2392 1106 peccati
2459 1038 2812 1103 servitutem,
2879 1036 3232 1103 carnalesque
3291 1045 3481 1086 sensus

1929 1127 2261 1183 descendere
2293 1130 2530 1198 amplius
2571 1144 2677 1182 non
2706 1129 3091 1182 sustinebimus
3120 1142 3133 1178 :
3165 1125 3258 1179 sed
3289 1136 3489 1177 secun-

1930 1215 2058 1267 dum
2091 1214 2300 1270 Domini
2337 1219 2556 1273 verbum
2591 1219 2656 1281 '°,
2694 1219 2914 1284 vigilare
2943 1228 2995 1271 et
3021 1233 3178 1270 orare
3210 1230 3315 1268 non
3341 1212 3485 1268 desi-

1931 1319 2143 1368 nemus,
2177 1306 2350 1362 donec
2395 1310 2459 1362 ad
2497 1310 2881 1364 beatitudinem
2937 1309 3078 1361 illam
3114 1307 3305 1369 evecti,
3361 1318 3480 1372 pro-

1933 1395 2118 1450 missis
2148 1397 2307 1453 bonis
2354 1400 2646 1466 patiamur,
2685 1399 2857 1469 gratia
2904 1407 2959 1452 et
2994 1397 3323 1465 benignitate
3378 1393 3487 1447 Do-

1932 1486 2062 1538 mini
2104 1488 2274 1540 nostri
2323 1488 2449 1544 Jesu
2483 1489 2708 1550 Christi.
2741 1491 2826 1543 cui
2860 1489 3032 1557 gloria
3081 1503 3201 1541 cum
3237 1484 3395 1538 Patre
3431 1489 3485 1537 et

1930 1589 2119 1630 sancto
2152 1577 2353 1646 Spiritu
2384 1597 2527 1635 nunc
2557 1591 2610 1636 et
2633 1596 2845 1651 semper
2867 1581 3118 1636 aetatibus
3163 1577 3485 1633 saeculorum

1930 1663 2293 1735 sempiternis.
2327 1669 2522 1724 Amen.

2471 1780 2725 1839 ORATIO
2765 1781 2932 1839 XXX.

2524 1913 2900 1958 ARGUHENTUN.

1934 2000 2056 2056 Non
2086 2020 2196 2078 esse
2222 2006 2516 2069 dicendum,
2549 2010 2702 2063 hodie
2730 2012 2797 2063 ad
2821 2011 3091 2078 fastigium
3138 2011 3343 2062 virtutis
3370 2027 3484 2074 per-

1998 2076 2184 2135 veniri,
2214 2085 2263 2128 et
2295 2093 2413 2129 cum
2445 2080 2699 2132 reteribus
2732 2076 2926 2134 sanctis
2952 2076 3143 2133 certari
3171 2097 3270 2132 non
3304 2085 3492 2146 posse;

2003 2146 2215 2213 etiamsi
2242 2147 2388 2199 velis.
2425 2147 2730 2212 Quicunque
2753 2152 2943 2203 divinis
2973 2149 3254 2213 Scriptum
3276 2161 3490 2203 contra-

2003 2215 2083 2266 ria
2107 2212 2274 2280 docet,
2302 2232 2416 2268 eum
2445 2218 2546 2269 sibi
2571 2219 2835 2272 credentes
2869 2236 3000 2272 nava
3031 2212 3215 2274 lituresi
3240 2220 3488 2273 imbuere.

2000 2282 2287 2353 Lacrymas
2321 2286 2468 2339 nobis
2496 2302 2526 2338 a
2555 2298 2748 2340 natura
2776 2291 2930 2341 datas
2960 2305 3091 2345 esse.

2003 2397 2324 2467 Complures
2373 2399 2644 2468 quotidie,
2678 2400 2865 2456 Patres
2895 2408 2948 2454 et
2982 2400 3181 2456 fratres
3217 2401 3347 2462 mei,
3387 2413 3490 2454 nos

1929 2491 2094 2546 etiam
2122 2493 2366 2546 dicentes
2397 2491 2670 2556 audimus,
2703 2493 2746 2548 si
2796 2493 3119 2549 vixisscmus
3151 2493 3494 2560 temporibus

1931 2584 2317 2652 apostolorum,
2345 2583 2694 2640 et’Chrislum
2723 2585 2943 2653 perinde
2969 2593 3026 2638 ut
3061 2587 3135 2639 illi
3166 2587 3284 2640 istis
3314 2586 3496 2640 oculis.

1932 2687 2155 2728 cernere
2184 2675 2332 2744 digni
2363 2675 2675 2742 fuissemus,
2709 2693 2807 2732 nos
2835 2692 3051 2747 quoque
3075 2677 3273 2739 sancti,
3304 2693 3493 2746 quem-

1933 2767 2219 2819 admodum
2283 2768 2358 2822 illi
2412 2770 2798 2826 evasissemus.
2861 2771 2985 2824 Hice
3037 2771 3160 2823 dum
3216 2772 3497 2838 dictitant,

1934 2855 2181 2924 ignorant
2206 2859 2453 2913 eumdem
2482 2875 2601 2914 esse
2621 2860 2714 2928 qui
2742 2869 2873 2923 tum,
2899 2861 3101 2928 quique
3127 2876 3268 2914 mmc
3292 2861 3491 2914 mundo

1932 2948 2192 3016 loquitur.
2249 2949 2377 3003 Nam
2420 2951 2464 3004 si
2505 2968 2649 3004 nunc
2700 2967 2807 3004 non
2859 2952 2998 3006 idem
3031 2962 3134 3016 est,
3195 2952 3285 3022 qui
3338 2951 3490 3019 olim,

1930 3052 2084 3106 teque
2116 3056 2280 3110 super
2316 3043 2496 3095 omnia
2538 3043 2679 3099 Deus
2717 3052 2770 3098 et
2808 3044 2857 3097 in
2895 3045 3025 3097 cilici
3049 3045 3191 3107 ~ndo,
3241 3053 3293 3098 et
3325 3045 3376 3097 in
3410 3045 3492 3099 ef-

261 3136 480 3188 Cbristo
522 3137 816 3205 adiuvante
866 3154 962 3191 vos
994 3139 1221 3194 docebo.
1293 3139 1395 3204 Qui
1454 3151 1671 3207 peccata
1730 3156 1827 3193 sua

1936 3127 2113 3194 fectis,
2164 3133 2438 3200 quomodo
2493 3133 2708 3187 videtur
2768 3134 2822 3188 in
2878 3134 3014 3188 Filio
3074 3149 3289 3202 setrper
3342 3136 3491 3202 loqui

261 3241 478 3294 Semper
507 3237 632 3279 ante
689 3227 874 3280 oculos
916 3226 1101 3291 habet,
1163 3226 1514 3293 futurumque
1560 3224 1824 3293 judicium

261 3319 486 3371 assiduo
517 3318 796 3386 prospicit,
834 3332 896 3372 ac
937 3317 1258 3386 pmnitcntia
1289 3318 1475 3381 fervet,
1529 3328 1581 3370 et
1612 3331 1827 3372 amaras

261 3409 440 3462 fundit
466 3412 752 3480 lacrymas,
781 3410 870 3462 hic
901 3409 1330 3477 supergreditur,
1363 3410 1630 3478 longeque
1661 3409 1827 3463 vincit

259 3501 446 3554 omnia
480 3499 662 3558 simul,
698 3514 726 3550 a
762 3499 1078 3567 pmnitentia
1111 3500 1164 3553 in
1200 3499 1430 3553 sublime
1459 3509 1636 3563 actus,
1672 3510 1728 3553 ut
1758 3516 1827 3555 ne

261 3606 370 3644 una
407 3591 648 3657 quidem,
690 3599 742 3640 et
792 3589 906 3642 sola
946 3604 1008 3641 ex
1043 3589 1205 3644 dictis
1245 3590 1576 3643 motionibus
1608 3591 1671 3643 ad
1704 3607 1825 3645 eum

260 3681 573 3751 pervenire,
631 3681 861 3748 ejusque
911 3691 1169 3747 tanquam
1223 3696 1316 3748 per
1355 3695 1544 3734 aereas
1578 3680 1829 3748 regiones

262 3773 609 3827 incedentem
645 3775 881 3825 animam
935 3774 1197 3841 attingere
1236 3772 1430 3840 possit.
1489 3771 1830 3826 Ptnnitentiaa

262 3880 389 3918 nam
414 3880 520 3929 ,ue,
557 3874 608 3917 et
650 3880 714 3917 ex
746 3865 854 3917 into
896 3865 1059 3916 corde
1089 3863 1410 3916 emissarum
1467 3864 1828 3934 lacrymarum

261 3954 470 4018 fervor,
512 3956 716 4022 peccati
767 3953 959 4008 sordes
1013 3954 1288 4024 quomodo
1343 3957 1482 4023 ignis
1539 3956 1737 4010 confiat
1778 3966 1832 4012 et

259 4047 537 4109 absumit,
627 4047 975 4112 animamque
1038 4044 1459 4098 contaminatam
1545 4057 1824 4114 expurgat.

259 4136 616 4190 Tantumne?
651 4138 758 4189 imo
784 4145 836 4189 et
870 4136 1052 4190 iumen
1079 4137 1285 4204 largum
1321 4139 1373 4188 in
1410 4137 1576 4201 illam,
1609 4153 1704 4206 per
1741 4137 1832 4192 ad.

258 4239 484 4281 \rntum
511 4227 748 4293 Spiritus
789 4227 964 4281 sancti
1001 4229 1283 4301 magnifice
1315 4226 1569 4292 infundit,
1621 4240 1679 4282 ut
1704 4229 1831 4284 inde

258 4317 665 4381 misericordia,
696 4326 749 4371 et
782 4319 938 4373 bonis
966 4318 1229 4372 fructibus
1259 4318 1513 4372 abundet.
1546 4319 1699 4383 Quod
1728 4320 1827 4375 nisi

260 4410 446 4464 anima
478 4418 662 4464 nostra
690 4426 718 4462 a
750 4410 1066 4477 pmnitentia
1099 4419 1152 4464 et
1187 4410 1460 4480 lacrymis,
1487 4421 1540 4466 et
1563 4428 1679 4479 quae
1705 4412 1830 4465 hinc.

1935 3220 2116 3280 Pater.
2153 3233 2205 3276 et
2235 3221 2407 3276 Filius
2435 3223 2486 3276 in
2531 3222 2688 3276 Patre
2716 3239 2811 3292 per
2842 3223 3101 3292 Spiritum
3133 3225 3244 3278 lucc
3268 3224 3448 3278 dicere
3473 3243 3487 3276 :

1931 3311 2094 3367 Pater
2126 3331 2269 3370 meus
2301 3332 2461 3383 usque
2494 3317 2646 3369 modo
2698 3327 2963 3385 operatur,
2999 3327 3047 3370 et
3073 3334 3164 3386 ego
3198 3332 3382 3384 operor
3404 3317 3491 3370 ³¹ἳ

1933 3406 2037 3460 Sed
2079 3406 2293 3475 objiciet
2327 3407 2558 3462 forsitan
2588 3409 2808 3476 aliquis,
2843 3425 2946 3461 non
3001 3409 3142 3463 idem
3190 3418 3295 3470 est,
3337 3408 3487 3460 illum

1931 3497 2103 3564 ipsum
2134 3481 2262 3552 tunc
2293 3500 2570 3567 corporeis
2609 3499 2784 3555 oculis
2817 3500 3018 3552 vidisse
3052 3515 3399 3568 corporeum,
3435 3507 3491 3555 et

1931 3585 2092 3640 hodie
2116 3586 2232 3656 ejus
2263 3589 2426 3642 verba
2457 3588 2721 3642 duntaxat
2749 3588 2957 3652 audire,
2989 3604 3218 3658 quaaque
3247 3591 3310 3642 ad
3337 3605 3487 3654 eum,

1931 3688 1985 3732 et
2014 3693 2236 3746 regnum
2263 3679 2524 3733 cmlorum
2566 3680 2857 3747 pertinent,
2890 3680 3124 3734 edoceri.
3160 3679 3354 3734 Fateor
3387 3697 3498 3751 ego-

1932 3783 2170 3838 quoque,
2207 3784 2312 3822 non
2361 3783 2584 3833 prorsus
2610 3769 2747 3822 idem
2787 3783 2905 3822 esse
2931 3784 3074 3820 nunc
3104 3777 3157 3822 et
3183 3777 3309 3824 tunc
3345 3785 3358 3820 :
3395 3771 3490 3825 sed

1931 3859 2074 3929 quod
2108 3861 2266 3912 modo
2289 3867 2343 3913 et
2373 3874 2517 3912 nunc
2548 3870 2650 3923 est,
2685 3859 2734 3912 id
2763 3860 2846 3910 aio
2881 3861 3036 3925 longe
3060 3859 3233 3926 majus
3263 3875 3403 3922 esse,
3434 3868 3488 3914 et

1932 3952 1998 4004 ad
2060 3950 2355 4019 pleniorem
2395 3950 2572 4013 fidem,
2631 3951 3148 4020 persuasionemque
3201 3953 3500 4006 certiorem

1932 4041 2141 4095 facilius
2174 4041 2342 4093 multo
2377 4056 2474 4095 nos
2532 4040 2819 4103 adducere,
2858 4055 3017 4107 quam
3076 4040 3123 4094 si
3180 4049 3311 4095 tunc
3361 4057 3486 4096 eum

1933 4133 1987 4185 in
2019 4146 2248 4199 corpore
2277 4132 2512 4185 humano
2541 4131 2722 4185 videre
2747 4140 2800 4184 et
2829 4133 3022 4186 audire
3049 4133 3206 4187 nobis
3231 4135 3492 4203 contigis-

1933 4231 2035 4277 set.
2078 4222 2232 4275 Tunc
2257 4223 2400 4276 enim
2433 4222 2653 4276 nefariis
2675 4221 2878 4277 Iudaeis
2908 4224 3074 4278 homo
3099 4225 3299 4281 nullius
3331 4227 3496 4295 pretii

1934 4315 2229 4382 apparebat
2261 4331 2276 4370 :
2317 4321 2371 4364 at
2402 4329 2543 4366 mine
2589 4330 2748 4367 verus
2785 4314 2987 4370 Densa
3023 4317 3179 4373 nobis
3231 4320 3489 4386 praedica-

1935 4412 2038 4456 tur.
2075 4402 2227 4456 Tunc
2254 4420 2375 4456 cum
2415 4405 2717 4472 publicanis
2751 4413 2804 4458 et
2834 4408 3208 4472 peccatoribus
3236 4405 3490 4462 versaba-

261 4504 318 4557 in
349 4517 409 4556 ea
450 4502 693 4554 nascitur
730 4502 1055 4567 humilitate,
1093 4504 1238 4558 velut
1292 4505 1395 4558 alis
1445 4505 1730 4574 acquisitis
1762 4508 1828 4561 ad

1937 4505 2044 4554 tur.
2071 4503 2121 4546 et
2147 4495 2322 4548 cibum
2359 4510 2452 4561 per
2476 4509 2672 4563 corpus
2704 4496 2951 4564 capiebat
2983 4513 2996 4549 :
3023 4513 3167 4551 nunc
3198 4497 3264 4550 ad
3297 4500 3490 4552 dexte-

259 4595 482 4650 excelsa‘
513 4595 781 4656 ἀπαθείας
808 4594 1044 4657 tollatur,
1086 4612 1114 4647 a
1163 4596 1308 4648 nulla
1351 4597 1568 4660 harum,
1597 4613 1824 4666 quarum

261 4687 617 4741 meminimus
671 4686 984 4754 passionum
1046 4687 1264 4738 liberari
1318 4689 1616 4754 poterimus
1668 4706 1681 4742 :
1731 4689 1825 4743 sed

259 4794 407 4834 nunc
439 4777 660 4846 quidem
702 4778 768 4829 ab
802 4777 925 4838 hac,
962 4792 1104 4830 nunc
1142 4779 1208 4831 ab
1255 4778 1358 4831 alia
1396 4794 1611 4847 semper
1643 4781 1830 4835 vulne-

262 4871 527 4930 rabimur,
555 4877 605 4921 et
639 4883 745 4921 non
791 4882 950 4921 secus
980 4883 1141 4936 quam
1177 4868 1242 4921 ab
1291 4869 1589 4924 immitibus
1632 4871 1826 4925 belluis

261 4960 668 5020 devorabimur,
717 4971 780 5009 ac
831 4965 953 5025 post
997 4957 1200 5008 obitum
1255 4959 1513 5011 ccelorum
1550 4974 1711 5027 regno
1746 4961 1826 5012 id-

265 5055 410 5103 circo
431 5047 665 5111 exclusi,
697 5061 889 5114 pmnas
913 5046 964 5097 in
993 5060 1206 5097 omnem
1236 5049 1588 5099 aeternitatem
1619 5065 1826 5118 expen-

267 5143 476 5193 demus.
509 5139 690 5204 Quare
730 5151 824 5190 vos
863 5152 1050 5189 omnes
1083 5137 1331 5200 obsecro,
1368 5139 1683 5204 spirituales
1720 5142 1824 5194 mei

266 5225 479 5288 intres,
514 5239 566 5278 et
603 5227 894 5278 obsecrare
920 5224 1243 5277 charitatem
1278 5238 1511 5279 vestram
1544 5245 1649 5281 non
1701 5245 1826 5284 ces-

269 5318 419 5380 sabo,
457 5324 513 5368 ut
539 5317 916 5384 unusquisque
948 5316 1175 5367 salutem
1208 5333 1362 5370 suatn
1388 5334 1453 5372 ne
1476 5330 1821 5386 contemnat;

266 5406 359 5460 ιρὰ
389 5406 719 5460 οιιιηὶιιιοάίε
749 5421 779 5459 a
827 5416 968 5459 terra
998 5421 1055 5458 se
1091 5405 1304 5474 paulum
1352 5407 1542 5462 efferre
1573 5419 1821 5465 conetur.

274 5497 380 5550 lioc
405 5499 560 5550 mirat
582 5500 753 5559 ulutn,
787 5499 930 5567 quod
967 5501 1122 5553 vobis
1153 5510 1427 5569 stuporem
1471 5503 1723 5565 incussit,
1757 5503 1822 5556 ab

269 5587 450 5651 humo,
486 5589 726 5656 inquam.
763 5589 813 5637 in
848 5603 974 5641 aera
1006 5591 1285 5659 suspendi,
1317 5592 1362 5646 si
1400 5591 1603 5646 factum
1637 5592 1821 5657 fuerit,

1932 4603 2044 4640 ram
2079 4587 2190 4651 Dei,
2220 4599 2273 4640 et
2308 4585 2484 4639 Patris
2511 4588 2590 4640 sui
2614 4588 2881 4654 considet,
2908 4603 2938 4642 a
2968 4605 3078 4658 quo
3104 4607 3401 4662 nunquam,
3435 4601 3489 4645 et

1931 4694 2201 4746 nusquam
2269 4686 2590 4746 separatus;
2651 4679 2908 4733 mundum
2971 4683 3114 4736 alere
3168 4686 3482 4736 universum

1930 4771 2188 4831 creditur,
2223 4771 2340 4824 sine
2374 4786 2484 4840 quo
2517 4771 2650 4824 nihil
2705 4772 2815 4825 ﬂeri
2866 4771 3117 4828 dicimus.
3164 4775 3261 4838 Ac,
3294 4777 3337 4828 si
3369 4791 3487 4831 cre-

1930 4861 2132 4923 dimus,
2181 4867 2311 4914 tunc
2342 4877 2373 4916 a
2410 4863 2689 4916 vilissimis
2722 4863 3178 4919 homuncionibus
3219 4867 3487 4934 despicie-

1930 4953 2110 5018 batnr,
2166 4952 2256 5005 illa
2291 4954 2501 5006 scilicet
2534 4954 3011 5022 opprobrantibus,
3041 4972 3218 5011 nonne
3268 4958 3355 5011 hic
3403 4971 3489 5013 est

1930 5044 2131 5109 Mariae,
2165 5056 2216 5100 et
2246 5045 2445 5114 Joseph
2478 5046 2612 5099 fabri
2648 5046 2789 5100 filius
2819 5047 2904 5100 "1’
2938 5063 3082 5100 nunc
3111 5064 3142 5102 a
3183 5052 3397 5118 regibus
3430 5058 3486 5104 et

1931 5136 2285 5204 principibus,
2331 5146 2386 5189 ut
2420 5138 2528 5189 veri
2567 5137 2654 5189 Dei
2705 5136 2895 5199 Filius,
2949 5153 3011 5192 ac
3050 5155 3210 5192 verus
3258 5142 3487 5207 ipsemet

1931 5227 2074 5281 Dens
2124 5230 2383 5280 adoratur
2434 5236 2487 5280 et
2537 5228 2896 5296 glorificatur,
2952 5239 3114 5296 atque
3166 5229 3488 5296 gloriiieabit

1933 5319 2222 5372 adorantes
2249 5334 2306 5372 se
2329 5321 2380 5371 in
2410 5321 2600 5387 spiritu
2632 5320 2938 5372 etveritate
2966 5318 3199 5386 (tametsi
3215 5313 3364 5386 saepe
3387 5335 3484 5373 eos

1931 5421 2219 5479 pet-cantes
2251 5408 2425 5479 punit)
2448 5426 2570 5463 cum
2605 5409 2807 5464 ferreos
2830 5425 2923 5463 eos
2947 5427 3107 5478 super
3137 5426 3327 5465 omnes
3350 5427 3483 5480 gen-

1931 5512 2011 5554 tes
2049 5518 2165 5570 quze
2197 5503 2298 5555 sub
2326 5504 2462 5555 curio
2493 5510 2640 5566 sunt,
2686 5517 2780 5569 pro
2812 5502 3060 5554 testaceis
3100 5501 3287 5554 fecerit
3339 5501 3484 5554 scili-

1933 5602 2037 5648 cet.
2064 5593 2215 5647 Tunc
2255 5604 2309 5646 ut
2345 5609 2485 5646 unus
2517 5599 2584 5648 de
2611 5593 2821 5648 caneris
2853 5593 3184 5658 hominibus,
3241 5591 3481 5647 iutcritui

353 5764 394 5795 ³⁸
427 5763 610 5820 Matth.
651 5781 794 5828 amt,
841 5767 918 5821 Η.
996 5767 1035 5798 ³¹
1071 5765 1230 5822 Joan.
1262 5782 1312 5825 ν,
1361 5765 1419 5819 Γῖ
1523 5769 1564 5800 ³³
1602 5767 1788 5820 ηδιιιι.

1931 5784 1964 5829 ι,
2003 5765 2068 5819 53
2101 5782 2114 5830 ;
2153 5764 2316 5820 λίθω.
2376 5781 2447 5831 rt,
2503 5764 2554 5818 3.
