4128 6338
644 378 744 447 471

1866 383 2238 444 SYMEONIS
2264 385 2409 447 JUN
2424 433 2435 443 .
2450 387 2547 447 OB
2561 388 2630 448 IS

3766 387 3872 451 4τὲ

638 492 932 560 obnoxius,
963 493 1307 559 censebatur,
1340 507 1711 565 magnumque
1736 504 1856 550 erat
1886 498 1939 549 in
1972 510 2202 582 corpore
2234 502 2276 553 Λ
2309 499 2456 563 tatis,
2487 502 2665 570 qualis
2714 511 2827 557 tum
2862 507 3116 574 procella,
3152 516 3351 565 quanti
3410 506 3488 561 vis
3532 503 3872 589 tempestatis

641 586 882 649 humano
917 585 1083 642 Deum
1132 588 1251 642 sine
1276 587 1539 642 varietate
1572 588 1781 655 aliqua,
1806 598 1858 643 et
1906 574 2203 641 mutatione

637 676 722 729 sui
758 687 1033 732 carentem
1064 678 1254 739 forma.
1297 694 1394 732 nec
1424 680 1525 733 sub
1562 690 1836 748 aspeetum
1870 680 2200 741 venientem,

637 762 809 822 forma
863 770 1170 838 prmditnm.
1215 780 1266 825 et
1306 774 1440 827 nihil
1479 774 1579 826 nisi
1630 774 1903 827 hominem
1939 790 2203 843 apparen-

636 870 765 924 tem,
801 861 931 915 nihil
972 878 1078 932 prro
1110 864 1230 916 aliis
1262 866 1580 919 mortalibus
1626 866 1677 918 in
1714 868 1795 920 his
1827 884 1948 936 qum
1979 875 2201 935 aspectu

635 955 949 1008 sentiuntur
976 955 1261 1009 habentem
1290 973 1306 1012 :
1339 957 1434 1011 sed
1472 958 1871 1015 comedentem.
1903 959 2199 1020 bibentem,

634 1045 1012 1110 dormientem,
1047 1048 1354 1112 sudante-ii,
1410 1050 1638 1114 lassum,
1666 1060 1718 1105 et
1756 1051 2007 1104 humanis
2047 1050 2204 1105 deui-

634 1152 741 1205 que
776 1138 1066 1196 universis.
1102 1140 1321 1209 dempto
1358 1155 1599 1209 peccato,
1650 1143 1980 1212 l'uiigentcm,
2015 1144 2201 1205 talem,

634 1232 878 1297 inquam,
922 1245 1216 1302 agnoscere
1244 1242 1298 1287 et
1324 1236 1551 1289 credere
1588 1238 1751 1289 Dcttm
1786 1251 1928 1301 esse,
1968 1235 2058 1304 qui
2087 1250 2203 1289 ete-

634 1322 745 1373 lutn
778 1332 830 1375 et
853 1331 1074 1383 terram,
1118 1332 1314 1393 et-qnte
1337 1326 1389 1379 in
1417 1328 1496 1380 eis
1526 1337 1679 1389 sunt,
1714 1328 1893 1381 Omnia
1925 1327 2206 1382 condidis-

634 1418 739 1462 set.
773 1410 951 1476 Quare
982 1422 1035 1465 et
1064 1411 1282 1466 Petrum
1318 1425 1541 1484 propter
1566 1432 1755 1471 vocem
1805 1418 1949 1471 illam
1987 1434 2001 1471 :
2040 1416 2116 1471 Tu
2148 1432 2203 1470 es

634 1499 1051 1556 ChristnsFt’iius
1086 1504 1178 1558 Dei
1205 1507 1323 1567 viri,
1359 1509 1571 1561 beatum
1606 1510 1869 1562 Dominus
1895 1508 2203 1571 aﬂirmavit,

635 1586 833 1644 Beatus
877 1608 951 1656 es,
986 1594 1185 1663 inquit,
1233 1596 1416 1650 Simon
1470 1598 1578 1651 Bar
1616 1598 1772 1661 Jaun,
1833 1600 1957 1668 quia
1987 1614 2110 1651 caro
2154 1608 2204 1651 et

634 1688 854 1752 sanguis
883 1703 981 1745 non
1014 1687 1260 1742 rcrclarit
1300 1691 1415 1754 tibi,
1450 1701 1507 1745 ut
1545 1692 1676 1749 hrec.
1716 1692 1961 1755 inquam,
1990 1690 2207 1743 videres

631 1784 685 1826 et
713 1775 949 1841 diceres,
985 1779 1077 1831 sed
1109 1780 1267 1833 Pater
1307 1798 1473 1839 mens.
1518 1784 1605 1850 qui
1636 1783 1687 1834 in
1719 1781 1862 1834 caelis
1892 1791 1968 1833 est
1995 1781 2059 1835 ⁸³.
2102 1780 2209 1834 Ita-

2306 592 2603 645 monaehos
2639 593 2693 646 in
2736 595 2852 647 salo
2877 597 3199 665 jactaverit?
3242 596 3345 651 Sed
3377 597 3505 667 quid
3538 611 3637 666 ego
3687 593 3870 648 omnia

2306 679 2449 734 niter
2479 685 2771 752 persequi?
2806 684 2942 740 Cum
2975 689 3117 741 enim
3150 689 3430 752 recordor,
3461 705 3577 757 qua:
3610 697 3733 741 ante
3755 687 3871 740 hare

2304 773 2407 825 sub
2442 771 2638 843 Magno
2664 773 2885 840 Basilio,
2914 775 3056 831 sicut
3084 791 3313 844 magnus
3343 786 3526 829 narrat
3551 774 3871 844 Gregorius.

2304 872 2357 916 et
2408 879 2527 932 qua:
2585 867 2687 920 sub
2748 882 2976 921 aureum
3040 868 3305 922 orationis
3373 868 3570 923 ﬂumen
3610 867 3872 923 fundente

2302 952 2510 1011 Joanne
2542 957 2953 1028 Cbrysostomo,
2990 968 3041 1015 et
3074 958 3327 1015 Patribus
3378 960 3687 1016 consecutis
3721 960 3873 1013 acci-

2303 1047 2524 1107 derunt.
2576 1061 2627 1104 et
2661 1051 2777 1120 ipse
2816 1066 2903 1105 me
2950 1052 3210 1107 miserum
3260 1054 3462 1119 judico,
3497 1063 3549 1107 et
3595 1053 3711 1106 hare
3762 1064 3874 1105 non

2304 1140 2674 1207 expendentes
2733 1144 2985 1198 miseror.
3047 1142 3202 1203 Haud
3264 1150 3410 1198 enim
3470 1147 3605 1202 satis
3664 1142 3871 1202 sciunt.

2304 1245 2465 1285 omne
2494 1243 2706 1302 tempus
2737 1236 3069 1303 prateritum
3110 1235 3279 1293 fuisse
3309 1236 3580 1302 maestius,
3607 1246 3661 1291 et
3696 1236 3872 1306 palam

2304 1322 2570 1388 repletum
2603 1326 2824 1394 maligni
2854 1326 3098 1381 zizaniis.
3832 1346 3835 1347 '

2377 1410 2765 1471 Verumtamen
2816 1418 3067 1486 quamvis
3099 1420 3273 1473 tristia
3312 1426 3365 1472 et
3404 1419 3629 1473 adversa
3663 1416 3849 1471 fuerin

2304 1506 2603 1573 prmterita,
2651 1506 3009 1562 nihilominus
3059 1508 3221 1562 etiam
3260 1510 3361 1562 hoc
3412 1517 3657 1578 tempore
3711 1509 3870 1563 multi

2306 1605 2432 1648 sunt
2461 1596 2723 1663 lueretici,
2756 1599 2909 1652 multi
2950 1600 3082 1668 lupi,
3122 1601 3359 1669 aspides,
3388 1609 3443 1656 et
3480 1611 3761 1671 serpentes
3790 1602 3877 1655 in-

2302 1695 2387 1739 ter
2416 1686 2581 1741 latera
2617 1697 2804 1743 nostra
2827 1707 2842 1749 ;
2868 1689 2961 1743 sed
2994 1692 3124 1745 nihil
3152 1701 3351 1747 contra
3393 1707 3492 1746 nos
3530 1702 3779 1761 possunt,
3811 1707 3879 1748 ac

2305 1778 2456 1843 velut
2490 1781 2780 1847 quamdam
2814 1783 3164 1853 malignitatis
3194 1800 3306 1838 suae
3344 1793 3553 1839 noctem
3590 1793 3777 1855 agunt.
3809 1785 3879 1839 Et

632 1880 738 1933 que
778 1869 871 1935 qui
907 1885 1049 1923 nunc
1110 1886 1232 1924 eum
1282 1873 1530 1939 quotidie
1582 1874 1636 1927 in
1688 1883 1881 1927 sancto
1910 1872 2204 1942 Evangelia
2226 1852 2277 1906 ’Β
2310 1872 2523 1938 qu'dcm
2550 1871 2615 1925 ad
2651 1888 2709 1927 se
2735 1876 3079 1937 ventilantes.
3111 1886 3163 1930 et
3194 1875 3429 1931 tenebris
3463 1877 3577 1931 suis
3602 1877 3879 1931 involutos

634 1957 985 2021 clamantem,
1016 1972 1065 2015 et
1096 1963 1364 2016 benedicti
1408 1963 1589 2017 Patris
1627 1965 1708 2017 sui
1736 1966 2072 2017 voluntatem
2104 1978 2202 2015 an-

635 2052 974 2105 nuntiantem
1013 2054 1185 2117 audit,
1222 2070 1321 2109 nec
1345 2071 1468 2109 eum
1507 2056 1721 2116 timore,
1764 2070 1825 2107 ac
1856 2066 2093 2109 tremore
2124 2054 2201 2107 illi

634 2143 837 2207 obedit,
866 2152 920 2198 et
961 2146 1080 2212 ejus
1107 2147 1261 2212 jnssa
1309 2147 1551 2208 facessit,
1586 2164 1654 2202 ne
1688 2157 1815 2202 tunc
1865 2149 2105 2216 quidem,
2154 2148 2200 2201 si

635 2248 876 2297 praesens
939 2249 1266 2305 prmsentcm
1325 2240 1732 2308 spectavisset,
1810 2241 2203 2305 ducentemque

636 2330 1022 2392 :iuscultasset,
1074 2330 1235 2399 plane
1282 2331 1333 2383 in
1369 2347 1489 2386 eum
1524 2332 1745 2385 credere
1787 2333 2074 2399 potuisset.
2110 2328 2204 2383 τίς

634 2420 883 2474 mendum
932 2422 1137 2490 potius,
1174 2438 1241 2476 ne
1293 2424 1608 2491 neutiquam
1658 2423 1911 2485 credens,
1967 2438 2206 2488 eumque

634 2526 745 2565 non
780 2527 877 2579 pro
908 2528 1036 2567 vero
1064 2512 1195 2578 Deo,
1223 2513 1318 2569 sed
1350 2528 1449 2583 pro
1479 2512 1573 2568 Dei
1599 2513 1913 2568 adversario
1942 2520 2203 2582 reputans

637 2603 1085 2673 hinsphemasset.

708 2696 771 2751 Et
802 2699 914 2751 luce
945 2700 1162 2768 quidem
1210 2700 1301 2769 qui
1357 2707 1490 2755 sunt
1519 2699 1745 2755 omnino
1772 2698 1983 2754 eceteris
2040 2698 2204 2754 hebe-

634 2786 802 2842 tiores
832 2802 896 2841 ac
920 2790 1145 2857 stupidi.
1169 2788 1309 2857 Quid
1337 2806 1464 2844 vero
1492 2791 1577 2844 his
1608 2788 2002 2859 graviores?Si
2035 2790 2206 2844 exsti-

636 2876 916 2943 tissemus,
940 2880 1213 2948 inquiunt,
1249 2890 1410 2936 tetate
1458 2891 1773 2936 sanctorum
1808 2882 2052 2945 Patrum,
2088 2898 2206 2937 eer-

635 2974 907 3023 tassemus
940 2978 993 3023 et
1028 2986 1151 3026 nos.
1184 2972 1330 3025 Bona
1370 2974 1517 3027 enim
1547 2989 1738 3027 eorum
1770 2964 1895 3027 vitae
1929 2974 2204 3039 instituta,

635 3060 1158 3131 contentionemque
1194 3063 1493 3127 intuentes,
1533 3066 1779 3118 imitandi
1816 3066 1996 3119 studio
2046 3079 2210 3119 exar-

638 3148 920 3205 sissemus.
949 3154 1015 3205 At
1042 3168 1188 3209 nunc
1215 3171 1338 3209 cum
1373 3157 1683 3216 desidiosis.
1716 3166 1767 3211 et
1803 3157 2204 3226 negligentibus

637 3254 938 3308 versantes,
973 3260 1077 3299 una
1104 3259 1229 3298 eum
1278 3246 1349 3302 iis
1388 3246 1633 3310 ferimur,
1668 3257 1722 3301 et
1772 3248 2015 3302 nolentes
2047 3247 2208 3301 simul

640 3335 904 3403 perimus.
939 3336 1043 3390 Sed
1073 3336 1125 3389 hi
1153 3353 1393 3407 quoque,
1425 3348 1483 3393 ut
1518 3340 1780 3403 credibile
1804 3348 1909 3400 est,
1937 3341 2211 3409 ignorant,

578 3422 579 3425 “
637 3440 740 3480 nos
764 3426 932 3496 magis
963 3442 1119 3496 quam
1148 3428 1271 3482 illos
1298 3428 1351 3482 in
1380 3437 1539 3498 portu
1567 3431 1840 3500 navigare.
1869 3408 2079 3485 Szeeulo
2110 3446 2213 3500 pa-

643 3526 786 3569 trum
826 3526 1138 3572 nostrorum
1168 3518 1431 3589 (arrigant
1475 3521 1562 3575 isti
1602 3521 1787 3591 aures)
1841 3518 2024 3585 multa!
2062 3522 2213 3591 vige-

644 3614 773 3664 bant
806 3610 1062 3675 hmreses,
1119 3612 1272 3666 multi
1312 3623 1465 3668 erant
1499 3614 1895 3683 pseudoehristi
1948 3613 2014 3677 “,
2056 3615 2210 3669 mulli

640 3703 916 3761 Christum
968 3714 1335 3774 cauponantes
1369 3707 1434 3772 ³⁸,
1480 3707 1630 3759 multi
1678 3716 1835 3761 erant
1883 3709 2210 3777 pseudome-

642 3795 819 3865 gistri,
878 3797 969 3865 qui
1026 3807 1353 3867 vagarentur
1387 3801 1576 3863 libere,
1610 3810 1665 3854 et
1722 3802 1943 3869 maligni
2002 3803 2209 3856 zizania

640 3895 963 3956 spargerent
987 3889 1053 3952 ⁸⁸,
1082 3903 1183 3943 nec
1215 3904 1419 3959 paucos
1453 3891 1805 3947 sermonibus
1832 3893 1947 3947 suis
1979 3892 2032 3946 in
2059 3893 2211 3946 trau—

640 3978 763 4032 dem
794 3979 1004 4035 illectos
1036 3994 1219 4035 secum
1245 3980 1645 4043 abstraherent,
1675 3996 1974 4051 eorumque
1998 3983 2211 4037 animas

639 4066 707 4120 ad
739 4069 965 4123 exitium
1010 4069 1322 4135 mitterent;
1355 4072 1406 4126 id
1435 4074 1575 4141 quod
1609 4090 1673 4127 ex
1710 4071 1926 4127 Patrum
1964 4074 2208 4138 Anteriii,

644 4158 918 4228 Euthymii
954 4168 1010 4213 et
1033 4158 1226 4214 Subita
1251 4162 1376 4215 vitis
1403 4178 1589 4216 verum
1624 4180 1747 4219 esse
1779 4167 2042 4234 reperias.
2072 4167 2210 4221 Tra-

640 4249 813 4302 ditum
845 4258 929 4303 est
972 4250 1241 4321 siquidem
1277 4252 1493 4317 litteris,
1531 4256 1827 4308 Antonium
1882 4266 2010 4311 tunc
2060 4266 2210 4312 veste

641 4340 1008 4408 splendidiore
1042 4352 1236 4410 praeter
1265 4345 1713 4399 consuetudinem
1747 4347 2015 4407 indutum.
2048 4348 2097 4401 in
2133 4348 2212 4401 lo-

642 4446 766 4483 cum
814 4432 1019 4486 editum
1052 4435 1394 4498 ascendisse,
1428 4446 1597 4491 semet
1634 4440 1967 4505 exhibuisse,
2021 4450 2209 4496 osten-

2311 1951 2624 2030 r;ipiunt‘ac
2652 1965 2937 2019 devorant.
2973 1966 3031 2017 in
3080 1964 3287 2018 lumine
3337 1974 3514 2019 autem
3567 1966 3874 2019 divinarum

2315 2053 2716 2120 Seripturarum
2748 2055 3174 2119 ambulantibus,
3200 2066 3252 2109 et
3285 2057 3335 2109 in
3370 2057 3454 2109 via
3495 2058 3874 2109 mandatorum

2312 2143 2407 2198 Dei
2463 2145 2863 2210 incedentibus,
2903 2163 2970 2201 ne
3011 2162 3303 2202 occurrere
3342 2147 3561 2218 quidem
3614 2146 3819 2201 audent
3857 2162 3877 2203 :

2314 2236 2407 2290 sed
2439 2252 2559 2291 eum
2604 2252 2700 2305 per
2731 2247 3076 2293 transeuntes
3106 2248 3360 2302 cernunt,
3411 2254 3599 2294 eorum
3640 2254 3881 2307 conspe-

2313 2334 2457 2381 ctum
2485 2326 2709 2396 perinde
2752 2342 2815 2382 ac
2846 2327 3113 2383 ﬂammam
3142 2328 3373 2395 fugiunt.
3403 2330 3678 2395 Quosnam
3712 2329 3883 2407 igitur

2310 2420 2599 2476 haereticos
2627 2436 2711 2474 me
2742 2420 3049 2491 signiﬁcare
3072 2423 3467 2491 suspicamini?
3505 2439 3629 2477 num
3655 2437 3749 2477 eos
3781 2422 3875 2491 qui

2315 2511 2405 2563 Dei
2458 2510 2652 2563 Filium
2703 2510 2942 2578 negant?
2978 2505 3103 2563 u'um
3162 2511 3253 2579 qui
3310 2509 3566 2578 Spiritum
3623 2518 3870 2585 sanetum

2312 2602 2711 2670 blasphemant,
2740 2617 2802 2656 ac
2834 2602 3116 2657 divinitate
3166 2602 3439 2670 spoliant?
3473 2618 3601 2654 num
3630 2602 3723 2671 qui
3769 2600 3877 2655 Pa-

2316 2704 2449 2748 trem
2480 2692 2615 2750 Fdio
2656 2695 2910 2763 majorem
2948 2694 3241 2749 asserunt?
3273 2710 3400 2746 num
3426 2695 3517 2763 qui
3550 2692 3873 2750 Trinitatem

2314 2787 2367 2841 in
2405 2786 2662 2841 unitatem
2698 2785 3066 2851 confundunt,
3103 2794 3195 2839 aut
3243 2801 3433 2839 unum
3465 2786 3629 2839 Deum
3665 2786 3719 2837 in
3766 2794 3878 2840 tres

2312 2880 2445 2933 deos
2474 2878 2760 2932 dividunt?
2801 2893 2929 2930 num
2961 2879 3054 2947 qui
3104 2876 3379 2932 Christum
3412 2875 3504 2930 Dei
3536 2875 3763 2951 quidem,
3784 2872 3879 2928 ιη-

2312 2969 2445 3024 lium
2488 2970 2809 3036 nominant,
2852 2970 3099 3023 eumdem
3139 2984 3265 3022 vero
3296 2984 3357 3022 ex
3405 2968 3631 3021 muliere
3676 2981 3879 3036 corpus

2314 3064 2615 3133 sumpsisse
2645 3078 2752 3118 non
2781 3063 3052 3117 credunt?
3093 3076 3221 3115 num
3276 3061 3369 3131 qui
3417 3075 3611 3128 corpus
3656 3060 3875 3126 quidem

2316 3153 2701 3223 assumpsisse,
2731 3152 2827 3208 sed
2869 3152 2991 3206 sine
3028 3152 3209 3205 anima
3252 3150 3561 3219 negantur?
3616 3164 3742 3223 num
3787 3150 3879 3220 qui

2316 3246 2447 3301 illud
2483 3246 2805 3311 animatum,
2840 3254 2898 3297 ut
2932 3243 3201 3312 integrum
3234 3242 3531 3306 hominem,
3560 3256 3667 3295 non
3696 3250 3876 3295 autem

2315 3354 2483 3393 unum
2512 3338 2805 3393 secundum
2837 3336 3158 3406 hypostasin
3198 3333 3292 3388 Dei
3340 3345 3393 3387 et
3454 3332 3635 3387 Mariae.
3681 3330 3877 3385 Filium

2314 3430 2661 3499 appellatum,
2686 3428 2854 3482 Deum
2881 3441 3001 3481 esse
3025 3424 3479 3489 eontendunt,sed
3505 3425 3556 3477 in
3581 3424 3721 3479 duos
3743 3424 3881 3478 tilios

2314 3537 2482 3574 unum
2534 3519 2805 3573 Christum
2851 3516 3193 3575 secernunt?
3239 3532 3367 3569 num
3401 3515 3618 3569 demum
3648 3515 3740 3583 qui
3774 3513 3876 3567 Pa-

2312 3624 2447 3669 trem
2474 3611 2742 3681 prineipio
2773 3616 3067 3675 carentem,
3098 3608 3368 3678 principio
3394 3608 3876 3667 circumscribunt.

2312 3713 2367 3759 et
2399 3705 2582 3759 dicere
2621 3719 2728 3759 non
2770 3711 3049 3765 verentur,
3088 3700 3212 3762 fuit.
3246 3716 3370 3755 cum
3404 3714 3510 3753 non
3525 3708 3669 3754 esset
3693 3703 3879 3765 Pater,

2314 3798 2365 3851 id
2396 3806 2499 3860 est,
2540 3794 2830 3865 aliquando
2871 3809 2979 3848 non
3029 3792 3126 3847 l‘uit
3176 3791 3371 3846 Pater?
3406 3799 3496 3844 aut
3528 3791 3617 3857 qui
3662 3789 3871 3845 Patrem

2311 3891 2529 3959 quidem
2569 3887 2912 3957 paternitatis
2942 3900 3129 3939 carere
3159 3884 3338 3946 initio,
3391 3882 3583 3936 Filium
3633 3897 3764 3937 vero
3822 3888 3880 3933 ut

2312 3997 2377 4037 ex
2408 3996 2472 4033 eo
2502 3980 2741 4047 genitum
2782 3985 2903 4048 post
2941 3984 3160 4046 tempus
3193 3976 3413 4045 aliquod
3457 3974 3672 4029 initium
3717 3988 3874 4028 acce-

2312 4072 2480 4141 pisse,
2516 4082 2773 4139 tanquam
2814 4077 3120 4122 creaturam
3149 4081 3404 4136 perverse.
3446 4074 3499 4120 et
3529 4065 3792 4128 sentiunt,
3823 4072 3877 4119 et

2311 4162 2543 4217 docent?
2585 4161 2715 4215 Erat
2764 4160 2931 4221 enim,
2993 4158 3291 4227 inquiunt,
3350 4155 3644 4224 aliquando
3694 4154 3873 4219 Pater,

2312 4272 2435 4310 eum
2467 4253 2637 4307 Filius
2665 4252 2712 4306 ei
2764 4267 2874 4305 non
2905 4258 3135 4306 coesset.
3179 4248 3245 4303 Et
3293 4249 3385 4318 qui
3438 4247 3652 4302 tandem
3696 4245 3874 4308 Pater,

2312 4344 2400 4414 qui
2430 4345 2546 4397 sine
2576 4340 2711 4395 Filio
2738 4349 2839 4405 est,
2894 4338 3292 4410 appellabitur?
3336 4340 3415 4392 Au
3470 4338 3730 4393 fortasse"
3756 4352 3875 4399 eos.

2312 4433 2404 4502 qui
2439 4433 2600 4485 alium
2627 4432 2842 4500 quidem
2896 4445 3137 4497 passum,
3164 4430 3329 4483 alium
3358 4444 3387 4483 e
3426 4430 3653 4484 mortuis
3710 4428 3879 4483 exstie

640 4532 919 4589 tasseque,
955 4529 1014 4574 ut
1047 4522 1374 4577 manifestus
1407 4535 1461 4578 et
1492 4527 1849 4596 conspicuus,
1884 4532 2108 4584 omnino
2138 4532 2206 4586 ab
2235 4534 2283 4592 D
2314 4527 2443 4581 lisse
2482 4523 2838 4580 asseverant?
2870 4523 3069 4592 Apage,
3103 4521 3376 4575 neminem
3418 4520 3645 4573 istorum
3681 4521 3875 4587 impio-

644 4610 915 4667 ltrrreticis
948 4613 1447 4681 apprehenderetur
1498 4624 1552 4669 et
1609 4622 1725 4671 neci
1767 4620 2013 4676 duretur.
2052 4620 2209 4676 Certe

643 4705 745 4758 nisi
772 4713 882 4757 tum
913 4706 1219 4772 persecutio
1242 4706 1563 4769 l'erbuisset,
1588 4710 1691 4763 hoe
1721 4711 1809 4766 ille
1834 4729 1937 4765 non
1968 4714 2207 4769 fecisset.

642 4795 1003 4863 Temporibus
1036 4808 1212 4850 autem
1246 4801 1421 4853 sancti
1458 4799 1636 4855 Patris
1670 4796 1846 4856 nostri
1900 4805 2209 4876 Euthymii,

644 4887 900 4942 lieclesiis
965 4904 993 4941 a
1059 4888 1167 4942 Deo
1224 4892 1668 4959 tranquillitatem
1724 4893 1974 4947 donatam
2041 4913 2203 4963 esse,

643 4994 822 5031 nonne
848 4979 1043 5032 litteris
1078 4980 1289 5033 exstat?
1317 4998 1438 5033 eum
1485 4982 1735 5036 nimirum
1769 4992 1897 5037 tunc
1949 5000 2204 5053 persecu-

639 5072 819 5121 tiones
850 5079 903 5121 et
967 5069 1198 5124 haereses
1264 5072 1731 5139 conquievissent.
1783 5072 2018 5128 Sanetus
2078 5090 2205 5129 vero

646 5169 795 5224 pater
830 5168 1018 5212 noster
1052 5158 1257 5213 Sabbas
1296 5177 1417 5214 eum
1453 5172 1598 5215 esset
1630 5164 1973 5232 praepositus,
2011 5181 2078 5219 an
2111 5181 2206 5219 ne-

642 5250 799 5303 scitis
833 5259 1169 5321 quantopere
1215 5267 1314 5320 pro
1368 5252 1625 5308 Ecclesiis
1654 5266 1843 5310 contra
1878 5258 2023 5310 illius
2074 5267 2208 5312 tem-

643 5342 789 5411 poris
825 5342 1060 5397 hterescs
1094 5346 1433 5413 pugnaverit.
1470 5354 1523 5397 et
1554 5356 1684 5414 quot
1714 5350 1963 5403 monachi
1996 5360 2108 5402 tum
2139 5351 2208 5404 ab

644 5433 910 5488 haereticis
951 5434 1160 5487 seducti
1216 5434 1361 5487 sint?
1408 5435 1545 5500 Quid
1598 5454 1717 5507 qua
1762 5438 1865 5493 sub
1933 5440 2208 5510 Stephano

642 5524 865 5579 .luuiore
895 5525 1283 5595 contigerunt?
1316 5540 1497 5581 annon
1547 5532 1926 5599 gravissimam
1962 5544 2013 5587 et
2051 5548 2208 5588 acer-

646 5617 923 5671 bissimam
957 5617 1393 5685 persecutionem
1439 5619 1778 5675 habuerunt?
1818 5624 2011 5675 Auuon
2054 5624 2205 5692 cogi-

726 5794 771 5826 ⁸³
803 5795 992 5850 Matth.
1030 5813 1139 5862 xvi.
1173 5797 1235 5849 t7
1336 5800 1378 5830 "
1414 5798 1578 5855 Mare.
1610 5815 1727 5861 aut.
1762 5800 1849 5853 22.

1930 5792 1972 5833 3’
2004 5801 2043 5854 il
2084 5802 2210 5857 Cor.
2250 5817 2309 5862 ll,
2344 5797 2427 5851 t7.

2313 4633 2457 4681 rum,
2497 4623 2551 4671 et
2592 4604 2900 4675 atheOrum.
2962 4627 3064 4665 nec
3115 4612 3343 4687 aliorum
3396 4610 3659 4664 haeresum
3709 4612 3872 4666 ullam

2315 4709 2411 4763 tibi
2444 4709 2591 4770 dico,
2622 4722 2766 4775 quae,
2793 4720 2915 4759 cum
2949 4713 3007 4756 ut
3041 4703 3289 4756 tenebras
3308 4700 3678 4765 emersissent,
3712 4717 3741 4753 a
3777 4699 3874 4753 Pa-

2314 4800 2483 4853 trihus
2508 4799 2599 4866 qui
2633 4805 2748 4851 tum
2779 4795 3119 4857 claruerunt,
3154 4794 3298 4847 velut
3321 4807 3350 4845 a
3382 4792 3586 4845 lumine
3610 4790 3873 4846 discussa:

2311 4906 2373 4945 ac
2404 4890 2681 4957 dissipata:
2708 4898 2856 4942 sunt.
2891 4886 3075 4955 Usque
3122 4885 3256 4939 adeo
3288 4884 3432 4938 enim
3480 4883 3655 4951 gratia
3700 4882 3875 4937 sancti

2316 4982 2554 5051 Spiritus
2577 4995 2677 5049 per
2693 4992 2789 5033 eos
2824 4975 3177 5045 resplenduit,
3200 4974 3577 5042 dictarutnqtte
3599 4977 3878 5030 lizereseou

2314 5070 2564 5125 tenebras
2582 5066 2889 5137 propulitut
2919 5079 3093 5134 usque
3122 5064 3283 5117 hodie
3313 5061 3422 5117 Deo
3452 5063 3689 5118 dictante
3728 5076 3877 5125 eom-

2315 5162 2487 5231 posita
2521 5174 2710 5214 eorum
2752 5156 3046 5219 volumina,
3090 5154 3222 5209 solis
3250 5155 3368 5208 luce
3421 5152 3677 5227 fulgidius
3728 5164 3874 5211 retu-

2315 5262 2497 5315 ceaut,
2524 5264 2578 5306 et
2610 5251 2677 5305 iis
2709 5247 3084 5302 contradicere
3115 5260 3275 5298 nemo
3307 5252 3557 5299 attentet.

2391 5341 2494 5397 Sed
2526 5342 2677 5396 deiis
2713 5342 2924 5410 loquor,
2965 5353 3165 5405 eosque
3200 5336 3421 5390 nomino
3453 5336 3761 5397 luereticos.
3788 5334 3878 5404 qui

2313 5436 2535 5494 docent,
2564 5448 2672 5486 non
2702 5445 2822 5485 esse
2851 5443 3179 5498 quemquam
3217 5436 3404 5481 nostro
3435 5426 3535 5479 hoe
3566 5440 3711 5486 tevo.
3740 5436 3793 5478 et
3824 5441 3877 5479 in

2315 5527 2493 5580 medio
2538 5532 2807 5585 nostrum,
2837 5519 2927 5587 qui
2979 5517 3287 5584 evangelica
3336 5516 3585 5570 mandata
3632 5530 3877 5579 servare,

2315 5624 2369 5672 et
2398 5616 2461 5669 ad
2496 5612 2774 5680 exemplar
2809 5618 3123 5665 sanctorum
3171 5606 3391 5661 Patrum
3433 5621 3491 5661 se
3532 5606 3880 5661 eonl'uruiare

2512 5795 2555 5825 ³⁸
2586 5790 2778 5848 Matth.
2811 5802 2928 5852 xm,
2963 5787 3054 5841 23.
