4128 6338
639 437 747 498 475

1860 418 2238 484 ΞΥΜΕΟΝΙΞ
2264 415 2627 477 JUNIORIS

3769 389 3885 454 476

710 542 980 607 Quocirca
1047 539 1244 608 quibus
1295 550 1620 592 concessum
1675 547 1778 600 est,
1829 543 1888 588 ut
1933 533 2202 600 laerymas
2235 533 2281 587 Α
2311 524 2410 578 tibi
2463 518 2794 580 sanctitudo,
2831 526 3187 608 quanlnune
3218 509 3418 608 habere
3470 513 3747 608 puta-ult".
3783 512 3887 556 aut

643 635 774 688 istas
814 630 1215 700 experirentur,
1252 636 1583 696 cognoscent
1621 640 1739 693 quae
1785 624 1893 678 dixi
1923 663 1936 684 ,
1979 633 2034 676 et
2077 633 2201 674 vera

643 739 764 777 esse
810 720 1181 776 testiinonium
1241 718 1368 771 mihi
1417 715 1646 775 dabunt,
1699 716 1839 769 sicut
1889 715 2053 767 etiam
2113 711 2206 764 illa

644 813 898 882 Theologi
933 827 1033 864 vox
1069 811 1198 864 mihi
1247 809 1598 875 astipulatur.
1631 805 1840 860 Oiierat
1889 805 2161 876 quiSpiam
2192 844 2205 868 ,

645 907 734 959 hic
778 906 995 973 quidem
1047 903 1168 967 hoc,
1220 901 1305 954 ille
1358 901 1538 962 aliud;
1575 908 1628 952 et
1681 900 1864 952 nmltis
1919 899 1971 952 in
2033 897 2209 950 medio

644 996 998 1053 ruitumratis,
1037 993 1102 1046 ad
1135 1002 1440 1046 extremum
1473 992 1645 1053 addit,
1681 1006 1869 1044 omnes
1917 990 2207 1058 lacrymas,

646 1103 834 1141 Omnes
870 1089 1260 1154 purgationem,
1296 1100 1485 1138 omnes
1516 1099 1802 1142 ascensum
1834 1121 1847 1145 ,
1877 1093 1930 1135 et
1961 1082 2024 1133 ad
2057 1089 2213 1134 ante-

648 1182 790 1233 riora
820 1181 1036 1233 extendi
1065 1179 1127 1229 ⁸ο.
1169 1177 1304 1230 Num
1341 1180 1502 1245 igirur
1550 1180 1599 1229 in
1645 1180 1746 1229 hoc
1792 1176 2080 1238 distinxit,
2118 1182 2213 1227 aut

649 1271 920 1336 separavit
944 1269 1231 1337 quosdam,
1256 1279 1306 1322 et
1340 1270 1459 1322 ilius
1489 1271 1703 1336 quidem
1737 1268 1869 1322 dixit
1898 1267 1996 1319 hoc
2031 1281 2211 1334 posse,

651 1363 751 1415 hos
783 1376 886 1414 non
917 1363 1120 1430 posse?
1150 1360 1311 1424 Num,
1353 1371 1408 1414 ut
1439 1361 1897 1428 vos‘insipienter
1942 1361 2212 1419 asseritis,

653 1464 769 1512 vos,
800 1454 1016 1517 inquam
1043 1492 1057 1514 ,
1091 1453 1392 1505 incu‘cumc
1417 1452 1460 1505 si
1499 1452 1761 1504 cordibus
1803 1461 1856 1503 et
1901 1451 2129 1502 auribus
2164 1449 2208 1481 “

652 1542 776 1610 (pro
806 1556 871 1594 eo
904 1557 966 1594 ac
1014 1545 1293 1596 meretnini
1323 1550 1429 1596 ‘vos
1489 1543 1730 1610 tangam)
1767 1543 2025 1610 quoniam
2090 1540 2214 1608 qui-

651 1633 773 1686 dam
811 1634 984 1686 sm-titi
1014 1647 1141 1688 sunt
1173 1645 1420 1687 naturain
1451 1635 1764 1697 duriorem,
1795 1635 1887 1702 qui
1942 1641 2220 1701 neqtteant

651 1722 947 1790 aliquando
995 1725 1308 1791 compungi,
1361 1733 1415 1777 ct
1468 1724 1736 1792 laetymas
1790 1723 2057 1784 emittere,
2117 1723 2221 1778 hoc

649 1812 810 1865 etiam
861 1829 1091 1882 magnus
1131 1794 1424 1882 Gregorius
1481 1813 1766 1882 adjungit?
1821 1814 1990 1871 Absit.
2043 1829 2221 1882 neque

2309 616 2410 683 ipsi
2446 621 2699 682 putamus
2732 608 2934 662 etiam?
2967 603 3069 659 Ubi
3123 602 3458 662 adulatores,
3501 606 3552 650 et
3597 597 3881 654 illusores.

2309 705 2400 774 qui
2445 717 2591 756 nunc
2628 707 2851 756 sanctos
2901 711 3002 751 nos
3043 693 3361 762 appellitaut
3386 729 3400 752 .
3438 701 3488 743 et
3524 687 3748 755 vestigia
3779 698 3882 737 uo-

2311 809 2425 852 stra
2461 797 2675 852 calcare
2707 789 3037 847 formidant?
3075 786 3175 841 Ubi
3219 782 3418 838 excelsi
3452 783 3660 843 throni,
3695 788 3748 834 et
3786 776 3884 847 qui

2312 890 2365 941 in
2402 889 2468 941 iis
2497 887 2772 947 sedentes,
2805 883 3018 937 caeteris
3060 877 3387 934 illustriores
3423 874 3728 943 apparent?
3773 869 3884 926 Ubi

2314 989 2538 1049 propter
2578 979 2857 1048 quippiam
2893 971 3305 1044 possidendum,
3335 975 3429 1022 aut
3453 967 3714 1035 majorem
3741 979 3885 1034 pra:-

2312 1075 2579 1128 fecturam
2624 1069 3009 1138 acquirendam
3055 1062 3423 1123 concursatio,
3463 1067 3514 1111 et
3559 1053 3887 1128 diligentia?

2321 1166 2418 1220 Ubi
2459 1161 2839 1220 contradiCtio,
2876 1167 2930 1213 et
2987 1154 3374 1215 contumacia,
3425 1159 3478 1205 et
3524 1150 3883 1220 posteriorem

2316 1259 2485 1312 videri
2517 1253 2705 1308 nolle?
2737 1251 2838 1307 Ubi
2880 1261 3236 1319 cognatorum
3274 1243 3328 1298 in
3362 1258 3461 1296 nos
3490 1241 3714 1295 aeretus
3735 1240 3758 1290 ?
3783 1236 3886 1292 Ubi

2317 1351 2408 1418 qui
2450 1362 2548 1401 nos
2587 1346 2763 1399 visere
2792 1341 3038 1397 Solebant
3075 1338 3497 1396 mundanorum,
3537 1348 3598 1386 ac
3622 1331 3884 1385 nobilium

2318 1441 2559 1493 virorum
2601 1433 2890 1501 superbia?!
2925 1447 3018 1502 per
3064 1446 3204 1500 quos
3248 1442 3348 1498 ego
3399 1429 3563 1480 miser
3595 1424 3886 1484 existimo,

2319 1539 2372 1583 et
2421 1528 2554 1582 mihi
2610 1525 2936 1596 persuadeo,
2979 1538 3066 1577 me
3106 1534 3273 1590 suppa
3312 1527 3538 1573 caeteros
3581 1516 3887 1568 claritatem

2320 1621 2573 1690 adipisci.
2600 1617 2706 1673 Ubi
2747 1616 3062 1683 Cognitione
3092 1626 3272 1667 rerum
3295 1650 3312 1675 ,
3337 1618 3390 1664 et
3422 1609 3688 1677 sapientia
3723 1605 3890 1671 hujus

2322 1713 2508 1769 mundi
2534 1713 2864 1782 iuclytorum
2890 1705 3152 1764 scientia?
3178 1704 3280 1760 Ubi
3306 1702 3588 1773 magnifica
3619 1699 3685 1753 de
3707 1698 3892 1766 seipso

2323 1807 2528 1875 opinio.
2569 1812 2622 1858 et
2668 1792 2861 1872 putare
2891 1813 2992 1854 nos
3027 1811 3148 1852 esse
3189 1794 3418 1864 aliquid,
3461 1807 3584 1850 cum
3631 1789 3767 1845 nihil
3813 1786 3893 1842 si-

652 1915 848 1955 natnra
882 1904 1115 1956 humana
1151 1905 1228 1957 sic
1253 1915 1563 1971 comparata
1590 1914 1694 1968 est,
1727 1914 1785 1956 ιιι
1815 1904 1862 1957 si
1897 1920 2002 1956 non
2034 1906 2217 1972 potius
2255 1872 2292 1927 Β
2323 1897 2480 1951 IDUS?
2507 1895 2610 1950 Ubi
2637 1903 2751 1947 ῑυηὶ
2780 1892 2989 1946 Ῐυῦτῖίέτι
3027 1889 3229 1958 ιίη3¹¹³ν
3256 1895 3310 1940 ει
3338 1886 3483 1940 νοίίη
3515 1900 3543 1937 θ
3578 1883 3727 1936 [Ome
3758 1894 3890 1972 me

652 1993 900 2058 ingenita:
941 1995 1049 2047 sint
1081 1996 1154 2048 illi
1193 1997 1371 2048 luctus
1399 2007 1448 2048 et
1477 1997 1761 2064 lacrymaa;
1795 2011 1971 2062 neque
1999 2007 2221 2050 sanctus

654 2083 760 2145 hic,
805 2093 895 2135 aut
936 2087 1078 2138 alius
1105 2097 1416 2137 sanctorum
1450 2085 1550 2137 huc
1584 2086 1739 2147 dixit,
1774 2098 1866 2138 aut
1903 2087 2144 2154 scripsit.
2179 2087 2222 2138 Α

654 2185 849 2225 natura
894 2187 1071 2228 autem
1124 2177 1280 2228 nobis
1331 2177 1510 2230 inesse
1559 2176 1766 2238 fletum,
1828 2178 1929 2245 ipsi
1989 2179 2223 2232 infantes

654 2266 782 2319 dum
835 2279 1134 2320 nascuntur
1171 2278 1219 2320 te
1253 2267 1485 2320 doceant
1527 2285 1541 2320 :
1585 2270 1674 2336 qui
1733 2271 1895 2323 simul
1942 2279 2104 2337 atque
2159 2288 2224 2324 ex

656 2365 812 2412 utero
846 2360 1188 2425 prodierunt,
1244 2359 1478 2425 plorant,
1508 2376 1681 2428 coque
1717 2361 1922 2414 indicio
1969 2361 2228 2415 obstetri-

655 2448 835 2513 cibus,
883 2457 935 2500 (ιι
983 2447 1250 2500 matribus
1316 2448 1494 2499 vivere
1550 2464 1607 2502 se
1668 2449 1985 2501 ostendunt.
2043 2449 2225 2504 Infans

657 2541 858 2607 quippe
896 2539 998 2589 nisi
1044 2539 1256 2605 vagiat,
1300 2554 1364 2590 ne
1407 2538 1588 2591 virere
1633 2540 1852 2606 quidem
1897 2540 2116 2591 dicitur.
2169 2537 2224 2592 Si

658 2627 905 2695 vagicrit,
935 2626 1078 2680 illico
1108 2638 1351 2679 naturam
1386 2627 1452 2679 ab
1478 2628 1595 2695 ipso
1634 2637 1755 2681 Ortu
1790 2643 1888 2681 suo
1917 2629 2144 2694 luctum,
2175 2640 2228 2682 et

661 2718 926 2788 iacrymas
972 2718 1168 2770 habere
1205 2719 1432 2770 comites
1469 2719 1827 2773 demonstrat.
1863 2721 2037 2786 Atque
2085 2719 2228 2773 istud

658 2808 821 2863 etiam
863 2821 1083 2862 sant-tus
1126 2818 1279 2878 pater
1310 2821 1498 2862 uester
1527 2810 1745 2864 Simeon
1781 2809 1993 2863 Studita
2027 2810 2230 2863 confir—

662 2904 863 2960 ntabat,
919 2917 1041 2966 cum
1091 2901 1466 2967 hujuscemodi
1517 2903 1771 2970 lacrymis
1815 2901 2086 2953 hominem
2139 2901 2232 2953 de-

665 2991 792 3044 bere
834 2994 973 3044 hanc
1028 2992 1189 3043 vitam
1231 2992 1538 3054 traducere,
1566 3001 1616 3043 et
1649 3007 1797 3053 cum,
1830 2999 1933 3044 etc.
1967 2990 2144 3058 (Deest
2179 2991 2232 3043 in

662 3094 879 3150 utroque
921 3083 1206 3150 exetuplari
1262 3101 1368 3136 una
1421 3085 1612 3152 pagina
1662 3084 1755 3134 hoc
1791 3084 1950 3148 loco.)
2000 3082 2228 3138 Obtorto

662 3175 804 3227 cuit.»
866 3178 1046 3237 tracti,
1097 3176 1197 3227 etsi
1251 3175 1472 3226 minime
1534 3175 1724 3228 audire
1774 3175 1935 3228 vultis
1988 3175 2233 3242 quotidie

664 3269 810 3318 t-lare
841 3267 1176 3319 intonantem
1214 3267 1375 3320 .vobis
1402 3266 1640 3319 divinam
1673 3267 2008 3336 Scripturam
2046 3285 2059 3321 :
2106 3268 2234 3321 0m-

665 3375 752 3411 nes
784 3359 921 3410 enim
953 3359 1208 3411 stabimus
1239 3369 1360 3411 ante
1391 3359 1624 3410 tribunal
1655 3357 1888 3424 Christi,
1925 3368 1980 3411 ut
2013 3361 2233 3427 recipiat

665 3452 1019 3518 unusquisque
1051 3467 1143 3518 pro
1173 3460 1225 3501 ut
1262 3451 1312 3501 in
1342 3467 1554 3517 corpore
1584 3466 1678 3503 suo
1709 3451 1886 3518 gessit,
1917 3452 2020 3504 sive
2047 3454 2235 3505 bonum

665 3541 772 3591 sive
828 3540 1024 3590 malum
1065 3540 1131 3591 “.
1169 3539 1322 3603 Quod
1384 3556 1507 3592 cum
1565 3542 1815 3593 omnibus
1873 3542 2029 3595 nobis
2084 3541 2234 3597 brevi

667 3629 931 3692 evenerit,
955 3628 1042 3680 uhi
1069 3637 1178 3680 tum
1217 3644 1444 3695 corpora
1477 3639 1658 3682 nostra
1691 3631 1963 3698 operiens,
1997 3640 2050 3684 et
2074 3648 2236 3685 exor-

671 3735 804 3773 nans
828 3720 1063 3786 pretiosa
1103 3721 1268 3772 restis
1294 3720 1436 3773 erit?
1463 3721 1550 3772 ubi
1584 3722 1886 3774 hutneralia
1915 3722 2240 3790 conspicua?

672 3812 761 3865 tibi
805 3812 1088 3880 fulgentia,
1123 3820 1174 3863 et
1209 3812 1475 3879 pellucida
1517 3812 1710 3879 pallia?
1740 3813 1824 3866 ubi
1861 3814 2085 3866 humttm
2119 3829 2238 3880 pre-

672 3903 872 3957 utentia
911 3906 1000 3956 illa
1048 3903 1296 3970 pulchra,
1345 3903 1632 3971 solidaque
1679 3904 1963 3957 saudalia?
1998 3904 2084 3956 ubi
2126 3906 2239 3972 lora

672 3999 1016 4068 cingulorum
1055 3997 1396 4050 muliebrium
1432 3997 1668 4052 similia?
1699 3997 1786 4051 ubi
1820 3999 2056 4050 virorum
2094 4000 2243 4065 prin-

674 4088 848 4154 cipum
884 4085 1188 4140 occursus?
1220 4087 1305 4138 ubi
1332 4095 1458 4139 ante
1488 4087 1623 4140 alios
1651 4088 1950 4141 honorifice
1975 4090 2243 4142 salutari?

676 4181 765 4232 ubi
808 4181 1187 4234 contentiones
1220 4179 1286 4232 de
1317 4181 1486 4248 prima
1518 4181 1803 4235 cathedra?
1833 4183 1920 4235 ubi
1955 4193 2244 4248 sumptuo-

679 4288 749 4325 sa:
787 4272 1023 4325 menszc?
1052 4272 1138 4325 ubi
1170 4272 1250 4341 (ut
1298 4281 1350 4324 et
1398 4272 1499 4326 hoc
1549 4274 1747 4338 dicam)
1787 4274 2085 4341 praevenire
2137 4277 2245 4325 fra-

680 4372 847 4425 trem,
881 4372 934 4413 et
965 4375 1030 4413 ex
1079 4361 1343 4430 appositis
1393 4363 1545 4429 plura
1600 4364 1932 4430 melioraque
1981 4363 2243 4418 sumere?

677 4454 820 4517 quod
854 4466 953 4518 ego
982 4453 1212 4521 primus,
1245 4461 1297 4506 et
1329 4452 1420 4520 qui
1448 4453 1548 4506 mei
1578 4453 1784 4505 similes
1835 4463 1982 4518 sunt,
2034 4455 2155 4506 vani
2193 4463 2246 4508 et

2321 2004 2553 2044 manans
2577 1986 2789 2041 oratio?
2820 1985 2908 2037 uhi
2946 1991 3100 2046 tunc,
3138 1981 3247 2034 imo
3300 1993 3448 2032 nunc
3498 1976 3707 2043 sapiens
3732 1977 3757 2028 2
3803 1971 3893 2024 ubi

2323 2079 2526 2134 scriba?
2558 2079 2646 2130 ubi
2673 2076 3000 2144 conquisitor
3034 2073 3189 2139 hujus
3219 2071 3401 2124 δαναιιί
3462 2068 3531 2130 ⁸⁸,
3567 2075 3624 2120 ut
3655 2072 3894 2119 reverta-

2325 2179 2432 2233 tur,
2467 2179 2518 2220 ιιι
2545 2169 2950 2222 constituamus
3001 2161 3185 2224 simul,
3214 2160 3389 2228 deque
3420 2156 3652 2211 terribili
3687 2154 3797 2215 die,
3834 2160 3890 2204 et

2323 2261 2455 2317 hora
2487 2259 2575 2311 illa
2607 2255 2999 2316 consultemus,
3023 2261 3075 2305 et
3100 2265 3336 2313 omnem,
3370 2247 3510 2315 quod
3541 2244 3770 2307 dicitur,
3803 2258 3895 2295 ru-

2322 2353 2542 2407 dentem
2578 2349 2630 2401 in
2657 2347 2815 2402 nobis
2850 2345 3011 2414 ipsis,
3038 2351 3092 2399 et
3127 2343 3180 2394 in
3211 2340 3512 2409 Scripturis
3545 2335 3746 2393 divinis
3780 2349 3896 2388 mo-

2329 2453 2552 2494 veamus
2586 2447 2639 2494 et
2667 2448 2918 2492 accurate
2960 2434 3187 2490 scrutati
3218 2433 3511 2485 doceamur
3544 2428 3692 2491 inde,
3717 2426 3903 2483 disra-

2330 2551 2561 2602 musque
2592 2531 2720 2600 quid
2759 2530 2916 2582 nobis
2963 2535 3093 2580 tunc
3139 2523 3396 2594 prodesse
3436 2523 3641 2591 possit,
3675 2531 3728 2574 et
3763 2518 3900 2572 illud

2329 2625 2680 2694 cupidissime
2712 2614 3017 2688 eligamus?
3056 2615 3168 2679 Sic,
3213 2614 3406 2667 fratres
3454 2612 3554 2666 mei
3587 2610 3793 2672 dilecti,
3839 2615 3904 2662 ut

2330 2719 2508 2771 omnis
2541 2715 2826 2781 Scriptura
2859 2716 3042 2778 aperte
3079 2707 3313 2768 clamat,
3346 2717 3541 2773 magna
3571 2701 3900 2761 necessitas.

2333 2823 2558 2876 magnus
2609 2806 2770 2857 timor
2800 2810 2853 2854 et
2884 2808 3088 2852 tremor
3129 2796 3185 2849 in
3243 2795 3331 2848 ilia
3373 2795 3501 2847 hora
3555 2790 3805 2861 proinde,
3842 2796 3906 2843 ut

2331 2914 2429 2968 ego
2456 2895 2694 2959 desides,
2726 2893 3026 2947 dissolutos
3060 2904 3123 2943 ac
3157 2889 3336 2956 pigros
3366 2884 3674 2950 occupabit.
3707 2881 3906 2934 Beatus

2335 2999 2536 3051 autem,
2567 2988 2781 3049 fratres,
2819 2984 2910 3051 qui
2947 2996 3092 3034 nunc
3122 2978 3268 3033 omni
3303 2985 3568 3030 creatura:
3614 2973 3904 3039 subjectus

2337 3084 2508 3150 luget,
2545 3088 2597 3132 et
2635 3078 2812 3146 plorat
2847 3081 3007 3126 nocte
3040 3080 3093 3125 et
3126 3070 3214 3124 die
3248 3083 3438 3122 coram
3490 3065 3740 3125 Domino,
3774 3063 3907 3132 quia

2259 3204 2304 3260 ρ
2338 3191 2364 3227 a
2399 3173 2604 3228 dextris
2639 3171 2782 3239 ejus,
2818 3167 2956 3220 stola
2987 3164 3220 3216 amictus
3252 3168 3545 3215 statuetur.
3579 3156 3781 3211 Beatus
3811 3154 3908 3220 qui

2339 3267 2450 3318 haec
2482 3263 2652 3316 audit.
2691 3271 2741 3312 ct
2788 3273 2896 3311 non
2942 3256 3125 3310 solum
3173 3268 3412 3322 gemens,
3452 3267 3552 3305 nec
3603 3249 3670 3302 de
3718 3248 3804 3301 die
3847 3246 3912 3299 in

2336 3358 2478 3410 diem
2514 3352 2788 3414 differens,
2824 3353 3037 3415 tempus
3072 3346 3199 3398 vita:
3250 3359 3360 3396 sua:
3415 3342 3533 3395 sine
3581 3339 3761 3392 fructu
3813 3337 3912 3389 de-

2338 3449 2507 3505 currit
2541 3464 2554 3500 :
2585 3445 2677 3500 sed
2709 3443 2800 3512 qui
2853 3441 3018 3496 simul
3055 3454 3118 3493 ac
3156 3435 3371 3492 Domini
3405 3448 3588 3488 vocem
3639 3429 3842 3498 accipit
3890 3447 3907 3482 :

2344 3540 2707 3593 Paznitentiam
2733 3535 2869 3602 agite
2897 3533 2964 3596 “,
3000 3530 3181 3584 statim
3207 3543 3424 3582 manum
3450 3524 3598 3594 operi
3633 3523 3913 3578 admovet.

2341 3633 2487 3686 Talis
2520 3633 2662 3687 enim
2706 3641 2763 3683 ut
2793 3627 3075 3687 ohediens,
3131 3638 3193 3676 ac
3237 3621 3417 3674 bonus
3452 3633 3646 3673 servus
3695 3613 3910 3668 miseri-

2340 3721 2581 3779 cordiam
2662 3728 3051 3788 consequetur,
3117 3728 3216 3767 nec
3274 3729 3396 3765 cum
3463 3707 3915 3774 inobedientibus

2342 3813 2716 3867 damnabitur.
2765 3809 2830 3861 Et
2881 3809 2933 3858 in
2980 3805 3080 3857 hac
3113 3800 3330 3871 quidem
3384 3799 3491 3852 vita
3547 3796 3616 3850 ab
3654 3794 3915 3848 omnibus

2342 3905 2554 3959 vitiosis
2578 3900 2814 3954 motibus
2841 3881 3008 3950 animi
3042 3892 3390 3954 liberabitur,
3419 3890 3777 3954 omniumque
3802 3886 3914 3937 vir-

2345 4007 2518 4052 tutum
2571 3994 2831 4063 probatus
2869 3989 3044 4041 cultor
3074 3973 3268 4038 evadet
3324 3996 3338 4034 :
3403 3981 3454 4034 in
3489 3979 3669 4033 futura
3724 3985 3910 4031 autem

2345 4093 2453 4142 vita
2491 4089 2644 4140 bouis
2678 4084 2767 4151 Dei
2812 4081 2954 4135 nulla
2988 4079 3174 4146 lingua
3207 4073 3576 4143 exprimendis
3610 4069 3915 4124 oblectahi-

2350 4188 2456 4238 tur,
2489 4189 2612 4227 cum
2650 4170 2923 4230 omnibus,
2959 4167 3051 4235 qui
3089 4180 3119 4217 a
3164 4163 3368 4218 saeculo
3419 4162 3492 4216 illi
3542 4160 3912 4228 placuerunt;

2348 4267 2548 4334 quibus
2582 4275 2768 4314 omnes
2815 4273 2913 4311 nos
2959 4257 3161 4309 utinam
3199 4254 3483 4322 potiamur.
3515 4252 3688 4321 gratia
3722 4259 3775 4306 et
3815 4253 3912 4305 be-

2349 4356 2610 4424 nignitate
2641 4349 2854 4404 Domini
2889 4346 3058 4400 nostri
3088 4343 3214 4399 Jesu
3251 4341 3476 4406 Christi,
3507 4355 3630 4394 cum
3665 4355 3775 4408 quo
3810 4340 3915 4393 Pa-

2352 4448 2418 4506 tri
2463 4445 2735 4512 simulque
2767 4449 2959 4494 sancto
3002 4433 3439 4504 Spirituigloria,
3477 4431 3784 4499 imperium,
3820 4433 3920 4484 Ito-

679 4543 846 4610 inepti
882 4543 1061 4598 facere
1097 4546 1505 4598 consuevimus.
1540 4543 1639 4598 Ubi
1689 4555 1817 4598 tunc
1851 4545 2026 4599 fastus
2067 4558 2118 4599 et
2150 4562 2247 4599 su-
2286 4546 2324 4598 D
2358 4555 2476 4604 uor,
2506 4544 2560 4592 et
2587 4537 2832 4590 adoratio
2870 4545 3015 4586 nunc
3046 4538 3100 4583 et
3128 4541 3365 4596 semper,
3395 4534 3448 4580 et
3490 4526 3545 4579 in
3574 4525 3773 4580 saecula
3814 4536 3924 4579 sae-

680 4636 863 4703 perhia
917 4644 1124 4698 nostra,
1179 4635 1469 4702 imperare,
1512 4646 1564 4689 et
1612 4637 1910 4704 imperari?
1953 4635 2052 4689 Ubi
2096 4639 2248 4690 cellae

682 4725 823 4786 latae,
870 4735 923 4778 et
952 4725 1225 4793 eleganter
1261 4727 1312 4778 in
1351 4742 1553 4778 morem
1586 4728 1811 4778 thalami
1866 4737 2093 4782 ornatae.
2141 4726 2243 4782 Ubi

684 4817 1079 4880 ministrorum,
1108 4827 1161 4870 et
1191 4819 1389 4886 quibus
1418 4818 1763 4871 ministratur
1807 4821 2162 4886 praerogativa
2194 4820 2246 4872 in

684 4905 773 4967 iis,
806 4906 859 4959 in
897 4907 1099 4974 quibus
1133 4923 1232 4962 nos
1269 4909 1402 4961 alios
1435 4913 1626 4975 punire.
1655 4912 1853 4963 debere
1883 4911 2253 4964 arbitramur?

685 4995 787 5050 Ubi
825 4999 1170 5063 immodicus,
1202 5008 1255 5052 et
1300 5000 1592 5053 indecorus
1627 5001 1808 5054 risus?
1841 5001 1931 5054 ubi
1979 5002 2171 5069 longze,
2198 5008 2253 5056 et

686 5091 1120 5156 apparatissimaa
1152 5105 1338 5151 C(IBIRB,
1379 5091 1626 5157 prandio,
1658 5100 1711 5143 et
1752 5092 1894 5145 inter
1929 5093 2030 5146 ista
2068 5092 2255 5147 confa-

687 5185 992 5240 bulationes
1021 5185 1449 5256 intempestivae?
1493 5183 1590 5239 Ubi
1626 5195 1754 5237 tunc
1789 5199 1981 5253 magna
2011 5183 2257 5237 nomina?

767 5396 808 5425 ⁵ο
845 5393 1076 5462 Philipp.
1129 5407 1214 5453 tit,
1277 5391 1362 5444 15.

691 5480 768 5530 ttt,
804 5466 859 5518 2.

1443 5390 1484 5420 “
1562 5391 1682 5442 Act.
1719 5404 1808 5449 \‘ll,
1850 5386 1938 5439 5‘2.

761 5642 1052 5699 Cancrum,
1087 5656 1190 5707 quo
1216 5638 1397 5690 verbis
1422 5637 1540 5689 istis
1565 5636 1780 5707 Simeon
1818 5634 2136 5707 respexerit,
2170 5645 2254 5707 me

695 5713 863 5781 fugit:
896 5701 1375 5781 γριὺίξξὶιιιιιιιιιιι,
1412 5707 1590 5781 iSIis_:
1653 5705 1792 5781 'axy
1842 5701 2110 5781 εὒξΑπαρρι
2155 5701 2256 5768 τῆς

697 5772 844 5841 Osis;
895 5779 1112 5845 Γραφῆς
1142 5772 1374 5845 ἀκήκοα.
1418 5777 1510 5827 καὶ
1542 5776 1598 5825 ἐν
1628 5774 1776 5845 αὐτῷ
1806 5773 1881 5845 si}
1919 5772 2252 5840 βαπτίσματι

699 5842 951 5903 inminuti
986 5842 1129 5910 τίνες
1175 5847 1204 5896 6
1227 5842 1578 5914 ἀτυζόμενοι
1613 5846 1679 5912 τῇ
1712 5842 1989 5895 ἐπελέκισεν.
2018 5857 2252 5893 κατανυ-

2353 4635 2630 4685 culorum.
2669 4630 2868 4682 Amen.

2894 4715 3153 4773 ORATIO
3195 4713 3390 4768 XXXI.

2943 4821 3329 4869 Διιοωιιειττυιι.

2357 4924 2716 4982 Christianum
2750 4938 2894 4989 requa
2943 4931 2989 4974 et
3023 4935 3269 4988 generoso
3301 4918 3500 4976 animo,
3534 4913 3926 4965 incursantium

2432 5013 2485 5048 se
2520 4999 2868 5048 tentationum
2914 4995 3134 5054 impetus
3164 4989 3381 5053 stt/ferre
3412 4993 3672 5052 oportere.

2433 5089 2534 5155 Qui
2571 5101 2693 5140 vere
2725 5094 2853 5138 sunt
2886 5084 3026 5136 servi
3058 5081 3175 5143 Dei,
3212 5080 3412 5148 quique
3453 5082 3628 5144 ipsqu
3667 5072 3928 5140 diligunt,

2364 5190 2416 5236 et
2474 5179 2632 5249 quasi
2687 5178 2955 5230 bonorum
3012 5173 3345 5228 tutissimum
3395 5168 3713 5223 thesaurum
3761 5167 3816 5218 in
3867 5177 3932 5219 se

2018 5385 2061 5416 "
2095 5383 2228 5435 Rom

2331 5397 2415 5446 IV,
2472 5381 2577 5447 to;
2619 5379 2661 5434 ιι
2710 5360 2841 5434 eo‘r.
2901 5393 2954 5441 ν,
2993 5376 3080 5433 to.
3122 5374 3168 5407 υ
3207 5373 3381 5428 lCor.
3414 5390 3450 5438 ι,
3493 5371 3586 5427 eo.
3663 5369 3926 5423 “Matth.

2365 5627 2550 5694 γέντες
2576 5622 2670 5676 τοῦ
2712 5623 3023 5688 πνεύματος
3066 5618 3388 5694 ᾂδάιιρυσειεέ.
3585 5611 3728 5694 enim
3754 5612 3808 5694 in
3847 5626 3936 5664 sa-

2363 5681 2472 5751 cris
2513 5681 2731 5748 Litteris
2768 5681 3035 5759 proditum
3075 5681 3315 5759 legimus
3339 5687 3405 5739 de
3443 5686 3561 5738 istis
3583 5681 3932 5759 ῂλικιὼταις,

2364 5782 2456 5819 seu
2501 5764 2695 5817 eomvis
2742 5752 2903 5813 simul
2953 5752 3256 5822 baptizatis,
3308 5758 3531 5825 ipsoque
3582 5752 3934 5821 baptismatis

2365 5845 2565 5905 puncto
2592 5838 2643 5886 in
2676 5833 2939 5899 lacrymas
2974 5824 3418 5895 erumpentibus?
