4156 6340
189 485 294 550 477

1558 483 1849 547 ORATIO
1892 487 2110 551 XXXI.

3339 487 3449 550 478

189 577 322 646 Ipsis
355 576 580 639 habent,
617 583 864 647 tempore
894 576 1215 631 tentationis
1256 574 1510 646 injurias,
1534 586 1585 628 et
1625 591 1729 628 con
1750 602 1764 611 -
1798 581 1835 631 Λ
1871 574 2021 630 litate
2063 589 2183 630 mea
2221 576 2441 631 erubuit
2474 590 2582 638 me,
2602 581 2655 629 et
2688 575 2918 644 gloriam
2946 577 3130 630 mundi
3162 576 3448 646 deserere,

193 678 431 738 temptus
463 685 589 723 cum
633 670 867 740 gaudio:
886 678 939 723 et
975 669 1142 722 animi
1167 668 1510 736 iucunditate
1538 668 1766 722 inenar-

191 762 348 815 rabili
385 766 668 832 patiuntur
697 802 712 826 ,
740 771 794 816 et
833 778 930 817 eos
964 776 994 816 a
1042 763 1244 832 quibus
1289 763 1362 817 ita
1423 769 1767 824 tractantur,

191 853 405 908 sincero
437 867 562 906 cum
592 853 810 916 aﬂectu,
849 861 905 905 ut
938 854 1079 907 bene
1111 854 1177 908 de
1205 867 1261 907 se
1295 861 1568 906 merentes
1596 851 1770 904 maxi-

194 960 416 1014 mopere
457 945 718 1015 diligunt.
766 945 869 1010 Qui
917 957 1097 999 autem
1163 957 1408 1014 tempore
1452 943 1771 997 tentationis

191 1040 662 1105 consputationes,
701 1038 912 1105 alapas,
945 1038 1258 1107 petulanter
1308 1037 1485 1090 illatas
1544 1035 1772 1103 injurias

193 1137 386 1197 pacate
419 1144 525 1182 non
556 1130 811 1192 sustinet,
859 1137 950 1180 aut
1003 1130 1188 1183 animo
1249 1129 1605 1194 concitatus,
1653 1144 1779 1184 vcr-

192 1221 322 1272 bum
359 1219 617 1276 indecens
651 1220 898 1288 profert;
935 1228 1028 1273 aut
1062 1219 1293 1289 denique
1324 1236 1419 1289 per
1446 1215 1772 1274 exteriorem

195 1312 442 1366 habitum
467 1329 527 1366 se
561 1312 641 1366 ira
674 1311 974 1368 ferventem
1025 1312 1232 1382 prodit,
1269 1322 1571 1382 contraque
1593 1314 1773 1366 verbis

194 1403 606 1460 contumeliosis
667 1404 932 1473 insurgit;
983 1413 1077 1459 aut
1125 1403 1275 1458 aliud
1337 1405 1421 1460 sui
1475 1405 1774 1460 ulciscendi

195 1510 364 1549 causa
403 1496 551 1559 facit,
583 1497 861 1566 quomodo
894 1497 940 1552 is
973 1497 1080 1550 ulla
1113 1513 1179 1552 ex
1227 1506 1378 1565 parte
1422 1513 1637 1552 servum
1671 1513 1730 1552 se
1760 1538 1775 1563 ,

196 1595 250 1638 et
279 1585 608 1639 imitatorem
646 1586 857 1639 Domini
895 1585 1001 1650 sui,
1058 1600 1122 1639 ac
1147 1601 1253 1640 non
1278 1584 1560 1640 inimicum
1594 1584 1777 1654 potius

200 1677 386 1732 dicere
411 1678 672 1738 audebit?
707 1677 808 1743 Qui
835 1681 978 1733 enim
1013 1679 1324 1733 verberanti
1360 1678 1587 1738 resistit,
1623 1693 1780 1732 eum-

199 1785 310 1835 que
351 1770 593 1823 vicissim
621 1772 895 1834 verberat,
921 1771 1088 1823 Deum
1121 1770 1442 1823 inhonorat.
1469 1769 1774 1822 dicentem:

204 1860 310 1925 Qui
343 1861 567 1926 percutit
600 1870 646 1914 te
681 1863 732 1914 in
763 1878 871 1915 una
907 1861 1136 1916 maxilla
1168 1899 1181 1923 ,
1214 1860 1386 1928 praebe
1414 1861 1493 1914 illi
1547 1871 1596 1915 et
1646 1860 1782 1913 alte-

202 1969 319 2004 ram
345 1953 412 2006 ".
441 1953 542 2018 Qui
581 1968 743 2022 porro
768 1957 847 2007 sic
880 1969 936 2007 se
982 1953 1322 2017 defendunt,
1381 1962 1434 2006 et
1487 1953 1678 2016 aiunt,
1727 1952 1780 2005 in

201 2044 320 2097 rixa
363 2054 415 2098 et
444 2061 642 2115 pugna,
686 2045 752 2099 ad
779 2047 913 2100 iram
947 2055 998 2100 et
1030 2046 1539 2100 excandescentiam
1587 2052 1644 2097 ιιι
1680 2044 1783 2096 ho-

201 2136 382 2190 mines
416 2152 824 2191 commoremur
863 2153 875 2189 :
934 2137 1225 2206 aliquando
1271 2138 1433 2190 etiam
1481 2135 1660 2190 verbis
1688 2176 1701 2198 ,
1732 2141 1785 2188 et

201 2241 373 2293 opere
401 2227 516 2292 ipso
551 2229 614 2279 de
653 2226 916 2280 fratribus
946 2240 1044 2279 nos
1076 2225 1440 2288 vindicamus,
1477 2230 1632 2291 post,
1671 2223 1787 2275 ani-

201 2331 354 2369 mum
387 2318 455 2369 ab
485 2316 620 2385 ipsis
653 2333 757 2370 non
812 2317 1048 2370 alienum
1103 2317 1384 2385 gerimus,
1436 2315 1532 2368 sed
1601 2314 1784 2368 omnia

200 2409 563 2470 dimittimus,
602 2409 948 2478 potissimum
979 2410 1023 2463 si
1054 2410 1266 2462 veniam
1302 2409 1442 2461 inter
1477 2423 1577 2461 nos
1623 2406 1785 2460 dede-

200 2503 404 2561 rimus,
438 2503 697 2555 videntur
730 2491 859 2554 mihi
897 2502 1095 2556 tabulae
1129 2513 1277 2570 pura:
1315 2500 1522 2555 similes
1549 2540 1563 2564 ,
1595 2499 1649 2551 in
1683 2513 1788 2568 qua

203 2592 468 2646 inimicus
499 2603 552 2646 et
583 2595 756 2648 hostis
783 2605 1016 2662 captata
1069 2594 1478 2662 opportunitate
1502 2634 1517 2658 ,
1559 2608 1656 2661 per
1692 2606 1788 2646 eos

203 2688 366 2758 ipsos
397 2705 560 2758 prava
594 2706 689 2744 sua
720 2691 913 2759 placita
957 2690 1250 2753 inscribit,
1289 2699 1340 2744 et
1383 2690 1613 2752 inducit,
1651 2688 1785 2752 irsi-

206 2797 316 2847 que
352 2798 564 2835 rursum
589 2782 856 2846 delentes,
884 2799 1006 2851 qua:
1039 2784 1270 2836 incitatu
1318 2783 1538 2851 maligni
1588 2782 1788 2835 inscri~

206 2881 454 2940 pserant,
489 2875 680 2924 nolunt
714 2888 810 2940 pro
844 2873 912 2926 iis
941 2872 1144 2926 Christi
1181 2873 1379 2939 placita
1442 2871 1746 2924 inscribere
1772 2911 1787 2936 ,

207 2974 268 3016 nt
292 2979 417 3017 cum
449 2964 658 3016 venerit
682 2962 1049 3025 adversarius,
1078 2962 1297 3015 tabulas
1322 2963 1568 3019 cordiunt
1598 2974 1788 3015 eorum

203 3057 551 3124 conscriptas
588 3056 866 3118 inveniat,
901 3055 1190 3124 victusmte
1223 3069 1345 3108 cum
1381 3055 1646 3108 dedecore
1676 3055 1790 3109 dis-

205 3147 414 3200 Ccdat:
454 3150 545 3202 sed
575 3149 952 3214 unusquisque
1012 3162 1200 3201 eorum
1258 3161 1368 3214 pra:
1419 3146 1630 3214 pigritia
1660 3189 1672 3210 ,
1725 3163 1786 3200 ac

1873 680 2070 735 meque
2107 667 2370 722 imitando
2399 667 2704 736 exprimere
2744 667 2888 721 haud
2939 667 3222 722 sustinuit.
3265 667 3446 730 Nunc,

1873 760 2092 828 quando
2128 758 2244 825 ipse
2271 758 2491 828 quidem
2527 757 2671 811 ﬂuxa
2731 759 2898 825 gloria
2941 771 3138 815 exutus
3167 768 3292 824 est,
3346 772 3447 829 ego

1875 863 2005 902 vero
2036 847 2095 901 in
2147 847 2445 902 immortali
2495 847 2674 901 Patris
2736 849 2843 902 mei
2887 849 3053 916 gloria
3113 851 3450 918 glorillcatus

1876 953 2017 1002 sum,
2059 939 2144 993 vel
2171 941 2544 993 tantummodo
2575 939 2756 993 videre
2782 955 2906 993 eum
2943 941 3230 994 erubesco.
3258 942 3450 1008 Itaque

1875 1029 2024 1083 foras
2057 1031 2312 1099 ejiciatur
2350 1046 2364 1084 :
2403 1029 2645 1084 Tollalur
2678 1031 2898 1099 impius,
2936 1048 2999 1086 ne
3030 1031 3200 1086 videat
3223 1032 3450 1102 gloriam

1879 1140 2048 1177 meam
2077 1124 2147 1178 δ’.

1947 1234 2070 1290 Haec
2112 1237 2354 1302 audient,
2413 1236 2506 1308 qui
2549 1238 2730 1292 omnia
2765 1237 2984 1308 quidem
3045 1238 3305 1294 mandata
3345 1237 3452 1291 Do-

1877 1327 2010 1381 mini
2042 1328 2334 1384 observare
2383 1346 2443 1384 se
2484 1340 2718 1399 putant,
2774 1339 2992 1397 prepter
3038 1329 3302 1398 pudorem
3353 1345 3456 1384 au-

1877 1427 2009 1484 tem,
2040 1430 2093 1474 et
2122 1420 2473 1489 cpprobrium
2507 1430 2648 1491 apud
2673 1422 2940 1484 homines,
2963 1421 3140 1476 illatas
3166 1423 3232 1477 ab
3255 1422 3451 1477 iisdem

1881 1512 2116 1582 injurias
2143 1551 2158 1575 ,
2191 1513 2518 1581 ignominias
2549 1556 2563 1580 ,
2618 1513 2902 1568 maledicta
2955 1529 3062 1568 non
3119 1516 3405 1582 patiuntur
3432 1555 3450 1582 ,

1880 1615 2057 1670 neque
2093 1601 2300 1668 alapas,
2332 1618 2508 1670 neque
2561 1605 2828 1668 verbera,
2882 1615 2934 1659 et
2987 1605 3175 1674 plagas
3227 1605 3454 1660 inflictas

1881 1694 2142 1748 tolerant.
2170 1692 2478 1750 liorrescite
2503 1736 2518 1758 ,
2546 1705 2600 1750 et
2634 1697 2847 1750 tremite
2881 1698 3136 1752 mortales
3165 1737 3180 1762 ,
3221 1707 3274 1751 et
3307 1697 3453 1767 inju-

1882 1784 2014 1849 rias,
2047 1799 2182 1851 quas
2214 1799 2311 1852 pro
2340 1785 2516 1838 salute
2549 1794 2727 1839 vestra
2778 1785 2920 1840 Deus
2971 1788 3189 1854 pertulit
3213 1827 3227 1850 ,
3292 1789 3455 1842 etiam

1884 1890 1979 1928 vos
2019 1891 2138 1928 cum
2172 1877 2366 1945 gaudio
2393 1876 2634 1931 suiferte.
2664 1878 2856 1932 Densa
2889 1893 3048 1932 servo
3075 1879 3454 1949 impurissimo

1889 1965 1940 2016 in
1976 1965 2165 2019 faciem
2208 1967 2431 2019 caeditur
2460 2007 2472 2026 ,
2510 1967 2605 2020 tibi
2669 1967 2733 2020 ad
2767 1969 3120 2034 exemplum;
3176 1977 3229 2022 et
3277 1975 3332 2020 tu
3386 1967 3454 2022 ab

1889 2056 2109 2111 homine
2142 2058 2410 2113 similibus
2455 2068 2633 2114 tecum
2666 2059 3049 2113 all‘ectionibus
3086 2060 3324 2114 obnoxio
3350 2060 3456 2116 hoc

1889 2151 1999 2217 pati
2041 2151 2354 2204 detrectas?
2386 2151 2476 2204 Dei
2505 2154 2830 2207 imitatorem
2867 2167 2988 2206 esse
3020 2152 3230 2221 pudet?
3254 2153 3320 2206 Et
3348 2168 3457 2221 quo

1889 2248 2047 2306 pacto
2077 2256 2198 2293 cum
2228 2241 2347 2309 ipso
2380 2243 2653 2310 regnabis,
2690 2251 2742 2297 et
2777 2259 2898 2297 cum
2931 2257 2996 2297 eo
3037 2243 3089 2294 in
3141 2259 3309 2309 regno
3351 2257 3459 2297 cm-

1889 2333 2064 2384 lorum
2099 2335 2619 2401 conglorificabcris,
2644 2335 2687 2388 si
2713 2350 2834 2386 cum
2862 2349 2925 2388 eo
2952 2334 3083 2388 nihil
3106 2332 3457 2387 toleraveris?

1888 2420 2020 2474 Nam
2055 2423 2098 2476 si
2136 2431 2190 2476 et
2221 2424 2327 2487 ille,
2362 2424 2505 2492 quod
2539 2427 2602 2478 ad
2630 2435 2680 2478 te
2715 2427 2929 2490 attinet,
2965 2433 3181 2492 propter
3214 2434 3264 2478 te
3297 2425 3455 2478 homo

1891 2513 2043 2566 nasci
2075 2514 2406 2578 erubuisset,
2440 2523 2493 2567 et
2551 2517 2604 2568 in
2654 2516 3118 2582 prmvaricationis
3171 2515 3322 2583 lapsu
3374 2517 3459 2581 ja-

1890 2614 2099 2658 cenlem
2127 2613 2179 2658 te
2212 2607 2499 2674 hucusque
2535 2607 2880 2661 destituisset
2909 2647 2922 2667 ,
2980 2621 3161 2659 nonne
3185 2646 3200 2670 ,
3259 2607 3461 2672 miser,

1891 2707 2012 2747 eum
2055 2694 2403 2757 inﬁdelibus,
2439 2705 2492 2748 et
2545 2697 2726 2765 impiis
2775 2698 2827 2748 in
2890 2695 3089 2749 inferni
3148 2696 3460 2749 recessibus

1889 2787 2336 2852 permansisses?
2372 2785 2590 2840 Credin’
2643 2797 2698 2839 tu
2753 2787 3032 2840 Christum
3080 2801 3199 2840 esse
3255 2782 3462 2838 Deum?

1892 2876 2078 2936 credo,
2111 2875 2314 2944 inquis.
2353 2876 2407 2930 Si
2441 2891 2570 2943 ergo
2611 2892 2731 2930 esse
2762 2876 2930 2929 Deum
2965 2877 3142 2931 credis
3166 2918 3181 2940 ,
3216 2876 3307 2943 qui
3348 2889 3464 2930 cm-

1895 2968 2027 3030 lum,
2064 2978 2117 3022 et
2153 2980 2355 3023 terram
2391 2970 2657 3031 condidit,
2694 2971 2788 3038 qui
2855 2970 2989 3022 citra
3038 2969 3462 3023 exinanitiouem

1894 3052 1961 3106 de
1993 3055 2115 3106 sinu
2149 3054 2325 3106 Patris
2355 3055 2668 3108 exinanitus
2699 3065 2779 3107 est
2811 3053 2889 3118 ‘5,
2931 3056 3024 3122 qui
3079 3069 3143 3107 ex
3199 3054 3467 3106 immensa

1902 3144 2188 3197 altitudine
2228 3143 2550 3208 divinitatis,
2585 3153 2637 3197 et
2668 3144 3064 3212 inexplicabilis
3117 3144 3299 3212 gloria:
3354 3159 3467 3198 suae

209 3239 418 3314 desidia
455 3241 615 3294 hasce
658 3256 858 3292 vacuas
893 3239 1206 3307 relinquens
1231 3279 1245 3302 ,
1295 3254 1418 3291 cum
1451 3241 1791 3294 mandaverit
1823 3241 1866 3297 C
1900 3235 2204 3298 descendit,
2243 3242 2296 3288 et
2329 3247 2549 3304 propter
2584 3243 2635 3288 te
2663 3235 2824 3287 homo
2848 3235 3096 3300 abiectus
3125 3274 3139 3298 ,
3172 3249 3233 3287 ac
3262 3248 3469 3303 pauper

213 3330 497 3395 Dominus,
523 3340 578 3383 ut
601 3332 652 3385 in
677 3332 856 3399 aliqua
881 3331 1074 3383 harum
1102 3347 1214 3384 sua:
1233 3332 1377 3399 leges
1401 3331 1793 3396 inscribantur,

212 3424 291 3477 illi
326 3440 471 3486 mox,
515 3433 568 3477 et
596 3433 847 3492 prompte
897 3423 1102 3475 inimici
1161 3421 1309 3490 leges
1353 3421 1708 3487 inscribunt,
1746 3435 1798 3474 et

212 3529 398 3567 amara
421 3524 583 3582 atque
642 3513 929 3568 mortifera
983 3513 1380 3573 admittentes,
1433 3511 1649 3564 vivilica
1681 3554 1695 3575 ,
1744 3518 1797 3562 et

216 3609 379 3662 melle
409 3608 696 3671 dulciora,
753 3624 781 3662 a
835 3624 892 3662 se
953 3608 1243 3676 repellunt.
1306 3606 1406 3671 Qui
1453 3607 1619 3676 igitur
1667 3607 1797 3660 nihil

216 3699 630 3766 deliquitlesus
670 3697 933 3752 Dominus
970 3712 1032 3751 ac
1067 3699 1207 3751 Deus
1245 3707 1450 3758 noster,
1502 3712 1799 3764 percussus

213 3799 323 3853 cst,
357 3800 414 3842 ut
446 3790 562 3857 ejus
588 3791 836 3858 exemplo
879 3800 1196 3859 peccatores
1234 3805 1342 3841 non
1379 3790 1554 3841 solum
1599 3790 1796 3842 remis-

216 3884 433 3936 sionem
467 3892 814 3950 peccatorum
857 3881 1150 3949 accipiant,
1195 3881 1288 3934 sed
1340 3882 1506 3932 etiam
1541 3879 1800 3932 divinita-

219 3979 291 4030 tis
328 3978 449 4044 cjllS
483 3993 577 4044 per
603 3975 963 4030 obedientiam
998 3975 1288 4042 participes
1325 3972 1473 4026 fiant.
1521 3972 1672 4036 Quod
1706 3971 1796 4039 qui

221 4070 275 4122 in
293 4068 608 4121 humilitate
627 4066 806 4120 cordis
828 4081 933 4119 non
963 4065 1265 4126 admiserit,
1286 4063 1440 4131 quasi
1467 4063 1799 4115 erubescens

221 4158 440 4213 Domini
485 4157 865 4226 perpessiones
892 4155 1115 4215 imitari,
1150 4154 1402 4207 Christus
1437 4152 1589 4204 illum
1615 4165 1800 4206 coram

219 4251 458 4318 angelis.
490 4263 540 4304 et
573 4251 736 4301 Patre
769 4263 867 4302 suo
905 4247 1113 4302 cmlesti
1155 4246 1444 4298 erubescet
1497 4243 1563 4296 “.

297 4342 454 4408 Quod
498 4342 638 4405 dico,
679 4340 988 4406 huiusmodi
1023 4346 1128 4392 est.
1160 4336 1293 4390 Cum
1320 4346 1466 4390 esset
1498 4335 1660 4398 Deus,
1696 4348 1797 4387 no-

223 4437 325 4492 stri
360 4450 522 4488 causa
549 4433 822 4486 hominem
855 4431 1085 4488 indutus
1114 4470 1129 4494 ,
1164 4430 1338 4498 alapis
1388 4443 1562 4480 cursus
1592 4465 1605 4489 ,
1668 4441 1804 4480 con-

223 4537 459 4597 sputus,
494 4524 546 4577 in
580 4538 797 4577 crucem
827 4531 982 4576 actus
1011 4530 1094 4576 est
1139 4538 1152 4574 :
1203 4520 1406 4574 docens
1429 4559 1442 4583 ,
1492 4533 1554 4569 ac
1618 4518 1804 4569 dicens

223 4616 631 4689 quodammodo
657 4616 852 4684 cuique
883 4623 1131 4668 nostrum
1174 4628 1268 4681 per
1313 4626 1376 4664 ea
1433 4626 1554 4678 fllliB
1612 4623 1805 4676 passus

225 4720 315 4766 est
348 4709 495 4779 (qui,
522 4722 627 4776 qua
661 4709 825 4770 Deus,
869 4707 978 4775 pati
1011 4723 1117 4760 non
1149 4712 1356 4773 poterat
1388 4703 1432 4768 ),
1470 4702 1514 4755 si
1550 4702 1630 4754 vis
1666 4701 1808 4753 Deus

226 4818 380 4864 esse,
407 4816 440 4854 ο
469 4801 650 4861 Ιιοηιο,
687 4799 962 4867 vitamque
997 4809 1252 4850 aeternam
1277 4803 1563 4848 assecutus
1593 4809 1804 4847 mecum

228 4896 440 4954 vivere,
477 4891 619 4960 quod
652 4901 804 4958 pater
831 4891 1047 4958 generis
1083 4888 1157 4941 tui
1195 4929 1208 4951 ,
1247 4900 1370 4939 cum
1427 4884 1566 4936 male
1609 4897 1810 4936 concu-

230 4985 465 5054 pivisset
490 5022 504 5044 ,
542 4997 649 5035 non
689 4992 768 5035 est
802 4987 1089 5035 assecutus
1112 5018 1128 5043 ,
1179 4978 1258 5032 sic
1302 4976 1594 5030 humiliare
1625 5015 1638 5040 ,
1673 4988 1810 5042 quo-

233 5077 402 5132 modo
436 5089 533 5141 ego
570 5083 658 5126 tua
704 5087 872 5125 causa
906 5087 992 5125 me
1029 5069 1339 5132 humiliavi,
1391 5069 1813 5134 arrogantisque

235 5176 286 5221 et
326 5164 605 5231 superbia,
647 5162 699 5214 in
733 5163 929 5230 quibus
958 5169 1042 5215 est
1073 5160 1303 5229 spiritus
1334 5158 1638 5212 diabolicus
1669 5197 1684 5219 ,
1719 5155 1814 5210 de-

238 5258 439 5325 posita,
469 5256 688 5324 alapas,
723 5252 1168 5323 consputationes
1193 5291 1207 5318 ,
1260 5252 1524 5316 colaphos
1577 5247 1809 5312 suscipe.

237 5345 426 5402 Perfer
452 5345 550 5397 ista
594 5343 660 5397 ad
693 5351 918 5396 mortem
967 5357 1140 5411 usque
1167 5379 1179 5403 ,
1209 5348 1263 5395 et
1312 5340 1422 5393 noli
1468 5339 1814 5392 erubescere.

241 5438 338 5492 Sin
373 5445 429 5490 tu
463 5445 682 5503 prepter
713 5433 966 5488 mandata
1005 5449 1121 5487 mea
1151 5432 1261 5502 pali
1306 5431 1590 5488 erubueris
1617 5468 1631 5492 ,
1667 5437 1814 5496 post-

240 5541 410 5598 quam
436 5540 535 5594 ego
567 5522 712 5598 Deus
741 5535 962 5592 propter
987 5531 1038 5577 te
1065 5538 1259 5592 passus
1305 5536 1449 5583 sum,
1487 5520 1652 5574 etiam
1688 5532 1807 5585 ego,

241 5593 613 5688 quandocutu
650 5593 932 5681 maiestate
960 5614 1253 5674 advenero,
1287 5610 1482 5681 pudori
1515 5609 1722 5663 habebo
1755 5615 1808 5660 te

245 5723 455 5762 mecum
491 5719 638 5771 esse,
668 5705 959 5775 dicamque
991 5701 1196 5774 angelis
1229 5701 1385 5766 meis,
1413 5699 1502 5755 hic
1535 5700 1590 5753 in
1627 5697 1807 5752 humi-

251 5889 290 5920 "
316 5887 496 5942 llattb.
535 5901 589 5939 γ.
625 5885 754 5936 59.-
795 5888 837 5919 δε
874 5884 1006 5943 Luc.
1030 5901 1105 5953 tx,
1137 5885 1226 5942 26.

1903 3324 2079 3375 factus
2110 3333 2212 3384 est,
2241 3332 2293 3373 tu
2325 3322 2520 3384 lutum,
2548 3324 2706 3385 cinis,
2733 3338 2794 3375 ac
2828 3323 3002 3390 pulvis
3023 3361 3038 3384 ,
3085 3337 3194 3374 non
3229 3333 3378 3390 potes
3414 3322 3468 3377 in

1901 3414 2140 3466 animum
2170 3413 2448 3476 inducere,
2493 3424 2548 3465 ut
2585 3428 2611 3466 ιι
2646 3413 2861 3466 sublimi
2895 3413 3092 3466 throno
3126 3422 3216 3466 tuo
3241 3414 3471 3467 descen-

1900 3506 2056 3568 dens,
2093 3505 2243 3556 fratri
2273 3519 2366 3558 .uo
2396 3515 2447 3558 te
2488 3505 2741 3558 lmmilies
2776 3545 2792 3570 ,
2836 3507 2926 3571 qui
2966 3504 3107 3557 infra
3159 3512 3210 3558 te
3251 3505 3471 3573 quidem

1900 3594 2114 3646 videtur
2147 3602 2309 3657 stare,
2345 3593 2598 3647 fortassis
2629 3602 2808 3648 autem
2843 3596 3134 3648 virtutibus
3185 3604 3238 3648 te
3278 3609 3474 3662 super-

1901 3687 2150 3739 eminet?
2198 3687 2337 3748 Quin
2379 3695 2581 3738 vestem
2618 3695 2712 3739 tuo
2762 3685 2965 3750 judicio
3007 3685 3342 3752 Splendidam
3380 3686 3476 3739 ab-

1898 3778 2048 3845 jicis,
2084 3779 2230 3831 illius
2261 3795 2324 3831 ex
2355 3778 2481 3847 pilis
2523 3777 2854 3836 c0ufectam,
2881 3785 2934 3831 et
2963 3778 3318 3831 humilitatem
3353 3780 3472 3848 ejus

1904 3872 2214 3924 reveritus?
2251 3870 2391 3935 Quin
2427 3870 2666 3937 despicis
2697 3871 2899 3929 omnia,
2935 3885 3054 3937 quae
3086 3867 3472 3932 reveraludus,

1903 3971 1955 4015 et
1993 3963 2333 4023 velamenta,
2385 3975 2449 4014 ac
2504 3975 2733 4028 persona
2792 3961 3039 4025 quasiam
3115 3960 3474 4026 turpitudinis

1906 4056 2113 4124 potius,
2145 4069 2307 4122 quam
2353 4054 2526 4121 gloria
2563 4051 2832 4105 claritatis
2863 4061 2988 4102 sunt
3016 4051 3038 4103 ?
3066 4050 3205 4114 Quin
3241 4066 3333 4118 per
3359 4064 3479 4103 om-

1909 4146 1995 4197 nia
2031 4143 2343 4197 fabricatori
2385 4153 2479 4194 tuo
2517 4157 2580 4194 ac
2625 4141 2733 4195 Deo
2789 4142 3020 4194 similem
3078 4150 3128 4193 te
3175 4150 3473 4208 praestans,

1907 4252 2030 4290 cum
2071 4236 2163 4287 illo
2201 4235 2463 4287 fratribus
2498 4235 2608 4286 tuis
2654 4243 2706 4288 te
2742 4231 3043 4284 humilias?
3073 4230 3126 4283 Si
3163 4231 3238 4284 illi
3278 4231 3476 4284 similis

1908 4327 2044 4382 eﬂiei
2080 4342 2187 4380 non
2223 4326 2329 4388 vis,
2364 4326 2624 4390 majorem
2664 4323 2853 4376 nescio
2891 4321 3198 4391 quomodo,
3260 4330 3314 4375 et
3366 4308 3480 4387 glo-

1911 4418 2196 4472 riosiorem
2236 4416 2328 4470 illo
2359 4424 2411 4468 te
2443 4416 2601 4479 facis,
2640 4414 2916 4480 aliumque
2949 4422 3000 4465 te
3059 4411 3215 4464 nobis
3246 4411 3478 4472 Annam,

1912 4520 2003 4562 aut
2032 4509 2317 4577 Caipham,
2349 4515 2438 4559 aut
2472 4505 2702 4558 Pilatum
2739 4517 3030 4574 tyrannum
3063 4503 3288 4556 exhibes
3313 4540 3327 4561 ,
3359 4501 3482 4567 opi-

1918 4603 2070 4656 ﬁcem
2107 4598 2482 4653 universitatis
2504 4613 2611 4649 non
2645 4606 2702 4648 ut
2732 4609 3085 4657 assessorem,
3113 4593 3205 4646 sed
3235 4600 3291 4644 ut
3315 4607 3480 4644 unum

1916 4693 2208 4764 quemdam
2241 4692 2625 4745 damnatorum
2667 4687 2759 4740 tibi
2806 4696 2989 4740 astare
3023 4686 3270 4752 cupiens.

1988 4784 2110 4839 Hac
2137 4783 2202 4836 ad
2236 4781 2432 4834 divites
2463 4787 2517 4831 et
2550 4779 2846 4846 principes,
2866 4788 2918 4829 et
2941 4777 3172 4829 aliorum
3201 4775 3480 4843 praesides,

1917 4886 2118 4932 etcum
2153 4874 2295 4928 fastu
2327 4871 2681 4940 supercilium
2717 4870 2970 4922 tollentes
3002 4867 3147 4920 dicta
3179 4870 3306 4920 sint.
3345 4865 3487 4930 Quid

1913 4969 2025 5038 jam
2054 4969 2296 5021 dicemus
2333 4965 2420 5025 iis,
2451 4964 2537 5031 qui
2573 4962 2776 5015 relictis
2807 4960 3061 5013 omnibus
3083 5000 3096 5023 ,
3133 4968 3352 5025 prepler
3399 4972 3484 5009 re-

1919 5075 2082 5131 gnum
2124 5057 2384 5111 ceelorum
2415 5054 2478 5106 ad
2513 5061 2809 5121 egestatem
2845 5066 2903 5104 se
2955 5047 3320 5116 redegerunt?
3345 5046 3490 5112 Quid

1916 5154 2184 5215 dicemus,
2214 5145 2473 5216 inquam?
2505 5145 2642 5198 Ecce
2672 5143 2861 5206 frater,
2901 5142 3185 5195 mendicus
3215 5140 3406 5202 fartus,
3433 5145 3489 5192 et

1919 5244 2204 5299 Dominum
2242 5240 2541 5299 Christum,
2569 5251 2629 5288 ac
2655 5233 2820 5286 Deum
2868 5233 3108 5286 imitatus
3143 5247 3220 5286 es.
3266 5230 3491 5282 intuere

1917 5337 2085 5406 igitur
2121 5332 2264 5384 hunc
2298 5329 2458 5381 modo
2482 5325 2575 5379 tibi
2598 5325 2871 5393 junctum,
2925 5332 3213 5389 tecumque
3264 5334 3492 5372 versan-

1919 5439 2049 5489 tem,
2087 5425 2177 5493 qui
2208 5436 2372 5490 super
2398 5433 2589 5470 omnes
2621 5417 2788 5469 cmlos
2817 5422 2919 5467 est.
2950 5413 3088 5467 Ecce
3134 5413 3242 5465 duo
3273 5425 3368 5462 vos
3409 5411 3486 5463 si-

1918 5521 2030 5573 mul
2056 5515 2327 5570 inceditis.
2360 5510 2612 5565 Occurrit
2649 5509 2919 5576 quiSpiam
2958 5506 3109 5559 vobis
3163 5504 3214 5555 in
3267 5501 3490 5564 itinere,

1922 5607 2176 5674 deditque
2217 5602 2441 5656 Domino
2469 5601 2674 5668 alapas,
2711 5597 2856 5652 dedit
2903 5597 3152 5650 similiter
3198 5595 3318 5648 tibi.
3379 5593 3486 5644 Do-

1920 5697 2101 5750 minus
2134 5708 2239 5746 non
2276 5688 2636 5754 contradicit,
2668 5696 2720 5742 et
2763 5695 2815 5740 tu
2877 5695 3067 5740 contra
3121 5681 3324 5737 irruis?
3377 5680 3495 5736 'mo

1306 5887 1350 5920 ⁸⁷
1375 5887 1481 5944 isa.
1528 5903 1674 5955 sxw,
1703 5886 1788 5943 10.
1829 5885 1873 5918 "
1909 5884 2138 5953 Philipp.
2178 5896 2236 5948 tt,
2267 5882 2320 5935 7.
