4128 6338
633 335 739 394 Λῖυ

1861 331 2005 389 SY'JI
2021 330 2239 390 EONIS
2272 330 2641 391 JUNIORIS

3753 330 3863 393 49b

623 432 729 511 ais,
764 446 905 501 dixit
929 447 1072 500 enim
1110 445 1260 501 danti
1296 446 1397 499 sibi
1440 446 1695 516 alapam:
1730 446 1788 501 Si
1820 447 1956 501 male
1989 448 2191 499 tot-utut
2225 450 2271 504 Α
2298 461 2510 509 cemus,
2544 446 2636 501 sed
2683 447 2800 501 sine
2836 442 3218 500 communione
3253 459 3584 498 maneamus.
3620 445 3715 500 llis
3762 459 3865 516 ego

624 554 764 599 sum,
800 538 1157 591 testimonium
1193 534 1401 605 prrhibe
1430 535 1493 591 de
1520 537 1703 592 malo:
1752 540 1798 592 si
1839 551 2014 593 autem
2046 544 2187 602 bene,

624 629 749 699 quid
784 646 863 683 me
891 631 1050 684 mdis
1082 631 1176 685 “2
1210 629 1321 683 Hoc
1349 629 1435 684 ille
1469 646 1575 684 non
1602 632 1847 699 protulit,
1881 642 1939 688 ut
1978 641 2193 689 contra-

627 725 881 787 diceret,
937 722 1081 791 quod
1131 730 1186 776 tu
1243 722 1568 788 existimas;
1624 723 1715 776 sed
1769 726 2025 791 quoniam
2083 726 2194 793 ipse

625 816 838 868 omnino
870 825 1139 881 peccatum
1166 815 1369 867 nullum
1414 814 1560 883 fecit,
1592 832 1682 869 uec
1711 816 1948 869 inventus
2004 824 2080 870 est
2106 818 2197 869 do-

629 905 709 958 fus
742 906 793 957 in
824 920 913 958 ore
951 906 1065 974 ejus
1095 906 1164 959 '°.
1199 904 1464 961 Praeterea
1498 947 1512 970 ,
1551 922 1640 971 ne,
1679 908 1768 975 qui
1804 906 2012 961 dixerat
2051 921 2064 959 :
2106 905 2195 959 Sic

630 993 908 1055 rnsrondes
945 996 1225 1061 pontiﬁci?
1251 997 1396 1065 justo
1437 1013 1559 1058 eum
1591 1038 1608 1063 ,
1640 1005 1698 1050 ut
1743 997 1833 1064 qui
1881 1004 2191 1064 peccasset,

629 1087 965 1153 percussisse
993 1096 1280 1152 putaretur
1310 1128 1325 1150 ,
1358 1089 1559 1142 idcirco
1592 1104 1651 1142 se
1702 1088 1976 1142 innoxium
2010 1087 2195 1141 volens

625 1176 927 1238 declarare,
968 1178 1045 1229 sic
1078 1176 1289 1230 locutus
1328 1184 1433 1232 est.
1466 1175 1665 1232 Verum
1722 1192 1841 1238 nos,
1870 1177 2053 1231 multis
2100 1178 2198 1231 ob—

629 1268 803 1321 stricti
839 1267 1199 1330 crituinibus,
1245 1269 1566 1336 longissime
1620 1269 1689 1323 ab
1744 1270 1846 1323 ista
1887 1269 2195 1323 innocentia

568 1346 573 1399 ζ
628 1358 917 1412 distamus.
954 1358 1087 1412 Nam
1118 1369 1304 1429 postea
1342 1361 1637 1424 Dominus,
1667 1377 1788 1416 cum
1832 1362 1999 1415 multa
2050 1362 2197 1417 imii-

628 1450 818 1515 guiora
861 1450 999 1504 istoc
1048 1453 1352 1522 excepisset
1397 1494 1411 1518 ,
1463 1456 1671 1509 nullum
1719 1454 1945 1522 penitus
1975 1457 2197 1511 verbum

627 1540 797 1594 edidit
826 1558 840 1595 :
871 1542 1003 1606 quin
1038 1543 1225 1605 etiam,
1261 1546 1406 1613 quod
1443 1555 1673 1607 rnnstat,
1701 1562 1797 1613 pro
1849 1549 2202 1603 rrucilixori-

629 1631 954 1688 bns~uravit.
982 1633 1075 1686 ille
1103 1634 1297 1687 irrisus
1327 1648 1432 1687 non
1460 1634 1790 1705 indignatur,
1813 1648 1865 1690 et
1890 1648 1943 1690 tu
1978 1640 2202 1695 moleste

548 1760 555 1761 κ
632 1722 789 1776 fors?
828 1723 922 1776 llle
955 1734 1138 1793 sputa,
1171 1725 1455 1793 colaphos,
1487 1724 1694 1795 ﬂagella
1730 1729 1987 1794 ‘patitur;
2041 1740 2093 1782 et
2144 1740 2199 1786 tu

630 1829 699 1866 ne
751 1815 975 1869 verbum
1030 1816 1250 1884 quidem
1308 1832 1559 1884 asperum
1620 1819 1808 1873 audire
1861 1823 2057 1887 potes?
2112 1792 2277 1877 illeB

630 1918 873 1966 crucem,
906 1915 960 1960 et
995 1915 1225 1960 mortem
1264 1907 1709 1974 ignominiosam,
1740 1918 1791 1965 et
1831 1912 2053 1968 dolores
2094 1915 2207 1969 cla-

630 2011 819 2049 vormn
848 1997 1090 2065 evcipit,
1137 2006 1191 2052 et
1242 2008 1296 2052 tu
1349 1999 1653 2054 ministeria
1700 2002 1999 2072 abjcctiora
2055 2009 2207 2063 obire

627 2087 883 2157 refugis?
920 2089 976 2142 Et
1012 2090 1236 2157 quinam
1267 2091 1385 2160 ejus
1425 2094 1611 2161 gloriae
1635 2111 1864 2151 consors
1888 2099 2020 2166 eris,
2048 2102 2205 2169 cujus

632 2181 827 2233 mortis
860 2195 1093 2234 consors
1125 2181 1237 2235 fieri
1272 2183 1515 2239 abnuis?
1550 2185 1695 2240 Sane
1745 2188 1949 2244 frustra
1998 2191 2207 2248 divitiis

636 2283 691 2325 te
722 2272 1013 2339 abdicasti,
1050 2289 1267 2329 crucem
1316 2284 1372 2328 ut
1423 2277 1509 2331 ille
1554 2277 1718 2347 jussit
1758 2282 1809 2334 in
1848 2285 2075 2340 veritate
2106 2286 2210 2339 tol-

635 2366 747 2419 lere
772 2365 963 2420 nolens
1001 2383 1016 2421 :
1058 2365 1231 2421 Vende
1264 2385 1379 2437 qua:
1417 2369 1595 2437 babes,
1621 2384 1667 2425 et
1701 2374 1771 2427 da
1790 2377 2129 2444 pauperibus,
2160 2388 2207 2433 et

638 2455 760 2509 tolle
791 2473 993 2511 crucem
1028 2467 1173 2511 tuam
1201 2498 1216 2521 ,
1250 2469 1298 2512 et
1337 2477 1547 2530 sequere
1573 2480 1649 2517 me
1679 2465 1721 2498 ⁸¹
1749 2505 1764 2529 ,
1826 2468 2157 2523 adolescenti
2190 2509 2206 2533 ,

635 2557 688 2599 et
714 2546 873 2601 nobis
904 2563 1023 2599 cum
1058 2548 1175 2615 ipso
1208 2548 1461 2606 Christus
1497 2556 1785 2623 pratcepit.‘
1820 2557 1887 2608 At
1928 2567 1983 2611 tu
2036 2558 2209 2613 facul-

638 2636 842 2689 tatibus
873 2632 1204 2701 distribntis,
1243 2656 1463 2696 crucem
1507 2653 1691 2699 tamen
1734 2647 1964 2703 horrens
1992 2652 2207 2716 tollere,

639 2737 697 2786 ut
730 2730 969 2786 diximus
1004 2732 1185 2801 (quod
1218 2733 1352 2787 nihil
1384 2736 1531 2790 aliud
1580 2749 1662 2792 est
1687 2777 1701 2802 ,
1746 2756 1909 2808 quam
1963 2744 2209 2798 omnium

640 2821 998 2875 tentationum
1032 2823 1450 2891 impressionem
1500 2828 1659 2883 hilari
1715 2831 1898 2885 animo
1938 2812 2211 2890 sustinere

640 2928 702 2965 ac
738 2916 983 2983 perpeti)
1022 2916 1074 2967 in
1107 2915 1191 2967 via
1222 2916 1385 2983 hujus
1416 2918 1539 2972 vitae
1570 2920 1815 2987 relictus,
1865 2930 1919 2975 et
1947 2940 1973 2976 a
2004 2924 2212 2981 dulcis-

637 3019 665 3077 β
694 3020 780 3056 11ιο
814 3003 1038 3057 Domino
1067 3014 1161 3059 tuo
1189 3007 1439 3071 divulsus
1462 3024 1544 3063 es.
1604 3011 1705 3065 Sed
1740 3051 1755 3075 ,
1786 3014 2035 3070 obtestor
2059 3056 2075 3080 ,
2111 3033 2210 3085 pa-

2300 540 2466 591 miser
2496 544 2551 590 et
2582 535 2775 589 infelix
2808 536 3031 594 auditis.
3069 550 3314 589 SCOI'Silm
3348 550 3407 587 ea
3437 550 3646 588 mecum
3682 538 3866 589 revol-

2297 646 2453 691 vens,
2495 636 2544 681 et
2583 627 2805 695 indigne
2836 626 3038 687 ferens,
3072 624 3265 679 acerbe
3299 622 3416 677 flevi
3452 624 3505 677 in
3540 626 3729 680 dolore
3748 641 3868 679 cor-

2300 722 2383 775 dis
2414 724 2541 787 mei,
2570 722 2639 775 ita
2670 718 2811 788 apud
2838 718 3076 770 animum
3106 725 3303 771 memet
3331 716 3700 787 interrogans:
3724 716 3867 771 Num

2305 829 2492 869 revera
2526 814 2580 866 in
2623 814 2725 867 hoc
2758 812 2977 879 negotio
3015 810 3095 864 sic
3131 808 3307 863 aﬂ'ecti
3341 819 3471 863 sunt
3503 852 3518 876 ,
3551 822 3603 864 et
3631 812 3705 865 ita
3742 826 3873 865 sen-

2303 907 2445 959 tiunt
2488 914 2545 958 ut
2586 905 2746 959 verba
2788 910 3027 967 sonant,
3078 902 3330 971 serioque
3387 896 3873 972 impossibile‘lzoc

2305 1007 2623 1067 reputantes
2661 1000 2939 1062 dixerunt,
2989 1013 3109 1065 qua}
3141 986 3436 1051 dixerunt?
3460 1013 3524 1048 an
3560 999 3871 1065 potiusnon

2306 1106 2531 1159 parvum
2568 1107 2629 1143 ac
2658 1090 2819 1145 facile
2859 1091 3127 1159 quoddam
3160 1088 3393 1143 cilicium
3446 1090 3546 1141 rati
3577 1130 3591 1154 ,
3626 1098 3875 1157 tempore

2305 1183 2706 1237 communionis
2732 1184 3017 1252 lacrymari
3048 1221 3062 1246 ,
3093 1183 3210 1237 solo
3242 1182 3406 1235 verbo
3446 1181 3496 1234 id
3532 1178 3874 1236 irriscrunt?

2308 1273 2469 1335 Sane,
2499 1273 2597 1326 nisi
2624 1254 2752 1341 quis.
2780 1273 3001 1325 assiduo
3035 1273 3226 1326 diebus
3277 1280 3328 1323 et
3368 1272 3622 1326 noctibus
3681 1286 3871 1325 coram

2305 1365 2525 1419 Christo
2555 1364 2662 1419 Deo
2695 1364 2744 1417 in
2777 1363 2908 1418 ﬂetu
2937 1371 3235 1433 occupatus
3265 1363 3357 1427 sit,
3388 1377 3489 1417 nec
3525 1378 3647 1415 cum
3685 1360 3873 1422 divina

2308 1456 2637 1525 participare
2668 1455 2921 1515 voluerit.
2954 1454 3447 1523 quomodocunque
3500 1455 3692 1520 lugere
3720 1492 3735 1516 ,
3778 1456 3875 1506 aut

2308 1548 2593 1617 larrymari
2628 1545 2866 1614 ﬂetuque
2893 1547 3188 1599 secundum
3218 1544 3384 1599 Deum
3415 1545 3619 1599 stillare
3656 1545 3875 1612 poterit.

2309 1636 2410 1703 Qui
2453 1638 2647 1692 enim?
2688 1639 2789 1691 nisi
2824 1638 2962 1692 forte
2995 1646 3204 1692 secreta
3250 1636 3485 1705 quadam
3522 1637 3826 1691 (nconomia
3859 1673 3875 1698 ,

2311 1738 2402 1783 ant
2435 1742 2655 1791 eventu,
2689 1744 2753 1783 ex
2780 1744 2950 1782 causa
2990 1730 3167 1797 aliqua
3200 1743 3325 1781 raro
3359 1728 3410 1782 id
3452 1728 3734 1797 contingat
3775 1726 3877 1778 ali-

2309 1821 2419 1882 cui,
2449 1819 2591 1889 quod
2624 1810 2757 1873 mihi
2784 1822 2981 1889 mirum
3015 1836 3121 1874 non
3156 1819 3369 1874 videtur
3394 1859 3408 1879 ,
3442 1814 3661 1887 quando
3720 1816 3877 1870 muhi

2307 1913 2471 1967 etiam
2505 1913 2559 1966 in
2590 1913 2737 1965 exitu
2767 1913 2961 1967 anima:
3000 1927 3027 1965 e
3064 1926 3295 1980 corpore
3327 1912 3717 1979 lacrymarunt.
3749 1906 3879 1975 Opi-

2309 2020 2412 2058 nor
2444 2013 2624 2057 autem
2659 2004 2746 2057 hic
2779 2019 2887 2057 non
2929 2003 3109 2067 multi,
3135 2004 3227 2057 sed
3254 2003 3411 2071 pauci
3450 2002 3741 2055 admodum
3768 2041 3783 2066 ,
3823 2009 3879 2054 et

2308 2111 2539 2166 quorum
2575 2111 2839 2150 numerus
2878 2096 3004 2149 iniri
3031 2096 3189 2150 facile
3222 2102 3407 2165 queat.
3434 2094 3587 2159 Quod
3637 2095 3680 2147 si
3724 2109 3879 2161 pror-

2309 2203 2405 2242 sus
2439 2187 2553 2241 ﬂeri
2597 2202 2702 2242 non
2738 2203 2897 2257 posse
2925 2172 3260 2254 existimant,
3301 2198 3354 2240 ut
3382 2188 3505 2256 quis
3542 2202 3665 2240 cum
3702 2186 3879 2254 larry-

2308 2282 2411 2333 mis
2435 2282 2489 2334 in
2532 2280 2649 2334 dies
2682 2280 2972 2350 participct
3004 2280 3187 2334 divina
3235 2281 3513 2350 mysteria,
3561 2280 3694 2345 prob
3730 2287 3882 2347 igno-

2310 2372 2919 2435 rantiam,socordiam,
2946 2380 2999 2426 et
3048 2372 3345 2426 caecitatem
3381 2372 3482 2424 ista
3513 2372 3872 2439 loquentium.

2312 2464 2371 2518 Si
2405 2465 2550 2517 enim
2592 2464 2802 2530 seipsos
2832 2462 3177 2529 judicasscnt
3208 2500 3225 2525 ,
3258 2463 3364 2514 non
3406 2477 3433 2513 e
3479 2461 3593 2515 suis
3634 2461 3878 2528 ipsorum

2312 2556 2663 2611 sermonibus
2696 2554 3099 2623 iudicarentur.
3126 2552 3182 2607 Si
3210 2553 3543 2621 pmnitentim
3573 2552 3876 2613 studerent,

2310 2662 2420 2701 non
2451 2648 2557 2701 hoc
2589 2661 2687 2714 pro
2713 2644 3039 2713 impossibili
3072 2642 3457 2698 eﬂ'utivisseut.
3490 2643 3543 2696 Si
3575 2641 3880 2696 fructuosis

2312 2746 2569 2792 vacarent
2611 2736 2871 2805 operibus
2900 2776 2916 2800 ,
2966 2736 3091 2789 talis
3149 2735 3276 2789 boni
3322 2743 3484 2788 tantm
3528 2734 3883 2797 liberalitatis

2312 2830 2517 2890 Christi
2543 2836 2762 2897 gustum
2812 2828 3049 2897 aliquem
3103 2827 3388 2882 haberent.
3436 2825 3492 2881 Si
3526 2838 3673 2882 esset
3712 2829 3768 2881 in
3811 2827 3882 2881 iis

2317 2924 2479 2975 timor
2517 2920 2633 2985 Dei,
2671 2936 2779 2975 non
2825 2921 2998 2974 solum
3058 2928 3302 2989 tempore
3352 2918 3754 2973 communionis
3800 2919 3887 2972 di-

2315 3014 2563 3068 vinorum
2596 3013 2978 3083 mysteriorum
3009 3014 3197 3081 lugere
3249 3014 3557 3084 quempiam
3586 3050 3601 3072 ,
3639 3026 3703 3065 ac
3754 3008 3889 3065 tlere

642 3105 751 3149 tres
777 3110 839 3148 ac
871 3098 1085 3159 fratres,
1119 3100 1302 3151 omnia
1357 3100 1561 3155 Christi
1622 3104 1877 3159 mandata
1934 3108 2211 3163 custodia-
2240 3115 2284 3176 ο
2317 3120 2482 3174 posse
2504 3112 2922 3171 attestarentur,
2946 3103 3118 3159 sedet
3143 3102 3437 3158 omnihora
3466 3099 3887 3173 propemodum.

644 3203 787 3247 tuus.
822 3188 1132 3243 adorientcs
1176 3206 1277 3244 nos
1313 3194 1639 3248 tentationes
1675 3212 1849 3266 usque
1876 3198 1954 3251 ad
1981 3211 2213 3255 mortem

650 3277 798 3344 regni
835 3277 1073 3331 crelestis
1112 3293 1295 3334 amore
1318 3280 1677 3341 suﬂ‘erainus.
1710 3296 1767 3339 ut
1790 3296 1843 3340 ct
1869 3288 2050 3357 gloria:
2084 3288 2215 3345 Jesu

650 3368 785 3420 socii
812 3409 826 3432 ,
864 3378 916 3422 et
942 3379 1157 3424 acterna:
1184 3373 1302 3423 vitae
1342 3382 1623 3442 compotes
1646 3413 1662 3438 ,
1706 3386 1758 3431 et
1809 3378 2075 3435 bonorum
2104 3384 2217 3452 qui-

648 3462 749 3514 bus
782 3462 930 3513 nulla
957 3477 1052 3528 par
1075 3472 1159 3518 est
1186 3466 1380 3527 oratio,
1403 3467 1648 3522 baeredes
1675 3470 1991 3533 evadamus,
2019 3477 2215 3542 gratia,

647 3564 702 3604 ct
736 3554 1069 3621 benignitate
1101 3557 1279 3624 magni
1334 3555 1426 3611 Dei
1463 3573 1527 3612 ac
1567 3560 1860 3616 salvatOris
1895 3565 2063 3619 nostri
2089 3566 2213 3621 Jesu

645 3643 875 3705 Clu-isti,
912 3660 1035 3699 cum
1074 3661 1182 3715 quo
1213 3646 1358 3699 Patri
1390 3648 1561 3717 gloria
1583 3688 1599 3714 ,
1634 3650 1917 3720 imperium
1948 3692 1965 3717 ,
2002 3655 2176 3710 honor
2200 3697 2216 3723 ,

649 3752 771 3787 rum
812 3746 1004 3790 sancto
1039 3739 1269 3805 Spiritu,
1302 3754 1445 3793 nunc
1473 3748 1526 3795 et
1548 3756 1792 3811 semper,
1825 3750 1878 3799 et
1911 3743 1964 3797 in
2001 3760 2216 3801 omnem

651 3830 1032 3883 attcrnitatcm.
1065 3831 1257 3883 Amen.

1176 3940 1436 3996 ORATIO
1474 3942 1690 3998 XXXII.

1240 4068 1628 4112 ABGUIENTUI.

655 4165 734 4221 De
757 4169 1063 4243 paenitentia
1098 4178 1172 4243 et_
1186 4173 1599 4243 compunctione,
1622 4183 1669 4227 et
1713 4176 1900 4243 quibus
1925 4177 2220 4233 actionibus

722 4254 783 4315 ea
814 4238 1100 4315 patiamur.
1125 4239 1259 4315 _Sine
1290 4240 1537 4315 laerymis
1581 4246 1649 4300 ad
1694 4238 1909 4311 purum,
1954 4252 2221 4315 tranquil-

725 4307 935 4376 lumque
970 4308 1136 4362 animi
1160 4318 1355 4363 statum
1390 4307 1644 4367 neminem
1671 4307 1901 4381 unquam
1943 4307 2219 4375 perventu-

726 4392 867 4431 rum.

735 4464 1027 4531 Quoniam,
1068 4474 1255 4523 Patres
1288 4484 1351 4522 ac
1384 4470 1602 4537 fratres,
1634 4474 1807 4527 sancti
1845 4475 2024 4532 Patris
2055 4482 2227 4535 nostri

674 4556 903 4611 Studitte
944 4558 1127 4611 divina
1184 4561 1498 4615 sublimium
1533 4562 1652 4630 ejus
1699 4567 1976 4621 actionum
2032 4585 2230 4623 tuonu-

665 4660 842 4703 menta
878 4650 1033 4705 nobis
1064 4651 1199 4705 lecta
1254 4662 1407 4718 sunt,
1444 4671 1565 4722 qua:
1617 4657 1705 4710 ille
1754 4660 1968 4714 caelesti
2020 4662 2229 4731 Spiritu

664 4740 975 4803 instinctus,
1013 4743 1077 4795 ad
1110 4744 1403 4798 multorum
1440 4748 1728 4801 utilitatem
1761 4750 2077 4818 publicavit,
2104 4768 2227 4807 cum

666 4833 787 4888 aliis
819 4835 1061 4901 ejusdem
1097 4853 1259 4907 supra
1299 4840 1517 4891 modum
1550 4840 1768 4909 egregie
1817 4840 1976 4896 factis
2004 4880 2019 4905 ,
2066 4845 2227 4898 etiam

668 4923 792 4987 hoc,
828 4924 899 4976 ita
935 4941 1215 4993 expresse,
1249 4929 1393 4982 sicut
1420 4932 1471 4983 in
1500 4930 1647 4982 omni
1677 4932 1784 4983 vita
1819 4946 1915 4985 sua
1973 4943 2232 4989 constan-

666 5021 752 5064 ter
777 5014 1119 5080 observaret,
1148 5018 1408 5086 scripsit,
1474 5020 1526 5072 in
1562 5019 1676 5073 haec
1721 5020 1881 5073 verba
1922 5040 1935 5074 :
1993 5022 2185 5077 Frater
2216 5064 2230 5087 ,

666 5107 857 5174 absque
886 5108 1131 5177 lacrymis
1180 5128 1277 5164 non
1327 5113 1740 5166 communicabit
1789 5131 2041 5183 unquam.
2080 5115 2231 5179 Quod

676 5199 765 5250 ubi
810 5201 1099 5254 audierunt
1129 5204 1219 5271 qui
1262 5204 1483 5255 aderant
1517 5204 1782 5273 (aderant
1835 5213 2013 5259 autem
2056 5207 2233 5269 multi,

675 5305 780 5341 non
813 5290 937 5343 laici
967 5294 1147 5351 modo,
1205 5310 1391 5347 verum
1430 5296 1590 5348 etiam
1649 5297 1718 5349 ob
1744 5298 2001 5349 virtutem
2052 5297 2233 5363 magni

676 5380 913 5434 nominis
942 5422 955 5445 ,
990 5392 1042 5435 et
1079 5384 1231 5435 fama:
1266 5386 1546 5455 monachi)
1582 5387 1761 5438 mirati
1816 5394 1941 5440 sunt
1984 5386 2189 5438 dictum
2222 5425 2237 5451 ,

674 5480 729 5522 ct
762 5479 1008 5524 mutumu
1042 5475 1391 5541 aspicientes,
1421 5491 1483 5529 ac
1513 5478 1863 5530 subridentcs
1892 5477 2111 5545 pariter,
2132 5490 2240 5529 una

680 5576 812 5616 voce
846 5561 1120 5629 dixerunt,
1154 5566 1221 5619 de
1250 5576 1445 5621 ca‘tcro
1473 5583 1569 5623 nos
1600 5583 1877 5638 nunquam
1931 5566 2241 5620 communi-

751 5739 793 5769 “
823 5739 975 5794 Joau.
1022 5758 1173 5807 mn,
1228 5744 1315 5798 25.
1394 5746 1435 5775 ”
1469 5744 1483 5797 Ι
1514 5744 1657 5800 Pctr.
1702 5762 1760 5807 ll,
1793 5746 1883 5799 ἓξ.

1959 5746 1997 5775 ⁵¹
2037 5746 2222 5799 .‘laltb.
2254 5761 2365 5809 χιι,
2412 5744 2491 5796 12.

2319 3196 2586 3262 Quocirca
2612 3205 2666 3251 et
2695 3207 2934 3251 vestram
2963 3195 3285 3255 cbaritatem
3323 3195 3390 3249 de
3406 3194 3511 3249 hoc
3533 3194 3737 3249 certius
3761 3207 3859 3247 eru
3877 3220 3893 3234 -

2318 3290 2435 3343 dire
2468 3290 2677 3352 volens,
2704 3297 2758 3342 et
2786 3289 2908 3342 illos
2936 3287 3029 3357 qui
3055 3287 3130 3340 ita
3178 3286 3341 3340 locuti
3397 3300 3498 3340 sun
3554 3324 3569 3350 ,
3622 3295 3887 3350 tanquam

2318 3384 2615 3446 praesentes
2644 3376 2997 3443 compellans,
3022 3374 3503 3445 'percunctandum
3560 3374 3750 3428 statui.
3793 3372 3889 3425 Di-

2319 3469 2424 3522 cite
2455 3468 2585 3521 mihi
2609 3506 2624 3532 ,
2651 3467 2778 3523 boni
2809 3467 2912 3521 viri
2940 3505 2956 3531 ,
2985 3481 3085 3520 cur
3112 3466 3216 3519 hoc
3263 3466 3375 3528 fieri
3429 3465 3663 3532 nequit?
3706 3466 3835 3533 quia
3869 3499 3890 3529 ,

2322 3561 2600 3629 inquiunt,
2633 3560 2725 3613 alii
2756 3559 2973 3628 quidem
3010 3557 3269 3627 propensi
3315 3572 3377 3611 ac
3410 3554 3598 3611 faciles
3633 3556 3703 3609 ad
3742 3569 3895 3610 com-

2323 3652 2675 3722 punctionem
2704 3656 2857 3715 sunt,
2896 3651 2988 3705 alii
3022 3649 3187 3716 duro,
3220 3650 3313 3705 alii
3338 3650 3553 3719 lapideo
3583 3642 3772 3715 corde,
3794 3648 3891 3717 qui

2321 3745 2480 3799 etiam
2524 3743 2708 3812 puncti
2764 3757 2873 3795 non
2931 3748 3395 3810 eompunguntur.
3452 3741 3554 3805 Qui
3604 3739 3767 3810 igitur
3814 3741 3893 3796 ita

2321 3846 2449 3891 sunt
2479 3834 2778 3906 comparati
2808 3833 2951 3903 ?qui
2987 3830 3117 3887 [lere
3147 3842 3196 3886 et
3227 3831 3433 3900 lugere,
3477 3843 3530 3884 et
3558 3846 3681 3885 cum
3711 3832 3892 3901 lacry-

2320 3929 2425 3983 mis
2451 3943 2669 3995 semper
2700 3924 3110 3981 communicare
3146 3923 3440 3992 poterunt?
3483 3923 3624 3988 Quin
3676 3930 3732 3977 et
3786 3923 3889 3992 ipsi

2321 4020 2657 4082 sacerdotes,
2683 4019 2774 4115 qui
2803 4018 2987 4072 divino
3017 4020 3414 4085 incruentoque
3456 4017 3725 4071 sacriﬁcio
3761 4032 3895 4086 ope-

2321 4119 2530 4171 rantur,
2565 4106 2838 4178 quomodo
2871 4108 3143 4178 lacrymas
3189 4106 3414 4161 fundent
3446 4107 3471 4161 ?
3508 4106 3683 4176 ipsum
3731 4107 3897 4177 igitur

2322 4201 2445 4264 hoc,
2476 4215 2599 4255 esse
2633 4199 2821 4263 duros,
2864 4209 2922 4252 ut
2949 4198 3191 4262 dixistis,
3221 4206 3277 4253 et
3311 4198 3379 4252 ad
3413 4200 3892 4265 compunctiouem

2321 4292 2536 4347 dilllcile
2571 4292 2896 4360 permoveri,
2940 4292 3085 4347 unde
3124 4292 3256 4358 ipsis
3295 4290 3540 4345 accidit?
3592 4291 3763 4346 dicite
3793 4331 3808 4346 .
3845 4291 3894 4347 si

2328 4384 2522 4439 nostis.
2557 4384 2613 4437 Si
2668 4383 2981 4453 ignoratis,
3030 4382 3304 4450 paululum
3372 4381 3745 4437 celsitudinem
3801 4397 3897 4438 ve-

2333 4484 2499 4527 stram
2559 4474 2697 4527 citra
2752 4472 3075 4527 verecundia
3130 4472 3550 4535 submittentes,
3604 4481 3657 4528 et
3711 4487 3894 4527 aurem

2331 4565 2593 4621 benevole
2626 4565 2970 4629 inclinantes,
3007 4579 3072 4617 ne
3107 4579 3173 4617 ex
3211 4563 3516 4616 meinfimo
3542 4562 3754 4616 discere
3775 4577 3900 4631 gra-

2330 4654 2550 4710 vemini.
2590 4654 2864 4725 Scriptum
2919 4664 3001 4707 est
3048 4656 3191 4707 enim
3230 4671 3243 4707 :
3301 4652 3360 4708 Si
3418 4663 3592 4706 autem
3637 4667 3897 4721 postrema

2329 4747 2613 4801 revelatum
2641 4755 2737 4808 est,
2771 4746 2972 4812 primus
3001 4742 3157 4795 sileat
3193 4744 3262 4797 ".

2400 4834 2554 4889 Unde
2585 4836 2766 4904 igitur,
2802 4833 3001 4900 inquis,
3037 4832 3121 4885 hic
3142 4830 3356 4900 quidem
3392 4830 3582 4894 durus,
3605 4831 3693 4884 hic
3721 4838 3897 4883 autem

2339 4927 2401 4979 ad
2440 4927 2907 4992 compunctioncm
2943 4922 3121 4976 mollis
3151 4923 3175 4974 ‘t
3202 4922 3363 4974 Audi.
3398 4920 3473 4974 Ex
3529 4922 3813 4990 proposito
3844 4926 3899 4973 ct

2338 5018 2637 5077 voluntate,
2670 5030 2811 5067 unus
2840 5013 3001 5077 bona,
3039 5012 3176 5065 alter
3201 5010 3359 5076 mala,
3393 5018 3447 5064 et
3498 5025 3562 5063 ex
3614 5009 3899 5076 cogitatio-

2341 5106 2502 5159 nibus
2536 5105 2619 5157 hic
2650 5102 2868 5171 quidem
2905 5104 3114 5170 pravis,
3157 5099 3296 5152 alius
3329 5111 3460 5151 vero
3489 5096 3777 5151 aliusmodi
3806 5111 3820 5148 :
3847 5100 3901 5149 et

2344 5213 2405 5250 ex
2442 5193 2774 5257 actionibus,
2806 5193 2895 5245 hic
2930 5191 3147 5259 quidem
3179 5184 3346 5242 divini
3380 5186 3582 5239 amoris
3608 5182 3898 5247 indicibus,

2347 5290 2435 5341 ille
2463 5300 2590 5339 vero
2626 5283 2941 5338 contrariis.
2970 5281 3048 5334 Ac
3072 5280 3115 5335 si
3154 5281 3351 5349 placet,
3390 5275 3671 5331 considera
3701 5312 3715 5337 ,
3740 5284 3794 5327 et
3823 5276 3902 5328 vi-

2342 5383 2492 5435 debis
2524 5395 2713 5433 omnes
2748 5378 2873 5432 inde
2916 5392 2942 5430 a
2979 5372 3278 5444 primordio
3314 5372 3637 5426 saeculorum
3678 5367 3899 5438 persola

2339 5474 2454 5527 hmc
2496 5473 2593 5525 tria
2631 5472 2825 5538 partim
2858 5471 3057 5523 multos
3095 5483 3161 5520 ex
3216 5465 3373 5518 bonis
3436 5464 3608 5516 malos
3634 5500 3649 5526 ,
3707 5461 3900 5530 partim

2345 5565 2544 5616 multos
2579 5578 2643 5615 cx
2675 5563 2828 5616 malis
2868 5561 3039 5615 bonos
3074 5557 3371 5613 exstitisse.
3410 5554 3539 5607 Nam
3573 5564 3631 5609 ut
3666 5568 3696 5606 a
3751 5553 3903 5621 prin-

2570 5741 2769 5795 "lCor
2818 5756 2901 5795 xv
2952 5749 3038 5807 50;
