4128 6338
182 355 284 421 (ει

1527 366 1813 429 ORATIO
1843 329 2092 432 xXxu.

3308 383 3412 447 482

179 466 326 536 cipio
353 480 449 522 eos
485 482 893 550 enumeremus,
921 463 1162 547 Luciferi
1187 471 1350 530 casus
1375 475 1522 531 unde
1569 481 1741 531 exsti-
1771 486 1816 538 Α
1846 481 2143 550 imperatur
2175 496 2190 534 :
2217 480 2309 546 sed
2351 489 2602 554 prompte
2633 493 2896 554 prastans
2928 487 3165 559 singula,
3196 503 3392 560 postre

180 558 249 613 tit
272 559 298 613 ἵ
319 572 508 614 nonne
541 562 667 630 quia
698 559 986 632 voluntati,
1025 573 1083 622 et
1115 560 1460 636 eugi'tationi,
1479 583 1749 638 perversa:

181 649 472 705 amarit?
512 649 666 706 Unde
691 652 822 708 Cain
876 638 1195 712 fratricida?
1223 667 1418 727 nonne
1469 674 1540 714 ex
1585 674 1748 729 prava

178 741 486 807 voluntate,
523 757 648 798 cum
680 759 740 800 se
773 744 1052 805 Conditori
1080 749 1412 820 praetulisset
1438 791 1456 818 ,
1500 735 1560 807 et
1605 754 1751 824 cogi-

179 832 484 888 tationibus
537 835 800 904 improbis
863 836 1044 894 locum
1117 836 1476 910 reliquisset,
1532 843 1748 900 invidie

177 923 516 992 mancipium
549 928 720 1002 evasit
752 967 766 989 ,
799 928 1114 999 caedemque
1171 933 1545 1007 perpetravit?
1595 933 1748 990 Unde

180 1011 314 1068 Sani
341 1018 617 1085 quaerebat
649 1017 907 1075 Davidem
940 1015 1446 1094 comprehendere,
1504 1014 1749 1084 eti-occi-

180 1103 334 1169 dere,
365 1123 529 1177 quem
551 1106 711 1178 prius
743 1114 930 1181 quanti
963 1116 1204 1184 seipsum
1259 1118 1530 1186 faciebat,
1574 1122 1746 1191 pluri-

180 1209 460 1267 mumque,
490 1210 548 1252 nt
579 1202 715 1255 bene
741 1198 1063 1272 merentem,
1099 1207 1360 1280 diligebat
1381 1209 1406 1264 ἲ
1429 1227 1494 1267 ex
1523 1224 1740 1277 natura,

178 1302 247 1342 an
280 1304 344 1342 ex
373 1303 629 1361 corrupta
671 1295 946 1352 voluntate
968 1297 998 1363 ig
1030 1299 1250 1369 planum
1282 1311 1394 1370 est,
1423 1319 1488 1359 ex
1523 1305 1740 1374 vitiosa,

175 1387 230 1431 ct
260 1376 555 1449 depravata
587 1383 882 1441 voluntate.
917 1385 1125 1443 Natura
1154 1392 1303 1445 enim
1331 1407 1490 1448 nemo
1516 1404 1602 1450 est
1624 1411 1741 1450 ma-

177 1465 284 1532 ltts,
316 1470 749 1537 quoniam'Deus
779 1490 886 1529 non
919 1479 1185 1534 malorum
1210 1522 1226 1547 ,
1256 1483 1349 1535 sed
1383 1484 1538 1538 valde
1567 1486 1741 1541 bono-

174 1572 296 1611 rum
329 1573 554 1630 operum
587 1575 794 1629 auctor,
834 1575 888 1622 et
917 1567 1142 1624 eﬁ‘ector
1168 1581 1273 1633 est.
1311 1570 1422 1627 ltno
1439 1575 1616 1643 potius
1642 1578 1739 1634 bo-

172 1664 278 1706 nas
326 1663 406 1707 est
433 1656 684 1723 quisque,
719 1657 884 1728 idque
922 1675 1032 1716 non
1094 1664 1292 1718 ascito~
1325 1673 1382 1722 et
1429 1667 1693 1723 electione
1717 1711 1734 1734 ,

173 1742 268 1796 sed
310 1751 528 1811 natura,
555 1759 608 1800 et
639 1749 883 1804 veritate.
926 1751 1014 1806 Ad
1049 1752 1165 1812 hate
1187 1790 1204 1817 ,
1234 1757 1377 1809 unde
1414 1756 1554 1811 latro
1600 1759 1736 1811 alter

1855 586 2001 626 mum
2042 587 2256 642 semper
2286 575 2463 629 locum
2483 591 2744 646 quaerens
2770 618 2786 644 ,
2815 591 2869 635 et
2898 589 2955 635 ut
2984 585 3301 647 summatim
3327 585 3410 639 di-

1851 677 1996 728 cam,
2027 663 2280 720 universa
2329 667 2571 722 scienter
2629 666 2904 736 efficiens,
2947 668 3077 741 quas
3132 690 3162 728 a
3209 675 3409 730 divinis

1853 751 2155 824 Scripturis
2185 754 2470 822 docemur,
2509 760 2908 828 praeteritorum
2945 772 3290 830 peccatorum
3322 782 3400 820 ve-

1849 848 2017 908 niam,
2050 855 2106 900 et
2136 849 2564 904 misericordiam
2601 852 2850 922 adeptus,
2882 867 3060 907 coram
3100 856 3207 909 Deo
3266 857 3397 910 fidu-

1803 999 1806 1003 ,
1848 922 1988 993 ciam
2021 931 2306 996 inveniat?
2342 940 2441 1006 Qui
2477 951 2655 997 autem
2707 947 2892 998 omnia
2955 946 3038 999 Itis
3090 951 3360 1005 contraria
3391 991 3406 1014 ,

1848 1030 1990 1082 mala
2026 1031 2284 1086 videlicet
2313 1033 2452 1086 mala
2481 1035 2643 1087 animi
2703 1036 3019 1093 inductione
3071 1043 3363 1094 committit
3389 1084 3404 1105 ,

1847 1123 2031 1169 manet
2053 1118 2354 1187 improbus,
2393 1118 2444 1172 id
2474 1123 2616 1188 quod
2649 1125 2810 1177 etiam
2860 1138 2987 1178 ante
3031 1129 3407 1179 rennttciatio-

1846 1222 1969 1262 nem
2002 1218 2170 1263 erat:
2221 1218 2279 1263 ut
2336 1225 2405 1264 ne
2471 1212 2683 1280 dicam,
2727 1215 2887 1268 etiam
2942 1218 3240 1286 improbior
3311 1219 3409 1284 lit,

1846 1314 2012 1368 quam
2041 1310 2182 1355 erat.
2215 1300 2292 1353 ita
2317 1315 2423 1354 non
2453 1317 2521 1356 ex
2554 1311 2784 1366 natura,
2839 1313 2895 1358 ut
2929 1307 3145 1373 quidam
3181 1310 3402 1376 opinan-

1846 1396 1937 1442 tur
1970 1428 1985 1453 ,
2015 1392 2231 1450 sed'ex
2281 1394 2558 1454 voluntate
2623 1403 2817 1464 sponte
2866 1406 3122 1464 suscepta
3180 1400 3404 1466 quilibet

1842 1476 2008 1532 homo
2044 1481 2158 1534 sive
2190 1481 2447 1546 humilis‘,
2481 1494 2531 1535 et
2562 1483 2628 1536 ad
2670 1485 3147 1554 compunctionem
3209 1489 3406 1556 procli-

1840 1567 1946 1631 vis,
1980 1569 2098 1624 sive
2128 1571 2304 1625 durus
2332 1571 2515 1636 corde,
2551 1583 2604 1625 et
2637 1584 2961 1640 excaecatus,
2994 1589 3048 1631 et
3080 1594 3108 1630 a
3139 1593 3404 1641 compun-

1842 1661 2027 1714 ctione
2054 1663 2266 1717 alienus
2293 1662 2499 1722 evadit-

1910 1750 2335 1817 Quonamenim
2373 1755 2559 1822 modo,
2597 1772 2783 1826 quaeso
2813 1767 2866 1813 te
2891 1798 2905 1824 ,
2941 1760 3127 1814 animo
3160 1762 3402 1816 dolorem

170 1847 298 1914 cum
343 1835 572 1891 Domino
602 1838 731 1894 Jesu
785 1843 1084 1901 cruciﬁxus
1126 1831 1379 1906 dicebat:
1436 1845 1496 1902 Si
1557 1845 1731 1902 Filius
1761 1823 1808 1881 Β
1837 1842 2123 1914 concipiet,
2153 1855 2204 1900 et
2233 1848 2438 1901 rorabit
2496 1823 2784 1918 lacrvttias,
2815 1823 2908 1918 qui
2947 1861 3060 1904 toto
3104 1851 3274 1908 ferme
3307 1853 3404 1907 die

179 1923 269 1977 Dei
310 1942 386 1992 es,
415 1927 564 1982 salva
597 1933 954 2001 temetipsum,
989 1946 1041 1990 et
1073 1953 1207 2002 nos;
1234 1939 1372 1993 alter
1404 1955 1532 1994 vero
1553 1956 1737 2010 repre-

168 2016 417 2073 hendens
447 2026 812 2081 occurrebat:
849 2026 1032 2098 Neque
1067 2042 1123 2082 tu
1147 2029 1298 2084 lintea
1352 2030 1555 2086 Deum:
1615 2050 1734 2087 nam

167 2123 262 2160 nos
288 2111 494 2172 quidem
523 2115 683 2184 digna
715 2119 868 2188 factis
887 2121 1035 2190 juste
1090 2123 1366 2192 recipimus
1388 2164 1402 2189 ,
1431 2125 1514 2179 Itic
1559 2141 1735 2182 autem

166 2199 302 2252 nihil
330 2204 459 2257 mali
483 2210 644 2275 gessit
677 2209 743 2264 ".
775 2205 953 2265 Velim
1009 2215 1141 2268 milii
1188 2216 1341 2270 dicas
1364 2255 1380 2281 ,
1428 2219 1572 2274 Unde
1645 2220 1734 2275 hic

164 2292 393 2360 quidem
427 2296 632 2365 ismare,
667 2301 756 2356 ille
789 2319 915 2359 vero
946 2306 1056 2360 alia
1083 2307 1320 2374 locutus,
1361 2320 1415 2364 et
1441 2327 1582 2367 unus
1615 2314 1734 2381 qui-

163 2386 289 2440 dem
316 2389 669 2457 justificatus,
713 2394 851 2450 alter
883 2399 1280 2454 condemnatus
1307 2401 1434 2456 est?
1461 2418 1640 2458 nonne
1666 2420 1731 2458 ex

165 2480 467 2546 voluntate,
498 2493 552 2538 et
581 2489 1008 2553 cogitationibus
1044 2501 1271 2562 uterque
1305 2533 1319 2558 ,
1354 2511 1495 2566 unus
1541 2512 1733 2564 netnpe

165 2571 348 2634 bonis,
379 2573 516 2628 alter
552 2589 744 2632 contra
773 2580 978 2636 malis?
1011 2580 1088 2635 Ex
1125 2584 1209 2638 his
1238 2587 1381 2639 enim
1429 2587 1565 2641 alter
1613 2590 1731 2642 inli-

162 2660 328 2725 tlclis,
358 2664 493 2717 alter
521 2664 698 2721 fidelis
729 2668 944 2724 dicebat
984 2688 998 2725 :
1027 2671 1282 2726 Memento
1321 2675 1419 2728 mei
1463 2674 1682 2730 Domine
1711 2717 1725 2742 ,

160 2767 283 2804 cum
321 2757 520 2808 veneris
547 2757 600 2809 in
631 2775 843 2828 regnum
875 2771 1020 2816 tuum
1053 2765 1119 2819 ".
1295 2825 1299 2827 _
1659 2754 1678 2769 ’

231 2839 302 2893 Ut
342 2843 479 2897 alios
508 2850 817 2915 complures
861 2851 1078 2908 silentio
1125 2864 1482 2924 praeteream,
1531 2876 1594 2916 ex
1644 2864 1728 2919 liis

158 2933 293 3002 quid
315 2936 484 2989 velim
518 2943 858 3008 percepistis,
888 2954 943 2998 et
976 2946 1266 3017 didicistis,
1290 2959 1727 3026 'unutnquemque

158 3025 464 3082 voluntatis
512 3034 923 3090 auge-libertate
980 3045 1073 3090 aut
1125 3041 1189 3093 ad
1253 3048 1722 3112 compunctiouem

1837 1935 1945 1989 huc
1999 1937 2126 1991 illuc
2165 1937 2447 2008 divaga‘ns,
2486 1957 2660 2010 neque
2704 1944 3048 2011 precationis,
3099 1961 3275 2014 neque
3321 1947 3404 2000 si-

1837 2027 2014 2092 lentii,
2045 2042 2220 2096 neque
2254 2029 2526 2095 lectionis,
2585 2041 2636 2083 et
2679 2031 2879 2099 quietis
2930 2049 3060 2087 cura
3101 2037 3343 2102 tangitur
3377 2054 3391 2089 :

1834 2119 1927 2172 δρό
1962 2135 2353 2189 nonnunquam
2375 2137 2496 2176 cum
2529 2124 2788 2191 proximis
2833 2124 2886 2177 in
2921 2128 3282 2180 conventibus
3318 2126 3402 2180 fa.

1835 2211 2070 2275 bulatnr,
2135 2229 2240 2267 non
2277 2197 2463 2268 solum
2497 2217 2756 2282 seipsum,
2801 2218 2893 2270 sed
2931 2226 2984 2271 et
3015 2233 3401 2286 congerrones,

1834 2305 2066 2358 utilitate
2091 2306 2770 2374 privans;nonnnnquam
2809 2309 3120 2372 calumniis,
3171 2320 3222 2363 et
3269 2314 3400 2379 pro-

1834 2393 1948 2446 bris
1977 2395 2265 2462 religiosos
2303 2395 2520 2459 fratres,
2557 2412 2948 2466 nonnunquam
2980 2400 3151 2468 ipsum
3183 2415 3397 2468 praepo-

1831 2483 1993 2536 situm
2026 2484 2358 2538 insectatur?
2390 2485 2542 2541 Unde
2594 2490 3072 2555 eotnpunctionem
3127 2489 3397 2556 acquire',

1831 2575 1924 2642 qui
1962 2589 2048 2629 res
2099 2591 2290 2629 omnes
2322 2563 2662 2639 monasterii,
2718 2592 2819 2631 nec
2880 2580 3191 2632 monasterii
3253 2579 3397 2632 dun-

1832 2676 1996 2731 taxat,
2048 2667 2140 2720 sed
2197 2669 2635 2738 uniuscujusque
2691 2670 2912 2737 insuper
2961 2685 3141 2724 mores
3184 2672 3398 2724 curiose

1831 2767 2132 2824 sentiatur,
2170 2770 2220 2812 ct
2243 2759 2496 2828 indagat?
2529 2759 2592 2812 Ει
2617 2761 2911 2828 aliquando
2945 2762 3160 2829 quidem
3198 2761 3397 2815 fratres

1830 2855 2092 2920 quosdam
2127 2855 2427 2922 alloquens.
2465 2855 2567 2908 hoc
2605 2864 2654 2908 et
2699 2856 2803 2909 hoc
2856 2857 2996 2919 lteri,
3054 2858 3248 2925 inquit,
3299 2873 3396 2910 an-

1829 2944 1959 2998 divi.
1995 2946 2335 3013 Aliquando,
2378 2945 2514 2998 scin’
2553 2947 2681 3014 quid
2729 2947 2802 2999 illi
2851 2947 3050 3000 misero
3097 2948 3397 3001 acciderit?

1829 3050 2181 3102 rursumque,
2237 3037 2521 3105 nunquid,
2583 3037 2727 3090 illius
2796 3038 3160 3092 calamitatem
3237 3038 3394 3091 audi-

157 3132 536 3186 propensum,
566 3131 618 3176 et
649 3124 928 3191 humilem,
971 3139 1064 3182 aut
1091 3118 1212 3183 duri
1254 3135 1433 3188 cordis
1461 3175 1476 3199 ,
1528 3149 1582 3191 et
1614 3155 1728 3194 ,3u-
1754 3151 1796 3207 ρ
1834 3129 2019 3182 vistis?
2055 3128 2370 3193 llujnsmodi
2425 3129 2585 3181 homo
2633 3130 2848 3197 quando
2895 3130 3110 3182 tandem
3165 3143 3389 3183 suorum

157 3209 386 3273 peritum
423 3210 560 3267 fieri.
596 3213 659 3266 Et
695 3218 906 3273 merito.
961 3218 1180 3276 Duobus
1230 3227 1374 3278 enim
1426 3228 1552 3281 huic
1603 3230 1726 3284 vita:

157 3301 604 3357 renuntiantibus
634 3348 646 3368 ,
684 3306 926 3373 ejusdem
961 3311 1098 3366 artis
1124 3353 1138 3376 ,
1174 3319 1415 3381 cognatis
1438 3360 1450 3383 ,
1487 3325 1680 3374 coaevis
1708 3363 1721 3386 ,

155 3391 454 3459 aliquando
482 3396 647 3448 etiam
693 3397 974 3465 fratribus,
998 3405 1378 3470 concordibus,
1407 3413 1630 3466 moratis
1656 3413 1722 3466 ad

154 3483 406 3536 eumdem
444 3488 682 3549 modum,
713 3487 976 3557 improbis
1007 3491 1251 3561 inquam,
1283 3499 1518 3565 asperis,
1558 3503 1725 3555 mise-

153 3575 262 3626 reri
297 3576 520 3639 nesciis,
558 3580 892 3646 crudelibus,
961 3585 1144 3639 carttis
1203 3597 1257 3640 et
1307 3593 1551 3657 pecuniae
1601 3603 1722 3646 stu-

154 3663 350 3727 diosis,
379 3672 431 3719 et
460 3668 512 3721 in
564 3669 711 3722 onmi
767 3686 966 3740 genere
1018 3678 1392 3743 perversitatis
1441 3682 1722 3748 aequaliter

154 3759 517 3824 exercitatis,
553 3769 606 3815 et
638 3762 708 3815 .in
756 3766 993 3818 stadium
1048 3768 1457 3838 vitte‘sanctar,
1512 3788 1575 3826 ac
1627 3773 1721 3826 Dei

153 3850 327 3904 cultui
378 3863 711 3906 consecratae
741 3856 902 3909 sintul
955 3857 1387 3928 ingredientibus
1417 3902 1432 3926 ,
1477 3880 1617 3916 unus
1655 3867 1721 3918 il-

153 3942 335 3996 lorum
370 3946 616 3997 omnium
649 3947 910 4000 virtutum
944 3953 1192 4005 semitam
1227 3955 1392 4008 simul
1441 3959 1618 4010 calcat
1647 3957 1723 4012 fc-

154 4033 367 4099 liciter,
400 4034 613 4090 fervore
647 4041 980 4107 exsequendi
1017 4045 1198 4096 omnia
1233 4046 1359 4098 vitia
1392 4059 1677 4116 amputans
1705 4067 1719 4102 :

155 4128 295 4181 alter
337 4128 512 4196 pejor,
550 4145 710 4197 quam
755 4143 880 4186 ante
911 4137 1367 4192 renuntiationem
1419 4151 1534 4193 erat
1560 4182 1574 4204 ,
1611 4141 1721 4194 clli-

157 4218 328 4272 citur.
366 4218 505 4282 Quid
541 4236 671 4289 ergo
697 4231 799 4285 est,
832 4224 976 4291 quod
1013 4241 1117 4277 non
1144 4242 1297 4295 atque
1326 4228 1543 4283 virtutis
1598 4229 1722 4282 fun-

151 4319 366 4380 guntur
392 4325 616 4364 munere
643 4351 657 4375 ,
692 4315 1151 4382 quemadmodum
1205 4333 1416 4372 summa
1466 4321 1719 4374 vitiorum

156 4404 368 4473 pariter
418 4405 804 4473 contigerant?
828 4407 1021 4460 Nonne
1053 4410 1309 4476 quoniam
1344 4411 1478 4464 alter
1495 4412 1723 4465 consilio

156 4510 217 4549 ac
247 4495 533 4547 voluntate
567 4497 722 4549 bona!
757 4498 949 4552 animae
994 4500 1176 4552 omnia
1221 4501 1520 4555 secundum
1555 4501 1721 4555 Deum

158 4587 340 4642 tristia
381 4590 595 4652 tolerat,
624 4601 678 4641 et
701 4589 922 4658 insttper
957 4591 1022 4643 ab
1063 4592 1182 4660 ipso
1217 4593 1464 4661 ingressu
1492 4633 1506 4658 ,
1542 4605 1594 4648 et
1635 4611 1722 4649 re—

158 4680 512 4734 nuntiatione
543 4682 835 4749 prudenter
864 4682 1063 4737 divinis
1096 4683 1392 4754 Scripturis
1439 4704 1496 4743 se
1526 4688 1672 4742 dedit
1704 4727 1718 4752 ,

159 4781 215 4826 et
244 4786 342 4839 per
383 4785 466 4835 se,
500 4786 709 4839 suaque
740 4781 934 4840 Sponte
979 4775 1233 4841 probatas
1273 4777 1519 4831 actiones
1553 4779 1722 4846 eligit,

159 4863 546 4932 religiosorum
589 4863 864 4917 hominum
894 4866 1082 4929 vitam,
1112 4878 1162 4918 et
1195 4882 1373 4942 mores
1401 4869 1467 4922 ad
1500 4869 1723 4922 imitann

161 4954 288 5008 dum
325 4952 430 5005 sibi
466 4965 798 5020 preponens,
834 4962 887 5005 et
922 4969 1045 5006 cum
1082 4955 1216 5022 ipsis
1274 4956 1326 5008 in
1367 4957 1592 5024 jejuniis
1619 4997 1633 5020 ,
1672 4956 1722 5008 in

164 5044 447 5115 precibus,
483 5043 536 5095 in
567 5042 1064 5108 observationibus,
1105 5046 1157 5096 in
1192 5046 1409 5098 silentio
1436 5087 1449 5109 ,
1487 5046 1538 5098 in
1571 5061 1726 5099 com-

156 5137 486 5210 ‘punctione,
526 5144 578 5189 et
621 5135 899 5205 Iacrymis,
926 5136 977 5188 in
1013 5137 1341 5192 abstinentia
1368 5139 1724 5192 delicatarum

163 5226 496 5292 epularum,
529 5234 580 5278 et
627 5225 1134 5293 intempestivorum
1179 5226 1615 5294 colloquiorum,
1673 5227 1724 5278 in

167 5315 432 5385 fugienda
465 5315 942 5379 excandescentia,
973 5317 1052 5369 ira
1081 5357 1095 5381 ,
1129 5325 1181 5369 et
1209 5319 1446 5392 clamore
1472 5358 1486 5382 ,
1517 5325 1689 5368 certat
1718 5356 1731 5379 ,

168 5406 427 5474 injurias,
457 5405 870 5468 tribulationcs,
904 5414 956 5458 et
1013 5409 1294 5474 angustias
1331 5408 1602 5473 patienter
1639 5422 1730 5459 su-

168 5497 403 5558 stinens,
439 5496 564 5548 vilia
596 5506 646 5550 et
675 5497 970 5564 abjectiora
999 5515 1224 5566 operum
1269 5499 1410 5551 ultro
1463 5497 1686 5552 subiens
1711 5537 1726 5560 ,

169 5599 277 5638 non
312 5583 704 5639 contradicens
735 5624 750 5650 ,
788 5597 882 5639 aut
915 5601 1259 5642 murmurans
1285 5629 1300 5654 ,
1330 5602 1452 5642 cum
1501 5587 1553 5644 ei
1595 5587 1725 5656 quid

243 5766 290 5798 ³³
311 5763 447 5820 Lur.
474 5780 608 5834 χιιι,
642 5767 728 5833 39,
755 5765 840 5821 40.
919 5767 964 5798 “
993 5769 1130 5823 lbid.
1157 5770 1244 5824 42.

1751 4463 1802 4520 D

1321 5772 1365 5804 ⁸⁸
1403 5765 1546 5825 Psai.
1589 5779 1708 5833 ch,
1744 5765 1797 5818 '5.

1827 3229 2173 3290 peccaturum
2197 3220 2599 3282 recordabitur,
2638 3230 2693 3273 ut
2719 3221 2918 3285 doleat,
2953 3231 3010 3274 ut
3042 3224 3095 3274 in
3125 3221 3391 3290 lacrymas

1825 3312 1950 3364 eat?
1980 3311 2082 3376 Qui
2117 3325 2277 3379 porro
2305 3312 2469 3366 etiam
2500 3328 2529 3364 e
2586 3309 2784 3379 Synaxi
2833 3327 3108 3380 egressus,
3144 3311 3274 3365 dum
3315 3314 3387 3364 ἱΙιὶ

1827 3400 2122 3469 Scriptura!
2147 3403 2342 3455 divinae
2388 3402 2591 3455 recitan
2623 3419 2706 3467 ur,
2753 3405 3037 3472 longeque,
3089 3411 3182 3455 aut
3221 3417 3392 3470 prope

1825 3492 2041 3554 sedens,
2099 3506 2222 3544 cum
2279 3492 2552 3559 aliquibus
2609 3507 2916 3545 sermonem
2974 3493 3188 3554 miscet,
3243 3507 3391 3545 nunc

1825 3581 1939 3646 illo,
1977 3597 2123 3635 nunc
2179 3581 2302 3636 aliis
2350 3591 2578 3636 eventus
2635 3583 2896 3651 quosdam
2923 3582 3040 3635 sine
3093 3582 3274 3634 fructu
3334 3581 3389 3634 in

1823 3675 2060 3728 medium
2087 3674 2462 3741 afferentibus,
2498 3677 2679 3742 itaque
2712 3673 3043 3737 dicentibus,
3076 3674 3229 3726 scitis
3259 3674 3386 3741 quid

1793 3759 1899 3816 illi
1937 3765 2084 3818 fratri
2138 3767 2457 3834 przepositus
2499 3764 2729 3818 fecerit?
2771 3766 2857 3816 hic
2909 3765 2986 3816 ita
3037 3763 3237 3831 excipit
3272 3781 3282 3814 :
3342 3763 3388 3815 si

1825 3856 1977 3908 vobis
2020 3872 2332 3921 narravero,
2372 3858 2642 3924 quomodo
2682 3854 2948 3909 infelicem
2985 3854 3134 3907 illum
3185 3855 3390 3906 habue-

1825 3947 1916 4009 rit,
1950 3947 2081 4014 qnid
2119 3947 2356 4000 dicetis?
2396 3947 2485 3999 Sic
2540 3949 2691 4006 talia,
2734 3956 2785 3999 et
2835 3946 2918 3998 liis
2967 3945 3233 3998 deteriora
3267 3960 3388 4011 gar-

1826 4038 1998 4109 ricns,
2027 4045 2078 4091 ct
2105 4049 2319 4104 propter
2352 4052 2524 4104 nugas
2558 4038 2863 4091 istiusmodi
2897 4036 3033 4088 alios
3065 4035 3386 4103 impediens,

1826 4139 1878 4182 et
1925 4131 2038 4196 ipse
2073 4129 2383 4197 inpeditus,
2409 4131 2621 4197 quando
2652 4131 2705 4180 in
2755 4128 3147 4182 conscientiam
3195 4142 3388 4194 pecca-

1827 4231 2004 4274 ltllUlll
2067 4237 2291 4275 suorum
2350 4220 2662 4283 descendit,
2721 4235 2783 4272 ac
2847 4220 3078 4288 seipsum
3133 4217 3388 4270 deﬂebit?

1826 4312 1926 4376 Qui
1957 4314 2099 4365 enim
2135 4311 2396 4366 divinitus
2428 4311 2706 4379 inspiratis
2750 4310 3094 4362 sermonibus
3130 4324 3235 4361 non
3302 4318 3387 4358 at-

1829 4404 2026 4464 tendit,
2063 4417 2163 4456 nec
2188 4403 2390 4456 ostium
2430 4404 2854 4455 circumstantiae
2909 4400 3065 4454 laniis
3111 4401 3228 4454 suis
3289 4413 3388 4464 po-

1832 4497 1942 4546 suit
1966 4495 2032 4554 ",
2065 4509 2165 4547 nec
2201 4493 2268 4546 ab
2300 4493 2578 4546 auditione
2617 4509 2751 4545 vana
2782 4507 2941 4545 aures
2985 4505 3109 4543 snas
3167 4490 3383 4550 avertit,

1832 4601 1931 4639 nec
1964 4586 2110 4639 illius
2138 4586 2336 4638 ultinue
2367 4585 2764 4653 responsionis,
2815 4594 2866 4633 et
2905 4581 3162 4634 terribilis
3183 4579 3386 4633 Christi

1833 4679 2144 4742 tribunalis,
2175 4677 2445 4746 quomodo
2484 4677 2639 4739 nudi,
2694 4684 2747 4727 ct
2786 4673 3005 4726 obtorto
3052 4673 3197 4724 velut
3243 4670 3386 4722 collo

1833 4771 1991 4824 tracti
2022 4784 2209 4821 omnes
2243 4770 2290 4820 ei
2327 4777 2506 4820 astare
2536 4767 2816 4824 debemus,
2857 4774 2909 4816 et
2932 4764 3166 4818 derebus
3200 4764 3250 4817 in
3279 4761 3386 4812 vita

1835 4863 2128 4914 transactis
2165 4861 2427 4912 rationem
2461 4858 2708 4919 reddere,
2749 4859 2842 4924 qui
2887 4858 3103 4917 horum,
3138 4853 3387 4922 inquam,

1836 4969 1941 5006 tton
1984 4951 2250 5012 meminit,
2289 4966 2394 5017 quo
2427 4959 2609 5017 pacto,
2665 4948 2856 5001 amabo
2905 4946 2949 4998 si
3000 4946 3119 5012 plus
3168 4953 3385 4996 centum

1834 5058 2005 5096 annos
2037 5042 2240 5095 viveret
2271 5042 2323 5093 in
2383 5041 2567 5093 habitu
2629 5038 2930 5091 monasticc
2965 5037 3240 5105 lacrymas
3297 5049 3388 5086 ac-

1834 5137 2034 5203 quirat,
2083 5142 2134 5186 et
2183 5133 2421 5200 seipsum
2474 5130 2678 5184 fervide
2730 5127 2947 5197 lugeat?
2977 5125 3260 5191 Quomodo
3295 5127 3388 5193 qui

1829 5226 2033 5295 primos
2063 5224 2273 5277 affectat
2323 5224 2376 5276 in
2412 5223 2645 5277 statione
2705 5221 2981 5283 Ecclesiae,
3036 5219 3088 5270 in
3132 5219 3386 5270 accubitu

1833 5333 2054 5379 mensae,
2086 5325 2138 5368 et
2177 5330 2338 5382 super
2364 5314 2445 5366 his
2462 5327 2675 5380 semper
2709 5312 3011 5369 contendit,
3045 5309 3386 5375 rixatnrque,

1834 5405 2128 5474 aliquando
2163 5414 2380 5474 prepter
2412 5401 2649 5455 animam
2681 5417 2834 5455 suam
2861 5399 3302 5457 contristabitur,
3333 5407 3388 5450 et

1837 5511 2021 5549 coram
2091 5494 2200 5548 Deo
2257 5506 2470 5544 amaras
2528 5491 2766 5544 solvetur
2823 5491 2875 5543 in
2929 5487 3240 5557 lacrymas?
3283 5485 3386 5551 Qui

1837 5598 2013 5640 autem
2044 5582 2424 5638 excusationes
2472 5590 2696 5635 excusat
2744 5582 2796 5634 in
2844 5579 3167 5648 peccatis",
3213 5578 3384 5630 imbc~

1876 5765 1918 5798 '°
1945 5762 2082 5820 ibid.
2127 5762 2176 5816 4.
