4128 6338
726 346 830 416 ‘3‘}

1940 340 2234 405 SYMEON
2247 338 2314 398 lS
2338 337 2483 398 JUN
2497 339 2699 398 [ORIS

3842 335 3947 399 49$

722 466 1000 519 cillitatem
1059 459 1326 529 objiciens
1382 459 1438 512 iu
1505 455 1740 512 statione
1803 450 2096 514 Ecclesia),
2150 463 2274 502 cum
2309 449 2351 505 Α
2383 445 2549 508 libus,
2604 455 2893 515 antequam
2951 461 3009 500 se
3067 446 3421 517 subiecerint,
3463 457 3515 504 et
3566 449 3617 502 ln
3651 463 3816 516 opere
3856 448 3950 502 Dei

723 556 978 610 robustus
1004 554 1097 614 sit,
1135 551 1399 620 plenoque
1435 563 1500 603 ac
1549 546 1778 616 juvenili
1831 557 2081 612 corpore,
2119 550 2172 595 ct
2221 554 2281 594 se

723 661 844 700 cuzn
882 643 1314 713 religiosioribus
1341 639 1622 694 monachis
1646 653 1707 692 ac
1732 636 2011 698 fratribus,
2062 633 2152 702 qui
2184 634 2306 684 ad-‘.

725 737 940 790 modum
976 737 1066 788 diu
1103 736 1156 788 iu
1207 732 1542 803 professione
1600 731 1721 784 vitae
1770 727 2082 782 monasticae
2120 723 2284 778 desu-

724 829 940 889 daruut,
974 839 1296 893 comparans
1331 825 1463 876 divit
1485 838 1500 874 :
1523 820 1657 873 Num
1689 834 1788 889 ego
1811 818 2101 887 quidquam
2136 814 2281 877 huic,

724 921 817 974 aut
858 919 982 970 huic
1022 915 1282 978 concedo,
1312 917 1438 984 quia
1473 915 1559 967 ille
1588 925 1740 967 stans
1764 909 2051 964 innititur?
2077 915 2131 962 et
2170 907 2284 959 abit

724 1025 787 1062 ac
826 1009 1065 1077 scipsum
1096 1007 1202 1060 illis
1244 1005 1462 1067 stando,
1494 1015 1547 1057 et
1585 993 1866 1056 innitendo
1891 1007 2156 1066 exaaquat,
2189 994 2279 1062 qui

727 1099 962 1165 fortasse
997 1098 1255 1166 indiguus
1289 1105 1371 1150 est
1411 1097 1570 1148 etiam
1603 1094 1864 1148 inferiore
1899 1092 2039 1152 loco,
2067 1089 2284 1159 quando

727 1189 815 1242 hic
845 1205 1000 1242 suam
1036 1187 1412 1241 infirmitatem
1445 1192 1727 1253 agnoscat.
1773 1193 1828 1236 ut
1864 1197 1929 1236 ex
1983 1182 2163 1233 animo
2201 1179 2283 1231 in-

725 1280 1044 1347 gemiscens,
1090 1279 1252 1331 conlo
1316 1286 1738 1345 compungatur,
1801 1281 1853 1328 ct
1893 1273 2070 1327 oculis
2116 1269 2287 1323 ﬂeat?

726 1367 876 1422 Vana
906 1367 1104 1435 quippe
1131 1367 1300 1435 gloria
1353 1383 1474 1419 eum
1525 1380 1739 1419 servum
1790 1363 1990 1416 acediae.
2026 1360 2276 1422 tradens,

728 1475 833 1512 non
867 1459 1100 1526 amplius
1141 1458 1248 1512 ulla
1285 1457 1336 1509 iu
1392 1473 1446 1510 re
1495 1471 1617 1509 cum
1663 1455 1924 1525 patientia
1981 1451 2284 1522 perdurare

727 1549 878 1602 sinit.
911 1550 977 1602 Et
1007 1550 1141 1602 vivit
1208 1549 1405 1601 deinde
1443 1548 1671 1615 quisque
1707 1546 1830 1599 talis
1864 1548 1917 1597 in
1973 1543 2202 1612 segnitie
2234 1548 2290 1595 et

728 1641 1055 1710 negligentia
1096 1641 1162 1694 ad
1201 1655 1418 1694 omnem
1477 1637 1745 1708 Syuaxin,
1785 1635 2179 1690 accedentibus
2218 1632 2287 1686 ad

729 1746 876 1793 eum,
903 1742 956 1784 et
980 1729 1476 1798 audiendicupidis
1523 1729 1835 1797 frequenter
1883 1738 2116 1781 narrans
2166 1724 2288 1777 ina-

730 1831 846 1876 nes,
878 1825 930 1867 ct
963 1815 1133 1874 aniles
1185 1812 1412 1870 fabulas.
1468 1815 1641 1878 Atque
1673 1815 1743 1864 ita
1775 1812 1891 1865 sine
1926 1828 2088 1866 sensu
2111 1853 2125 1874 ,
2169 1822 2282 1877 aut,

731 1915 790 1958 ut
829 1906 1020 1958 melius
1052 1903 1247 1969 dicam,
1278 1905 1394 1959 sine
1437 1903 1623 1958 dolore
1656 1917 1776 1957 cum
1813 1902 2205 1972 spiritualibus,
2233 1910 2289 1957 et

732 1997 900 2050 Deum
951 2007 1136 2050 sancte
1183 1995 1491 2052 colentibus
1533 1996 1666 2050 viris
1693 1996 1759 2049 ad
1796 1996 2007 2052 divinas
2061 2011 2289 2066 synaxes

735 2087 1085 2148 conveniens,
1138 2088 1256 2141 sine
1294 2087 1470 2142 fructu
1527 2087 1651 2142 inde
1695 2087 1920 2151 recedit,
1956 2088 2162 2140 nullum
2196 2101 2290 2154 pe-

735 2178 885 2232 nitus
915 2178 968 2230 in
999 2194 1055 2232 se
1090 2165 1497 2232 incitamentdm
1558 2188 1718 2249 atque
1770 2181 2027 2248 impetum
2062 2179 2127 2232 ad
2176 2191 2290 2231 mec-

738 2268 874 2321 liora
921 2271 1226 2336 experiens,
1276 2271 1486 2338 qualem
1538 2271 1677 2324 Deus
1727 2261 2200 2333 contendentibus,
2236 2265 2297 2323 et

739 2357 1112 2412 laborantibus
1137 2375 1233 2427 per
1255 2363 1721 2430 compunctionem
1752 2362 2042 2416 immittere
2060 2361 2216 2423 solet,
2239 2370 2297 2414 et

742 2450 846 2503 hoc
891 2452 1088 2512 solum,
1119 2458 1178 2504 ut
1203 2466 1269 2504 ne
1296 2466 1326 2503 a
1359 2451 1652 2516 consuetis,
1682 2460 1736 2505 et
1765 2451 2096 2518 praescriptis
2138 2466 2298 2521 syna-

732 2531 892 2584 xibus
933 2534 1090 2586 absit.
1129 2551 1289 2588 mane
1317 2546 1464 2603 puta,
1496 2547 1550 2590 et
1583 2539 1814 2605 vesperi,
1838 2547 1893 2592 et
1925 2541 2074 2592 horis
2093 2539 2292 2607 quibus

731 2623 1003 2689 psallitur,
1042 2625 1112 2676 ita
1142 2625 1484 2693 simpliciter,
1519 2625 1586 2678 ad
1625 2625 1832 2680 felicem
1864 2627 1919 2682 in
1940 2631 2137 2682 virtute
2166 2643 2292 2696 pro-

731 2727 1000 2776 gressum,
1047 2722 1099 2766 et
1135 2717 1198 2764 ad
1234 2715 1755 2782 consummationem
1790 2728 2286 2771 consummatorum

731 2802 786 2854 in
814 2811 1024 2856 relatum
1065 2803 1266 2858 Chrisd
1292 2805 1393 2858 sibi
1449 2806 1694 2860 squicere
1746 2808 2092 2862 existimans.
2147 2807 2284 2862 Novi

732 2893 874 2946 enim
929 2894 1195 2962 quosdam
1262 2895 1360 2947 hac
1411 2893 1622 2949 fallacia
1679 2905 1889 2965 captos.
1950 2908 2004 2951 et
2058 2912 2278 2965 operam

730 2981 946 3045 dantes,
984 2999 1047 3036 ne
1081 2985 1130 3036 in
1170 2993 1451 3053 peccatum
1481 2985 1695 3054 aliquod
1725 2986 1970 3048 carnale,
1996 2988 2041 3041 si
2079 3001 2280 3056 corpus

2383 537 2706 600 laborarint,
2769 551 2832 590 ac
2880 537 3152 600 sudatint,
3206 538 3452 605 corporis
3517 537 3950 591 imbecillitatem

2383 631 2809 701 praetendentes,
2827 629 3053 691 abeunt,
3076 633 3243 693 stant,
3277 627 3617 688 innituntur,
3645 634 3701 679 ut
3733 625 3948 678 dictum

2383 735 2488 786 est,
2532 739 2652 779 cum
2687 725 2780 786 iis;
2811 721 2903 791 qui
2935 723 3135 774 multos
3165 720 3274 787 iam
3309 719 3523 773 labores
3551 719 3946 776 exhauserunt.

2384 812 2450 868 Et
2480 814 2525 868 si
2557 814 2833 883 proximus
2863 815 3114 878 cuiquam
3149 811 3343 862 horum
3380 808 3579 862 dixerit
3609 828 3621 861 :
3658 807 3952 878 Ingredere

2386 905 2552 960 frater
2586 906 2639 957 in
2666 914 2989 957 consuetum
3029 903 3126 955 tibi
3165 901 3340 954 locum
3369 941 3383 965 ,
3415 909 3468 954 et
3498 897 3579 955 sia
3630 902 3740 955 illic
3800 901 3945 967 psal-

2388 999 2503 1052 lens
2534 1012 2654 1049 cum
2701 994 2978 1054 fratribus,
3010 1003 3166 1063 potes
3200 992 3367 1054 enim,
3404 993 3715 1062 respondet:
3750 992 3827 1046 Ex
3848 993 3953 1045 hoc

2387 1092 2507 1145 loco
2536 1088 2799 1141 attentius
2856 1086 3086 1139 audiens
3131 1086 3323 1137 tnelius
3358 1084 3536 1158 lpsallo
3565 1125 3580 1147 ,
3630 1100 3792 1152 quam
3850 1082 3948 1136 ubi

2387 1190 2535 1241 stare
2579 1179 2860 1233 consuevi.
2906 1175 3064 1242 Quod
3107 1176 3151 1230 si
3202 1175 3369 1228 frater
3423 1173 3732 1237 adiunxerit
3768 1192 3781 1227 :
3818 1172 3939 1227 Non

2387 1280 2540 1342 potes
2573 1271 2662 1324 hic
2694 1279 2859 1334 stare,
2889 1267 3079 1332 frater,
3118 1268 3254 1319 cit'a
3289 1265 3600 1318 facultatem
3655 1279 3683 1317 a
3732 1281 3953 1333 ρταξρο-

2388 1363 2493 1418 sito
2526 1370 2719 1416 nostro
2755 1362 3121 1428 impetratam.
3155 1359 3338 1412 statim
3377 1355 3687 1425 digrediens
3713 1394 3728 1419 ,
3770 1355 3954 1408 facul-

2387 1465 2550 1510 tatem
2581 1458 2701 1506 orat
2729 1491 2744 1516 ,
2776 1466 2976 1516 corpus
3005 1449 3182 1504 debile
3232 1457 3286 1521 et
3328 1436 3601 1500 infirmum
3633 1459 3908 1498 excusans
3936 1483 3949 1493 .

2387 1547 2558 1601 donec
2577 1545 2684 1598 voti
2709 1559 2932 1612 compos
2954 1543 3065 1602 fiat.
3096 1552 3146 1595 et
3173 1557 3186 1593 :
3210 1539 3277 1602 Ut
3299 1540 3517 1594 audiam
3543 1539 3725 1600 Pater,
3749 1538 3950 1605 inquit,

2389 1635 2981 1709 protocanonarcham,
3014 1643 3067 1687 et
3098 1641 3234 1686 stem
3267 1631 3319 1683 iu
3358 1630 3530 1698 prima
3563 1629 3822 1690 statione,
3862 1635 3956 1678 aut

2391 1729 2634 1783 secunda
2670 1742 2839 1796 prope
2873 1726 3048 1790 illum,
3078 1733 3333 1777 veterano
3362 1735 3544 1790 parem
3594 1734 3651 1772 se
3700 1718 3907 1770 faciens
3937 1756 3954 1778 ,

2394 1819 2554 1887 cujus
2576 1819 2687 1887 jam
2719 1825 2959 1887 spectata
2998 1823 3124 1868 sunt
3157 1812 3473 1872 certamina.
3521 1809 3582 1863 Et
3631 1823 3754 1861 cum
3817 1823 3955 1860 assc-

2393 1921 2548 1966 cutus
2584 1908 2770 1971 fuerit,
2805 1890 2950 1978 quod
2981 1908 3193 1969 voluit,
3239 1920 3305 1960 ex
3356 1919 3421 1959 eo
3470 1916 3752 1970 nunquam
3810 1905 3956 1954 stare

2395 2010 2576 2074 potest
2607 2003 2660 2055 in
2692 2001 2881 2054 choro.

2465 2091 2737 2146 Paulatim
2773 2104 2938 2160 porro
2971 2089 3093 2142 talis
3123 2087 3176 2141 in
3208 2085 3441 2155 quodvis
3473 2083 3620 2137 aliud
3672 2085 3949 2152 negotium

2393 2197 2452 2237 se
2482 2171 2722 2236 studens
2746 2179 3081 2240 immiscere,
3114 2184 3394 2229 externam
3426 2174 3672 2241 pietatem
3705 2173 3950 2234 simulat,

2380 2280 2439 2328 ἐι
2459 2270 2757 2327 modestum
2785 2271 3052 2332 habitum,
3084 2269 3314 2320 aliorum
3346 2266 3535 2318 amicis
3559 2307 3573 2329 ,
3618 2263 3955 2317 illustribus-

2393 2377 2497 2431 que
2532 2362 2662 2416 viris
2696 2363 2750 2416 in
2787 2359 3177 2415 monasterium
3209 2357 3550 2411 venientibus
3582 2355 3832 2408 studiose
3858 2369 3953 2406 ο(-

2379 2455 2583 2517 .currit,
2613 2464 2666 2506 et
2693 2453 2756 2506 ad
2792 2466 2926 2519 quos
2958 2450 3180 2504 veniunt
3219 2448 3426 2512 fratres
3453 2487 3468 2510 ,
3518 2446 3763 2499 crebrius
3796 2447 3949 2507 abit,

2392 2548 2451 2592 ut
2479 2539 2530 2591 in
2557 2553 2745 2591 eorum
2779 2536 3029 2590 notitiam
3065 2535 3261 2594 veniat.
3283 2547 3496 2588 causam
3516 2543 3815 2602 praetexens
3841 2575 3854 2593 .
3893 2547 3954 2587 sc

2390 2642 2455 2681 ex
2488 2627 2704 2680 illormn
2740 2624 3010 2697 (fratrum
3039 2624 3281 2691 scilicet)
3313 2623 3597 2690 colloquiis
3621 2663 3633 2686 ,
3675 2632 3726 2677 et
3753 2623 3955 2676 divina:

2393 2716 2691 2784 Scriptum
2734 2714 3220 2786 explanatiouibus
3277 2715 3569 2768 utilitatem
3646 2714 3946 2782 percipere.

2391 2807 2544 2874 Quod
2582 2808 2744 2875 igitur
2794 2821 3136 2875 consequens
3189 2817 3306 2867 est,
3359 2807 3794 2861 circumcursare
3851 2821 3946 2874 per

2391 2901 2802 2961 monasterium,
2833 2907 2886 2952 et
2920 2895 3103 2952 acella
3141 2899 3195 2952 in
3228 2899 3420 2951 cellam
3449 2897 3710 2950 ventitare
3737 2896 3945 2964 incipit,

2387 2991 2727 3060 singulisque
2761 2989 2896 3043 dicit
2927 3007 2940 3044 :
2968 2989 3138 3044 Crede
3174 2989 3303 3043 mihi
3351 2989 3517 3041 frater
3543 3027 3557 3049 ,
3601 2989 3732 3040 adeo
3773 2999 3821 3040 te
3862 2987 3949 3038 di-

733 3087 960 3141 corporc
992 3074 1386 3142 capulaveriut,
1413 3076 1684 3129 labantur.
1737 3074 1805 3130 Ut
1851 3088 2027 3133 autem
2055 3093 2175 3146 qua:
2229 3078 2284 3131 in
2315 3085 2356 3141 C
2393 3083 2519 3151 ligo,
2554 3090 2612 3136 ut
2642 3095 2752 3150 quo
2781 3081 2868 3134 die
2895 3091 2946 3135 te
2972 3095 3079 3134 non
3109 3080 3361 3144 viderim,
3387 3080 3477 3131 illo
3505 3094 3588 3130 me
3619 3079 3819 3130 vixisse
3842 3093 3948 3130 non

731 3164 948 3240 occulto
989 3165 1054 3217 ab
1082 3165 1213 3234 ipsis
1251 3166 1403 3228 fiunt,
1431 3175 1660 3236 antqua:
1687 3167 1739 3220 in
1773 3168 2290 3224 absconditocordis

733 3259 1043 3318 volvuntur,
1098 3259 1517 3327 cogitauturque
1575 3257 1808 3328 fugiant,
1868 3275 2095 3327 prorsus
2155 3260 2289 3314 nilul

731 3344 885 3410 pensi
940 3345 1162 3406 habere,
1195 3355 1245 3398 et
1279 3347 1560 3409 arbitrari,
1597 3363 1655 3401 se
1681 3347 1798 3402 sine
1849 3349 1956 3403 alio
1986 3364 2148 3418 opere
2179 3352 2291 3404 sal-

733 3443 912 3485 vatum
947 3435 1010 3486 iri
1055 3437 1328 3502 (precum,
1378 3439 1638 3506 intelligo,
1691 3439 1921 3504 silentii,
1953 3441 2288 3509 vigiliarum,

729 3525 1099 3588 Continentize,
1132 3529 1471 3594 paupertatis
1507 3528 1754 3595 Spiritus,
1792 3528 2138 3599 humilitatis)
2166 3546 2286 3583 cum

730 3616 868 3676 solo,
936 3630 998 3666 ac
1042 3616 1278 3684 simplici
1308 3617 1370 3669 ad
1397 3632 1626 3684 synach
1651 3631 1904 3671 occursu.
1941 3618 2138 3672 Verum
2191 3620 2286 3674 ali-

729 3711 810 3756 ter
836 3719 922 3758 res
957 3705 1138 3759 habet.
1169 3706 1309 3760 Deus
1345 3708 1510 3771 enim,
1555 3707 1768 3772 fratres,
1814 3723 1920 3760 non
1973 3709 2038 3761 ad
2073 3709 2285 3773 faciem,

733 3810 831 3847 nec
858 3796 921 3846 ad
948 3796 1116 3849 solam
1145 3797 1467 3849 exteriorem
1503 3813 1711 3848 morum
1737 3799 2071 3861 modestiam,
2097 3800 2188 3853 sed
2221 3800 2287 3853 ad

732 3899 827 3938 cor
851 3888 1173 3949 eontritum,
1204 3896 1254 3940 et
1313 3888 1656 3940 humiliatum
1699 3897 1751 3941 et
1784 3889 2052 3956 quietum,
2088 3905 2149 3944 ac
2195 3889 2284 3944 Dei

727 3975 922 4029 timore
973 3975 1192 4042 plenum
1260 3978 1519 4044 respicit:
1555 3978 1724 4043 Super
1772 3994 1924 4047 quem
1985 3980 2284 4047 respiciant,

729 4066 924 4134 inquit,
953 4068 1055 4120 nisi
1105 4083 1258 4132 super
1297 4071 1492 4132 mitem,
1535 4078 1585 4120 et
1610 4069 1860 4137 quietura,
1893 4079 1940 4123 et
1986 4080 2285 4128 trementem

729 4173 989 4211 sermones
1015 4174 1151 4211 meos
1169 4160 1249 4212 "?

803 4248 940 4312 Quid
973 4261 1148 4302 autem
1197 4250 1263 4304 de
1320 4251 1385 4304 iis
1430 4252 1641 4321 loquar,
1679 4255 1789 4322 qui,
1831 4263 1976 4324 quod
2006 4254 2282 4324 indignum

725 4347 833 4404 est,
868 4339 932 4392 ad
960 4341 1280 4410 praepositos
1318 4357 1448 4397 suos
1507 4345 1729 4408 adeunt,
1793 4355 1956 4414 atque
2000 4359 2092 4400 eos
2142 4348 2283 4416 peti-

727 4433 930 4484 tiouctu
972 4430 1286 4499 deponunt?
1319 4431 1380 4482 Et
1429 4434 1740 4502 quicunque
1784 4403 2156 4488 tan-tummodd
2191 4452 2283 4488 ex-
2310 4403 2360 4462 Β

725 4524 911 4577 teriori
976 4525 1247 4594 religioni,
1310 4539 1372 4578 ac
1427 4527 1610 4594 pietati
1674 4527 1804 4580 dant
1860 4543 2116 4598 operam,
2188 4539 2281 4582 aut

725 4618 926 4683 potius,
952 4618 1042 4684 qui
1093 4627 1298 4670 tantum
1332 4619 1519 4676 lucris.
1555 4620 1758 4687 gloriae,
1806 4636 1867 4674 ac
1919 4623 2278 4690 praesentibus

726 4708 856 4760 solis
890 4707 1116 4760 inhiant.
1145 4709 1337 4759 Annon
1372 4724 1581 4770 smnus,
1607 4709 1874 4778 inquiunt,
1899 4712 2040 4778 digni
2071 4721 2122 4764 et
2155 4728 2274 4776 nos,

729 4799 1042 4851 honorande
1075 4799 1254 4863 Pater,
1288 4809 1345 4852 ut
1377 4811 1729 4864 monasterio,
1765 4812 1818 4854 et
1865 4802 2128 4857 fratribus
2181 4804 2278 4856 mi-

726 4890 1056 4944 tiislrcntus?
1099 4905 1227 4942 num
1256 4891 1404 4944 solus
1442 4892 1525 4946 hic
1555 4899 1608 4944 el
1652 4893 1739 4944 hic
1787 4893 1851 4944 ad
1916 4894 2272 4945 ministerium

726 4982 826 5033 lioc
855 4983 1081 5035 idoneus
1105 4989 1206 5042 est,
1232 4990 1282 5034 et
1307 4982 1394 5036 ille
1428 4984 1618 5036 melius
1640 4999 1801 5051 quam
1832 4999 1928 5038 nos
1956 5000 2038 5037 res
2061 5001 2270 5053 gerere,

723 5078 778 5123 et
812 5071 1182 5126 administrare
1218 5073 1408 5123 novit?
1467 5070 1573 5125 Fac
1607 5073 1925 5139 perieulum,
1973 5075 2020 5125 'si
2077 5076 2270 5142 placet,

721 5163 878 5214 etiam
922 5163 972 5214 in
1004 5164 1178 5227 nobis,
1214 5171 1264 5215 et
1297 5163 1560 5223 invenies.
1603 5179 1694 5229 per
1729 5179 1825 5217 nos
1860 5166 2078 5227 rectius,
2112 5181 2269 5233 quam

723 5265 816 5318 per
844 5251 964 5301 illos
997 5252 1217 5302 tractari
1254 5252 1464 5320 negotia
1500 5252 1835 5304 monasterii.

792 5340 892 5391 Alii
926 5354 1070 5400 vero,
1105 5356 1224 5392 cum
1262 5341 1457 5393 nudius
1493 5341 1681 5393 tertius
1709 5357 1736 5393 e
1792 5343 1990 5393 mundo
2033 5340 2268 5395 advene—

721 5429 849 5490 rint,
893 5445 1056 5496 srqtte
1088 5432 1154 5481 ab
1186 5432 1298 5498 ipsa
1347 5430 1747 5484 renuntiatioue
1785 5432 2066 5493 socordia},
2109 5434 2267 5500 igna-

722 5519 818 5570 via:
845 5519 1164 5583 dediderint,
1202 5521 1540 5590 eLpeccatis
1589 5531 1834 5576 scateant
1895 5523 2269 5578 innumerabi-
2333 5505 2337 5510 ’

823 5699 864 5729 ⁸⁷
898 5696 997 5748 lsa.
1047 5715 1185 5760 l.\\’l,
1218 5698 1269 5752 2.

2391 3182 2602 3242 putem.
2635 3172 2788 3237 Quod
2822 3171 2866 3226 si
2901 3173 3024 3240 quis
3043 3186 3109 3225 ex
3135 3171 3262 3233 illis,
3286 3171 3483 3239 quibus
3514 3171 3807 3222 adveniens
3834 3169 3949 3222 ha-c

2392 3265 2542 3323 dicit,
2572 3263 2739 3316 Deum
2775 3263 2948 3326 timet,
2983 3261 3066 3315 bis
3088 3261 3352 3315 ei‘verbis
3388 3259 3674 3328 respondet
3703 3275 3715 3310 :
3744 3257 3950 3310 Memor

2393 3354 2464 3408 sit
2496 3353 2636 3407 Deus
2665 3352 2950 3407 charitatis
2989 3361 3115 3415 tuae,
3151 3353 3334 3405 frater.
3367 3350 3504 3416 Quid
3555 3349 3697 3403 enim
3750 3349 3802 3402 in
3863 3363 3950 3401 me

2390 3449 2542 3502 vides
2572 3447 2911 3503 boni?.Tum
2951 3447 3062 3510 ille,
3084 3447 3209 3515 quid
3243 3453 3420 3499 autem
3463 3443 3586 3497 boni
3621 3452 3678 3496 tu
3712 3456 3813 3495 non
3855 3441 3950 3494 ha-

2393 3539 2530 3592 bes?
2562 3538 2685 3607 quis
2719 3547 2825 3591 tam
2861 3545 3198 3600 mansuetus,
3220 3536 3363 3604 pius,
3392 3535 3610 3602 sapiens
3635 3574 3650 3598 ,
3674 3532 3946 3592 eruditus,

2391 3626 2674 3690 candidus,
2705 3635 2758 3679 et
2792 3625 2934 3695 quod
2973 3625 3146 3695 majus
3174 3625 3453 3686 omnibus,
3487 3633 3710 3692 paterna
3750 3637 3947 3691 gerens

2389 3718 2619 3790 viscera,
2669 3729 2719 3771 ct
2754 3718 3024 3771 humanus
3087 3731 3214 3785 erga
3270 3714 3599 3768 universos?
3645 3713 3764 3767 Haec
3815 3715 3947 3768 dicit

2393 3823 2456 3863 eo
2495 3808 2618 3872 fine,
2662 3817 2718 3860 ut
2751 3808 2818 3862 de
2849 3807 2968 3875 ejus
3001 3808 3184 3877 patina
3227 3806 3390 3859 simul
3443 3806 3712 3858 comedat.
3771 3803 3948 3872 Spiri-

2390 3900 2552 3953 tualis
2591 3907 2768 3952 autem
2804 3898 2993 3960 frater,
3036 3897 3334 3951 secundum
3370 3897 3548 3949 datam
3583 3895 3682 3948 sibi
3714 3897 3944 3964 gratiam

2388 3990 2454 4042 de
2482 3988 2654 4042 salute
2679 3989 2873 4041 animae
2908 4003 3029 4041 cum
3059 3988 3158 4060 illo,
3185 3989 3294 4055 agit
3327 4026 3341 4051 ,
3382 3993 3436 4041 et
3476 3993 3736 4054 quantum
3789 3985 3842 4038 in
3891 4001 3946 4039 se

2387 4089 2492 4139 est.
2528 4080 2647 4149 ejus
2688 4079 3054 4134 laudationem
3095 4078 3351 4147 rejicieus
3377 4116 3392 4142 ,
3451 4077 3670 4129 fratrem
3699 4078 3942 4145 corrigit.

2389 4170 2542 4236 Quod
2573 4172 2614 4224 si
2650 4171 2776 4225 talis
2805 4173 3056 4224 inventus
3087 4185 3190 4222 non
3223 4168 3417 4233 fuerit,
3457 4167 3551 4221 sed
3582 4176 3795 4231 contra,
3822 4183 3943 4219 iar-

2388 4264 2551 4327 nalis,
2586 4261 2880 4327 instabilis,
2914 4259 3171 4314 laudibus
3209 4258 3426 4314 inflatur
3451 4300 3465 4324 ,
3502 4258 3810 4327 excipitque
3837 4295 3855 4321 ,
3891 4267 3943 4309 ct

2388 4352 2538 4418 quid,
2580 4366 2613 4404 ο
2659 4360 2846 4420 pater,
2877 4362 2930 4405 et
2971 4351 3138 4406 frater
3195 4351 3462 4405 cliaritatc
3527 4348 3745 4418 majus?
3796 4357 3941 4402 certe

2388 4443 2544 4496 nihil.
2569 4441 2765 4495 Beatus
2793 4441 2882 4509 qui
2913 4442 3049 4493 hanc
3072 4438 3329 4507 possidet,
3352 4447 3405 4490 et
3431 4438 3533 4490 alia
3560 4437 3800 4497 demum,
3820 4453 3940 4505 qua:

2388 4516 2724 4585 adulatorem
2759 4533 2995 4585 libenter
3023 4529 3234 4591 audire,
3261 4539 3313 4582 et
3344 4529 3409 4582 ad
3462 4528 3789 4581 laudandum
3821 4529 3940 4580 irri-

2390 4633 2508 4678 tare
2543 4627 2719 4676 novit.
2753 4621 2944 4676 Postea
2987 4622 3108 4674 talis
3149 4621 3283 4673 fictis
3329 4620 3578 4673 laudibus
3631 4622 3779 4673 velut
3847 4618 3938 4672 de-

2390 4716 2622 4778 mulsus,
2662 4729 2724 4768 ac
2759 4714 2976 4767 levitate
3007 4712 3201 4764 mentis
3237 4711 3495 4770 tumidus.
3529 4713 3573 4765 si
3619 4712 3770 4777 copia
3808 4724 3936 4775 sup.

2386 4808 2588 4874 peditat
2616 4819 2774 4866 ,mox
2820 4806 2964 4857 hunc
3011 4803 3381 4856 encomiasten
3437 4815 3593 4853 suum
3637 4815 3734 4852 nec
3786 4800 3934 4852 abire.

2382 4896 2650 4958 sinit,,sed
2688 4906 2742 4948 ut
2769 4910 2949 4948 secum
2999 4892 3240 4959 epuletur
3296 4899 3482 4958 rogat,
3511 4897 3562 4942 et
3611 4903 3732 4941 esca
3780 4889 3930 4942 illum

2378 4986 2673 5055 excipiens,
2704 4984 2893 5037 laudes
2924 4991 3178 5035 ventosas
3220 4978 3429 5046 recipit,
3463 4994 3581 5047 qua:
3613 4978 3664 5028 in
3725 4991 3929 5043 aerem,

2381 5076 2511 5130 fumi
2541 5077 2732 5138 instar,
2766 5055 3140 5142 dissipantur,
3187 5069 3570 5123 detrimentum
3625 5081 3753 5118 vero
3808 5066 3927 5132 ejus

2380 5169 2572 5220 anima:
2604 5181 2710 5218 non
2753 5165 3024 5218 mediocre
3064 5168 3377 5228 apportant.
3414 5157 3508 5210 Sin
3557 5155 3736 5208 minus
3769 5194 3783 5216 ,
3817 5154 3926 5204 Sal-

2378 5261 2484 5304 tem
2523 5261 2643 5320 post
2673 5251 2860 5320 longos
2884 5289 2898 5314 ,
2933 5261 2988 5304 et
3037 5249 3254 5302 inutiles
3280 5258 3557 5300 sermones
3589 5241 3664 5295 ait
3693 5241 3766 5292 illi
3806 5258 3818 5294 :
3851 5239 3928 5292 Ne

2377 5343 2506 5396 mihi
2535 5344 2664 5396 vitio
2692 5342 2812 5404 des,
2846 5343 3033 5405 frater,
3078 5339 3225 5392 novit
3260 5337 3373 5405 ipsa
3403 5334 3640 5388 charitas
3666 5371 3681 5394 ,
3712 5331 3842 5383 nihil
3879 5341 3929 5384 te

2375 5433 2594 5500 dignum
2630 5434 2824 5495 habeo,
2857 5433 2997 5499 quod
3024 5430 3118 5484 tibi
3170 5443 3460 5499 apponam.
3509 5422 3612 5478 Sed
3662 5421 3790 5490 quia
3840 5436 3926 5475 me

2379 5523 2648 5592 abiectum
2691 5523 2770 5578 sic
2792 5536 2962 5589 amas,
3001 5521 3263 5577 debemus
3288 5518 3342 5573 in
3376 5523 3650 5586 posterum
3676 5526 3893 5571 commu
