4128 6338
189 367 300 430 435

1542 370 1825 432 ORATIO
1853 372 2101 432 XXXII.

3312 375 3416 437 486

190 483 365 542 niter,
404 492 458 535 et
483 483 658 536 amice
696 482 781 536 his
814 482 1019 552 perfrui
1054 525 1068 550 ,
1100 500 1220 554 quae
1265 487 1408 540 Deus
1472 483 1527 539 in
1578 485 1756 540 cibum
1789 490 1832 546 Α
1862 486 2154 554 sequitur?
2185 485 2454 541 Ponamus
2490 492 2666 542 tamen
2701 503 2820 543 eum
2871 489 3148 545 abstinere
3202 490 3268 544 ab
3333 493 3420 545 lus

194 573 358 627 nobis
393 571 818 640 suppeditaverit
844 616 857 638 ,
902 583 954 629 et
995 591 1101 629 una
1131 577 1322 632 hetari.
1393 577 1529 631 Exin
1594 578 1759 646 igitur

193 673 430 732 uterque
460 663 649 716 borum
683 663 1029 719 coiiflictatur
1080 667 1446 722 sollicitudine
1477 676 1758 736 perpetua,

191 769 296 808 nec
332 753 590 808 desinunt
618 755 734 810 vias
765 772 1030 822 quterere,
1055 761 1194 813 unde
1232 760 1364 828 ipsis
1391 768 1764 827 queatsuppe-

194 855 336 909 tere,
368 861 477 914 quo
504 862 599 914 per
636 848 815 902 varios
846 864 909 903 ac
945 851 1143 905 multos
1169 851 1320 905 cibos
1374 866 1494 919 qua!
1547 853 1762 904 videtur

193 936 522 988 charitatem
558 937 964 991 constabiliant.
995 938 1082 992 Sic
1113 939 1200 990 ubi
1225 936 1759 1010 spceiedilectionis,

193 1027 306 1077 imo
344 1025 523 1092 potius
570 1024 759 1078 fraude
819 1041 941 1079 cum
993 1026 1251 1080 omnibus
1303 1042 1361 1081 se
1407 1026 1713 1081 devinxetit
1743 1065 1758 1089 ,

193 1130 346 1168 nunc
388 1116 604 1184 quidem
646 1132 762 1184 ipse
791 1118 954 1169 alimn
985 1158 999 1182 ,
1057 1133 1203 1171 nunc
1248 1134 1312 1171 ex
1365 1118 1483 1171 aliis
1531 1119 1759 1186 singulis

193 1207 377 1274 ipsum
414 1207 664 1259 invitant.
699 1207 878 1272 Quare
907 1224 1114 1272 mensa,
1147 1217 1200 1262 et
1241 1209 1484 1262 hilaritas
1521 1208 1572 1260 in
1627 1207 1760 1261 deli-

189 1298 310 1351 cias
352 1298 533 1366 pabuli
573 1313 741 1366 usque
773 1300 838 1352 ad
873 1301 1212 1354 saturitatem
1255 1300 1431 1370 ipsum
1486 1315 1592 1354 non
1625 1298 1761 1353 deti-2

189 1391 288 1452 cit,
318 1401 374 1443 et
405 1391 478 1443 ita
506 1404 707 1459 porcus
740 1389 817 1454 fit,
842 1391 1344 1460 constringiturque
1369 1391 1757 1458 voluptatibm,

191 1490 248 1537 et
275 1481 500 1535 assiduo
524 1491 760 1536 ventrem
784 1497 942 1538 suum
967 1483 1096 1536 colit
1124 1498 1138 1546 ;
1165 1498 1355 1536 vereor
1377 1497 1519 1535 cnnn
1554 1482 1758 1544 dicere,

189 1575 358 1628 etiam
392 1588 453 1625 ea
493 1588 613 1640 quae
647 1573 750 1626 sub
791 1585 979 1625 ventre
1011 1580 1156 1626 sunt.
1203 1571 1472 1639 Quocirca
1516 1573 1761 1629 studiose

191 1664 450 1718 omnibus
477 1663 735 1716 membris
775 1661 1054 1732 saginatus
1097 1663 1227 1730 (14),
1261 1661 1506 1731 quotidie
1536 1679 1757 1730 vestiera

189 1753 462 1814 veniente,
488 1761 608 1820 post
635 1751 867 1805 officium
909 1768 937 1805 a
967 1768 1119 1807 coena
1151 1752 1204 1804 in
1225 1753 1416 1805 cellam
1451 1767 1603 1805 suam
1638 1753 1758 1806 dzs-

190 1845 415 1906 cedens,
484 1843 684 1896 famulo
715 1843 893 1896 dicit:
939 1843 1020 1897 En
1061 1842 1286 1896 furcifer
1313 1883 1327 1907 ,
1369 1844 1458 1896 siti
1503 1845 1754 1906 crucior,

195 1935 294 1989 sed
324 1934 563 1988 calidum
594 1949 724 2003 para
764 1934 898 2005 (15),
925 1942 978 1987 et
1010 1935 1075 1987 da
1110 1935 1240 1988 milii
1271 1935 1475 1999 bibere,
1502 1937 1758 2003 sitimque

193 2027 553 2094 restinguere.
608 2025 700 2079 Ille
729 2065 742 2088 ,
795 2035 976 2094 utpote
1009 2027 1462 2080 consuetudinem
1509 2028 1716 2080 habens
1743 2067 1757 2090 ,
1786 2013 1788 2015 i

193 2116 380 2170 statim
419 2115 738 2180 benevolus,
767 2125 822 2168 et
856 2116 920 2168 ad
954 2116 1258 2170 faciendum
1318 2118 1759 2187 promptissimus

197 2207 452 2260 minister
481 2207 794 2268 invenitur,
850 2208 1048 2275 quippe
1096 2209 1188 2276 qui
1241 2217 1292 2262 et
1344 2209 1456 2276 ipse
1516 2224 1638 2262 cum
1695 2226 1758 2263 eo

196 2301 468 2366 epuletur.
503 2299 638 2351 Tum
667 2300 936 2361 meracius
965 2301 1146 2351 vinum
1184 2301 1362 2352 haurit
1387 2310 1439 2353 et
1466 2302 1755 2362 exsorbet,

196 2388 442 2442 tenebris
493 2404 614 2443 eum
665 2391 1085 2442 occultantibus.
1137 2391 1203 2444 Et
1255 2399 1538 2458 postquam
1591 2393 1759 2445 semel

193 2479 352 2540 bibit,
386 2495 606 2534 rursum
675 2481 740 2534 ad
806 2483 986 2534 cibum
1041 2483 1401 2551 appetendum
1449 2485 1756 2547 excitatur,

195 2568 590 2637 epularnmque
618 2572 883 2625 suavitate
913 2574 1068 2640 quasi
1097 2575 1232 2625 clam
1285 2574 1386 2627 sibi
1435 2585 1717 2641 surreptus
1742 2612 1757 2637 ,

201 2659 391 2714 satiari
434 2675 492 2714 se
524 2677 630 2714 non
661 2663 846 2725 sentit,
879 2675 1230 2732 ventremque
1273 2665 1520 2724 obesum.
1571 2673 1622 2718 et
1677 2666 1761 2718 in-

197 2754 563 2816 tractabilem,
604 2763 654 2806 et
685 2755 946 2821 appetitui
984 2756 1175 2806 animae
1210 2754 1585 2806 refractarinm
1636 2755 1761 2806 red-

197 2840 298 2894 dit.
336 2837 567 2906 Suhjicit
601 2839 649 2893 ei
687 2849 816 2891 tunc
872 2838 1131 2906 cogitatio
1166 2857 1177 2891 :
1212 2839 1432 2891 Dimitte
1473 2839 1758 2903 famulum,

204 2939 256 2982 et
288 2938 438 2982 stans
469 2941 757 2981 consuetas
801 2942 990 2995 preces
1037 2927 1222 2980 funde.
1273 2925 1582 2995 Respondet
1634 2929 1759 2981 huic

196 3020 300 3072 alia
352 3019 653 3088 cogitatio:
696 3020 762 3071 At
811 3019 1087 3087 quomodo
1157 3021 1481 3072 saburratns
1539 3021 1759 3074 stabis?

1861 592 1981 644 qua:
2020 577 2413 633 nominavimus
2445 619 2460 644 ,
2497 588 2550 632 et
2583 594 2758 647 neque
2811 582 2874 634 ad
2933 583 3070 635 alius
3111 581 3418 652 cujuspiam

1862 668 2051 720 cellam
2077 669 2245 732 adire,
2279 684 2454 736 neque
2491 671 2658 722 alium
2694 671 2760 723 ad
2789 671 2974 724 cellam
3005 674 3293 727 admittere
3319 688 3419 728 nec

1860 755 2217 812 diﬂarciendo
2245 760 2436 824 ventri,
2461 770 2554 814 aut
2586 763 2871 829 potationi,
2929 770 3020 814 aut
3054 765 3248 819 otiosis
3299 780 3415 818 ser-

1861 850 2113 903 monibus
2143 865 2358 915 vaearc,
2394 853 2485 905 sed
2540 853 2729 906 clauso
2753 854 2898 906 osﬁo
2950 852 3003 905 in
3057 854 3190 907 cella
3237 856 3414 909 solum

1863 941 2076 1009 penitus
2112 957 2350 999 manere.
2396 943 2521 1010 quid
2559 944 2662 998 hoc
2693 945 2738 998 ei
2773 945 3012 1013 prodest,
3043 945 3086 997 si
3114 947 3416 1013 spiritualis

1859 1033 2006 1082 actio
2038 1045 2161 1082 cum
2196 1031 2550 1098 intelligentia
2583 1032 2723 1085 desit
2745 1071 2759 1094 ,
2792 1032 2976 1085 sedeat
3019 1040 3199 1084 autem
3239 1033 3418 1098 legens

1858 1122 2134 1189 quippiam
2169 1122 2233 1173 ad
2264 1122 2690 1190 depromendum
2743 1122 2941 1190 aliquid
2979 1132 3221 1189 tempore
3253 1135 3420 1188 syna-

1859 1227 2011 1273 Xeos,
2050 1220 2143 1265 aut
2173 1211 2335 1265 etiam
2371 1214 2424 1264 in
2467 1214 2727 1274 adventu,
2759 1227 2849 1264 seu
2888 1214 3170 1279 praesrntia
3214 1212 3422 1264 amicit-

1860 1317 2002 1363 rum,
2041 1310 2096 1352 ιιι
2129 1302 2306 1355 sciens
2341 1317 2402 1355 ac
2435 1305 2642 1370 peritus
2691 1301 2986 1354 videitur?
3022 1302 3124 1354 Sed
3185 1302 3373 1356 demus
3403 1341 3418 1365 ,

1858 1404 1980 1444 etmt
2019 1407 2127 1444 non
2166 1392 2266 1445 hoc
2301 1394 2404 1445 fine
2433 1405 2483 1446 ct
2518 1409 2706 1460 scopo,
2748 1393 2841 1446 scd
2901 1393 3148 1444 utilitatis
3205 1394 3373 1460 gratia
3401 1433 3417 1457 ,

1859 1493 1910 1536 et
1941 1494 1998 1536 ιιι
2032 1486 2255 1537 verbum
2303 1484 2393 1537 Dei
2423 1485 2606 1536 audiat
2630 1486 2841 1538 divinas
2865 1483 3175 1552 Scripturas
3198 1484 3372 1552 legere
3399 1502 3413 1536 :

1859 1573 2054 1626 deinde
2085 1590 2330 1643 surgere,
2363 1584 2416 1628 et
2446 1574 2510 1626 ad
2545 1574 2809 1628 orandum
2843 1584 2988 1628 stare
3009 1617 3022 1638 ,
3058 1575 3276 1643 sintque
3297 1575 3419 1642 ejus

1860 1664 2036 1716 oratio
2074 1665 2265 1731 psalmi
2299 1665 2427 1730 duo,
2479 1673 2591 1719 tres
2622 1665 2830 1728 decem,
2864 1674 3120 1730 centum,
3153 1666 3421 1719 adoratio-

1861 1773 1956 1810 nes
1983 1757 2234 1810 similiter
2271 1772 2392 1808 eum
2427 1770 2683 1822 peragere
2717 1771 2879 1823 quam
2910 1759 3106 1810 multas
3133 1762 3235 1810 vis.
3265 1757 3418 1809 Post-

1855 1846 2077 1899 modum
2094 1848 2172 1899 sic
2191 1846 2420 1913 expletis
2439 1847 2712 1909 omnibus,
2741 1847 2958 1899 mandat
2977 1862 3176 1915 cerpus
3204 1863 3418 1913 somno,

1861 1939 1997 1991 nihil
2030 1940 2283 2005 amplius.
2316 1937 2448 2002 Quis
2488 1939 2651 2004 igitur
2679 1939 2726 1990 ei
2771 1939 3002 2000 fructus,
3024 1940 3418 2003 obsecro,dum

1862 2025 2028 2089 istud,
2059 2035 2112 2079 et
2143 2027 2317 2078 solum
2355 2027 2485 2092 agit,
2523 2041 2622 2078 nec
2657 2025 2873 2078 fructus
2898 2042 3146 2094 precum,
3175 2029 3444 2093 lectionis,

1861 2130 1956 2186 per
1996 2116 2329 2181 pmnitcntia:
2369 2116 2636 2183 lacrymas
2692 2117 2745 2169 in
2800 2117 2922 2181 ejus
2979 2116 3163 2168 anima
3210 2116 3422 2170 cillere-

1860 2207 1962 2258 scit
1989 2206 2010 2256 ’ἰ
2037 2206 2127 2273 qui
2161 2205 2378 2272 quidem
2412 2205 2627 2258 fructus
2671 2213 2755 2256 est
2809 2206 3275 2271 perturbationum
3328 2222 3422 2257 va-

1860 2295 2057 2353 ciiitas,
2100 2291 2423 2344 humilitatis
2469 2298 2520 2343 et
2563 2291 2993 2344 mansuetudinis
3046 2291 3322 2355 acet-ssio,
3368 2300 3421 2342 et

1860 2385 2100 2450 cognitio
2132 2398 2254 2436 cum
2293 2382 2578 2448 sapientia.
2613 2381 2852 2446 Quilibet
2894 2383 3037 2434 enim
3063 2421 3076 2443 .
3113 2383 3202 2449 qui
3232 2397 3297 2435 ex
3331 2395 3423 2434 co—

1861 2476 2102 2544 gnitione
2127 2474 2396 2540 spirituali
2433 2488 2569 2540 opus
2603 2473 2979 2526 mandatorum
3014 2473 3108 2526 Dei
3147 2472 3294 2538 facit,
3325 2489 3422 2541 pro

1859 2569 2108 2636 portione
2143 2565 2430 2618 laboriosa:
2466 2565 2694 2618 actionis
2721 2581 2834 2618 su:e
2863 2606 2877 2628 ,
2918 2581 3036 2634 qua:
3075 2565 3217 2617 dicta
3253 2577 3419 2627 sunt,

1858 2658 2113 2725 acquirit.
2147 2656 2198 2709 Si
2237 2665 2413 2710 autem
2447 2657 2698 2710 laborare
2723 2672 2780 2710 se
2809 2657 3139 2710 existimanti
3171 2696 3186 2719 ,
3222 2666 3272 2708 et
3304 2673 3422 2722 ope-

1861 2749 2000 2802 ranti
2036 2734 2141 2800 non
2172 2748 2587 2813 eflloreantquze
2624 2747 2764 2798 dicta
2807 2758 2951 2805 sunt,
2979 2761 3082 2796 non
3116 2755 3193 2798 est
3225 2761 3422 2798 secun-

1861 2842 1987 2894 dum
2014 2842 2178 2891 lletttn
2198 2839 2314 2906 ejus
2332 2840 2496 2899 actio,
2514 2838 2606 2892 scd
2629 2837 3080 2890 lantttmmodoad
3104 2837 3419 2904 placendum

1862 2933 2198 2991 hominibus,
2242 2940 2292 2983 et
2333 2930 2526 2980 merito
2569 2929 2791 2980 meliora
2819 2942 2924 2979 non
2959 2927 3287 2992 assequitur.
3315 2923 3421 2989 Qui

1860 3019 2022 3088 igitur
2050 3019 2114 3069 de
2145 3018 2247 3076 his,
2281 3016 2346 3068 de
2375 3015 2575 3081 quibus
2604 3013 2770 3064 locuti
2807 3027 3020 3072 sumus,
3057 3021 3312 3080 perpetuo
3337 3022 3422 3062 ta-

198 3109 375 3162 dormi
410 3109 774 3175 aliquantum,
801 3115 855 3158 et
883 3116 1131 3159 naturam
1187 3108 1252 3160 ad
1304 3114 1744 3174 coneoquemlum
1775 3139 1820 3200 c
1863 3109 1964 3161 lem
2003 3109 2162 3161 vitam
2201 3108 2353 3164 vivit.
2393 3104 2590 3173 poterit
2621 3119 2686 3158 ne
2713 3102 3027 3168 aliquando,
3057 3101 3194 3155 sicut
3227 3104 3290 3152 ab
3319 3101 3421 3152 iiii-

195 3199 339 3267 quod
369 3196 675 3254 contedisti.
714 3196 930 3264 adjttva,
977 3205 1030 3248 et
1089 3205 1215 3250 ante
1267 3199 1494 3263 synaxin
1551 3215 1752 3268 surge,

196 3299 308 3342 tum
348 3288 550 3340 habens
599 3301 796 3353 corpus
827 3286 1038 3347 levius,
1093 3288 1379 3339 commode
1433 3290 1758 3354 precabor-is.

198 3379 366 3433 Audit
401 3378 806 3446 cogitationem,
841 3391 903 3431 ac
931 3378 1256 3431 recumbens
1287 3379 1507 3440 dormit,
1541 3394 1759 3435 somno-

196 3485 300 3538 que
338 3470 545 3523 solutus
582 3485 686 3522 non
719 3469 890 3538 surgit
917 3469 1075 3530 :Sed,
1099 3469 1370 3532 nondum,
1399 3470 1595 3538 inquit,
1621 3482 1759 3525 tem-

196 3576 300 3629 pus
337 3569 440 3618 est.
471 3559 737 3611 dormiam
777 3560 957 3610 adhuc
991 3573 1158 3610 unum
1187 3557 1520 3616 somnulum.
1542 3559 1631 3613 Sic
1657 3573 1762 3613 tar-

196 3652 412 3704 dantem
447 3651 713 3702 matutina
751 3652 972 3719 synaxis
1008 3650 1302 3702 antevertit
1374 3648 1503 3702 lude
1531 3665 1762 3704 consur-

194 3757 326 3811 gens
354 3741 419 3793 ad
446 3739 687 3809 Synaxin
723 3739 956 3801 accedit,
988 3741 1381 3793 conscientiam
1424 3743 1764 3810 negligentia:

199 3830 527 3897 desidiazque
546 3843 656 3882 suae
674 3831 1058 3890 accusatricem
1079 3831 1335 3884 sentiens.
1362 3831 1434 3886 Ut
1459 3848 1587 3900 ergo
1612 3833 1762 3900 prius

199 3921 457 3982 diximus,
489 3929 633 3974 tenet
666 3919 810 3972 hunc
841 3933 1068 3983 morem,
1090 3928 1148 3971 nt
1171 3921 1419 3974 crebrius
1439 3922 1761 3985 amicorum,

199 4016 254 4063 et
283 4011 574 4062 cbarorum
610 4006 830 4059 Patrum
859 4008 1024 4062 cellas
1061 4009 1222 4062 obeat
1254 4050 1268 4072 ,
1326 4011 1500 4065 donec
1549 4011 1763 4065 tandem

201 4099 407 4162 sedeat,
439 4113 544 4152 una
578 4106 780 4163 ccenet,
810 4099 982 4162 bibat,
1013 4100 1396 4154 confabuletur
1424 4142 1438 4166 ,
1484 4110 1538 4155 et
1590 4104 1661 4155 ita
1709 4103 1786 4163 ιιι,

201 4190 392 4244 cellam
428 4205 734 4257 regressus,
765 4205 872 4243 non
905 4191 1081 4244 solum
1119 4193 1185 4244 ad
1231 4192 1594 4261 precationem
1644 4209 1768 4248 ves-

199 4279 492 4349 pertinam,
530 4280 624 4333 sed
668 4280 831 4332 etiam
886 4281 953 4334 ad
1002 4280 1243 4351 Synaxin
1290 4284 1607 4336 matutinam
1655 4283 1766 4338 ine-

202 4379 326 4439 ptus
359 4371 415 4423 fit
446 4413 460 4435 ,
515 4371 648 4424 nihil
680 4372 902 4424 omnino
934 4371 1216 4438 spirituale
1244 4382 1338 4427 aut
1367 4373 1605 4442 cogitare
1625 4413 1642 4438 ,
1671 4385 1763 4429 aut

1864 3201 1938 3252 tio
1980 3197 2402 3252 renuntiationis
2426 3211 2567 3258 sum,
2601 3196 2838 3261 scipsum
2891 3201 3060 3245 totum
3117 3192 3181 3244 ad
3240 3194 3421 3247 omnia

1864 3290 2162 3344 secundum
2206 3287 2375 3339 Deum
2411 3285 2633 3337 molesta
2677 3283 3030 3345 sustinenda,
3075 3297 3135 3335 ac
3171 3281 3421 3350 puiienda

1864 3393 2160 3446 exponens,
2199 3386 2253 3430 ut
2299 3391 2461 3442 supra
2490 3375 2744 3435 diximus,
2781 3376 3049 3442 lacrymas
3077 3412 3091 3433 ,
3130 3382 3221 3425 aut
3271 3387 3424 3427 com-

1862 3468 2210 3537 punctionem
2252 3464 2476 3531 adipisci
2516 3481 2528 3516 :
2561 3471 2655 3514 aut
2687 3478 2807 3532 quae
2838 3477 2864 3513 a
2897 3462 3098 3514 mundo
3132 3462 3208 3514 illi
3241 3463 3421 3514 adlue-

1865 3566 1986 3612 rent
2019 3558 2167 3617 vitia,
2201 3565 2252 3608 et
2288 3554 2714 3621 improbitatem,
2746 3560 2799 3605 et
2825 3553 3081 3605 duritiam
3111 3552 3292 3606 cordis
3322 3553 3421 3606 ah-

1863 3651 2072 3720 jicere,
2128 3647 2604 3713 humilitatemque
2698 3644 3020 3712 possidere?
3086 3645 3419 3711 neutiquam.

1867 3741 2091 3794 Seducit
2123 3739 2362 3802 scipsum
2389 3739 2698 3802 quicunque
2730 3738 2808 3787 sic
2838 3743 3010 3802 putat,
3038 3744 3130 3787 aut
3154 3735 3254 3788 sibi
3282 3736 3420 3787 hanc

1864 3831 2034 3899 legem
2070 3827 2195 3880 fert.
2215 3825 2683 3891 Quemadmodum
2705 3825 2846 3876 enim
2887 3839 2990 3876 non
3019 3835 3195 3892 potest
3221 3826 3420 3877 ferrum

1866 3936 1972 3975 non
2007 3919 2233 3983 ignitum
2264 3931 2417 3982 teque
2455 3922 2510 3966 ιιι
2541 3913 2766 3981 ignitum
2803 3914 3184 3982 resplendere,
3214 3925 3304 3968 aut
3352 3915 3419 3969 ad

1866 4010 2148 4064 mollitiem
2188 4007 2293 4059 alia
2320 4007 2556 4076 quadam
2589 4007 2842 4059 machina
2894 4006 3103 4074 redigi,
3148 4015 3202 4060 et
3257 4005 3422 4060 fabri-

1865 4102 1997 4161 cari,
2034 4109 2088 4153 et
2121 4101 2172 4152 in
2203 4099 2627 4152 instrumentum
2663 4097 2785 4150 usui
2816 4100 3279 4150 accommodatum
3311 4099 3423 4148 for.

1867 4189 2002 4244 mari
2038 4206 2053 4242 :
2088 4188 2166 4242 sic
2199 4203 2378 4257 neque
2408 4187 2764 4255 negligentem
2796 4200 2859 4239 ac
2877 4185 3141 4247 desidem,
3173 4195 3220 4238 et
3255 4189 3416 4239 vitam

1867 4282 1940 4336 ita
1968 4281 2184 4345 noxiam
2214 4279 2516 4347 degentem,
2559 4286 2617 4330 ut
2651 4277 2936 4330 docuimus
2964 4317 2979 4338 ,
3031 4277 3284 4344 possibi'e
3338 4285 3422 4330 cst

1866 4377 1936 4438 ei,
1961 4372 2052 4442 qui
2080 4387 2108 4424 a
2140 4370 2405 4440 principio
2429 4385 2493 4422 ex
2524 4369 2862 4435 subiectione
2905 4383 3028 4437 erga
3079 4366 3266 4419 Patres
3295 4368 3376 4434 spi
3397 4396 3421 4406 -

201 4461 381 4516 lacere
409 4463 572 4530 potis.
618 4461 762 4527 Quin
795 4464 956 4516 etiam
991 4465 1043 4516 in
1080 4464 1214 4518 cella
1254 4480 1350 4519 sua
1377 4505 1392 4528 ,
1424 4465 1468 4519 si
1497 4467 1637 4521 alius
1671 4481 1759 4519 ac-
1792 4461 1837 4518 D
1865 4464 2088 4518 rituales
2121 4461 2398 4530 prteclaris
2428 4461 2591 4514 veluti
2644 4459 2834 4513 formis
2896 4459 3198 4526 impressus
3259 4470 3420 4524 atque

199 4553 449 4617 cesserit,
477 4554 803 4607 similiteriu
853 4563 1067 4608 noctem
1105 4556 1490 4610 fabulationem
1542 4567 1758 4626 protra—

202 4643 300 4706 hit,
338 4653 394 4700 et
429 4646 720 4714 aliquando
753 4646 915 4699 vitam
954 4647 1182 4700 aliorum
1213 4649 1426 4716 carpit,
1463 4665 1527 4702 ac
1557 4650 1758 4720 dijudi-

205 4748 310 4802 cat,
343 4747 508 4805 atque
542 4737 598 4790 in
626 4737 718 4790 tali
750 4746 894 4791 statu
923 4745 1134 4790 aetatem
1177 4753 1393 4793 onmem
1427 4750 1754 4808 perseverat,

205 4839 328 4882 ante
360 4839 573 4896 tempus
604 4830 886 4891 ebrietate,
923 4829 1142 4895 crapula
1166 4868 1181 4894 ,
1213 4829 1457 4901 indignis
1489 4832 1756 4887 sollicitu-

200 4917 423 4972 dinibus
456 4932 580 4971 sese
609 4919 729 4972 iens
760 4917 1058 4987 perditum.

267 5005 468 5062 Verum
504 5023 603 5060 cur
636 5024 734 5076 ego
760 5010 871 5062 haec
903 5010 1084 5062 omnia
1110 5009 1384 5065 disserui?
1436 5021 1494 5065 ut
1538 5026 1631 5066 vos
1658 5011 1756 5065 do-

203 5110 399 5162 cerem,
437 5097 662 5160 fratres,
697 5100 786 5166 qui
831 5101 988 5152 talem
1026 5101 1187 5152 vitam
1225 5102 1416 5165 ducit,
1456 5116 1559 5154 non
1597 5116 1756 5167 posse

205 5201 528 5254 nnquamex
583 5189 754 5241 oculis
794 5190 1086 5259 lacrymam
1141 5191 1412 5245 emittere.
1463 5191 1562 5256 Qui
1611 5195 1753 5245 enim

205 5277 434 5339 emittat,
471 5277 561 5344 qui
591 5291 805 5347 semper
843 5281 1017 5333 ventri
1049 5297 1150 5334 suo
1185 5282 1371 5344 servit,
1413 5289 1466 5334 et
1497 5283 1549 5333 in
1582 5284 1754 5345 diem,

207 5366 342 5419 sicut
376 5365 602 5432 ethnici,
629 5369 758 5435 quid
804 5387 1022 5434 esurus,
1059 5379 1150 5425 aut
1182 5372 1450 5425 bibiturus
1477 5371 1568 5432 sit,
1601 5374 1757 5426 solli-

207 5456 341 5510 cims
377 5466 462 5511 est
490 5495 506 5521 ,
537 5467 590 5512 et
623 5459 758 5527 gula:
791 5463 1048 5531 voluptati
1103 5473 1360 5534 tanquam
1399 5464 1630 5518 domin-.e
1661 5464 1759 5517 ob.

274 5657 382 5722 (I-i)
420 5657 513 5709 Ἐκ
545 5658 652 5709 τῶν
683 5659 924 5726 ὀργά-κων
961 5660 1406 5726 γαττριξὸικειος.

278 5727 383 5788 iiii}
441 5727 586 5780 Λ).λά
618 5729 818 5794 θερμὸν
847 5730 1184 5795 εὑτρεπέςπς·
1225 5731 1358 5784 Nam
1413 5730 1619 5785 calidus
1662 5744 1754 5794 p0-

1865 4556 2217 4624 consignatus
2247 4559 2352 4614 est,
2387 4561 2441 4606 et
2475 4551 2638 4605 vitam
2678 4550 2969 4604 virtutibus
2999 4557 3245 4603 ornatam
3284 4562 3418 4600 eoi-

1867 4655 2089 4701 secutus
2144 4660 2327 4713 parem
2367 4659 2505 4707 esse,
2542 4642 2842 4710 iisdemque
2867 4641 3022 4694 d0nis
3049 4679 3064 4708 ,
3114 4652 3163 4694 et
3213 4641 3420 4696 cli-iris-

1868 4738 2029 4791 matis
2056 4736 2289 4804 Spiritus
2327 4735 2452 4787 frui.
2491 4732 2595 4786 Nec
2631 4733 2850 4800 injuria.
2892 4730 2992 4796 Qui
3028 4734 3171 4784 enim
3206 4742 3288 4785 est
3318 4732 3418 4785 hu-

1866 4829 2012 4882 milis
2047 4827 2230 4888 corde,
2255 4825 2719 4895 cogitationesque
2745 4824 3068 4887 submissas,
3092 4830 3144 4875 et
3174 4821 3412 4874 animum

1867 4920 2159 4975 contritum
2189 4917 2360 4986 gerit,
2408 4924 2462 4971 et
2503 4915 2702 4979 divinis
2759 4913 3054 4981 Scripturis
3107 4913 3413 4967 Studiosius

1867 5025 2057 5082 parere
2079 5011 2340 5074 decrevit,
2373 5016 2427 5061 et
2450 5008 2697 5075 quamvis
2721 5005 3128 5057 tribulationem
3153 5008 3412 5062 sustinet,

1867 5119 2037 5173 genus
2071 5116 2230 5154 omne
2272 5099 2626 5153 tentationum
2668 5095 2886 5164 perfert,
2922 5096 3140 5161 insuper
3163 5093 3416 5147 omnibus

1867 5192 2255 5261 abjcctioribus
2269 5205 2325 5243 se
2353 5196 2698 5247 annumerat,
2725 5189 2969 5239 actiones
2993 5183 3242 5236 videlicet
3264 5198 3413 5247 suas,

1865 5292 1918 5337 et
1949 5291 2166 5351 peccata
2201 5287 2459 5349 reputans
2486 5319 2501 5342 ,
2542 5285 2595 5331 et
2623 5276 2863 5344 quotidie
2916 5273 3264 5341 semetipsum
3323 5288 3413 5324 rc-

1862 5370 2202 5442 prehendens
2231 5405 2247 5430 ,
2295 5375 2457 5434 atque
2515 5373 2573 5418 nt
2625 5372 2962 5433 peccatorcm
3008 5360 3362 5414 considerans
3394 5397 3414 5422 ,

1863 5462 2012 5516 brevi
2069 5470 2332 5528 tempore,
2361 5458 2451 5512 Dei
2477 5455 2697 5522 adjutus
2731 5455 2924 5524 gratia,
2961 5451 3191 5521 proficit,
3220 5465 3414 5519 quam-

1864 5666 1948 5710 tus
2008 5657 2133 5708 olim
2172 5655 2224 5706 in
2280 5653 2490 5707 deliciis
2552 5652 2885 5715 habebatur,
2925 5651 2989 5704 de
3038 5662 3143 5718 quo
3199 5645 3414 5716 Lipsius

1861 5728 1953 5780 lib.
2014 5742 2048 5779 ιι
2103 5727 2275 5779 Ἐιυιι.
2318 5738 2439 5791 cap.
2472 5725 2524 5776 4.
